3998 6506
556 373 716 433 xxxiv

1869 346 2403 417 PROLEGUMENA.

555 495 799 567 possint:
828 502 992 562 atque
1013 490 1142 545 item
1161 486 1421 558 contingit
1444 468 1779 557 plerumque,
1798 480 2113 550 utejusdcm
2143 487 2188 539 Α
2217 480 2503 541 πόςτατον,
2542 478 2593 532 id
2623 488 2706 533 est
2734 520 2749 544 ,
2806 479 2924 534 sine
2948 478 3251 551 hypostasi,
3291 489 3346 534 et
3374 480 3639 551 Spiritum
3670 497 3803 540 san-

552 596 713 642 sectte
749 583 996 639 homines
1026 581 1114 636 alii
1135 580 1282 635 aliud
1314 578 1722 647 apprehendant
1747 613 1763 639 ,
1819 582 1879 628 et
1908 572 2120 626 diversa

553 677 851 746 proferant.
877 674 1141 729 Caeterum
1175 672 1495 727 Ptolemmus
1524 665 1795 722 Valentini
1827 662 2123 733 discipulus

554 768 689 823 dixit
722 766 866 838 (pag.
892 764 1041 836 482),
1075 781 1198 818 cum
1222 764 1489 833 ἀγενήτῳζ
1520 761 1635 813 sive
1673 772 1797 812 cum
1833 756 1963 816 Deo,
2016 754 2124 807 dno

554 858 841 927 conjuncta
874 872 1018 921 esse,
1060 856 1315 911 nimirum
1345 851 1730 923 cogitationem
1777 857 1832 901 et
1874 846 2123 900 volunta-

556 957 663 1003 tem
692 965 705 1000 :
741 961 806 999 ac
828 946 1060 1015 primum
1084 948 1373 1016 cogitasse,
1392 943 1584 999 deinde
1607 941 1858 1004 voluisse,
1883 952 1981 993 nec
2003 932 2123 1006 Quae

553 1035 816 1105 cogitaret
838 1037 1077 1105 potuisse
1107 1036 1371 1105 proferre,
1410 1033 1515 1087 nisi
1550 1041 1836 1101 postquam
1871 1027 2121 1081 volunta-

556 1123 626 1178 tis
648 1125 820 1179 virtus
858 1134 1186 1178 accesserat.
1212 1124 1349 1177 Hinc
1377 1137 1528 1185 sane,
1572 1118 1920 1188 subsequitur
1957 1117 2123 1171 Atha-

554 1216 757 1277 nasius,
784 1216 1083 1269 doctrinam
1113 1231 1265 1268 suam
1296 1212 1521 1269 mutuati
1554 1211 1763 1274 Ariani,
1794 1207 2121 1263 voluntatem

552 1314 610 1359 et
640 1306 925 1361 arbitrium
972 1305 1147 1361 Verbo
1186 1306 1380 1375 prurire
1410 1305 1616 1358 volunt.
1643 1301 1777 1356 Nam
1803 1302 1966 1371 impie
1993 1316 2123 1357 cen-

553 1396 745 1449 sebant
775 1396 988 1464 Ariani,
1022 1397 1298 1451 voluntate
1328 1402 1381 1449 et
1441 1392 1671 1450 consilio
1723 1392 1938 1446 Patrem
1967 1405 2124 1446 crea-

559 1486 696 1542 risse
727 1487 962 1543 Verbum
992 1503 1170 1543 suum.

623 1576 677 1631 8.
716 1577 955 1633 Marcion
1016 1578 1408 1645 ruonarcbiam,
1454 1577 1505 1631 id
1544 1578 1631 1633 est
1677 1578 1938 1633 unitatem
1973 1574 2123 1646 prin-'-

552 1670 679 1740 cipii
738 1670 790 1724 in
838 1669 967 1735 Deo,
1016 1671 1067 1724 in
1119 1671 1217 1724 tria
1251 1668 1514 1738 principia
1556 1670 1799 1732 secabat,
1828 1685 1932 1739 qua
1973 1668 2028 1723 in
2064 1682 2122 1721 re

552 1776 675 1814 cum
712 1761 928 1814 Arianis
970 1770 1022 1815 et
1068 1760 1574 1830 pneumatomachis
1616 1761 1929 1817 consentire
1969 1759 2119 1813 vide-

555 1862 659 1905 tur.
699 1851 748 1906 ls
770 1850 936 1907 Vetus
967 1851 1371 1906 Testamentum
1403 1852 1665 1923 negabat;
1728 1864 1782 1907 et
1816 1868 1938 1907 cum
2001 1851 2120 1909 aliis

552 1944 801 2012 superius
844 1945 1159 1999 memoratis
1210 1945 1483 1998 hatrelicis
1540 1942 1846 1997 afﬁrmabat
1900 1944 2123 2012 angelos

552 2049 769 2089 creasse
800 2036 1081 2090 mundum.
1108 2036 1252 2090 Dixit
1276 2035 1459 2099 etiam,
1493 2035 1765 2090 Christum
1790 2050 1894 2090 non
1941 2050 2124 2091 verum

550 2140 770 2194 corpus,
799 2127 894 2181 sed
921 2126 1335 2185 similitudinem
1387 2126 1632 2193 carparis
1661 2135 1903 2193 gestasse
1928 2164 1943 2187 ,
1980 2126 2124 2189 quod

554 2214 803 2269 fuititem
835 2214 1243 2271 Dimtnritarum
1298 2223 1663 2269 commentum
1699 2216 1792 2282 (p.
1827 2211 1951 2277 182,
1994 2207 2124 2277 2l5,

550 2305 677 2369 386,
700 2305 847 2377 ut).

619 2397 674 2451 9.
710 2397 982 2468 Phrygum
1011 2412 1105 2452 seu
1135 2388 1592 2451 bloritanistarum
1623 2396 1947 2451 sententiam
1978 2396 2122 2451 hanc

552 2487 630 2543 ait
660 2503 783 2542 esse
809 2489 888 2558 (p.
911 2488 1061 2555 475),
1086 2488 1381 2558 prophetas
1401 2497 1457 2542 et
1487 2488 1623 2542 alios
1646 2486 1793 2543 verbi
1820 2487 2124 2550 ministros,

551 2592 675 2631 cum
703 2594 765 2631 ea
788 2594 908 2648 qua:
962 2588 1149 2648 agunt,
1182 2588 1293 2633 tum
1329 2594 1390 2634 ea
1438 2594 1559 2649 qua:
1609 2579 1938 2634 annuntiaut
1968 2578 2125 2646 igno-

552 2682 694 2723 rare.

624 2760 715 2813 10.
744 2758 1078 2817 Maniclimos
1130 2762 1433 2831 saepissime
1465 2770 1853 2817 eammemorat
1886 2761 2127 2816 Athana-

549 2851 683 2916 sius,
716 2851 1058 2922 batresinque
1101 2854 1338 2917 illorum,
1375 2863 1433 2908 ut
1459 2855 1771 2909 dicebamus
1796 2895 1811 2918 ,
1866 2855 2123 2924 peculiari

549 2943 783 3011 quodam
807 2954 969 3012 opere
1005 2946 1333 3003 confutavit.
1382 2945 1417 2999 Ii
1443 2948 1549 2999 duo
1596 2946 1859 3016 principia
1897 2947 2125 3002 induce-

550 3034 698 3098 bant,
730 3035 942 3105 duoque
967 3036 1258 3108 ἀγέννητα,
1289 3053 1454 3092 unum
1496 3040 1717 3102 bonum,
1752 3038 1987 3093 alterum
2015 3055 2125 3094 ma-

2226 577 2368 623 ctum
2399 569 2767 639 ἀνύπαρκτον,
2789 570 2997 624 scilicet
3031 572 3147 625 sine
3180 571 3520 627 exsisleutia.

2294 662 2382 715 12.
2422 660 2621 715 Paulus
2644 660 3031 715 Samosatcnus
3072 662 3371 716 doctrinam
3425 673 3670 717 sectatus
3717 677 3802 720 est

2223 754 2458 807 Artemm
2500 750 2803 819 eujusdam,
2847 748 3173 804 allirmantis
3203 751 3478 807 Christum
3510 769 3632 808 esse
3681 771 3799 808 me-

2224 839 2342 897 rum
2379 842 2672 897 hominem.
2702 842 2745 893 A
2779 855 2885 909 quo
2921 841 3164 907 Artema,
3208 842 3320 897 sive
3366 846 3692 907 Artemone,
3725 847 3802 898 ait

2222 936 2551 992 Athanasius
2579 935 2655 1007 (p.
2675 932 2804 1004 586)
2832 934 3006 1004 posita
3025 933 3190 989 fuisse
3206 934 3553 990 fundamenta
3581 938 3803 991 Ariame
3888 936 3897 943 ’

2223 1025 2507 1083 haereseos.
2550 1026 2748 1081 Paulus
2781 1036 2961 1079 autem
2998 1026 3386 1082 Samosateuus
3408 1028 3610 1094 aiebat,
3637 1029 3799 1083 Chri-

2222 1128 2364 1174 stum
2396 1132 2502 1173 non
2535 1116 2703 1173 fuisse
2732 1126 3021 1187 antequam
3050 1116 3220 1181 ﬂeret,
3267 1114 3321 1171 et
3348 1120 3621 1173 hominem
3676 1127 3801 1173 tau-

2224 1218 2334 1264 tum
2362 1225 2483 1265 esse
2507 1209 2731 1278 perinde
2767 1219 2933 1277 atque
2959 1221 3182 1264 czeterus
3206 1210 3477 1274 homines,
3510 1221 3675 1279 atque
3702 1210 3802 1267 Pa.

2225 1303 2289 1355 tri
2323 1308 2606 1358 externum
2638 1300 2715 1370 (p.
2745 1299 2872 1367 539,
2894 1299 3019 1367 549,
3044 1299 3168 1365 579,
3192 1300 3321 1364 475,
3348 1300 3492 1370 180).
3519 1300 3596 1355 Ex
3635 1302 3805 1357 disci-

2223 1387 2365 1457 pulis
2404 1403 2566 1457 porro
2592 1388 2709 1458 ejus
2734 1398 2892 1442 erant
2928 1390 3148 1457 quidam
3198 1390 3453 1457 magistro
3483 1391 3599 1459 ipso
3631 1407 3801 1461 nuga-

2222 1481 2416 1545 tiores,
2442 1481 2533 1549 qui
2560 1477 2792 1534 Verbum
2827 1495 2856 1532 a
2887 1478 3025 1533 Filio
3054 1490 3392 1548 separarent.
3431 1480 3497 1536 Ut
3517 1482 3593 1539 ait
3617 1495 3799 1537 autem

2221 1574 2546 1628 Athanasius
2574 1574 2647 1643 (p.
2668 1570 2817 1641 606),
2850 1571 2937 1627 cui
2963 1572 3161 1625 acciuit
3192 1571 3417 1627 Basilius
3448 1571 3545 1643 (α),
3565 1574 3688 1627 ideo
3708 1573 3804 1627 Pa-

2225 1674 2332 1718 tres
2355 1663 2673 1719 Autiocheni
2701 1680 2884 1721 vocem
2902 1664 3187 1734 ὁμοούσιον
3209 1665 3645 1732 repudiaverunt,
3675 1666 3801 1733 quia

2225 1752 2426 1808 Paulus
2447 1756 2684 1822 argutari
2705 1754 2847 1809 vellet
2870 1772 2930 1808 ac
2945 1756 3157 1809 diceret:
3173 1750 3228 1808 Si
3249 1754 3486 1809 Christus
3507 1758 3611 1807 non
3623 1771 3687 1808 ea:
3703 1757 3801 1808 Ito;

2226 1851 2360 1902 mine
2382 1847 2518 1901 Deus
2551 1848 2723 1912 factus
2773 1854 2868 1912 est,
2892 1862 3011 1916 ergo
3040 1846 3497 1901 ‘consubstantialis
3516 1856 3590 1899 est
3627 1843 3798 1911 Patri,

2225 1950 2377 2009 atque
2406 1938 2523 1991 hinc
2545 1954 2748 1992 necesse
2762 1948 2835 1992 est
2860 1948 2961 1992 tres
2982 1954 3090 1991 esse
3110 1937 3453 2000 substantias,
3474 1953 3634 1989 unum
3656 1938 3801 2006 prio-

2226 2048 2367 2104 rem,
2406 2039 2539 2092 duas
2577 2054 2692 2092 vero
2746 2044 2811 2092 ex
2842 2037 2939 2093 illa
2989 2036 3346 2104 procedentes.
3390 2033 3621 2104 Ideoque
3667 2034 3800 2088 illud

2226 2126 2386 2182 Pauli
2439 2128 2706 2196 sophisma
2758 2136 2995 2180 caventes
3028 2126 3205 2179 dixere
3248 2122 3516 2178 Christum
3556 2138 3660 2179 non
3691 2130 3802 2179 esse

2225 2216 2760 2279 consubstantialem;
2789 2231 2949 2285 neque
2964 2215 3101 2267 enim
3128 2212 3176 2266 F
3180 2215 3302 2268 ilius
3332 2216 3403 2266 ita
3430 2229 3554 2283 erga
3583 2212 3799 2269 Patrem

2225 2325 2278 2360 se
2305 2308 2480 2373 habet,
2514 2316 2571 2360 ut
2602 2307 2691 2361 ille
2717 2307 3001 2377 cogitabat.

2298 2400 2383 2453 15.
2416 2392 2708 2454 Rhetorius
2729 2398 3014 2469 Egyptitts
3054 2398 3283 2468 prodigii
3314 2398 3547 2454 similem
3586 2399 3801 2455 induxit

2225 2490 2579 2556 sententiam,
2630 2505 2793 2559 quam
2849 2500 3116 2545 memorat
3172 2488 3518 2545 Philastrius.
3568 2490 3803 2545 Putabat

2224 2583 2367 2636 enim
2403 2594 2592 2637 uumes
2648 2581 2883 2636 lneres‘es
2942 2583 3198 2651 optimas,
3254 2596 3448 2636 ontues
3515 2583 3802 2637 haereticos

2225 2676 2391 2741 probe
2422 2674 2645 2729 sentire.
2668 2672 2798 2739 Quae
2821 2673 3086 2728 sententia
3119 2674 3191 2728 ita
3215 2682 3527 2742 portentosa
3562 2674 3801 2728 Athana;

2226 2765 2309 2817 sio
2342 2765 2555 2818 videtur
2587 2766 2660 2834 (p.
2697 2764 2851 2836 759),
2896 2774 2953 2819 ut
2998 2780 3062 2819 ne
3106 2780 3535 2821 commemorare
3580 2770 3799 2837 quidem

2226 2858 2392 2926 ipsam
2427 2858 2577 2911 velit.
2610 2857 2776 2926 llujus
2813 2866 3138 2911 sectatorum
3174 2872 3442 2912 summam
3482 2859 3798 2930 infrequen-

2228 2951 2354 3003 tiam
2385 2949 2551 3005 fuisse
2604 2949 2898 3004 verisimile
2940 2959 3043 3005 est.
3091 2948 3228 3005 Nam
3251 2951 3445 3021 exigua
3498 2954 3802 3023 permansit

2228 3040 2463 3101 hominis
2488 3043 2767 3096 memoria;

550 3124 680 3180 lmu.
722 3126 775 3180 In
804 3127 907 3182 hoc
938 3127 1127 3183 alliues
1185 3128 1424 3193 Arianis,
1467 3130 1609 3197 quod
1658 3130 1801 3184 sicut
1840 3129 2121 3185 Manichzei
2150 3138 2196 3215 (ξ
2298 3132 2385 3187 14.
2416 3131 2675 3187 Hieracas
2697 3132 2824 3188 item
2866 3133 3151 3205 )Egyptius
3180 3136 3357 3192 aiebat
3380 3138 3573 3194 Filium
3608 3155 3676 3196 ex
3699 3140 3803 3195 Pa-

542 3217 714 3271 'l)eum
742 3217 909 3272 alium
955 3220 1251 3275 commenti
1287 3230 1413 3275 sum
1435 3259 1451 3284 ,
1486 3222 1576 3289 qui
1617 3223 1803 3276 omnia
1836 3223 2124 3295 sub-aspe—

546 3315 693 3363 ctum
715 3307 962 3362 cadentia
990 3308 1388 3380 condiderit(p.
1406 3309 1536 3376 401,
1562 3309 1690 3378 402)
1715 3329 1730 3376 ;
1765 3311 1836 3369 ita
1860 3322 1915 3367 et
1936 3313 2125 3371 Ariani

549 3408 746 3464 praeter
778 3397 1014 3452 Verbum
1046 3401 1191 3467 quod
1216 3408 1301 3452 est
1341 3400 1394 3452 in
1439 3399 1621 3463 Patre,
1653 3402 1799 3455 aliud
1833 3403 1938 3457 sibi
1990 3402 2124 3457 Ver-

549 3487 700 3550 bum,
742 3487 1045 3559 Filiumque
1073 3491 1312 3545 ninnium
1350 3493 1685 3553 conditorem
1715 3498 2121 3565 cxcogitarunt.

546 3578 629 3632 Ad
658 3578 771 3632 hac
792 3589 993 3641 autem.
1026 3581 1125 3635 hos
1156 3580 1573 3643 Manichaeorum
1609 3601 1829 3648 errores
1877 3590 2042 3645 variis
2068 3591 2124 3645 in

550 3665 683 3721 locis
705 3668 782 3737 (p.
814 3667 938 3734 215,
968 3670 1097 3739 sua,
1126 3670 1251 3736 505,
1294 3673 1398 3735 560
1422 3714 1437 3739 ,
1465 3674 1603 3742 nt,
1640 3678 1741 3731 737
1771 3719 1787 3743 ,
1815 3680 1958 3747 ne,
1994 3680 2122 3744 475,

548 3757 676 3823 583,
705 3758 833 3821 222)
860 3771 1147 3817 enumerat
1175 3765 1531 3822 Athanasius.
1559 3767 1841 3829 Manicltmi
1875 3772 2043 3843 legem
2069 3782 2123 3828 et

550 3846 716 3904 Vetus
764 3849 1171 3907 Testamentum
1225 3858 1516 3926 negabant.
1567 3861 1885 3931 Scripturas
1937 3879 2123 3920 sacras

547 3940 949 4007 adulterabant,
982 3945 1214 4000 Verbum
1240 3960 1460 4003 carnem
1496 3966 1617 4009 csse
1653 3953 1876 4022 factum,
1927 3972 2120 4026 corpo«

548 4045 809 4103 reumque
839 4034 985 4091 illius
1006 4036 1295 4097 adventum
1328 4038 1744 4112 inliciabantur;
1771 4046 1865 4099 sed
1897 4046 2115 4119 δοκήσει

546 4137 641 4178 seu
666 4125 845 4193 specie
869 4127 1045 4182 solum
1076 4129 1360 4185 advenisse
1383 4132 1717 4195 dictitabant.
1760 4136 1928 4206 Cujus
1962 4148 2120 4194 natu-

550 4228 687 4277 ram.
719 4229 824 4270 non
871 4230 1001 4272 vero
1046 4218 1267 4289 πρᾶξιν,
1318 4235 1602 4291 peccatum
1632 4240 1753 4282 esse
1786 4229 1946 4299 impie
1974 4230 2119 4285 allir-

548 4304 769 4359 mabaut
794 4323 808 4360 :
842 4322 965 4369 nam
993 4309 1210 4365 aiebant
1235 4322 1517 4380 peccatum
1534 4330 1601 4370 ex
1620 4328 1812 4373 natura
1840 4335 1979 4375 esse.
2009 4319 2119 4375 Nu-

545 4395 812 4462 gabantur
842 4398 1080 4471 insuper,
1129 4418 1198 4458 ex
1249 4405 1549 4475 ignorantia
1581 4410 1868 4479 quasiisse
1897 4412 2065 4467 Deum
2099 4453 2114 4479 ,

2228 3235 2309 3279 tre
2341 3238 2484 3290 esse,
2527 3233 2584 3276 ut
2622 3224 2895 3278 lucernam
2929 3241 2997 3280 ex
3031 3227 3275 3294 lucerna,
3325 3238 3384 3284 ut
3413 3229 3713 3299 lampadem
3746 3232 3800 3287 iu

2225 3317 2331 3371 duo
2363 3317 2672 3371 distinctam
2708 3316 2784 3386 (p.
2825 3316 2975 3380 585).
3008 3318 3139 3389 Qua:
3173 3329 3352 3375 tamen
3405 3321 3624 3377 tolerari
3659 3321 3803 3379 forte

2225 3408 2551 3479 potuissent,
2611 3409 2714 3462 nisi
2754 3408 3044 3466 insolentia
3082 3413 3212 3468 dicti
3244 3414 3294 3468 in
3331 3416 3693 3486 suspicionem
3719 3434 3803 3481 er:

2228 3501 2370 3555 roris
2397 3510 2707 3555 vocaretur.
2737 3500 2817 3555 Ad
2836 3502 2951 3556 hazc
2978 3512 3195 3567 autem,
3214 3505 3258 3557 si
3290 3504 3421 3560 ﬁdes
3436 3508 3647 3562 auctori
3678 3507 3800 3563 libri

2224 3590 2422 3645 Contra
2448 3605 2623 3645 omnes
2642 3591 2884 3659 hwreses,
2915 3594 3005 3664 qui
3033 3594 3172 3649 inter
3200 3596 3380 3665 spuria
3410 3597 3689 3667 ablegatus
3721 3610 3804 3656 est

2225 3681 2286 3746 (t.
2318 3677 2357 3730 ll
2385 3678 2503 3751 [IV]
2528 3722 2541 3745 ,
2581 3695 2634 3749 p.
2676 3679 2838 3751 186),
2880 3683 3095 3752 nuptias
3124 3685 3700 3758 rejiciebatHieracas,
3737 3705 3803 3746 ac

2226 3768 2387 3826 Vetus
2416 3769 2821 3826 Testamentum
2847 3776 3098 3843 negabat.

2296 3861 2383 3915 15.
2415 3861 2614 3917 Meletii
2646 3864 2824 3920 nullus
2854 3866 3009 3921 initio
3030 3882 3187 3921 error
3224 3852 3419 3923 contra
3447 3870 3603 3927 ﬁdem
3634 3884 3751 3929 erat
3784 3894 3797 3931 :

2220 3955 2313 4009 sed
2338 3954 2573 4011 hominis
2595 3958 2851 4025 ambitus,
2880 3962 3077 4026 scelus,
3103 3962 3396 4030 protervia,
3431 3973 3597 4020 totam
3631 3965 3802 4039 Egy-

2220 4050 2367 4115 ptum
2416 4046 2468 4100 iu
2509 4048 2873 4116 perniciosum
2906 4051 3191 4107 dissidium
3224 4054 3477 4122 coujecit.
3512 4056 3710 4114 Verum
3743 4063 3796 4117 in

2220 4140 2465 4194 ordinem
2490 4156 2520 4194 a
2550 4142 2759 4212 synodo
2785 4142 3002 4199 Nicarua
3040 4145 3244 4201 redacti
3288 4147 3576 4216 Mclctiani,
3609 4152 3803 4207 stimu-

2220 4230 2366 4286 lante
2406 4231 2595 4288 dolore
2640 4233 2856 4289 amissa:
2896 4235 3212 4306 dignitatis,
3255 4240 3567 4299 societatem
3612 4246 3802 4305 ineunt

2219 4338 2341 4378 cum
2368 4323 2621 4391 Ariauis;
2655 4332 2711 4380 et
2739 4327 2864 4382 dum
2890 4331 3197 4386 communis
3222 4334 3298 4387 rei
3338 4337 3587 4405 gerenda:
3615 4343 3796 4397 studio

2220 4420 2435 4467 mutuas
2452 4415 2874 4487 darentoperas,
2908 4418 3125 4474 demum
3156 4420 3510 4481 Meletianiex
3528 4427 3800 4500 frequenti

545 4482 829 4589 {td-am.
852 4490 955 4589 es!
1003 4501 1059 4545 et
1086 4490 1233 4589 x-Ubi
1256 4505 1332 4589 est
1386 4496 1515 4553 Abel
1555 4499 1724 4568 frater
1755 4512 1877 4555 tuus
1899 4505 1924 4557 7
1964 4502 2021 4558 Si
2046 4504 2117 4558 sit
2148 4500 2194 4557 Ι)
2219 4506 2548 4561 Arianorum
2580 4523 2678 4563 usu
2695 4482 2763 4562 vet
2791 4482 3162 4567 familiaritate
3197 4530 3340 4571 verte
3376 4517 3498 4573 fidei

544 4575 762 4637 Arianis
794 4580 949 4648 lides,
981 4585 1205 4652 putabat
1250 4586 1580 4650 Manichacus
1605 4630 1622 4657 ,
1681 4591 1860 4649 Patris
1912 4596 2115 4665 prolem

543 4682 666 4725 esse
695 4680 902 4741 partem
924 4673 1041 4743 ejus
1061 4676 1163 4746 ipsi
1184 4678 1491 4750 ὀμοούσιον.
1519 4682 1742 4739 Demnm
1771 4686 1850 4738 ait
1872 4685 2085 4742 Athana

546 4759 679 4825 sius,
713 4777 878 4832 penes
918 4766 1243 4827 Manichacus
1270 4772 1474 4829 nullam
1504 4787 1628 4829 esse
1662 4775 2115 4845 misericordiam,

546 4862 771 4921 remque
806 4868 1054 4923 perosam
1088 4862 1220 4933 ipsis
1252 4878 1372 4919 esse
1412 4880 1702 4937 pauperem
1737 4869 2007 4927 miserari.

547 5031 560 5044 .
617 4943 704 4997 lt.
729 4943 948 5044 S-abellii
975 4949 1199 5010 haeresis
1226 4955 1502 5027 disparata
1558 4957 1779 5015 omnino
1803 4959 2115 5033 abAriana,

547 5035 601 5086 in
627 5047 692 5089 eo
722 5035 823 5091 sita
856 5048 994 5107 erat,
1030 5044 1173 5112 quod
1212 5045 1436 5110 diceret,
1479 5047 1681 5102 nullam
1718 5048 1772 5102 in
1832 5049 1944 5106 Deo
1998 5068 2119 5111 esse

547 5142 894 5196 personarum
920 5132 1344 5203 distinctionem,
1369 5140 1646 5210 Deumque
1671 5156 1775 5196 non
1808 5144 2116 5213 ὀμοούσιον,

545 5217 639 5273 sed
670 5221 986 5289 μονοούσιον
1033 5243 1174 5295 esse,
1228 5229 1281 5288 id
1313 5238 1395 5285 est
1432 5246 1539 5285 nun
1573 5232 2115 5304 consubstantialem,

544 5309 639 5363 sed
665 5310 824 5367 unius
853 5325 907 5368 et
927 5316 1169 5386 ejusdem
1199 5316 1517 5377 substantiae
1545 5334 1652 5379 non
1690 5321 1963 5378 distincta:
1992 5341 2117 5396 per-

543 5401 713 5456 sonis.
746 5402 1011 5463 Nimirum
1040 5422 1204 5463 unum
1242 5409 1429 5475 Deum,
1475 5424 1642 5480 penes
1687 5412 1841 5467 varia
1895 5415 2071 5471 ollicia
2096 5454 2112 5486 ,

546 5488 779 5557 Patrem,
810 5492 1045 5550 Verbum
1070 5512 1165 5552 seu
1192 5496 1406 5563 Filium,
1448 5509 1502 5555 et
1537 5497 1802 5568 Spiritum
1861 5516 2111 5563 sanctum

542 5584 842 5653 nuncupari
874 5587 951 5656 (p.
982 5586 1105 5656 182,
1138 5587 1287 5660 205).
1313 5588 1447 5645 Nam
1485 5591 1711 5648 vocabat
1738 5591 1933 5676 Filium
1975 5600 2107 5653 ἀνυ-

613 5788 692 5848 fa)
731 5788 898 5847 Basil.
922 5793 1081 5860 epist.
1113 5797 1238 5852 300.

2222 4600 2482 4656 fecerunt.
2510 4598 2712 4656 Horum
2739 4603 2964 4657 historia
2989 4603 3232 4674 pluribus
3250 4607 3301 4661 in
3334 4606 3457 4663 Vita
3486 4611 3800 4679 Athanasii;

2223 4692 2575 4759 quamobrem
2607 4693 2788 4748 missis
2812 4694 2955 4760 aliis,
2992 4696 3253 4753 famosam
3287 4700 3436 4757 illam
3468 4703 3533 4775 de
3566 4710 3802 4778 receptis

2224 4783 2277 4837 in
2300 4781 2514 4839 Nicena
2545 4787 2751 4857 synodo
2781 4786 3087 4843 Melctiauis
3117 4794 3471 4860 qumsnoncm
3514 4797 3691 4854 obiter
3711 4813 3797 4855 at-

2225 4874 2514 4945 tingamus.
2550 4881 2705 4947 Apud
2741 4878 3140 4936 Theodoretum
3173 4882 3338 4951 igitur
3360 4886 3413 4940 in
3441 4888 3671 4957 epistola
3704 4892 3801 4946 Ni~

2224 4982 2386 5023 caena:
2410 4970 2600 5038 synodi
2633 4967 2832 5037 fertur,
2856 4986 2949 5027 eos
2972 4975 3067 5044 qui
3104 4991 3132 5031 a
3165 4976 3378 5033 Meletio
3401 4981 3635 5036 ordinati
3661 4982 3800 5040 fuis-

2224 5070 2365 5125 sent,
2395 5063 2668 5118 sanctiore
2718 5079 2974 5119 manuum
3024 5069 3370 5144 impositione
3425 5076 3797 5142 conﬁrmatos,

2226 5154 2605 5233 μυστικωτέρᾳ
2657 5160 2965 5231 χειροτονίᾳ
3000 5144 3398 5230 βεϐαιωθέντας
3433 5169 3498 5219 ad
3553 5182 3799 5224 commu-

2224 5243 2445 5297 nionem
2489 5246 2647 5302 statis
2682 5250 3086 5307 conditionibus
3110 5254 3376 5311 admissos
3424 5257 3612 5313 fuisse.
3658 5258 3797 5315 Hinc

2219 5338 2626 5405 controversiae,
2663 5341 2789 5396 hinc
2817 5358 3006 5413 pugna:
3041 5363 3053 5398 :
3090 5345 3212 5402 aliis
3242 5348 3467 5404 collatas
3506 5366 3602 5419 per
3634 5350 3796 5408 Mele-

2217 5428 2349 5483 tium
2379 5429 2769 5496 ordinationes,
2801 5434 2984 5491 irritas
3018 5440 3447 5509 arbitrantibus;
3487 5440 3610 5498 aliis
3641 5460 3797 5499 veras

2213 5519 2585 5588 opinantibus,
2611 5524 2704 5580 sed
2737 5527 2847 5581 ritu
2872 5530 3108 5597 quodam
3142 5534 3513 5590 confirmatas.
3535 5535 3797 5593 Nonnihil

2214 5608 2443 5677 furuisse
2461 5613 2596 5669 lucis
2624 5614 3143 5675 buiccontroversia:
3158 5619 3383 5680 all‘crant
3411 5626 3523 5682 haec
3554 5625 3794 5685 Pseudo-
