3998 6530
1197 380 1563 437 PRASFATIO
1606 381 1954 440 EDITlO-NIS‘
1990 385 2494 448 BENEDICTiN/E.

3308 421 3464 460 ιςκν.

169 496 342 555 Justini
387 497 562 550 verba
614 497 703 568 (α)
748 516 766 552 :
791 500 914 554 Τοῦ
932 500 1200 572 αἱρετικοῦ
1221 502 1313 554 ἐπὶ
1351 503 1447 573 τὴν
1475 502 1751 573 ὀρθοδοξία

1888 507 2120 563 Basilius
2143 511 2284 564 enim
2315 512 2495 567 multis
2521 513 2574 567 itt
2596 513 2726 569 locis
2748 529 2936 586 aspere
2955 519 3224 576 hominem
3240 523 3452 581 violatae

172 589 444 659 ἐρχομένου
481 588 546 640 τὸ
574 590 835 660 σφάλμα
857 592 1159 662 διορθοῦται
1176 595 1189 622 δ
1223 593 1322 663 τῆς
1343 594 1438 664 μὲν
1460 596 1775 661 κακοδοξίας

171 686 225 752 τῇ
259 680 557 750 μεταθέσει
616 682 728 734 τοῦ
788 686 1168 755 φρονήματοςο
1201 685 1292 738 τοῦ
1319 685 1375 737 δὲ
1404 683 1775 757 βαεκτίσματος

171 779 224 843 τῇ
254 774 525 843 ἐπικρίσει
552 774 662 827 τοῦ
690 777 871 842 ἁγίου
903 777 1089 847 μύρου·
1119 779 1218 847 τῆς
1257 777 1313 829 δὲ
1342 779 1672 849 χειροτονίας
1703 783 1770 851 τῇ

171 865 478 937 χειροθεσίᾳ·
502 867 610 917 καὶ
642 868 819 921 οὐδὲν
841 869 956 921 τῶν
975 870 1134 923 πάλαι
1155 870 1303 940 μένει
1323 869 1538 924 ἄλυτον.
1569 872 1621 924 Id
1653 882 1766 925 est:

173 957 281 1010 Cum
307 956 594 1009 [hereticus
647 960 731 1010 ad
768 975 968 1012 sanam
994 960 1145 1027 ﬁdem
1173 963 1392 1024 accedit,
1433 963 1508 1014 sic
1536 973 1772 1016 erratum

172 1046 262 1113 eius
289 1056 554 1113 purgatur
586 1062 606 1097 :
640 1064 847 1115 praua,
872 1050 1128 1102 doctrinae
1149 1050 1340 1103 scilicet
1370 1053 1624 1106 mutando
1653 1069 1773 1106 seu-

171 1144 392 1204 tentiam;
428 1142 808 1210 baptismatis
844 1161 945 1212 per
978 1145 1225 1212 unguenti
1256 1147 1396 1199 sacri
1437 1149 1770 1213 unctionem;

170 1232 496 1285 ordinationis
549 1249 689 1286 vero
728 1251 832 1300 per
875 1252 1124 1289 manuum
1168 1239 1578 1305 impositionem,
1611 1243 1769 1295 itaut

169 1322 281 1376 nihil
311 1339 372 1376 ea:
401 1324 697 1390 prioribus
755 1327 1070 1397 abrogetur.
1105 1329 1254 1396 Quod
1299 1333 1342 1386 si
1391 1334 1769 1390 hereticorum

167 1412 522 1467 ordinationes
555 1414 723 1468 inter
759 1415 962 1470 irritas
994 1433 1095 1471 non
1121 1420 1567 1488 numerabantur,
1601 1423 1770 1477 inuito

170 1506 324 1558 minus
355 1504 886 1560 scbismaticorum
919 1509 1013 1577 qui
1056 1508 1187 1562 nihil
1223 1511 1274 1563 in
1314 1511 1418 1566 fide
1457 1525 1763 1581 peccarent.

165 1599 547 1670 Μυστικωτὲρα
575 1609 814 1664 autem,
841 1601 960 1655 sive
983 1604 1220 1657 sanctior
1250 1613 1342 1658 aut
1370 1607 1630 1660 secretior
1651 1607 1769 1660 ideo

166 1692 437 1762 nuncupari
461 1692 704 1746 videtur
722 1693 934 1746 iterata
960 1693 1043 1746 illa
1061 1708 1309 1748 manuum
1335 1696 1627 1767 impositio,
1644 1697 1766 1766 quia

165 1795 187 1832 a
215 1781 405 1834 sanctis
451 1789 510 1835 et
542 1782 878 1837 catholicis
906 1783 1221 1852 praesulibus
1266 1785 1483 1840 collata.
1534 1787 1767 1857 Ingentis

1885 613 2025 657 vera:
2053 603 2313 659 doctrinae
2339 620 2499 661 causa
2529 607 2849 675 insectatur,-
2873 625 2936 664 ac
2950 611 3127 668 missis
3155 615 3452 672 Athanasio

1882 694 1982 748 sub
2009 705 2309 750 extremum
2340 698 2464 752 vitae
2517 700 2634 768 ejus
2682 700 2877 755 litteris
2921 702 3018 772 (b),
3062 705 3135 757 ait
3170 721 3447 762 necessum

1882 786 2050 841 videri
2079 788 2177 842 sibi
2207 788 2542 857 Marcellum,
2592 794 2917 864 disparatam
2958 797 3171 854 Arianae
3219 802 3446 857 lneresin

1883 877 2250 947 invehentem,
2288 883 2517 952 perinde
2568 894 2728 954 atque
2774 887 2960 941 Arium
3001 888 3266 944 damnari.
3299 891 3448 946 Unde

1883 967 1934 1020 id
1972 976 2178 1022 certum
2235 973 2512 1038 videatur,
2563 976 2942 1044 Athanasium,
2993 980 3092 1033 etsi
3143 991 3446 1049 suspectam

1881 1057 2115 1115 Marcelli
2153 1063 2312 1118 fidem
2342 1074 2477 1119 teste
2513 1067 2812 1137 Epiphanio
2857 1070 3146 1140 aliquando
3181 1073 3446 1139 habuerit,

1880 1149 2115 1203 nondum
2150 1161 2326 1206 tamen
2361 1156 2535 1208 virum
2560 1161 2943 1215 communione
2986 1163 3332 1220 interdixisse
3353 1182 3446 1221 sua

1879 1255 1998 1293 cum
2042 1241 2272 1298 Basilius
2313 1246 2427 1301 haec
2462 1250 2742 1305 scriberet.
2783 1251 2848 1306 Et
2895 1267 3022 1307 vero
3062 1264 3291 1312 testatur
3326 1258 3450 1329 Epi-

1878 1333 2129 1400 phanius,
2155 1350 2182 1387 a
2205 1336 2390 1391 multis
2427 1353 2524 1392 suo
2551 1355 2665 1396 (evo
2716 1342 2768 1396 in
2819 1347 3244 1402 controversiam
3288 1364 3452 1404 vocn-

1878 1432 1987 1478 tum
2040 1425 2225 1492 fuisse,
2263 1430 2622 1487 haereticusne
2681 1449 2746 1489 an
2805 1438 3107 1495 catholicus
3166 1439 3450 1499 Marcellus

1876 1527 2039 1573 esset.

1948 1653 2033 1709 18.
2068 1653 2261 1709 Verum
2287 1658 2330 1736 si
2359 1657 2516 1713 dubia
2541 1657 2799 1725 Marcelli,
2830 1663 3167 1729 apertissima
3199 1684 3325 1722 sane
3353 1670 3451 1724 fuit

1877 1746 2124 1816 discipuli
2157 1749 2272 1816 ejus
2303 1748 2518 1807 Photini
2551 1754 2819 1824 impietas,
2845 1758 2934 1825 qui
2959 1757 3257 1815 afﬁrmabat
3290 1762 3448 1816 Chri-

163 1885 313 1941 operze
338 1868 482 1925 foret
515 1885 643 1924 rem
669 1886 780 1940 pro
816 1872 1080 1940 dignitate
1098 1887 1279 1941 agere,
1298 1889 1417 1942 quae
1441 1890 1537 1929 nos
1559 1892 1587 1927 a
1607 1891 1755 1931 curst

1874 1848 2013 1891 stum
2047 1855 2148 1893 non
2183 1841 2351 1897 fuisse
2385 1854 2510 1898 ante
2535 1846 2786 1914 Mariam,
2839 1863 3009 1920 caque
3053 1854 3118 1905 de
3155 1867 3316 1906 causa
3355 1855 3447 1907 da-

165 1963 421 2016 destinatze
457 1962 570 2017 via:
609 1978 831 2017 revoca
842 1972 946 2016 ret.

222 2053 298 2108 16.
329 2052 694 2108 Collnthiani
755 2069 786 2106 a
848 2053 1122 2120 Collutho,
1177 2057 1266 2124 qui
1304 2057 1588 2128 presbyter
1641 2073 1766 2112 cum

165 2155 285 2199 esset
332 2155 578 2208 tantum,
621 2160 699 2200 eo
753 2146 946 2214 erupit
989 2147 1264 2211 audaciae,
1324 2157 1383 2202 ut
1421 2149 1767 2218 presbyteros

165 2233 507 2287 constituendi
550 2234 670 2288 sibi
715 2233 1042 2288 facultatem
1096 2236 1427 2302 vindicaret;
1469 2253 1533 2292 ac
1585 2239 1767 2294 multis

165 2324 263 2392 rius
287 2325 530 2393 cupidini
567 2323 1032 2392 suffragantibus
1063 2335 1320 2395 praeesset
1345 2327 1512 2382 invito
1532 2329 1765 2384 Alexan-

164 2419 244 2469 dro
273 2417 525 2486 episcopo
554 2416 640 2488 (p.
681 2416 817 2482 155,
859 2415 1007 2485 154).
1035 2415 1146 2472 luto
1173 2419 1336 2472 etiam
1366 2432 1550 2474 contra
1572 2437 1762 2476 sanam

165 2507 298 2558 fidem
330 2506 636 2574 peccabat,
696 2514 832 2560 cum
886 2498 1232 2576 perspicuum
1277 2509 1349 2563 sit
1414 2525 1518 2564 non
1588 2511 1763 2566 inesse

165 2597 450 2667 presbytero
496 2598 842 2668 hujusmodi
894 2596 1230 2654 facultatem.
1279 2599 1603 2655 Colluthiani
1637 2617 1761 2670 per-

164 2690 264 2743 inde
293 2699 453 2760 atque
493 2689 804 2745 Meletiaui
833 2689 903 2744 ad
935 2689 1264 2746 Arianorum
1308 2701 1490 2760 partes
1549 2693 1760 2750 confiu-

166 2791 349 2833 xerunt.

221 2871 294 2926 Π.
323 2870 624 2926 Marcellus
659 2877 1002 2942 Ancyranus
1025 2871 1102 2941 (ι).
1136 2873 1261 2936 118,
1294 2874 1416 2937 150,
1447 2875 1574 2940 494,
1605 2875 1754 2944 506),

165 2962 352 3029 qicutn
399 2964 736 3018 Athanasio
787 2962 1081 3017 diuturnus
1143 2979 1272 3019 usus
1308 2975 1363 3020 et
1417 2966 1758 3024 familiaritas

164 3055 466 3121 intercessit,
493 3055 857 3108 Arianorum
901 3051 1073 3108 hostis
1109 3055 1429 3120 acerrimus,
1466 3058 1518 3111 in
1549 3057 1755 3112 crimen

1875 1940 2087 1984 mnatus
2112 1931 2211 1986 fuit
2254 1935 2304 1988 in
2338 1937 2502 1990 variis
2530 1940 2751 2008 synodis

1939 2055 2026 2116 19.
2059 2062 2265 2130 Agmen
2297 2065 2508 2120 claudat
2562 2067 2972 2126 Dimoe'ritarum
3005 2073 3121 2129 sive
3163 2078 3440 2147 Apollina-

1869 2153 2119 2207 ristarum
2156 2156 2399 2222 haeresis,
2454 2161 2713 2216 extremis
2765 2163 3047 2219 Athanasii
3098 2168 3220 2223 vitae
3283 2172 3440 2224 annis

1865 2253 2081 2309 exorta;
2137 2247 2204 2302 de
2259 2248 2663 2306 Dimmritarum
2698 2257 2916 2310 nomine
2947 2273 3052 2312 non
3088 2261 3255 2315 semel
3304 2262 3436 2316 alias

1866 2348 2067 2398 actum,
2101 2338 2298 2394 Eorum
2327 2358 2490 2410 porro
2520 2349 2806 2403 sententiae
2852 2349 3113 2418 ejusmodi
3160 2363 3334 2408 erant.
3382 2356 3438 2408 1⁸

1867 2427 2096 2482 Verbum
2131 2445 2235 2484 non
2260 2435 2620 2503 assumpsisse
2647 2452 2866 2493 carnem
2896 2440 3216 2508 humanam;
3235 2443 3293 2496 2'
3314 2459 3437 2500 cor-

1863 2534 1962 2588 pus
2023 2535 2086 2574 ex
2135 2521 2304 2577 Maria
2351 2534 2561 2593 natum,-
2610 2543 2729 2584 esse
2786 2532 3245 2592 consubstantiale
3272 2535 3432 2592 Verbi

1863 2608 2087 2674 deitati;
2119 2611 2174 2663 5⁸
2217 2613 2446 2668 Verbum
2482 2615 2534 2668 in
2574 2632 2815 2684 carnem,
2845 2636 2991 2687 ossa,
3025 2625 3268 2692 capillos,
3297 2636 3349 2679 et
3379 2628 3430 2680 in

1861 2709 2030 2755 totum
2068 2717 2264 2773 corpus
2297 2715 2559 2761 mutatum
2599 2707 2765 2764 fuisse
2802 2725 2819 2760 :—
2862 2725 3019 2766 error
3049 2713 3176 2768 olim
3213 2714 3434 2770 Marcio-

1861 2794 1976 2858 nis;
2008 2793 2063 2847 4ο
2098 2795 2379 2852 Dominum
2408 2798 2630 2871 δοκήσει
2649 2800 2821 2854 solum
2858 2803 3183 2860 adventasse
3204 2807 3254 2860 in
3279 2822 3434 2861 mune

1857 2883 2005 2948 dum,
2038 2887 2410 2955 antiquissima
2444 2899 2497 2944 et
2529 2892 2782 2946 omn-ibus
2814 2903 2956 2947 retro
3003 2896 3212 2950 sacculis
3251 2897 3434 2967 vulgan

1860 2974 2064 3030 tissima
2101 2977 2357 3044 haeresis;
2386 2981 2449 3033 5"
2479 2983 2646 3049 ipsam
2682 2982 2938 3037 deitatem
2972 2986 3347 3043 circumcisam
3375 2999 3431 3044 et

1857 3081 2070 3135 passam
2103 3068 2298 3134 fuisse;
2335 3071 2396 3124 6"
2435 3070 2669 3126 Verbum
2722 3089 3061 3142 nequaquam
3118 3093 3183 3131 ex
3233 3078 3426 3142 Maria,

163 3153 341 3199 novata:
359 3145 640 3200 doctrinm
663 3143 896 3212 abipsis
924 3152 1147 3197 vocatus
1163 3153 1266 3198 est.
1291 3143 1555 3199 Eusebius
1575 3157 1754 3201 autem
1782 3187 1824 3249 ε
1859 3160 1950 3213 sed
1994 3176 2058 3214 εχ
2104 3176 2200 3215 sua
2242 3161 2341 3215 sibi
2391 3163 2713 3229 ευιηιαηιίε,
2757 3179 2957 3234 corpus
2991 3165 3338 3236 manans“;
3373 3171 3429 3222 7o

163 3235 508 3300 Caesariensis,
533 3239 707 3308 jussu
739 3235 1360 3302 ConstantinOpolitana‘.
1377 3239 1567 3306 synodi
1594 3239 1753 3294 Aria-

164 3341 240 3386 tur,
264 3336 318 3379 ut
352 3329 698 3382 testificatur
731 3328 871 3395 ipse,
917 3324 1152 3378 Marcelli
1185 3326 1377 3380 librum
1423 3328 1560 3396 Περὶ
1597 3331 1751 3383 ὑπο-

160 3417 315 3485 ταγῆς
332 3421 593 3487 Κυρίου,
616 3420 676 3474 id
703 3428 813 3479 εει,
851 3417 928 3470 De
955 3416 1272 3484 subjectione
1303 3418 1517 3474 Domini
1558 3422 1753 3476 inscri-

161 3517 284 3575 ptum
317 3511 523 3580 insigni
560 3509 862 3564 volumine
887 3509 1202 3576 exagitavit.
1235 3511 1416 3577 Atque
1445 3511 1498 3564 in
1529 3510 1646 3578 ipso
1670 3511 1750 3566 sui

160 3599 313 3668 operis
343 3603 613 3666 exordio,
647 3599 851 3654 livoris
883 3600 1101 3669 odiique
1137 3615 1263 3669 erga
1290 3600 1486 3656 fratres
1527 3602 1753 3658 Marcel-

163 3690 249 3745 lam
276 3692 488 3747 incusat
532 3693 625 3746 his
655 3691 871 3755 verbis,
913 3690 976 3742 Ἦ
1011 3689 1268 3754 ὑπόθεσις
1299 3691 1446 3762 αὐτῷ
1490 3696 1590 3764 τῆς
1616 3711 1752 3765 γραο

158 3784 245 3852 φῆς
276 3786 614 3854 μισαδελφξα
639 3785 899 3852 κατέστη
922 3801 934 3812 ·
978 3783 1038 3836 τὸ
1075 3783 1131 3836 δὲ
1152 3784 1360 3854 ταύτης
1391 3786 1563 3839 αἴτιον
1591 3787 1750 3857 ζῆλος

159 3877 233 3925 καὶ
279 3877 501 3944 φθόνος.
561 3877 684 3930 Hoc
727 3888 818 3929 est
860 3892 873 3927 :
915 3876 1294 3944 Argumentum
1355 3875 1571 3940 huiusce
1625 3879 1749 3931 libri

159 3967 391 4019 scribendi
416 3967 532 4034 ipsi
575 3965 685 4034 fuit
722 3966 914 4016 odium
941 3965 994 4015 in
1036 3964 1267 4032 fratres:
1297 3982 1455 4020 causa
1497 3984 1612 4021 vero
1637 3969 1750 4036 ejus

156 4061 318 4111 edendi
341 4061 482 4112 livor
522 4070 575 4111 et
601 4056 840 4111 invidia.
877 4055 1006 4124 Ejus
1041 4070 1200 4125 porro
1228 4057 1530 4110 doctrinam
1568 4059 1651 4112 his
1686 4060 1752 4112 tle

160 4150 310 4202 causis
337 4150 390 4203 in
427 4152 658 4206 crimen
690 4157 862 4201 vocat
890 4163 905 4200 :
933 4147 1076 4215 quod
1102 4146 1350 4210 afﬁrmet,
1387 4149 1619 4203 Verbum
1646 4166 1748 4204 non

157 4247 256 4292 ante
286 4239 446 4295 fuisse
479 4240 721 4304 Filium,
751 4253 924 4308 quam
944 4252 1162 4295 carnem
1191 4250 1514 4306 assumeret;
1536 4241 1748 4296 Patrem

156 4340 198 4382 et
236 4330 423 4386 Filium
459 4348 646 4387 unum
680 4345 809 4386 esse
850 4329 1185 4383 ὑποστάσειο
1219 4332 1418 4385 nullam
1460 4348 1580 4388 esse
1631 4335 1746 4388 Filii

156 4424 512 4479 exsistentiam
539 4443 562 4490 ;ν
587 4424 882 4478 Christum
903 4430 1028 4476 ante
1044 4422 1416 4476 ascensionem
1455 4440 1558 4478 non
1586 4423 1749 4481 fuisse

1857 3254 1945 3320 qui
1992 3252 2066 3305 ai‘t
2099 3253 2529 3323 Dominicorpus
2563 3271 2628 3309 ex
2667 3253 2835 3309 Maria
2875 3272 3014 3320 esse,
3076 3273 3180 3313 non
3213 3261 3428 3315 trinita-

1859 3354 1986 3410 tem,
2026 3345 2121 3399 sed
2151 3347 2569 3413 quaternitatem
2609 3348 2920 3404 admittere.
2961 3352 3043 3405 Ab
3079 3354 3420 3422 argumentis

1856 3445 2034 3489 autem
2057 3436 2340 3492 adversum
2360 3440 2724 3508 pugnantibus
2740 3440 3035 3496 referendis
3058 3443 3390 3498 abstinemus
3407 3483 3425 3508 ,

1853 3526 2103 3594 quoniam
2132 3528 2291 3581 hosce
2315 3543 2532 3584 errores
2582 3531 2818 3586 dilucide
2861 3543 2915 3586 et
2947 3533 3156 3588 naviter
3185 3537 3424 3588 Athana-

1853 3619 1966 3672 sius
1987 3619 2263 3688 prOpulsat
2294 3621 2344 3673 in
2377 3620 2622 3689 Epistola
2651 3622 2720 3675 ad
2775 3622 3089 3691 Epictetum,
3136 3634 3190 3680 et
3233 3626 3284 3678 in
3313 3625 3424 3679 elc-

1852 3713 2188 3781 gautissimis
2234 3723 2418 3766 contra
2453 3713 2840 3782 Apollinarium
2880 3716 3052 3770 libris.
3087 3716 3202 3785 Ipse
3242 3726 3424 3770 autem

1852 3803 2243 3872 Apollinarius,
2270 3804 2566 3874 superstite
2617 3805 2940 3871 Athanasio,
2996 3805 3110 3874 ejus
3141 3809 3424 3877 captanda!

1853 3895 2106 3948 amicitiae
2146 3898 2340 3966 gratia,
2399 3897 2719 3950 catholicam
2779 3898 2935 3951 fidem
2990 3900 3422 3963 ementiebatur;

1854 3984 1923 4037 ita
1948 3994 2003 4038 ut
2032 3985 2196 4039 etiam
2222 3985 2571 4051 Athanasius,
2593 3985 2782 4042 fraude
2809 3989 3126 4041 veteratoris
3144 3989 3421 4057 deceptus,

1852 4074 2189 4130 Timotheum
2206 4076 2320 4143 ejus
2345 4079 2665 4147 discipulum
2699 4079 2932 4132 Damaso
2963 4095 3112 4150 papa:
3143 4096 3419 4134 continens

1851 4170 2024 4231 daret,
2052 4178 2185 4223 teste
2221 4169 2476 4224 Facundo
2516 4170 2912 4235 Hermianensi,
2941 4173 3092 4241 cujus
3119 4173 3232 4227 haec
3256 4175 3422 4226 verba

1850 4269 1974 4313 sunt
1994 4261 2063 4328 (c)
2096 4274 2107 4308 :
2144 4259 2277 4313 Nam
2299 4270 2345 4313 et
2372 4261 2416 4312 si
2444 4261 2609 4330 legere
2635 4263 2742 4314 alia
2773 4263 3055 4331 dignentur
3085 4264 3174 4333 qui
3202 4263 3420 4331 legenda

1850 4351 2201 4414 conscribunt,
2234 4352 2500 4405 invenient
2543 4362 2697 4406 etiam
2725 4352 3051 4409 Timotheum
3092 4354 3422 4421 Apollinaris

1849 4442 2187 4512 discipulum,
2217 4461 2246 4496 a
2276 4445 2423 4498 beato
2447 4445 2740 4500 Athanasio
2763 4463 2856 4514 per
2880 4449 3261 4515 ignorantiam,
3286 4457 3420 4499 tem-

159 4514 232 4566 Dei
272 4518 580 4586 imaginem
615 4532 625 4565 :
665 4515 744 4569 ait
778 4515 948 4569 etiam
983 4513 1130 4566 illum
1167 4510 1391 4568 Sabellii
1419 4529 1607 4570 errore
1639 4519 1738 4571 im-

1863 4510 2058 4586 )oribus
2086 4535 2221 4587 beati
2254 4533 2495 4603 Damasi,
2527 4537 2636 4589 sedi
2668 4537 2969 4604 apostolicae
2996 4537 3128 4591 velut
3166 4538 3421 4589 orlhodo-v

157 4609 315 4661 initum
345 4627 498 4677 esse,
540 4609 649 4663 etsi
682 4624 790 4662 non
816 4605 990 4662 semel
1021 4607 1107 4660 ille
1138 4605 1431 4660 Sabellium
1455 4621 1744 4680 oppugnet.

156 4697 296 4767 lmpie
326 4715 561 4771 quoque
592 4703 644 4754 in
675 4699 999 4753 Marcellum
1031 4698 1325 4762 invehitur,
1348 4701 1490 4767 quod
1513 4700 1747 4756 Verbum

153 4801 389 4848 sternunt
467 4809 594 4848 esse
646 4795 819 4848 dit-at.
858 4791 989 4843 Viro
1020 4791 1146 4844 item
1195 4792 1327 4844 vitio
1361 4791 1543 4856 vertit,
1604 4795 1746 4860 quod

159 4882 300 4937 Deum
330 4889 418 4941 dic
437 4897 495 4939 at
533 4901 657 4940 esse
678 4882 1099 4956 τριπρόσωπον,
1127 4898 1246 4952 qua:
1272 4893 1447 4936 tamen
1475 4886 1742 4938 sententia

156 4991 206 5028 ex
232 4994 380 5048 aequo
404 4989 474 5033 et
498 4978 645 5034 bono
678 4987 911 5045 accepta
962 4990 1086 5030 vera
1114 4985 1273 5030 estet
1303 4975 1596 5031 catholica.
1640 4978 1742 5032 Ve-

158 5088 251 5122 nnn
281 5075 393 5128 haec
442 5073 625 5127 omnia
658 5068 942 5124 Eusebius
970 5083 1038 5121 ex
1077 5067 1314 5123 Marcelli
1367 5067 1590 5137 scriptis
1618 5068 1744 5123 hinc

158 5162 258 5218 inde
279 5175 546 5234 exet-rpta
568 5163 822 5233 collegit,
844 5160 1054 5214 detorta
1076 5174 1314 5230 pcrsrpe
1332 5161 1430 5214 viri
1451 5162 1742 5219 sententia.

158 5267 296 5325 atque
329 5263 400 5315 ad
441 5274 671 5328 pravam
712 5253 1027 5310 doctrinam
1056 5255 1104 5306 vi
1161 5254 1426 5306 ratiocinii
1460 5254 1691 5308 deducta
1722 5269 1738 5319 ;

159 5347 402 5408 Eusebius
427 5354 644 5408 scilicet
664 5359 724 5405 et
758 5350 878 5417 ipse
900 5357 1163 5416 suspecta:
1202 5346 1322 5400 fidei
1359 5347 1544 5410 homo,
1578 5363 1736 5416 quetn

160 5442 280 5498 inter
299 5447 631 5501 Arianorum
663 5439 1043 5514 primipilares
1095 5448 1378 5493 recensent
1408 5441 1740 5494 Athanasius

158 5545 200 5586 et
231 5535 476 5594 Hilarius.
510 5538 630 5594 Nec
671 5534 910 5590 defuere
954 5539 1135 5586 tamen
1187 5547 1253 5586 ex
1283 5530 1538 5587 Ecclesia:
1572 5531 1739 5600 magi-

160 5634 291 5697 stris,
320 5637 405 5703 qui
435 5634 712 5691 Marcello
747 5639 1024 5697 corruptae
1068 5628 1189 5684 fidei
1216 5637 1396 5684 notam
1433 5629 1734 5684 inurereut.

216 5750 288 5824 (ᾳ)
317 5750 507 5824 ξηειίη.
547 5753 695 5808 edit.
816 5747 911 5802 ris.
935 5761 987 5816 p.
1011 5746 1134 5803 590.

212 5819 283 5891 (δ)
315 5821 463 5881 Basil.
495 5826 673 5896 epist.
715 5819 810 5873 5'2.

1844 4640 1968 4677 :cuut
1997 4625 2414 4679 commendatum
2443 4642 2460 4678 .'
2493 4641 2648 4695 atque
2675 4629 2738 4679 ab
2760 4629 2871 4695 ipso
2893 4645 3028 4695 papa
3063 4628 3290 4678 Damaso
3310 4630 3420 4679 sine

1845 4716 2135 4769 cohibentia
2171 4717 2385 4770 Iucresis
2407 4717 2713 4785 simpliciter
2742 4734 2850 4772 esse
2873 4730 3187 4785 susceptum.
3223 4718 3420 4772 Verum

1847 4811 1888 4861 si
1914 4807 2270 4877 fragmentum
2313 4808 2438 4862 illud
2466 4809 2519 4862 in
2554 4808 2866 4863 Mattlttcum
2897 4810 3008 4879 jam
3042 4810 3214 4879 primo
3241 4809 3418 4880 puhii-

1845 4909 2022 4955 calum
2053 4916 2174 4970 pag.
2209 4900 2346 4955 1006
2371 4903 2485 4970 (ulti
2516 4903 2581 4956 ad
2622 4903 2733 4956 haec
2756 4903 3053 4972 Scriptura:
3077 4903 3260 4966 verba,
3290 4902 3420 4958 Sur-

1845 5012 1971 5066 gens
1999 4997 2177 5064 accipe
2199 5013 2447 5066 puerum,
2484 4997 2680 5050 dicitur
2712 4997 2796 5051 his
2825 4998 2975 5068 argui
3029 4997 3421 5066 Apollinarium

1844 5082 1936 5153 qui
1966 5083 2104 5138 dixit
2135 5084 2372 5138 animam
2425 5084 2798 5153 intelligentia}
2825 5099 3075 5155 capacem
3110 5101 3215 5141 non
3246 5086 3425 5140 inesse

1843 5173 2105 5244 Christo),
2152 5176 2436 5231 Athanasii
2482 5191 2608 5231 vere
2659 5177 2748 5240 sit,
2806 5178 2905 5231 sub
2945 5177 3105 5231 finem
3139 5178 3263 5231 vita
3305 5177 3422 5245 ejus

1843 5268 2206 5335 conscriptum
2258 5267 2447 5333 fuerit,
2495 5283 2558 5324 ac
2596 5277 2740 5323 recte
2794 5270 3035 5338 arguerit
3064 5269 3420 5322 Athanasium

1843 5359 1942 5412 sub
1973 5369 2277 5413 extremum
2332 5359 2454 5413 vitae
2497 5359 2816 5428 Apollinarii
2863 5360 3192 5427 impietatem
3241 5356 3417 5409 edidi-

1842 5450 2003 5516 cisse;
2031 5451 2137 5504 nisi
2169 5448 2306 5504 forte
2335 5451 2543 5505 dicatur
2567 5466 2711 5516 eum,
2740 5449 2830 5519 qui
2855 5450 3015 5503 hasce
3038 5449 3096 5500 in
3113 5446 3420 5499 Matthqu

1843 5539 2206 5608 expositiones
2235 5554 2300 5593 ex
2335 5539 2500 5593 variis
2528 5538 2646 5608 ejus
2689 5538 2942 5608 Operibus
2997 5531 3416 5600 eonsareinavit,

1845 5643 2040 5686 nomen
2065 5631 2383 5700 Apollinarii
2413 5646 2512 5687 suo
2540 5639 2712 5686 marte
2738 5627 3017 5697 adjecisse.

1923 5750 1993 5824 (ε)
2023 5749 2140 5805 Lib.
2179 5766 2273 5805 νη.
