3998 6506
561 393 721 436 Ill“

1306 487 1390 541 Ἠ.

565 589 637 643 De
666 587 943 654 disciplina
974 584 1217 637 Ecclesiw
1243 579 1518 656 Athanasii
1548 589 1752 642 (tumea:
1777 572 1888 640 ejus
1915 570 2123 637 scriptis

1084 665 1484 714 συνοπτικως.

637 751 689 804 1.
719 746 952 803 Grandis
986 743 1080 798 otii
1134 757 1220 796 res
1253 748 1423 800 esset,
1468 735 1643 806 quarti
1677 730 1856 786 sreculi
1889 728 2128 804 discipli-

567 855 693 893 nam
735 837 1185 896 ecclesiasticam,
1225 842 1301 885 tot
1338 825 1726 884 controversiis
1774 821 2126 890 implicatam,

573 929 881 985 minutatim
907 943 968 980 ac
1003 941 1100 996 pro
1125 939 1299 979 rerum
1333 919 1662 990 singularum
1698 901 1956 984 dignitate
1981 927 2127 967 com-

570 1034 872 1075 memorare
906 1036 918 1069 :
957 1031 1132 1086 neque
1167 1025 1341 1068 tamen
1396 1012 1642 1064 horreret
1687 1008 1897 1061 animus
1929 1006 1994 1058 ah
2031 1005 2129 1057 hu-

563 1113 796 1183 jusmodi
825 1111 1002 1164 studio
1031 1120 1085 1162 et
1115 1107 1323 1168 labore,
1371 1104 1412 1157 si
1451 1103 1644 1170 aliqua:
1673 1101 1920 1154 venirent
1961 1098 2126 1152 ferire.

570 1203 770 1258 Verum
827 1203 880 1255 in
924 1199 1200 1268 praesenti,
1250 1211 1347 1265 pro
1383 1195 1612 1247 instituti
1669 1191 1769 1245 mei
1819 1190 2044 1254 ratione,
2078 1189 2128 1241 id

570 1295 699 1348 mihi
741 1292 938 1361 negotii
964 1293 1128 1344 credo
1171 1288 1338 1340 solum
1373 1285 1514 1346 dari,
1551 1293 1606 1336 ut
1640 1298 1756 1352 qure
1812 1282 1876 1334 de
1909 1294 2130 1334 consue-

573 1388 754 1441 tudine
813 1382 1064 1437 Ecclesia:
1107 1377 1440 1434 Athanasius
1474 1375 1555 1427 vel
1593 1374 1834 1443 pluribus
1887 1371 2017 1440 agit,
2047 1367 2128 1423 vel

573 1478 740 1548 tangit
781 1475 976 1537 obiter,
1024 1482 1335 1523 recenseam
1389 1475 1663 1530 accurate,
1716 1463 1783 1516 iis
1821 1462 2131 1530 plerumque

573 1568 789 1630 additis,
827 1580 943 1635 qute
971 1562 1105 1617 scitu
1141 1576 1272 1627 opus
1299 1569 1420 1615 sunt
1448 1558 1514 1611 ad
1557 1554 1838 1609 Athanasii
1893 1552 2130 1606 locorum

575 1658 1003 1728 intelligentiam.
1141 1728 1150 1737 -

640 1749 695 1803 ε.
723 1748 1004 1802 Sacrorum
1043 1735 1320 1800 celebratio
1349 1745 1423 1814 (p.
1451 1742 1570 1803 lOO,
1589 1740 1713 1801 est,
1732 1740 1820 1801 ss,
1845 1735 2127 1805 “7.298).

573 1869 642 1882 -
665 1839 780 1895 ldos
815 1848 929 1893 erat
967 1838 1058 1892 illo
1088 1848 1203 1892 (ενο
1239 1837 1290 1889 in
1340 1813 1632 1889 secretiore
1665 1832 1840 1898 aliqua
1893 1829 2133 1882 ecclesia:
2165 1813 2206 1867 Β

574 1941 725 2000 parte
742 1944 895 1985 sacra
926 1930 1122 1993 facere,
1145 1931 1236 1998 qui
1258 1927 1402 1980 locus
1427 1926 1688 1996 ἱερατεῖον
1716 1921 1828 1976 sive
1843 1919 2132 1974 sacrarium

576 2025 792 2080 dicitur.
824 2021 1240 2092 Signiﬁcabatur
1271 2019 1396 2072 item
1425 2032 1491 2071 eo
1530 2015 1743 2070 nomine
1775 2021 1948 2068 cmtus
1976 2009 2136 2064 mini-

575 2123 810 2168 strorum
835 2111 1042 2165 altaris.
1075 2107 1330 2174 Exempla
1357 2107 1476 2160 vide
1508 2105 1559 2158 iu
1580 2101 1934 2156 Onomastico.
1956 2099 2138 2153 Altare

577 2214 757 2258 autem
808 2218 901 2258 seu
951 2217 1157 2263 mensa,
1208 2210 1438 2266 utroque
1463 2199 1608 2252 enim
1642 2195 1859 2267 nomine
1891 2201 2136 2254 notatur,

576 2304 669 2349 aut
703 2294 878 2364 lignea
907 2302 1050 2364 erat,
1076 2301 1174 2344 aut
1203 2290 1412 2359 lapidea
1439 2327 1453 2350 ,
1488 2295 1546 2339 ut
1567 2286 1789 2338 innuere
1810 2280 2142 2334 Athanasius

575 2387 790 2442 videtur
805 2400 925 2438 cum
949 2385 1024 2437 ait
1040 2403 1051 2436 :
1073 2379 1206 2436 Εἶτα
1225 2382 1299 2444 ὼς
1315 2380 1374 2433 τὸ
1391 2378 1507 2432 ὅλον
1524 2377 1618 2446 τῆς
1641 2373 1862 2442 ἐντολῆς
1879 2371 1981 2440 πλη
1993 2369 2140 2440 ροῦνο

577 2493 687 2540 τες,
703 2475 860 2528 τοῦτο
886 2474 994 2544 γὰρ
1008 2470 1075 2544 ἦν
1097 2473 1158 2525 τὸ
1184 2470 1632 2540 σπουδαζόμενον,
1661 2464 1817 2518 τοῦτο
1841 2463 1934 2516 καὶ
1967 2462 2141 2530 κόμης

579 2568 674 2622 καὶ
703 2565 1024 2628 ὁκαθολικὸς
1044 2563 1436 2635 παρήγγελλον·
1460 2561 1798 2629 ἁρπάσαντες
1823 2554 1892 2607 τὰ
1912 2573 1972 2607 συ
1981 2554 2144 2626 peet—

578 2659 688 2722 λια,
721 2659 816 2711 καὶ
855 2658 944 2711 τὸν
984 2656 1190 2726 Θρόνον,
1232 2656 1326 2708 καὶ
1369 2654 1464 2723 τὴν
1503 2650 1798 2722 τράπεζαν,
1828 2645 2010 2714 ξυλίνη
2035 2644 2142 2712 γὰρ

578 2745 668 2819 ἦν,
691 2749 786 2801 καὶ
807 2747 876 2800 τὰ
899 2746 1036 2816 βῆλα
1059 2745 1157 2814 τῆς
1184 2743 1498 2812 ἐκκλησίας,
1522 2741 1588 2793 τά
1605 2757 1662 2792 τε
1679 2738 1812 2793 ἄλλα
1837 2738 1936 2789 ὅσα
1957 2735 2145 2805 ἠδυνή-

581 2839 756 2909 Θησαν,
777 2837 1156 2904 ἐξενέγκαντες
1188 2835 1442 2886 ἔκαυσαν.
1477 2832 1528 2884 Id
1559 2839 1641 2884 est
1669 2848 1680 2883 :
1718 2827 1763 2880 II
1773 2829 1856 2880 inc
1877 2843 1977 2894 quo
2001 2826 2138 2891 peni-

580 2941 664 2984 tus
698 2931 1004 2983 mandatum
1035 2935 1438 2994 exsequerentur
1480 2924 1594 2994 (hoc
1624 2936 1845 2990 namque
1874 2919 1977 2972 illis
2001 2917 2144 2970 cordi

579 3034 716 3089 erat,
776 3025 871 3074 hoc
911 3023 1030 3074 item
1083 3033 1248 3070 comes
1278 3016 1686 3082 cotholicusque,
1727 3006 2143 3080 prwcipiebant),

1886 357 2410 415 PBOLEGOMENA.

2158 484 2204 539 Α
2231 507 2300 516 -
2341 475 2453 528 Mos
2509 473 2635 526 item
2690 473 2742 525 in
2779 472 3005 542 [Egypto
3051 469 3138 525 illa
3175 477 3335 524 aetate
3384 469 3522 534 fuit,
3558 477 3615 523 ut
3663 481 3799 523 non-

2233 564 2336 617 nisi
2381 562 2660 616 Dominico
2714 561 2801 614 die
2832 576 2984 614 sacra
3035 561 3316 613 adirentur
3347 571 3363 611 :
3395 558 3484 627 qui
3514 571 3797 612 sacrorum

2229 669 2359 708 usus
2430 651 2648 715 σύναξις
2709 651 2898 706 (ἓνωεθ
2961 649 3300 714 vocabatur,
3370 650 3520 702 varia
3601 646 3798 702 exinde

2229 745 2445 799 nomina
2499 751 2848 797 consecutus.
2904 740 3018 795 Non
3080 741 3286 794 licitum
3346 737 3800 800 catechumeuis,

2231 838 2508 906 multoque
2539 835 2720 888 minus
2746 832 3036 901 gentilibus
3085 842 3139 885 ct
3176 815 3800 894 Judtciserat,ohlationi

2230 939 2322 984 aut
2363 928 2536 983 sacris
2571 927 2735 978 rebus
2775 925 3058 977 interesse.
3091 923 3318 976 Sacrum
3349 922 3566 976 calicem
3591 918 3804 990 populis

2231 1021 2467 1090 episcopi
2499 1017 2880 1087 propinabant,
2910 1016 3366 1080 ministrantibus,
3386 1024 3441 1064 ut
3467 1027 3594 1067 vero
3625 1010 3803 1064 simile

2229 1108 2607 1174 est,diaconis.
2633 1106 2798 1159 Erant
2829 1107 3112 1174 populares
3144 1120 3354 1167 omnes,
3385 1113 3610 1172 excepto
3641 1101 3803 1156 cleri-

2230 1219 2416 1258 corum
2452 1201 2861 1268 cmtu,sacrarii
2897 1200 3041 1253 aditu
3075 1197 3374 1252 interclusi.
3410 1196 3548 1248 Intra
3577 1192 3801 1246 sacrarii

2232 1295 2490 1348 ambitum
2519 1301 2800 1361 suggestus
2829 1291 3035 1360 ligneus
3063 1301 3208 1350 erat,
3240 1288 3425 1358 Θρόνος
3463 1288 3659 1349 dictus,
3684 1284 3800 1338 edi-

2235 1386 2378 1448 tior,
2428 1399 2535 1453 quo
2574 1393 2890 1452 prospectus
2940 1380 3198 1448 episcopo
3247 1379 3311 1431 ad
3361 1377 3565 1442 plebem
3620 1383 3800 1441 esset;

2235 1485 2422 1544 atque,
2457 1483 2514 1526 ut
2540 1473 2774 1534 videtur,
2809 1471 3056 1539 proxime
3109 1468 3397 1535 populares
3457 1465 3686 1532 positus,
3744 1474 3802 1515 ut

2235 1564 2362 1617 hinc
2393 1561 2589 1627 clerus,
2614 1563 2737 1615 inde
2760 1560 2989 1629 populus
3006 1547 3242 1625 episcopi
3262 1555 3642 1624 conspectibus
3659 1560 3803 1618 pate-

2235 1664 2334 1709 ret.
2355 1655 2423 1710 Ut
2438 1653 2740 1724 episcopale
2760 1668 2952 1706 muuus
2970 1651 3213 1710 decebat,
3232 1660 3348 1702 erat
3371 1651 3592 1702 thronus
3613 1645 3802 1714 tapeti-

2236 1747 2334 1801 bus
2362 1745 2831 1810 velaminibusque
2875 1743 3298 1808 circumquaque
3329 1748 3642 1800 exornatus,
3685 1736 3803 1787 ἑπι-

2235 1838 2515 1900 σκοπικῶς
2539 1835 2944 1905 ἐστολισμένος·
2977 1842 3031 1886 et
3065 1833 3302 1900 quidem,
3337 1839 3392 1883 ut
3431 1844 3495 1882 ex
3525 1826 3803 1880 Athanasii

2237 1933 2413 1987 verbis
2430 1930 2682 1999 augurari
2713 1927 2859 1991 licet,
2880 1939 3032 1978 muro
3057 1923 3286 1986 defixus,
3311 1935 3414 1989 quo
3434 1920 3642 1974 ﬁrmius
3669 1933 3801 1970 cou~

2237 2026 2478 2081 sisteret.
2521 2023 2652 2076 Erat
2691 2019 2915 2075 ecclesia
2953 2016 3084 2071 velis
3109 2025 3200 2068 aut
3225 2015 3290 2067 ad
3324 2021 3594 2075 ornatum,
3624 2019 3716 2062 aut
3739 2009 3802 2060 ad

2238 2131 2392 2172 usum
2422 2113 2720 2183 quemlibet
2748 2112 3032 2172 instructa,
3064 2108 3302 2176 itemque
3327 2102 3603 2159 subselliis
3643 2111 3803 2168 atque

2239 2206 2492 2261 cancellis
2521 2204 2584 2256 ad
2621 2201 2800 2270 populi
2827 2200 3186 2254 commodum.
3216 2196 3367 2251 (ἐρτεί
3398 2204 3451 2249 et
3481 2191 3802 2248 candelabra

2241 2299 2378 2354 haud
2405 2296 2572 2352 semel
2600 2303 2998 2354 memorantur;
3038 2300 3091 2345 et
3121 2291 3354 2358 quidem,
3390 2298 3447 2340 ut
3478 2287 3705 2348 videtur,
3739 2283 3802 2336 ad

2242 2406 2355 2445 rem
2381 2403 2592 2443 sacram
2621 2387 2900 2455 deputata,
2932 2397 3029 2435 nec
3056 2380 3156 2436 nisi
3189 2397 3308 2435 cum
3348 2379 3551 2433 honore
3581 2375 3802 2429 tractari

2243 2481 2422 2534 solita.
2450 2478 2586 2532 Hinc
2616 2477 2862 2546 queritur
2895 2472 3240 2532 Athanasius,
3284 2468 3605 2524 candelabra
3634 2465 3806 2519 eccle-

2241 2572 2333 2625 siae
2383 2569 2449 2622 ad
2485 2568 2743 2638 parietem
2797 2564 3053 2619 reclinata
3101 2560 3285 2624 fuisse,
3326 2574 3388 2613 ac
3419 2557 3464 2612 si
3512 2557 3588 2611 rei
3635 2570 3806 2610 sacrm

2244 2663 2460 2717 violatae
2487 2662 2719 2715 Ariauos
2769 2664 3075 2712 accusaret.
3111 2654 3281 2719 Quem
3329 2666 3482 2705 usum
3519 2664 3803 2704 cereorum

2244 2757 2308 2807 ad
2337 2768 2448 2807 rem
2483 2766 2694 2805 sacram
2739 2750 2788 2802 in
2820 2748 3110 2804 Occidente
3145 2761 3245 2798 suo
3287 2759 3400 2797 aevo
3439 2743 3608 2796 fuisse
3649 2749 3803 2809 negat

2247 2844 2600 2913 llieronymus
2629 2840 2725 2909 (b),
2759 2839 3112 2904 conceditun
3146 2846 3322 2889 tamen
3358 2835 3409 2888 itt
3432 2832 3652 2888 Oriente
3707 2831 3805 2884 ad-

2248 2935 2468 2987 missum
2498 2932 2684 2986 fuisse.
2713 2930 3002 2998 Frequenti
3048 2943 3111 2980 ac
3139 2927 3352 2994 vulgato
3379 2941 3499 2990 usu,
3533 2939 3657 2977 cum
3693 2935 3808 2974 me-

2249 3035 2330 3078 tus
2367 3024 2615 3085 instaret,
2653 3032 2746 3076 aut
2788 3020 3117 3076 incursionis
3155 3017 3441 3072 formidine
3475 3014 3653 3084 p0puli
3693 3016 3808 3082 agi-

581 3114 852 3178 subsellia,
886 3113 1157 3175 thronum,
1197 3123 1449 3170 mensam,
1487 3123 1606 3158 nam
1648 3105 1821 3174 lignea
1863 3110 1997 3165 erat,
2035 3099 2142 3153 uela
2173 3142 2213 3198 Ο
2250 3126 2514 3178 ιπεηωι.ν
2555 3113 2757 3178 oleum,
2789 3113 2999 3173 vinum,
3038 3108 3324 3162 facultates
3361 3105 3717 3173 deportabant
3759 3104 3810 3158 in

581 3207 834 3268 ecclesia',
861 3221 920 3256 ac
951 3214 1139 3256 ca'tera
1168 3216 1285 3260 qua?
1316 3210 1548 3268 potuere,
1585 3197 1786 3261 direpta
1813 3201 2144 3261 etasportata

579 3297 998 3350 combusserunt.
1028 3293 1124 3346 Ubi
1165 3293 1250 3346 illa
1283 3294 1617 3359 exceptione,
1658 3303 1775 3340 nam
1800 3287 1967 3354 lignea
1996 3292 2142 3344 erat,

583 3387 786 3440 iudicat
807 3402 870 3439 ex
897 3386 1000 3438 alia
1037 3384 1258 3436 materia
1294 3393 1678 3446 nonnunquam
1701 3377 1904 3431 exstrui
1932 3375 2143 3438 altaria,

581 3475 788 3530 scilicet
832 3491 896 3528 ex
949 3475 1144 3543 lapide.
1193 3472 1452 3542 Ligneam
1498 3471 1669 3524 altare
1717 3477 1980 3520 memorat
2019 3467 2144 3518 item

580 3565 809 3636 Optatus
849 3567 1190 3620 Milevitanus
1228 3564 1300 3633 (α)
1347 3564 1432 3617 ubi
1469 3562 1580 3614 ait:
1619 3559 1748 3624 Quis
1770 3557 2004 3627 ﬁdelium
2054 3573 2152 3636 ne:

581 3665 704 3726 scit,
765 3663 819 3714 in
867 3659 1174 3728 peragendis
1203 3656 1458 3724 mysteriis
1507 3655 1616 3721 ipsa
1650 3651 1791 3720 ligna
1841 3651 2146 3702 linteamine

581 3756 838 3822 cooperiri
859 3755 884 3807 Ρ
914 3752 1063 3806 Inter
1079 3753 1190 3817 ipsa
1225 3758 1553 3802 sacramenta
1588 3745 1816 3799 velamen
1845 3744 2006 3812 potuit
2035 3755 2146 3795 tan-

579 3848 654 3916 gi,
675 3862 776 3898 non
795 3844 1014 3912 lignum.
1039 3842 1139 3893 Aut
1167 3841 1212 3892 si
1242 3848 1381 3891 tactu
1406 3839 1566 3903 possit
1591 3844 1861 3903 penetrare
1896 3834 2142 3894 velamen,

580 3913 704 4007 ergo
735 3947 1076 4002 penetrantur
1101 3935 1328 4000 etligna.
1359 3931 1418 3984 Si
1442 3929 1706 3996 penetrari
1730 3936 1943 3995 possunt
1975 3913 2145 3993 ligna,

581 4038 880 4096 penetratur
894 4037 940 4080 et
966 4037 1124 4078 terra.
1161 4023 1216 4077 Si
1236 4041 1266 4075 a
1292 4022 1428 4075 vobis
1459 4020 1657 4090 lignum
1685 4021 1974 4080 raditur,ct
2003 4027 2144 4068 terra

582 4137 702 4187 quia
732 4119 908 4171 subter
937 4126 1010 4169 est
1040 4116 1292 4183 fodiatur.
1330 4114 1498 4164 Altam
1552 4111 1705 4178 facile
1737 4110 1990 4171 scrobem,
2024 4108 2146 4158 dum

582 4230 677 4281 pro
705 4223 873 4266 vestro
903 4210 1122 4262 arbitrio
1146 4208 1380 4276 quieritis
1413 4205 1715 4274 puritatem.
1745 4201 1847 4254 Sed
1887 4203 2148 4253 observate

585 4321 646 4359 ne
666 4303 882 4357 veniatis
913 4302 980 4352 ad
1005 4298 1219 4368 inferos,
1245 4307 1290 4350 et
1321 4297 1428 4350 illic
1455 4295 1727 4349 inveniatis
1751 4291 1904 4358 Core,
1939 4291 2147 4344 Dat/tan

582 4405 628 4448 et
664 4394 857 4446 Abiron
913 4389 1306 4454 scltismaticos,
1361 4387 1640 4456 ntagistros
1685 4385 1883 4439 scilicet
1931 4394 2144 4436 vestros.

2248 3203 2508 3259 ecclesias
2535 3218 2632 3257 ceu
2681 3203 2734 3257 iu
2771 3201 3000 3271 perfugii
3035 3214 3095 3252 ac
3124 3197 3356 3266 praesidii
3392 3197 3524 3250 loca.

2316 3296 2368 3349 4.
2391 3295 2762 3366 Baptisterium
2783 3293 2854 3362 (p.
2883 3293 2993 3361 90).
3013 3290 3166 3344 Fidei
3193 3290 3448 3358 confessio
3480 3291 3531 3342 in
3558 3289 3811 3357 baptismo

2249 3392 2322 3458 (p.
2354 3389 2466 3458 9‘2).
2501 3386 2970 3454 ——Baptisterium
3007 3384 3060 3436 in
3110 3384 3336 3437 ecclesia
3369 3392 3505 3444 erat,
3537 3396 3688 3435 muro
3721 3393 3815 3434 aut

2246 3482 2434 3534 saltem
2471 3489 2622 3547 septo
2650 3477 2827 3543 ligneo
2864 3475 3126 3528 clausum.
3155 3472 3285 3526 Nam
3311 3471 3815 3540 queriturAthaua-

2247 3575 2380 3637 sius,
2415 3572 2630 3626 Judzeos
2677 3571 2728 3624 in
2763 3568 3140 3639 baptisterium
3173 3567 3298 3622 dum
3332 3563 3693 3631 conﬂagraret
3732 3563 3813 3616 in-

2247 3680 2482 3735 gressos.
2537 3664 2640 3730 Qui
2684 3679 2845 3717 sacro
2880 3661 3204 3731 baptismate
3242 3659 3622 3728 tingehautur,
3672 3657 3816 3709 hanc

2249 3756 2562 3825 perbrevem
2588 3770 2686 3810 cett
2717 3755 2838 3808 fidei
2878 3752 3160 3807 formulam
3198 3749 3496 3804 recitabant
3523 3765 3534 3798 :
3563 3745 3731 3800 Credo
3762 3747 3815 3799 in

2251 3847 2413 3900 Deum
2460 3846 2670 3900 Patrem
2705 3847 3131 3913 omnipotentem,
3169 3851 3214 3893 et
3257 3841 3307 3892 in
3335 3839 3512 3892 Jesum
3547 3836 3816 3890 Christum

2253 3936 2454 3991 Filium
2485 3937 2601 4006 ejus
2628 3937 2972 4005 unigenitum,
3001 3943 3050 3987 et
3083 3932 3135 3985 in
3173 3931 3424 3999 Spiritum
3461 3938 3724 3983 sanctum.
3760 3925 3815 3978 In

2247 4039 2488 4083 extremo
2509 4028 2632 4082 vita:
2657 4027 2955 4096 baptismus
2979 4021 3390 4093 quamplurimis
3412 4017 3812 4081 conferebatur,

2251 4118 2301 4170 in
2325 4133 2485 4186 quam
2516 4116 2967 4171 consuetudinem
2999 4113 3266 4165 acerrime
3319 4111 3591 4163 invehitur
3633 4107 3818 4177 Augu-

2249 4209 2444 4262 stinus.
2483 4208 2648 4262 Erant
2677 4216 2852 4260 tamen
2883 4205 2971 4273 qui
2995 4203 3061 4258 ad
3084 4204 3286 4258 obitum
3336 4214 3504 4268 usque
3561 4213 3674 4252 rem
3711 4213 3818 4252 non

2250 4301 2620 4364 extraherent,
2658 4307 2712 4351 ut
2744 4298 2794 4350 in
2831 4296 2946 4350 loco
2978 4295 3224 4364 superius
3250 4293 3410 4348 allato
3435 4289 3617 4344 videre
3645 4299 3729 4344 est
3766 4298 3819 4342 et

2254 4389 2303 4441 iu
2351 4388 2468 4439 Vita
2497 4387 2799 4440 Athanasii.

586 4484 726 4553 Ergo
763 4494 810 4537 et
845 4483 1059 4553 fregisse
1085 4497 1171 4534 vos
1209 4491 1256 4533 et
1293 4481 1483 4532 rasisse
1527 4487 1726 4531 constat
1768 4474 1982 4529 altaria.
2007 4473 2146 4538 Quid
2181 4476 2222 4529 D
2323 4476 2376 4530 5.
2416 4475 2656 4528 Delectus
2696 4476 2920 4540 episcOpi
2957 4473 3032 4540 (p.
3072 4471 3164 4536 88,
3214 4471 3337 4535 102,
3379 4460 3502 4535 H7,
3542 4469 3667 4535 207,
3693 4469 3816 4528 210,

582 4582 658 4628 est
685 4574 823 4642 quod
850 4574 904 4624 in
939 4571 1035 4623 hac
1070 4586 1124 4624 re
1150 4579 1311 4623 vester
1336 4569 1488 4636 quasi
1509 4565 1755 4634 languere
1785 4564 1922 4616 uisus
1957 4570 2033 4616 est
2064 4561 2149 4630 fu-

585 4679 671 4717 ror
688 4665 714 4717 7.
762 4660 1006 4715 Videmus
1036 4661 1174 4713 enim
1213 4674 1298 4714 vos
1327 4667 1506 4726 postea
1533 4663 1761 4708 mutasse
1783 4653 2078 4716 consilium,
2097 4660 2146 4705 et

583 4754 778 4806 altaria
809 4769 843 4806 α
877 4753 1018 4806 vobis
1032 4752 1149 4819 jam
1176 4766 1276 4803 non
1295 4748 1496 4818 frangi,
1526 4750 1612 4799 sed
1640 4745 1757 4797 radi
1788 4744 2148 4796 tantummodo

584 4853 677 4897 aut
705 4843 971 4897 removeri.
1001 4841 1150 4895 Unde
1171 4839 1448 4909 propalam
1477 4837 1558 4900 fit,
1588 4835 1678 4888 illa
1709 4843 2026 4903 tempestate
2053 4847 2148 4885 usu

585 4943 860 5002 receptum
908 4931 1076 4986 fuisse
1099 4931 1361 4985 utaltaria
1387 4929 1564 4999 lignea
1593 4937 1798 4990 essent,
1828 4938 1931 4978 non
1969 4924 2148 4978 omnia

584 5031 824 5100 quidem,
849 5030 945 5085 sed
972 5027 1178 5097 lapidea
1213 5039 1430 5096 quoque
1456 5022 1559 5076 alia
1591 5020 2147 5088 deprehenderentur,

585 5137 644 5179 ut
679 5125 962 5181 Athanasii
1000 5123 1324 5193 exceptione
1369 5118 1707 5186 exploratum
1737 5115 1975 5174 videtur,
2008 5123 2062 5165 et
2093 5122 2150 5166 ut

582 5219 785 5272 diserte
823 5216 902 5270 ait
934 5216 1360 5284 Cbrysostomus
1404 5211 1549 5264 hom.
1586 5206 1657 5260 20
1697 5207 1749 5258 in
1775 5203 1834 5256 II
1859 5205 1925 5256 ad
1969 5203 2150 5256 Corin-

580 5309 736 5363 tln‘os.

649 5326 653 5358 ι
719 5345 736 5363 .

649 5324 964 5467 ἔδμηαωίε
1011 5396 1088 5464 (p.
1137 5393 1257 5454 105,
1301 5391 1422 5456 156,
1471 5388 1616 5456 116).
1660 5386 1829 5440 Locus
1874 5386 2007 5455 plebi
2050 5387 2140 5439 de-

580 5499 793 5557 putatus
830 5489 884 5541 in
919 5486 1132 5541 ecclesia
1181 5482 1258 5553 (p.
1305 5482 1427 5544 105,
1471 5479 1619 5547 5η).
1655 5477 1895 5531 Tltronus
1945 5480 2144 5546 episco-

580 5579 714 5646 palis
774 5581 852 5649 (p.
900 5577 1026 5646 265,
1077 5577 1219 5646 109).
1284 5572 1430 5628 Cerei
1475 5582 1518 5624 et
1560 5569 1876 5622 candelabra
1915 5569 1992 5638 (p.
2031 5569 2142 5639 90).

659 5779 728 5849 (α)
753 5777 933 5848 Optat.
985 5779 1078 5834 lib.
1114 5795 1163 5833 Vl
1197 5788 1377 5833 contra
1416 5773 1840 5831 Parmenianum.

2251 4565 2595 4636 28l).—-Mos
2629 4574 2766 4630 erat,
2804 4576 2860 4618 ut
2887 4566 3171 4633 episcopus
3201 4564 3522 4633 deligeretur
3555 4578 3582 4615 a
3627 4562 3820 4632 populo

2253 4669 2306 4714 et
2339 4675 2364 4710 a
2395 4659 2542 4714 clero
2577 4674 2589 4709 :
2631 4658 2926 4726 etquidem
2954 4672 3016 4712 ex
3051 4667 3194 4710 coetu
3241 4656 3370 4710 cleri
3419 4654 3659 4722 ejusdem
3688 4655 3819 4710 civi-

2257 4752 2399 4814 tatis,
2442 4751 2494 4804 in
2526 4765 2696 4821 eaque
2729 4751 3050 4818 baptizatus,
3079 4751 3359 4808 educatus,
3388 4748 3597 4816 populis
3623 4737 3781 4801 notus
3807 4787 3820 4811 ,

2258 4845 2495 4914 ipsisque
2528 4842 2974 4897 acclamantibus.
3025 4841 3137 4907 Qua
3175 4840 3226 4892 in
3256 4855 3312 4892 re
3349 4850 3525 4892 tamen
3568 4854 3670 4892 non
3719 4855 3820 4892 una

2257 4932 2613 4996 consuetudo,
2666 4947 2772 4985 non
2814 4947 2928 4986 mos
2957 4932 3154 4998 ubique
3186 4930 3352 4984 idem.
3402 4927 3518 4981 Jam
3565 4933 3710 4981 enim
3761 4946 3825 4983 eo

2261 5035 2502 5092 tempore
2547 5024 2799 5078 homines
2838 5033 2994 5076 erant
3026 5022 3250 5075 honoris
3279 5036 3439 5088 quam
3483 5017 3644 5072 ofﬁcii
3675 5020 3824 5088 cupi-

2255 5115 2458 5178 diores,
2491 5114 2582 5181 qui
2628 5114 2683 5167 in
2708 5113 3050 5182 episc0patus
3091 5112 3417 5175 involareut,
3466 5111 3536 5170 vi,
3573 5111 3822 5178 pecunia,

2253 5206 2425 5274 gratia
2443 5205 2833 5274 etpatrociuio.
2860 5203 2926 5255 Et
2953 5201 3206 5271 frequens
3238 5203 3324 5256 illa
3357 5212 3677 5269 tempestate
3703 5200 3825 5266 fuit,

2255 5297 2500 5352 homines
2549 5299 2752 5362 videre,
2793 5298 2884 5366 qui
2931 5298 2998 5352 de
3041 5297 3243 5349 amhitu
3275 5295 3707 5362 postulabantur,
3769 5294 3822 5346 in

2251 5389 2488 5457 synodis.
2520 5388 2628 5444 Nec
2660 5389 2875 5458 impune
2907 5396 3062 5440 erant
3087 5386 3176 5454 qui
3219 5402 3323 5439 non
3359 5386 3482 5438 trita
3511 5385 3594 5437 via
3627 5383 3824 5452 gradus

2253 5478 2651 5534 ecclesiasticos
2681 5479 2915 5533 adirent.
2945 5478 3227 5531 Exteriore
3263 5478 3671 5550 quadamnota
3711 5478 3824 5543 epi-

2254 5569 2425 5639 scepi,
2457 5575 2621 5625 etiam
2653 5587 2773 5626 cum
2809 5568 3200 5624 decumbereut
3259 5583 3321 5622 ac
3365 5582 3611 5622 somnum
3658 5580 3825 5637 cape-

2327 5775 2400 5844 (b)
2436 5773 2490 5828 In
2519 5773 2610 5831 lib.
2641 5784 2820 5830 contra
2863 5775 3227 5846 Vigilantiam.
