  <div class='ocr_page' id='page_1' title='image "/cluster/home/n/w/nwhite01/storage/ocr_20150623/25/hvd.32044004972428/042.png"; bbox 0 0 3998 6528; ppageno 0'>
   <div class='ocr_carea' id='block_1_1' title="bbox 1224 355 2533 423">
    <p class='ocr_par' dir='ltr' id='par_1_1' title="bbox 1224 355 2533 423">
     <span class='ocr_line' id='line_1_1' title="bbox 1224 355 2533 423; baseline -0.009 0"><span class='ocrx_word' id='word_1_1' title='bbox 1224 358 1598 423; x_wconf 70' lang='grc' dir='ltr'><strong>ΡΒᾹΞΡΑΤΙΟ</strong></span> <span class='ocrx_word' id='word_1_2' title='bbox 1646 358 1998 418; x_wconf 84' lang='lat' dir='ltr'><strong>EDITIONIS</strong></span> <span class='ocrx_word' id='word_1_3' title='bbox 2032 355 2533 414; x_wconf 61' lang='lat' dir='ltr'><strong>BENEDICTINIE.</strong></span> 
     </span>
    </p>
   </div>
   <div class='ocr_carea' id='block_1_2' title="bbox 3286 366 3497 437">
    <p class='ocr_par' dir='ltr' id='par_1_2' title="bbox 3286 366 3497 437">
     <span class='ocr_line' id='line_1_2' title="bbox 3286 366 3497 437; baseline 0.005 -24"><span class='ocrx_word' id='word_1_4' title='bbox 3286 366 3497 437; x_wconf 76' lang='lat' dir='ltr'><strong>_xxxvu</strong></span> 
     </span>
    </p>
   </div>
   <div class='ocr_carea' id='block_1_3' title="bbox 191 464 3498 562">
    <p class='ocr_par' dir='ltr' id='par_1_3' title="bbox 191 464 3498 562">
     <span class='ocr_line' id='line_1_3' title="bbox 191 464 3498 562; baseline -0.004 -11"><span class='ocrx_word' id='word_1_5' title='bbox 191 501 321 559; x_wconf 80' lang='lat' dir='ltr'><strong>rent,</strong></span> <span class='ocrx_word' id='word_1_6' title='bbox 343 491 896 562; x_wconf 79' lang='lat' dir='ltr'><strong>dignoscebantur;</strong></span> <span class='ocrx_word' id='word_1_7' title='bbox 929 494 1020 549; x_wconf 89' lang='lat' dir='ltr'><strong>sed</strong></span> <span class='ocrx_word' id='word_1_8' title='bbox 1045 506 1160 562; x_wconf 73' lang='lat' dir='ltr'><strong>qua:</strong></span> <span class='ocrx_word' id='word_1_9' title='bbox 1188 490 1275 545; x_wconf 90' lang='lat' dir='ltr'><strong>illa</strong></span> <span class='ocrx_word' id='word_1_10' title='bbox 1316 500 1440 545; x_wconf 90' lang='lat' dir='ltr'><strong>nota</strong></span> <span class='ocrx_word' id='word_1_11' title='bbox 1478 498 1623 544; x_wconf 89' lang='lat' dir='ltr'><strong>esset</strong></span> <span class='ocrx_word' id='word_1_12' title='bbox 1651 489 1812 559; x_wconf 78' lang='lat' dir='ltr'><strong>igno-</strong></span> <span class='ocrx_word' id='word_1_13' title='bbox 1839 493 1891 549; x_wconf 77' lang='grc' dir='ltr'><strong>Α</strong></span> <span class='ocrx_word' id='word_1_14' title='bbox 1915 484 2055 556; x_wconf 83' lang='lat' dir='ltr'><strong>quod</strong></span> <span class='ocrx_word' id='word_1_15' title='bbox 2072 485 2279 553; x_wconf 86' lang='lat' dir='ltr'><strong>justum</strong></span> <span class='ocrx_word' id='word_1_16' title='bbox 2304 492 2378 537; x_wconf 85' lang='lat' dir='ltr'><strong>est</strong></span> <span class='ocrx_word' id='word_1_17' title='bbox 2396 464 2720 536; x_wconf 78' lang='lat' dir='ltr'><strong>decernatur</strong></span> <span class='ocrx_word' id='word_1_18' title='bbox 2744 483 2775 541; x_wconf 70' lang='grc'><em>2</em></span> <span class='ocrx_word' id='word_1_19' title='bbox 2795 482 2861 537; x_wconf 84' lang='lat' dir='ltr'><strong>Et</strong></span> <span class='ocrx_word' id='word_1_20' title='bbox 2910 497 3040 539; x_wconf 82' lang='lat' dir='ltr'><strong>sane</strong></span> <span class='ocrx_word' id='word_1_21' title='bbox 3073 481 3297 555; x_wconf 81' lang='lat' dir='ltr'><strong>hujusce</strong></span> <span class='ocrx_word' id='word_1_22' title='bbox 3332 485 3498 538; x_wconf 88' lang='lat' dir='ltr'><strong>moris</strong></span> 
     </span>
    </p>
   </div>
   <div class='ocr_carea' id='block_1_4' title="bbox 194 579 1812 654">
    <p class='ocr_par' dir='ltr' id='par_1_4' title="bbox 194 579 1812 654">
     <span class='ocr_line' id='line_1_4' title="bbox 194 579 1812 654; baseline -0.003 -15"><span class='ocrx_word' id='word_1_23' title='bbox 194 595 354 639; x_wconf 82' lang='lat' dir='ltr'><strong>ratur.</strong></span> <span class='ocrx_word' id='word_1_24' title='bbox 387 581 534 637; x_wconf 85' lang='lat' dir='ltr'><strong>Tres</strong></span> <span class='ocrx_word' id='word_1_25' title='bbox 549 584 855 654; x_wconf 79' lang='lat' dir='ltr'><strong>episcopi,</strong></span> <span class='ocrx_word' id='word_1_26' title='bbox 899 595 1109 654; x_wconf 88' lang='lat' dir='ltr'><strong>recepto</strong></span> <span class='ocrx_word' id='word_1_27' title='bbox 1146 592 1201 638; x_wconf 91' lang='lat' dir='ltr'><strong>et</strong></span> <span class='ocrx_word' id='word_1_28' title='bbox 1226 583 1444 654; x_wconf 81' lang='lat' dir='ltr'><strong>vulgato</strong></span> <span class='ocrx_word' id='word_1_29' title='bbox 1469 595 1639 644; x_wconf 83' lang='lat' dir='ltr'><strong>more,</strong></span> <span class='ocrx_word' id='word_1_30' title='bbox 1665 579 1812 635; x_wconf 85' lang='lat' dir='ltr'><strong>ordi-</strong></span> 
     </span>
    </p>
   </div>
   <div class='ocr_carea' id='block_1_5' title="bbox 196 673 1812 747">
    <p class='ocr_par' dir='ltr' id='par_1_5' title="bbox 196 673 1812 747">
     <span class='ocr_line' id='line_1_5' title="bbox 196 673 1812 747; baseline -0.002 -17"><span class='ocrx_word' id='word_1_31' title='bbox 196 676 381 730; x_wconf 83' lang='lat' dir='ltr'><strong>nabant</strong></span> <span class='ocrx_word' id='word_1_32' title='bbox 414 689 548 729; x_wconf 87' lang='lat' dir='ltr'><strong>eum</strong></span> <span class='ocrx_word' id='word_1_33' title='bbox 584 676 692 744; x_wconf 98' lang='lat' dir='ltr'><strong>qui</strong></span> <span class='ocrx_word' id='word_1_34' title='bbox 730 691 768 729; x_wconf 84' lang='lat' dir='ltr'><strong>a</strong></span> <span class='ocrx_word' id='word_1_35' title='bbox 802 678 1025 747; x_wconf 83' lang='lat' dir='ltr'><strong>populis</strong></span> <span class='ocrx_word' id='word_1_36' title='bbox 1061 676 1284 730; x_wconf 76' lang='lat' dir='ltr'><strong>allectus</strong></span> <span class='ocrx_word' id='word_1_37' title='bbox 1300 683 1464 729; x_wconf 85' lang='lat' dir='ltr'><strong>esset.</strong></span> <span class='ocrx_word' id='word_1_38' title='bbox 1494 674 1694 729; x_wconf 82' lang='lat' dir='ltr'><strong>Verum</strong></span> <span class='ocrx_word' id='word_1_39' title='bbox 1725 673 1812 727; x_wconf 86' lang='lat' dir='ltr'><strong>in-</strong></span> 
     </span>
    </p>
   </div>
   <div class='ocr_carea' id='block_1_6' title="bbox 195 766 1813 832">
    <p class='ocr_par' dir='ltr' id='par_1_6' title="bbox 195 766 1813 832">
     <span class='ocr_line' id='line_1_6' title="bbox 195 766 1813 832; baseline -0.002 -8"><span class='ocrx_word' id='word_1_40' title='bbox 195 776 357 824; x_wconf 83' lang='lat' dir='ltr'><strong>stante</strong></span> <span class='ocrx_word' id='word_1_41' title='bbox 377 767 805 821; x_wconf 72' lang='lat' dir='ltr'><strong>haereticorum</strong></span> <span class='ocrx_word' id='word_1_42' title='bbox 831 768 1144 832; x_wconf 78' lang='lat' dir='ltr'><strong>formidine,</strong></span> <span class='ocrx_word' id='word_1_43' title='bbox 1170 782 1290 821; x_wconf 90' lang='lat' dir='ltr'><strong>cum</strong></span> <span class='ocrx_word' id='word_1_44' title='bbox 1316 781 1420 820; x_wconf 91' lang='lat' dir='ltr'><strong>non</strong></span> <span class='ocrx_word' id='word_1_45' title='bbox 1451 766 1609 820; x_wconf 84' lang='lat' dir='ltr'><strong>liberi</strong></span> <span class='ocrx_word' id='word_1_46' title='bbox 1634 767 1813 820; x_wconf 89' lang='lat' dir='ltr'><strong>aditus</strong></span> 
     </span>
    </p>
   </div>
   <div class='ocr_carea' id='block_1_7' title="bbox 198 856 1815 929">
    <p class='ocr_par' dir='ltr' id='par_1_7' title="bbox 198 856 1815 929">
     <span class='ocr_line' id='line_1_7' title="bbox 198 856 1815 929; baseline -0.001 -15"><span class='ocrx_word' id='word_1_47' title='bbox 198 869 361 914; x_wconf 66' lang='lat' dir='ltr'><strong>essent</strong></span> <span class='ocrx_word' id='word_1_48' title='bbox 383 856 452 909; x_wconf 87' lang='lat' dir='ltr'><strong>ad</strong></span> <span class='ocrx_word' id='word_1_49' title='bbox 485 872 619 910; x_wconf 87' lang='lat' dir='ltr'><strong>eam</strong></span> <span class='ocrx_word' id='word_1_50' title='bbox 651 858 989 924; x_wconf 86' lang='lat' dir='ltr'><strong>civitatem,</strong></span> <span class='ocrx_word' id='word_1_51' title='bbox 1009 876 1142 915; x_wconf 90' lang='lat' dir='ltr'><strong>unus</strong></span> <span class='ocrx_word' id='word_1_52' title='bbox 1163 868 1374 929; x_wconf 85' lang='lat' dir='ltr'><strong>poterat</strong></span> <span class='ocrx_word' id='word_1_53' title='bbox 1400 858 1575 913; x_wconf 87' lang='lat' dir='ltr'><strong>olIicio</strong></span> <span class='ocrx_word' id='word_1_54' title='bbox 1600 857 1693 912; x_wconf 87' lang='lat' dir='ltr'><strong>tali</strong></span> <span class='ocrx_word' id='word_1_55' title='bbox 1716 858 1815 912; x_wconf 91' lang='lat' dir='ltr'><strong>de-</strong></span> 
     </span>
    </p>
   </div>
   <div class='ocr_carea' id='block_1_8' title="bbox 200 948 1814 1018">
    <p class='ocr_par' dir='ltr' id='par_1_8' title="bbox 200 948 1814 1018">
     <span class='ocr_line' id='line_1_8' title="bbox 200 948 1814 1018; baseline -0.002 -14"><span class='ocrx_word' id='word_1_56' title='bbox 200 949 350 1018; x_wconf 73' lang='lat' dir='ltr'><strong>iungi,</strong></span> <span class='ocrx_word' id='word_1_57' title='bbox 408 958 472 1001; x_wconf 87' lang='lat' dir='ltr'><strong>ut</strong></span> <span class='ocrx_word' id='word_1_58' title='bbox 529 951 821 1016; x_wconf 78' lang='lat' dir='ltr'><strong>exemplo</strong></span> <span class='ocrx_word' id='word_1_59' title='bbox 876 951 1075 1006; x_wconf 87' lang='lat' dir='ltr'><strong>Siderii</strong></span> <span class='ocrx_word' id='word_1_60' title='bbox 1126 952 1559 1005; x_wconf 79' lang='lat' dir='ltr'><strong>animadvertere</strong></span> <span class='ocrx_word' id='word_1_61' title='bbox 1607 958 1693 1004; x_wconf 90' lang='lat' dir='ltr'><strong>est</strong></span> <span class='ocrx_word' id='word_1_62' title='bbox 1746 948 1814 1002; x_wconf 91' lang='lat' dir='ltr'><strong>ad</strong></span> 
     </span>
    </p>
   </div>
   <div class='ocr_carea' id='block_1_9' title="bbox 200 1026 1814 1111">
    <p class='ocr_par' dir='ltr' id='par_1_9' title="bbox 200 1026 1814 1111">
     <span class='ocr_line' id='line_1_9' title="bbox 200 1026 1814 1111; baseline -0.001 -15"><span class='ocrx_word' id='word_1_63' title='bbox 200 1056 381 1096; x_wconf 86' lang='lat' dir='ltr'><strong>annum</strong></span> <span class='ocrx_word' id='word_1_64' title='bbox 406 1038 542 1094; x_wconf 77' lang='lat'><strong>371.</strong></span> <span class='ocrx_word' id='word_1_65' title='bbox 573 1039 763 1095; x_wconf 79' lang='lat' dir='ltr'><strong>Nefas</strong></span> <span class='ocrx_word' id='word_1_66' title='bbox 793 1050 922 1095; x_wconf 85' lang='lat' dir='ltr'><strong>erat</strong></span> <span class='ocrx_word' id='word_1_67' title='bbox 945 1045 1275 1111; x_wconf 82' lang='lat' dir='ltr'><strong>episcOpum,</strong></span> <span class='ocrx_word' id='word_1_68' title='bbox 1304 1043 1408 1097; x_wconf 83' lang='lat' dir='ltr'><strong>nisi</strong></span> <span class='ocrx_word' id='word_1_69' title='bbox 1441 1026 1690 1110; x_wconf 83' lang='lat' dir='ltr'><strong>suprema</strong></span> <span class='ocrx_word' id='word_1_70' title='bbox 1724 1055 1814 1094; x_wconf 87' lang='lat' dir='ltr'><strong>ne-</strong></span> 
     </span>
    </p>
   </div>
   <div class='ocr_carea' id='block_1_10' title="bbox 199 1131 1817 1207">
    <p class='ocr_par' dir='ltr' id='par_1_10' title="bbox 199 1131 1817 1207">
     <span class='ocr_line' id='line_1_10' title="bbox 199 1131 1817 1207; baseline -0.002 -18"><span class='ocrx_word' id='word_1_71' title='bbox 199 1134 405 1189; x_wconf 81' lang='lat' dir='ltr'><strong>cessitas</strong></span> <span class='ocrx_word' id='word_1_72' title='bbox 429 1142 676 1201; x_wconf 76' lang='lat' dir='ltr'><strong>urgeret</strong></span> <span class='ocrx_word' id='word_1_73' title='bbox 700 1176 716 1200; x_wconf 93' lang='lat'><strong>,</strong></span> <span class='ocrx_word' id='word_1_74' title='bbox 753 1134 1133 1204; x_wconf 90' lang='lat' dir='ltr'><strong>episcopatum</strong></span> <span class='ocrx_word' id='word_1_75' title='bbox 1165 1136 1413 1189; x_wconf 82' lang='lat' dir='ltr'><strong>deserere</strong></span> <span class='ocrx_word' id='word_1_76' title='bbox 1461 1156 1473 1191; x_wconf 91' lang='lat'>:</span> <span class='ocrx_word' id='word_1_77' title='bbox 1501 1132 1630 1187; x_wconf 81' lang='lat' dir='ltr'><strong>Cum</strong></span> <span class='ocrx_word' id='word_1_78' title='bbox 1669 1131 1817 1207; x_wconf 78' lang='lat' dir='ltr'><strong>Scri-</strong></span> 
     </span>
    </p>
   </div>
   <div class='ocr_carea' id='block_1_11' title="bbox 198 1224 1814 1293">
    <p class='ocr_par' dir='ltr' id='par_1_11' title="bbox 198 1224 1814 1293">
     <span class='ocr_line' id='line_1_11' title="bbox 198 1224 1814 1293; baseline 0 -18"><span class='ocrx_word' id='word_1_79' title='bbox 198 1235 359 1293; x_wconf 75' lang='lat' dir='ltr'><strong>ptaras</strong></span> <span class='ocrx_word' id='word_1_80' title='bbox 396 1224 625 1293; x_wconf 77' lang='lat' dir='ltr'><strong>legeris,</strong></span> <span class='ocrx_word' id='word_1_81' title='bbox 670 1226 759 1279; x_wconf 79' lang='lat' dir='ltr'><strong>ait</strong></span> <span class='ocrx_word' id='word_1_82' title='bbox 792 1226 1027 1292; x_wconf 80' lang='lat' dir='ltr'><strong>pulchre</strong></span> <span class='ocrx_word' id='word_1_83' title='bbox 1062 1225 1390 1280; x_wconf 82' lang='lat' dir='ltr'><strong>Athanasius</strong></span> <span class='ocrx_word' id='word_1_84' title='bbox 1438 1225 1814 1279; x_wconf 84' lang='lat' dir='ltr'><strong>Constantium</strong></span> 
     </span>
    </p>
   </div>
   <div class='ocr_carea' id='block_1_12' title="bbox 198 1314 1819 1382">
    <p class='ocr_par' dir='ltr' id='par_1_12' title="bbox 198 1314 1819 1382">
     <span class='ocr_line' id='line_1_12' title="bbox 198 1314 1819 1382; baseline 0 -15"><span class='ocrx_word' id='word_1_85' title='bbox 198 1317 487 1382; x_wconf 78' lang='lat' dir='ltr'><strong>alloquens,</strong></span> <span class='ocrx_word' id='word_1_86' title='bbox 534 1315 697 1367; x_wconf 80' lang='lat' dir='ltr'><strong>nosti</strong></span> <span class='ocrx_word' id='word_1_87' title='bbox 744 1324 1020 1382; x_wconf 80' lang='lat' dir='ltr'><strong>quantum</strong></span> <span class='ocrx_word' id='word_1_88' title='bbox 1063 1314 1194 1367; x_wconf 85' lang='lat' dir='ltr'><strong>illud</strong></span> <span class='ocrx_word' id='word_1_89' title='bbox 1228 1316 1295 1367; x_wconf 86' lang='lat' dir='ltr'><strong>sit</strong></span> <span class='ocrx_word' id='word_1_90' title='bbox 1326 1315 1584 1380; x_wconf 78' lang='lat' dir='ltr'><strong>criminis,</strong></span> <span class='ocrx_word' id='word_1_91' title='bbox 1617 1314 1819 1382; x_wconf 82' lang='lat' dir='ltr'><strong>episco-</strong></span> 
     </span>
    </p>
   </div>
   <div class='ocr_carea' id='block_1_13' title="bbox 197 1405 1818 1475">
    <p class='ocr_par' dir='ltr' id='par_1_13' title="bbox 197 1405 1818 1475">
     <span class='ocr_line' id='line_1_13' title="bbox 197 1405 1818 1475; baseline 0.002 -18"><span class='ocrx_word' id='word_1_92' title='bbox 197 1422 303 1475; x_wconf 83' lang='lat' dir='ltr'><strong>ptmt</strong></span> <span class='ocrx_word' id='word_1_93' title='bbox 354 1405 674 1457; x_wconf 79' lang='lat' dir='ltr'><strong>Ecclesium</strong></span> <span class='ocrx_word' id='word_1_94' title='bbox 736 1405 994 1458; x_wconf 75' lang='lat' dir='ltr'><strong>deserere</strong></span> <span class='ocrx_word' id='word_1_95' title='bbox 1025 1422 1210 1469; x_wconf 87' lang='lat' dir='ltr'><strong>suam,</strong></span> <span class='ocrx_word' id='word_1_96' title='bbox 1268 1405 1466 1472; x_wconf 81' lang='lat' dir='ltr'><strong>Deique</strong></span> <span class='ocrx_word' id='word_1_97' title='bbox 1498 1406 1657 1459; x_wconf 83' lang='lat' dir='ltr'><strong>ouilia</strong></span> <span class='ocrx_word' id='word_1_98' title='bbox 1714 1422 1818 1459; x_wconf 85' lang='lat' dir='ltr'><strong>non</strong></span> 
     </span>
    </p>
   </div>
   <div class='ocr_carea' id='block_1_14' title="bbox 198 1495 1817 1568">
    <p class='ocr_par' dir='ltr' id='par_1_14' title="bbox 198 1495 1817 1568">
     <span class='ocr_line' id='line_1_14' title="bbox 198 1495 1817 1568; baseline 0 -18"><span class='ocrx_word' id='word_1_99' title='bbox 198 1514 386 1552; x_wconf 79' lang='lat' dir='ltr'><strong>curare.</strong></span> <span class='ocrx_word' id='word_1_100' title='bbox 436 1495 763 1552; x_wconf 80' lang='lat' dir='ltr'><strong>Pastorum</strong></span> <span class='ocrx_word' id='word_1_101' title='bbox 824 1499 974 1551; x_wconf 81' lang='lat' dir='ltr'><strong>enim</strong></span> <span class='ocrx_word' id='word_1_102' title='bbox 1038 1497 1276 1550; x_wconf 75' lang='lat' dir='ltr'><strong>absentia</strong></span> <span class='ocrx_word' id='word_1_103' title='bbox 1311 1499 1481 1568; x_wconf 83' lang='lat' dir='ltr'><strong>gregis</strong></span> <span class='ocrx_word' id='word_1_104' title='bbox 1534 1498 1817 1553; x_wconf 78' lang='lat' dir='ltr'><strong>invadendi</strong></span> 
     </span>
    </p>
   </div>
   <div class='ocr_carea' id='block_1_15' title="bbox 198 1588 1819 1661">
    <p class='ocr_par' dir='ltr' id='par_1_15' title="bbox 198 1588 1819 1661">
     <span class='ocr_line' id='line_1_15' title="bbox 198 1588 1819 1661; baseline 0.001 -18"><span class='ocrx_word' id='word_1_105' title='bbox 198 1592 512 1643; x_wconf 79' lang='lat' dir='ltr'><strong>occasionem</strong></span> <span class='ocrx_word' id='word_1_106' title='bbox 545 1590 707 1659; x_wconf 82' lang='lat' dir='ltr'><strong>lupis</strong></span> <span class='ocrx_word' id='word_1_107' title='bbox 741 1592 978 1659; x_wconf 66' lang='lat' dir='ltr'><strong>praebet.</strong></span> <span class='ocrx_word' id='word_1_108' title='bbox 1006 1588 1072 1643; x_wconf 87' lang='lat' dir='ltr'><strong>Et</strong></span> <span class='ocrx_word' id='word_1_109' title='bbox 1095 1599 1292 1645; x_wconf 62' lang='lat' dir='ltr'><strong>extera</strong></span> <span class='ocrx_word' id='word_1_110' title='bbox 1318 1606 1438 1661; x_wconf 64' lang='lat' dir='ltr'><strong>quae</strong></span> <span class='ocrx_word' id='word_1_111' title='bbox 1482 1590 1622 1645; x_wconf 85' lang='lat' dir='ltr'><strong>bene</strong></span> <span class='ocrx_word' id='word_1_112' title='bbox 1651 1588 1819 1645; x_wconf 86' lang='lat' dir='ltr'><strong>multa</strong></span> 
     </span>
    </p>
   </div>
   <div class='ocr_carea' id='block_1_16' title="bbox 197 1679 502 1745">
    <p class='ocr_par' dir='ltr' id='par_1_16' title="bbox 197 1679 502 1745">
     <span class='ocr_line' id='line_1_16' title="bbox 197 1679 502 1745; baseline -0.003 -12"><span class='ocrx_word' id='word_1_113' title='bbox 197 1681 360 1745; x_wconf 81' lang='lat' dir='ltr'><strong>adjicit</strong></span> <span class='ocrx_word' id='word_1_114' title='bbox 389 1679 502 1732; x_wconf 81' lang='lat' dir='ltr'><strong>ille.</strong></span> 
     </span>
    </p>
   </div>
   <div class='ocr_carea' id='block_1_17' title="bbox 257 1771 1821 1844">
    <p class='ocr_par' dir='ltr' id='par_1_17' title="bbox 257 1771 1821 1844">
     <span class='ocr_line' id='line_1_17' title="bbox 257 1771 1821 1844; baseline 0.003 -20"><span class='ocrx_word' id='word_1_115' title='bbox 257 1773 307 1824; x_wconf 83' lang='lat'><strong>6.</strong></span> <span class='ocrx_word' id='word_1_116' title='bbox 330 1771 427 1825; x_wconf 79' lang='lat' dir='ltr'><strong>Res</strong></span> <span class='ocrx_word' id='word_1_117' title='bbox 455 1771 695 1838; x_wconf 72' lang='lat' dir='ltr'><strong>nefaria</strong></span> <span class='ocrx_word' id='word_1_118' title='bbox 751 1773 1118 1842; x_wconf 79' lang='lat' dir='ltr'><strong>episwpatttm</strong></span> <span class='ocrx_word' id='word_1_119' title='bbox 1166 1788 1334 1826; x_wconf 80' lang='lat' dir='ltr'><strong>emere</strong></span> <span class='ocrx_word' id='word_1_120' title='bbox 1354 1773 1432 1844; x_wconf 89' lang='lat' dir='ltr'><strong>(p.</strong></span> <span class='ocrx_word' id='word_1_121' title='bbox 1463 1771 1689 1841; x_wconf 71' lang='lat'><strong>509).—</strong></span> <span class='ocrx_word' id='word_1_122' title='bbox 1715 1773 1821 1829; x_wconf 90' lang='lat' dir='ltr'><strong>Pro</strong></span> 
     </span>
    </p>
   </div>
   <div class='ocr_carea' id='block_1_18' title="bbox 197 1854 1896 1934">
    <p class='ocr_par' dir='ltr' id='par_1_18' title="bbox 197 1854 1896 1934">
     <span class='ocr_line' id='line_1_18' title="bbox 197 1854 1896 1934; baseline -0.001 -15"><span class='ocrx_word' id='word_1_123' title='bbox 197 1863 391 1919; x_wconf 77' lang='lat' dir='ltr'><strong>nefario</strong></span> <span class='ocrx_word' id='word_1_124' title='bbox 426 1873 485 1918; x_wconf 90' lang='lat' dir='ltr'><strong>et</strong></span> <span class='ocrx_word' id='word_1_125' title='bbox 528 1868 914 1918; x_wconf 81' lang='lat' dir='ltr'><strong>exsecranda</strong></span> <span class='ocrx_word' id='word_1_126' title='bbox 970 1864 1287 1926; x_wconf 87' lang='lat' dir='ltr'><strong>habebatur,</strong></span> <span class='ocrx_word' id='word_1_127' title='bbox 1333 1864 1695 1934; x_wconf 82' lang='lat' dir='ltr'><strong>episcopalem</strong></span> <span class='ocrx_word' id='word_1_128' title='bbox 1742 1865 1823 1919; x_wconf 85' lang='lat' dir='ltr'><strong>di-</strong></span> <span class='ocrx_word' id='word_1_129' title='bbox 1853 1854 1896 1909; x_wconf 83' lang='grc' dir='ltr'><strong>Β</strong></span> 
     </span>
    </p>
   </div>
   <div class='ocr_carea' id='block_1_19' title="bbox 202 1954 1824 2026">
    <p class='ocr_par' dir='ltr' id='par_1_19' title="bbox 202 1954 1824 2026">
     <span class='ocr_line' id='line_1_19' title="bbox 202 1954 1824 2026; baseline 0.001 -19"><span class='ocrx_word' id='word_1_130' title='bbox 202 1960 446 2025; x_wconf 75' lang='lat' dir='ltr'><strong>gnitatem</strong></span> <span class='ocrx_word' id='word_1_131' title='bbox 500 1957 796 2026; x_wconf 82' lang='lat' dir='ltr'><strong>pactione</strong></span> <span class='ocrx_word' id='word_1_132' title='bbox 840 1956 1082 2024; x_wconf 62' lang='lat' dir='ltr'><strong>pecunia:</strong></span> <span class='ocrx_word' id='word_1_133' title='bbox 1118 1954 1378 2007; x_wconf 80' lang='lat' dir='ltr'><strong>nancisci.</strong></span> <span class='ocrx_word' id='word_1_134' title='bbox 1412 1954 1608 2009; x_wconf 80' lang='lat' dir='ltr'><strong>Malum</strong></span> <span class='ocrx_word' id='word_1_135' title='bbox 1654 1955 1824 2010; x_wconf 84' lang='lat' dir='ltr'><strong>Atha-</strong></span> 
     </span>
    </p>
   </div>
   <div class='ocr_carea' id='block_1_20' title="bbox 203 2047 1820 2119">
    <p class='ocr_par' dir='ltr' id='par_1_20' title="bbox 203 2047 1820 2119">
     <span class='ocr_line' id='line_1_20' title="bbox 203 2047 1820 2119; baseline 0.001 -16"><span class='ocrx_word' id='word_1_136' title='bbox 203 2048 326 2103; x_wconf 89' lang='lat' dir='ltr'><strong>nasii</strong></span> <span class='ocrx_word' id='word_1_137' title='bbox 368 2065 490 2104; x_wconf 75' lang='lat' dir='ltr'><strong>:cvo</strong></span> <span class='ocrx_word' id='word_1_138' title='bbox 530 2060 727 2104; x_wconf 89' lang='lat' dir='ltr'><strong>totam</strong></span> <span class='ocrx_word' id='word_1_139' title='bbox 780 2057 1101 2119; x_wconf 83' lang='lat' dir='ltr'><strong>pervaserat</strong></span> <span class='ocrx_word' id='word_1_140' title='bbox 1146 2047 1470 2119; x_wconf 64' lang='lat' dir='ltr'><strong>Egyptum,</strong></span> <span class='ocrx_word' id='word_1_141' title='bbox 1506 2048 1820 2115; x_wconf 88' lang='lat' dir='ltr'><strong>Meletianis,</strong></span> 
     </span>
    </p>
   </div>
   <div class='ocr_carea' id='block_1_21' title="bbox 204 2143 1824 2214">
    <p class='ocr_par' dir='ltr' id='par_1_21' title="bbox 204 2143 1824 2214">
     <span class='ocr_line' id='line_1_21' title="bbox 204 2143 1824 2214; baseline 0.002 -17"><span class='ocrx_word' id='word_1_142' title='bbox 204 2144 639 2214; x_wconf 71' lang='lat' dir='ltr'><strong>corruptissiinis</strong></span> <span class='ocrx_word' id='word_1_143' title='bbox 672 2143 848 2209; x_wconf 76' lang='lat' dir='ltr'><strong>viris,</strong></span> <span class='ocrx_word' id='word_1_144' title='bbox 868 2143 1087 2197; x_wconf 76' lang='lat' dir='ltr'><strong>venales</strong></span> <span class='ocrx_word' id='word_1_145' title='bbox 1115 2144 1514 2198; x_wconf 78' lang='lat' dir='ltr'><strong>ecclesiasticas</strong></span> <span class='ocrx_word' id='word_1_146' title='bbox 1537 2144 1824 2212; x_wconf 78' lang='lat' dir='ltr'><strong>dignitates</strong></span> 
     </span>
    </p>
   </div>
   <div class='ocr_carea' id='block_1_22' title="bbox 202 2234 1820 2308">
    <p class='ocr_par' dir='ltr' id='par_1_22' title="bbox 202 2234 1820 2308">
     <span class='ocr_line' id='line_1_22' title="bbox 202 2234 1820 2308; baseline 0.001 -18"><span class='ocrx_word' id='word_1_147' title='bbox 202 2237 669 2308; x_wconf 68' lang='lat' dir='ltr'><strong>propellentibus.</strong></span> <span class='ocrx_word' id='word_1_148' title='bbox 719 2234 921 2304; x_wconf 77' lang='lat' dir='ltr'><strong>Neque</strong></span> <span class='ocrx_word' id='word_1_149' title='bbox 968 2236 1235 2290; x_wconf 82' lang='lat' dir='ltr'><strong>curabant</strong></span> <span class='ocrx_word' id='word_1_150' title='bbox 1282 2234 1433 2303; x_wconf 89' lang='lat' dir='ltr'><strong>impii</strong></span> <span class='ocrx_word' id='word_1_151' title='bbox 1478 2236 1725 2291; x_wconf 85' lang='lat' dir='ltr'><strong>homines</strong></span> <span class='ocrx_word' id='word_1_152' title='bbox 1754 2252 1820 2291; x_wconf 89' lang='lat' dir='ltr'><strong>an</strong></span> 
     </span>
    </p>
   </div>
   <div class='ocr_carea' id='block_1_23' title="bbox 205 2327 1824 2395">
    <p class='ocr_par' dir='ltr' id='par_1_23' title="bbox 205 2327 1824 2395">
     <span class='ocr_line' id='line_1_23' title="bbox 205 2327 1824 2395; baseline 0.002 -15"><span class='ocrx_word' id='word_1_153' title='bbox 205 2329 639 2382; x_wconf 79' lang='lat' dir='ltr'><strong>catechumenos</strong></span> <span class='ocrx_word' id='word_1_154' title='bbox 702 2336 897 2393; x_wconf 85' lang='lat' dir='ltr'><strong>esset,</strong></span> <span class='ocrx_word' id='word_1_155' title='bbox 933 2342 998 2379; x_wconf 90' lang='lat' dir='ltr'><strong>an</strong></span> <span class='ocrx_word' id='word_1_156' title='bbox 1045 2327 1279 2395; x_wconf 81' lang='lat' dir='ltr'><strong>gentilis,</strong></span> <span class='ocrx_word' id='word_1_157' title='bbox 1328 2329 1419 2395; x_wconf 90' lang='lat' dir='ltr'><strong>qui</strong></span> <span class='ocrx_word' id='word_1_158' title='bbox 1468 2328 1574 2383; x_wconf 84' lang='lat' dir='ltr'><strong>tale</strong></span> <span class='ocrx_word' id='word_1_159' title='bbox 1629 2344 1824 2384; x_wconf 90' lang='lat' dir='ltr'><strong>munus</strong></span> 
     </span>
    </p>
   </div>
   <div class='ocr_carea' id='block_1_24' title="bbox 204 2419 1714 2489">
    <p class='ocr_par' dir='ltr' id='par_1_24' title="bbox 204 2419 1714 2489">
     <span class='ocr_line' id='line_1_24' title="bbox 204 2419 1714 2489; baseline 0.001 -16"><span class='ocrx_word' id='word_1_160' title='bbox 204 2420 527 2489; x_wconf 86' lang='lat' dir='ltr'><strong>postulatum</strong></span> <span class='ocrx_word' id='word_1_161' title='bbox 569 2419 922 2480; x_wconf 77' lang='lat' dir='ltr'><strong>accedebat,</strong></span> <span class='ocrx_word' id='word_1_162' title='bbox 949 2433 1135 2472; x_wconf 89' lang='lat' dir='ltr'><strong>aurum</strong></span> <span class='ocrx_word' id='word_1_163' title='bbox 1188 2420 1347 2474; x_wconf 92' lang='lat' dir='ltr'><strong>modo</strong></span> <span class='ocrx_word' id='word_1_164' title='bbox 1376 2420 1564 2487; x_wconf 88' lang='lat' dir='ltr'><strong>daret;</strong></span> <span class='ocrx_word' id='word_1_165' title='bbox 1594 2436 1714 2475; x_wconf 90' lang='lat' dir='ltr'><strong>nam</strong></span> 
     </span>
    </p>
   </div>
   <div class='ocr_carea' id='block_1_25' title="bbox 295 2509 1719 2581">
    <p class='ocr_par' dir='ltr' id='par_1_25' title="bbox 295 2509 1719 2581">
     <span class='ocr_line' id='line_1_25' title="bbox 295 2509 1719 2581; baseline 0 -17"><span class='ocrx_word' id='word_1_166' title='bbox 295 2511 433 2577; x_wconf 80' lang='lat' dir='ltr'><strong>Quid</strong></span> <span class='ocrx_word' id='word_1_167' title='bbox 472 2512 708 2580; x_wconf 78' lang='lat' dir='ltr'><strong>faciant</strong></span> <span class='ocrx_word' id='word_1_168' title='bbox 760 2510 931 2579; x_wconf 75' lang='lat' dir='ltr'><strong>leges,</strong></span> <span class='ocrx_word' id='word_1_169' title='bbox 964 2509 1051 2561; x_wconf 86' lang='lat' dir='ltr'><strong>ubi</strong></span> <span class='ocrx_word' id='word_1_170' title='bbox 1081 2509 1193 2563; x_wconf 84' lang='lat' dir='ltr'><strong>sola</strong></span> <span class='ocrx_word' id='word_1_171' title='bbox 1226 2511 1445 2577; x_wconf 80' lang='lat' dir='ltr'><strong>pecunia</strong></span> <span class='ocrx_word' id='word_1_172' title='bbox 1488 2524 1663 2581; x_wconf 79' lang='lat' dir='ltr'><strong>regnat</strong></span> <span class='ocrx_word' id='word_1_173' title='bbox 1693 2514 1719 2565; x_wconf 86' lang='lat'><strong><em>?</em></strong></span> 
     </span>
    </p>
   </div>
   <div class='ocr_carea' id='block_1_26' title="bbox 205 2601 1822 2672">
    <p class='ocr_par' dir='ltr' id='par_1_26' title="bbox 205 2601 1822 2672">
     <span class='ocr_line' id='line_1_26' title="bbox 205 2601 1822 2672; baseline -0.001 -13"><span class='ocrx_word' id='word_1_174' title='bbox 205 2602 315 2659; x_wconf 72' lang='lat' dir='ltr'><strong>ideo</strong></span> <span class='ocrx_word' id='word_1_175' title='bbox 336 2614 520 2657; x_wconf 86' lang='lat' dir='ltr'><strong>autem</strong></span> <span class='ocrx_word' id='word_1_176' title='bbox 544 2604 661 2657; x_wconf 81' lang='lat' dir='ltr'><strong>viri</strong></span> <span class='ocrx_word' id='word_1_177' title='bbox 706 2620 782 2657; x_wconf 86' lang='lat' dir='ltr'><strong>ne</strong></span> <span class='ocrx_word' id='word_1_178' title='bbox 810 2603 1035 2672; x_wconf 89' lang='lat' dir='ltr'><strong>quidem</strong></span> <span class='ocrx_word' id='word_1_179' title='bbox 1062 2601 1374 2668; x_wconf 86' lang='lat' dir='ltr'><strong>Christiani,</strong></span> <span class='ocrx_word' id='word_1_180' title='bbox 1407 2618 1469 2657; x_wconf 92' lang='lat' dir='ltr'><strong>ac</strong></span> <span class='ocrx_word' id='word_1_181' title='bbox 1498 2602 1638 2657; x_wconf 92' lang='lat' dir='ltr'><strong>nulla</strong></span> <span class='ocrx_word' id='word_1_182' title='bbox 1666 2618 1822 2658; x_wconf 90' lang='lat' dir='ltr'><strong>men-</strong></span> 
     </span>
    </p>
   </div>
   <div class='ocr_carea' id='block_1_27' title="bbox 207 2694 1824 2764">
    <p class='ocr_par' dir='ltr' id='par_1_27' title="bbox 207 2694 1824 2764">
     <span class='ocr_line' id='line_1_27' title="bbox 207 2694 1824 2764; baseline 0 -15"><span class='ocrx_word' id='word_1_183' title='bbox 207 2699 268 2750; x_wconf 87' lang='lat' dir='ltr'><strong>tis</strong></span> <span class='ocrx_word' id='word_1_184' title='bbox 305 2695 633 2764; x_wconf 81' lang='lat' dir='ltr'><strong>ingeniique</strong></span> <span class='ocrx_word' id='word_1_185' title='bbox 696 2695 833 2749; x_wconf 91' lang='lat' dir='ltr'><strong>dote</strong></span> <span class='ocrx_word' id='word_1_186' title='bbox 869 2694 1255 2757; x_wconf 85' lang='lat' dir='ltr'><strong>commendati,</strong></span> <span class='ocrx_word' id='word_1_187' title='bbox 1303 2694 1619 2763; x_wconf 77' lang='lat' dir='ltr'><strong>dignitatum</strong></span> <span class='ocrx_word' id='word_1_188' title='bbox 1650 2694 1824 2749; x_wconf 88' lang='lat' dir='ltr'><strong>eccle-</strong></span> 
     </span>
    </p>
   </div>
   <div class='ocr_carea' id='block_1_28' title="bbox 208 2784 1821 2856">
    <p class='ocr_par' dir='ltr' id='par_1_28' title="bbox 208 2784 1821 2856">
     <span class='ocr_line' id='line_1_28' title="bbox 208 2784 1821 2856; baseline 0.001 -16"><span class='ocrx_word' id='word_1_189' title='bbox 208 2788 543 2855; x_wconf 77' lang='lat' dir='ltr'><strong>siasticarum</strong></span> <span class='ocrx_word' id='word_1_190' title='bbox 583 2786 867 2856; x_wconf 90' lang='lat' dir='ltr'><strong>cupidine</strong></span> <span class='ocrx_word' id='word_1_191' title='bbox 900 2784 1228 2850; x_wconf 82' lang='lat' dir='ltr'><strong>ﬂagrabant,</strong></span> <span class='ocrx_word' id='word_1_192' title='bbox 1256 2784 1379 2853; x_wconf 88' lang='lat' dir='ltr'><strong>quia</strong></span> <span class='ocrx_word' id='word_1_193' title='bbox 1410 2785 1679 2840; x_wconf 90' lang='lat' dir='ltr'><strong>immunes</strong></span> <span class='ocrx_word' id='word_1_194' title='bbox 1708 2786 1821 2841; x_wconf 89' lang='lat' dir='ltr'><strong>cle-</strong></span> 
     </span>
    </p>
   </div>
   <div class='ocr_carea' id='block_1_29' title="bbox 210 2876 1825 2949">
    <p class='ocr_par' dir='ltr' id='par_1_29' title="bbox 210 2876 1825 2949">
     <span class='ocr_line' id='line_1_29' title="bbox 210 2876 1825 2949; baseline 0.001 -17"><span class='ocrx_word' id='word_1_195' title='bbox 210 2880 316 2943; x_wconf 87' lang='lat' dir='ltr'><strong>rici,</strong></span> <span class='ocrx_word' id='word_1_196' title='bbox 348 2878 653 2947; x_wconf 91' lang='lat' dir='ltr'><strong>multoque</strong></span> <span class='ocrx_word' id='word_1_197' title='bbox 686 2877 869 2946; x_wconf 86' lang='lat' dir='ltr'><strong>magis</strong></span> <span class='ocrx_word' id='word_1_198' title='bbox 890 2877 1152 2945; x_wconf 86' lang='lat' dir='ltr'><strong>episcopi,</strong></span> <span class='ocrx_word' id='word_1_199' title='bbox 1186 2887 1342 2930; x_wconf 90' lang='lat' dir='ltr'><strong>erant</strong></span> <span class='ocrx_word' id='word_1_200' title='bbox 1372 2893 1401 2929; x_wconf 91' lang='lat' dir='ltr'><strong>a</strong></span> <span class='ocrx_word' id='word_1_201' title='bbox 1434 2876 1664 2946; x_wconf 85' lang='lat' dir='ltr'><strong>publicis</strong></span> <span class='ocrx_word' id='word_1_202' title='bbox 1696 2893 1825 2949; x_wconf 90' lang='lat' dir='ltr'><strong>ope-</strong></span> 
     </span>
    </p>
   </div>
   <div class='ocr_carea' id='block_1_30' title="bbox 210 2969 1821 3040">
    <p class='ocr_par' dir='ltr' id='par_1_30' title="bbox 210 2969 1821 3040">
     <span class='ocr_line' id='line_1_30' title="bbox 210 2969 1821 3040; baseline 0.001 -17"><span class='ocrx_word' id='word_1_203' title='bbox 210 2972 343 3026; x_wconf 86' lang='lat' dir='ltr'><strong>ribus</strong></span> <span class='ocrx_word' id='word_1_204' title='bbox 376 2988 441 3027; x_wconf 88' lang='lat' dir='ltr'><strong>ac</strong></span> <span class='ocrx_word' id='word_1_205' title='bbox 467 2971 863 3040; x_wconf 80' lang='lat' dir='ltr'><strong>vectigalibus</strong></span> <span class='ocrx_word' id='word_1_206' title='bbox 900 2984 917 3020; x_wconf 94' lang='lat'><strong>:</strong></span> <span class='ocrx_word' id='word_1_207' title='bbox 950 2978 1111 3037; x_wconf 89' lang='lat' dir='ltr'><strong>atque</strong></span> <span class='ocrx_word' id='word_1_208' title='bbox 1142 2979 1201 3022; x_wconf 91' lang='lat' dir='ltr'><strong>ut</strong></span> <span class='ocrx_word' id='word_1_209' title='bbox 1227 2969 1499 3037; x_wconf 84' lang='lat' dir='ltr'><strong>conjicere</strong></span> <span class='ocrx_word' id='word_1_210' title='bbox 1526 2971 1671 3035; x_wconf 79' lang='lat' dir='ltr'><strong>licet,</strong></span> <span class='ocrx_word' id='word_1_211' title='bbox 1699 2972 1821 3039; x_wconf 90' lang='lat' dir='ltr'><strong>pin-</strong></span> 
     </span>
    </p>
   </div>
   <div class='ocr_carea' id='block_1_31' title="bbox 210 3060 1819 3134">
    <p class='ocr_par' dir='ltr' id='par_1_31' title="bbox 210 3060 1819 3134">
     <span class='ocr_line' id='line_1_31' title="bbox 210 3060 1819 3134; baseline 0 -16"><span class='ocrx_word' id='word_1_212' title='bbox 210 3068 407 3134; x_wconf 74' lang='lat' dir='ltr'><strong>guiorcs</strong></span> <span class='ocrx_word' id='word_1_213' title='bbox 436 3066 601 3119; x_wconf 84' lang='lat' dir='ltr'><strong>fundi</strong></span> <span class='ocrx_word' id='word_1_214' title='bbox 622 3073 685 3120; x_wconf 86' lang='lat' dir='ltr'><strong>et</strong></span> <span class='ocrx_word' id='word_1_215' title='bbox 714 3063 957 3131; x_wconf 87' lang='lat' dir='ltr'><strong>majores</strong></span> <span class='ocrx_word' id='word_1_216' title='bbox 986 3077 1115 3130; x_wconf 90' lang='lat' dir='ltr'><strong>opes</strong></span> <span class='ocrx_word' id='word_1_217' title='bbox 1142 3069 1297 3116; x_wconf 88' lang='lat' dir='ltr'><strong>erant</strong></span> <span class='ocrx_word' id='word_1_218' title='bbox 1319 3060 1677 3117; x_wconf 85' lang='lat' dir='ltr'><strong>Orientalibus</strong></span> <span class='ocrx_word' id='word_1_219' title='bbox 1704 3064 1819 3132; x_wconf 86' lang='lat' dir='ltr'><strong>epi-</strong></span> 
     </span>
    </p>
   </div>
   <div class='ocr_carea' id='block_1_32' title="bbox 211 3149 1818 3224">
    <p class='ocr_par' dir='ltr' id='par_1_32' title="bbox 211 3149 1818 3224">
     <span class='ocr_line' id='line_1_32' title="bbox 211 3149 1818 3224; baseline -0.002 -15"><span class='ocrx_word' id='word_1_220' title='bbox 211 3156 372 3224; x_wconf 80' lang='lat' dir='ltr'><strong>scnpis</strong></span> <span class='ocrx_word' id='word_1_221' title='bbox 400 3157 706 3209; x_wconf 69' lang='lat' dir='ltr'><strong>attributa:</strong></span> <span class='ocrx_word' id='word_1_222' title='bbox 753 3166 927 3221; x_wconf 84' lang='lat' dir='ltr'><strong>quam</strong></span> <span class='ocrx_word' id='word_1_223' title='bbox 974 3149 1440 3217; x_wconf 84' lang='lat' dir='ltr'><strong>Occidentalibus;</strong></span> <span class='ocrx_word' id='word_1_224' title='bbox 1476 3168 1595 3204; x_wconf 89' lang='lat' dir='ltr'><strong>nam</strong></span> <span class='ocrx_word' id='word_1_225' title='bbox 1628 3153 1818 3207; x_wconf 91' lang='lat' dir='ltr'><strong>horum</strong></span> 
     </span>
    </p>
   </div>
   <div class='ocr_carea' id='block_1_33' title="bbox 211 3241 1820 3317">
    <p class='ocr_par' dir='ltr' id='par_1_33' title="bbox 211 3241 1820 3317">
     <span class='ocr_line' id='line_1_33' title="bbox 211 3241 1820 3317; baseline -0.001 -18"><span class='ocrx_word' id='word_1_226' title='bbox 211 3246 444 3317; x_wconf 89' lang='lat' dir='ltr'><strong>plerique</strong></span> <span class='ocrx_word' id='word_1_227' title='bbox 491 3245 849 3300; x_wconf 88' lang='lat' dir='ltr'><strong>laborabant</strong></span> <span class='ocrx_word' id='word_1_228' title='bbox 878 3244 1059 3312; x_wconf 87' lang='lat' dir='ltr'><strong>inopia</strong></span> <span class='ocrx_word' id='word_1_229' title='bbox 1104 3242 1181 3296; x_wconf 90' lang='lat' dir='ltr'><strong>rei</strong></span> <span class='ocrx_word' id='word_1_230' title='bbox 1219 3241 1517 3307; x_wconf 79' lang='lat' dir='ltr'><strong>familiaris,</strong></span> <span class='ocrx_word' id='word_1_231' title='bbox 1555 3254 1612 3296; x_wconf 92' lang='lat' dir='ltr'><strong>ut</strong></span> <span class='ocrx_word' id='word_1_232' title='bbox 1639 3244 1723 3297; x_wconf 80' lang='lat' dir='ltr'><strong>vis</strong></span> <span class='ocrx_word' id='word_1_233' title='bbox 1754 3245 1820 3297; x_wconf 91' lang='lat' dir='ltr'><strong>ad</strong></span> 
     </span>
    </p>
   </div>
   <div class='ocr_carea' id='block_1_34' title="bbox 210 3335 1822 3407">
    <p class='ocr_par' dir='ltr' id='par_1_34' title="bbox 210 3335 1822 3407">
     <span class='ocr_line' id='line_1_34' title="bbox 210 3335 1822 3407; baseline 0.001 -19"><span class='ocrx_word' id='word_1_234' title='bbox 210 3335 475 3405; x_wconf 77' lang='lat' dir='ltr'><strong>vulgarem</strong></span> <span class='ocrx_word' id='word_1_235' title='bbox 518 3336 937 3407; x_wconf 87' lang='lat' dir='ltr'><strong>plebeiumuue</strong></span> <span class='ocrx_word' id='word_1_236' title='bbox 967 3348 1119 3388; x_wconf 86' lang='lat' dir='ltr'><strong>usum</strong></span> <span class='ocrx_word' id='word_1_237' title='bbox 1144 3335 1448 3388; x_wconf 89' lang='lat' dir='ltr'><strong>necessaria</strong></span> <span class='ocrx_word' id='word_1_238' title='bbox 1476 3344 1822 3405; x_wconf 86' lang='lat' dir='ltr'><strong>suppeterent</strong></span> 
     </span>
    </p>
   </div>
   <div class='ocr_carea' id='block_1_35' title="bbox 209 3425 454 3499">
    <p class='ocr_par' dir='ltr' id='par_1_35' title="bbox 209 3425 454 3499">
     <span class='ocr_line' id='line_1_35' title="bbox 209 3425 454 3499; baseline 0.008 -16"><span class='ocrx_word' id='word_1_239' title='bbox 209 3425 275 3499; x_wconf 87' lang='lat' dir='ltr'><strong>(p.</strong></span> <span class='ocrx_word' id='word_1_240' title='bbox 304 3429 454 3499; x_wconf 81' lang='lat'><strong>579).</strong></span> 
     </span>
    </p>
   </div>
   <div class='ocr_carea' id='block_1_36' title="bbox 266 3518 1817 3589">
    <p class='ocr_par' dir='ltr' id='par_1_36' title="bbox 266 3518 1817 3589">
     <span class='ocr_line' id='line_1_36' title="bbox 266 3518 1817 3589; baseline 0.001 -16"><span class='ocrx_word' id='word_1_241' title='bbox 266 3520 319 3573; x_wconf 83' lang='lat'><strong>7.</strong></span> <span class='ocrx_word' id='word_1_242' title='bbox 359 3518 750 3575; x_wconf 78' lang='lat' dir='ltr'><strong>Commutatio</strong></span> <span class='ocrx_word' id='word_1_243' title='bbox 788 3518 1189 3587; x_wconf 79' lang='lat' dir='ltr'><strong>episcopatuum</strong></span> <span class='ocrx_word' id='word_1_244' title='bbox 1214 3518 1401 3572; x_wconf 86' lang='lat' dir='ltr'><strong>illicita</strong></span> <span class='ocrx_word' id='word_1_245' title='bbox 1438 3518 1514 3589; x_wconf 89' lang='lat' dir='ltr'><strong>(p.</strong></span> <span class='ocrx_word' id='word_1_246' title='bbox 1547 3520 1817 3587; x_wconf 69' lang='lat'><strong>102,114,</strong></span> 
     </span>
    </p>
   </div>
   <div class='ocr_carea' id='block_1_37' title="bbox 210 3607 1822 3680">
    <p class='ocr_par' dir='ltr' id='par_1_37' title="bbox 210 3607 1822 3680">
     <span class='ocr_line' id='line_1_37' title="bbox 210 3607 1822 3680; baseline 0.002 -18"><span class='ocrx_word' id='word_1_247' title='bbox 210 3607 342 3680; x_wconf 75' lang='grc'><strong>151).</strong></span> <span class='ocrx_word' id='word_1_248' title='bbox 375 3640 456 3656; x_wconf 91' lang='grc'><strong>--</strong></span> <span class='ocrx_word' id='word_1_249' title='bbox 488 3610 621 3666; x_wconf 86' lang='lat' dir='ltr'><strong>Non</strong></span> <span class='ocrx_word' id='word_1_250' title='bbox 661 3610 885 3665; x_wconf 90' lang='lat' dir='ltr'><strong>licitum</strong></span> <span class='ocrx_word' id='word_1_251' title='bbox 917 3609 1185 3677; x_wconf 85' lang='lat' dir='ltr'><strong>episcopis</strong></span> <span class='ocrx_word' id='word_1_252' title='bbox 1211 3618 1327 3665; x_wconf 89' lang='lat' dir='ltr'><strong>erat</strong></span> <span class='ocrx_word' id='word_1_253' title='bbox 1364 3610 1432 3665; x_wconf 89' lang='lat' dir='ltr'><strong>ad</strong></span> <span class='ocrx_word' id='word_1_254' title='bbox 1468 3612 1629 3665; x_wconf 87' lang='lat' dir='ltr'><strong>aliam</strong></span> <span class='ocrx_word' id='word_1_255' title='bbox 1654 3651 1670 3676; x_wconf 90' lang='lat'><strong>,</strong></span> <span class='ocrx_word' id='word_1_256' title='bbox 1706 3627 1822 3665; x_wconf 84' lang='lat' dir='ltr'><strong>ma-</strong></span> 
     </span>
    </p>
   </div>
   <div class='ocr_carea' id='block_1_38' title="bbox 208 3700 1821 3771">
    <p class='ocr_par' dir='ltr' id='par_1_38' title="bbox 208 3700 1821 3771">
     <span class='ocr_line' id='line_1_38' title="bbox 208 3700 1821 3771; baseline 0.003 -17"><span class='ocrx_word' id='word_1_257' title='bbox 208 3702 454 3771; x_wconf 82' lang='lat' dir='ltr'><strong>ximeque</strong></span> <span class='ocrx_word' id='word_1_258' title='bbox 503 3705 580 3757; x_wconf 89' lang='lat' dir='ltr'><strong>ad</strong></span> <span class='ocrx_word' id='word_1_259' title='bbox 629 3701 967 3771; x_wconf 89' lang='lat' dir='ltr'><strong>atnpliorem</strong></span> <span class='ocrx_word' id='word_1_260' title='bbox 1014 3700 1287 3755; x_wconf 83' lang='lat' dir='ltr'><strong>civitatem</strong></span> <span class='ocrx_word' id='word_1_261' title='bbox 1336 3703 1586 3757; x_wconf 88' lang='lat' dir='ltr'><strong>transire.</strong></span> <span class='ocrx_word' id='word_1_262' title='bbox 1630 3704 1729 3770; x_wconf 86' lang='lat' dir='ltr'><strong>Qui</strong></span> <span class='ocrx_word' id='word_1_263' title='bbox 1770 3704 1821 3758; x_wconf 88' lang='lat' dir='ltr'><strong>id</strong></span> 
     </span>
    </p>
   </div>
   <div class='ocr_carea' id='block_1_39' title="bbox 210 3786 1821 3864">
    <p class='ocr_par' dir='ltr' id='par_1_39' title="bbox 210 3786 1821 3864">
     <span class='ocr_line' id='line_1_39' title="bbox 210 3786 1821 3864; baseline 0.001 -18"><span class='ocrx_word' id='word_1_264' title='bbox 210 3804 407 3864; x_wconf 75' lang='lat' dir='ltr'><strong>ageret,</strong></span> <span class='ocrx_word' id='word_1_265' title='bbox 462 3795 721 3864; x_wconf 88' lang='lat' dir='ltr'><strong>priorem</strong></span> <span class='ocrx_word' id='word_1_266' title='bbox 760 3792 932 3845; x_wconf 90' lang='lat' dir='ltr'><strong>etiam</strong></span> <span class='ocrx_word' id='word_1_267' title='bbox 976 3806 1137 3861; x_wconf 90' lang='lat' dir='ltr'><strong>quam</strong></span> <span class='ocrx_word' id='word_1_268' title='bbox 1172 3786 1479 3859; x_wconf 73' lang='lat' dir='ltr'><strong>occupabat</strong></span> <span class='ocrx_word' id='word_1_269' title='bbox 1522 3791 1821 3847; x_wconf 75' lang='lat' dir='ltr'><strong>Ecclesium</strong></span> 
     </span>
    </p>
   </div>
   <div class='ocr_carea' id='block_1_40' title="bbox 210 3882 1826 3956">
    <p class='ocr_par' dir='ltr' id='par_1_40' title="bbox 210 3882 1826 3956">
     <span class='ocr_line' id='line_1_40' title="bbox 210 3882 1826 3956; baseline 0.002 -20"><span class='ocrx_word' id='word_1_270' title='bbox 210 3886 511 3952; x_wconf 86' lang='lat' dir='ltr'><strong>amittebat,</strong></span> <span class='ocrx_word' id='word_1_271' title='bbox 564 3882 885 3956; x_wconf 79' lang='grc' dir='ltr'><strong>ἀκυρώσας</strong></span> <span class='ocrx_word' id='word_1_272' title='bbox 916 3882 1109 3954; x_wconf 76' lang='grc' dir='ltr'>αὐτὴν,</span> <span class='ocrx_word' id='word_1_273' title='bbox 1144 3884 1427 3953; x_wconf 88' lang='lat' dir='ltr'><strong>utriusque</strong></span> <span class='ocrx_word' id='word_1_274' title='bbox 1474 3884 1685 3939; x_wconf 89' lang='lat' dir='ltr'><strong>scilicet</strong></span> <span class='ocrx_word' id='word_1_275' title='bbox 1732 3899 1826 3939; x_wconf 88' lang='lat' dir='ltr'><strong>ec-</strong></span> 
     </span>
    </p>
   </div>
   <div class='ocr_carea' id='block_1_41' title="bbox 212 3975 1823 4054">
    <p class='ocr_par' dir='ltr' id='par_1_41' title="bbox 212 3975 1823 4054">
     <span class='ocr_line' id='line_1_41' title="bbox 212 3975 1823 4054; baseline 0.001 -24"><span class='ocrx_word' id='word_1_276' title='bbox 212 3976 515 4054; x_wconf 83' lang='lat' dir='ltr'><strong>clesiastico</strong></span> <span class='ocrx_word' id='word_1_277' title='bbox 550 3978 686 4045; x_wconf 89' lang='lat' dir='ltr'><strong>jure</strong></span> <span class='ocrx_word' id='word_1_278' title='bbox 707 3978 990 4044; x_wconf 82' lang='lat' dir='ltr'><strong>jacturam</strong></span> <span class='ocrx_word' id='word_1_279' title='bbox 1018 3975 1283 4030; x_wconf 85' lang='lat' dir='ltr'><strong>faciebat:</strong></span> <span class='ocrx_word' id='word_1_280' title='bbox 1306 3990 1369 4029; x_wconf 91' lang='lat' dir='ltr'><strong>ac</strong></span> <span class='ocrx_word' id='word_1_281' title='bbox 1403 3977 1625 4045; x_wconf 91' lang='lat' dir='ltr'><strong>perinde</strong></span> <span class='ocrx_word' id='word_1_282' title='bbox 1661 3986 1823 4045; x_wconf 86' lang='lat' dir='ltr'><strong>atque</strong></span> 
     </span>
    </p>
   </div>
   <div class='ocr_carea' id='block_1_42' title="bbox 212 4069 1822 4141">
    <p class='ocr_par' dir='ltr' id='par_1_42' title="bbox 212 4069 1822 4141">
     <span class='ocr_line' id='line_1_42' title="bbox 212 4069 1822 4141; baseline 0.001 -17"><span class='ocrx_word' id='word_1_283' title='bbox 212 4074 474 4138; x_wconf 73' lang='lat' dir='ltr'><strong>moechus,</strong></span> <span class='ocrx_word' id='word_1_284' title='bbox 512 4070 616 4141; x_wconf 88' lang='lat' dir='ltr'><strong>qui</strong></span> <span class='ocrx_word' id='word_1_285' title='bbox 652 4071 857 4125; x_wconf 71' lang='lat' dir='ltr'><strong>aliena:</strong></span> <span class='ocrx_word' id='word_1_286' title='bbox 888 4069 1064 4135; x_wconf 91' lang='lat' dir='ltr'><strong>uxori,</strong></span> <span class='ocrx_word' id='word_1_287' title='bbox 1089 4071 1336 4139; x_wconf 86' lang='lat' dir='ltr'><strong>despecta</strong></span> <span class='ocrx_word' id='word_1_288' title='bbox 1362 4085 1480 4135; x_wconf 87' lang='lat' dir='ltr'><strong>sua,</strong></span> <span class='ocrx_word' id='word_1_289' title='bbox 1513 4071 1822 4141; x_wconf 87' lang='lat' dir='ltr'><strong>cupiditatis</strong></span> 
     </span>
    </p>
   </div>
   <div class='ocr_carea' id='block_1_43' title="bbox 214 4162 1821 4237">
    <p class='ocr_par' dir='ltr' id='par_1_43' title="bbox 214 4162 1821 4237">
     <span class='ocr_line' id='line_1_43' title="bbox 214 4162 1821 4237; baseline -0.001 -16"><span class='ocrx_word' id='word_1_290' title='bbox 214 4167 387 4222; x_wconf 85' lang='lat' dir='ltr'><strong>oculos</strong></span> <span class='ocrx_word' id='word_1_291' title='bbox 421 4168 731 4237; x_wconf 88' lang='lat' dir='ltr'><strong>adjiceret,</strong></span> <span class='ocrx_word' id='word_1_292' title='bbox 772 4163 1154 4218; x_wconf 87' lang='lat' dir='ltr'><strong>abdicabatur.</strong></span> <span class='ocrx_word' id='word_1_293' title='bbox 1205 4162 1316 4217; x_wconf 83' lang='lat' dir='ltr'><strong>Lex</strong></span> <span class='ocrx_word' id='word_1_294' title='bbox 1363 4171 1544 4217; x_wconf 90' lang='lat' dir='ltr'><strong>tamen</strong></span> <span class='ocrx_word' id='word_1_295' title='bbox 1602 4165 1821 4233; x_wconf 87' lang='lat' dir='ltr'><strong>impune</strong></span> 
     </span>
    </p>
   </div>
   <div class='ocr_carea' id='block_1_44' title="bbox 214 4258 938 4316">
    <p class='ocr_par' dir='ltr' id='par_1_44' title="bbox 214 4258 938 4316">
     <span class='ocr_line' id='line_1_44' title="bbox 214 4258 938 4316; baseline -0.004 -4"><span class='ocrx_word' id='word_1_296' title='bbox 214 4261 274 4313; x_wconf 88' lang='lat' dir='ltr'><strong>ab</strong></span> <span class='ocrx_word' id='word_1_297' title='bbox 299 4261 545 4316; x_wconf 83' lang='lat' dir='ltr'><strong>Eusebio</strong></span> <span class='ocrx_word' id='word_1_298' title='bbox 575 4258 786 4313; x_wconf 85' lang='lat' dir='ltr'><strong>violata</strong></span> <span class='ocrx_word' id='word_1_299' title='bbox 830 4267 938 4311; x_wconf 89' lang='lat' dir='ltr'><strong>est.</strong></span> 
     </span>
    </p>
   </div>
   <div class='ocr_carea' id='block_1_45' title="bbox 277 4347 1818 4417">
    <p class='ocr_par' dir='ltr' id='par_1_45' title="bbox 277 4347 1818 4417">
     <span class='ocr_line' id='line_1_45' title="bbox 277 4347 1818 4417; baseline -0.003 -10"><span class='ocrx_word' id='word_1_300' title='bbox 277 4354 327 4407; x_wconf 88' lang='lat'><strong>8.</strong></span> <span class='ocrx_word' id='word_1_301' title='bbox 367 4351 744 4407; x_wconf 84' lang='lat' dir='ltr'><strong>Perlustratio</strong></span> <span class='ocrx_word' id='word_1_302' title='bbox 773 4348 1015 4401; x_wconf 87' lang='lat' dir='ltr'><strong>locorum</strong></span> <span class='ocrx_word' id='word_1_303' title='bbox 1047 4362 1139 4417; x_wconf 86' lang='lat' dir='ltr'><strong>per</strong></span> <span class='ocrx_word' id='word_1_304' title='bbox 1167 4347 1432 4415; x_wconf 77' lang='lat' dir='ltr'><strong>episcopos</strong></span> <span class='ocrx_word' id='word_1_305' title='bbox 1457 4347 1531 4416; x_wconf 89' lang='lat' dir='ltr'><strong>(p.</strong></span> <span class='ocrx_word' id='word_1_306' title='bbox 1556 4348 1818 4416; x_wconf 77' lang='lat'><strong>108.151,</strong></span> 
     </span>
    </p>
   </div>
   <div class='ocr_carea' id='block_1_46' title="bbox 217 4437 1822 4512">
    <p class='ocr_par' dir='ltr' id='par_1_46' title="bbox 217 4437 1822 4512">
     <span class='ocr_line' id='line_1_46' title="bbox 217 4437 1822 4512; baseline -0.001 -17"><span class='ocrx_word' id='word_1_307' title='bbox 217 4442 330 4509; x_wconf 72' lang='grc'><strong>147,</strong></span> <span class='ocrx_word' id='word_1_308' title='bbox 350 4443 589 4512; x_wconf 66' lang='lat'><strong>121).——</strong></span> <span class='ocrx_word' id='word_1_309' title='bbox 612 4439 926 4507; x_wconf 85' lang='lat' dir='ltr'><strong>Episcopus</strong></span> <span class='ocrx_word' id='word_1_310' title='bbox 947 4438 1238 4491; x_wconf 81' lang='lat' dir='ltr'><strong>comitante</strong></span> <span class='ocrx_word' id='word_1_311' title='bbox 1255 4437 1427 4501; x_wconf 92' lang='lat' dir='ltr'><strong>clero,</strong></span> <span class='ocrx_word' id='word_1_312' title='bbox 1452 4453 1562 4492; x_wconf 75' lang='lat' dir='ltr'><strong>suae</strong></span> <span class='ocrx_word' id='word_1_313' title='bbox 1602 4439 1822 4494; x_wconf 81' lang='lat' dir='ltr'><strong>ditionis</strong></span> 
     </span>
    </p>
   </div>
   <div class='ocr_carea' id='block_1_47' title="bbox 1916 573 3497 644">
    <p class='ocr_par' dir='ltr' id='par_1_47' title="bbox 1916 573 3497 644">
     <span class='ocr_line' id='line_1_47' title="bbox 1916 573 3497 644; baseline 0 -14"><span class='ocrx_word' id='word_1_314' title='bbox 1916 575 2243 631; x_wconf 88' lang='lat' dir='ltr'><strong>luculentum</strong></span> <span class='ocrx_word' id='word_1_315' title='bbox 2280 576 2522 629; x_wconf 87' lang='lat' dir='ltr'><strong>videmus</strong></span> <span class='ocrx_word' id='word_1_316' title='bbox 2543 575 2849 643; x_wconf 84' lang='lat' dir='ltr'><strong>exemplum</strong></span> <span class='ocrx_word' id='word_1_317' title='bbox 2893 588 2959 629; x_wconf 76' lang='lat' dir='ltr'><strong>ex</strong></span> <span class='ocrx_word' id='word_1_318' title='bbox 2996 575 3154 630; x_wconf 89' lang='lat' dir='ltr'><strong>tertio</strong></span> <span class='ocrx_word' id='word_1_319' title='bbox 3171 573 3371 630; x_wconf 84' lang='lat' dir='ltr'><strong>saeculo</strong></span> <span class='ocrx_word' id='word_1_320' title='bbox 3401 588 3497 644; x_wconf 49' lang='lat' dir='ltr'><strong>pe.-</strong></span> 
     </span>
    </p>
   </div>
   <div class='ocr_carea' id='block_1_48' title="bbox 1917 666 3498 737">
    <p class='ocr_par' dir='ltr' id='par_1_48' title="bbox 1917 666 3498 737">
     <span class='ocr_line' id='line_1_48' title="bbox 1917 666 3498 737; baseline -0.001 -14"><span class='ocrx_word' id='word_1_321' title='bbox 1917 669 2107 723; x_wconf 83' lang='lat' dir='ltr'><strong>tilum:</strong></span> <span class='ocrx_word' id='word_1_322' title='bbox 2139 667 2226 723; x_wconf 90' lang='lat' dir='ltr'><strong>ubi</strong></span> <span class='ocrx_word' id='word_1_323' title='bbox 2262 666 2556 737; x_wconf 83' lang='lat' dir='ltr'><strong>Dionysius</strong></span> <span class='ocrx_word' id='word_1_324' title='bbox 2582 667 3003 732; x_wconf 80' lang='lat' dir='ltr'><strong>Alexandrinus,</strong></span> <span class='ocrx_word' id='word_1_325' title='bbox 3042 682 3163 723; x_wconf 88' lang='lat' dir='ltr'><strong>cum</strong></span> <span class='ocrx_word' id='word_1_326' title='bbox 3215 666 3498 736; x_wconf 86' lang='lat' dir='ltr'><strong>cujusdam</strong></span> 
     </span>
    </p>
   </div>
   <div class='ocr_carea' id='block_1_49' title="bbox 1915 758 3501 829">
    <p class='ocr_par' dir='ltr' id='par_1_49' title="bbox 1915 758 3501 829">
     <span class='ocr_line' id='line_1_49' title="bbox 1915 758 3501 829; baseline 0.001 -15"><span class='ocrx_word' id='word_1_327' title='bbox 1915 760 2160 829; x_wconf 70' lang='lat' dir='ltr'><strong>epistolae</strong></span> <span class='ocrx_word' id='word_1_328' title='bbox 2183 776 2345 815; x_wconf 86' lang='lat' dir='ltr'><strong>causa</strong></span> <span class='ocrx_word' id='word_1_329' title='bbox 2380 762 2431 814; x_wconf 90' lang='lat' dir='ltr'><strong>in</strong></span> <span class='ocrx_word' id='word_1_330' title='bbox 2465 760 2829 828; x_wconf 88' lang='lat' dir='ltr'><strong>suspicionem</strong></span> <span class='ocrx_word' id='word_1_331' title='bbox 2857 760 3036 814; x_wconf 91' lang='lat' dir='ltr'><strong>minus</strong></span> <span class='ocrx_word' id='word_1_332' title='bbox 3067 774 3212 814; x_wconf 61' lang='lat' dir='ltr'><strong>sana:</strong></span> <span class='ocrx_word' id='word_1_333' title='bbox 3241 758 3501 815; x_wconf 70' lang='lat' dir='ltr'><strong>doctrinae</strong></span> 
     </span>
    </p>
   </div>
   <div class='ocr_carea' id='block_1_50' title="bbox 1914 850 3500 924">
    <p class='ocr_par' dir='ltr' id='par_1_50' title="bbox 1914 850 3500 924">
     <span class='ocr_line' id='line_1_50' title="bbox 1914 850 3500 924; baseline 0 -19"><span class='ocrx_word' id='word_1_334' title='bbox 1914 859 2225 917; x_wconf 83' lang='lat' dir='ltr'><strong>vocaretur,</strong></span> <span class='ocrx_word' id='word_1_335' title='bbox 2257 854 2323 906; x_wconf 91' lang='lat' dir='ltr'><strong>ad</strong></span> <span class='ocrx_word' id='word_1_336' title='bbox 2360 852 2675 924; x_wconf 80' lang='lat' dir='ltr'><strong>Dionysium</strong></span> <span class='ocrx_word' id='word_1_337' title='bbox 2703 852 3004 909; x_wconf 81' lang='lat' dir='ltr'><strong>Romanum</strong></span> <span class='ocrx_word' id='word_1_338' title='bbox 3028 852 3096 907; x_wconf 90' lang='lat' dir='ltr'><strong>ab</strong></span> <span class='ocrx_word' id='word_1_339' title='bbox 3119 850 3500 908; x_wconf 79' lang='lat' dir='ltr'><strong>Alexandrinis</strong></span> 
     </span>
    </p>
   </div>
   <div class='ocr_carea' id='block_1_51' title="bbox 1916 943 2552 1003">
    <p class='ocr_par' dir='ltr' id='par_1_51' title="bbox 1916 943 2552 1003">
     <span class='ocr_line' id='line_1_51' title="bbox 1916 943 2552 1003; baseline 0.005 -5"><span class='ocrx_word' id='word_1_340' title='bbox 1916 943 2179 1000; x_wconf 87' lang='lat' dir='ltr'><strong>fratribus</strong></span> <span class='ocrx_word' id='word_1_341' title='bbox 2206 946 2417 1003; x_wconf 86' lang='lat' dir='ltr'><strong>delatus</strong></span> <span class='ocrx_word' id='word_1_342' title='bbox 2446 956 2552 1001; x_wconf 91' lang='lat' dir='ltr'><strong>est.</strong></span> 
     </span>
    </p>
   </div>
   <div class='ocr_carea' id='block_1_52' title="bbox 1988 1034 3502 1111">
    <p class='ocr_par' dir='ltr' id='par_1_52' title="bbox 1988 1034 3502 1111">
     <span class='ocr_line' id='line_1_52' title="bbox 1988 1034 3502 1111; baseline 0.003 -21"><span class='ocrx_word' id='word_1_343' title='bbox 1988 1036 2041 1091; x_wconf 90' lang='lat'><strong>9.</strong></span> <span class='ocrx_word' id='word_1_344' title='bbox 2079 1038 2464 1108; x_wconf 76' lang='lat' dir='ltr'><strong>Archiepiswpi</strong></span> <span class='ocrx_word' id='word_1_345' title='bbox 2492 1046 2676 1094; x_wconf 82' lang='lat' dir='ltr'><strong>nomen</strong></span> <span class='ocrx_word' id='word_1_346' title='bbox 2704 1040 2782 1111; x_wconf 92' lang='lat' dir='ltr'><strong>(p.</strong></span> <span class='ocrx_word' id='word_1_347' title='bbox 2815 1039 2968 1111; x_wconf 70' lang='lat'><strong>“8).</strong></span> <span class='ocrx_word' id='word_1_348' title='bbox 2992 1070 3066 1083; x_wconf 88' lang='lat'><strong>-—</strong></span> <span class='ocrx_word' id='word_1_349' title='bbox 3090 1034 3502 1109; x_wconf 83' lang='lat' dir='ltr'><strong>Arcbiepiscopi</strong></span> 
     </span>
    </p>
   </div>
   <div class='ocr_carea' id='block_1_53' title="bbox 1917 1130 3505 1201">
    <p class='ocr_par' dir='ltr' id='par_1_53' title="bbox 1917 1130 3505 1201">
     <span class='ocr_line' id='line_1_53' title="bbox 1917 1130 3505 1201; baseline -0.001 -17"><span class='ocrx_word' id='word_1_350' title='bbox 1917 1144 2115 1184; x_wconf 89' lang='lat' dir='ltr'><strong>nomen</strong></span> <span class='ocrx_word' id='word_1_351' title='bbox 2142 1130 2194 1183; x_wconf 92' lang='lat' dir='ltr'><strong>in</strong></span> <span class='ocrx_word' id='word_1_352' title='bbox 2219 1130 2491 1185; x_wconf 85' lang='lat' dir='ltr'><strong>Breviario</strong></span> <span class='ocrx_word' id='word_1_353' title='bbox 2521 1131 2717 1186; x_wconf 80' lang='lat' dir='ltr'><strong>Meletii</strong></span> <span class='ocrx_word' id='word_1_354' title='bbox 2751 1131 2984 1201; x_wconf 87' lang='lat' dir='ltr'><strong>primum</strong></span> <span class='ocrx_word' id='word_1_355' title='bbox 3016 1130 3320 1200; x_wconf 88' lang='lat' dir='ltr'><strong>reperimus</strong></span> <span class='ocrx_word' id='word_1_356' title='bbox 3345 1142 3505 1183; x_wconf 89' lang='lat' dir='ltr'><strong>usur-</strong></span> 
     </span>
    </p>
   </div>
   <div class='ocr_carea' id='block_1_54' title="bbox 1917 1220 3503 1290">
    <p class='ocr_par' dir='ltr' id='par_1_54' title="bbox 1917 1220 3503 1290">
     <span class='ocr_line' id='line_1_54' title="bbox 1917 1220 3503 1290; baseline -0.003 -16"><span class='ocrx_word' id='word_1_357' title='bbox 1917 1229 2124 1290; x_wconf 90' lang='lat' dir='ltr'><strong>patum.</strong></span> <span class='ocrx_word' id='word_1_358' title='bbox 2165 1220 2292 1276; x_wconf 90' lang='lat' dir='ltr'><strong>Post</strong></span> <span class='ocrx_word' id='word_1_359' title='bbox 2328 1232 2673 1277; x_wconf 86' lang='lat' dir='ltr'><strong>enumeratos</strong></span> <span class='ocrx_word' id='word_1_360' title='bbox 2705 1223 2849 1278; x_wconf 91' lang='lat' dir='ltr'><strong>enim</strong></span> <span class='ocrx_word' id='word_1_361' title='bbox 2880 1223 3019 1279; x_wconf 89' lang='lat' dir='ltr'><strong>alios</strong></span> <span class='ocrx_word' id='word_1_362' title='bbox 3053 1222 3285 1277; x_wconf 89' lang='lat' dir='ltr'><strong>aliarum</strong></span> <span class='ocrx_word' id='word_1_363' title='bbox 3312 1220 3503 1276; x_wconf 45' lang='lat' dir='ltr'><strong>civitas</strong></span> 
     </span>
    </p>
   </div>
   <div class='ocr_carea' id='block_1_55' title="bbox 1919 1311 3597 1383">
    <p class='ocr_par' dir='ltr' id='par_1_55' title="bbox 1919 1311 3597 1383">
     <span class='ocr_line' id='line_1_55' title="bbox 1919 1311 3597 1383; baseline 0.002 -18"><span class='ocrx_word' id='word_1_364' title='bbox 1919 1322 2032 1366; x_wconf 88' lang='lat' dir='ltr'><strong>tum</strong></span> <span class='ocrx_word' id='word_1_365' title='bbox 2073 1312 2376 1381; x_wconf 82' lang='lat' dir='ltr'><strong>episcopos,</strong></span> <span class='ocrx_word' id='word_1_366' title='bbox 2410 1329 2547 1383; x_wconf 87' lang='lat' dir='ltr'><strong>quos</strong></span> <span class='ocrx_word' id='word_1_367' title='bbox 2598 1330 2730 1370; x_wconf 90' lang='lat' dir='ltr'><strong>ausu</strong></span> <span class='ocrx_word' id='word_1_368' title='bbox 2786 1315 3077 1370; x_wconf 90' lang='lat' dir='ltr'><strong>temerario</strong></span> <span class='ocrx_word' id='word_1_369' title='bbox 3117 1323 3175 1368; x_wconf 87' lang='lat' dir='ltr'><strong>et</strong></span> <span class='ocrx_word' id='word_1_370' title='bbox 3227 1311 3506 1377; x_wconf 84' lang='lat' dir='ltr'><strong>insolenti,</strong></span> <span class='ocrx_word' id='word_1_371' title='bbox 3596 1372 3597 1375; x_wconf 32' lang='grc' dir='ltr'><strong>η</strong></span> 
     </span>
    </p>
   </div>
   <div class='ocr_carea' id='block_1_56' title="bbox 1921 1402 3510 1476">
    <p class='ocr_par' dir='ltr' id='par_1_56' title="bbox 1921 1402 3510 1476">
     <span class='ocr_line' id='line_1_56' title="bbox 1921 1402 3510 1476; baseline 0.001 -18"><span class='ocrx_word' id='word_1_372' title='bbox 1921 1402 2196 1472; x_wconf 90' lang='lat' dir='ltr'><strong>invitoque</strong></span> <span class='ocrx_word' id='word_1_373' title='bbox 2225 1406 2665 1475; x_wconf 87' lang='lat' dir='ltr'><strong>metropolitano,</strong></span> <span class='ocrx_word' id='word_1_374' title='bbox 2701 1408 2984 1462; x_wconf 78' lang='lat' dir='ltr'><strong>ordinarat</strong></span> <span class='ocrx_word' id='word_1_375' title='bbox 3027 1407 3165 1476; x_wconf 81' lang='lat' dir='ltr'><strong>ipse,</strong></span> <span class='ocrx_word' id='word_1_376' title='bbox 3192 1405 3259 1460; x_wconf 90' lang='lat' dir='ltr'><strong>de</strong></span> <span class='ocrx_word' id='word_1_377' title='bbox 3297 1402 3510 1459; x_wconf 81' lang='lat' dir='ltr'><strong>Joanne</strong></span> 
     </span>
    </p>
   </div>
   <div class='ocr_carea' id='block_1_57' title="bbox 1923 1495 3510 1568">
    <p class='ocr_par' dir='ltr' id='par_1_57' title="bbox 1923 1495 3510 1568">
     <span class='ocr_line' id='line_1_57' title="bbox 1923 1495 3510 1568; baseline -0.002 -16"><span class='ocrx_word' id='word_1_378' title='bbox 1923 1499 2038 1552; x_wconf 68' lang='lat' dir='ltr'><strong>haec</strong></span> <span class='ocrx_word' id='word_1_379' title='bbox 2092 1496 2337 1552; x_wconf 81' lang='lat' dir='ltr'><strong>Meletius</strong></span> <span class='ocrx_word' id='word_1_380' title='bbox 2368 1497 2443 1551; x_wconf 87' lang='lat' dir='ltr'><strong>ait</strong></span> <span class='ocrx_word' id='word_1_381' title='bbox 2490 1514 2504 1550; x_wconf 90' lang='lat'><strong>:</strong></span> <span class='ocrx_word' id='word_1_382' title='bbox 2548 1498 2637 1551; x_wconf 86' lang='grc' dir='ltr'>Ἐν</span> <span class='ocrx_word' id='word_1_383' title='bbox 2673 1497 2867 1568; x_wconf 75' lang='grc' dir='ltr'>Μέμφι</span> <span class='ocrx_word' id='word_1_384' title='bbox 2909 1496 3164 1567; x_wconf 83' lang='grc' dir='ltr'><strong>Ἰωάννης</strong></span> <span class='ocrx_word' id='word_1_385' title='bbox 3196 1495 3510 1559; x_wconf 79' lang='grc' dir='ltr'>κελευσθεὶς</span> 
     </span>
    </p>
   </div>
   <div class='ocr_carea' id='block_1_58' title="bbox 1922 1588 3510 1661">
    <p class='ocr_par' dir='ltr' id='par_1_58' title="bbox 1922 1588 3510 1661">
     <span class='ocr_line' id='line_1_58' title="bbox 1922 1588 3510 1661; baseline -0.003 -17"><span class='ocrx_word' id='word_1_386' title='bbox 1922 1589 2075 1661; x_wconf 79' lang='grc' dir='ltr'><strong>παρὰ</strong></span> <span class='ocrx_word' id='word_1_387' title='bbox 2117 1588 2212 1643; x_wconf 76' lang='grc' dir='ltr'>τοῦ</span> <span class='ocrx_word' id='word_1_388' title='bbox 2252 1589 2519 1660; x_wconf 82' lang='grc' dir='ltr'><strong>βασιλέως</strong></span> <span class='ocrx_word' id='word_1_389' title='bbox 2551 1588 2690 1644; x_wconf 81' lang='grc' dir='ltr'>εἶναι</span> <span class='ocrx_word' id='word_1_390' title='bbox 2745 1589 2886 1661; x_wconf 82' lang='grc' dir='ltr'>μετὰ</span> <span class='ocrx_word' id='word_1_391' title='bbox 2917 1588 3013 1643; x_wconf 78' lang='grc' dir='ltr'>τοῦ</span> <span class='ocrx_word' id='word_1_392' title='bbox 3047 1588 3510 1660; x_wconf 78' lang='grc' dir='ltr'>ἁρχιεπισκόπου,</span> 
     </span>
    </p>
   </div>
   <div class='ocr_carea' id='block_1_59' title="bbox 1922 1680 3513 1751">
    <p class='ocr_par' dir='ltr' id='par_1_59' title="bbox 1922 1680 3513 1751">
     <span class='ocr_line' id='line_1_59' title="bbox 1922 1680 3513 1751; baseline -0.002 -14"><span class='ocrx_word' id='word_1_393' title='bbox 1922 1681 1977 1737; x_wconf 89' lang='lat' dir='ltr'><strong>id</strong></span> <span class='ocrx_word' id='word_1_394' title='bbox 2007 1692 2090 1737; x_wconf 88' lang='lat' dir='ltr'><strong>est</strong></span> <span class='ocrx_word' id='word_1_395' title='bbox 2115 1698 2128 1734; x_wconf 91' lang='lat'><strong>:</strong></span> <span class='ocrx_word' id='word_1_396' title='bbox 2162 1680 2411 1751; x_wconf 78' lang='lat' dir='ltr'><strong>Memphi,</strong></span> <span class='ocrx_word' id='word_1_397' title='bbox 2434 1682 2663 1736; x_wconf 75' lang='lat' dir='ltr'><strong>Joannes</strong></span> <span class='ocrx_word' id='word_1_398' title='bbox 2691 1682 2869 1749; x_wconf 78' lang='lat' dir='ltr'><strong>jussus</strong></span> <span class='ocrx_word' id='word_1_399' title='bbox 2910 1684 2975 1735; x_wconf 93' lang='lat' dir='ltr'><strong>ab</strong></span> <span class='ocrx_word' id='word_1_400' title='bbox 3003 1682 3315 1750; x_wconf 82' lang='lat' dir='ltr'><strong>imperatore</strong></span> <span class='ocrx_word' id='word_1_401' title='bbox 3346 1690 3401 1735; x_wconf 84' lang='lat' dir='ltr'><strong>ut</strong></span> <span class='ocrx_word' id='word_1_402' title='bbox 3427 1697 3513 1734; x_wconf 83' lang='lat' dir='ltr'><strong>es-</strong></span> 
     </span>
    </p>
   </div>
   <div class='ocr_carea' id='block_1_60' title="bbox 1924 1773 3514 1847">
    <p class='ocr_par' dir='ltr' id='par_1_60' title="bbox 1924 1773 3514 1847">
     <span class='ocr_line' id='line_1_60' title="bbox 1924 1773 3514 1847; baseline -0.001 -17"><span class='ocrx_word' id='word_1_403' title='bbox 1924 1787 1999 1830; x_wconf 84' lang='lat' dir='ltr'><strong>set</strong></span> <span class='ocrx_word' id='word_1_404' title='bbox 2029 1777 2162 1847; x_wconf 90' lang='lat' dir='ltr'><strong>(sive</strong></span> <span class='ocrx_word' id='word_1_405' title='bbox 2189 1776 2445 1846; x_wconf 80' lang='lat' dir='ltr'><strong>maneret)</strong></span> <span class='ocrx_word' id='word_1_406' title='bbox 2479 1791 2600 1830; x_wconf 87' lang='lat' dir='ltr'><strong>cum</strong></span> <span class='ocrx_word' id='word_1_407' title='bbox 2644 1776 3061 1844; x_wconf 80' lang='lat' dir='ltr'><strong>archiepiscopo.</strong></span> <span class='ocrx_word' id='word_1_408' title='bbox 3101 1774 3223 1828; x_wconf 87' lang='lat' dir='ltr'><strong>Dixi</strong></span> <span class='ocrx_word' id='word_1_409' title='bbox 3281 1773 3337 1829; x_wconf 91' lang='lat' dir='ltr'><strong>in</strong></span> <span class='ocrx_word' id='word_1_410' title='bbox 3366 1775 3514 1829; x_wconf 87' lang='lat' dir='ltr'><strong>notis</strong></span> 
     </span>
    </p>
   </div>
   <div class='ocr_carea' id='block_1_61' title="bbox 1924 1864 3512 1938">
    <p class='ocr_par' dir='ltr' id='par_1_61' title="bbox 1924 1864 3512 1938">
     <span class='ocr_line' id='line_1_61' title="bbox 1924 1864 3512 1938; baseline -0.003 -15"><span class='ocrx_word' id='word_1_411' title='bbox 1924 1870 1988 1923; x_wconf 92' lang='lat' dir='ltr'><strong>ad</strong></span> <span class='ocrx_word' id='word_1_412' title='bbox 2038 1884 2158 1923; x_wconf 91' lang='lat' dir='ltr'><strong>eum</strong></span> <span class='ocrx_word' id='word_1_413' title='bbox 2208 1870 2409 1933; x_wconf 90' lang='lat' dir='ltr'><strong>locum,</strong></span> <span class='ocrx_word' id='word_1_414' title='bbox 2451 1867 2716 1922; x_wconf 86' lang='lat' dir='ltr'><strong>Joannem</strong></span> <span class='ocrx_word' id='word_1_415' title='bbox 2762 1866 2942 1938; x_wconf 89' lang='lat' dir='ltr'><strong>juberi</strong></span> <span class='ocrx_word' id='word_1_416' title='bbox 2991 1882 3114 1920; x_wconf 91' lang='lat' dir='ltr'><strong>cum</strong></span> <span class='ocrx_word' id='word_1_417' title='bbox 3146 1864 3385 1932; x_wconf 81' lang='lat' dir='ltr'><strong>Meletio,</strong></span> <span class='ocrx_word' id='word_1_418' title='bbox 3417 1865 3512 1934; x_wconf 89' lang='lat' dir='ltr'><strong>qui</strong></span> 
     </span>
    </p>
   </div>
   <div class='ocr_carea' id='block_1_62' title="bbox 1923 1957 3511 2030">
    <p class='ocr_par' dir='ltr' id='par_1_62' title="bbox 1923 1957 3511 2030">
     <span class='ocr_line' id='line_1_62' title="bbox 1923 1957 3511 2030; baseline -0.002 -16"><span class='ocrx_word' id='word_1_419' title='bbox 1923 1960 2318 2030; x_wconf 84' lang='lat' dir='ltr'><strong>archiepiscopi</strong></span> <span class='ocrx_word' id='word_1_420' title='bbox 2362 1973 2560 2015; x_wconf 89' lang='lat' dir='ltr'><strong>nomen</strong></span> <span class='ocrx_word' id='word_1_421' title='bbox 2601 1968 2695 2014; x_wconf 92' lang='lat' dir='ltr'><strong>aut</strong></span> <span class='ocrx_word' id='word_1_422' title='bbox 2736 1957 2861 2027; x_wconf 88' lang='lat' dir='ltr'><strong>jure</strong></span> <span class='ocrx_word' id='word_1_423' title='bbox 2892 1958 3177 2014; x_wconf 88' lang='lat' dir='ltr'><strong>obtinebat</strong></span> <span class='ocrx_word' id='word_1_424' title='bbox 3220 1966 3318 2013; x_wconf 87' lang='lat' dir='ltr'><strong>aut</strong></span> <span class='ocrx_word' id='word_1_425' title='bbox 3348 1972 3511 2013; x_wconf 82' lang='lat' dir='ltr'><strong>usur-</strong></span> 
     </span>
    </p>
   </div>
   <div class='ocr_carea' id='block_1_63' title="bbox 1922 2051 3509 2122">
    <p class='ocr_par' dir='ltr' id='par_1_63' title="bbox 1922 2051 3509 2122">
     <span class='ocr_line' id='line_1_63' title="bbox 1922 2051 3509 2122; baseline -0.002 -15"><span class='ocrx_word' id='word_1_426' title='bbox 1922 2054 2105 2122; x_wconf 87' lang='lat' dir='ltr'><strong>pabat,</strong></span> <span class='ocrx_word' id='word_1_427' title='bbox 2142 2054 2448 2109; x_wconf 88' lang='lat' dir='ltr'><strong>consistere</strong></span> <span class='ocrx_word' id='word_1_428' title='bbox 2479 2062 2641 2121; x_wconf 87' lang='lat' dir='ltr'><strong>atque</strong></span> <span class='ocrx_word' id='word_1_429' title='bbox 2662 2068 2768 2107; x_wconf 87' lang='lat' dir='ltr'><strong>una</strong></span> <span class='ocrx_word' id='word_1_430' title='bbox 2800 2065 3044 2107; x_wconf 88' lang='lat' dir='ltr'><strong>manere.</strong></span> <span class='ocrx_word' id='word_1_431' title='bbox 3064 2052 3136 2105; x_wconf 90' lang='lat' dir='ltr'><strong>At</strong></span> <span class='ocrx_word' id='word_1_432' title='bbox 3168 2051 3275 2106; x_wconf 85' lang='lat' dir='ltr'><strong>vidi</strong></span> <span class='ocrx_word' id='word_1_433' title='bbox 3304 2064 3509 2105; x_wconf 86' lang='lat' dir='ltr'><strong>secun-</strong></span> 
     </span>
    </p>
   </div>
   <div class='ocr_carea' id='block_1_64' title="bbox 1923 2143 3508 2213">
    <p class='ocr_par' dir='ltr' id='par_1_64' title="bbox 1923 2143 3508 2213">
     <span class='ocr_line' id='line_1_64' title="bbox 1923 2143 3508 2213; baseline 0.001 -15"><span class='ocrx_word' id='word_1_434' title='bbox 1923 2144 2048 2198; x_wconf 84' lang='lat' dir='ltr'><strong>dum</strong></span> <span class='ocrx_word' id='word_1_435' title='bbox 2089 2146 2202 2198; x_wconf 65' lang='lat' dir='ltr'><strong>haec</strong></span> <span class='ocrx_word' id='word_1_436' title='bbox 2226 2144 2653 2199; x_wconf 79' lang='lat' dir='ltr'><strong>emunctissima:</strong></span> <span class='ocrx_word' id='word_1_437' title='bbox 2686 2144 2837 2197; x_wconf 90' lang='lat' dir='ltr'><strong>naris</strong></span> <span class='ocrx_word' id='word_1_438' title='bbox 2868 2143 3169 2207; x_wconf 87' lang='lat' dir='ltr'><strong>hominem,</strong></span> <span class='ocrx_word' id='word_1_439' title='bbox 3200 2144 3293 2213; x_wconf 86' lang='lat' dir='ltr'><strong>qui</strong></span> <span class='ocrx_word' id='word_1_440' title='bbox 3327 2143 3412 2198; x_wconf 90' lang='lat' dir='ltr'><strong>his</strong></span> <span class='ocrx_word' id='word_1_441' title='bbox 3438 2143 3508 2198; x_wconf 87' lang='lat' dir='ltr'><strong>de</strong></span> 
     </span>
    </p>
   </div>
   <div class='ocr_carea' id='block_1_65' title="bbox 1924 2233 3507 2303">
    <p class='ocr_par' dir='ltr' id='par_1_65' title="bbox 1924 2233 3507 2303">
     <span class='ocr_line' id='line_1_65' title="bbox 1924 2233 3507 2303; baseline -0.003 -10"><span class='ocrx_word' id='word_1_442' title='bbox 1924 2236 2107 2293; x_wconf 89' lang='lat' dir='ltr'><strong>causis</strong></span> <span class='ocrx_word' id='word_1_443' title='bbox 2142 2237 2328 2291; x_wconf 68' lang='lat' dir='ltr'><strong>isthmc</strong></span> <span class='ocrx_word' id='word_1_444' title='bbox 2362 2236 2429 2290; x_wconf 91' lang='lat' dir='ltr'><strong>ad</strong></span> <span class='ocrx_word' id='word_1_445' title='bbox 2464 2235 2835 2289; x_wconf 83' lang='lat' dir='ltr'><strong>Alexandrum</strong></span> <span class='ocrx_word' id='word_1_446' title='bbox 2870 2234 3212 2289; x_wconf 77' lang='lat' dir='ltr'><strong>Alexandria:</strong></span> <span class='ocrx_word' id='word_1_447' title='bbox 3234 2233 3507 2303; x_wconf 87' lang='lat' dir='ltr'><strong>archiepi-</strong></span> 
     </span>
    </p>
   </div>
   <div class='ocr_carea' id='block_1_66' title="bbox 1924 2324 3503 2398">
    <p class='ocr_par' dir='ltr' id='par_1_66' title="bbox 1924 2324 3503 2398">
     <span class='ocr_line' id='line_1_66' title="bbox 1924 2324 3503 2398; baseline 0 -15"><span class='ocrx_word' id='word_1_448' title='bbox 1924 2343 2165 2398; x_wconf 86' lang='lat' dir='ltr'><strong>scopum,</strong></span> <span class='ocrx_word' id='word_1_449' title='bbox 2204 2328 2309 2383; x_wconf 65' lang='lat' dir='ltr'><strong>cui&#39;</strong></span> <span class='ocrx_word' id='word_1_450' title='bbox 2342 2326 2673 2382; x_wconf 83' lang='lat' dir='ltr'><strong>Breuiarium</strong></span> <span class='ocrx_word' id='word_1_451' title='bbox 2725 2341 2885 2381; x_wconf 91' lang='lat' dir='ltr'><strong>suum</strong></span> <span class='ocrx_word' id='word_1_452' title='bbox 2943 2326 3165 2381; x_wconf 87' lang='lat' dir='ltr'><strong>tradidit</strong></span> <span class='ocrx_word' id='word_1_453' title='bbox 3229 2324 3503 2392; x_wconf 63' lang='lat' dir='ltr'><strong>Meletius.</strong></span> 
     </span>
    </p>
   </div>
   <div class='ocr_carea' id='block_1_67' title="bbox 1924 2417 3507 2491">
    <p class='ocr_par' dir='ltr' id='par_1_67' title="bbox 1924 2417 3507 2491">
     <span class='ocr_line' id='line_1_67' title="bbox 1924 2417 3507 2491; baseline -0.001 -16"><span class='ocrx_word' id='word_1_454' title='bbox 1924 2437 2035 2491; x_wconf 60' lang='lat' dir='ltr'><strong>spei</strong></span> <span class='ocrx_word' id='word_1_455' title='bbox 2053 2428 2168 2476; x_wconf 90' lang='lat' dir='ltr'><strong>tare</strong></span> <span class='ocrx_word' id='word_1_456' title='bbox 2205 2420 2509 2487; x_wconf 77' lang='lat' dir='ltr'><strong>existimat,</strong></span> <span class='ocrx_word' id='word_1_457' title='bbox 2536 2420 2665 2489; x_wconf 86' lang='lat' dir='ltr'><strong>quia</strong></span> <span class='ocrx_word' id='word_1_458' title='bbox 2713 2417 2928 2474; x_wconf 84' lang='lat' dir='ltr'><strong>scilicet</strong></span> <span class='ocrx_word' id='word_1_459' title='bbox 2975 2418 3376 2489; x_wconf 82' lang='lat' dir='ltr'><strong>archiepiscopi</strong></span> <span class='ocrx_word' id='word_1_460' title='bbox 3407 2433 3507 2475; x_wconf 81' lang='lat' dir='ltr'><strong>no-</strong></span> 
     </span>
    </p>
   </div>
   <div class='ocr_carea' id='block_1_68' title="bbox 1925 2509 3508 2583">
    <p class='ocr_par' dir='ltr' id='par_1_68' title="bbox 1925 2509 3508 2583">
     <span class='ocr_line' id='line_1_68' title="bbox 1925 2509 3508 2583; baseline -0.001 -15"><span class='ocrx_word' id='word_1_461' title='bbox 1925 2528 2045 2568; x_wconf 87' lang='lat' dir='ltr'><strong>men</strong></span> <span class='ocrx_word' id='word_1_462' title='bbox 2072 2514 2137 2566; x_wconf 74' lang='lat' dir='ltr'><strong>atl</strong></span> <span class='ocrx_word' id='word_1_463' title='bbox 2157 2512 2582 2568; x_wconf 82' lang='lat' dir='ltr'><strong>Alexandrinum</strong></span> <span class='ocrx_word' id='word_1_464' title='bbox 2613 2527 2772 2582; x_wconf 91' lang='lat' dir='ltr'><strong>quam</strong></span> <span class='ocrx_word' id='word_1_465' title='bbox 2800 2511 2866 2566; x_wconf 88' lang='lat' dir='ltr'><strong>ad</strong></span> <span class='ocrx_word' id='word_1_466' title='bbox 2889 2509 3333 2583; x_wconf 67' lang='lat' dir='ltr'><strong>Lj&#39;copolitanum</strong></span> <span class='ocrx_word' id='word_1_467' title='bbox 3366 2524 3508 2579; x_wconf 42' lang='lat' dir='ltr'><strong>praes</strong></span> 
     </span>
    </p>
   </div>
   <div class='ocr_carea' id='block_1_69' title="bbox 1925 2601 3506 2673">
    <p class='ocr_par' dir='ltr' id='par_1_69' title="bbox 1925 2601 3506 2673">
     <span class='ocr_line' id='line_1_69' title="bbox 1925 2601 3506 2673; baseline -0.001 -14"><span class='ocrx_word' id='word_1_468' title='bbox 1925 2605 2096 2659; x_wconf 88' lang='lat' dir='ltr'><strong>sulem</strong></span> <span class='ocrx_word' id='word_1_469' title='bbox 2149 2603 2330 2671; x_wconf 89' lang='lat' dir='ltr'><strong>potius</strong></span> <span class='ocrx_word' id='word_1_470' title='bbox 2360 2604 2617 2673; x_wconf 82' lang='lat' dir='ltr'><strong>pertinet.</strong></span> <span class='ocrx_word' id='word_1_471' title='bbox 2662 2601 2850 2656; x_wconf 87' lang='lat' dir='ltr'><strong>Itidem</strong></span> <span class='ocrx_word' id='word_1_472' title='bbox 2894 2617 3016 2656; x_wconf 93' lang='lat' dir='ltr'><strong>cum</strong></span> <span class='ocrx_word' id='word_1_473' title='bbox 3051 2601 3295 2658; x_wconf 84' lang='lat' dir='ltr'><strong>Meletius</strong></span> <span class='ocrx_word' id='word_1_474' title='bbox 3330 2603 3506 2671; x_wconf 85' lang='lat' dir='ltr'><strong>prima</strong></span> 
     </span>
    </p>
   </div>
   <div class='ocr_carea' id='block_1_70' title="bbox 1925 2692 3501 2764">
    <p class='ocr_par' dir='ltr' id='par_1_70' title="bbox 1925 2692 3501 2764">
     <span class='ocr_line' id='line_1_70' title="bbox 1925 2692 3501 2764; baseline -0.001 -15"><span class='ocrx_word' id='word_1_475' title='bbox 1925 2710 2152 2764; x_wconf 83' lang='lat' dir='ltr'><strong>persona</strong></span> <span class='ocrx_word' id='word_1_476' title='bbox 2199 2697 2424 2763; x_wconf 87' lang='lat' dir='ltr'><strong>loquens</strong></span> <span class='ocrx_word' id='word_1_477' title='bbox 2486 2694 2820 2749; x_wconf 80' lang='lat' dir='ltr'><strong>Breviarittm</strong></span> <span class='ocrx_word' id='word_1_478' title='bbox 2867 2693 3113 2747; x_wconf 88' lang='lat' dir='ltr'><strong>ordiatur</strong></span> <span class='ocrx_word' id='word_1_479' title='bbox 3168 2692 3271 2746; x_wconf 91' lang='lat' dir='ltr'><strong>hoc</strong></span> <span class='ocrx_word' id='word_1_480' title='bbox 3324 2703 3501 2760; x_wconf 87' lang='lat' dir='ltr'><strong>pacto,</strong></span> 
     </span>
    </p>
   </div>
   <div class='ocr_carea' id='block_1_71' title="bbox 1936 2785 3505 2858">
    <p class='ocr_par' dir='ltr' id='par_1_71' title="bbox 1936 2785 3505 2858">
     <span class='ocr_line' id='line_1_71' title="bbox 1936 2785 3505 2858; baseline -0.002 -17"><span class='ocrx_word' id='word_1_481' title='bbox 1936 2786 2076 2857; x_wconf 86' lang='grc' dir='ltr'><strong>Ἐγὼ</strong></span> <span class='ocrx_word' id='word_1_482' title='bbox 2105 2787 2362 2851; x_wconf 62' lang='lat' dir='ltr'><strong>Meum;</strong></span> <span class='ocrx_word' id='word_1_483' title='bbox 2406 2789 2463 2839; x_wconf 83' lang='grc' dir='ltr'><strong>ὲν</strong></span> <span class='ocrx_word' id='word_1_484' title='bbox 2486 2786 2669 2858; x_wconf 83' lang='grc' dir='ltr'><strong>Λυκῷ,</strong></span> <span class='ocrx_word' id='word_1_485' title='bbox 2705 2787 2794 2841; x_wconf 88' lang='lat' dir='ltr'><strong>hic</strong></span> <span class='ocrx_word' id='word_1_486' title='bbox 2828 2785 3068 2841; x_wconf 88' lang='lat' dir='ltr'><strong>dicturus</strong></span> <span class='ocrx_word' id='word_1_487' title='bbox 3101 2787 3282 2851; x_wconf 79' lang='lat' dir='ltr'><strong>eral,6</strong></span> <span class='ocrx_word' id='word_1_488' title='bbox 3313 2785 3505 2838; x_wconf 69' lang='grc' dir='ltr'>κελευι</span> 
     </span>
    </p>
   </div>
   <div class='ocr_carea' id='block_1_72' title="bbox 1926 2876 3505 2950">
    <p class='ocr_par' dir='ltr' id='par_1_72' title="bbox 1926 2876 3505 2950">
     <span class='ocr_line' id='line_1_72' title="bbox 1926 2876 3505 2950; baseline -0.001 -18"><span class='ocrx_word' id='word_1_489' title='bbox 1926 2880 2075 2943; x_wconf 72' lang='grc' dir='ltr'>σθεὶς</span> <span class='ocrx_word' id='word_1_490' title='bbox 2138 2877 2272 2933; x_wconf 80' lang='grc' dir='ltr'>εἶναι</span> <span class='ocrx_word' id='word_1_491' title='bbox 2338 2879 2453 2950; x_wconf 82' lang='grc' dir='ltr'>μετ’</span> <span class='ocrx_word' id='word_1_492' title='bbox 2494 2878 2661 2950; x_wconf 74' lang='grc' dir='ltr'>ἐμοῦ,</span> <span class='ocrx_word' id='word_1_493' title='bbox 2722 2894 2863 2943; x_wconf 84' lang='grc' dir='ltr'><strong>ηοη,</strong></span> <span class='ocrx_word' id='word_1_494' title='bbox 2912 2876 3050 2948; x_wconf 84' lang='grc' dir='ltr'>μετὰ</span> <span class='ocrx_word' id='word_1_495' title='bbox 3109 2877 3203 2930; x_wconf 81' lang='grc' dir='ltr'>τοῦ</span> <span class='ocrx_word' id='word_1_496' title='bbox 3254 2879 3505 2949; x_wconf 80' lang='grc' dir='ltr'><strong>ἀρχιεπι-</strong></span> 
     </span>
    </p>
   </div>
   <div class='ocr_carea' id='block_1_73' title="bbox 1925 2968 3504 3039">
    <p class='ocr_par' dir='ltr' id='par_1_73' title="bbox 1925 2968 3504 3039">
     <span class='ocr_line' id='line_1_73' title="bbox 1925 2968 3504 3039; baseline 0 -16"><span class='ocrx_word' id='word_1_497' title='bbox 1925 2974 2149 3028; x_wconf 82' lang='grc' dir='ltr'>σκόπου.</span> <span class='ocrx_word' id='word_1_498' title='bbox 2201 2971 2245 3025; x_wconf 89' lang='lat' dir='ltr'><strong>si</strong></span> <span class='ocrx_word' id='word_1_499' title='bbox 2280 2972 2497 3039; x_wconf 90' lang='lat' dir='ltr'><strong>quidem</strong></span> <span class='ocrx_word' id='word_1_500' title='bbox 2532 2972 2643 3023; x_wconf 77' lang='lat' dir='ltr'><strong>lucc</strong></span> <span class='ocrx_word' id='word_1_501' title='bbox 2694 2970 2857 3023; x_wconf 88' lang='lat' dir='ltr'><strong>verba</strong></span> <span class='ocrx_word' id='word_1_502' title='bbox 2900 2969 3100 3023; x_wconf 84' lang='lat' dir='ltr'><strong>Me‘letii</strong></span> <span class='ocrx_word' id='word_1_503' title='bbox 3147 2979 3332 3024; x_wconf 83' lang='lat' dir='ltr'><strong>essent</strong></span> <span class='ocrx_word' id='word_1_504' title='bbox 3369 2985 3384 3035; x_wconf 88' lang='lat'><strong>;</strong></span> <span class='ocrx_word' id='word_1_505' title='bbox 3417 2968 3504 3024; x_wconf 87' lang='lat' dir='ltr'><strong>sin</strong></span> 
     </span>
    </p>
   </div>
   <div class='ocr_carea' id='block_1_74' title="bbox 1923 3060 3503 3133">
    <p class='ocr_par' dir='ltr' id='par_1_74' title="bbox 1923 3060 3503 3133">
     <span class='ocr_line' id='line_1_74' title="bbox 1923 3060 3503 3133; baseline 0.001 -19"><span class='ocrx_word' id='word_1_506' title='bbox 1923 3066 2189 3133; x_wconf 77' lang='lat' dir='ltr'><strong>glossema</strong></span> <span class='ocrx_word' id='word_1_507' title='bbox 2230 3062 2299 3117; x_wconf 89' lang='lat' dir='ltr'><strong>sit</strong></span> <span class='ocrx_word' id='word_1_508' title='bbox 2343 3062 2659 3126; x_wconf 87' lang='lat' dir='ltr'><strong>Athanasii,</strong></span> <span class='ocrx_word' id='word_1_509' title='bbox 2698 3077 2969 3131; x_wconf 90' lang='lat' dir='ltr'><strong>nunquam</strong></span> <span class='ocrx_word' id='word_1_510' title='bbox 3021 3061 3353 3116; x_wconf 89' lang='lat' dir='ltr'><strong>Athanasius</strong></span> <span class='ocrx_word' id='word_1_511' title='bbox 3376 3060 3503 3128; x_wconf 48' lang='grc' dir='ltr'><strong>,Με-</strong></span> 
     </span>
    </p>
   </div>
   <div class='ocr_carea' id='block_1_75' title="bbox 1925 3153 3502 3221">
    <p class='ocr_par' dir='ltr' id='par_1_75' title="bbox 1925 3153 3502 3221">
     <span class='ocr_line' id='line_1_75' title="bbox 1925 3153 3502 3221; baseline 0.001 -15"><span class='ocrx_word' id='word_1_512' title='bbox 1925 3154 2109 3208; x_wconf 87' lang='lat' dir='ltr'><strong>letium</strong></span> <span class='ocrx_word' id='word_1_513' title='bbox 2164 3163 2455 3207; x_wconf 82' lang='lat' dir='ltr'><strong>vocaturos</strong></span> <span class='ocrx_word' id='word_1_514' title='bbox 2510 3160 2626 3207; x_wconf 84' lang='lat' dir='ltr'><strong>erat</strong></span> <span class='ocrx_word' id='word_1_515' title='bbox 2683 3154 3170 3221; x_wconf 85' lang='lat' dir='ltr'><strong>archiepiscopum.</strong></span> <span class='ocrx_word' id='word_1_516' title='bbox 3223 3154 3306 3207; x_wconf 88' lang='lat' dir='ltr'><strong>Ad</strong></span> <span class='ocrx_word' id='word_1_517' title='bbox 3355 3153 3502 3218; x_wconf 71' lang='lat' dir='ltr'><strong>haec,</strong></span> 
     </span>
    </p>
   </div>
   <div class='ocr_carea' id='block_1_76' title="bbox 1925 3244 3502 3313">
    <p class='ocr_par' dir='ltr' id='par_1_76' title="bbox 1925 3244 3502 3313">
     <span class='ocr_line' id='line_1_76' title="bbox 1925 3244 3502 3313; baseline -0.002 -13"><span class='ocrx_word' id='word_1_518' title='bbox 1925 3246 2268 3300; x_wconf 82' lang='lat' dir='ltr'><strong>verisimilius</strong></span> <span class='ocrx_word' id='word_1_519' title='bbox 2315 3255 2398 3299; x_wconf 89' lang='lat' dir='ltr'><strong>est</strong></span> <span class='ocrx_word' id='word_1_520' title='bbox 2450 3244 2712 3299; x_wconf 81' lang='lat' dir='ltr'><strong>Joannem</strong></span> <span class='ocrx_word' id='word_1_521' title='bbox 2759 3245 3089 3313; x_wconf 85' lang='lat' dir='ltr'><strong>petulantem</strong></span> <span class='ocrx_word' id='word_1_522' title='bbox 3126 3244 3337 3308; x_wconf 89' lang='lat' dir='ltr'><strong>virum,</strong></span> <span class='ocrx_word' id='word_1_523' title='bbox 3383 3252 3502 3297; x_wconf 61' lang='lat' dir='ltr'><strong>tura</strong></span> 
     </span>
    </p>
   </div>
   <div class='ocr_carea' id='block_1_77' title="bbox 1924 3332 3502 3405">
    <p class='ocr_par' dir='ltr' id='par_1_77' title="bbox 1924 3332 3502 3405">
     <span class='ocr_line' id='line_1_77' title="bbox 1924 3332 3502 3405; baseline -0.003 -14"><span class='ocrx_word' id='word_1_524' title='bbox 1924 3335 2223 3405; x_wconf 83' lang='lat' dir='ltr'><strong>harumque</strong></span> <span class='ocrx_word' id='word_1_525' title='bbox 2270 3347 2585 3400; x_wconf 88' lang='lat' dir='ltr'><strong>auctorem,</strong></span> <span class='ocrx_word' id='word_1_526' title='bbox 2621 3334 2833 3403; x_wconf 90' lang='lat' dir='ltr'><strong>jussum</strong></span> <span class='ocrx_word' id='word_1_527' title='bbox 2864 3332 3059 3388; x_wconf 89' lang='lat' dir='ltr'><strong>-fuisse</strong></span> <span class='ocrx_word' id='word_1_528' title='bbox 3112 3346 3332 3387; x_wconf 87' lang='lat' dir='ltr'><strong>manere</strong></span> <span class='ocrx_word' id='word_1_529' title='bbox 3376 3347 3502 3387; x_wconf 88' lang='lat' dir='ltr'><strong>cum</strong></span> 
     </span>
    </p>
   </div>
   <div class='ocr_carea' id='block_1_78' title="bbox 1922 3424 3503 3493">
    <p class='ocr_par' dir='ltr' id='par_1_78' title="bbox 1922 3424 3503 3493">
     <span class='ocr_line' id='line_1_78' title="bbox 1922 3424 3503 3493; baseline -0.002 -11"><span class='ocrx_word' id='word_1_530' title='bbox 1922 3428 2250 3493; x_wconf 78' lang='lat' dir='ltr'><strong>Alexandro,</strong></span> <span class='ocrx_word' id='word_1_531' title='bbox 2267 3426 2357 3481; x_wconf 91' lang='lat' dir='ltr'><strong>ubi</strong></span> <span class='ocrx_word' id='word_1_532' title='bbox 2383 3426 2566 3481; x_wconf 91' lang='lat' dir='ltr'><strong>nullus</strong></span> <span class='ocrx_word' id='word_1_533' title='bbox 2597 3434 2835 3480; x_wconf 91' lang='lat' dir='ltr'><strong>motuum</strong></span> <span class='ocrx_word' id='word_1_534' title='bbox 2867 3425 3039 3489; x_wconf 88' lang='lat' dir='ltr'><strong>locus,</strong></span> <span class='ocrx_word' id='word_1_535' title='bbox 3070 3424 3217 3477; x_wconf 90' lang='lat' dir='ltr'><strong>nulla</strong></span> <span class='ocrx_word' id='word_1_536' title='bbox 3249 3424 3503 3479; x_wconf 89' lang='lat' dir='ltr'><strong>turbandi</strong></span> 
     </span>
    </p>
   </div>
   <div class='ocr_carea' id='block_1_79' title="bbox 1925 3514 3505 3587">
    <p class='ocr_par' dir='ltr' id='par_1_79' title="bbox 1925 3514 3505 3587">
     <span class='ocr_line' id='line_1_79' title="bbox 1925 3514 3505 3587; baseline -0.003 -14"><span class='ocrx_word' id='word_1_537' title='bbox 1925 3521 2009 3573; x_wconf 89' lang='lat' dir='ltr'><strong>via</strong></span> <span class='ocrx_word' id='word_1_538' title='bbox 2046 3517 2275 3583; x_wconf 87' lang='lat' dir='ltr'><strong>fuisset,</strong></span> <span class='ocrx_word' id='word_1_539' title='bbox 2307 3533 2469 3587; x_wconf 89' lang='lat' dir='ltr'><strong>quam</strong></span> <span class='ocrx_word' id='word_1_540' title='bbox 2521 3517 2659 3585; x_wconf 88' lang='lat' dir='ltr'><strong>apud</strong></span> <span class='ocrx_word' id='word_1_541' title='bbox 2699 3515 2996 3581; x_wconf 78' lang='lat' dir='ltr'><strong>Meletium,</strong></span> <span class='ocrx_word' id='word_1_542' title='bbox 3032 3514 3398 3570; x_wconf 87' lang='lat' dir='ltr'><strong>turbulentum</strong></span> <span class='ocrx_word' id='word_1_543' title='bbox 3447 3522 3505 3568; x_wconf 88' lang='lat' dir='ltr'><strong>et</strong></span> 
     </span>
    </p>
   </div>
   <div class='ocr_carea' id='block_1_80' title="bbox 1925 3603 3506 3681">
    <p class='ocr_par' dir='ltr' id='par_1_80' title="bbox 1925 3603 3506 3681">
     <span class='ocr_line' id='line_1_80' title="bbox 1925 3603 3506 3681; baseline -0.003 -16"><span class='ocrx_word' id='word_1_544' title='bbox 1925 3612 2098 3681; x_wconf 89' lang='lat' dir='ltr'><strong>ipsum</strong></span> <span class='ocrx_word' id='word_1_545' title='bbox 2146 3625 2539 3681; x_wconf 88' lang='lat' dir='ltr'><strong>procacemque</strong></span> <span class='ocrx_word' id='word_1_546' title='bbox 2600 3609 2899 3665; x_wconf 88' lang='lat' dir='ltr'><strong>hominem.</strong></span> <span class='ocrx_word' id='word_1_547' title='bbox 2953 3607 3150 3662; x_wconf 84' lang='lat' dir='ltr'><strong>Verum</strong></span> <span class='ocrx_word' id='word_1_548' title='bbox 3189 3603 3413 3673; x_wconf 72' lang='lat' dir='ltr'><strong>istliaac,</strong></span> <span class='ocrx_word' id='word_1_549' title='bbox 3444 3617 3506 3661; x_wconf 86' lang='lat' dir='ltr'><strong>ut</strong></span> 
     </span>
    </p>
   </div>
   <div class='ocr_carea' id='block_1_81' title="bbox 1924 3696 3498 3764">
    <p class='ocr_par' dir='ltr' id='par_1_81' title="bbox 1924 3696 3498 3764">
     <span class='ocr_line' id='line_1_81' title="bbox 1924 3696 3498 3764; baseline -0.004 -6"><span class='ocrx_word' id='word_1_550' title='bbox 1924 3705 2135 3758; x_wconf 90' lang='lat' dir='ltr'><strong>erudite</strong></span> <span class='ocrx_word' id='word_1_551' title='bbox 2150 3704 2440 3758; x_wconf 88' lang='lat' dir='ltr'><strong>observata</strong></span> <span class='ocrx_word' id='word_1_552' title='bbox 2463 3710 2608 3764; x_wconf 79' lang='lat' dir='ltr'><strong>sunt,</strong></span> <span class='ocrx_word' id='word_1_553' title='bbox 2636 3716 2740 3755; x_wconf 90' lang='lat' dir='ltr'><strong>non</strong></span> <span class='ocrx_word' id='word_1_554' title='bbox 2770 3701 2905 3755; x_wconf 89' lang='lat' dir='ltr'><strong>tanti</strong></span> <span class='ocrx_word' id='word_1_555' title='bbox 2934 3696 3062 3755; x_wconf 87' lang='lat' dir='ltr'><strong>mihi</strong></span> <span class='ocrx_word' id='word_1_556' title='bbox 3085 3699 3339 3755; x_wconf 73' lang='lat' dir='ltr'><strong>videntur</strong></span> <span class='ocrx_word' id='word_1_557' title='bbox 3354 3712 3498 3762; x_wconf 86' lang='lat' dir='ltr'><strong>esse,</strong></span> 
     </span>
    </p>
   </div>
   <div class='ocr_carea' id='block_1_82' title="bbox 1925 3788 3505 3857">
    <p class='ocr_par' dir='ltr' id='par_1_82' title="bbox 1925 3788 3505 3857">
     <span class='ocr_line' id='line_1_82' title="bbox 1925 3788 3505 3857; baseline -0.007 -5"><span class='ocrx_word' id='word_1_558' title='bbox 1925 3806 1985 3852; x_wconf 89' lang='lat' dir='ltr'><strong>ut</strong></span> <span class='ocrx_word' id='word_1_559' title='bbox 2019 3797 2257 3850; x_wconf 89' lang='lat' dir='ltr'><strong>animum</strong></span> <span class='ocrx_word' id='word_1_560' title='bbox 2289 3794 2397 3848; x_wconf 86' lang='lat' dir='ltr'><strong>alio</strong></span> <span class='ocrx_word' id='word_1_561' title='bbox 2427 3793 2679 3849; x_wconf 89' lang='lat' dir='ltr'><strong>conferre</strong></span> <span class='ocrx_word' id='word_1_562' title='bbox 2720 3794 3005 3847; x_wconf 89' lang='lat' dir='ltr'><strong>suadeant.</strong></span> <span class='ocrx_word' id='word_1_563' title='bbox 3052 3790 3185 3844; x_wconf 82' lang='lat' dir='ltr'><strong>Nam</strong></span> <span class='ocrx_word' id='word_1_564' title='bbox 3232 3788 3505 3857; x_wconf 45' lang='lat' dir='ltr'><strong>archiepi.</strong></span> 
     </span>
    </p>
   </div>
   <div class='ocr_carea' id='block_1_83' title="bbox 1926 3877 3505 3952">
    <p class='ocr_par' dir='ltr' id='par_1_83' title="bbox 1926 3877 3505 3952">
     <span class='ocr_line' id='line_1_83' title="bbox 1926 3877 3505 3952; baseline -0.004 -15"><span class='ocrx_word' id='word_1_565' title='bbox 1926 3884 2076 3952; x_wconf 89' lang='lat' dir='ltr'><strong>scopi</strong></span> <span class='ocrx_word' id='word_1_566' title='bbox 2108 3897 2302 3937; x_wconf 89' lang='lat' dir='ltr'><strong>nomen</strong></span> <span class='ocrx_word' id='word_1_567' title='bbox 2337 3882 2479 3951; x_wconf 88' lang='lat' dir='ltr'><strong>quod</strong></span> <span class='ocrx_word' id='word_1_568' title='bbox 2510 3890 2743 3951; x_wconf 76' lang='lat' dir='ltr'><strong>spectat,</strong></span> <span class='ocrx_word' id='word_1_569' title='bbox 2781 3898 2848 3937; x_wconf 92' lang='lat' dir='ltr'><strong>ne</strong></span> <span class='ocrx_word' id='word_1_570' title='bbox 2876 3880 3045 3938; x_wconf 90' lang='lat' dir='ltr'><strong>semel</strong></span> <span class='ocrx_word' id='word_1_571' title='bbox 3076 3879 3290 3949; x_wconf 89' lang='lat' dir='ltr'><strong>quidem</strong></span> <span class='ocrx_word' id='word_1_572' title='bbox 3327 3877 3413 3933; x_wconf 89' lang='lat' dir='ltr'><strong>vel</strong></span> <span class='ocrx_word' id='word_1_573' title='bbox 3448 3878 3505 3933; x_wconf 89' lang='lat' dir='ltr'><strong>in</strong></span> 
     </span>
    </p>
   </div>
   <div class='ocr_carea' id='block_1_84' title="bbox 1923 3962 3502 4040">
    <p class='ocr_par' dir='ltr' id='par_1_84' title="bbox 1923 3962 3502 4040">
     <span class='ocr_line' id='line_1_84' title="bbox 1923 3962 3502 4040; baseline -0.002 -16"><span class='ocrx_word' id='word_1_574' title='bbox 1923 3962 2219 4024; x_wconf 86' lang='lat' dir='ltr'><strong>Alexandri</strong></span> <span class='ocrx_word' id='word_1_575' title='bbox 2271 3970 2542 4038; x_wconf 91' lang='lat' dir='ltr'><strong>epistolis,</strong></span> <span class='ocrx_word' id='word_1_576' title='bbox 2594 3968 2678 4023; x_wconf 76' lang='lat' dir='ltr'><strong>vel</strong></span> <span class='ocrx_word' id='word_1_577' title='bbox 2731 3971 2783 4024; x_wconf 89' lang='lat' dir='ltr'><strong>in</strong></span> <span class='ocrx_word' id='word_1_578' title='bbox 2819 3970 3079 4040; x_wconf 88' lang='lat' dir='ltr'><strong>operibus</strong></span> <span class='ocrx_word' id='word_1_579' title='bbox 3115 3968 3422 4036; x_wconf 71' lang='lat' dir='ltr'><strong>Athanasii}</strong></span> <span class='ocrx_word' id='word_1_580' title='bbox 3448 3967 3502 4021; x_wconf 92' lang='lat' dir='ltr'><strong>in</strong></span> 
     </span>
    </p>
   </div>
   <div class='ocr_carea' id='block_1_85' title="bbox 1924 4059 3505 4131">
    <p class='ocr_par' dir='ltr' id='par_1_85' title="bbox 1924 4059 3505 4131">
     <span class='ocr_line' id='line_1_85' title="bbox 1924 4059 3505 4131; baseline 0.001 -18"><span class='ocrx_word' id='word_1_581' title='bbox 1924 4074 2023 4113; x_wconf 93' lang='lat' dir='ltr'><strong>usu</strong></span> <span class='ocrx_word' id='word_1_582' title='bbox 2054 4059 2389 4127; x_wconf 83' lang='lat' dir='ltr'><strong>reperimus:</strong></span> <span class='ocrx_word' id='word_1_583' title='bbox 2422 4076 2530 4131; x_wconf 89' lang='lat' dir='ltr'><strong>quo</strong></span> <span class='ocrx_word' id='word_1_584' title='bbox 2572 4063 2877 4130; x_wconf 88' lang='lat' dir='ltr'><strong>conjectura</strong></span> <span class='ocrx_word' id='word_1_585' title='bbox 2920 4063 3163 4117; x_wconf 90' lang='lat' dir='ltr'><strong>nascitur</strong></span> <span class='ocrx_word' id='word_1_586' title='bbox 3189 4061 3305 4116; x_wconf 65' lang='lat' dir='ltr'><strong>haec</strong></span> <span class='ocrx_word' id='word_1_587' title='bbox 3337 4061 3505 4116; x_wconf 82' lang='lat' dir='ltr'><strong>verba</strong></span> 
     </span>
    </p>
   </div>
   <div class='ocr_carea' id='block_1_86' title="bbox 1924 4150 3505 4222">
    <p class='ocr_par' dir='ltr' id='par_1_86' title="bbox 1924 4150 3505 4222">
     <span class='ocr_line' id='line_1_86' title="bbox 1924 4150 3505 4222; baseline 0.001 -18"><span class='ocrx_word' id='word_1_588' title='bbox 1924 4166 2045 4205; x_wconf 91' lang='lat' dir='ltr'><strong>esse</strong></span> <span class='ocrx_word' id='word_1_589' title='bbox 2081 4150 2277 4206; x_wconf 83' lang='lat' dir='ltr'><strong>Meletii</strong></span> <span class='ocrx_word' id='word_1_590' title='bbox 2327 4153 2417 4221; x_wconf 91' lang='lat' dir='ltr'><strong>qui</strong></span> <span class='ocrx_word' id='word_1_591' title='bbox 2454 4162 2621 4207; x_wconf 87' lang='lat' dir='ltr'><strong>totum</strong></span> <span class='ocrx_word' id='word_1_592' title='bbox 2674 4151 3005 4207; x_wconf 80' lang='lat' dir='ltr'><strong>Bm-iarium</strong></span> <span class='ocrx_word' id='word_1_593' title='bbox 3052 4153 3505 4222; x_wconf 89' lang='lat' dir='ltr'><strong>descripsit;nec</strong></span> 
     </span>
    </p>
   </div>
   <div class='ocr_carea' id='block_1_87' title="bbox 1925 4244 3506 4315">
    <p class='ocr_par' dir='ltr' id='par_1_87' title="bbox 1925 4244 3506 4315">
     <span class='ocr_line' id='line_1_87' title="bbox 1925 4244 3506 4315; baseline 0.001 -19"><span class='ocrx_word' id='word_1_594' title='bbox 1925 4251 2215 4312; x_wconf 88' lang='lat' dir='ltr'><strong>antequam</strong></span> <span class='ocrx_word' id='word_1_595' title='bbox 2246 4245 2360 4299; x_wconf 71' lang='lat' dir='ltr'><strong>haec</strong></span> <span class='ocrx_word' id='word_1_596' title='bbox 2390 4245 2766 4314; x_wconf 86' lang='lat' dir='ltr'><strong>proferantur,</strong></span> <span class='ocrx_word' id='word_1_597' title='bbox 2804 4245 3055 4315; x_wconf 70' lang='lat' dir='ltr'><strong>loquendi</strong></span> <span class='ocrx_word' id='word_1_598' title='bbox 3107 4246 3264 4298; x_wconf 85' lang='lat' dir='ltr'><strong>linem</strong></span> <span class='ocrx_word' id='word_1_599' title='bbox 3310 4244 3506 4299; x_wconf 85' lang='lat' dir='ltr'><strong>fecisse</strong></span> 
     </span>
    </p>
   </div>
   <div class='ocr_carea' id='block_1_88' title="bbox 1923 4333 3507 4407">
    <p class='ocr_par' dir='ltr' id='par_1_88' title="bbox 1923 4333 3507 4407">
     <span class='ocr_line' id='line_1_88' title="bbox 1923 4333 3507 4407; baseline 0 -19"><span class='ocrx_word' id='word_1_600' title='bbox 1923 4335 2156 4405; x_wconf 81' lang='lat' dir='ltr'><strong>videtur.</strong></span> <span class='ocrx_word' id='word_1_601' title='bbox 2203 4334 2342 4402; x_wconf 87' lang='lat' dir='ltr'><strong>Quid</strong></span> <span class='ocrx_word' id='word_1_602' title='bbox 2376 4337 2519 4407; x_wconf 91' lang='lat' dir='ltr'><strong>quod</strong></span> <span class='ocrx_word' id='word_1_603' title='bbox 2555 4345 2763 4389; x_wconf 88' lang='lat' dir='ltr'><strong>certum</strong></span> <span class='ocrx_word' id='word_1_604' title='bbox 2809 4346 2889 4391; x_wconf 91' lang='lat' dir='ltr'><strong>est</strong></span> <span class='ocrx_word' id='word_1_605' title='bbox 2918 4336 3192 4390; x_wconf 82' lang='lat' dir='ltr'><strong>Meletium</strong></span> <span class='ocrx_word' id='word_1_606' title='bbox 3235 4333 3507 4403; x_wconf 80' lang='lat' dir='ltr'><strong>archiepi-</strong></span> 
     </span>
    </p>
   </div>
   <div class='ocr_carea' id='block_1_89' title="bbox 1922 4429 3505 4505">
    <p class='ocr_par' dir='ltr' id='par_1_89' title="bbox 1922 4429 3505 4505">
     <span class='ocr_line' id='line_1_89' title="bbox 1922 4429 3505 4505; baseline -0.003 -20"><span class='ocrx_word' id='word_1_607' title='bbox 1922 4429 2071 4495; x_wconf 83' lang='lat' dir='ltr'><strong>secpi</strong></span> <span class='ocrx_word' id='word_1_608' title='bbox 2097 4443 2293 4505; x_wconf 84' lang='lat' dir='ltr'><strong>nomen</strong></span> <span class='ocrx_word' id='word_1_609' title='bbox 2313 4444 2605 4498; x_wconf 88' lang='lat' dir='ltr'><strong>usurpasse</strong></span> <span class='ocrx_word' id='word_1_610' title='bbox 2628 4431 2651 4484; x_wconf 68' lang='grc' dir='ltr'><em>ἲ</em></span> <span class='ocrx_word' id='word_1_611' title='bbox 2677 4432 3007 4500; x_wconf 87' lang='lat' dir='ltr'><strong>Epiphanius</strong></span> <span class='ocrx_word' id='word_1_612' title='bbox 3032 4429 3209 4492; x_wconf 90' lang='lat' dir='ltr'><strong>enim,</strong></span> <span class='ocrx_word' id='word_1_613' title='bbox 3231 4430 3321 4498; x_wconf 92' lang='lat' dir='ltr'><strong>qui</strong></span> <span class='ocrx_word' id='word_1_614' title='bbox 3349 4442 3505 4482; x_wconf 90' lang='lat' dir='ltr'><strong>suam</strong></span> 
     </span>
    </p>
   </div>
   <div class='ocr_carea' id='block_1_90' title="bbox 216 4518 3507 4600">
    <p class='ocr_par' dir='ltr' id='par_1_90' title="bbox 216 4518 3507 4600">
     <span class='ocr_line' id='line_1_90' title="bbox 216 4518 3507 4600; baseline -0.005 -15"><span class='ocrx_word' id='word_1_615' title='bbox 216 4530 345 4595; x_wconf 86' lang='lat' dir='ltr'><strong>loca,</strong></span> <span class='ocrx_word' id='word_1_616' title='bbox 375 4531 603 4587; x_wconf 86' lang='lat' dir='ltr'><strong>ordinis</strong></span> <span class='ocrx_word' id='word_1_617' title='bbox 627 4544 694 4583; x_wconf 90' lang='lat' dir='ltr'><strong>ac</strong></span> <span class='ocrx_word' id='word_1_618' title='bbox 716 4541 869 4583; x_wconf 65' lang='lat' dir='ltr'><strong>vera:</strong></span> <span class='ocrx_word' id='word_1_619' title='bbox 902 4525 1022 4579; x_wconf 87' lang='lat' dir='ltr'><strong>lidei</strong></span> <span class='ocrx_word' id='word_1_620' title='bbox 1050 4526 1331 4579; x_wconf 77' lang='lat' dir='ltr'><strong>servanda:</strong></span> <span class='ocrx_word' id='word_1_621' title='bbox 1356 4539 1538 4590; x_wconf 88' lang='lat' dir='ltr'><strong>causa,</strong></span> <span class='ocrx_word' id='word_1_622' title='bbox 1566 4525 1819 4594; x_wconf 89' lang='lat' dir='ltr'><strong>frequens</strong></span> <span class='ocrx_word' id='word_1_623' title='bbox 1853 4540 1899 4600; x_wconf 79' lang='grc' dir='ltr'>ι)</span> <span class='ocrx_word' id='word_1_624' title='bbox 1926 4520 1992 4573; x_wconf 85' lang='lat' dir='ltr'><strong>de</strong></span> <span class='ocrx_word' id='word_1_625' title='bbox 2012 4518 2314 4573; x_wconf 75' lang='lat' dir='ltr'><strong>Meletianis</strong></span> <span class='ocrx_word' id='word_1_626' title='bbox 2333 4520 2614 4574; x_wconf 83' lang='lat' dir='ltr'><strong>historiam</strong></span> <span class='ocrx_word' id='word_1_627' title='bbox 2632 4520 2700 4573; x_wconf 88' lang='lat' dir='ltr'><strong>ab</strong></span> <span class='ocrx_word' id='word_1_628' title='bbox 2721 4520 2901 4587; x_wconf 88' lang='lat' dir='ltr'><strong>aliquo</strong></span> <span class='ocrx_word' id='word_1_629' title='bbox 2925 4519 3068 4572; x_wconf 91' lang='lat' dir='ltr'><strong>illius</strong></span> <span class='ocrx_word' id='word_1_630' title='bbox 3089 4528 3250 4572; x_wconf 72' lang='lat' dir='ltr'><strong>sectae</strong></span> <span class='ocrx_word' id='word_1_631' title='bbox 3283 4518 3507 4570; x_wconf 83' lang='lat' dir='ltr'><strong>homine</strong></span> 
     </span>
    </p>
   </div>
   <div class='ocr_carea' id='block_1_91' title="bbox 217 4613 1824 4689">
    <p class='ocr_par' dir='ltr' id='par_1_91' title="bbox 217 4613 1824 4689">
     <span class='ocr_line' id='line_1_91' title="bbox 217 4613 1824 4689; baseline -0.002 -16"><span class='ocrx_word' id='word_1_632' title='bbox 217 4622 502 4680; x_wconf 74' lang='lat' dir='ltr'><strong>lustrabat.</strong></span> <span class='ocrx_word' id='word_1_633' title='bbox 539 4622 658 4675; x_wconf 86' lang='lat' dir='ltr'><strong>luto</strong></span> <span class='ocrx_word' id='word_1_634' title='bbox 693 4619 933 4689; x_wconf 80' lang='lat' dir='ltr'><strong>legimus</strong></span> <span class='ocrx_word' id='word_1_635' title='bbox 964 4615 1016 4670; x_wconf 92' lang='lat' dir='ltr'><strong>in</strong></span> <span class='ocrx_word' id='word_1_636' title='bbox 1079 4613 1199 4669; x_wconf 84' lang='lat' dir='ltr'><strong>Vita</strong></span> <span class='ocrx_word' id='word_1_637' title='bbox 1246 4615 1537 4681; x_wconf 85' lang='lat' dir='ltr'><strong>Pachomii,</strong></span> <span class='ocrx_word' id='word_1_638' title='bbox 1581 4618 1824 4672; x_wconf 71' lang='lat' dir='ltr'><strong>Athana~</strong></span> 
     </span>
    </p>
   </div>
   <div class='ocr_carea' id='block_1_92' title="bbox 215 4707 1824 4786">
    <p class='ocr_par' dir='ltr' id='par_1_92' title="bbox 215 4707 1824 4786">
     <span class='ocr_line' id='line_1_92' title="bbox 215 4707 1824 4786; baseline -0.002 -18"><span class='ocrx_word' id='word_1_639' title='bbox 215 4716 361 4783; x_wconf 85' lang='lat' dir='ltr'><strong>siam,</strong></span> <span class='ocrx_word' id='word_1_640' title='bbox 396 4724 606 4786; x_wconf 84' lang='lat' dir='ltr'><strong>utpote</strong></span> <span class='ocrx_word' id='word_1_641' title='bbox 638 4709 876 4782; x_wconf 59' lang='lat' dir='ltr'><strong>Egypti</strong></span> <span class='ocrx_word' id='word_1_642' title='bbox 931 4709 1096 4763; x_wconf 88' lang='lat' dir='ltr'><strong>totius</strong></span> <span class='ocrx_word' id='word_1_643' title='bbox 1144 4707 1643 4777; x_wconf 88' lang='lat' dir='ltr'><strong>metropolitanum,</strong></span> <span class='ocrx_word' id='word_1_644' title='bbox 1670 4709 1824 4764; x_wconf 91' lang='lat' dir='ltr'><strong>initio</strong></span> 
     </span>
    </p>
   </div>
   <div class='ocr_carea' id='block_1_93' title="bbox 211 4801 1824 4878">
    <p class='ocr_par' dir='ltr' id='par_1_93' title="bbox 211 4801 1824 4878">
     <span class='ocr_line' id='line_1_93' title="bbox 211 4801 1824 4878; baseline -0.002 -15"><span class='ocrx_word' id='word_1_645' title='bbox 211 4808 568 4878; x_wconf 72' lang='lat' dir='ltr'><strong>episcopatus</strong></span> <span class='ocrx_word' id='word_1_646' title='bbox 595 4804 683 4861; x_wconf 92' lang='lat' dir='ltr'><strong>sui</strong></span> <span class='ocrx_word' id='word_1_647' title='bbox 703 4802 1048 4859; x_wconf 88' lang='lat' dir='ltr'><strong>Thebaidem</strong></span> <span class='ocrx_word' id='word_1_648' title='bbox 1079 4801 1457 4872; x_wconf 89' lang='lat' dir='ltr'><strong>perlustrasse,</strong></span> <span class='ocrx_word' id='word_1_649' title='bbox 1491 4814 1548 4858; x_wconf 94' lang='lat' dir='ltr'><strong>ut</strong></span> <span class='ocrx_word' id='word_1_650' title='bbox 1580 4805 1824 4861; x_wconf 81' lang='lat' dir='ltr'><strong>inﬁrmos</strong></span> 
     </span>
    </p>
   </div>
   <div class='ocr_carea' id='block_1_94' title="bbox 212 4894 1825 4969">
    <p class='ocr_par' dir='ltr' id='par_1_94' title="bbox 212 4894 1825 4969">
     <span class='ocr_line' id='line_1_94' title="bbox 212 4894 1825 4969; baseline -0.001 -15"><span class='ocrx_word' id='word_1_651' title='bbox 212 4898 402 4957; x_wconf 81' lang='lat' dir='ltr'><strong>invera</strong></span> <span class='ocrx_word' id='word_1_652' title='bbox 442 4901 544 4955; x_wconf 84' lang='lat' dir='ltr'><strong>ﬁde</strong></span> <span class='ocrx_word' id='word_1_653' title='bbox 565 4908 734 4969; x_wconf 81' lang='lat' dir='ltr'><strong>atque</strong></span> <span class='ocrx_word' id='word_1_654' title='bbox 763 4894 1087 4950; x_wconf 84' lang='lat' dir='ltr'><strong>vacillantes</strong></span> <span class='ocrx_word' id='word_1_655' title='bbox 1122 4905 1416 4961; x_wconf 87' lang='lat' dir='ltr'><strong>recrearet,</strong></span> <span class='ocrx_word' id='word_1_656' title='bbox 1439 4907 1601 4967; x_wconf 86' lang='lat' dir='ltr'><strong>atque</strong></span> <span class='ocrx_word' id='word_1_657' title='bbox 1625 4899 1690 4951; x_wconf 89' lang='lat' dir='ltr'><strong>ad</strong></span> <span class='ocrx_word' id='word_1_658' title='bbox 1711 4913 1825 4953; x_wconf 89' lang='lat' dir='ltr'><strong>me-</strong></span> 
     </span>
    </p>
   </div>
   <div class='ocr_carea' id='block_1_95' title="bbox 214 4986 1821 5060">
    <p class='ocr_par' dir='ltr' id='par_1_95' title="bbox 214 4986 1821 5060">
     <span class='ocr_line' id='line_1_95' title="bbox 214 4986 1821 5060; baseline -0.002 -16"><span class='ocrx_word' id='word_1_659' title='bbox 214 4989 397 5047; x_wconf 83' lang='lat' dir='ltr'><strong>liorem</strong></span> <span class='ocrx_word' id='word_1_660' title='bbox 443 4990 750 5060; x_wconf 88' lang='lat' dir='ltr'><strong>applicaret</strong></span> <span class='ocrx_word' id='word_1_661' title='bbox 770 4986 1142 5057; x_wconf 89' lang='lat' dir='ltr'><strong>partem.Non</strong></span> <span class='ocrx_word' id='word_1_662' title='bbox 1173 4986 1368 5041; x_wconf 88' lang='lat' dir='ltr'><strong>licebat</strong></span> <span class='ocrx_word' id='word_1_663' title='bbox 1396 4988 1664 5058; x_wconf 76' lang='lat' dir='ltr'><strong>episc0pis</strong></span> <span class='ocrx_word' id='word_1_664' title='bbox 1686 4988 1821 5043; x_wconf 90' lang='lat' dir='ltr'><strong>citra</strong></span> 
     </span>
    </p>
   </div>
   <div class='ocr_carea' id='block_1_96' title="bbox 216 5077 1822 5149">
    <p class='ocr_par' dir='ltr' id='par_1_96' title="bbox 216 5077 1822 5149">
     <span class='ocr_line' id='line_1_96' title="bbox 216 5077 1822 5149; baseline 0 -13"><span class='ocrx_word' id='word_1_665' title='bbox 216 5084 544 5138; x_wconf 71' lang='lat' dir='ltr'><strong>sententiam</strong></span> <span class='ocrx_word' id='word_1_666' title='bbox 584 5077 1007 5149; x_wconf 85' lang='lat' dir='ltr'><strong>metropolitani</strong></span> <span class='ocrx_word' id='word_1_667' title='bbox 1036 5079 1116 5133; x_wconf 92' lang='lat' dir='ltr'><strong>sui</strong></span> <span class='ocrx_word' id='word_1_668' title='bbox 1137 5079 1415 5134; x_wconf 90' lang='lat' dir='ltr'><strong>decretum</strong></span> <span class='ocrx_word' id='word_1_669' title='bbox 1441 5079 1608 5134; x_wconf 88' lang='lat' dir='ltr'><strong>ullum</strong></span> <span class='ocrx_word' id='word_1_670' title='bbox 1638 5083 1822 5147; x_wconf 90' lang='lat' dir='ltr'><strong>edere,</strong></span> 
     </span>
    </p>
   </div>
   <div class='ocr_carea' id='block_1_97' title="bbox 216 5167 1822 5242">
    <p class='ocr_par' dir='ltr' id='par_1_97' title="bbox 216 5167 1822 5242">
     <span class='ocr_line' id='line_1_97' title="bbox 216 5167 1822 5242; baseline 0.002 -19"><span class='ocrx_word' id='word_1_671' title='bbox 216 5175 346 5239; x_wconf 80' lang='lat' dir='ltr'><strong>quod</strong></span> <span class='ocrx_word' id='word_1_672' title='bbox 374 5172 473 5227; x_wconf 76' lang='lat' dir='ltr'><strong>vel</strong></span> <span class='ocrx_word' id='word_1_673' title='bbox 509 5173 832 5242; x_wconf 87' lang='lat' dir='ltr'><strong>episcopos,</strong></span> <span class='ocrx_word' id='word_1_674' title='bbox 866 5167 949 5221; x_wconf 90' lang='lat' dir='ltr'><strong>vel</strong></span> <span class='ocrx_word' id='word_1_675' title='bbox 988 5182 1104 5222; x_wconf 86' lang='lat' dir='ltr'><strong>rem</strong></span> <span class='ocrx_word' id='word_1_676' title='bbox 1138 5184 1479 5224; x_wconf 88' lang='lat' dir='ltr'><strong>communem</strong></span> <span class='ocrx_word' id='word_1_677' title='bbox 1529 5180 1822 5240; x_wconf 87' lang='lat' dir='ltr'><strong>spectaret.</strong></span> 
     </span>
    </p>
   </div>
   <div class='ocr_carea' id='block_1_98' title="bbox 220 5263 1824 5336">
    <p class='ocr_par' dir='ltr' id='par_1_98' title="bbox 220 5263 1824 5336">
     <span class='ocr_line' id='line_1_98' title="bbox 220 5263 1824 5336; baseline 0 -18"><span class='ocrx_word' id='word_1_678' title='bbox 220 5267 299 5320; x_wconf 80' lang='lat' dir='ltr'><strong>Ait</strong></span> <span class='ocrx_word' id='word_1_679' title='bbox 326 5265 510 5322; x_wconf 87' lang='lat' dir='ltr'><strong>Julius</strong></span> <span class='ocrx_word' id='word_1_680' title='bbox 544 5281 716 5336; x_wconf 87' lang='lat' dir='ltr'><strong>papa,</strong></span> <span class='ocrx_word' id='word_1_681' title='bbox 760 5263 814 5317; x_wconf 92' lang='lat' dir='ltr'><strong>id</strong></span> <span class='ocrx_word' id='word_1_682' title='bbox 846 5276 969 5317; x_wconf 90' lang='lat' dir='ltr'><strong>esse</strong></span> <span class='ocrx_word' id='word_1_683' title='bbox 991 5263 1176 5324; x_wconf 90' lang='lat' dir='ltr'><strong>moris,</strong></span> <span class='ocrx_word' id='word_1_684' title='bbox 1213 5271 1364 5317; x_wconf 88' lang='lat' dir='ltr'><strong>utne</strong></span> <span class='ocrx_word' id='word_1_685' title='bbox 1393 5263 1462 5318; x_wconf 88' lang='lat' dir='ltr'><strong>de</strong></span> <span class='ocrx_word' id='word_1_686' title='bbox 1489 5264 1668 5318; x_wconf 69' lang='lat' dir='ltr'><strong>causis</strong></span> <span class='ocrx_word' id='word_1_687' title='bbox 1701 5265 1824 5333; x_wconf 89' lang='lat' dir='ltr'><strong>qui-</strong></span> 
     </span>
    </p>
   </div>
   <div class='ocr_carea' id='block_1_99' title="bbox 220 5354 1825 5432">
    <p class='ocr_par' dir='ltr' id='par_1_99' title="bbox 220 5354 1825 5432">
     <span class='ocr_line' id='line_1_99' title="bbox 220 5354 1825 5432; baseline 0 -20"><span class='ocrx_word' id='word_1_688' title='bbox 220 5360 441 5415; x_wconf 83' lang='lat' dir='ltr'><strong>busdam</strong></span> <span class='ocrx_word' id='word_1_689' title='bbox 464 5362 629 5432; x_wconf 84' lang='lat' dir='ltr'><strong>(quas</strong></span> <span class='ocrx_word' id='word_1_690' title='bbox 663 5354 911 5423; x_wconf 87' lang='lat' dir='ltr'><strong>majores</strong></span> <span class='ocrx_word' id='word_1_691' title='bbox 942 5358 1219 5424; x_wconf 88' lang='lat' dir='ltr'><strong>vocamus)</strong></span> <span class='ocrx_word' id='word_1_692' title='bbox 1242 5355 1552 5411; x_wconf 90' lang='lat' dir='ltr'><strong>inconsulto</strong></span> <span class='ocrx_word' id='word_1_693' title='bbox 1568 5357 1825 5412; x_wconf 74' lang='lat' dir='ltr'><strong>Romano</strong></span> 
     </span>
    </p>
   </div>
   <div class='ocr_carea' id='block_1_100' title="bbox 219 5442 1822 5519">
    <p class='ocr_par' dir='ltr' id='par_1_100' title="bbox 219 5442 1822 5519">
     <span class='ocr_line' id='line_1_100' title="bbox 219 5442 1822 5519; baseline -0.002 -16"><span class='ocrx_word' id='word_1_694' title='bbox 219 5451 466 5516; x_wconf 79' lang='lat' dir='ltr'><strong>pontiﬁce</strong></span> <span class='ocrx_word' id='word_1_695' title='bbox 510 5449 830 5517; x_wconf 88' lang='lat' dir='ltr'><strong>judicetur.</strong></span> <span class='ocrx_word' id='word_1_696' title='bbox 867 5442 993 5498; x_wconf 79' lang='lat' dir='ltr'><strong>llzec</strong></span> <span class='ocrx_word' id='word_1_697' title='bbox 1025 5444 1139 5510; x_wconf 84' lang='lat' dir='ltr'><strong>ejus</strong></span> <span class='ocrx_word' id='word_1_698' title='bbox 1164 5446 1326 5519; x_wconf 87' lang='lat' dir='ltr'><strong>verba</strong></span> <span class='ocrx_word' id='word_1_699' title='bbox 1373 5453 1494 5498; x_wconf 88' lang='lat' dir='ltr'><strong>sunt</strong></span> <span class='ocrx_word' id='word_1_700' title='bbox 1544 5444 1822 5513; x_wconf 86' lang='lat' dir='ltr'><strong>querentis</strong></span> 
     </span>
    </p>
   </div>
   <div class='ocr_carea' id='block_1_101' title="bbox 221 5528 1821 5603">
    <p class='ocr_par' dir='ltr' id='par_1_101' title="bbox 221 5528 1821 5603">
     <span class='ocr_line' id='line_1_101' title="bbox 221 5528 1821 5603; baseline -0.004 -11"><span class='ocrx_word' id='word_1_701' title='bbox 221 5544 286 5594; x_wconf 83' lang='lat' dir='ltr'><strong>de</strong></span> <span class='ocrx_word' id='word_1_702' title='bbox 313 5541 598 5597; x_wconf 69' lang='lat' dir='ltr'><strong>Athanasii</strong></span> <span class='ocrx_word' id='word_1_703' title='bbox 622 5535 983 5592; x_wconf 81' lang='lat' dir='ltr'><strong>abdicatione</strong></span> <span class='ocrx_word' id='word_1_704' title='bbox 1008 5552 1020 5586; x_wconf 88' lang='lat'><strong>:</strong></span> <span class='ocrx_word' id='word_1_705' title='bbox 1045 5535 1115 5587; x_wconf 84' lang='lat' dir='ltr'><strong>&quot;H</strong></span> <span class='ocrx_word' id='word_1_706' title='bbox 1136 5536 1378 5603; x_wconf 79' lang='grc' dir='ltr'>ἀγνοεῖτε</span> <span class='ocrx_word' id='word_1_707' title='bbox 1400 5534 1484 5587; x_wconf 83' lang='grc' dir='ltr'><strong>ὅτι</strong></span> <span class='ocrx_word' id='word_1_708' title='bbox 1509 5532 1666 5586; x_wconf 82' lang='grc' dir='ltr'>τοῦτο</span> <span class='ocrx_word' id='word_1_709' title='bbox 1700 5528 1821 5596; x_wconf 84' lang='grc' dir='ltr'>ἕθος</span> 
     </span>
    </p>
   </div>
   <div class='ocr_carea' id='block_1_102' title="bbox 216 5615 1823 5708">
    <p class='ocr_par' dir='ltr' id='par_1_102' title="bbox 216 5615 1823 5708">
     <span class='ocr_line' id='line_1_102' title="bbox 216 5615 1823 5708; baseline -0.008 -22"><span class='ocrx_word' id='word_1_710' title='bbox 216 5627 302 5702; x_wconf 72' lang='grc' dir='ltr'><strong>ἦν,</strong></span> <span class='ocrx_word' id='word_1_711' title='bbox 342 5635 608 5708; x_wconf 77' lang='grc' dir='ltr'>πρότερον</span> <span class='ocrx_word' id='word_1_712' title='bbox 640 5626 968 5700; x_wconf 76' lang='grc' dir='ltr'><strong>γράφεσθαι</strong></span> <span class='ocrx_word' id='word_1_713' title='bbox 997 5630 1149 5697; x_wconf 73' lang='grc' dir='ltr'>ἡμῖν,</span> <span class='ocrx_word' id='word_1_714' title='bbox 1184 5627 1277 5679; x_wconf 77' lang='grc' dir='ltr'><strong>καὶ</strong></span> <span class='ocrx_word' id='word_1_715' title='bbox 1318 5615 1494 5687; x_wconf 71' lang='grc' dir='ltr'>οὕτως</span> <span class='ocrx_word' id='word_1_716' title='bbox 1521 5623 1672 5677; x_wconf 81' lang='grc' dir='ltr'>ἔνθεν</span> <span class='ocrx_word' id='word_1_717' title='bbox 1704 5622 1823 5693; x_wconf 84' lang='grc' dir='ltr'><strong>ὀρί-</strong></span> 
     </span>
    </p>
   </div>
   <div class='ocr_carea' id='block_1_103' title="bbox 221 5715 1826 5789">
    <p class='ocr_par' dir='ltr' id='par_1_103' title="bbox 221 5715 1826 5789">
     <span class='ocr_line' id='line_1_103' title="bbox 221 5715 1826 5789; baseline -0.004 -12"><span class='ocrx_word' id='word_1_718' title='bbox 221 5724 396 5787; x_wconf 68' lang='lat' dir='ltr'><strong>(coeat</strong></span> <span class='ocrx_word' id='word_1_719' title='bbox 429 5726 501 5782; x_wconf 78' lang='grc' dir='ltr'>τὰ</span> <span class='ocrx_word' id='word_1_720' title='bbox 541 5726 784 5787; x_wconf 78' lang='grc' dir='ltr'><strong>δίκαια;</strong></span> <span class='ocrx_word' id='word_1_721' title='bbox 822 5719 875 5772; x_wconf 89' lang='lat' dir='ltr'><strong>id</strong></span> <span class='ocrx_word' id='word_1_722' title='bbox 909 5729 989 5772; x_wconf 88' lang='lat' dir='ltr'><strong>est</strong></span> <span class='ocrx_word' id='word_1_723' title='bbox 1021 5738 1034 5774; x_wconf 90' lang='lat'><strong>:</strong></span> <span class='ocrx_word' id='word_1_724' title='bbox 1071 5727 1152 5774; x_wconf 79' lang='lat' dir='ltr'><strong>An</strong></span> <span class='ocrx_word' id='word_1_725' title='bbox 1198 5720 1455 5789; x_wconf 81' lang='lat' dir='ltr'><strong>ignoratis</strong></span> <span class='ocrx_word' id='word_1_726' title='bbox 1501 5734 1614 5770; x_wconf 88' lang='lat' dir='ltr'><strong>eam</strong></span> <span class='ocrx_word' id='word_1_727' title='bbox 1662 5715 1826 5783; x_wconf 76' lang='lat' dir='ltr'><strong>fuisse</strong></span> 
     </span>
    </p>
   </div>
   <div class='ocr_carea' id='block_1_104' title="bbox 220 5806 1823 5881">
    <p class='ocr_par' dir='ltr' id='par_1_104' title="bbox 220 5806 1823 5881">
     <span class='ocr_line' id='line_1_104' title="bbox 220 5806 1823 5881; baseline -0.007 -7"><span class='ocrx_word' id='word_1_728' title='bbox 220 5822 674 5881; x_wconf 72' lang='lat' dir='ltr'><strong>consuetudinem,</strong></span> <span class='ocrx_word' id='word_1_729' title='bbox 703 5823 765 5867; x_wconf 80' lang='lat' dir='ltr'><strong>ut</strong></span> <span class='ocrx_word' id='word_1_730' title='bbox 797 5811 1032 5880; x_wconf 81' lang='lat' dir='ltr'><strong>primunt</strong></span> <span class='ocrx_word' id='word_1_731' title='bbox 1058 5812 1205 5866; x_wconf 84' lang='lat' dir='ltr'><strong>nobis</strong></span> <span class='ocrx_word' id='word_1_732' title='bbox 1232 5812 1513 5875; x_wconf 84' lang='lat' dir='ltr'><strong>scribatur,</strong></span> <span class='ocrx_word' id='word_1_733' title='bbox 1543 5825 1603 5863; x_wconf 87' lang='lat' dir='ltr'><strong>ac</strong></span> <span class='ocrx_word' id='word_1_734' title='bbox 1634 5806 1823 5863; x_wconf 78' lang='lat' dir='ltr'><strong>deinde</strong></span> 
     </span>
    </p>
   </div>
   <div class='ocr_carea' id='block_1_105' title="bbox 438 5910 1160 5981">
    <p class='ocr_par' dir='ltr' id='par_1_105' title="bbox 438 5910 1160 5981">
     <span class='ocr_line' id='line_1_105' title="bbox 438 5910 1160 5981; baseline -0.014 0"><span class='ocrx_word' id='word_1_735' title='bbox 438 5922 747 5981; x_wconf 71' lang='lat' dir='ltr'><strong>Ps&#39;rnon.</strong></span> <span class='ocrx_word' id='word_1_736' title='bbox 791 5910 915 5969; x_wconf 81' lang='lat' dir='ltr'><strong>Gn.</strong></span> <span class='ocrx_word' id='word_1_737' title='bbox 959 5910 1160 5971; x_wconf 79' lang='lat' dir='ltr'><strong>XXV.</strong></span> 
     </span>
    </p>
   </div>
   <div class='ocr_carea' id='block_1_106' title="bbox 1930 4607 3587 4676">
    <p class='ocr_par' dir='ltr' id='par_1_106' title="bbox 1930 4607 3587 4676">
     <span class='ocr_line' id='line_1_106' title="bbox 1930 4607 3587 4676; baseline -0.004 -9"><span class='ocrx_word' id='word_1_738' title='bbox 1930 4612 2176 4667; x_wconf 88' lang='lat' dir='ltr'><strong>hausisse</strong></span> <span class='ocrx_word' id='word_1_739' title='bbox 2209 4612 2457 4676; x_wconf 87' lang='lat' dir='ltr'><strong>videtur,</strong></span> <span class='ocrx_word' id='word_1_740' title='bbox 2492 4612 2562 4665; x_wconf 88' lang='lat' dir='ltr'><strong>ita</strong></span> <span class='ocrx_word' id='word_1_741' title='bbox 2597 4611 2809 4665; x_wconf 89' lang='lat' dir='ltr'><strong>scilicet</strong></span> <span class='ocrx_word' id='word_1_742' title='bbox 2858 4610 3106 4664; x_wconf 88' lang='lat' dir='ltr'><strong>laudibus</strong></span> <span class='ocrx_word' id='word_1_743' title='bbox 3154 4608 3393 4661; x_wconf 87' lang='lat' dir='ltr'><strong>celebrat</strong></span> <span class='ocrx_word' id='word_1_744' title='bbox 3420 4609 3506 4662; x_wconf 88' lang='lat' dir='ltr'><strong>vel</strong></span> <span class='ocrx_word' id='word_1_745' title='bbox 3582 4607 3587 4613; x_wconf 90' lang='grc'><em>’</em></span> 
     </span>
    </p>
   </div>
   <div class='ocr_carea' id='block_1_107' title="bbox 1927 4698 3505 4773">
    <p class='ocr_par' dir='ltr' id='par_1_107' title="bbox 1927 4698 3505 4773">
     <span class='ocr_line' id='line_1_107' title="bbox 1927 4698 3505 4773; baseline -0.002 -17"><span class='ocrx_word' id='word_1_746' title='bbox 1927 4702 2396 4773; x_wconf 87' lang='lat' dir='ltr'><strong>petulantissimos</strong></span> <span class='ocrx_word' id='word_1_747' title='bbox 2429 4702 2865 4763; x_wconf 85' lang='lat' dir='ltr'><strong>Meletianorum,</strong></span> <span class='ocrx_word' id='word_1_748' title='bbox 2898 4700 3169 4755; x_wconf 85' lang='lat' dir='ltr'><strong>Meletium</strong></span> <span class='ocrx_word' id='word_1_749' title='bbox 3212 4699 3385 4768; x_wconf 90' lang='lat' dir='ltr'><strong>ipsum</strong></span> <span class='ocrx_word' id='word_1_750' title='bbox 3427 4698 3505 4753; x_wconf 87' lang='lat' dir='ltr'><strong>ita</strong></span> 
     </span>
    </p>
   </div>
   <div class='ocr_carea' id='block_1_108' title="bbox 1926 4792 3504 4867">
    <p class='ocr_par' dir='ltr' id='par_1_108' title="bbox 1926 4792 3504 4867">
     <span class='ocr_line' id='line_1_108' title="bbox 1926 4792 3504 4867; baseline -0.003 -17"><span class='ocrx_word' id='word_1_751' title='bbox 1926 4803 2177 4863; x_wconf 82' lang='lat' dir='ltr'><strong>exornat,</strong></span> <span class='ocrx_word' id='word_1_752' title='bbox 2204 4797 2232 4849; x_wconf 82' lang='grc' dir='ltr'><strong>ὁ</strong></span> <span class='ocrx_word' id='word_1_753' title='bbox 2251 4793 2584 4867; x_wconf 82' lang='grc' dir='ltr'><strong>δευτερεύων</strong></span> <span class='ocrx_word' id='word_1_754' title='bbox 2618 4794 2695 4866; x_wconf 84' lang='grc' dir='ltr'>τῷ</span> <span class='ocrx_word' id='word_1_755' title='bbox 2723 4795 2916 4867; x_wconf 82' lang='grc' dir='ltr'>Πέτρῳ</span> <span class='ocrx_word' id='word_1_756' title='bbox 2950 4792 3094 4848; x_wconf 78' lang='grc' dir='ltr'>κατὰ</span> <span class='ocrx_word' id='word_1_757' title='bbox 3128 4793 3226 4865; x_wconf 83' lang='grc' dir='ltr'><strong>τὴν</strong></span> <span class='ocrx_word' id='word_1_758' title='bbox 3249 4795 3504 4865; x_wconf 66' lang='grc' dir='ltr'><strong>ἀρχιείπιι⁵</strong></span> 
     </span>
    </p>
   </div>
   <div class='ocr_carea' id='block_1_109' title="bbox 1928 4882 3507 4957">
    <p class='ocr_par' dir='ltr' id='par_1_109' title="bbox 1928 4882 3507 4957">
     <span class='ocr_line' id='line_1_109' title="bbox 1928 4882 3507 4957; baseline -0.001 -18"><span class='ocrx_word' id='word_1_759' title='bbox 1928 4886 2157 4957; x_wconf 79' lang='grc' dir='ltr'><strong>σκοπήν,</strong></span> <span class='ocrx_word' id='word_1_760' title='bbox 2186 4885 2290 4940; x_wconf 88' lang='lat' dir='ltr'><strong>hoc</strong></span> <span class='ocrx_word' id='word_1_761' title='bbox 2309 4893 2415 4949; x_wconf 91' lang='lat' dir='ltr'><strong>est,</strong></span> <span class='ocrx_word' id='word_1_762' title='bbox 2446 4885 2532 4949; x_wconf 88' lang='lat' dir='ltr'><strong>qui</strong></span> <span class='ocrx_word' id='word_1_763' title='bbox 2568 4886 2823 4938; x_wconf 84' lang='lat' dir='ltr'><strong>secundas</strong></span> <span class='ocrx_word' id='word_1_764' title='bbox 2854 4894 2964 4952; x_wconf 78' lang='lat' dir='ltr'><strong>post</strong></span> <span class='ocrx_word' id='word_1_765' title='bbox 2998 4882 3216 4937; x_wconf 86' lang='lat' dir='ltr'><strong>Petrum</strong></span> <span class='ocrx_word' id='word_1_766' title='bbox 3249 4885 3303 4937; x_wconf 85' lang='lat' dir='ltr'><strong>in</strong></span> <span class='ocrx_word' id='word_1_767' title='bbox 3333 4884 3507 4937; x_wconf 83' lang='lat' dir='ltr'><strong>archi-</strong></span> 
     </span>
    </p>
   </div>
   <div class='ocr_carea' id='block_1_110' title="bbox 1926 4974 3506 5046">
    <p class='ocr_par' dir='ltr' id='par_1_110' title="bbox 1926 4974 3506 5046">
     <span class='ocr_line' id='line_1_110' title="bbox 1926 4974 3506 5046; baseline -0.004 -14"><span class='ocrx_word' id='word_1_768' title='bbox 1926 4978 2227 5045; x_wconf 79' lang='lat' dir='ltr'><strong>episcOpatu</strong></span> <span class='ocrx_word' id='word_1_769' title='bbox 2271 4976 2549 5032; x_wconf 84' lang='lat' dir='ltr'><strong>obtinebat.</strong></span> <span class='ocrx_word' id='word_1_770' title='bbox 2595 4975 2663 5029; x_wconf 87' lang='lat' dir='ltr'><strong>Et</strong></span> <span class='ocrx_word' id='word_1_771' title='bbox 2711 4976 2816 5030; x_wconf 90' lang='lat' dir='ltr'><strong>alio</strong></span> <span class='ocrx_word' id='word_1_772' title='bbox 2858 4977 2977 5030; x_wconf 93' lang='lat' dir='ltr'><strong>loco</strong></span> <span class='ocrx_word' id='word_1_773' title='bbox 3012 4993 3026 5031; x_wconf 87' lang='lat'><strong>:</strong></span> <span class='ocrx_word' id='word_1_774' title='bbox 3066 4974 3324 5037; x_wconf 83' lang='grc' dir='ltr'><strong>Μελέτιος</strong></span> <span class='ocrx_word' id='word_1_775' title='bbox 3355 4975 3506 5046; x_wconf 78' lang='grc' dir='ltr'>ὁτῆς</span> 
     </span>
    </p>
   </div>
   <div class='ocr_carea' id='block_1_111' title="bbox 1926 5064 3507 5139">
    <p class='ocr_par' dir='ltr' id='par_1_111' title="bbox 1926 5064 3507 5139">
     <span class='ocr_line' id='line_1_111' title="bbox 1926 5064 3507 5139; baseline -0.001 -17"><span class='ocrx_word' id='word_1_776' title='bbox 1926 5068 2199 5137; x_wconf 79' lang='grc' dir='ltr'><strong>Αἰγύπτου</strong></span> <span class='ocrx_word' id='word_1_777' title='bbox 2238 5065 2346 5121; x_wconf 77' lang='grc' dir='ltr'><strong>ἀπὸ</strong></span> <span class='ocrx_word' id='word_1_778' title='bbox 2367 5067 2631 5139; x_wconf 80' lang='grc' dir='ltr'><strong>Θηϐαΐδος</strong></span> <span class='ocrx_word' id='word_1_779' title='bbox 2663 5068 2835 5122; x_wconf 82' lang='grc' dir='ltr'>δοκῶν</span> <span class='ocrx_word' id='word_1_780' title='bbox 2873 5064 3010 5121; x_wconf 73' lang='grc' dir='ltr'>εἶναι</span> <span class='ocrx_word' id='word_1_781' title='bbox 3044 5068 3138 5121; x_wconf 70' lang='grc' dir='ltr'><strong>καὶ</strong></span> <span class='ocrx_word' id='word_1_782' title='bbox 3159 5068 3320 5131; x_wconf 75' lang='grc' dir='ltr'>αὐτὸς</span> <span class='ocrx_word' id='word_1_783' title='bbox 3347 5068 3507 5139; x_wconf 61' lang='grc' dir='ltr'><strong>ἀρχιδ</strong></span> 
     </span>
    </p>
   </div>
   <div class='ocr_carea' id='block_1_112' title="bbox 1927 5159 3506 5230">
    <p class='ocr_par' dir='ltr' id='par_1_112' title="bbox 1927 5159 3506 5230">
     <span class='ocr_line' id='line_1_112' title="bbox 1927 5159 3506 5230; baseline -0.003 -15"><span class='ocrx_word' id='word_1_784' title='bbox 1927 5161 2244 5224; x_wconf 82' lang='grc' dir='ltr'><strong>επίσκοπος.</strong></span> <span class='ocrx_word' id='word_1_785' title='bbox 2283 5160 2525 5215; x_wconf 78' lang='lat' dir='ltr'><strong>Meletius</strong></span> <span class='ocrx_word' id='word_1_786' title='bbox 2555 5162 2642 5230; x_wconf 85' lang='lat' dir='ltr'><strong>qui</strong></span> <span class='ocrx_word' id='word_1_787' title='bbox 2670 5163 2724 5213; x_wconf 89' lang='lat' dir='ltr'><strong>in</strong></span> <span class='ocrx_word' id='word_1_788' title='bbox 2763 5159 3027 5213; x_wconf 80' lang='lat' dir='ltr'><strong>Thebaide</strong></span> <span class='ocrx_word' id='word_1_789' title='bbox 3057 5159 3277 5227; x_wconf 65' lang='lat' dir='ltr'><strong>ngypti</strong></span> <span class='ocrx_word' id='word_1_790' title='bbox 3299 5160 3506 5228; x_wconf 77' lang='lat' dir='ltr'><strong>regione</strong></span> 
     </span>
    </p>
   </div>
   <div class='ocr_carea' id='block_1_113' title="bbox 1927 5248 3507 5322">
    <p class='ocr_par' dir='ltr' id='par_1_113' title="bbox 1927 5248 3507 5322">
     <span class='ocr_line' id='line_1_113' title="bbox 1927 5248 3507 5322; baseline -0.002 -16"><span class='ocrx_word' id='word_1_791' title='bbox 1927 5255 2344 5322; x_wconf 79' lang='lat' dir='ltr'><strong>archiepiscopus</strong></span> <span class='ocrx_word' id='word_1_792' title='bbox 2369 5264 2415 5306; x_wconf 88' lang='lat' dir='ltr'><strong>et</strong></span> <span class='ocrx_word' id='word_1_793' title='bbox 2463 5254 2570 5322; x_wconf 84' lang='lat' dir='ltr'><strong>ipse</strong></span> <span class='ocrx_word' id='word_1_794' title='bbox 2604 5264 2737 5306; x_wconf 73' lang='lat' dir='ltr'><strong>erat.</strong></span> <span class='ocrx_word' id='word_1_795' title='bbox 2770 5253 2904 5306; x_wconf 87' lang='lat' dir='ltr'><strong>Nam</strong></span> <span class='ocrx_word' id='word_1_796' title='bbox 2949 5268 3049 5305; x_wconf 87' lang='lat' dir='ltr'><strong>vox</strong></span> <span class='ocrx_word' id='word_1_797' title='bbox 3080 5248 3268 5313; x_wconf 82' lang='grc' dir='ltr'><strong>δοκέω,</strong></span> <span class='ocrx_word' id='word_1_798' title='bbox 3302 5251 3378 5302; x_wconf 90' lang='lat' dir='ltr'><strong>uti</strong></span> <span class='ocrx_word' id='word_1_799' title='bbox 3408 5250 3507 5303; x_wconf 84' lang='lat' dir='ltr'><strong>ob-</strong></span> 
     </span>
    </p>
   </div>
   <div class='ocr_carea' id='block_1_114' title="bbox 1928 5340 3505 5412">
    <p class='ocr_par' dir='ltr' id='par_1_114' title="bbox 1928 5340 3505 5412">
     <span class='ocr_line' id='line_1_114' title="bbox 1928 5340 3505 5412; baseline -0.005 -11"><span class='ocrx_word' id='word_1_800' title='bbox 1928 5360 2210 5401; x_wconf 87' lang='lat' dir='ltr'><strong>servamus</strong></span> <span class='ocrx_word' id='word_1_801' title='bbox 2251 5346 2303 5398; x_wconf 93' lang='lat' dir='ltr'><strong>in</strong></span> <span class='ocrx_word' id='word_1_802' title='bbox 2346 5342 3189 5412; x_wconf 81' lang='lat' dir='ltr'><strong>Onomastico,&#39;freqnentissime</strong></span> <span class='ocrx_word' id='word_1_803' title='bbox 3225 5340 3357 5393; x_wconf 87' lang='lat' dir='ltr'><strong>nihil</strong></span> <span class='ocrx_word' id='word_1_804' title='bbox 3400 5340 3505 5393; x_wconf 88' lang='lat' dir='ltr'><strong>tui-</strong></span> 
     </span>
    </p>
   </div>
   <div class='ocr_carea' id='block_1_115' title="bbox 1927 5431 3504 5500">
    <p class='ocr_par' dir='ltr' id='par_1_115' title="bbox 1927 5431 3504 5500">
     <span class='ocr_line' id='line_1_115' title="bbox 1927 5431 3504 5500; baseline -0.006 -8"><span class='ocrx_word' id='word_1_805' title='bbox 1927 5437 2047 5492; x_wconf 91' lang='lat' dir='ltr'><strong>nuit</strong></span> <span class='ocrx_word' id='word_1_806' title='bbox 2095 5434 2532 5490; x_wconf 80' lang='lat' dir='ltr'><strong>aﬂirmationem.</strong></span> <span class='ocrx_word' id='word_1_807' title='bbox 2583 5434 2945 5500; x_wconf 84' lang='lat' dir='ltr'><strong>Quamobrem</strong></span> <span class='ocrx_word' id='word_1_808' title='bbox 2994 5449 3116 5487; x_wconf 91' lang='lat' dir='ltr'><strong>cum</strong></span> <span class='ocrx_word' id='word_1_809' title='bbox 3163 5431 3504 5497; x_wconf 81' lang='lat' dir='ltr'><strong>exploratum</strong></span> 
     </span>
    </p>
   </div>
   <div class='ocr_carea' id='block_1_116' title="bbox 1927 5526 3502 5596">
    <p class='ocr_par' dir='ltr' id='par_1_116' title="bbox 1927 5526 3502 5596">
     <span class='ocr_line' id='line_1_116' title="bbox 1927 5526 3502 5596; baseline -0.008 -12"><span class='ocrx_word' id='word_1_810' title='bbox 1927 5526 2304 5584; x_wconf 17' lang='lat' dir='ltr'><strong>sitrMeletium</strong></span> <span class='ocrx_word' id='word_1_811' title='bbox 2340 5528 2440 5582; x_wconf 79' lang='lat' dir='ltr'><strong>sibi</strong></span> <span class='ocrx_word' id='word_1_812' title='bbox 2483 5526 2879 5596; x_wconf 86' lang='lat' dir='ltr'><strong>archiepiscopi</strong></span> <span class='ocrx_word' id='word_1_813' title='bbox 2935 5538 3126 5578; x_wconf 82' lang='lat' dir='ltr'><strong>nomen</strong></span> <span class='ocrx_word' id='word_1_814' title='bbox 3180 5535 3502 5589; x_wconf 67' lang='lat' dir='ltr'><strong>arrogasse,</strong></span> 
     </span>
    </p>
   </div>
   <div class='ocr_carea' id='block_1_117' title="bbox 1928 5613 3506 5689">
    <p class='ocr_par' dir='ltr' id='par_1_117' title="bbox 1928 5613 3506 5689">
     <span class='ocr_line' id='line_1_117' title="bbox 1928 5613 3506 5689; baseline -0.007 -13"><span class='ocrx_word' id='word_1_815' title='bbox 1928 5630 1983 5676; x_wconf 91' lang='lat' dir='ltr'><strong>et</strong></span> <span class='ocrx_word' id='word_1_816' title='bbox 2015 5618 2621 5689; x_wconf 78' lang='lat' dir='ltr'><strong>tntsquam-Alexander</strong></span> <span class='ocrx_word' id='word_1_817' title='bbox 2655 5628 2747 5672; x_wconf 86' lang='lat' dir='ltr'><strong>aut</strong></span> <span class='ocrx_word' id='word_1_818' title='bbox 2777 5616 3110 5671; x_wconf 84' lang='lat' dir='ltr'><strong>Athanasius</strong></span> <span class='ocrx_word' id='word_1_819' title='bbox 3134 5613 3261 5666; x_wconf 86' lang='lat' dir='ltr'><strong>illud</strong></span> <span class='ocrx_word' id='word_1_820' title='bbox 3297 5628 3506 5666; x_wconf 82' lang='lat' dir='ltr'><strong>memo-</strong></span> 
     </span>
    </p>
   </div>
   <div class='ocr_carea' id='block_1_118' title="bbox 1929 5706 3505 5778">
    <p class='ocr_par' dir='ltr' id='par_1_118' title="bbox 1929 5706 3505 5778">
     <span class='ocr_line' id='line_1_118' title="bbox 1929 5706 3505 5778; baseline -0.008 -10"><span class='ocrx_word' id='word_1_821' title='bbox 1929 5714 2299 5778; x_wconf 82' lang='lat' dir='ltr'><strong>raverin-I,aut</strong></span> <span class='ocrx_word' id='word_1_822' title='bbox 2333 5714 2434 5768; x_wconf 86' lang='lat' dir='ltr'><strong>sibi</strong></span> <span class='ocrx_word' id='word_1_823' title='bbox 2469 5710 2834 5773; x_wconf 76' lang='lat' dir='ltr'><strong>attribuerim,</strong></span> <span class='ocrx_word' id='word_1_824' title='bbox 2856 5724 3032 5760; x_wconf 89' lang='lat' dir='ltr'><strong>annon</strong></span> <span class='ocrx_word' id='word_1_825' title='bbox 3067 5706 3248 5776; x_wconf 82' lang='lat' dir='ltr'><strong>potius</strong></span> <span class='ocrx_word' id='word_1_826' title='bbox 3286 5707 3372 5759; x_wconf 85' lang='lat' dir='ltr'><strong>hic</strong></span> <span class='ocrx_word' id='word_1_827' title='bbox 3403 5719 3505 5757; x_wconf 83' lang='lat' dir='ltr'><strong>vox</strong></span> 
     </span>
    </p>
   </div>
   <div class='ocr_carea' id='block_1_119' title="bbox 1929 5797 3505 5874">
    <p class='ocr_par' dir='ltr' id='par_1_119' title="bbox 1929 5797 3505 5874">
     <span class='ocr_line' id='line_1_119' title="bbox 1929 5797 3505 5874; baseline -0.006 -17"><span class='ocrx_word' id='word_1_828' title='bbox 1929 5804 2360 5874; x_wconf 82' lang='grc' dir='ltr'><strong>ἀρχιεπίσκοπος</strong></span> <span class='ocrx_word' id='word_1_829' title='bbox 2395 5803 2641 5856; x_wconf 89' lang='lat' dir='ltr'><strong>videatur</strong></span> <span class='ocrx_word' id='word_1_830' title='bbox 2670 5814 2789 5859; x_wconf 86' lang='lat' dir='ltr'><strong>esse</strong></span> <span class='ocrx_word' id='word_1_831' title='bbox 2840 5797 3035 5852; x_wconf 80' lang='lat' dir='ltr'><strong>Meletii</strong></span> <span class='ocrx_word' id='word_1_832' title='bbox 3061 5838 3074 5860; x_wconf 92' lang='lat'><strong>.</strong></span> <span class='ocrx_word' id='word_1_833' title='bbox 3116 5798 3231 5869; x_wconf 69' lang='lat' dir='ltr'><strong>qui“</strong></span> <span class='ocrx_word' id='word_1_834' title='bbox 3258 5797 3505 5868; x_wconf 83' lang='lat' dir='ltr'><strong>superius</strong></span> 
     </span>
    </p>
   </div>
   <div class='ocr_carea' id='block_1_120' title="bbox 2962 5919 2991 5961">
    <p class='ocr_par' dir='ltr' id='par_1_120' title="bbox 2962 5919 2991 5961">
     <span class='ocr_line' id='line_1_120' title="bbox 2962 5919 2991 5961; baseline 0 -3"><span class='ocrx_word' id='word_1_835' title='bbox 2962 5919 2991 5961; x_wconf 74' lang='grc' dir='ltr'><strong>ο</strong></span> 
     </span>
    </p>
   </div>
  </div>
