3998 6502
533 330 746 411 'xnvm

1878 345 2410 405 PROLEGOMENA.

542 469 608 521 ad
655 466 797 520 lianc
864 477 1037 534 usque
1079 478 1263 519 vocem
1299 463 1473 518 verba
1522 463 1670 529 fecit,
1711 477 1871 531 quam
1941 463 2113 518 Atlta-
2146 482 2191 537 Α
2219 466 2403 534 egenis
2439 472 2491 518 et
2518 464 2692 518 viduis
2723 463 2774 517 in
2810 460 3081 531 assignato
3115 458 3256 522 loco,
3289 465 3343 512 et
3378 454 3592 526 quidem
3651 454 3789 509 intra

528 557 733 611 ἰιοείἱῖ
785 555 938 623 Quod
991 565 1169 610 autem
1211 556 1456 610 Meletius
1519 555 1573 609 in
1639 556 1812 623 prima
1870 569 2105 623 persona

535 650 792 721 loquatur
834 650 989 706 initio
1023 650 1420 718 Breviarii,~bic
1472 665 1601 704 vero
1648 651 1700 703 in
1753 648 1930 710 tertia,
1980 648 2108 716 quid

528 743 637 797 ltac
690 744 956 813 ὲναλλαγῇ
1018 742 1376 812 frequentius,
1436 750 1492 796 et
1542 750 1673 810 quot
1713 741 1795 796 vel
1840 756 1906 793 ex
1945 739 2111 794 Atha-

536 836 674 888 nas'i
705 834 933 903 scriptis
967 832 1147 887 aﬂerri
1198 841 1420 902 possent
1462 832 1764 887 consimilia
1809 832 2054 902 exempla
2087 831 2111 884 ?

535 924 712 979 Unum
746 935 864 980 esto
889 926 1044 983 satis.
1087 925 1141 979 ltt
1186 924 1425 979 Historia
1462 922 1782 977 Arianorum
1827 925 1896 977 ad
1926 940 2107 976 mona-

434 1054 438 1060 ι
531 1018 655 1070 citos
685 1015 760 1086 (p.
793 1016 920 1085 281)
952 1018 1067 1071 haec
1106 1016 1196 1071 ille
1226 1031 1240 1069 :
1283 1012 1418 1069 Εἶτα
1453 1014 1590 1086 μετὰ
1635 1016 1809 1086 μῆνάς
1843 1032 1944 1069 που
1977 1014 2108 1069 δέκα

527 1104 944 1177 τελευτήσαντος
982 1105 1313 1177 Γρηγορίου,
1360 1106 1775 1176 μεταπέμπεται
1806 1105 1898 1157 καὶ
1952 1104 2109 1157 Ἀθα-

525 1197 709 1249 νάσιον
761 1198 898 1267 μετὰ
931 1197 1109 1267 πάσης
1131 1199 1315 1268 τιμῆς,
1346 1198 1465 1268 οὐχ,
1490 1197 1656 1261 ἅπαξ,
1691 1196 1809 1249 οὑδὲ
1834 1195 2103 1268 δεύτερον,

522 1286 661 1340 ἀλλὰ
685 1289 781 1341 καὶ
805 1289 983 1360 τριτον
1008 1289 1222 1361 γράψας
1250 1289 1399 1359 αὑτῷ
1428 1289 1524 1359 μὲν
1556 1288 1762 1359 φιλικὰ,
1781 1289 1847 1342 δι’
1872 1282 1947 1342 ὧν
1974 1287 2107 1361 ϐαρ-

525 1378 637 1445 ρεῖν
663 1378 758 1430 καὶ
800 1378 973 1431 ἐλθεῖν
1005 1378 1305 1450 προέτρεπε
1333 1396 1345 1409 ³
1382 1379 1587 1450 πέμπει
1630 1397 1689 1432 τε
1736 1379 2105 1451 πρεσϐύτερον

523 1469 617 1521 καὶ
643 1470 908 1533 διάκονον,
943 1472 1010 1523 ἶν’
1046 1472 1124 1523 ἔτι
1157 1471 1355 1541 μᾶλλον
1397 1471 1611 1544 θαρρῶν
1640 1471 1946 1535 ἐπανέλθοι,
1992 1473 2102 1524 ἐνο-

524 1560 648 1629 μίζε
673 1560 780 1631 γὰρ
802 1560 888 1613 διὰ
914 1562 1003 1614 τὸν
1032 1561 1195 1629 φόϐον
1220 1562 1329 1614 τῶν
1367 1562 1631 1633 πρότερον
1663 1560 1969 1633 γενομένων
1996 1560 2105 1612 ὀλι-

519 1652 721 1720 γωρεῖν
747 1665 813 1718 με
841 1649 969 1718 περὶ
988 1648 1085 1719 τὴν
1117 1648 1398 1702 ἐπάνοδον.
1432 1649 1636 1719 Γράφει
1672 1648 1729 1700 δὲ
1769 1648 1847 1719 τῷ
1890 1645 2104 1717 ἀδελφῷ

519 1740 716 1794 ἑαυτοῦ
760 1740 1105 1807 Κώνσταντι,
1162 1743 1249 1797 ἵνα
1301 1744 1396 1796 καὶ
1443 1742 1603 1807 αὐτὸς
1657 1740 1973 1795 ἐπανελθεῖν
2032 1757 2101 1811 με

2213 556 2451 611 ecclesiae
2472 564 2705 625 septum,
2726 553 3041 608 sedentibus
3068 552 3267 604 victum
3303 556 3611 617 erogarent.

2282 648 2371 703 15.
2414 646 2673 701 Farenses
2713 646 2922 714 judices
2971 646 3047 711 (p.
3093 641 3218 707 124,
3252 639 3377 704 157,
3410 638 3555 709 ut).
3586 666 3653 679 ——
3687 634 3791 690 Fo-

2213 753 2398 793 reuses
2435 737 2648 807 judices
2698 736 3022 790 arcebantur
3066 749 3094 787 a
3145 731 3331 787 causis
3371 727 3791 792 ecclesiasticis,

2210 845 2331 900 quae
2382 840 2559 884 tamen
2612 827 2966 889 consuetudo,
3007 841 3132 879 cmn
3184 837 3382 893 magno
3426 835 3513 876 res
3547 821 3601 874 in
3637 829 3789 874 motu

2209 930 2409 985 essent,
2443 934 2583 988 saepe
2602 918 2805 972 violata
2845 916 2962 970 fuit.
2998 913 3307 983 Presbyteri
3332 925 3398 966 ae
3425 909 3630 973 clerici,
3657 908 3790 962 ntul-

2212 1018 2371 1078 toque
2410 1009 2580 1079 magis
2632 1006 2898 1078 episcopi,
2932 998 3705 1077 ςουάεὺειιιάλειτουργησίᾳ,
3732 997 3787 1052 id

2208 1110 2290 1155 est
2344 1101 2687 1156 immunitate
2713 1115 2742 1154 a
2775 1099 3006 1169 publicis
3041 1094 3316 1165 operibus.
3356 1090 3551 1149 Clerici
3593 1090 3647 1145 in
3700 1103 3789 1143 sa-

2209 1207 2428 1248 crorum
2462 1193 2638 1248 oilicio
2668 1190 2945 1247 sticbariis
2984 1187 3141 1243 lineis
3180 1186 3494 1265 utebantur,
3524 1181 3667 1253 quod
3697 1195 3787 1235 ve-

2207 1285 2306 1339 stis
2329 1298 2498 1338 sacrse
2525 1298 2696 1354 genus
2727 1281 2973 1353 pluribus
3014 1278 3342 1335 describitur
3373 1276 3426 1330 in
3459 1272 3784 1343 Euehologio

2207 1375 2316 1431 Goa
2326 1377 2389 1430 ri.

2276 1465 2363 1522 11.
2404 1464 2687 1537 Pervigilia
2720 1464 2796 1535 (p.
2832 1462 2959 1530 105,
2982 1461 3130 1530 511).
3164 1458 3330 1513 -—Ab
3371 1457 3507 1527 ipsis
3541 1453 3782 1525 primor-

2205 1554 2309 1610 diis
2340 1569 2490 1610 more
2520 1562 2795 1623 receptum
2827 1561 2945 1607 erat
2986 1547 3269 1620 pervigilia
3314 1546 3623 1611 celebrare,
3660 1558 3783 1613 qua:

2204 1647 2530 1718 παννυχίδας
2582 1644 2868 1701 vocabant.
2905 1642 3074 1698 Nocte
3111 1641 3315 1696 scilicet
3356 1654 3476 1694 cum
3527 1651 3781 1706 magnam

2203 1739 2618 1802 solemnitatem,
2648 1746 2759 1791 tum
2810 1734 3144 1790 Dominicam
3184 1732 3238 1786 in
3266 1746 3372 1801 qua
3402 1728 3627 1800 synaxis
3676 1726 3776 1780 Ita-

517 1834 904 1907 προτρέψηται.
939 1835 1315 1889 Διεὸεὸαιοῦτο
1358 1836 1467 1906 γὰρ
1497 1835 1742 1889 ἐνιαυτὸν
1787 1836 1905 1889 ὅλον
1951 1834 2090 1888 ἐκδέ-

2200 1835 2374 1891 benda
2424 1840 2561 1897 erat,
2613 1828 2988 1901 praecedente,
3022 1826 3074 1880 in
3111 1822 3370 1879 ecclesias
3402 1817 3780 1882 conﬂuebant,

518 1928 706 1999 χεσθαι
734 1927 825 1981 τὸν
860 1928 1194 1983 Ἀθανάσιον.
1227 1929 1281 1983 Id
1312 1939 1393 1983 est
1424 1946 1437 1982 :
1470 1928 1608 1983 Hinc
1637 1939 1751 1998 post
1786 1930 1965 1982 decem
1988 1929 2097 1982 cir-

515 2023 645 2074 citer
695 2020 1210 2089 menses,'de{uucto
1269 2019 1554 2089 Gregorio,
1588 2020 1936 2074 Athanasium
1979 2035 2097 2073 cum

515 2125 718 2162 summo
747 2110 941 2162 honore
969 2110 1182 2175 nteit-it,
1210 2111 1296 2163 cui
1338 2126 1440 2163 non
1473 2126 1631 2175 unas,
1661 2118 1753 2163 aut
1803 2110 1970 2173 binas,
2005 2110 2096 2164 sed

516 2209 696 2252 ternas
728 2201 872 2252 misit
918 2199 1124 2254 litteras
1166 2201 1416 2254 amicitia’
1445 2200 1647 2269 plenas,
1694 2198 1876 2270 quibus
1910 2199 2094 2254 horta-

514 2292 670 2343 batur
701 2290 853 2344 illum
884 2300 937 2344 ut
975 2308 1091 2345 cum
1132 2291 1331 2360 ﬁducia
1375 2291 1662 2345 accederet.
1706 2291 1853 2345 Misit
1890 2307 2095 2362 quoque

512 2381 865 2449 presbyterum
904 2382 1309 2451 diaconuntque,
1346 2390 1403 2435 ut
1456 2382 1658 2451 majore
1689 2383 1856 2436 animi
1896 2385 2095 2437 securiw

513 2482 618 2526 tute
648 2473 885 2526 rediret:
914 2483 1063 2527 ratus
1090 2490 1190 2541 me,
1224 2475 1285 2527 ob
1322 2484 1442 2527 ante
1476 2484 1742 2545 gestarum
1775 2490 1950 2529 rerum
1980 2475 2095 2544 for-

512 2563 759 2617 midinem
786 2580 922 2633 (egre
969 2581 1321 2619 reversurum.
1367 2564 1592 2633 Scripsit
1620 2568 1779 2618 etiam
1808 2564 1969 2634 fratri
1996 2581 2091 2619 suo

515 2658 811 2722 tionstanti,
848 2670 903 2712 ut
930 2675 1009 2713 tne
1047 2668 1095 2712 et
1124 2658 1216 2713 ille
1245 2659 1314 2712 ad
1350 2660 1745 2729 remigrandum
1788 2658 2090 2713 cohortare-

513 2760 620 2803 tur.
650 2750 950 2810 Aﬂirmabat
973 2752 1111 2805 enim
1135 2767 1189 2805 se
1215 2766 1353 2804 anno
1384 2750 1585 2820 integro
1616 2750 1959 2807 Athanasium
1996 2768 2089 2806 ea:-

512 2842 841 2908 spectavisse.
876 2841 982 2898 llic
1012 2843 1163 2898 vides
1199 2857 1496 2911 paucarum
1530 2842 1797 2897 linearum
1850 2844 2027 2913 spatio
2058 2858 2088 2898 a

511 2934 674 2987 tertia
708 2933 773 2985 ad
808 2934 1063 3002 primam,
1096 2948 1125 2987 a
1168 2933 1341 3002 prima
1375 2948 1592 2988 rursum
1628 2934 1694 2989 ad
1719 2934 1937 2989 tertiam
1969 2948 2089 3003 per-

509 3039 702 3078 sonam
740 3040 1047 3095 regressum
1081 3026 1219 3080 dari.
1268 3025 1349 3081 Ad
1388 3026 1501 3081 haec
1528 3036 1731 3091 autem,
1762 3028 1807 3081 si
1848 3027 2088 3082 Athana-

509 3116 625 3170 sius
660 3116 774 3171 hazc
824 3117 1168 3184 glossematis
1209 3132 1360 3172 more
1403 3117 1724 3188 adjecisset,
1768 3134 1893 3173 cum
1936 3118 2087 3187 igno-

506 3207 777 3269 rantibus,
830 3207 999 3261 multo
1032 3218 1155 3276 post
1198 3209 1379 3261 datum
1432 3206 1763 3262 Breviarium
1815 3223 2087 3264 annorum
2116 3190 2161 3249 (ἶ

506 3298 705 3367 spatio,
741 3299 1029 3364 scriberet,
1061 3315 1166 3353 non
1200 3299 1433 3354 videtur
1456 3299 1529 3353 ita
1576 3300 1832 3368 perplexe
1876 3300 2088 3355 locutu-

508 3405 601 3442 rus
630 3388 1036 3443 fuisse.'Contra
1060 3389 1329 3455 Meletius,
1347 3390 1595 3445 absoluta
1612 3389 1827 3444 Niczena
1854 3392 2083 3461 synodo,

510 3491 635 3531 mox
654 3475 981 3531 Breviarium
1000 3478 1166 3540 dedit,
1184 3489 1235 3533 et
1250 3481 1313 3534 de
1326 3494 1384 3534 re
1400 3479 1841 3535 manifestissima
1864 3479 2088 3549 loquens

506 3568 696 3637 paucis
734 3583 844 3623 rem
881 3569 1075 3639 tetigit.
1110 3569 1205 3625 llis
1231 3570 1618 3640 comprobatis,
1646 3572 1735 3626 vix
1760 3571 2083 3626 crediderim

508 3661 596 3715 hic
630 3675 815 3716 vocem
835 3661 1319 3729 ·ὰρχιεπίσκοπος
1370 3660 1596 3731 intelligi
1638 3662 1704 3715 de
1757 3661 2082 3728 Alexandro,

506 3753 601 3805 sed
635 3752 702 3805 de
731 3751 943 3807 Meletio
992 3752 1246 3822 putarim.
1290 3751 1452 3820 quue
1496 3751 1726 3807 suadere
1767 3751 1978 3807 videtur
2000 3752 2084 3807 lti-

507 3842 675 3897 storia
707 3843 933 3912 hujusce
967 3843 1225 3913 temporis
1252 3859 1266 3896 :
1301 3858 1423 3897 nam
1454 3843 1629 3898 tribus
1662 3852 1782 3913 post
1806 3844 2079 3901 Nicaeuam

506 3933 772 3999 synodum
823 3934 1099 3988 mensibus
1116 3933 1365 3989 Joannes
1399 3933 1467 3989 ab
1500 3934 1617 4004 ipso
1652 3934 1869 3991 Meletio
1896 3947 2083 3994 orator

505 4022 575 4077 ad
604 4022 986 4092 imperatorem
1017 4025 1214 4080 missus
1241 4034 1342 4081 est.
1371 4026 1441 4080 At
1467 4028 1512 4081 si
1540 4026 1795 4094 iussisset
1814 4027 2082 4085 Constan-

505 4113 653 4169 tinus
692 4111 957 4170 Joannem
1013 4116 1260 4185 proxime
1313 4118 1681 4173 Alexandrum
1737 4121 2080 4177 Alexandria:

502 4205 823 4270 consistere,
849 4221 916 4259 au
952 4206 1189 4277 legatum
1215 4222 1244 4261 a
1272 4206 1488 4264 Meletio
1510 4224 1666 4281 teque
1697 4212 1881 4268 animo
1917 4228 2079 4268 exce—

501 4296 941 4365 pissetiAnnon
995 4298 1177 4368 potius
1215 4299 1491 4356 existimes
1527 4301 1801 4357 Meletium
1842 4303 2076 4373 impera-

502 4385 607 4439 tori
637 4385 869 4457 legatum
905 4388 1066 4444 talem
1115 4389 1350 4457 misisse,
1392 4393 1482 4461 qui
1507 4392 1665 4461 jussu
1715 4394 1883 4463 ipsius
1914 4410 2077 4464 penes

500 4489 562 4529 se
590 4476 810 4546 degeret
839 4478 862 4532 ?
895 4478 1025 4534 Utra
1074 4479 1381 4550 conjectura
1415 4484 1605 4539 melior
1634 4484 1824 4541 lectori
1864 4487 2075 4541 erudito

500 4568 881 4623 aestimandum
918 4570 1260 4641 relinquitur.

575 4660 660 4712 10.
694 4657 971 4715 Frumenti
996 4662 1207 4733 largitio
1240 4663 1316 4735 (p.
1356 4665 1501 4735 109).
1538 4696 1601 4706 -
1642 4667 1995 4723 Frumentum
2048 4685 2077 4724 a

499 4750 853 4805 Constantino
881 4754 1112 4820 primum
1144 4755 1195 4810 in
1243 4771 1399 4811 usum
1432 4758 1714 4813 viduarum
1747 4776 2076 4832 egenorum-

498 4853 604 4907 que
629 4849 931 4910 erogatum,
962 4845 1028 4897 ab
1052 4846 1306 4917 episcopo
1335 4850 1499 4905 tribui
1534 4852 1765 4917 solebat,
1804 4854 1894 4923 qui
1928 4853 2082 4909 cleri-

496 4931 577 4984 cis
598 4928 698 4984 bac
725 4931 777 4985 in
803 4946 860 4986 re
893 4935 1228 4993 administris
1275 4940 1548 4995 utebatur.

570 5023 659 5078 11.
692 5023 947 5078 Memoria
982 5028 1364 5097 episcoporum.
1396 5063 1465 5073 —
1499 5033 1611 5087 Mos
1640 5043 1760 5088 erat
1790 5034 2063 5089 defuncto-

495 5129 616 5167 rmn
668 5117 1060 5189 episcoporum,
1108 5128 1196 5194 qui
1233 5142 1361 5181 cum
1404 5125 1561 5181 laude
1619 5126 1783 5180 vitam
1820 5136 2067 5195 egerant,

495 5208 713 5262 nomina
749 5211 799 5264 in
825 5214 1005 5269 album
1042 5232 1329 5284 reponere.

570 5300 657 5354 η.
690 5301 1015 5361 Clericorum
1037 5311 1205 5381 οθῑσὶα
1233 5311 1309 5381 (p.
1348 5308 1579 5378 13,500,
1617 5310 1765 5380 30]).
1794 5336 1867 5348 —
1898 5308 2071 5364 Cleri-

493 5407 704 5461 corum,
735 5396 945 5453 scilicet
970 5403 1433 5471 presbyterorum,
1465 5401 1814 5455 diaconorum
1849 5410 1905 5456 et
1940 5402 2073 5456 sub-

490 5487 839 5543 oliaconorum
873 5490 1043 5547 otiicia
1074 5493 1189 5547 haec
1220 5505 1374 5547 erant
1412 5508 1425 5543 ε
1463 5506 1639 5562 aegros
1683 5492 1938 5555 invisere.
1976 5508 2071 5549 eos

491 5574 582 5642 qui
614 5574 668 5628 in
701 5587 945 5633 extremo
982 5580 1141 5648 positi
1179 5580 1403 5633 necdum
1447 5580 1705 5649 baptizati
1750 5590 1936 5635 essent
1983 5597 2071 5637 sa-

491 5682 585 5720 rro
629 5666 841 5723 lavacro
895 5670 1130 5741 tingere,
1162 5669 1307 5739 quod
1344 5671 1410 5725 ad
1443 5672 1862 5741 presbyterosne
1922 5674 2067 5731 solos

493 5759 813 5826 pertineret,
853 5760 1023 5816 altum
1052 5763 1346 5819 silentium.
1374 5762 1568 5820 Clerici
1606 5763 1733 5819 item
1762 5773 1939 5831 erant,
1974 5767 2066 5836 qui

532 5960 557 5989 ὴ

2197 1925 2720 1997 pernoctabantque,
2766 1919 3103 1976 orationibus
3149 1924 3205 1970 et
3242 1912 3465 1985 psalmis
3494 1918 3777 1987 vacantes.

2199 2020 2495 2090 Episcopus
2526 2017 2580 2071 in
2619 2016 2817 2069 throno
2869 2010 3134 2068 sedebat:
3160 2006 3315 2077 jussu
3362 2003 3480 2074 ejus
3510 2002 3776 2057 diaconus

2195 2112 2465 2183 psalmum
2487 2107 2779 2177 incipiebat
2817 2105 2885 2160 ad
2922 2102 3157 2157 medium
3200 2112 3368 2169 usque
3399 2110 3591 2151 versus
3620 2112 3632 2148 :
3663 2102 3776 2146 tum

2194 2200 2375 2272 populi
2426 2200 2653 2254 diacono
2705 2195 3122 2266 respondebant,
3158 2200 3322 2259 atque
3370 2197 3613 2243 extrema
3657 2200 3779 2241 ver-

2196 2307 2350 2348 suum
2370 2289 2873 2362 prosequebantur.
2916 2285 3059 2340 Inter
3091 2283 3299 2338 cantica
3326 2279 3602 2342 Ecclesiae,
3629 2277 3779 2348 priu-

2195 2385 2366 2452 cipem
2388 2381 2667 2436 obtinebat
2687 2379 2862 2433 locum
2886 2377 2920 2447 ἡ
2951 2372 3251 2441 δοξολογία,
3282 2371 3491 2427 scilicet
3534 2368 3624 2423 hic
3653 2382 3778 2421 ver-

2194 2490 2308 2540 sus,
2340 2472 2550 2542 Ἄγιος,
2594 2472 2768 2541 ἅγιος,
2798 2470 2976 2539 ἅγιος,
3001 2466 3260 2529 Sanctus,
3295 2474 3530 2527 sanctus,
3563 2470 3777 2515 sanctus

2194 2567 2270 2638 (p.
2306 2566 2429 2633 86),
2459 2565 2543 2619 cui
2583 2564 2745 2617 etiam
2772 2559 3053 2633 τρισάγιον
3088 2572 3282 2614 nomen
3309 2555 3427 2609 fuit.
3478 2552 3773 2620 Doxologia

2195 2673 2324 2715 vero
2352 2655 2840 2726 Hierosolymilana
2864 2653 2975 2706 haec
3000 2651 3159 2706 verba
3182 2648 3639 2719 complectebatur
3666 2663 3679 2699 :
3705 2639 3776 2696 Ὦ

2191 2744 2383 2818 Κύριε,
2423 2742 2595 2797 σῶσον
2627 2742 2711 2813 δὴ,
2744 2735 2789 2794 ὦ
2820 2739 3012 2811 Κύριε,
3042 2738 3300 2791 εὑόδωσον
3338 2737 3426 2807 δὴ,
3466 2732 3776 2807 ηὐλογημὲ-

2188 2853 2278 2900 νος
2303 2835 2330 2887 ὁ
2360 2833 2652 2906 ἐρχόμενος
2675 2832 2734 2885 ἐν
2777 2830 2999 2901 ὀνόματι
3023 2828 3250 2899 Κυρίου’
3285 2820 3328 2882 0
3353 2826 3599 2890 Domine,
3628 2826 3776 2880 saltt-

2189 2936 2292 2981 tem
2327 2926 2419 2991 da,
2468 2941 2497 2979 ο
2549 2924 2790 2989 Domine,
2831 2922 2955 2975 bene
2988 2935 3314 2989 prosperare,
3348 2918 3644 2972 benedictus
3684 2918 3773 2987 qui

2189 3019 2321 3073 venit
2352 3019 2404 3071 in
2430 3018 2635 3071 nomine
2661 3015 2892 3070 Domini.
2913 3012 3027 3069 Mos
3049 3022 3167 3068 erat
3196 3014 3339 3067 inter
3359 3011 3622 3067 orandum
3653 3024 3772 3064 rna-

2188 3124 2289 3165 nus
2319 3112 2615 3166 extendere
2639 3108 2718 3181 (p.
2747 3106 2897 3178 241).

2271 3203 2353 3257 15.
2384 3202 2689 3260 Cosmeteria
2722 3202 2799 3273 (p.
2846 3200 2968 3264 581,
3007 3199 3153 3272 689).
3182 3227 3254 3241 —
3279 3196 3603 3255 Cmmeteria
3653 3196 3771 3250 loca

2194 3310 2349 3350 sacra
2398 3304 2587 3359 erant,
2631 3296 2683 3350 in
2725 3294 2919 3365 quibus
2946 3292 3349 3349 Catholicorum
3389 3298 3596 3345 tantum
3644 3303 3772 3343 cor-
3832 3354 3835 3355 ν

2192 3401 2324 3456 pora
2380 3389 2605 3442 humare
2653 3388 2861 3441 licitum
2918 3395 3061 3442 erat.
3107 3372 3458 3441 Consuetudo
3492 3398 3522 3437 a
3572 3381 3771 3453 priscis

2193 3493 2365 3549 usque
2388 3478 2657 3534 idolorum
2696 3478 3049 3548 temporibus,
3084 3475 3369 3532 condiendi
3416 3487 3645 3545 corpora
3673 3472 3771 3527 de-

2192 3568 2519 3635 functorum,
2557 3579 2719 3640 atque
2770 3570 2822 3623 in
2862 3570 3016 3624 lectis
3052 3568 3371 3631 reclinandi,
3403 3567 3580 3621 adhuc
3625 3563 3772 3620 obti-

2191 3662 2356 3717 nebat
2409 3661 2550 3731 apud
2605 3661 2944 3717 Christianos
2993 3644 3295 3733 Egyptios.
3335 3660 3503 3726 Quem
3562 3673 3770 3713 morem

2191 3752 2546 3807 acerbissime
2586 3752 2955 3808 insectabatur
2982 3763 3202 3807 sanctus
3248 3752 3513 3806 Antonius
3534 3790 3549 3814 ,
3582 3766 3772 3806 mona-

2190 3845 2415 3899 chorum
2455 3854 2634 3915 pater,
2673 3854 2726 3898 et
2756 3846 2981 3901 curabat
3014 3847 3153 3915 apud
3199 3845 3510 3915 episcopos,
3540 3852 3599 3898 ut
3640 3843 3771 3899 sub-

2152 3935 2332 3990 -ditos
2384 3950 2512 3991 suos
2550 3950 2579 3989 a
2613 3936 2779 3990 simili
2829 3937 2933 3990 ritu
2984 3936 3346 3991 deterrerent.

2258 4024 2347 4080 16.
2389 4024 2610 4096 Signum
2652 4028 2824 4080 crucis
2868 4026 2945 4097 (p.
2968 4026 3024 4092 2,
3047 4026 3196 4097 642).
3220 4059 3291 4067 -
3317 4025 3539 4096 Signum
3582 4025 3765 4082 crucis

2187 4118 2389 4187 passim
2425 4133 2527 4173 usu
2573 4119 2826 4173 veniebat
2856 4118 2996 4189 apud
3026 4119 3367 4174 Christianos
3391 4158 3405 4183 ,
3432 4132 3605 4187 eoque
3633 4132 3765 4172 san—

2185 4209 2257 4262 eli
2292 4208 2389 4262 viri
2416 4208 2483 4262 ad
2506 4208 2771 4263 mirabilia
2805 4208 3065 4277 patranda
3097 4209 3475 4276 dmmonesqne
3501 4206 3772 4275 iugandos

2187 4298 2495 4353 utebantur.
2527 4298 2625 4354 Vis
2654 4298 2796 4354 illius
2818 4314 2924 4354 non
2959 4299 3126 4356 semel
3153 4309 3488 4355 memoratur
3519 4299 3767 4354 celebra--

2186 4402 2402 4466 turque.

2256 4486 2342 4539 17.
2370 4484 2701 4556 Synodorum
2756 4489 2887 4542 ritus
2929 4487 3005 4559 (p.
3056 4487 3181 4554 105,
3233 4486 3358 4554 HO,
3410 4495 3467 4542 et
3520 4485 3573 4541 in
3644 4484 3769 4541 Vita

2105 4550 2151 4607 ι)
2179 4550 2503 4646 Athanasii).
2532 4604 2601 4618 —
2628 4578 2832 4647 Synodi
2863 4550 2965 4647 pro
2986 4579 3131 4633 veris
3157 4550 3218 4632 ac
3242 4550 3499 4648 legitimis
3524 4591 3629 4631 non
3664 4578 3764 4631 Ita-

2182 4664 2472 4733 bebantur,
2521 4667 2568 4721 si
2618 4668 2997 4736 episcoporum
3051 4667 3287 4720 maxima
3330 4681 3455 4736 pars
3502 4664 3624 4735 ejus
3671 4665 3765 4736 qui

2181 4772 2308 4812 reus
2348 4759 2612 4828 agebatur
2648 4758 2854 4813 inimici
2881 4768 3095 4824 essent;
3120 4760 3164 4814 si
3188 4758 3440 4827 depositi,
3474 4757 3559 4812 vel
3593 4756 3767 4811 idolo-

2180 4851 2354 4905 latriae
2403 4852 2617 4906 crimini
2660 4852 2917 4917 obnoxii;
2963 4852 3007 4905 si
3052 4852 3132 4906 vis
3189 4851 3437 4920 quaedam
3489 4848 3764 4903 saecularis

2180 4952 2509 4998 conventum
2545 4943 2940 4999 moderaretur.
2984 4944 3040 4998 In
3072 4942 3286 5010 templis
3325 4940 3587 4995 celebrari
3622 4939 3766 4994 sole-

2180 5035 2348 5089 bant:
2382 5034 2738 5104 quamobrem
2773 5037 2913 5091 ltaud
2960 5036 3232 5090 immerito
3263 5043 3561 5103 carpuntur
3596 5031 3764 5088 Ursa-

2179 5128 2293 5181 cius
2335 5136 2390 5182 et
2422 5128 2641 5195 Valens,
2674 5128 2767 5198 qui
2824 5128 2877 5183 in
2925 5127 3154 5197 Augusti
3192 5126 3450 5195 palatium
3496 5123 3761 5194 synodum

2179 5217 2627 5275 Mcdiolanensem
2673 5235 2739 5274 es
2789 5219 3022 5275 ecclesia
3058 5218 3477 5274 transtulerunt.
3515 5216 3762 5273 Oﬂicium

2178 5308 2531 5364 diaconorum
2581 5317 2699 5363 erat
2749 5322 2845 5363 eos
2920 5308 2973 5361 in
3042 5308 3308 5379 synodum
3360 5306 3761 5368 intromittere,

2178 5414 2408 5470 quorum
2448 5415 2613 5456 causa
2669 5402 2952 5471 agebatur.
3008 5400 3353 5471 Synodorum
3387 5397 3759 5468 cogendarum

2179 5492 2263 5546 bat
2293 5507 2472 5547 causa:
2505 5502 2705 5548 erant:
2746 5494 2969 5549 haeresis
3010 5496 3226 5556 oborta,
3254 5492 3476 5563 grandis
3513 5491 3762 5561 quaedam

2178 5584 2244 5639 de
2276 5585 2643 5641 ecclesiastica
2681 5587 2969 5658 disciplina
3024 5584 3422 5647 controversia,
3453 5582 3630 5653 qualis
3661 5582 3773 5657 fuit

2176 5675 2263 5729 illa
2294 5676 2360 5732 de
2411 5676 2675 5732 Paschate
2719 5681 2771 5732 in
2802 5679 3011 5749 synodo
3042 5676 3260 5732 Nicaana
3290 5692 3305 5741 ;
3336 5676 3526 5746 ingens
3572 5666 3773 5749 Cujus";

2175 5768 2319 5853 piam
2350 5769 2585 5839 episcopi
2620 5768 2919 5840 ﬂagitium;
2954 5769 3189 5823 cnczeuia
3227 5767 3412 5837 templi
3449 5781 3639 5822 recens
3663 5739 3773 5822 ex:
