3998 6528
1225 392 1596 453 PREFATIO
1636 390 1981 454 EDITIONIS
2020 388 2525 456 BENEDICTINZE.

3311 418 3479 469 xxxrt

192 507 335 565 citati
369 506 755 565 Celebranda.
799 510 859 566 In
904 510 1119 584 synodis
1156 511 1315 582 vulgo
1347 514 1653 569 edebantur
1681 514 1803 570 ﬁdei
1836 520 1880 578 Α
1910 530 2069 586 grare
2101 516 2269 586 coepit
2312 516 2617 572 inStitutum
2671 516 2975 584 hujusmodl
3015 534 3158 578 anno
3180 521 3277 579 541
3310 566 3325 592 ,
3359 539 3479 583 cum

195 599 427 654 formulae
456 599 539 667 (p.
577 598 723 664 157.
760 600 930 671 586).
966 603 1307 673 Experientia
1353 605 1531 673 quarti
1570 606 1806 663 maxime

195 688 359 747 muli
388 699 766 758 compertum
806 693 938 758 fuit,
952 694 1273 765 synodorum
1298 696 1520 750 nimiam
1553 697 1809 767 frequen-

195 783 309 837 tiam
329 781 450 850 plus
476 782 549 835 ad
580 785 929 852 perniciem
958 802 1117 856 quam
1148 788 1215 841 ad
1246 789 1585 843 commodum
1620 789 1807 845 Eccle-

197 873 276 929 sia:
310 873 650 928 contulisse.
690 875 765 929 In
816 877 950 933 fidei
982 878 1217 932 formulis
1248 893 1356 933 non
1384 880 1642 949 temporis
1673 893 1805 936 nota

194 963 427 1032 praemitti
470 964 737 1031 solebat,
787 980 908 1021 non
941 968 1277 1037 imperatoris
1320 970 1671 1025 consulumve
1707 987 1805 1025 no.

194 1056 340 1110 mina.
385 1053 770 1125 Quapropter
834 1074 965 1114 cum
1022 1058 1248 1123 Valens,
1282 1058 1544 1115 Ursacius
1594 1060 1793 1130 aliique

191 1144 452 1215 praesules,
484 1147 849 1213 quotidiana
895 1147 1032 1202 aulae
1061 1148 1317 1213 Caesarea:
1355 1165 1454 1205 usu
1483 1151 1550 1204 ad
1582 1152 1800 1206 nimiam

190 1234 611 1290 assentationem
636 1236 887 1300 eruditi,
906 1234 1200 1291 Constantii
1232 1253 1447 1303 nomen,
1466 1254 1588 1293 cum
1613 1241 1800 1296 odiosa

189 1328 349 1382 retenti
372 1328 848 1399 nuncupatione,
886 1330 1010 1385 ﬁdei
1055 1330 1313 1385 formulas
1330 1333 1726 1401 prailixissent,
1744 1334 1799 1387 in

188 1420 370 1475 crimen
389 1435 455 1476 ea
485 1422 559 1475 de
574 1436 764 1476 causa
798 1423 957 1476 haud
975 1423 1066 1477 abs
1097 1438 1153 1477 re
1188 1435 1448 1478 vocantur
1466 1424 1795 1479 abAtbana-

187 1512 258 1567 sio
284 1511 355 1581 (p.
386 1510 545 1581 619).
580 1511 702 1578 Qui
742 1513 1000 1583 episcopi
1032 1515 1235 1584 synodo
1269 1514 1532 1570 interesse
1566 1531 1672 1571 non
1704 1530 1802 1584 po—

188 1612 344 1659 terant
381 1604 771 1675 presbyteros
826 1614 929 1658 aut
980 1606 1232 1660 diaconos
1282 1606 1569 1662 mittebant
1617 1617 1797 1662 actum

184 1711 287 1765 quae
312 1696 522 1764 agenda
558 1704 907 1765 oporteret:
934 1695 1096 1765 aliqui
1127 1696 1288 1750 etiam
1319 1700 1634 1753 monachos.

243 1785 321 1840 18.
362 1786 603 1856 Synodo
636 1802 884 1841 reorum
912 1788 1157 1841 exsilium
1192 1796 1283 1841 aut
1312 1789 1513 1842 cmdem
1540 1790 1799 1844 decerne-

1909 604 2239 660 Athanasius
2276 620 2342 660 eo
2371 605 2673 675 profectus,
2709 607 3054 663 Ammonium
3112 620 3166 667 et
3211 613 3477 670 Isidoru'nt

1909 695 2203 750 monachos
2226 694 2441 750 virtutis
2494 695 2728 758 eximite,
2767 697 2865 750 viae
2892 698 2995 753 sibi
3049 702 3277 757 comites
3336 704 3483 758 ascia

1909 782 1988 836 vit
2012 782 2111 853 (a).
2139 783 2375 850 Quorum
2412 785 2558 854 prior
2587 794 2730 840 tanta
2761 795 2878 841 erat
2912 787 3266 845 humanarum
3294 807 3478 848 rerum

1908 872 2157 941 incuria;
2188 885 2266 941 ut,
2302 875 2403 931 etsi
2432 876 2616 931 Roma:
2637 878 2935 946 amplitudo
2957 895 3147 936 omnes
3181 882 3263 937 vel
3318 883 3478 956 longe

1908 974 2176 1018 terrarum
2203 966 2338 1021 sitos
2362 965 2608 1023 homines
2635 967 2700 1021 ad
2751 971 2833 1022 sui
2870 970 3235 1038 spectaculum
3284 978 3511 1030 evoca—'

1906 1063 2012 1118 ret,
2043 1055 2131 1109 ille
2159 1065 2337 1110 tamen
2364 1048 2782 1124 amphitheatra,
2830 1060 3038 1129 plateas
3094 1071 3148 1116 et
3178 1077 3342 1132 opera
3377 1080 3478 1134 pu-

1906 1146 2065 1209 blica,
2128 1147 2312 1201 Roma:
2356 1148 2580 1219 degens,
2624 1167 2693 1207 ne
2751 1162 3101 1221 conspectum
3135 1155 3354 1224 quidem
3401 1157 3515 1215 ire'

1901 1239 2085 1294 vellet.
2118 1239 2169 1293 ls
2194 1239 2307 1309 ipse
2337 1242 2655 1299 Ammonius
2682 1255 2786 1309 est,
2819 1246 2911 1316 qui
2950 1254 3139 1315 postea
3176 1250 3243 1303 ad
3273 1250 3482 1318 episco-

1900 1339 2085 1399 patum
2122 1340 2399 1395 evocatus,
2429 1332 2667 1387 abscissa
2686 1335 2786 1390 sibi
2819 1338 3057 1400 aure,ad
3091 1352 3212 1393 eam
3243 1340 3480 1408 dignita-

1902 1428 2008 1474 tem
2068 1421 2405 1476 mutilatione
2463 1425 2707 1487 corporis
2755 1428 2855 1479 sibi
2915 1427 3120 1482 aditum
3182 1431 3474 1499 praeclusit.

1904 1509 2039 1565 llinc
2063 1525 2191 1565 vero
2218 1511 2443 1581 colligas
2465 1554 2480 1579 ,
2504 1513 2770 1582 ejusmodi
2802 1516 2993 1571 vitium
3018 1533 3337 1589 corporeum
3372 1522 3477 1576 im-

1900 1602 2207 1670 pedimento
2235 1602 2404 1659 fuisse
2427 1645 2441 1668 ,
2479 1620 2546 1660 ne
2578 1607 2698 1675 quis
2725 1608 3010 1679 episcopus
3034 1613 3475 1670 constitueretur.

1901 1692 2137 1747 Isidorus
2171 1703 2352 1749 autem
2407 1712 2510 1750 non
2552 1698 2762 1752 minore
2815 1700 3032 1755 virtutis
3061 1701 3205 1757 fama
3233 1712 3288 1757 et
3317 1704 3481 1759 ﬂuxa-

1901 1798 2018 1836 rum
2077 1799 2259 1839 rerum
2315 1786 2657 1841 abdicatione
2705 1788 2952 1843 ﬂorebat.
2981 1790 3116 1846 Tum
3163 1794 3333 1864 cmpit
3364 1811 3478 1852 mo—
3526 1806 3527 1809 ‘

185 1889 235 1930 re
255 1890 557 1945 curareque
585 1891 709 1930 non
740 1876 962 1929 licitum
988 1885 1105 1931 erat
1130 1876 1368 1961 (p.105).
1404 1876 1619 1941 Nicaeus
1660 1894 1793 1948 syn-
1828 1859 1869 1914 Β
1899 1876 2138 1930 nasticus
2175 1879 2309 1931 ordo
2334 1878 2386 1933 in
2430 1879 2728 1935 Occidente
2752 1883 3124 1952 frequentari,
3149 1886 3220 1939 ita
3253 1859 3313 1940 ut
3341 1902 3475 1957 pau-

185 1967 301 2021 odus
326 1967 612 2021 concessit
638 1967 729 2037 (p.
756 1968 915 2037 “2),
933 1975 991 2021 ut
1014 1975 1130 2021 acta
1151 1969 1349 2036 prioris
1375 1968 1565 2038 synodi
1592 1969 1646 2023 in
1670 1971 1797 2025 sub-

184 2059 403 2129 sequenti
441 2061 954 2129 expenderentur,
980 2067 1038 2112 ut
1063 2067 1218 2113 caute
1248 2060 1455 2128 priores
1481 2059 1792 2128 delinirent,

186 2166 287 2218 qua!
314 2160 437 2220 post
484 2151 759 2206 examini
804 2148 1110 2218 subjectum
1142 2149 1205 2204 iri
1245 2160 1527 2206 noverant.
1568 2151 1792 2222 Signum

186 2241 573 2295 communionis
601 2249 764 2305 erat,
796 2239 962 2294 alicui
993 2239 1202 2295 litteras
1222 2240 1462 2308 mittere,
1493 2242 1793 2312 missasque

184 2332 310 2387 abeo
328 2334 620 2403 recipere:
644 2347 835 2402 quare
850 2331 905 2386 in
928 2334 1131 2402 synodo
1152 2330 1459 2387 Sardicensi
1478 2333 1792 2401 prohibetur

183 2424 466 2480 litterarum
520 2440 670 2480 usus
700 2440 837 2480 cum
877 2424 1170 2479 haereticis.
1219 2423 1437 2479 Precari
1464 2440 1585 2479 cum
1615 2426 1790 2480 haere-

184 2518 290 2570 ticis
312 2517 545 2571 vetitum
583 2525 723 2572 erat
764 2537 776 2571 :
814 2524 873 2570 et
909 2515 955 2570 si
1000 2517 1120 2584 quis
1152 2515 1203 2569 id
1245 2515 1505 2570 facinoris
1537 2515 1791 2571 admitte-

185 2617 272 2669 ret,
293 2623 409 2661 cum
444 2607 545 2663 illo
582 2608 821 2677 pariter
850 2622 1075 2677 precum
1121 2622 1250 2661 usus
1291 2608 1609 2662 interdictus
1648 2616 1785 2665 erat.

185 2699 321 2770 Lapsi
348 2700 404 2755 in
446 2700 730 2755 haeresim
762 2700 871 2753 hac
916 2698 1038 2769 lege
1084 2699 1504 2768 recipiebantur,
1538 2707 1596 2752 ut
1622 2699 1665 2753 si
1694 2686 1787 2767 qui

185 2792 455 2862 impietatis
484 2801 771 2846 auctores
802 2789 1092 2861 patronive
1115 2789 1363 2855 fuissent,
1391 2790 1457 2845 iis
1484 2790 1634 2844 venia
1666 2790 1787 2859 qui-

185 2884 307 2949 dem,
342 2900 449 2940 non
480 2886 652 2941 locus
692 2895 882 2938 tamen
911 2882 1289 2937 restitueretur
1326 2889 1416 2935 aut
1441 2882 1643 2950 gradus
1669 2882 1784 2950 pri-

187 2977 341 3032 stinus
368 2978 424 3031 in
458 2978 629 3033 clero
663 2996 679 3042 ;
714 2976 785 3030 iis
811 2989 946 3029 vero
972 2974 1061 3043 qui
1097 2974 1146 3027 vi
1179 2982 1272 3027 aut
1299 2974 1619 3028 necessitate
1644 2986 1785 3027 com-

186 3068 300 3137 pulsi
335 3070 400 3124 ad
431 3069 758 3124 haereticos
779 3066 1167 3130 descivissent,
1191 3075 1245 3119 et
1272 3066 1428 3118 venia
1467 3064 1783 3134 resipiscen-

184 3160 303 3215 tibos
348 3162 585 3217 daretur
623 3168 686 3215 et
735 3159 897 3215 locus
940 3158 1219 3229 pristinus.
1251 3157 1540 3213 Eunuchos
1569 3157 1780 3211 vetabat

1896 1964 1974 2019 cis
2006 1974 2124 2033 post
2157 1966 2313 2020 annis
2347 1970 2675 2024 monaSteria
2699 1973 2966 2040 permulta
2990 1975 3189 2045 ubique
3229 1975 3472 2032 locorum

1892 2056 2278 2123 excitarentur,
2304 2073 2535 2129 quorum
2568 2059 2927 2129 frequentiam
2987 2080 3293 2121 memorare
3313 2068 3470 2122 vide-

1893 2154 1981 2201 tur
2006 2147 2337 2202 Athanasius
2371 2150 2472 2203 sub
2501 2149 2713 2204 initium
2763 2150 2896 2207 Vitae
2938 2154 3175 2210 Antonii.
3228 2156 3470 2214 Permul-

1893 2246 1976 2293 tos
2004 2238 2149 2293 circa
2182 2239 2416 2295 medium
2452 2241 2630 2309 quarti
2686 2244 2868 2298 saeculi
2927 2260 3049 2300 cum
3096 2247 3461 2317 Alexandriae,

1893 2337 2003 2381 tum
2032 2329 2084 2382 in
2114 2328 2249 2385 locis
2282 2330 2484 2383 circum
2514 2332 2702 2399 positis
2748 2332 2918 2389 fuisse
2948 2339 3241 2393 monachos
3282 2340 3463 2407 palam

1888 2419 2100 2473 videtur
2130 2434 2291 2476 esse:
2322 2437 2444 2476 nam
2471 2424 2525 2476 in
2564 2423 2882 2479 tumultibus
2913 2440 3011 2495 per
3035 2428 3271 2485 Arianos
3312 2437 3464 2490 exci-

1891 2510 2015 2563 tatis
2069 2512 2322 2567 monachi
2383 2527 2599 2584 semper
2660 2530 2851 2584 aspere
2919 2520 3126 2589 accepti
3184 2522 3457 2580 feruntur.

1889 2604 2058 2658 Tanta
2086 2614 2204 2660 erat
2232 2606 2451 2663 virtutis
2491 2612 2879 2666 monachorum
2914 2611 3056 2667 fama
3079 2652 3095 2679 ,
3127 2625 3184 2670 ut
3235 2617 3460 2675 honoris

1888 2708 2049 2749 causa
2072 2695 2309 2766 episcopi
2344 2697 2611 2753 interdum
2647 2701 2857 2770 ipsisin
2916 2704 3159 2759 sacrario
3197 2721 3317 2761 cum
3342 2708 3460 2763 cle-

1886 2785 2016 2840 ricis
2047 2785 2221 2841 locum
2272 2788 2483 2843 darent.
2514 2790 2606 2845 Ait
2649 2792 2791 2847 enim
2840 2793 3169 2850 Athanasius
3198 2797 3273 2866 (p.
3305 2797 3455 2867 265),

1886 2879 2179 2934 monachos
2198 2888 2254 2934 et
2273 2879 2619 2952 clericos,qui
2639 2896 2820 2938 secum
2840 2884 2984 2940 intus
3004 2885 3227 2941 aderant
3241 2889 3458 2956 quando

1886 2965 2148 3038 Syrianus
2169 2984 2293 3024 cum
2329 2973 2573 3027 exercitu
2628 2972 2915 3028 ecclesiam
2961 2975 3339 3045 circumsedit,
3400 2981 3458 3035 in

1884 3058 2137 3114 thronum
2192 3060 2281 3115 ubi
2323 3063 2543 3117 sedebat
2588 3064 2701 3132 ipse
2753 3046 3160 3135 conscendisse,
3192 3077 3356 3137 atque
3401 3071 3454 3125 vi

1883 3156 2185 3203 extractum
2227 3150 2350 3206 inde
2383 3150 2528 3208 ferro
2580 3155 2921 3210 inimicorum
2966 3159 3317 3227 proripuisse.
3371 3162 3455 3216 Ex

183 3250 254 3305 lex
301 3253 367 3306 ad
421 3252 894 3308 ecclesiasticum
940 3224 1177 3318 vprorsus
1232 3246 1518 3303 consilium
1572 3224 1851 3302 admittiC
1887 3238 2276 3295 mOIIaCbOI‘um
2308 3257 2532 3298 numero
2558 3245 2807 3313 permulti
2843 3245 2897 3299 in
2949 3246 3230 3317 episcopos
3273 3248 3455 3305 allecti

183 3350 244 3415 (p.
279 3348 365 3411 93,
404 3347 530 3413 111),
554 3345 700 3410 772,
738 3342 873 3406 768,
903 3340 1026 3406 769,
1054 3339 1206 3410 290).
1608 3392 1615 3395 _

238 3438 317 3495 l9.
360 3439 492 3495 Tria
523 3439 798 3493 videmus
824 3435 934 3489 isto
956 3446 1068 3487 tevo
1094 3446 1189 3502 per
1217 3429 1432 3502 quidem
1462 3430 1598 3485 mira
1622 3435 1783 3498 atque

182 3531 470 3586 insolentia.
510 3527 837 3601 Epistolam
886 3523 1179 3580 Alexandri
1215 3523 1290 3593 (p.
1324 3522 1451 3591 515)
1480 3522 1558 3576 sic
1588 3520 1782 3575 inscri-

181 3632 306 3693 ptam
337 3640 352 3677 :
375 3622 701 3677 Alexander
730 3616 1054 3689 presbyteris
1082 3614 1418 3683 diaconisque
1441 3612 1780 3667 Alexandriae

179 3724 217 3767 et
238 3713 516 3779 Mareotin,
550 3727 798 3783 praesens
824 3707 1197 3779 praesentibus,
1228 3703 1432 3759 dilectis
1462 3705 1519 3757 in
1554 3702 1777 3757 Domino

181 3807 439 3876 fratribus,
481 3806 730 3860 salutem
762 3816 781 3853 :
807 3800 997 3856 datam
1042 3798 1255 3853 scilicet
1289 3796 1393 3851 illis
1415 3796 1505 3865 qui
1551 3809 1781 3865 prasen-

182 3902 515 3955 tesaderant.
552 3899 807 3953 Litteras
837 3891 1217 3947 Alexandrina:
1262 3888 1473 3959 synodi,
1503 3902 1646 3943 anno
1674 3887 1781 3941 362

184 3990 355 4044 missas
378 3988 457 4062 (p.
482 3988 627 4057 619)
661 3986 734 4040 ab
763 3980 1001 4039 Eusebio
1031 3989 1086 4034 et
1128 3979 1343 4035 Asterio
1391 3993 1511 4034 cum
1548 3977 1669 4031 aliis
1714 3992 1778 4032 ea

183 4080 227 4134 in
257 4083 460 4151 synodo
485 4090 614 4135 tum
648 4074 1030 4135 versantibus,
1055 4071 1122 4125 ad
1152 4070 1356 4141 seipsos
1384 4070 1457 4123 ad
1481 4068 1779 4123 Antioche-

184 4185 288 4225 nam
313 4174 596 4244 synodum
639 4163 1153 4239 pr0perantes,fbac
1181 4161 1352 4216 forma
1387 4176 1402 4214 :
1432 4159 1774 4223 Athanasius,

182 4260 445 4331 Eusebius,
511 4260 870 4317 Asterium...
912 4253 1191 4322 Lucifero,
1232 4249 1482 4317 Eusebio,
1532 4250 1774 4313 Asteria,

182 4364 272 4408 etc.
292 4355 545 4425 Denique
572 4365 789 4407 morem
812 4346 1197 4417 Egyptiorum
1221 4342 1511 4413 prmsulum
1537 4339 1777 4395 subscri-

182 4444 323 4502 bendi
367 4463 471 4519 pro
504 4443 869 4506 absentibus,
909 4439 956 4494 si
984 4437 1200 4507 quando
1228 4436 1490 4507 synodum
1536 4432 1777 4489 celebra-

185 4547 287 4592 rent
314 4552 391 4609 υ).
428 4538 595 4607 718).

240 4631 320 4686 ΞΟ.
357 4630 621 4694 Ezsules,
658 4632 925 4695 martyres
955 4620 1030 4690 (p.
1067 4618 1218 4691 261).
1258 4646 1331 4659 --
1364 4615 1640 4684 Quotquot
1696 4622 1771 4684 ty-

181 4702 472 4780 rannorum
529 4718 870 4777 Christianae
899 4711 1174 4781 religionis
1226 4708 1461 4763 furorem
1492 4703 1768 4760 declinan-

180 4826 268 4880 tes,
292 4816 524 4889 profugi
554 4811 878 4869 interirent,
920 4812 1220 4872 martyrum
1252 4799 1370 4854 loco
1408 4796 1768 4889 habebantur.

1882 3328 2167 3386 Athanasii
2216 3347 2351 3397 aevo,
2382 3334 2476 3388 tali
2539 3351 2761 3391 munere
2809 3341 2933 3391 cbm
2974 3337 3136 3393 laude
3180 3339 3452 3407 perfuncti

1882 3433 2007 3477 sunt
2035 3424 2110 3494 (p.
2147 3423 2298 3496 210).
2335 3424 2576 3492 Quorum
2606 3442 2747 3483 unus
2785 3425 3048 3498 Serapion
3068 3439 3207 3497 erat,
3248 3431 3294 3487 is
3336 3431 3455 3503 ipse

1880 3513 2135 3582 fortasse,
2164 3517 2382 3585 quicum
2425 3518 2758 3575 Athanasius
2803 3522 3245 3592 coniunctissime
3295 3524 3452 3591 vixit,

1880 3604 2132 3661 videlicet
2165 3606 2543 3664 Thmuitanus.
2572 3609 2819 3668 Monachi
2854 3628 3044 3670 omnes
3063 3624 3260 3671 ascetae
3288 3630 3453 3671 voca.

1880 3698 2080 3753 bantur
2114 3716 2128 3752 :
2158 3701 2252 3756 sed
2286 3717 2354 3755 an
2388 3711 2583 3763 ascette
2610 3717 2800 3759 omnes
2839 3705 3086 3759 monachi
3113 3714 3222 3759 tum
3249 3719 3453 3771 essent,
3540 3694 3543 3699 ’

1881 3791 2166 3847 incertum.
2199 3790 2404 3862 Opinor
2433 3808 2563 3849 sane
2594 3794 2793 3851 multos
2823 3796 3012 3863 fuisse,
3038 3797 3129 3866 qui
3158 3796 3454 3852 Antonium

1879 3883 2186 3955 ἀσκήσεως,
2215 3882 2333 3938 sive
2378 3885 2784 3941 exercitationis
2830 3900 2994 3942 causa
3047 3886 3300 3953 adirent,
3357 3885 3450 3956 qui

1879 3974 2073 4029 exinde
2100 3982 2278 4029 tamen
2310 3976 2474 4030 vitam
2498 3977 2750 4031 monachi
2782 3992 2887 4031 non
2930 3976 3162 4031 inibant.
3199 3976 3452 4045 'l‘alisque

1880 4061 2045 4116 fuisse
2073 4063 2285 4118 videtur
2333 4065 2685 4129 Athanasius,
2717 4075 2902 4119 asceta
2936 4063 3145 4120 scilicet
3199 4080 3299 4120 nec
3329 4079 3451 4120 mo-

1878 4154 2001 4209 dico
2038 4163 2279 4224 tempore
2337 4171 2465 4211 cum
2514 4157 2753 4217 Antonio
2793 4165 3064 4223 versatus,
3115 4157 3205 4227 qui
3269 4165 3449 4211 tamen

1877 4260 2141 4316 nusquam
2169 4248 2468 4303 monachus
2494 4244 2661 4305 fuisse
2692 4258 3028 4304 memoratur
3044 4247 3119 4318 (p.
3154 4247 3274 4312 102,
3296 4247 3447 4318 665).

1906 4404 1907 4407 η
1945 4340 2036 4394 22.
2064 4340 2236 4396 thus
2264 4343 2535 4414 ;virginum
2569 4344 2656 4416 (p.
2681 4344 2810 4410 654,
2848 4344 2938 4407 90,
2976 4353 3031 4400 et
3081 4344 3135 4398 in
3188 4339 3306 4397 Vita
3338 4342 3451 4397 Δη-

1876 4433 2048 4504 tonii).
2077 4464 2149 4475 —
2173 4434 2254 4489 Ab
2284 4435 2401 4504 ipso
2425 4436 2585 4491 tertio
2618 4436 2816 4491 sarculo
2842 4444 3016 4491 castus
3062 4444 3220 4490 erant
3285 4434 3450 4503 virgis

1876 4537 2025 4586 num,
2061 4538 2179 4592 qua:
2219 4524 2273 4577 in
2308 4524 2554 4593 corporis
2612 4524 2922 4593 integritate
2966 4522 3445 4577 consenescebant.

1873 4611 1933 4667 lu
1964 4628 2148 4669 earum
2171 4628 2397 4669 numero
2424 4614 2749 4670 versabatur
2777 4627 2937 4668 soror
2958 4612 3021 4665 Β.
3048 4609 3290 4675 Antonii,
3325 4620 3448 4678 qua

1875 4702 2089 4757 demum
2143 4704 2198 4757 in
2248 4704 2557 4772 praefectam
2589 4704 2837 4759 ccenobio
2878 4702 3072 4761 allecta
3111 4698 3231 4755 fuit.
3280 4699 3449 4756 Erant

1875 4792 2003 4847 item
2030 4792 2151 4846 aliae
2186 4794 2425 4863 virgines
2459 4809 2554 4862 per
2575 4794 2737 4848 urbes
2762 4801 2817 4847 et
2842 4806 3029 4862 pagos,
3059 4805 3180 4861 quae
3204 4806 3234 4845 a
3258 4800 3447 4846 tenera

235 4880 320 4963 21..
351 4880 621 4963 Ηοᾶαειιί
679 4902 762 4973 (p.
806 4897 960 4966 654).
1009 4921 1079 4933 -
1119 4889 1369 4955 Monachi
1416 4885 1671 4957 perpauci
1718 4884 1772 4936 in

1898 4892 2152 4939 uventute
2182 4893 2305 4939 voto
2337 4884 2704 4955 virginitatem
2741 4898 2892 4939 suam
2954 4881 3063 4937 Deo
3121 4880 3443 4938 offerebant.

179 4998 430 5072 Egypto,
463 5014 527 5053 ac
553 5011 699 5066 pene
748 4989 923 5062 ignoti
954 4986 1201 5050 fuerant,
1256 4982 1323 5037 ad
1364 4979 1579 5072 initium
1604 4988 1775 5072 usque

1876 4979 2125 5049 Virgines
2166 4993 2327 5049 porro
2393 4978 2645 5043 maforte,
2702 4979 2815 5034 sive
2877 4976 3150 5048 μαφοριῳ,
3187 4986 3282 5032 aut
3326 4974 3445 5031 velo

181 5067 340 5161 quarti
376 5090 599 5148 saeculi.
634 5086 714 5141 Eo
751 5094 993 5149 namque
1031 5089 1276 5148 tempore
1300 5071 1574 5127 Antonius
1606 5068 1772 5122 innu-
1872 5071 2256 5141 operiebantur
2292 5089 2304 5125 ε
2340 5078 2393 5125 et
2428 5070 2646 5141 grandis
2688 5069 2898 5139 injuriae
2949 5069 3066 5125 loco
3118 5067 3459 5134 habebatur,
3492 5082 3501 5087 “

181 5160 343 5242 meros
369 5181 632 5252 exemplo
656 5194 761 5234 suo
793 5176 865 5230 ad
891 5188 1010 5229 eam
1046 5173 1168 5225 vita:
1192 5166 1468 5233 rationem
1524 5160 1769 5216 deduxit.

182 5254 495 5334 Pacbomius
540 5277 681 5330 item
734 5271 793 5324 in
844 5264 1104 5320 extremis
1158 5256 1467 5315 Thebaidos
1523 5252 1768 5320 partibus

184 5371 418 5425 ctenobia
447 5356 1165 5432 excitavitqnamplurima,
1204 5366 1273 5405 ac
1328 5354 1759 5440 numerosa-cry

182 5461 472 5515 nobitarum
538 5455 833 5514 sodalitia.
888 5444 1206 5501 Ammonius
1249 5441 1415 5495 etiam
1476 5437 1531 5490 in
1597 5432 1770 5486 Nitria

182 5554 489 5609 monasteria
512 5546 806 5607 exstruxit
842 5537 1303 5610 frequentissima,
1337 5531 1430 5587 sed
1464 5536 1767 5625 paucorum

180 5645 373 5717 singula
428 5642 872 5701 monachorum.
927 5632 999 5686 Ex
1052 5630 1282 5700 [Egypto
1332 5623 1565 5678 Romam
1595 5617 1771 5673 deuti~

238 5843 313 5915 (ι)
341 5844 383 5904 In
418 5846 549 5902 Vita
585 5833 891 5897 Athanasii
915 5832 981 5886 ad
1012 5831 1153 5887 hunc
1179 5843 1404 5886 annum.

1874 5162 1921 5217 si
1948 5162 2068 5231 quis
2105 5161 2373 5233 virginum
2396 5162 2572 5231 capita
2598 5161 2852 5233 nudaret.

2603 5252 2715 5308 VII.

2397 5342 2559 5397 Varia
2583 5342 2931 5411 explicantur.

1949 5435 2001 5490 1.
2026 5435 2108 5490 Ad
2143 5448 2263 5505 pag.
2294 5433 2391 5488 111
2419 5434 2484 5488 de
2518 5432 2690 5488 Danio
2712 5446 2879 5502 pauca
2911 5429 3211 5498 tetigimus;
3241 5435 3297 5482 et
3319 5424 3447 5496 quia

1877 5528 2119 5598 vulgaris
2173 5527 2355 5598 opinio
2382 5536 2581 5581 nostrae
2614 5526 2829 5593 penitus
2866 5523 3179 5579 adversatur
3200 5557 3218 5587 ,
3252 5532 3337 5572 res
3361 5525 3448 5573 est

1877 5621 2126 5694 pluribus
2145 5628 2202 5677 et
2233 5618 2539 5676 accuratius
2578 5614 2937 5689 explananda.
2991 5609 3190 5677 Julius,
3247 5609 3447 5667 litteris
