3998 6502
553 381 620 422 st.
1905 355 2438 414 PROLEGOMENA.

542 473 910 531 Orientalium
945 483 1291 544 provocatus,
1325 474 1413 545 qui
1447 475 1713 546 synodum
1749 474 1814 528 ad
1840 458 2126 528 Athanasii
2156 478 2204 534 Α
2229 471 2556 540 coepiscopos
2593 474 2798 522 nostros
2831 466 3077 535 (dicimus
3131 475 3307 521 autem
3356 467 3708 523 Athanasium
3764 476 3813 523 et

554 582 775 623 causam
799 566 1208 637 expendendam
1236 568 1616 637 postulabant,
1645 566 1863 621 eosdem
1903 566 2129 620 Romam
2233 559 2593 629 Marcellum),
2647 567 2703 612 ut
2765 560 3082 627 scripserunt
3144 575 3209 614 ea:
3248 561 3371 614 aliis
3406 561 3537 615 locis
3586 562 3814 632 episcopi

556 661 623 714 ad
649 659 913 731 synodum
943 658 1138 714 ibidem
1182 660 1558 714 celebrandam
1611 666 1821 713 evocat.
1888 657 2133 727 Superbe
2232 653 2422 717 nostri,
2459 667 2577 722 qua:
2607 659 2781 705 autem
2816 652 2879 704 ab
2915 650 3138 705 Eusebio
3157 651 3299 721 facta
3330 663 3472 717 sunt,
3508 653 3641 706 nihil
3668 655 3817 709 aliud

555 749 632 804 illi
667 750 967 804 Romanum
1000 749 1101 803 iter
1132 749 1452 815 detrectant,
1484 757 1645 818 atque
1668 748 1808 802 inter
1843 746 1977 801 alias
2000 762 2132 817 qne-

548 837 718 905 ‘relas,
757 836 1127 892 hanc'lutilem
1163 837 1430 901 afferunt,
1477 835 1677 890 Julinm
1722 835 1931 891 scilicet
1966 836 2132 889 Euse-

547 931 645 986 ‘bio
693 930 817 995 soli,
884 930 1231 985 factiosorum
1287 928 1645 999 autesignano
1678 969 1693 993 ,
1744 928 1955 983 litteras
2006 942 2132 982 suas

554 1036 914 1091 nuncupasse.
950 1021 1185 1078 Litteras
1230 1020 1317 1076 ille
1360 1020 1538 1074 denuo
1567 1019 1729 1074 mittit
1790 1020 1893 1075 hac
1942 1020 2133 1075 inscri-

548 1112 739 1179 ptione
777 1128 790 1164 :
820 1111 999 1165 Julius
1034 1111 1228 1176 Danio,
1262 1108 1488 1164 Flacillo
1513 1148 1527 1170 .
1562 1108 1836 1174 Narcisso,
1884 1106 2130 1173 Eusebio,

555 1194 722 1269 Muri,
777 1199 1111 1267 Macedonio,
1165 1202 1461 1264 Theodoro,
1511 1210 1616 1255 etc.
1673 1198 1949 1266 Quaeritur
2010 1201 2133 1269 quis

555 1294 660 1350 iste
714 1295 915 1349 Danius
962 1294 1143 1349 fuerit.
1182 1294 1249 1349 Et
1303 1295 1480 1364 primo
1547 1291 1898 1347 manifestum
1947 1300 2031 1347 est
2066 1292 2134 1347 ab

554 1387 974 1444 amanuensibus
1010 1388 1256 1442 vitiatum
1299 1386 1464 1442 fuisse
1515 1398 1733 1449 nomen,
1788 1399 1852 1440 ac
1884 1386 2034 1440 varie
2079 1386 2132 1440 in

554 1480 942 1549 manuscriptis
971 1488 1208 1535 exstare.
1256 1479 1500 1534 Nannius
1534 1480 1677 1535 enim
1730 1478 1927 1549 legisse
1988 1478 2136 1534 vide-

555 1580 643 1627 tur
672 1572 925 1642 διακόνῳ,
980 1573 1143 1627 vertit
1197 1573 1397 1641 quippe
1440 1573 1687 1625 diacono.
1725 1570 1919 1626 Putant
1966 1569 2136 1623 ferme

554 1664 891 1719 recentiores
928 1677 1118 1719 omnes
1138 1678 1257 1717 cum
1290 1661 1522 1717 Baronio
1555 1676 1675 1717 esse
1713 1662 1992 1715 Dianmum
2017 1659 2134 1713 Cas-

552 1770 722 1811 sareae
746 1754 1103 1825 Cappadociae
1133 1756 1468 1824 episcopum.
1500 1753 1566 1808 Et
1590 1768 1720 1808 sane
1759 1753 1837 1807 ait
1875 1752 2134 1807 Sozomeo

2229 759 2387 813 quam
2410 742 2658 813 falsitatis
2693 753 2741 796 et
2776 743 3033 796 mendacii
3086 743 3249 810 fuisse
3296 748 3475 814 plena.
3528 743 3673 799 Nam
3716 747 3816 802 etsi

2230 851 2295 888 ex
2323 852 2383 888 eo
2410 852 2513 905 quo
2539 835 2707 889 vocati
2750 843 2874 888 sunt
2917 851 2950 887 a
3002 833 3153 888 Iulio
3211 838 3448 908 episcopo
3504 839 3816 894 charissima

2233 923 2400 991 fratre
2465 933 2663 990 nostra,
2699 922 2892 976 claruit
2947 924 3179 977 noluisse
3213 942 3298 978 eos
3344 927 3547 982 uenisse
3579 943 3646 983 ea:
3688 928 3816 998 ipsis

2233 1015 2448 1081 litteris,
2487 1015 2674 1085 quibus
2698 1032 2877 1069 eorum
2903 1017 3178 1070 mendacia
3202 1019 3407 1071 detecta
3436 1029 3580 1075 sunt.
3628 1017 3817 1075 Venis-

2234 1116 2344 1160 sent
2374 1107 2535 1172 enim,
2567 1107 2614 1159 si
2644 1108 2944 1161 habuissent
2975 1107 3223 1170 ﬁduciam
3256 1146 3273 1174 ,
3307 1118 3413 1165 etc.
3456 1111 3553 1167 [iis
3597 1114 3820 1169 omnino

2235 1207 2500 1253 consonat
2542 1198 2943 1264 Thcodoretus,
2971 1202 3061 1269 qui
3117 1202 3363 1258 eamdem
3397 1205 3588 1272 synodi
3626 1204 3817 1261 Sardi-

2238 1292 2416 1347 censis
2445 1292 2732 1363 epistolam
2769 1292 2925 1348 all‘ert
2951 1294 3088 1350 libro
3120 1310 3182 1358 ιι,
3225 1309 3346 1363 cap.
3381 1294 3435 1349 8.
3491 1297 3821 1354 Athanasius

2237 1393 2416 1439 autem
2442 1423 2457 1448 ,
2498 1386 2589 1454 qui
2640 1384 2885 1441 eamdem
2921 1384 3081 1440 affert
3116 1402 3170 1455 p.
3209 1386 3332 1453 127,
3372 1387 3546 1442 solum
3601 1388 3820 1445 Eusebii

2240 1489 2437 1531 nomen
2467 1476 2652 1542 habet,
2680 1476 2806 1546 quia
2838 1476 3125 1532 brevitatis
3154 1493 3316 1534 causa
3348 1480 3569 1535 nomina
3597 1480 3820 1550 propria

2240 1581 2493 1624 resecare
2522 1569 2681 1634 solet,
2713 1576 2772 1623 ut
2798 1570 2982 1625 videre
3014 1579 3099 1625 est
3128 1570 3218 1625 hic
3249 1582 3301 1626 et
3331 1572 3484 1628 alibi.
3524 1573 3602 1628 Ex
3648 1587 3811 1645 supe-

2239 1658 2473 1715 rioribus
2510 1668 2689 1715 autem
2726 1669 2893 1731 patet,
2928 1662 3140 1719 litteras
3169 1659 3297 1718 Julii
3327 1665 3585 1734 superius
3613 1680 3821 1721 memo-

2240 1756 2386 1803 ratas
2412 1750 2699 1821 Diognium
2735 1752 2903 1807 etiam
2934 1763 3187 1823 spectare
3224 1765 3284 1810 ut
3306 1764 3362 1810 et
3393 1755 3532 1812 alios
3558 1756 3823 1813 Eusebia-

553 1862 657 1902 nus
703 1847 800 1901 lib.
834 1862 919 1911 ιιι,
953 1862 1002 1901 c,
1038 1848 1091 1911 δ,
1133 1848 1413 1901 Dianmum
1443 1846 1704 1901 Caesarea:
1737 1844 1976 1900 adfuisse
2004 1860 2131 1914 syn-
2167 1838 2209 1892 B
2240 1856 2339 1894 nos
2373 1859 2386 1895 :
2424 1844 2674 1911 queritur
2697 1845 2843 1900 enim
2873 1860 2969 1901 eos
3001 1847 3244 1903 noluisse
3269 1847 3497 1903 Romam
3538 1852 3607 1903 ad
3653 1863 3822 1921 syno-

552 1940 657 1996 odo
685 1940 1058 2002 Antiochenm,
1087 1946 1206 2009 qua:
1250 1955 1392 1993 anno
1431 1932 1530 1993 311
1592 1937 1772 1992 habita
1829 1948 1932 1993 εει.
1986 1936 2136 1992 Nun-

552 2038 783 2099 cupatur
811 2039 989 2084 autem
1034 2029 1145 2091 ille,
1171 2044 1294 2084 cum
1320 2043 1348 2081 a
1382 2028 1711 2093 Sozomcno,
1744 2038 1854 2082 tum
1886 2044 1914 2082 a
1938 2028 2138 2083 Basilio

554 2122 606 2173 in
639 2120 865 2189 epistola
901 2121 965 2174 ad
997 2120 1315 2189 Bosporium
1349 2120 1689 2189 episcopum,
1724 2120 1986 2183 Διάνοιος,
2011 2118 2141 2173 Dia-

551 2230 717 2271 urens.
754 2214 863 2272 Nos
920 2224 1097 2269 autem
1156 2215 1489 2269 arb'tramur
1518 2228 1638 2269 esse
1688 2214 1998 2285 Diognium,
2023 2214 2138 2269 sive

550 2306 888 2379 TheOgnium
939 2307 1214 2362 Nicmnum
1274 2307 1418 2362 inter
1479 2307 1736 2362 factiosos
1779 2308 2050 2378 insignem
2082 2316 2137 2361 et

549 2398 753 2467 passim
772 2407 1175 2462 memoratum,
1206 2399 1296 2467 qui
1354 2399 1508 2467 prior
1554 2413 1770 2468 semper
1822 2408 2133 2455 recensetur

551 2489 607 2544 in
634 2488 900 2558 legatione
928 2488 1219 2543 Mareotica
1245 2528 1261 2553 ,
1292 2489 1379 2543 ubi
1443 2504 1533 2544 sex
1568 2499 1731 2545 erant
1786 2490 1969 2561 legati,
2017 2492 2133 2545 Dio-

553 2578 731 2647 gnius,
766 2576 952 2641 Maris,
988 2577 1352 2642 Macedonius,
1402 2577 1739 2645 Theodorus,
1792 2579 2053 2635 Ursacius
2087 2589 2139 2635 et

554 2667 772 2721 Valens.
798 2667 951 2734 Quod
976 2676 1157 2721 autem
1183 2665 1494 2737 Theognius
1530 2668 1622 2721 ille
1666 2669 1921 2738 Diognius
1968 2671 2134 2725 etiam

553 2767 862 2821 vocaretur,
891 2758 1110 2826 planum
1136 2768 1239 2813 est.
1270 2758 1360 2813 Sic
1396 2773 1451 2828 p.
1492 2759 1628 2824 106,
1692 2762 1781 2816 ubi
1828 2777 2139 2818 memoran-

556 2856 648 2904 tur
693 2850 853 2919 legati
911 2849 1214 2919 Marcotici,
1267 2852 1511 2923 legitur:
1561 2853 1835 2922 Diognios,
1865 2856 2132 2924 Διόγνιος,

552 2938 745 3005 Maris,
775 2948 881 2994 etc.
932 2940 1302 3012 Similiterque
1346 2959 1399 3012 p.
1445 2943 1568 3009 1&9,
1629 2944 1892 3013 Διόγνιος,
1928 2946 2134 3017 Μάρις,

552 3041 659 3083 etc.
687 3029 751 3083 Et
782 3046 837 3099 p.
869 3031 970 3086 129
1020 3031 1222 3102 Regius
1281 3033 1473 3096 codex,
1525 3047 1685 3102 quem
1719 3035 1892 3088 solum
1930 3036 1983 3089 in
2015 3050 2133 3090 eam

2240 1932 2365 1987 dum
2420 1938 2707 1999 accedere,
2764 1938 2907 2006 quod
2962 1937 3188 2007 perinde
3235 1938 3518 2010 Theognio
3560 1942 3824 2011 competit

2240 2033 2405 2094 atque
2441 2028 2589 2083 aliis.
2650 2026 2729 2082 Re
2776 2028 2857 2084 sic
2908 2028 3116 2099 liquido
3152 2041 3436 2098 enarrata,
3478 2032 3699 2088 erudito
3742 2032 3822 2089 le-

2240 2118 2379 2172 ctori
2403 2116 2669 2186 judicium
2704 2120 3097 2189 permittimus.
3682 2117 3691 2125 ’

2312 2210 2367 2263 2.
2422 2211 2547 2281 Pag.
2584 2211 2709 2277 112,
2751 2211 3075 2267 scboliastes
3119 2213 3339 2283 quidam
3394 2214 3461 2268 ad
3520 2214 3821 2285 marginem

2243 2304 2395 2374 Regii
2429 2305 2640 2359 codicis
2673 2305 2841 2369 2284,
2890 2306 2943 2360 in
2978 2306 3094 2360 haec
3142 2308 3348 2361 verba:
3387 2307 3488 2359 Διὰ
3526 2306 3688 2362 τοῦτο
3732 2309 3826 2363 καὶ

2236 2397 2287 2448 oi
2319 2398 2374 2449 ὲν
2404 2399 2468 2467 τῇ
2504 2396 2647 2450 κατὰ
2694 2396 2933 2451 Νίκαιαν
2969 2398 3180 2471 μεγάλῃ
3227 2396 3430 2469 συνόδῳ
3476 2398 3826 2464 συνελθόντες

2242 2486 2549 2546 ἐπίσκοποι.
2588 2487 2689 2539 οὐκ
2749 2488 2877 2541 ἄνευ
2912 2487 3048 2542 Θεοῦ
3091 2487 3398 2559 βουλήσεως
3440 2476 3849 2561 συνεχώρησαν.

2240 2584 2298 2635 ὲν
2331 2582 2493 2653 ἑτέρᾳ
2541 2582 2741 2651 συνόδῳ
2774 2581 2842 2635 τὰ
2886 2583 2988 2653 τῆς
3027 2583 3300 2655 προτέρας
3342 2581 3716 2649 ἐξετάζεσθαι.
3768 2583 3823 2637 Id

2239 2679 2342 2734 est,
2395 2673 2663 2735 Quocirca
2708 2673 2941 2742 episcopi
2986 2674 3039 2727 in
3103 2690 3297 2743 magna
3339 2674 3542 2744 synodo
3596 2672 3822 2728 Niccna

2238 2762 2567 2832 congregati,
2614 2778 2720 2816 non
2767 2764 2903 2817 citra
2938 2761 3035 2817 Dei
3061 2764 3339 2818 consilium
3385 2764 3579 2834 prioris
3630 2764 3823 2835 synodi

2239 2864 2359 2908 acta
2390 2857 2447 2909 in
2471 2856 2581 2910 alia
2608 2857 2809 2926 synodo
2844 2858 3069 2927 disquiri
3091 2858 3467 2926 permiserunt,
3500 2858 3618 2913 haec
3647 2858 3824 2913 adnoc

2240 2948 2375 3001 tavit
2407 2948 2474 3003 ab
2507 2949 2667 3003 annis
2694 2949 2917 3004 circiter
2959 2950 3244 3013 trecentis,
3294 2960 3353 3004 ut
3401 2965 3465 3004 ex
3504 2952 3826 3007 charactere

2236 3040 2513 3110 conjicere
2542 3040 2704 3097 licet:
2733 3042 3051 3112 Σημείωσαι
3082 3042 3164 3094 ὅτι
3210 3042 3312 3096 οὐκ
3343 3044 3565 3097 ἀπαιτεῖ
3594 3042 3696 3115 τὴν
3730 3043 3826 3098 Εκ-

551 3118 864 3187 Apologiam
926 3120 1172 3189 legimus,
1219 3120 1400 3185 habet,
1427 3120 1664 3175 διάκονοι
1701 3124 1969 3192 Διογνίου,
2011 3125 2128 3178 dia-

556 3210 673 3235 --με
708 3210 915 3235 n:_.___::
1094 3212 1284 3235 --ξυμ
1337 3214 1680 3235 ----..ε-------
1730 3216 1793 3235 ,υ

2238 3133 2435 3205 κλητον
2462 3133 2537 3197 ὡς
2567 3133 2757 3197 πάπας
2787 3135 2883 3188 καὶ
2920 3136 3091 3207 ἄκρος
3136 3136 3449 3207 ἀρχιερεὺς,
3488 3136 3603 3189 ἀλλ’
3636 3135 3826 3200 ἁπλῶς

552 3210 673 3263 coni
702 3210 937 3280 Diognii,
986 3220 1041 3265 ut
1090 3212 1288 3267 exinde
1334 3214 1685 3283 conspicuum
1726 3216 2134 3286 sitpromiscue

552 3301 891 3373 Theognium
934 3319 997 3358 ac
1033 3305 1319 3374 Diognium
1348 3305 1476 3359 dici.
1526 3307 1688 3362 Certe
1737 3308 1973 3365 llilarius
2024 3309 2129 3366 col.

552 3392 693 3450 1284
742 3395 1045 3464 Diognimnt
1076 3396 1180 3461 ait,
1207 3396 1546 3467 Theognium
1600 3400 1809 3456 scilicet
1861 3402 2130 3461 indicans.

551 3485 685 3538 Cum
710 3486 873 3553 igitur
914 3482 1087 3543 Julius
1118 3497 1325 3557 septem
1374 3489 1701 3545 Arianorum
1762 3495 2128 3564 primipilares

552 3576 641 3629 hic
662 3589 1069 3645 commemoret,
1099 3590 1229 3649 puto
1266 3583 1409 3639 hunc
1446 3583 1674 3639 Danium
1731 3599 1984 3658 corrupte
2032 3607 2131 3660 po-

553 3666 717 3720 situm
752 3668 914 3724 fuisse
951 3685 1047 3740 pro
1101 3671 1347 3743 Diagnio.
1392 3673 1562 3731 Nemo
1608 3687 1697 3730 eat
1740 3678 1986 3744 inﬁcias,
2043 3683 2131 3737 hic

550 3755 751 3813 iulium
800 3760 939 3814 inter
971 3762 1171 3818 multos
1222 3766 1545 3836 episcopos,
1603 3782 1698 3825 eos
1744 3773 1972 3829 consilio
2024 3790 2129 3830 non

551 3855 681 3895 casu
714 3856 1055 3910 enumerare,
1080 3847 1172 3915 qui
1225 3848 1370 3904 inter
1403 3852 1738 3909 Eusebianos
1793 3857 2129 3927 antesignani

548 3942 725 3987 erant.
758 3933 1123 4000 Quamobrem
1164 3954 1315 4009 asque
1368 3943 1567 3997 mirum
1618 3955 1762 4002 esset
1810 3949 1951 4003 inter
2008 3951 2131 4007 illos

554 4025 927 4089 recenseri,ac
966 4029 1169 4097 primas
1192 4041 1377 4089 tenere
1404 4035 1689 4091 Dianmum
1712 4038 2127 4108 Cmsariensem,

552 4114 642 4181 qui
690 4117 940 4184 nuspiam
1000 4118 1140 4174 inter
1179 4121 1531 4193 Eusebianos,
1569 4128 1650 4182 vel
1701 4129 1770 4184 ab
1800 4130 2127 4199 Athanasio,

552 4204 634 4259 vel
665 4205 735 4260 ab
761 4208 881 4261 aliis
904 4222 1265 4279 memoratur;
1290 4225 1450 4285 atque
1478 4222 1812 4287 praetermitti
1840 4222 2124 4293 Diognium

547 4295 634 4350 vel
670 4297 1008 4369 Theognium
1034 4302 1336 4373 Nicwnum,
1363 4308 1455 4377 qui
1495 4317 1607 4365 tum
1651 4311 1703 4366 in
1740 4313 1878 4368 vivis
1905 4325 2025 4369 erat
2071 4324 2126 4371 et

549 4400 664 4441 rem
693 4396 916 4443 strenue
938 4393 1158 4461 gerebat
1184 4406 1376 4451 contra
1407 4400 1761 4456 Athanasium
1791 4442 1806 4468 ,
1856 4403 2125 4474 facileque

2237 3227 2378 3291 ἀξιοῖ
2408 3227 2466 3280 ὲν
2500 3227 2663 3298 ἑτέρᾳ
2687 3227 2890 3298 συνόδῳ
2921 3226 2990 3280 τὰ
3008 3228 3110 3297 τῆς
3137 3228 3417 3299 προτέρας
3446 3228 3825 3297 ἐξετάζεσθαι,

2236 3320 2379 3374 κατὰ
2420 3320 2510 3373 τὸν
2548 3320 2749 3374 κανόνα
2799 3323 2900 3391 τῆς
2938 3321 2997 3374 ὲν
3042 3320 3246 3392 Νικαίᾳ
3302 3322 3542 3376 συνόδου.
3584 3322 3639 3376 Id
3692 3331 3820 3378 est:

2238 3411 2381 3467 Nota
2411 3429 2527 3466 eum
2549 3413 2780 3483 (scilicet
2804 3412 3005 3468 Julium
3033 3412 3188 3481 cujus
3211 3425 3338 3468 sunt
3368 3416 3619 3483 superius
3645 3416 3820 3471 allata

2229 3504 2422 3575 verba)
2463 3520 2567 3558 non
2593 3506 2800 3573 exigere
2844 3505 3279 3575 appellationem,
3317 3517 3497 3578 utpote
3537 3526 3736 3579 papam
3773 3522 3824 3566 et

2233 3611 2496 3667 sumntum
2527 3595 2850 3664 pontiﬁcem,
2876 3597 2966 3648 sed
3001 3596 3315 3664 simpliciter
3337 3600 3631 3666 postulare,
3668 3612 3727 3655 ut
3767 3602 3824 3655 in

2233 3684 2343 3736 alia
2372 3683 2575 3753 synodo
2604 3700 2724 3750 qua:
2757 3701 2788 3737 a
2814 3684 2995 3753 priore
3035 3685 3245 3740 decreta
3294 3688 3493 3757 fuerint
3532 3694 3827 3760 exquiran-

2236 3784 2355 3839 tur,
2406 3774 2569 3843 juxta
2629 3791 2881 3829 canonem
2949 3773 3188 3832 Nicaeum
3245 3780 3454 3849 synodi.
3512 3782 3824 3855 ’Ἐκκλητον

2231 3867 2376 3921 enim
2427 3867 2531 3921 dici
2579 3867 3002 3937 appellationem
3054 3872 3122 3923 ad
3182 3884 3453 3925 summum
3503 3874 3821 3940 pontiﬁcem

2231 3962 2423 4015 tritum
2461 3960 2852 4031 vulgatumque
2886 3970 2989 4015 est.

2302 4050 2434 4122 Pag.
2470 4052 2593 4106 113.
2623 4051 2871 4107 Diximus
2901 4052 2954 4106 in
2996 4053 3162 4118 notis,
3206 4054 3491 4125 epistolam
3521 4057 3821 4115 Alexandri

2228 4142 2474 4213 episcopi
2508 4144 2869 4201 Alexandrini
2903 4148 2969 4201 ad
3005 4147 3206 4202 calcem
3248 4162 3476 4218 operum
3528 4152 3821 4209 Athanasii

2230 4238 2529 4291 eudemlam
2562 4237 2697 4294 fore.
2728 4240 3131 4296 Atsecundum
3184 4243 3299 4296 haec
3336 4250 3541 4297 mutata
3593 4254 3823 4301 semen-

2223 4328 2324 4394 tia,
2350 4343 2415 4382 ex
2458 4341 2516 4383 re
2541 4331 2713 4397 magis
2744 4331 2917 4386 visum
2947 4340 3034 4388 est
3053 4346 3172 4386 eam
3213 4343 3339 4386 ante
3366 4344 3604 4401 quatuor
3626 4347 3821 4392 contra

2230 4416 2460 4472 Arianos
2514 4422 2804 4488 orationes,
2881 4430 3075 4491 utpote
3123 4439 3244 4493 qua:
3294 4426 3595 4482 Arianismi
3662 4428 3821 4484 initia

547 4476 814 4575 secundas
847 4488 967 4550 post
994 4480 1287 4539 Eusebium
1332 4486 1436 4541 hoe
1494 4489 1549 4543 in
1605 4492 1823 4562 negotio
1883 4494 2121 4548 tenebat.
2158 4513 2203 4569 ι)
2233 4515 2463 4575 spectet,
2504 4476 2799 4563 collocare:

550 4564 782 4638 Fuitque
813 4570 1043 4626 Eusebio
1072 4584 1365 4643 superstes,
1398 4578 1505 4633 imo
1528 4581 1690 4636 etiam
1736 4592 1858 4652 post
1891 4594 2121 4640 mortem

548 4656 785 4725 Eusebii,
808 4661 1047 4731 ejusdem
1080 4676 1239 4721 secta:
1265 4678 1520 4727 strenuus
1553 4674 1772 4729 vindex.
1809 4675 1942 4730 Nam
1973 4678 2017 4732 is
2042 4686 2127 4733 est

545 4748 638 4816 qui
668 4749 1039 4808 Macedonium
1070 4763 1198 4813 tunc
1226 4759 1487 4818 Arianum
1514 4806 1530 4831 ,
1564 4774 1752 4834 postea
1784 4766 2125 4823 Pneumato-

545 4842 859 4905 macltorum
878 4845 1092 4915 ducem,
1109 4851 1421 4924 episcopum
1442 4857 2127 4928 Constantinopolitanum,

547 4933 599 4987 in
632 4934 847 4994 Eusebii
880 4939 1116 5000 defuncti
1148 4945 1346 5012 locum,
1396 4951 1688 5006 ordinavit.
1725 4951 1857 5007 Tam
1900 4954 2126 5022 proclivi

543 5035 725 5083 errato
785 5027 983 5086 Danius
1030 5047 1097 5089 ex
1157 5037 1416 5110 Διογνίῳ,
1442 5055 1604 5109 quam
1642 5057 1707 5097 ex
1733 5042 1953 5114 Διανίῳ,
1983 5043 2121 5101 ellici

543 5126 735 5183 potest.
766 5117 905 5185 Quid
952 5137 1129 5179 causa:
1176 5127 1341 5196 igitur
1403 5129 1589 5196 fuerit,
1624 5133 1766 5199 quod
1827 5132 2113 5190 Dianteum

543 5207 651 5273 hic,
701 5208 1021 5269 Eusebianis
1062 5222 1452 5290 peregrinum,
1490 5222 1669 5288 potius
1721 5224 2118 5282 substituamus

540 5314 698 5368 quam
741 5301 1046 5375 Diognium,
1084 5310 1135 5363 in
1176 5324 1337 5380 quem
1394 5326 1583 5367 omnes
1631 5313 1956 5382 conjecturas
1982 5332 2114 5385 qua-

539 5394 720 5449 drant.
754 5396 834 5450 Ad
859 5396 973 5455 haec
998 5398 1190 5456 Patres
1228 5402 1580 5461 Sardicenses
1618 5407 1675 5461 in
1724 5409 1950 5477 epistola
1994 5425 2121 5483 syn-

538 5485 679 5541 odali
703 5488 784 5543 sic
813 5489 1017 5546 habent
1055 5492 1191 5562 apud
1228 5493 1493 5551 Hilarium
1524 5499 1626 5552 col.
1650 5501 1810 5564 1284,
1847 5518 1995 5557 num.
2028 5504 2063 5558 2
2102 5523 2116 5561 :

540 5572 682 5630 Olim
713 5580 920 5647 quidem
939 5583 1284 5639 scribentibus
1312 5587 1554 5655 Eusebio,
1587 5591 1781 5657 Mario,
1812 5591 2107 5664 Theodoro,

540 5666 810 5737 Diognito,
880 5670 1099 5727 Ursacio
1154 5687 1201 5729 et
1276 5676 1504 5744 Valente,
1566 5680 1714 5737 Iulio
1756 5687 2118 5743 consacerdoti

538 5769 713 5812 nostra
742 5758 993 5816 Romana:
1029 5764 1275 5822 Ecclesia:
1308 5771 1546 5842 episcopo
1568 5774 1815 5832 adversus
1834 5778 2110 5835 urwdictos

2306 4597 2435 4668 l’ag.
2465 4598 2588 4654 119.
2619 4599 2791 4666 Quam
2832 4600 2919 4655 hic
2952 4604 3003 4656 in
3034 4604 3178 4660 notis
3225 4621 3486 4663 vocamus
3523 4607 3816 4678 epistolam

2208 4692 2300 4746 ‘ad
2333 4691 2631 4755 solitarius,
2666 4707 2727 4747 ea
2770 4702 2855 4747 est
2879 4709 3003 4764 quae
3028 4710 3127 4751 suo
3157 4696 3275 4752 loco
3302 4713 3331 4751 a
3364 4699 3526 4755 nobis
3565 4701 3816 4758 Athana-

2234 4780 2301 4835 sii
2330 4780 2561 4850 vestigio
2592 4780 2949 4849 hzcrenlibus,
2981 4784 3216 4839 Historia
3252 4788 3573 4843 Arianorum
3602 4794 3673 4845 ad
3703 4810 3819 4847 mo-

2235 4874 2431 4926 nacltos
2466 4882 2777 4942 nuncupata
2825 4884 2931 4930 est.
2982 4874 3091 4931 Nec
3131 4880 3659 4944 pratermittendum
3704 4896 3818 4950 est,

2233 4968 2332 5021 abs
2375 4981 2434 5021 re
2468 4974 2720 5022 vocatum
2763 4967 2817 5022 in
2876 4970 3316 5026 controversiam
3380 4971 3571 5040 fuisse,
3627 4987 3815 5033 utrum
3858 4994 3861 4997 '

2228 5060 2335 5115 hoc
2372 5062 2697 5131 praeclarum
2727 5077 2865 5133 Opus
2891 5066 3175 5122 Athanasii
3201 5068 3297 5132 sit,
3329 5084 3398 5122 an
3443 5068 3680 5126 alterius
3715 5073 3812 5142 qui

2225 5150 2377 5219 jussu
2408 5152 2695 5209 Athanasii
2738 5155 2853 5210 haec
2893 5157 3091 5213 litteris
3141 5161 3434 5215 mandarit.
3485 5161 3621 5218 Nam
3663 5168 3813 5236 quod

2222 5244 2429 5307 dicunt,
2457 5244 2544 5299 hic
2569 5262 2845 5316 nunquam
2874 5249 3047 5319 prima
3075 5265 3310 5321 persona
3337 5255 3432 5309 sed
3471 5257 3637 5311 tertia
3669 5273 3813 5314 sem-

2220 5349 2316 5403 per
2353 5333 2500 5405 loqui
2530 5346 2811 5394 auctorem
2845 5340 3070 5410 hujusce
3102 5345 3309 5412 operis,
3346 5347 3502 5412 illud,
3554 5348 3809 5420 inquam,

2220 5441 2326 5481 non
2373 5429 2720 5486 considerate
2765 5433 2968 5488 dictqu
3009 5444 3113 5491 est.
3159 5436 3296 5493 Nam
3343 5442 3599 5510 superius
3627 5443 3810 5500 locum

2219 5519 2500 5574 attulimus
2535 5536 2662 5592 pag.
2697 5540 2928 5590 xxxvm,
2964 5527 3014 5581 in
3071 5544 3181 5597 quo
3226 5531 3561 5591 Athanasius
3619 5537 3706 5593 bis
3756 5538 3810 5593 in

2224 5609 2395 5679 prima
2438 5626 2669 5681 persona
2722 5630 3031 5673 sermonem
3070 5621 3261 5679 habet.
3313 5624 3439 5682 llaec
3467 5626 3611 5683 ultra
3642 5644 3808 5701 quam

2221 5700 2356 5754 satis
2384 5702 2524 5755 dicta
2566 5714 2714 5760 sunt.

2291 5790 2344 5847 5.
2378 5791 2510 5864 Pag.
2548 5795 2671 5851 152.
2713 5795 2771 5852 In
2817 5798 3315 5871 subscriptionihus
3358 5804 3804 5875 Sardicensibus,
