3998 6516
1217 466 1589 521 ΡΒΑΞΕΑΤΙΟ
1628 468 1767 522 EDI'I

1875 469 1975 525 NlS
2010 472 2141 526 BEN
2146 473 2509 533 EDICTINIE.
3355 499 3455 538 xu-

176 586 253 657 qui
276 582 634 653 septuaginta
665 593 813 639 octo
843 582 1006 654 primi
1042 592 1389 639 recensentur
1432 584 1467 638 ii
1517 592 1642 639 sunt
1686 585 1767 652 qui

1881 587 1951 639 ad
1977 590 2259 644 monac/tos
2285 591 2446 645 missa
2486 592 2704 662 legitur,
2735 593 2945 647 Παύλου
2981 594 3276 648 ἐπισκόπου
3310 596 3441 667 Τριο

177 676 358 749 synodo
415 672 855 740 interfuerunt,
910 689 1080 745 neque
1136 684 1263 731 sunt
1313 689 1410 746 per
1459 676 1771 744 provincias

178 766 448 832 distributi,
486 774 553 822 ut
600 766 707 821 alii
768 768 1035 823 absentes
1083 768 1176 838 qui
1213 777 1334 838 post
1369 768 1604 823 solutam
1644 780 1773 842 syn-

180 860 315 915 odum
342 871 547 913 nomen
595 859 965 929 ascripsere.
997 860 1173 915 Palam
1225 870 1313 914 res
1352 870 1435 915 est
1467 877 1533 915 ex
1582 862 1770 920 Ιιὶιειιοὶἱ

182 952 669 1020 subscriptionibus
712 950 825 1023 (α),
859 969 984 1023 qua:
1013 955 1207 1005 easdem
1232 954 1402 1006 ferme
1432 966 1578 1020 sunt,
1606 965 1771 1024 atque

183 1045 266 1098 illa:
294 1043 345 1096 in
388 1043 573 1111 prima
619 1043 825 1101 classe
875 1047 945 1101 ab
991 1046 1287 1101 Athanasio
1339 1046 1547 1103 locatae.
1594 1046 1770 1103 Pauca

183 1148 334 1191 tamen
382 1136 603 1192 omissa
663 1138 912 1191 nomina
977 1147 1104 1193 sunt
1164 1138 1217 1192 in
1279 1138 1773 1208 subscriptionibus

180 1229 464 1295 Athanasii,
492 1245 628 1299 qua:
667 1230 828 1299 apud
869 1230 1129 1285 Hilarium
1165 1230 1455 1299 leguntur;
1491 1232 1772 1300 multoque

180 1320 308 1389 plura
343 1320 559 1375 omittit
606 1321 904 1389 Hilarius,
939 1338 1056 1391 qua:
1100 1323 1435 1379 Athanasius
1466 1335 1768 1380 enumerat.

181 1412 290 1475 Quae
321 1411 462 1479 apud
497 1412 903 1467 Athanasium
936 1414 1283 1479 omittuntur,
1311 1415 1502 1470 isthaec
1544 1424 1669 1470 sunt
1703 1431 1769 1471 ex

181 1500 365 1556 Hilario
395 1502 709 1572 desumpta
748 1523 763 1559 :
803 1504 1096 1560 Marcellus
1129 1508 1469 1577 Ancyranus,
1503 1506 1772 1576 Evagrius

180 1609 201 1643 δ
230 1591 543 1648 Macedonia
573 1595 648 1649 de
683 1595 1078 1663 Heraclianeo,
1105 1596 1282 1652 Julius
1315 1599 1381 1654 ab
1405 1599 1604 1653 Acacia
1634 1599 1772 1672 [lege

178 1686 401 1759 Achaia],
435 1687 508 1743 de
533 1688 745 1743 Thebe
775 1688 1127 1759 Eptapyleos,
1162 1690 1262 1744 nisi
1293 1691 1364 1745 sit
1394 1690 1533 1744 idem
1558 1693 1650 1761 qui
1675 1691 1769 1747 Ju-

180 1779 333 1832 lianus
356 1781 500 1848 apud
525 1780 929 1834 Athanasium
953 1781 1164 1835 dicitur.
1191 1782 1356 1835 Miror
1390 1782 1665 1837 Labbeum
1692 1781 1767 1852 (ὁ)

180 1872 263 1927 hec
307 1868 424 1925 loco
480 1872 723 1925 restitui
780 1871 1047 1934 voluisse,
1100 1870 1437 1941 Eplapoleos,
1486 1888 1606 1925 cum
1649 1872 1766 1927 luce

179 1958 357 2013 clarius
385 1959 457 2013 sit
482 1974 621 2014 esse
644 1959 891 2012 Theben
936 1960 1297 2028 'Emémlov,
1352 1960 1403 2013 id
1447 1971 1549 2025 est,
1577 1971 1766 2028 septem

180 2058 444 2117 portarum,
479 2059 582 2102 aut
604 2049 852 2104 Thebas
893 2050 1291 2115 Ἐπταπύλους,
1324 2066 1442 2120 qua”:
1466 2053 1536 2104 ita
1568 2066 1767 2106 vocan-

183 2151 253 2191 tur
306 2140 439 2209 πρὸς
499 2140 951 2212 ἅντιδιαστολὴν
1004 2140 1310 2196 Thebarum
1364 2141 1765 2211 Egyptiarum,

182 2243 279 2294 qua:
302 2228 729 2298 ὲκατὸμπυλοι,
762 2229 885 2282 sive
918 2240 1133 2283 centum
1166 2240 1445 2298 portarum
1480 2240 1656 2284 erant.
1695 2230 1769 2293 De

188 2318 359 2373 'l‘hebis
386 2308 631 2375 Graecia:
663 2320 949 2375 Homerus
983 2321 1078 2389 (ε),

305 2410 501 2480 Ἡμεῖς
536 2411 649 2465 καὶ
683 2410 897 2477 Θήϐης
927 2411 1061 2478 ἕδος
1093 2413 1335 2483 εἵλομεν
1364 2414 1729 2473 ἑπταπύλοιο
1747 2434 1766 2482 ;

193 2502 613 2575 Βεέἰεγριὶαοίε
646 2518 793 2558 vero
823 2502 1028 2559 Thebis
1061 2504 1160 2575 (Δ),

964 2596 1087 2650 οὐδ’
1122 2598 1237 2651 ὅσα
1272 2599 1485 2669 Θήϐας,

290 2688 649 2756 Αιγιτπτίας,
706 2689 805 2743 ὅθι
862 2687 1121 2743 πλεῖστα
1156 2689 1359 2760 δόμοις
1401 2693 1469 2744 ἐν
1502 2693 1768 2761 κτήματα

1447 2782 1661 2855 [κεῖται
1682 2825 1696 2851 ,

291 2874 405 2931 Ala‘
431 2866 883 2945 ἑκατόμπυλοί
905 2876 1043 2929 εἱσι.
1649 2928 1654 2935 .

186 2967 394 3024 Cochsz
426 2970 563 3024 item
599 2970 678 3025 ab
708 2969 948 3033 Achaia,
985 2970 1294 3041 Dionysnus.
1341 2969 1474 3025 Nam
1502 2973 1607 3027 duo
1641 2983 1766 3028 sunt

186 3060 389 3130 Dionysii
440 3062 593 3130 apud
650 3058 962 3122 Hilarium,
1006 3075 1144 3113 unus
1197 3061 1338 3131 apud
1380 3062 1762 3117 Athanasium.

188 3147 484 3205 Verissimus
533 3165 608 3204 ex
664 3148 737 3203 iis
796 3148 893 3216 qui
947 3148 1155 3217 synodo
1203 3149 1561 3204 interfuerunt
1628 3150 1768 3205 inter

184 3240 338 3296 Gallos
379 3250 729 3298 recensetur
765 3240 836 3292 ab
870 3239 1192 3294 Athanasio.
1241 3240 1377 3296 istos
1415 3254 1510 3295 sex
1552 3241 1764 3310 episco-
1792 3265 1834 3323 ρ

184 3347 263 3398 pos
286 3333 349 3388 ab
373 3333 701 3389 Athanasio
740 3331 1009 3395 omissos,
1038 3333 1085 3387 si
1116 3332 1307 3403 iungas
1339 3348 1461 3389 cum
1509 3333 1577 3388 78
1628 3349 1763 3403 quos

184 3426 522 3488 enumeravit,
588 3432 765 3477 erunt
824 3421 925 3475 84.
959 3420 1053 3476 liis
1109 3423 1154 3476 si
1213 3424 1382 3478 addas
1431 3423 1762 3491 Euphratam

183 3510 543 3571 Coloniensem
580 3524 644 3571 et
673 3513 1021 3585 Olympium,
1055 3514 1149 3584 qui
1196 3516 1405 3587 synodo
1447 3515 1762 3571 Sardicensi

183 3603 480 3675 interfuere,
517 3620 579 3664 et
613 3610 689 3664 ab
736 3609 1051 3664 Athanasio
1084 3617 1138 3663 et
1179 3607 1390 3663 Hilario
1433 3611 1759 3678 prmtermit-

186 3708 361 3773 tuetur,
395 3700 466 3757 86
497 3700 781 3771 reperies.
823 3698 1188 3755 Dominianus
1220 3701 1361 3756 idem
1407 3712 1492 3756 est
1518 3703 1611 3771 qui
1656 3703 1764 3757 Do-

184 3791 406 3847 mitianus
437 3794 512 3849 ab
540 3793 768 3847 Hilario
798 3792 1027 3856 dicitur,
1062 3790 1295 3847 Musaeus
1321 3793 1463 3848 idem
1491 3795 1583 3864 qui
1609 3794 1764 3865 Moy-

183 3882 272 3936 n'us
297 3882 512 3949 Hilarii,
563 3883 941 3951 Eortunatius
985 3883 1125 3937 idem
1158 3884 1250 3951 qui
1300 3882 1762 3953 Fortunatianus;

186 3970 395 4030 Irenaus
446 3977 607 4032 idem
680 3976 911 4030 videtur
962 3989 1082 4029 esse
1125 3977 1213 4044 qui
1261 3976 1514 4033 Lerem'us
1549 3977 1762 4045 Hilarii,

186 4062 405 4122 Ursicius
437 4068 594 4123 idem
625 4068 721 4135 qui
757 4064 1057 4130 Ursart'us;
1093 4066 1392 4138 Eutychius
1437 4070 1577 4124 idem
1614 4072 1765 4129 vide-

186 4165 257 4211 tur
282 4175 395 4215 esse
426 4161 529 4231 qui
578 4159 869 4212 Euthilius
892 4198 907 4221 ,
944 4169 996 4211 et
1045 4157 1321 4227 Eutychus
1359 4160 1591 4216 fortasse
1623 4163 1761 4217 idem

185 4251 259 4318 qui
304 4250 471 4307 Titius
511 4268 533 4306 :
592 4266 725 4305 nam
775 4250 921 4318 apud
973 4246 1238 4304 Hilarium
1289 4251 1629 4320 corruptiora
1676 4268 1765 4308 no-

185 4340 303 4396 mina
332 4353 458 4398 sunt
502 4357 681 4413 quam
713 4340 864 4410 apud
892 4338 1281 4409 Athanasium.
1308 4342 1593 4413 Asclepius
1618 4344 1763 4403 idem

184 4433 258 4500 qui
278 4436 532 4505 Asclepas
562 4432 852 4493 Cauneis.

239 4522 287 4577 4.
312 4524 437 4597 Pag.
461 4524 597 4579 139.
618 4523 918 4578 Paulinum
937 4522 1051 4577 sive
1078 4524 1298 4577 Paulum
1323 4525 1652 4596 episcopum,
1672 4545 1764 4599 qui

1877 677 2074 748 δέρων,
2113 681 2201 734 ubi
2238 681 2517 753 Τριϐέρων
2549 685 2758 737 videtur
2793 686 3043 745 mendose
3083 684 3315 754 positum
3345 702 3457 753 pro.

1879 762 2122 840 Τιϐέριον
2152 772 2219 824 ab
2262 774 2707 828 amanuensibus.
2761 772 2895 827 Nam
2929 774 3070 843 quod
3111 772 3310 827 Paulus
3350 774 3445 833 hic

1872 856 2108 922 dicatur,
2167 860 2258 929 qui
2315 860 2571 916 Paulinus
2598 863 2885 931 superiore
2922 862 3038 916 loco
3085 874 3306 917 vocatus
3333 871 3437 926 est,

1874 948 2014 1004 forte
2056 955 2464 1007 amanuensiqu
2512 954 2642 1010 vitio
2673 956 2924 1022 contigit,
2947 956 3054 1008 imo
3082 954 3313 1010 fortasse
3341 973 3434 1025 po-

1872 1040 2070 1095 sterior
2105 1041 2264 1096 lectio
2291 1054 2510 1110 praestat
2534 1046 2723 1113 priori.
2753 1045 2806 1099 In
2832 1045 2999 1101 Italia
3020 1060 3251 1115 namque
3283 1062 3455 1107 sacra.

1872 1133 2069 1188 Paulus
2101 1133 2386 1203 episcopus
2410 1137 2730 1193 Tiburtinus
2758 1147 3114 1201 memoratur,
3156 1139 3250 1207 qui
3291 1138 3441 1194 Ursi-

1872 1226 2014 1280 cium
2042 1225 2565 1294 pseudopontil‘icem
2596 1232 2935 1285 consecravit
2967 1245 3111 1286 anno
3141 1230 3269 1284 566.
3297 1230 3443 1284 Nan-

1873 1315 1996 1368 nius
2042 1315 2224 1381 vcrtit,
2260 1318 2501 1385 episcopo
2550 1318 2792 1389 Tyburis.
2850 1319 3051 1375 Eodem
3102 1330 3283 1375 autem
3326 1322 3445 1378 loco

1872 1406 1993 1460 dele
2028 1423 2078 1476 ρ,
2116 1416 2170 1461 et
2193 1406 2312 1475 lege
2338 1408 2601 1479 Τιϐέρων.

1944 1499 1998 1556 5.
2024 1499 2156 1566 Pag.
2198 1500 2324 1553 l57.
2372 1501 2781 1569 Augustaliana,
2826 1502 2931 1557 hoc
2970 1516 3168 1555 nomen
3214 1503 3447 1557 diximus

1871 1604 1938 1644 ex
1972 1589 2362 1658 Augustalibus
2393 1590 2720 1659 profectum.
2751 1592 2820 1645 At
2847 1590 2977 1645 licet
3005 1605 3110 1645 vox
3138 1591 3448 1660 Augustalis

1872 1684 2102 1737 antehac
2139 1682 2461 1752 plerumque
2502 1694 2761 1752 usurpata
2804 1683 3130 1752 reperiatur,
3178 1699 3281 1737 non
3315 1683 3447 1754 legi-

1872 1789 1992 1827 mus
2021 1783 2197 1827 tamen
2230 1774 2517 1843 prmfectos
2541 1774 2760 1844 Λεωνρεί
2794 1783 2919 1828 ante
2947 1790 3148 1829 annum
3179 1776 3305 1841 551,
3338 1791 3446 1845 quo

1871 1866 1983 1919 haec
2033 1865 2289 1933 Apologia
2339 1865 2544 1932 scripta
2592 1876 2696 1928 est,
2749 1866 3071 1934 Augustales
3105 1866 3223 1921 sine
3261 1867 3446 1921 addito

1871 1966 2113 2012 vocatos.
2146 1955 2327 2022 Quare
2354 1957 2407 2009 in
2438 1956 2651 2011 incerto
2685 1970 2772 2010 res
2799 1964 3069 2011 versatur.

1939 2050 1992 2104 6.
2034 2050 2161 2119 Pag.
2196 2050 2302 2106 288
2327 2051 2523 2105 dicitur
2547 2052 2713 2106 Roma
2747 2066 2867 2107 esse
2901 2055 3216 2123 metropolis
3246 2054 3446 2107 Roma-

1870 2143 1992 2205 niae,
2029 2142 2127 2210 τῆς
2163 2143 2490 2211 Ῥωμανξας,
2512 2144 2601 2197 ubi
2636 2143 2877 2197 Nannius
2917 2143 3099 2206 vertit,
3136 2146 3449 2211 metropolis

1872 2231 2126 2287 Romana:
2158 2234 2393 2290 ditionis.
2438 2235 2750 2305 Eademque
2795 2234 3068 2290 sententia
3114 2250 3216 2287 vox
3250 2235 3440 2289 isthmc

1871 2327 1954 2382 bis
1982 2337 2276 2398 usurpatur
2306 2330 2374 2385 ab
2405 2330 2728 2399 Epiphanio,
2755 2329 2965 2386 scilicet
2996 2330 3197 2384 haeresi
3229 2345 3353 2383 1.va
3380 2339 3439 2383 et

1871 2418 2061 2474 haeresi
2095 2435 2242 2474 uix.

1940 2508 1991 2560 7.
2035 2507 2164 2578 Pag.
2196 2508 2319 2563 518.
2361 2508 2565 2564 Praeter
2603 2509 2760 2563 allata
2797 2510 2849 2563 in
2889 2509 3089 2563 Manilo
3127 2510 3190 2561 ad
3226 2507 3441 2576 Episto-

1870 2601 1974 2655 lam
2003 2601 2071 2654 ad
2105 2601 2405 2667 monac/tos,
2436 2584 2629 2670 quibus
2669 2600 2974 2655 defenditur
3004 2600 3275 2653 diversum
3309 2600 3445 2657 illud.

1868 2708 2001 2762 opus
2035 2707 2157 2747 esse
2209 2708 2239 2746 a
2285 2701 2521 2762 quatuor
2570 2693 2910 2747 Orationibus
2963 2701 3144 2745 contra
3187 2692 3443 2755 Arianos,

1870 2785 1986 2839 alia:
2039 2791 2331 2854 suppetunt
2377 2784 2711 2852 gravissimae
2777 2785 3014 2838 rationes
3048 2790 3172 2845 quae
3204 2783 3438 2852 idipsum

1868 2875 2148 2929 suadeant.
2197 2874 2330 2929 Nam
2382 2875 2510 2933 illud
2562 2875 2628 2931 ad
2676 2876 2969 2930 monachos
3025 2875 3250 2929 missum
3305 2888 3444 2941 opus

1868 2973 2013 3017 vetat
2038 2964 2367 3019 Athanasius
2393 2966 2644 3033 cuiquam
2674 2964 2918 3018 exhiberi
2946 2982 2959 3018 :
2991 2965 3073 3017 ha:
3104 2972 3281 3017 autem
3312 2976 3449 3030 qua-.

1871 3061 1992 3109 tuor
2029 3053 2336 3117 orationes,
2380 3061 2438 3106 ut
2481 3054 2675 3122 cuique
2723 3053 2918 3124 legenti
2976 3055 3149 3122 palam
3191 3052 3320 3115 erit,
3365 3053 3453 3109 ita.

1868 3142 2205 3197 concinnata:
2246 3150 2409 3207 sunt,
2451 3152 2512 3196 ut
2566 3142 2792 3210 publicis
2838 3142 3226 3198 controversiis
3268 3140 3436 3194 desti-

1870 3243 2008 3289 natae
2052 3234 2191 3288 haud
2228 3232 2386 3286 dubie
2419 3231 2639 3286 fuerint.
2671 3232 2748 3286 Ac
2776 3232 3013 3286 secunda
3047 3232 3305 3287 adornata
3338 3230 3452 3291 fuit,

1867 3325 1933 3381 ad
1982 3338 2043 3379 ea
2086 3322 2451 3387 confutanda,
2499 3336 2621 3391 quae
2672 3322 2931 3376 adversus
2969 3321 3197 3390 primatu
3245 3320 3453 3377 Ariani.

1866 3415 2249 3472 obtendebant.
2301 3412 2481 3468 Tertia
2534 3412 2782 3467 similiter
2820 3420 2901 3466 est
2949 3410 3197 3466 secundae
3249 3410 3439 3465 defen-

1864 3512 1968 3567 sio.
1996 3510 2061 3564 Et
2086 3523 2218 3565 sane
2243 3524 2349 3563 non
2378 3507 2604 3578 publica:
2628 3490 2789 3561 modo
2816 3506 3000 3571 fuere;
3030 3520 3219 3561 verum
3243 3504 3432 3569 etiam,

1866 3614 1924 3661 ut
1951 3618 2018 3658 ex
2045 3601 2291 3658 ordiendi
2324 3601 2533 3656 ratione
2563 3600 2936 3670 conspicuum,
2967 3599 3196 3653 diversis
3237 3607 3437 3666 tempo-

1867 3696 2034 3759 ribus,
2066 3702 2124 3747 ut
2171 3706 2256 3747 res
2298 3700 2354 3747 et
2384 3706 2521 3747 usus
2556 3689 2884 3760 postulabat,
2917 3689 3218 3753 adornatae;
3269 3689 3341 3743 ita
3375 3697 3443 3742 ut.

1864 3786 2034 3841 altera
2062 3785 2291 3840 alterius
2316 3783 2532 3839 occasio
2558 3780 2738 3837 fuerit.

1936 3878 2064 3948 Pag.
2108 3877 2233 3932 652.
2287 3875 2365 3930 Ex
2413 3889 2519 3944 quo
2562 3874 2780 3927 Antonii
2834 3873 2953 3927 Vim
3013 3873 3150 3927 edita
3201 3871 3335 3935 fuit,
3382 3870 3441 3929 in

1866 3971 2083 4025 codices
2128 3967 2347 4023 Latinos
2395 3966 2575 4025 varios
2612 3965 2808 4032 incidi,
2865 3966 2916 4019 in
2971 3964 3164 4034 quibus
3220 3962 3439 4031 legitur,

1867 4078 1967 4117 non
1998 4060 2267 4130 paululum
2302 4058 2546 4126 temporis
2572 4074 2690 4111 cum
2719 4074 2780 4112 eo
2816 4058 2936 4125 feci.
2965 4056 3089 4111 Haec
3119 4068 3280 4125 porro
3306 4052 3439 4106 Eva-

1866 4154 1963 4223 grii
2002 4151 2179 4206 versio
2226 4150 2436 4205 tametsi
2480 4149 2648 4204 libera
2698 4148 3008 4211 admodum,
3036 4156 3093 4202 et
3140 4143 3441 4203 sententias

1866 4244 2024 4297 modo
2078 4249 2314 4306 resecat,
2363 4241 2520 4294 modo
2568 4239 2829 4308 adauget,
2873 4238 2977 4293 huc
3027 4236 3082 4290 in
3126 4236 3247 4289 loco
3294 4232 3449 4295 κατὰ,

1868 4334 2004 4389 πόδα
2078 4340 2439 4391 consectatur.
2502 4330 2655 4387 Unde
2715 4331 2885 4399 magis
2931 4329 3207 4397 magisque
3266 4324 3437 4378 adau-

1868 4435 2022 4493 getur
2075 4425 2287 4477 animus
2324 4421 2478 4490 mihi,
2520 4430 2578 4477 ut
2625 4436 2744 4475 eam
2791 4421 3076 4476 lectionem
3126 4428 3437 4487 germanam

1867 4514 2193 4569 existimem.

183 4594 632 4674 itterastrsacii
667 4624 724 4669 et
753 4612 1004 4668 Valentis
1038 4614 1104 4668 ad
1135 4594 1565 4687 Juliumpapa—m
1589 4594 1761 4674 Ath'a-
1794 4608 1838 4663 D
1935 4605 1989 4659 8.
2032 4602 2089 4656 ln
2132 4602 2336 4656 Manilo
2385 4601 2450 4655 ad
2498 4598 2667 4651 Vitam
2716 4598 2931 4653 Antonii
2974 4594 3258 4649 omisimus
3296 4606 3447 4660 prac-

182 4708 311 4762 nasia
346 4709 700 4775 transmisit,
725 4722 858 4762 esse
882 4704 1243 4762 Tiburensem
1279 4717 1374 4761 aut
1397 4707 1759 4778 Tiburtinum,

180 4812 268 4852 non
295 4800 697 4855 Trevir-ensem
727 4798 1062 4862 antistitem,
1106 4799 1193 4853 vix
1229 4808 1317 4853 est
1340 4801 1481 4867 quod
1516 4801 1762 4871 ambiga-

182 4906 297 4945 mus.
326 4891 475 4947 Nain
506 4906 707 4947 omnes
771 4889 1139 4958 manuscripti
1195 4898 1251 4944 et
1305 4891 1458 4955 editi,
1494 4891 1599 4946 hoc
1647 4895 1767 4947 loco

181 4980 398 5059 Τιϐέριον
446 4984 675 5039 habent.
706 4980 872 5050 Apud
906 4979 1164 5035 Photium
1213 4990 1394 5037 autem
1429 4999 1495 5037 ex
1541 4982 1765 5055 Eulogio

184 5073 212 5131 ι.
238 5089 403 5131 cun
420 5092 482 5138 li,
513 5076 815 5145 episcopus
840 5071 1179 5138 Tiburensis,
1204 5083 1296 5127 aut
1320 5075 1661 5142 Tiburtinus,
1686 5078 1766 5132 sic

183 5174 382 5220 vocatur
435 5164 810 5236 Ἀγαμέμνων
842 5159 1140 5225 ἐπίσκοπος
1172 5162 1446 5234 Τιϐέρεως
1491 5182 1503 5218 :
1539 5172 1593 5217 et
1626 5168 1768 5219 veri-

185 5248 392 5311 similius
424 5268 508 5312 est
543 5254 910 5310 Tiburtinum
941 5253 1178 5308 vicinum
1206 5254 1393 5309 Romae
1421 5256 1762 5325 episcophm,

186 5360 326 5412 quam
357 5348 769 5404 Trevirensem
827 5352 978 5398 tanto
1018 5345 1228 5400 itineris
1282 5346 1462 5414 spatio
1509 5348 1763 5403 dissitunt

190 5435 377 5495 litteras
420 5438 550 5495 Julii
601 5433 928 5491 Athanasio
983 5433 1219 5489 misisse.
1274 5433 1540 5489 Paulinus
1581 5446 1764 5491 autem

186 5525 507 5587 Trevircnsis
556 5544 717 5585 anno
765 5526 899 5588 549,
947 5540 1055 5595 quo
1095 5526 1231 5581 datre
1283 5536 1543 5596 putantur
1570 5527 1763 5583 litterzn

189 5613 374 5674 Ursacii
392 5633 443 5675 et
462 5618 728 5678 Valentis
755 5616 824 5670 ad
847 5612 1292 5686 Julium'papam,
1322 5616 1559 5669 nondum
1580 5616 1764 5669 iniisse

184 5710 528 5782 episcopatum
570 5712 829 5766 videtur.
871 5705 928 5759 in
961 5704 1199 5762 Historia
1239 5721 1403 5776 porro
1442 5707 1761 5761 Arianorum

243 5827 314 5893 to)
341 5828 524 5894 Hilar.,
558 5826 678 5885 col.
714 5822 881 5894 ηερε,

246 5895 314 5967 (ι’)
342 5900 486 5959 Tom.
510 5891 597 5971 ’ll,
620 5893 839 5954 concil.
869 5891 1078 5949 Sardic.

1865 4694 2070 4751 clarum
2122 4692 2409 4747 Justiniani
2462 4688 2804 4757 imperatoris
2853 4687 3029 4742 locum
3074 4698 3140 4739 ex
3202 4690 3453 4745 tractatu,

1866 4785 2112 4838 adversus
2158 4782 2399 4851 Origenis
2440 4795 2662 4841 errores,
2705 4780 2795 4848 qui
2846 4778 2924 4831 sic
2959 4774 3125 4829 habet
3165 4790 3179 4827 :
3214 4769 3351 4826 Εἷπε
3381 4771 3445 4826 δὲ-

1868 4881 1962 4933 καὶ
2002 4879 2030 4929 ὁ
2082 4878 2142 4930 ἐν
2192 4876 2367 4945 ἁγίοις
2416 4876 2729 4938 Ἀθανάσιος
2793 4871 3089 4943 ἐπίσκοπος
3134 4867 3229 4921 καὶ
3279 4865 3442 4928 αὐτὸς

1881 4969 2284 5041 Ἀλεξανδρείας
2321 4969 2610 5040 γενόμενος
2650 4968 2707 5020 ὲν
2743 4964 2822 5036 τῷ
2873 4961 3015 5031 λόγῳ
3053 4958 3131 5030 τῷ
3179 4956 3283 5022 Εἰς
3334 4955 3443 5008 τὸν

1862 5065 2007 5129 ,βίον
2051 5064 2158 5118 τοῦ
2196 5063 2493 5132 μακαρίου
2548 5060 2853 5119 Ἀντωνίου
2904 5052 3112 5107 ταῦτα·
3165 5049 3334 5113 (Πῶς
3385 5046 3443 5101 δὲ

1868 5155 2151 5226 χλευάζειν
2190 5155 2336 5225 ἡμᾶς
2372 5152 2609 5223 τολμᾶτε
2655 5152 2913 5220 λέγοντας
2956 5148 3046 5201 τὸν
3083 5144 3315 5215 Χριστὸν
3348 5141 3441 5195 ἄν·

1870 5246 2086 5316 θρωπον
2134 5243 2583 5315 πεφανερῶσθαι“
2620 5243 2750 5295 ὅπου
2796 5259 2859 5312 γε
2895 5242 3050 5309 ὑμεῖς
3091 5238 3155 5288 ὲκ
3202 5233 3294 5286 τοῦ
3348 5226 3453 5289 νοῦ,

1867 5338 1969 5409 τὴν
2014 5335 2192 5407 ψυχὴν
2237 5333 2543 5406 ὁρίζοντες,
2579 5333 2819 5403 φάσκε-σε
2856 5327 3226 5396 πεπλανῆσθαι
3271 5321 3457 5391 αὐτὴν.

1871 5428 1965 5483 καὶ
2013 5426 2362 5481 πεπτωκέναι
2407 5426 2515 5480 ἀπὸ
2561 5426 2660 5497 τῆς
2704 5424 2891 5493 ἁψῖδος
2933 5420 3028 5473 τοῦ
3070 5412 3297 5486 οὐρανοῦ
3357 5413 3455 5483 εἰς,

1875 5518 2033 5589 σῶμα
2053 5534 2068 5583 ;
2090 5536 2109 5570 ι
2148 5518 2203 5572 Id
2230 5526 2312 5572 est
2338 5536 2351 5571 :
2391 5517 2539 5570 Dixit
2558 5528 2733 5569 autent
2763 5504 3457 5573 sanctusAthanasius,_qui,

1871 5623 1919 5667 et
1956 5612 2066 5679 ipse
2101 5611 2368 5678 episcopus
2400 5609 2737 5662 Alexandria:
2775 5605 2898 5674 fuit,
2936 5604 2990 5654 in
3029 5599 3160 5651 libro
3210 5597 3282 5652 De
3318 5596 3447 5650 Vita.

1873 5703 2015 5760 beati
2067 5702 2340 5759 Antonii:
2394 5720 2412 5754 ‹
2444 5701 2544 5770 Qui
2601 5707 2779 5756 autem
2839 5710 2938 5751 nos
2983 5692 3209 5749 irridere
3275 5690 3441 5746 aude-

1947 5819 2016 5887 (ri
2041 5818 2169 5870 ιιῑςιιι
2220 5821 2279 5873 Α.

1945 5888 2022 5959 (ά)
2059 5887 2207 5943 Iliad.
2238 5891 2299 5941 Θ.
