3998 6508
548 425 658 475 χιιι

1888 414 2421 473 PROLEGOMENA;

550 526 641 592 tis,
674 526 799 595 quia
853 527 1084 583 dicimus
1118 528 1393 585 Christum
1444 529 1716 584 hominem
1772 531 2118 599 apparuisse;
2150 537 2197 595 Α
2224 532 2481 588 Ludovici
2511 532 2709 604 Magni,
2737 532 2979 605 aliosque
3008 534 3211 607 passim
3240 544 3571 604 memoratos
3604 534 3657 590 in
3686 534 3798 589 llo-

551 618 770 689 quando
808 633 905 674 vos
961 633 1028 673 ex
1084 629 1262 674 mente
1312 619 1550 673 animam
1602 634 1719 675 esse
1771 619 2119 690 deﬁnientes,

549 709 728 765 dicitis
767 724 885 766 eam
924 726 1166 780 errasse,
1220 720 1275 769 et
1309 726 1375 767 ex
1414 710 1535 766 caeli
1579 711 1785 766 fornice
1828 712 1882 766 in
1927 726 2122 783 corpus

549 800 826 873 delapsam
855 802 1013 858 esse?
1036 820 1056 865 ι

620 962 676 1018 9.
712 962 1031 1032 Quanquam
1064 976 1151 1017 res
1184 971 1265 1016 est
1301 960 1530 1015 fortasse
1561 960 1707 1029 parvi
1742 960 2020 1020 momenti.
2056 973 2123 1014 ne

550 1052 734 1121 pigeat
758 1051 847 1105 hic
870 1052 1152 1117 adnotare,
1179 1066 1363 1106 vocem
1394 1050 1559 1105 Δαϐὶδ
1587 1050 1660 1104 ita
1683 1064 1805 1104 cum
1838 1049 1867 1120 β
1895 1050 1947 1105 in
1975 1049 2124 1118 prius

551 1143 712 1197 editis
740 1143 950 1207 haberi,
975 1158 1114 1213 quos
1142 1145 1307 1196 etiam
1338 1143 1505 1197 secuti
1534 1156 1741 1197 sumus.
1762 1140 1956 1195 Verum
1984 1156 2125 1196 com-

552 1233 791 1304 perimus
818 1236 1010 1287 exinde
1047 1232 1207 1286 Δαυῒδ
1236 1234 1390 1302 vulgo
1422 1249 1450 1287 a
1487 1233 1696 1289 Graecis
1729 1232 1895 1287 scribi
1923 1248 1936 1286 :
1974 1233 2118 1302 quod

554 1336 731 1381 tamen
764 1342 887 1381 raro
921 1327 1275 1385 animadverti
1306 1339 1504 1398 potest,
1549 1329 1673 1403 quia
1705 1343 1919 1395 semper
1949 1329 2001 1381 in
2034 1342 2124 1382 co‘

551 1417 766 1473 dicibus
794 1418 900 1489 Δᾶδ
933 1419 1210 1495 brevitatis
1245 1435 1405 1475 causa
1447 1421 1722 1474 scribitur.
1754 1419 1930 1474 Semel
1964 1422 2124 1493 Δαυῖ-

550 1509 739 1573 τικῶς,
779 1509 1047 1574 Davidice,
1083 1510 1344 1579 scriptum
1380 1511 1698 1580 reperimus.
1742 1510 1809 1565 Et
1836 1511 1890 1565 in
1938 1509 2124 1566 codice

552 1598 723 1670 Regio
753 1600 890 1667 211,
938 1601 1028 1655 ubi
1076 1601 1244 1657 minio
1292 1602 1400 1656 vita
1447 1602 1665 1656 Davidis
1703 1601 2015 1672 depingitur
2068 1600 2121 1655 in

554 1691 768 1747 tabellis
802 1693 901 1747 sub
938 1691 1148 1765 initium
1180 1691 1482 1761 adornatis,
1512 1692 1674 1753 Δαυτδ
1702 1707 1917 1763 semper
1941 1707 2065 1750 cum
2089 1708 2121 1745 υ

553 1784 834 1843 scribitur.

624 1940 712 1995 10.
749 1940 933 1999 Restat
963 1953 1021 1999 ut
1049 1946 1261 2001 erudito
1304 1945 1797 2014 lectoriJ'quorum
1846 1945 2122 2002 codicibus

554 2038 610 2086 et
641 2047 803 2102 opera
834 2036 914 2090 usi
960 2036 1131 2092 simus
1161 2039 1547 2107 signiﬁcemus,
1588 2037 1726 2093 etin
1768 2038 1905 2106 grati
1955 2036 2123 2092 animi

553 2124 893 2195 obsequium,
917 2128 1045 2197 quid
1073 2137 1128 2184 et
1159 2142 1419 2199 quantum
1453 2127 1616 2185 oﬂicii
1646 2144 1676 2183 a
1707 2128 1936 2199 singulis
1968 2143 2126 2184 acce-

550 2217 793 2287 perimus
841 2216 1095 2274 litteratis
1134 2220 1387 2276 omnibus
1414 2222 1506 2291 qui
1538 2222 1592 2276 in
1632 2229 1842 2293 partem
1876 2219 2125 2275 beneficii

552 2308 797 2372 veniunt,
831 2307 1005 2376 palam
1040 2308 1322 2365 facimus.
1356 2308 1518 2364 Prmit
1552 2317 1732 2364 autem
1773 2307 1874 2363 hoc
1920 2308 1973 2361 in
2008 2323 2127 2362 mu-

553 2414 688 2455 nere
728 2398 1054 2456 bibliotheca
1090 2400 1179 2455 illa
1222 2414 1349 2454 vere
1395 2398 1562 2468 Regia
1611 2399 1869 2454 Ludovici
1915 2397 2123 2468 Magni,

555 2490 796 2546 omnium
828 2506 924 2562 per
949 2494 1135 2548 orbem
1175 2494 1530 2564 amplissima,
1560 2493 1705 2548 unde
1735 2492 1802 2546 ad
1833 2490 2123 2551 arbitrium

555 2581 714 2638 nobis
758 2584 973 2638 codices
1018 2584 1195 2641 omnis
1243 2586 1458 2655 generis
1496 2584 1822 2655 suppeditati
1863 2592 1987 2638 sunt
2026 2582 2126 2637 hu-

556 2674 818 2729 manitate
863 2676 996 2731 clar.
1033 2677 1136 2733 viti
1184 2678 1395 2733 abbatis
1442 2678 1519 2733 De
1555 2677 1808 2744 Louvois,
1840 2677 2127 2733 bibliothe-

556 2764 692 2821 carii
727 2767 882 2836 regii,
910 2766 1064 2836 cujus
1092 2768 1355 2838 prolixam
1388 2770 1442 2824 in
1473 2783 1570 2824 nos
1599 2769 1930 2829 voluntatem
1972 2776 2027 2824 et
2071 2768 2126 2823 in

554 2859 805 2918 fovendis
836 2861 1030 2917 studiis
1059 2862 1262 2918 nostris
1293 2861 1626 2932 propositum
1676 2861 1877 2931 passim
1916 2860 2127 2932 experti

556 2965 765 3008 sumus.
812 2952 997 3008 Ollicia
1047 2954 1172 3008 item
1213 2955 1367 3009 nobis
1416 2955 1665 3009 certatim
1710 2953 2125 3025 impenderunt,

556 3043 650 3112 qui
685 3045 983 3100 secundum
1016 3045 1163 3100 illum
1204 3060 1323 3101 eam
1363 3046 1745 3101 bibliothecam
1781 3055 1975 3101 curant
2022 3045 2125 3099 viri

556 3135 909 3193 eruditissimi
941 3137 1271 3193 Clementius
1307 3146 1360 3193 et
1397 3138 1696 3204 Boivinius,
1741 3144 1852 3191 toto
1882 3138 2013 3192 orbe
2041 3136 2130 3191 lit-

554 3229 765 3283 terario
804 3231 1096 3286 notissimi.
1143 3228 1294 3285 Haud
1348 3230 1588 3285 minores
1635 3230 1893 3299 suppetiae
1933 3242 2123 3283 acces-

2224 625 2349 679 m'tis
2380 624 2602 689 nostris.

2294 762 2463 817 Roma
2490 760 2749 815 lectiones
2783 760 3119 830 permultas,
3168 760 3497 831 fragmenta,
3530 760 3794 831 Opuscula

2223 866 2291 907 ex
2358 851 2638 906 codicibus
2684 851 2959 905 Vaticanis
3026 851 3257 919 aliisque
3308 852 3577 922 exscripta
3642 853 3798 908 nobis

2226 942 2527 996 transmisit
2551 942 2799 996 dominus
2845 941 3102 996 Claudius
3146 943 3552 1011 Stephanotius,
3598 958 3797 1012 procu-

2224 1042 2369 1087 rator
2396 1032 2660 1103 generalis
2686 1034 3129 1113 congregationis
3145 1043 3363 1099 nostrae,
3394 1049 3555 1104 opera
3585 1043 3799 1089 ususet

2224 1139 2384 1178 manu
2420 1132 2477 1177 ut
2518 1124 2806 1192 plurimum
2848 1121 3071 1178 Joannis
3107 1124 3379 1192 Guillotii,
3424 1125 3628 1180 sodalis
3671 1124 3785 1191 sui,

2223 1218 2313 1286 qui
2347 1217 2487 1271 haud
2521 1217 2591 1270 ita
2631 1216 2838 1286 pridem
2869 1216 3023 1271 obiit.
3065 1215 3119 1270 ln
3161 1215 3355 1287 Anglia
3385 1232 3515 1271 vero
3540 1217 3793 1285 juvandis

2223 1310 2413 1363 studiis
2441 1309 2640 1364 nostris
2672 1310 2907 1363 intentus
2934 1324 3147 1378 semper
3178 1309 3277 1362 fuit
3309 1309 3393 1362 vir
3422 1310 3716 1379 praselarus
3741 1318 3795 1362 et

2223 1401 2525 1455 eruditione
2570 1401 2896 1469 conspicuus
2934 1398 3171 1455 Jacobus
3216 1400 3436 1467 Millius,
3484 1401 3797 1471 principalis

2223 1492 2434 1562 collegii
2466 1491 2524 1546 S.
2549 1492 2813 1547 Edmundi
2850 1491 3207 1557 Oxoniensis,
3249 1502 3308 1547 ut
3352 1494 3517 1548 variis
3563 1494 3617 1547 in
3665 1494 3801 1548 locis

2222 1585 2512 1639 observare
2568 1584 2798 1653 quisque
2839 1586 3040 1653 poterit
3079 1605 3092 1640 :
3132 1600 3229 1641 nec
3258 1600 3364 1640 non
3390 1585 3515 1653 quid
3546 1584 3799 1639 collatum

2224 1675 2378 1731 nobis
2410 1675 2573 1735 fuerit
2600 1691 2629 1730 a
2661 1676 2792 1732 clar.
2827 1677 2956 1732 viris
2988 1676 3282 1746 Grodecio,
3315 1674 3610 1737 Muratorio
3652 1675 3802 1730 aliis-

2222 1782 2347 1838 que.

2153 1913 2197 1969 Β
2295 1908 2405 1967 Nec
2442 1911 2889 1979 prtetermittendi
2932 1912 3145 1968 silentio
3178 1918 3307 1967 sunt
3343 1908 3665 1974 domestici,
3710 1906 3803 1976 qui

2225 2003 2380 2057 nobis
2418 2002 2679 2059 harumce
2717 2003 3147 2059 lucubrationum
3195 2012 3443 2058 auctores
3482 2009 3537 2056 et
3569 2015 3802 2057 consua-

2224 2108 2373 2149 sores
2404 2094 2573 2161 fuere,
2617 2111 2752 2164 quos
2780 2096 3128 2151 memorando
3166 2096 3251 2150 vix
3289 2110 3319 2149 a
3357 2092 3615 2164 lacrymis
3666 2101 3801 2145 tem-

2224 2198 2512 2255 peramus,
2559 2188 2768 2245 scilicet
2815 2186 2879 2242 D.
2927 2189 3179 2245 Claudius
3226 2187 3488 2244 Martinus
3534 2184 3563 2236 ὁ
3619 2199 3803 2253 pexa-2

2226 2277 2409 2350 ρίτης,
2449 2279 2533 2332 vir
2574 2279 2773 2348 pietate
2820 2288 2874 2335 et
2919 2278 3181 2345 religione
3229 2276 3494 2346 insignis,
3533 2274 3804 2328 litterato-

2227 2389 2345 2430 rum
2372 2373 2423 2428 in
2456 2373 2710 2430 sodalitio
2741 2384 2925 2429 nostro
2958 2382 3236 2441 patronus,
3269 2384 3427 2439 quem
3460 2367 3629 2437 patris
3671 2366 3789 2420 loco

2225 2466 2617 2522 venerabamur
2653 2481 2861 2522 omnes.
2886 2465 2935 2520 Is
2980 2479 3124 2518 anno
3165 2463 3440 2532 praeterito
3490 2457 3791 2524 cmlitibus,

2226 2566 2287 2613 ut
2337 2572 2653 2627 speramus,
2706 2557 2977 2626 ascriptus
3028 2554 3177 2609 fuit:
3222 2552 3308 2607 cui
3356 2551 3500 2606 enim
3534 2549 3638 2604 nisi
3691 2557 3799 2601 tam

2225 2649 2416 2719 probo,
2464 2659 2571 2702 tam
2622 2648 2746 2717 pio,
2796 2662 2918 2703 sors
2968 2644 3057 2701 illa
3096 2642 3415 2700 obvenerit?
3460 2640 3700 2708 Itemque
3736 2637 3799 2692 Ι).

2226 2739 2490 2795 Antonius
2533 2738 2769 2804 Durban,
2818 2735 3202 2793 cmnobiarcha
3247 2741 3448 2795 noster,
3490 2727 3804 2798 nuperrime

2228 2832 2488 2893 sublatus,
2526 2830 2612 2885 vir
2656 2829 2830 2901 frugi,
2879 2827 3099 2898 probus,
3152 2824 3401 2880 litteratis
3441 2829 3800 2891 opportunus,

2229 2921 2451 2991 integris
2499 2919 2739 2974 moribus
2784 2927 2837 2972 ut
2891 2918 3064 2987 prisca
3112 2932 3233 2987 gens
3272 2910 3596 2967 mortalium.
3637 2906 3805 2974 Cujus

2231 3015 2378 3079 obitu
2410 3013 2501 3077 vix
2532 3011 2914 3068 consolabilem
2950 3010 3134 3064 animo
3163 3007 3404 3063 dolorem
3449 3015 3799 3075 caperemus,

2228 3104 2331 3167 nisi
2367 3103 2458 3173 qui
2500 3117 2696 3156 munus
2727 3098 2960 3170 excepit,
2993 3099 3111 3167 pari
3161 3097 3363 3161 animo,
3392 3094 3587 3165 aequali
3621 3092 3804 3149 studio

2227 3204 2283 3250 et
2308 3208 2469 3265 opera
2505 3193 2583 3248 rei
2613 3190 2891 3247 litterariae
2917 3188 3373 3260 patrocinaretur.

557 3332 679 3374 sere
703 3335 769 3375 ex
800 3322 1126 3376 bibliotheca
1155 3321 1343 3378 fausta:
1374 3322 1649 3377 memorize
1676 3321 1775 3375 viri
1810 3320 1942 3375 clar.
1967 3318 2126 3374 Joan-
2149 3320 2195 3378 ϐ
2296 3324 2536 3396 Ingemui
2569 3322 2809 3379 ablatum
2841 3320 2973 3376 mihi
3012 3325 3363 3390 symmystam
3409 3329 3588 3371 meum
3618 3313 3683 3369 ι),
3715 3311 3805 3368 Ja-

557 3408 646 3463 nis
690 3409 843 3479 Bapt.
878 3411 1137 3478 Colberti,
1166 3414 1298 3482 regii
1339 3412 1608 3478 ministri,
1651 3411 1742 3480 qui
1778 3410 1830 3464 in
1873 3424 2027 3464 usum
2068 3418 2126 3465 et

557 3502 899 3556 commodum
940 3502 1276 3571 litterarum,
1318 3505 1583 3574 ingentem
1621 3503 1866 3558 codicum
1907 3502 2014 3555 vim
2058 3517 2124 3556 ex

557 3590 933 3646 remotissimis
966 3601 1123 3647 terrae
1153 3593 1390 3663 partibus
1420 3594 1702 3648 advectam
1733 3592 2123 3650 accumulavit.

557 3679 762 3738 Horum
803 3684 958 3739 nobis
999 3686 1065 3738 ad
1113 3695 1301 3739 nutum
1334 3687 1541 3756 c0piam
1588 3686 1713 3742 fecit
1748 3687 1830 3741 vir
1869 3686 2125 3742 eruditis-

558 3777 730 3829 simus
767 3790 831 3829 ac
875 3776 1056 3831 multis
1099 3778 1404 3833 nominibus
1449 3779 1602 3835 nobis
1645 3779 2127 3848 conjunctissimus

559 3866 867 3936 Stephanus
914 3868 1188 3932 Baluzius,
1237 3884 1394 3939 quem
1445 3870 1655 3940 ignorat
1705 3885 1861 3925 nemo
1896 3870 1990 3940 qui
2034 3868 2125 3923 lit-

558 3966 710 4013 teras
737 3959 900 4012 uorit.
932 3957 1030 4012 llic
1064 3974 1168 4015 non
1200 3959 1475 4014 codicibus
1503 3961 1683 4026 modo,
1710 3976 1893 4016 verum
1921 3970 1973 4015 et
2002 3976 2127 4016 con-

556 4049 695 4105 siliis
736 4067 949 4121 semper
977 4051 1150 4107 adfuit
1184 4054 1512 4123 rogantibus,
1547 4054 1720 4108 sicubi
1764 4068 1850 4108 res
1892 4052 2129 4123 postula-

555 4141 655 4196 vit.
697 4141 897 4197 Grandi
945 4144 1100 4198 nobis
1144 4145 1343 4198 auxilio
1390 4145 1487 4199 fuit
1531 4143 1875 4214 Seguerianae
1921 4144 2120 4199 biblio-

558 4230 727 4285 thecte
758 4233 961 4297 codex,
1010 4233 1359 4288 illustrissimi
1405 4248 1468 4288 ac
1514 4234 1838 4289 nobilissimi
1886 4232 2125 4302 episcopi

556 4320 834 4389 Metensis,
862 4325 953 4394 qui
988 4336 1100 4380 tum
1136 4326 1301 4380 abbas
1328 4326 1618 4380 Coislinius
1649 4326 1921 4389 audiebat,
1960 4341 2126 4396 Opera

554 4423 609 4468 et
641 4416 868 4471 consilio
901 4418 1055 4472 nobis
1086 4419 1403 4473 concrediti.
1431 4417 1531 4485 Qui
1562 4418 1729 4471 codex
1758 4418 1943 4487 quanti
1974 4419 2126 4473 nobis

554 4519 685 4561 usus
729 4505 919 4576 fuerit,
973 4510 1213 4564 advertct
1258 4510 1455 4580 passim
1490 4511 1733 4581 eruditus
1781 4511 1967 4565 lector.
2006 4510 2126 4566 Cte-

532 4606 700 4654 'teros
728 4599 940 4670 longum
966 4611 1110 4657 esset
1134 4590 1583 4664 commemorare,
1606 4618 1831 4671 quorum
1860 4602 1941 4657 vel
1964 4618 2121 4671 opera

2230 3418 2424 3474 cobum
2456 3414 2791 3493 Loppinum,
2823 3412 3039 3482 quicum
3075 3410 3231 3466 initio
3275 3408 3499 3478 hujusce
3547 3406 3806 3463 editionis
3840 3486 3841 3489 η

2227 3508 2485 3563 dabamus
2534 3518 2728 3574 operas
2776 3511 3011 3558 mutuas.
3061 3499 3140 3567 ls,
3181 3499 3399 3555 vixdum
3446 3498 3513 3553 ad
3566 3495 3803 3552 mediam

2225 3600 2384 3670 primi
2421 3598 2552 3652 tomi
2598 3604 2805 3665 partem
2845 3595 3259 3657 deveneramus,
3302 3606 3424 3647 cum
3474 3598 3804 3660 praematura

2227 3692 2402 3739 morte
2426 3683 2706 3752 abreptus,
2733 3681 2864 3736 mihi
2892 3695 3103 3736 summo
3134 3679 3302 3734 dolori
3333 3677 3455 3742 fuit,
3485 3676 3568 3731 vir
3599 3675 3798 3734 Latine

2226 3784 2281 3830 et
2311 3776 2495 3830 Graece
2530 3775 2713 3844 probe,
2746 3772 3011 3827 Hebraice
3043 3770 3277 3842 μετρίως
3309 3766 3571 3832 eruditus,
3600 3767 3655 3820 in
3689 3752 3804 3837 phi-

2227 3868 2515 3937 losophicis
2545 3866 2788 3935 apprime
2822 3873 3067 3920 versatus
3111 3881 3124 3916 :
3158 3862 3415 3917 comitate
3449 3867 3503 3914 et
3533 3856 3802 3913 modestia

2219 3956 2495 4028 jucundus
2528 3955 2820 4013 sodalibus.
2850 3954 2975 4010 Haac
3009 3954 3076 4009 de
3120 3952 3322 4008 nostris
3356 3957 3533 4006 morte
3572 3945 3807 4007 sublatis

2228 4049 2451 4105 dicenda
2483 4047 2637 4108 nobis
2664 4054 2853 4114 erant,

2442 4228 2514 4287 Τὸ
2544 4230 2656 4301 γὰρ
2689 4229 2864 4298 γέρας
2892 4226 3022 4282 ἐστι
3056 4227 3374 4284 θανόντων.

2227 4412 2345 4468 Jam
2377 4413 2442 4468 de
2474 4412 2793 4469 Commelini
2824 4410 3277 4482 Felckmannique
3303 4409 3645 4474 lectionibus,
3678 4423 3806 4467 nec-2

2228 4518 2335 4557 non
2391 4504 2457 4558 de
2510 4504 2784 4559 codicibus
2819 4504 3013 4572 quibus
3067 4502 3149 4558 usi
3196 4516 3382 4557 sumus
3429 4502 3532 4556 hac
3575 4501 3631 4556 in
3682 4501 3802 4555 edi-

2232 4594 2398 4658 tione,
2444 4595 2707 4663 agendum
2754 4595 2909 4649 nobis
2936 4602 3038 4649 est.
3064 4596 3140 4649 Ac
3172 4594 3403 4663 primttm
3435 4592 3625 4648 lectori
3659 4590 3807 4647 Nan-i

554 4690 637 4743 vel
678 4693 955 4747 codicibus
996 4693 1076 4747 usi
1112 4708 1321 4759 sumus,
1357 4694 1490 4748 clar.
1520 4695 1667 4749 viros
1698 4695 2117 4759 Rettattdotitnn,
2151 4661 2198 4717 Β
2226 4685 2323 4751 "ii,
2351 4685 2671 4743 Commelini
2701 4684 3240 4745 elFelemaﬂnihac
3265 4686 3330 4742 de
3356 4699 3416 4741 re
3442 4684 3651 4740 Μοιιὶια
3674 4684 3805 4742 ευιὶτ

556 4777 903 4849 ‘l‘oinardum,
930 4784 1351 4852 Desmarezium,
1382 4783 1496 4838 RR.
1519 4784 1626 4843 PP.
1650 4785 1887 4841 Jcsuitas
1911 4784 2121 4855 collegii

2220 4776 2476 4848 jicienda.

1153 4977 1579 5042 EXCERPTUM
1622 4977 1711 5032 EX
1748 4975 2210 5033 PREFATIONE
2244 4973 2448 5030 PETRI
2488 4972 2721 5028 NANNII
2757 4970 3199 5028 ALCMARIANI.

625 5207 767 5263 Usus
800 5216 979 5263 autem
1022 5222 1140 5263 sum
1192 5209 1365 5267 tribus
1408 5207 1841 5276 exemplaribus,
1892 5221 2120 5275 quorum

552 5302 783 5370 primum
815 5301 1046 5355 cmnobii
1096 5299 1518 5357 Praedicator'um
1577 5298 1949 5351 Basiliensium
1984 5296 2121 5364 fuit,

553 5391 683 5445 adeo
716 5400 1010 5455 vetustum,
1043 5400 1101 5446 ut
1137 5392 1333 5451 litterae
1377 5389 1558 5447 multis
1598 5389 1651 5441 in
1688 5388 1818 5442 locis
1849 5386 2125 5441 exolesce-

553 5486 696 5541 rent,
741 5493 848 5547 quo
886 5479 1175 5549 plurimum
1222 5492 1351 5534 usus
1382 5487 1466 5530 est
1495 5475 1730 5532 Joannes
1772 5474 2120 5534 Rcuchlinus.

554 5568 859 5622 Secundum
898 5570 999 5623 fuit
1029 5570 1227 5626 Justini
1259 5569 1499 5633 Gobleri,
1526 5567 1665 5637 juris
1692 5566 1882 5635 peritia
1913 5574 1963 5618 et
1994 5580 2118 5619 erus

554 5657 751 5714 ditioue
818 5660 1155 5731 linguarum,
1205 5669 1258 5715 et
1314 5659 1633 5729 quibusdam
1693 5656 2117 5711 Demostltenicis

550 5749 719 5805 versis
758 5750 1045 5805 clarissimi
1084 5752 1336 5814 nominis,
1367 5750 1419 5804 id
1451 5761 1666 5819 quoque
1712 5746 1873 5800 nullis
1909 5746 2116 5802 mendis

548 5840 836 5916 vidatum,
890 5842 984 5898 sed
1049 5842 1251 5898 notulis
1301 5841 1597 5910 formisque
1654 5834 2113 5893 abbreviationum

2228 5217 2492 5275 nusquam
2535 5200 2661 5266 alibi
2693 5200 2845 5264 visis,
2889 5200 2963 5260 ita
3001 5196 3233 5265 dillicile,
3262 5204 3321 5251 ut
3352 5197 3533 5266 potius
3573 5211 3637 5255 ex
3674 5212 3801 5264 sett-

2231 5294 2414 5348 tentiis
2439 5293 2627 5359 verba,
2656 5309 2819 5365 quam
2850 5307 2915 5346 ex
2951 5291 3130 5355 verbis
3161 5289 3454 5345 sententias
3483 5289 3796 5349 divinarim.

2229 5381 2470 5449 Tertium
2492 5381 2717 5443 Joannis
2730 5381 3223 5452 ChristOpltorsoni,
3246 5379 3422 5450 Angli,
3441 5380 3800 5446 eruditissimi

2227 5483 2283 5528 et
2330 5474 2661 5543 integerrimi
2714 5475 2833 5540 viri,
2881 5473 3186 5543 graviorum
3237 5482 3516 5527 auctorum
3565 5473 3797 5527 transla-

2226 5565 2369 5621 tione
2399 5566 2658 5636 insignis;
2690 5566 2740 5621 id
2777 5566 2935 5620 simul
2978 5574 3030 5619 et
3064 5565 3403 5618 emendatum
3446 5571 3501 5616 ct
3537 5562 3679 5618 lectu
3715 5563 3798 5619 fas

2224 5657 2327 5711 cile
2349 5666 2403 5711 et
2429 5658 2611 5711 verbis
2644 5657 2709 5710 ad
2750 5656 2964 5726 plenum
2991 5655 3228 5721 scriptis,
3271 5669 3377 5707 non
3415 5654 3486 5706 ita
3525 5653 3796 5723 interpres

2226 5757 2333 5801 tcm
2365 5748 2763 5803 remorabatur.
2804 5746 2864 5799 lli
2902 5756 3013 5800 tres
3040 5744 3325 5798 clarissimi
3360 5745 3459 5798 viri
3494 5745 3560 5797 ad
3596 5746 3796 5799 multos

2223 5853 2393 5893 annos
2434 5838 2564 5892 mihi
2606 5853 2702 5892 sua
2746 5836 3069 5905 exemplaria
3105 5835 3500 5906 patientissimo
3551 5850 3797 5904 connno-
