3998 6516
1204 438 1587 504 ΡΒᾸΣῈΑΤΙΟ,
1619 440 1961 498 EDITIONIS
1998 443 2493 503 BENEDICTINIE.

3344 466 3477 510 XLIII

200 557 465 617 daverunt.
494 566 751 621 quorum
808 555 1192 625 benignitatem
1239 552 1455 610 silentio
1488 555 1613 609 mihi
1652 570 1788 625 prte—
1817 565 1859 624 Α
1890 569 1943 615 et
1995 560 2311 631 Episcopius
2374 559 2757 629 chalcographi
2831 562 3251 631 humanissimi,
3302 570 3475 637 unite:

205 645 585 705 termittenda'm
648 662 767 703 non
838 648 1044 719 putavi.
1094 648 1319 702 Exstant
1365 656 1420 701 et
1482 646 1582 701 alia
1628 650 1786 718 vulgo

205 739 461 797 Athanasii
496 739 683 794 nostri
737 756 942 797 nomen
976 755 1086 812 pm
1121 754 1180 795 se
1212 738 1462 801 ferentia,
1492 754 1521 792 a
1558 739 1788 797 diversis

206 833 573 904 interpretibus
609 832 671 889 in
722 830 989 890 Latinum
1036 832 1305 898 traducta,
1331 845 1452 901 qua:
1492 830 1789 887 Frobenius

1891 667 2103 722 cunque
2149 652 2451 721 conquisita
2511 652 2562 707 in
2605 663 2856 721 quartum
2912 665 3113 710 tomum
3177 672 3475 729 congesse-

1895 754 2040 809 runt,
2088 760 2154 799 ne
2192 746 2319 813 quid
2360 744 2662 800 Athanasio
2702 746 2995 815 ascriptum
3030 749 3155 806 huic
3188 751 3339 822 operi
3379 751 3477 803 do-

1896 845 2062 892 esset.
2104 836 2343 892 Labores
2394 837 2559 908 igitur
2612 847 2831 894 nostros
2892 840 2989 895 tibi
3031 842 3264 907 debitos,
3295 851 3401 897 etc.

649 1062 1097 1124 ΡΒᾸΞΕΑΤΙΟ
1144 1062 1249 1123 AD
1296 1065 1737 1143 LECTOREM
1789 1071 1796 1127 l

1921 1065 2309 1127 EDITIONE
2352 1067 3023 1146 COMMELINIANAR

267 1291 331 1349 Ut
355 1292 524 1359 scias,
558 1294 799 1364 Lector,
844 1298 979 1369 quid
1018 1298 1205 1356 lnhac
1240 1298 1787 1359 Athanasiieditione

209 1390 482 1457 praestitum
519 1391 596 1446 sit
623 1411 636 1446 :

268 1477 531 1550 Principio
575 1481 845 1537 Graecum
907 1493 1106 1540 textum
1142 1494 1301 1541 antea
1352 1502 1623 1556 nunquam
1673 1490 1790 1542 edi-

213 1579 305 1621 tum
347 1571 411 1625 de
446 1571 606 1627 libris
647 1576 1052 1645 manuscriptis
1084 1574 1197 1644 jam
1241 1578 1475 1645 pritnum
1531 1594 1631 1633 nos
1677 1579 1789 1633 edi-

213 1660 383 1715 dimus.
411 1660 473 1714 Et
504 1663 744 1731 quidem
784 1666 869 1719 sic
903 1666 1165 1721 edidimus
1194 1675 1253 1720 ut
1282 1681 1545 1736 perpauca
1589 1669 1788 1735 desint,

213 1762 313 1815 quae
351 1752 591 1807 nondum
627 1755 885 1823 reperire
914 1756 1085 1812 licuit.
1116 1753 1223 1810 Sed
1257 1772 1377 1827 quae
1407 1770 1460 1813 et
1489 1760 1600 1829 ipsa
1636 1776 1795 1830 sepa-

1895 1301 2075 1374 l3l9),
2110 1312 2166 1356 ut
2201 1303 2315 1361 haec
2347 1302 2514 1370 ipsius
2541 1303 2827 1373 scriptoris
2857 1304 3019 1359 verba
3054 1304 3104 1357 in
3142 1303 3246 1360 tlne
3276 1304 3479 1358 codicis

1891 1395 2181 1450 iudicant:
2230 1396 2388 1466 Χειρὶ
2445 1392 2753 1466 ἁμαρτωλῷ
2811 1393 3088 1464 Ῥωμανῷ
3151 1393 3477 1465 ἀναγνώστῃ

1893 1485 2049 1549 ἔτους
2084 1484 2291 1556 ,ς-ωκθζ
2325 1484 2450 1538 Fuit
2501 1487 2545 1539 is
2585 1485 2712 1539 olitn
2746 1484 2944 1540 Justini
2986 1483 3205 1539 Gobleri
3262 1501 3274 1535 ε
3334 1500 3478 1537 nunc

1892 1579 2046 1645 Cujus
2091 1580 2160 1631 sit
2200 1577 2436 1632 nondum
2472 1576 2812 1645 exploratum
2864 1576 3148 1639 habemus,
3178 1590 3301 1628 cum
3336 1575 3507 1628 inter

1898 1686 1983 1725 res
2028 1668 2249 1727 Hieron.
2296 1668 2614 1725 Commelini
2668 1675 2914 1735 repertus
2952 1666 3025 1720 sit
3063 1664 3209 1719 nullo
3262 1679 3479 1736 posses-

1898 1763 2036 1818 soris
2089 1762 2306 1817 nomine
2341 1760 2569 1829 adjecto.
2617 1759 2882 1813 Caeterum
2922 1773 3049 1813 vere
3088 1757 3152 1811 de
3191 1758 3291 1819 hoc
3342 1756 3477 1811 serio.

214 1839 325 1894 ratis
353 1843 583 1913 pagellis
632 1848 885 1910 edituri,
926 1858 985 1903 et
1008 1851 1074 1904 ad
1114 1851 1379 1922 reliquum
1422 1867 1557 1921 opus
1599 1854 1791 1923 adjun-
1825 1879 1865 1933 Β
1898 1855 2025 1909 bere
2076 1852 2239 1922 potuit
2294 1850 2534 1906 Nannius
2582 1850 2710 1923 (qui
2747 1867 2811 1905 eo
2853 1859 2909 1904 ut
2947 1860 3001 1905 et
3048 1846 3478 1920 praecedentibus

214 1933 331 1986 ctuti
362 1948 572 1999 sumus,
604 1936 653 1988 si
712 1937 942 2005 quando
974 1939 1114 1992 nacti
1167 1938 1457 2004 fuerimus,
1509 1941 1575 1993 ad
1627 1956 1789 2009 quam

216 2040 308 2077 rem
348 2035 405 2080 ut
437 2026 601 2085 nobis
648 2030 983 2098 adjumento
1012 2032 1122 2087 sint
1156 2032 1249 2103 qui
1298 2040 1547 2103 possunt,
1591 2033 1791 2102 publici

217 2118 456 2174 commodi
510 2134 735 2185 causa,
791 2122 1141 2178 vehementer
1189 2124 1353 2179 etiam
1420 2132 1580 2192 atque
1627 2126 1798 2179 etiam.

216 2220 459 2276 rogamus.
505 2210 730 2267 Deinde
772 2210 1027 2266 Latinam
1062 2214 1365 2268 versionem
1414 2212 1639 2277 Nannii,
1676 2214 1792 2267 ubi-

216 2312 400 2368 cunque
438 2316 563 2355 cam
628 2301 935 2356 habuimus
980 2304 1247 2373 integram
1284 2312 1339 2358 et
1386 2304 1533 2358 nullo
1572 2319 1793 2373 prorsus

216 2390 344 2458 apice
389 2402 673 2448 mutatam
727 2394 928 2452 Graeco
964 2396 1234 2450 contextui
1281 2410 1311 2449 e
1373 2396 1589 2465 regione
1637 2396 1790 2450 addi-

216 2481 386 2546 dimus,
418 2494 477 2538 ut
521 2486 602 2539 de
650 2484 775 2554 ejus
809 2486 1124 2557 integritate
1172 2488 1439 2558 integrum
1476 2490 1671 2559 cuique
1717 2488 1795 2543 le-

216 2575 326 2627 etori
351 2574 632 2644 judicium
666 2576 1101 2646 relinqueretur.
1136 2578 1434 2633 llabuimus
1460 2590 1640 2635 autem
1671 2595 1791 2634 ver-

216 2668 391 2725 sionem
420 2671 635 2727 Narmii
688 2682 804 2729 toto
841 2683 985 2729 lomo
1027 2679 1221 2745 primo,
1263 2679 1448 2746 paucis
1490 2678 1645 2733 lineis
1686 2678 1789 2733 7l6

218 2769 260 2811 et
292 2761 385 2816 828
415 2765 708 2832 exceptis,
745 2779 886 2835 quas
916 2764 1026 2831 ille,
1062 2767 1336 2822 nescimus
1360 2782 1476 2841 qua
1520 2769 1585 2823 de
1625 2783 1789 2823 causa

220 2867 301 2907 non
331 2866 719 2913 converterat.
769 2858 943 2913 Tomo
993 2874 1123 2915 vero
1166 2860 1424 2926 secundo,
1470 2859 1559 2915 ubi
1601 2859 1791 2916 Nannii

219 2948 366 3001 versio
401 2948 580 3018 plane
623 2949 851 3014 defecit,
900 2950 953 3004 in
1004 2952 1323 3020 quihusdam
1374 2952 1647 3022 opusculis
1692 2968 1791 3006 an-

218 3037 368 3105 tiquas
427 3040 661 3095 Erasmi
734 3040 1123 3108 Roterodami,
1172 3042 1399 3099 Joannis
1470 3045 1794 3117 lteuchlini,

216 3125 408 3186 Joannis
435 3131 725 3198 Curlerii,
754 3144 810 3187 et
842 3134 1069 3190 aliorum
1104 3136 1382 3190 doctorum
1412 3136 1651 3191 virorum
1680 3153 1794 3192 ver-

218 3220 367 3275 siones
415 3223 784 3279 ascivimus:
843 3224 896 3277 in
953 3226 1221 3295 plerisque
1289 3236 1467 3280 autem
1532 3227 1793 3282 hactenus

218 3313 421 3367 nondum
470 3317 655 3370 versis
691 3330 864 3372 novas
903 3318 1176 3372 versiones
1210 3318 1451 3373 studiose
1483 3318 1654 3373 factas
1700 3320 1793 3373 ad-

220 3400 496 3469 tribuimus,
534 3412 593 3458 et
640 3400 832 3458 itidem
872 3418 1061 3459 omnes
1109 3402 1299 3459 Graeco
1337 3404 1611 3458 contextui
1646 3418 1675 3457 e
1712 3418 1794 3457 re-

217 3494 351 3560 gione
373 3496 768 3566 apposuimus,
802 3502 1163 3565 praeterquam
1197 3496 1252 3550 in
1286 3511 1393 3550 uno
1420 3494 1681 3565 opusculo
1718 3493 1794 3549 De

218 3588 443 3648 passione
472 3588 728 3658 imaginis
758 3586 977 3641 Domini
1004 3588 1168 3641 nostri
1195 3586 1324 3641 Iesu
1358 3585 1587 3655 Christi,
1608 3587 1659 3639 in
1691 3601 1796 3656 quo

216 3672 374 3732 Graeca
424 3676 788 3744 exemplaria,
828 3690 1003 3745 neque
1054 3676 1194 3730 inter
1243 3690 1382 3741 sese,
1436 3690 1610 3744 neque
1658 3690 1782 3730 cum

218 3762 408 3822 Latinis
476 3769 893 3833 congruebant,
949 3766 1019 3820 ibi
1074 3768 1183 3821 duo
1234 3767 1429 3822 Graeca
1477 3767 1620 3821 inter
1672 3782 1794 3822 sese

217 3858 613 3928 conjunximus,
658 3858 919 3913 Latinum
987 3874 1151 3911 unum
1204 3857 1621 3927 subjunximus:
1668 3858 1796 3922 rati,

220 3954 410 4016 gratius
452 3951 573 4006 fore
606 3951 834 4018 lectori,
876 3950 922 4004 si
957 3950 1095 4020 legat
1136 3950 1245 4016 illa,
1286 3949 1464 4021 qualia
1507 3951 1558 4004 in
1603 3950 1796 4004 biblio-

223 4044 375 4099 thecis
406 4043 655 4110 antiquis
699 4043 1069 4112 reperiantur,
1114 4056 1272 4112 quam
1312 4041 1492 4110 qualia
1528 4056 1558 4095 a
1611 4056 1798 4096 recen-

222 4134 350 4188 tibus
378 4135 875 4204 interpolatoribus
911 4134 1163 4188 adornari
1198 4142 1437 4203 possent.

280 4225 451 4280 Porro
477 4226 529 4278 in
558 4224 769 4280 Graecis
808 4224 1140 4279 excudendis
1174 4224 1253 4277 usi
1300 4239 1486 4278 sumus
1524 4222 1801 4293 exempla-

223 4316 366 4371 ribus
398 4316 791 4385 manuscriptis
823 4315 945 4385 plus
972 4331 1131 4385 quam
1166 4315 1355 4385 viginti
1384 4332 1398 4369 :
1437 4330 1666 4384 quorum
1701 4329 1801 4368 un-

224 4408 389 4463 decim
417 4412 483 4464 ad
514 4420 723 4464 tomum
774 4410 1010 4480 primum
1046 4408 1340 4476 pertinent,
1382 4408 1576 4478 reliqui
1614 4407 1681 4463 ad
1715 4421 1803 4463 se-

225 4500 470 4553 cundum.
500 4500 718 4555 Primus
751 4500 950 4563 codex,
996 4500 1150 4569 isque
1193 4499 1593 4555 vetustissimus
1630 4499 1803 4569 (ideo-

227 4604 325 4659 que
349 4590 489 4645 lectu
537 4588 931 4661 perdifﬁcilis),
978 4589 1214 4658 optimus
1252 4601 1307 4645 et
1354 4589 1443 4659 qui
1493 4589 1645 4658 plura
1679 4588 1802 4642 reli-

228 4682 342 4751 quis
388 4684 647 4738 omnibus
696 4683 902 4749 habet,
950 4692 1032 4738 est
1082 4682 1387 4737 Academiae
1454 4682 1798 4746 Basiliensis,

229 4774 347 4827 olim
388 4774 601 4843 collegii
644 4774 1071 4829 Praedicatorum
1120 4774 1285 4839 ibid.,
1333 4775 1384 4827 in
1425 4789 1533 4842 quo
1578 4784 1801 4843 praeter-

231 4878 379 4929 quam
413 4864 558 4934 quod
594 4864 737 4917 inter
767 4862 947 4917 media
992 4862 1273 4918 Athanasii
1301 4878 1465 4933 opera
1496 4878 1598 4918 non
1632 4877 1802 4932 pauca

233 4952 426 5007 inserta
468 4964 603 5008 sunt
632 4968 755 5023 quae
784 4952 853 5006 ad
890 4953 1174 5007 historiam
1206 4954 1398 5023 synodi
1430 4951 1659 5009 Nicaeum
1680 4969 1803 5023 per-

237 5047 413 5113 tinent,
459 5048 629 5101 multa
670 5061 892 5117 quoque
940 5047 1289 5101 continentur
1340 5044 1527 5116 Cyrilli
1566 5047 1804 5102 Alexan-

238 5135 386 5201 drini,
418 5135 749 5193 Theodoreti
782 5148 841 5191 et
874 5134 1195 5191 Damasceni
1235 5138 1519 5203 hactenus,
1553 5139 1638 5191 vel
1669 5154 1807 5190 nuu-

240 5240 399 5293 quam,
424 5230 516 5283 vel
539 5240 691 5285 certe
734 5228 932 5284 Latine
977 5237 1181 5282 tantum
1212 5229 1377 5282 edita.
1410 5226 1693 5283 Secundus
1725 5235 1810 5282 est

242 5318 423 5391 collegii
472 5321 530 5376 S.
562 5321 860 5375 Trinitatis
895 5321 948 5375 in
995 5320 1283 5375 Academia
1331 5319 1802 5391 Cantabrigiensi,

241 5408 350 5463 olim
394 5411 452 5466 Β.
481 5412 718 5467 Joannis
767 5411 1280 5481 Cbristopborsoni,
1328 5424 1489 5481 quem
1545 5411 1601 5465 in
1650 5409 1808 5466 italia

1832 4632 1879 4685 Β

1892 1946 2102 2003 duobus
2135 1962 2263 2002 usus
2302 1944 2426 2016 eat),
2457 1960 2578 1999 eum
2608 1944 2808 1999 notulis
2850 1943 3145 2012 fonnisque
3192 1940 3497 1995 abbreviar

1894 2038 2097 2092 tionum
2151 2050 2412 2105 nusquam
2448 2033 2576 2089 alibi
2612 2033 2739 2088 visis
2785 2033 2857 2086 ita
2910 2030 3181 2085 ditlicilem
3233 2044 3376 2090 esse,
3416 2034 3472 2079 ut

1890 2130 2069 2197 potius
2102 2144 2166 2181 ex
2202 2126 2488 2183 sententiis
2530 2125 2693 2180 verba
2722 2138 2885 2195 quam
2915 2138 2982 2177 ex
3035 2120 3217 2188 verbis
3251 2129 3469 2180 senten-

1891 2219 1980 2271 tia:
2024 2215 2325 2270 divinanda:
2372 2216 2470 2285 ipsi
2506 2214 2723 2277 fuerint,
2758 2212 3055 2283 comperiet
3097 2212 3329 2281 quisque
3380 2208 3467 2263 cui

1892 2308 1938 2363 is
1966 2308 2090 2363 olim
2121 2308 2172 2361 in
2208 2323 2397 2361 manus
2439 2306 2667 2361 venerit.
2695 2304 2792 2361 Ubi
2830 2315 3005 2358 tamen
3063 2303 3248 2357 mirari
3281 2300 3465 2364 subit,

1890 2400 2018 2470 quid
2057 2399 2269 2453 tandem
2306 2413 2482 2453 causa:
2520 2396 2699 2463 fuerit,
2732 2412 2828 2450 cur
2857 2396 2997 2449 lnmc
3041 2395 3221 2465 potius
3252 2400 3471 2448 secutus

1892 2493 1980 2559 sit,
2010 2509 2131 2547 cum
2168 2492 2379 2546 illorunt
2412 2491 2694 2559 utriusque
2736 2490 2898 2544 lectio
2932 2490 3087 2557 longe
3120 2488 3189 2542 sit
3239 2485 3483 2553 facilior.

1892 2585 2309 2642 Observavimus
2347 2584 2491 2639 enim
2537 2583 2589 2638 in
2635 2582 2958 2638 lectionibus
2990 2580 3238 2635 codicum
3272 2579 3471 2633 discre-

1892 2676 2142 2746 pantibus
2182 2675 2430 2730 Latinam
2461 2674 2652 2729 Naunii
2696 2675 2998 2730 versionem
3038 2688 3159 2727 cum
3195 2672 3351 2726 istius
3386 2686 3471 2726 co-

1893 2768 2028 2823 dicis
2068 2768 2300 2823 lectione
2341 2782 2478 2838 pene
2527 2782 2621 2837 per
2648 2766 2829 2820 omnia
2870 2765 3200 2821 consentire.
3234 2764 3471 2829 Quartus

1891 2865 2049 2923 vetus
2082 2871 2184 2910 non
2215 2864 2317 2920 est,
2362 2869 2460 2910 nec
2489 2872 2517 2908 a
2553 2852 2743 2911 Graeca
2776 2868 2936 2907 manu
2970 2861 3259 2925 exaratus,
3282 2849 3473 2906 Goble-

1896 2949 2032 3002 riani
2085 2948 2290 3018 absque
2332 2946 2494 3005 dubio
2531 2945 2899 3015 descriptum,
2944 2958 3067 2998 cum
3106 2958 3214 3021 quo
3260 2941 3469 3013 (paucis

1894 3040 2026 3107 locis
2055 3048 2109 3093 et
2148 3024 2352 3092 mendis
2381 3035 2731 3106 dcscriptoris
2768 3034 3036 3105 exceptis)
3084 3034 3297 3104 punitus
3339 3048 3471 3087 con-

1894 3130 2085 3201 sentit,
2106 3130 2241 3185 adeo
2270 3140 2329 3182 ut
2356 3129 2579 3188 totidem
2607 3140 2822 3195 quoque
2851 3135 2906 3179 et
2945 3126 3162 3179 eosdem
3208 3125 3374 3178 libros
3406 3138 3472 3180 ac

1894 3221 2081 3277 eodem
2108 3220 2299 3274 ordine
2325 3234 2445 3273 cum
2474 3232 2539 3273 eo
2564 3218 2854 3287 dispositos
2878 3215 3092 3279 habeat,
3124 3214 3311 3269 incerti
3342 3228 3479 3283 vero,

1864 3306 1865 3337 έ
1897 3311 2139 3368 dominii.
2172 3311 2401 3377 Quintus
2439 3308 2576 3363 bene
2624 3316 2897 3370 vetustus,
2945 3306 3185 3374 elegans,
3220 3304 3485 3375 obscuris.

1898 3415 2073 3461 tamen
2118 3412 2171 3459 et
2205 3401 2551 3459 creberrimis
2594 3400 3066 3457 abbreviationum
3116 3397 3257 3465 notis
3295 3394 3469 3467 refer-

1897 3508 2018 3561 tus,
2065 3498 2292 3566 ideoque
2344 3495 2607 3551 difficilior
2648 3512 2665 3549 :
2714 3494 2912 3549 bonam
2978 3506 3190 3567 quoque
3248 3503 3484 3563 operum.

1896 3589 2179 3645 Athanasii
2242 3597 2447 3659 partem
2509 3586 2783 3650 continet,
2846 3586 2939 3651 sed
3002 3594 3052 3642 et
3114 3584 3227 3653 ipse
3279 3580 3486 3656 ἄδηλον,

1898 3679 2101 3750 κτῆμα.
2129 3676 2351 3741 Textus,
2402 3686 2586 3733 nostro
2626 3676 2848 3745 judicio,
2884 3675 3237 3732 centesimum
3271 3688 3471 3726 annum

1898 3784 2004 3823 non
2035 3776 2275 3839 superat.
2305 3768 2537 3851 eleganti
2570 3782 2633 3821 ac
2677 3766 2922 3835 aequabili
2972 3764 3259 3832 scriptura,
3293 3762 3474 3815 minus

1899 3868 2079 3915 tamen
2115 3869 2403 3916 accuratus
2446 3868 2510 3914 et»
2545 3873 2712 3929 pauca
2761 3872 2973 3929 quoque
3007 3855 3267 3926 Opuscula
3321 3868 3496 3914 coma

1898 3954 2155 4024 plectens.
2206 3951 2477 4023 Septimus
2518 3935 2579 4007 et.
2619 3943 2841 4007 octavus
2892 3936 3131 4018 ejusdem
3184 3950 3395 4013 aetatis,
3442 3962 3480 4005 tt

1900 4047 2107 4101 diversa
2146 4055 2323 4100 tamen
2362 4058 2559 4099 manu:
2598 4041 2890 4097 illesolam
2923 4043 3224 4115 orationem
3260 4041 3475 4094 tertiam

1900 4146 2087 4191 contra
2112 4138 2345 4192 Arianos
2365 4126 2828 4207 comprehendens
2856 4152 2869 4189 :
2899 4135 2985 4191 hic
3010 4142 3245 4204 quatuor
3270 4132 3477 4209 priores

1900 4238 1953 4283 et
1982 4243 2181 4298 paucas
2213 4228 2474 4297 quasdam
2504 4228 2655 4293 alias,
2686 4228 2934 4284 similiter
2962 4225 3245 4281 ἀδέσποτοι
3271 4230 3323 4277 et
3356 4222 3472 4285 isti;

1901 4320 2351 4391 quemadmodum
2399 4320 2561 4383 etiam
2596 4336 2769 4376 nonus
2812 4330 2867 4375 et
2905 4320 3184 4373 decimus:
3220 4313 3477 4385 quiquia

1901 4414 2185 4481 admodum
2220 4422 2466 4469 recentes
2508 4422 2653 4479 sunt,
2686 4426 2750 4467 ac
2788 4427 2882 4482 per
2913 4412 3095 4467 omnia
3131 4407 3335 4463 similes
3373 4405 3485 4458 Ba-i

1902 4504 2125 4568 siliensi,
2154 4519 2217 4558 ex
2256 4518 2329 4559 eo
2359 4504 2607 4572 descripti
2636 4503 2907 4557 videntur.
2940 4499 3296 4557 Undecimum
3325 4510 3497 4552 coma

1907 4594 2197 4648 municavit
2236 4594 2389 4649 nobis
2426 4608 2492 4648 ex
2530 4594 2854 4649 bibliotheca
2894 4590 3196 4661 Augustina
3230 4588 3310 4658 vit;
3340 4583 3498 4655 clar.

1907 4683 2074 4736 David
2128 4682 2486 4737 Hoescbelius.
2538 4682 2793 4736 Continet
2858 4682 2905 4735 is
2964 4686 3162 4750 praeter
3221 4673 3479 4759 opuscula

1906 4773 2148 4843 qumdam
2182 4787 2301 4841 quae
2331 4774 2383 4827 in
2417 4782 2546 4827 tom.
2572 4771 2616 4825 ll
2650 4771 2845 4841 rejecta
2880 4763 3029 4837 sunt,
3058 4768 3483 4836 Disputationem

1913 4862 2192 4916 Athanasii
2238 4877 2356 4915 cum
2405 4860 2531 4914 Aria
2582 4860 2771 4915 Nicaza:
2820 4860 3081 4915 habitam.
3132 4856 3484 4925 Conscriptus

1908 4967 2040 5007 vero
2067 4966 2151 5007 est
2182 4952 2250 5007 ab
2276 4948 2503 5007 Andrata
2533 4952 2811 5008 Dermario
2841 4952 3130 5021 Epidaurio
3157 4964 3299 5004 anno
3324 4948 3483 5007 158$.

1914 5044 2174 5100 Venetiis.
2222 5043 2290 5097 Et
2325 5046 2439 5099 hzec
2488 5044 2704 5112 quidem
2739 5043 2807 5098 de
2838 5042 3136 5107 codicibus,
3185 5038 3383 5108 quibus
3430 5037 3484 5090 in

1910 5136 2084 5208 primo
2123 5148 2266 5193 tomo
2314 5136 2394 5190 usi
2433 5151 2643 5191 sumus.
2688 5133 2823 5191 Nam
2865 5135 2931 5188 ad
2973 5132 3271 5189 secundum
3323 5130 3485 5183 ador-

1912 5230 2147 5283 nandum
2188 5243 2324 5298 pene
2361 5229 2491 5283 solis
2518 5227 2794 5282 codicibus
2828 5225 3075 5281 biblioth.
3112 5222 3284 5276 Palat.
3315 5219 3486 5288 adjuti

1910 5334 2119 5384 sumus,
2148 5328 2373 5389 excepto
2410 5335 2515 5374 uno
2548 5328 2711 5389 atque
2744 5318 2937 5382 altero,
2970 5316 3058 5387 qui
3101 5330 3163 5369 ex
3200 5310 3369 5366 Gallia
3416 5310 3501 5362 ad-

1912 5428 2010 5468 nos
2044 5411 2236 5482 perlati
2272 5417 2511 5477 luerunt,
2538 5413 2603 5465 de
2630 5411 2828 5481 quibus
2859 5410 3167 5463 monuimus
3199 5401 3358 5457 initio
3391 5415 3488 5455 cu-

241 5513 415 5570 magno
442 5505 622 5575 pretio
642 5503 779 5559 olim
808 5512 1111 5570 coemerat;
1142 5503 1235 5573 qui
1270 5512 1329 5557 ut
1357 5506 1699 5572 praecedente
1727 5512 1813 5559 est
1906 5505 2100 5576 jusque
2123 5505 2385 5575 opusculi,
2412 5504 2546 5559 etin
2578 5501 2744 5557 variis
2773 5500 3113 5556 lectionibus.

240 5600 504 5664 recentior,
542 5600 620 5654 ita
663 5598 839 5653 etiam
872 5596 1082 5651 facilior
1111 5607 1225 5661 est,
1273 5612 1338 5651 ac
1374 5598 1551 5653 minus
1584 5612 1809 5652 accura-

238 5694 325 5743 tus.
369 5689 590 5748 Tertius
623 5692 736 5746 hoc
773 5705 884 5745 non
921 5690 1079 5759 paulo
1111 5692 1370 5745 vetustior
1406 5701 1487 5745 est
1530 5711 1541 5745 :
1578 5691 1811 5760 scriptus

232 5793 438 5853 namque
486 5794 572 5840 est
618 5784 776 5838 circa
831 5797 1031 5837 annum
1066 5783 1250 5837 mttndi
1297 5781 1460 5846 6829,
1511 5783 1808 5837 secundum

226 5866 515 5931 Graecorum
587 5870 1019 5942 chronologiam
1085 5874 1217 5946 (hoc
1277 5883 1358 5931 est
1416 5888 1558 5931 anno
1594 5873 1810 5948 ‘Cht‘isii

1981 5599 2270 5660 Caeterum,
2316 5595 2441 5666 quia
2474 5594 2526 5649 in
2573 5603 2651 5649 tot
2699 5592 2975 5648 codicibus
3008 5602 3137 5643 mss.
3167 5587 3341 5657 major
3370 5597 3500 5642 erat.

1912 5689 2148 5743 varietas
2179 5686 2555 5755 scriptionum,
2584 5696 2745 5752 quam
2776 5689 2833 5733 ut
2877 5692 2982 5731 una
3025 5687 3280 5747 perpetua
3322 5676 3489 5730 lectio

1914 5778 2211 5835 indubitata
2248 5776 2370 5829 inde
2400 5778 2516 5830 erui
2550 5780 2765 5843 posset,
2808 5783 2875 5823 ne
2920 5769 3003 5823 vel
3054 5768 3359 5839 reipubliczn
3397 5782 3488 5820 er-

1916 5872 2251 5937 clcsiasticae,
2300 5870 2378 5924 vel
2415 5868 2539 5929 tuis.
2593 5863 2832 5936 quisquis
2863 5880 2954 5933 es,
3008 5864 3093 5933 pie
3138 5864 3327 5929 lector,
3377 5876 3487 5939 prii
