  <div class='ocr_page' id='page_1' title='image "/cluster/home/n/w/nwhite01/storage/ocr_20150623/25/hvd.32044004972428/049.png"; bbox 0 0 3998 6512; ppageno 0'>
   <div class='ocr_carea' id='block_1_1' title="bbox 509 434 634 485">
    <p class='ocr_par' dir='ltr' id='par_1_1' title="bbox 509 434 634 485">
     <span class='ocr_line' id='line_1_1' title="bbox 509 434 634 485; baseline 0 -8"><span class='ocrx_word' id='word_1_1' title='bbox 509 434 634 485; x_wconf 76' lang='grc' dir='ltr'><strong>ιιιν</strong></span> 
     </span>
    </p>
   </div>
   <div class='ocr_carea' id='block_1_2' title="bbox 1867 430 2396 488">
    <p class='ocr_par' dir='ltr' id='par_1_2' title="bbox 1867 430 2396 488">
     <span class='ocr_line' id='line_1_2' title="bbox 1867 430 2396 488; baseline 0.008 -5"><span class='ocrx_word' id='word_1_2' title='bbox 1867 430 2396 488; x_wconf 82' lang='lat' dir='ltr'><strong>PROLEGOMENA.</strong></span> 
     </span>
    </p>
   </div>
   <div class='ocr_carea' id='block_1_3' title="bbox 509 542 3745 610">
    <p class='ocr_par' dir='ltr' id='par_1_3' title="bbox 509 542 3745 610">
     <span class='ocr_line' id='line_1_3' title="bbox 509 542 3745 610; baseline 0.002 -14"><span class='ocrx_word' id='word_1_3' title='bbox 509 542 651 597; x_wconf 82' lang='lat' dir='ltr'><strong>vatis</strong></span> <span class='ocrx_word' id='word_1_4' title='bbox 687 542 880 597; x_wconf 85' lang='lat' dir='ltr'><strong>studiis</strong></span> <span class='ocrx_word' id='word_1_5' title='bbox 922 543 1263 609; x_wconf 90' lang='lat' dir='ltr'><strong>deessemus,</strong></span> <span class='ocrx_word' id='word_1_6' title='bbox 1306 546 1485 603; x_wconf 88' lang='lat' dir='ltr'><strong>varias</strong></span> <span class='ocrx_word' id='word_1_7' title='bbox 1537 548 1795 603; x_wconf 73' lang='lat' dir='ltr'><strong>lectiones</strong></span> <span class='ocrx_word' id='word_1_8' title='bbox 1834 548 2076 603; x_wconf 89' lang='lat' dir='ltr'><strong>codicum</strong></span> <span class='ocrx_word' id='word_1_9' title='bbox 2106 553 2155 610; x_wconf 71' lang='grc' dir='ltr'>Α</span> <span class='ocrx_word' id='word_1_10' title='bbox 2184 547 2556 602; x_wconf 81' lang='lat' dir='ltr'><strong>tantummodo</strong></span> <span class='ocrx_word' id='word_1_11' title='bbox 2589 546 2867 603; x_wconf 78' lang='lat' dir='ltr'><strong>Athanasii</strong></span> <span class='ocrx_word' id='word_1_12' title='bbox 2900 545 3107 603; x_wconf 88' lang='lat' dir='ltr'><strong>Latinis</strong></span> <span class='ocrx_word' id='word_1_13' title='bbox 3144 547 3471 603; x_wconf 89' lang='lat' dir='ltr'><strong>editionibns</strong></span> <span class='ocrx_word' id='word_1_14' title='bbox 3507 553 3745 602; x_wconf 82' lang='lat' dir='ltr'><strong>exstant.</strong></span> 
     </span>
    </p>
   </div>
   <div class='ocr_carea' id='block_1_4' title="bbox 507 632 2074 709">
    <p class='ocr_par' dir='ltr' id='par_1_4' title="bbox 507 632 2074 709">
     <span class='ocr_line' id='line_1_4' title="bbox 507 632 2074 709; baseline 0.001 -18"><span class='ocrx_word' id='word_1_15' title='bbox 507 632 819 691; x_wconf 72' lang='lat' dir='ltr'><strong>Graecorum</strong></span> <span class='ocrx_word' id='word_1_16' title='bbox 855 651 959 690; x_wconf 92' lang='lat' dir='ltr'><strong>non</strong></span> <span class='ocrx_word' id='word_1_17' title='bbox 998 646 1204 691; x_wconf 90' lang='lat' dir='ltr'><strong>tantum</strong></span> <span class='ocrx_word' id='word_1_18' title='bbox 1239 638 1583 709; x_wconf 87' lang='lat' dir='ltr'><strong>scrupulose,</strong></span> <span class='ocrx_word' id='word_1_19' title='bbox 1614 641 1707 693; x_wconf 89' lang='lat' dir='ltr'><strong>sed</strong></span> <span class='ocrx_word' id='word_1_20' title='bbox 1747 654 1885 709; x_wconf 86' lang='lat' dir='ltr'><strong>pene</strong></span> <span class='ocrx_word' id='word_1_21' title='bbox 1912 640 2074 694; x_wconf 90' lang='lat' dir='ltr'><strong>etiam</strong></span> 
     </span>
    </p>
   </div>
   <div class='ocr_carea' id='block_1_5' title="bbox 509 728 2077 801">
    <p class='ocr_par' dir='ltr' id='par_1_5' title="bbox 509 728 2077 801">
     <span class='ocr_line' id='line_1_5' title="bbox 509 728 2077 801; baseline 0.002 -19"><span class='ocrx_word' id='word_1_22' title='bbox 509 728 879 796; x_wconf 79' lang='lat' dir='ltr'><strong>superstitiose</strong></span> <span class='ocrx_word' id='word_1_23' title='bbox 907 730 1148 784; x_wconf 84' lang='lat' dir='ltr'><strong>adnotari</strong></span> <span class='ocrx_word' id='word_1_24' title='bbox 1181 745 1303 785; x_wconf 89' lang='lat' dir='ltr'><strong>cum</strong></span> <span class='ocrx_word' id='word_1_25' title='bbox 1334 731 1525 801; x_wconf 81' lang='lat' dir='ltr'><strong>elogiis</strong></span> <span class='ocrx_word' id='word_1_26' title='bbox 1556 730 1860 796; x_wconf 83' lang='lat' dir='ltr'><strong>Athanasii,</strong></span> <span class='ocrx_word' id='word_1_27' title='bbox 1895 747 1958 786; x_wconf 88' lang='lat' dir='ltr'><strong>ac</strong></span> <span class='ocrx_word' id='word_1_28' title='bbox 1992 747 2077 785; x_wconf 80' lang='lat' dir='ltr'><strong>re-</strong></span> 
     </span>
    </p>
   </div>
   <div class='ocr_carea' id='block_1_6' title="bbox 508 818 2074 891">
    <p class='ocr_par' dir='ltr' id='par_1_6' title="bbox 508 818 2074 891">
     <span class='ocr_line' id='line_1_6' title="bbox 508 818 2074 891; baseline 0.003 -20"><span class='ocrx_word' id='word_1_29' title='bbox 508 818 688 888; x_wconf 87' lang='lat' dir='ltr'><strong>liquiis</strong></span> <span class='ocrx_word' id='word_1_30' title='bbox 726 830 782 875; x_wconf 86' lang='lat' dir='ltr'><strong>et</strong></span> <span class='ocrx_word' id='word_1_31' title='bbox 830 819 1139 889; x_wconf 79' lang='lat' dir='ltr'><strong>fragmentis</strong></span> <span class='ocrx_word' id='word_1_32' title='bbox 1184 822 1460 891; x_wconf 86' lang='lat' dir='ltr'><strong>ejusdem,</strong></span> <span class='ocrx_word' id='word_1_33' title='bbox 1507 822 1647 876; x_wconf 90' lang='lat' dir='ltr'><strong>inter</strong></span> <span class='ocrx_word' id='word_1_34' title='bbox 1703 823 2074 877; x_wconf 72' lang='lat' dir='ltr'><strong>excutiendum</strong></span> 
     </span>
    </p>
   </div>
   <div class='ocr_carea' id='block_1_7' title="bbox 507 909 2071 985">
    <p class='ocr_par' dir='ltr' id='par_1_7' title="bbox 507 909 2071 985">
     <span class='ocr_line' id='line_1_7' title="bbox 507 909 2071 985; baseline 0.004 -21"><span class='ocrx_word' id='word_1_35' title='bbox 507 909 717 966; x_wconf 87' lang='lat' dir='ltr'><strong>diverso</strong></span> <span class='ocrx_word' id='word_1_36' title='bbox 752 921 989 979; x_wconf 88' lang='lat' dir='ltr'><strong>tempore</strong></span> <span class='ocrx_word' id='word_1_37' title='bbox 1021 914 1246 983; x_wconf 81' lang='lat' dir='ltr'><strong>repertis</strong></span> <span class='ocrx_word' id='word_1_38' title='bbox 1272 913 1544 984; x_wconf 90' lang='lat' dir='ltr'><strong>conjungi,</strong></span> <span class='ocrx_word' id='word_1_39' title='bbox 1582 912 1848 985; x_wconf 88' lang='lat' dir='ltr'><strong>tituloque</strong></span> <span class='ocrx_word' id='word_1_40' title='bbox 1874 930 2071 985; x_wconf 71' lang='lat' dir='ltr'><strong>appcn~</strong></span> 
     </span>
    </p>
   </div>
   <div class='ocr_carea' id='block_1_8' title="bbox 505 1001 1290 1059">
    <p class='ocr_par' dir='ltr' id='par_1_8' title="bbox 505 1001 1290 1059">
     <span class='ocr_line' id='line_1_8' title="bbox 505 1001 1290 1059; baseline 0.003 -4"><span class='ocrx_word' id='word_1_41' title='bbox 505 1001 638 1057; x_wconf 92' lang='lat' dir='ltr'><strong>dicis</strong></span> <span class='ocrx_word' id='word_1_42' title='bbox 660 1001 819 1056; x_wconf 88' lang='lat' dir='ltr'><strong>simul</strong></span> <span class='ocrx_word' id='word_1_43' title='bbox 847 1002 930 1057; x_wconf 90' lang='lat' dir='ltr'><strong>edi</strong></span> <span class='ocrx_word' id='word_1_44' title='bbox 963 1004 1290 1059; x_wconf 76' lang='lat' dir='ltr'><strong>curavimus.</strong></span> 
     </span>
    </p>
   </div>
   <div class='ocr_carea' id='block_1_9' title="bbox 573 1134 2072 1204">
    <p class='ocr_par' dir='ltr' id='par_1_9' title="bbox 573 1134 2072 1204">
     <span class='ocr_line' id='line_1_9' title="bbox 573 1134 2072 1204; baseline 0.003 -14"><span class='ocrx_word' id='word_1_45' title='bbox 573 1134 698 1190; x_wconf 59' lang='lat' dir='ltr'><strong>Hac</strong></span> <span class='ocrx_word' id='word_1_46' title='bbox 726 1136 791 1190; x_wconf 91' lang='lat' dir='ltr'><strong>de</strong></span> <span class='ocrx_word' id='word_1_47' title='bbox 830 1137 1049 1190; x_wconf 84' lang='lat' dir='ltr'><strong>materia</strong></span> <span class='ocrx_word' id='word_1_48' title='bbox 1082 1137 1403 1204; x_wconf 84' lang='lat' dir='ltr'><strong>scriptorum</strong></span> <span class='ocrx_word' id='word_1_49' title='bbox 1441 1138 1958 1194; x_wconf 85' lang='lat' dir='ltr'><strong>Albanasianorum.</strong></span> <span class='ocrx_word' id='word_1_50' title='bbox 1991 1138 2072 1195; x_wconf 83' lang='lat' dir='ltr'><strong>Ad</strong></span> 
     </span>
    </p>
   </div>
   <div class='ocr_carea' id='block_1_10' title="bbox 503 1227 2073 1298">
    <p class='ocr_par' dir='ltr' id='par_1_10' title="bbox 503 1227 2073 1298">
     <span class='ocr_line' id='line_1_10' title="bbox 503 1227 2073 1298; baseline 0.003 -17"><span class='ocrx_word' id='word_1_51' title='bbox 503 1227 907 1296; x_wconf 75' lang='lat' dir='ltr'><strong>dISposittonem</strong></span> <span class='ocrx_word' id='word_1_52' title='bbox 978 1230 1120 1298; x_wconf 89' lang='lat' dir='ltr'><strong>quod</strong></span> <span class='ocrx_word' id='word_1_53' title='bbox 1176 1231 1400 1295; x_wconf 89' lang='lat' dir='ltr'><strong>attinet,</strong></span> <span class='ocrx_word' id='word_1_54' title='bbox 1468 1232 1945 1286; x_wconf 84' lang='lat' dir='ltr'><strong>animadvertimus</strong></span> <span class='ocrx_word' id='word_1_55' title='bbox 2008 1247 2073 1287; x_wconf 84' lang='lat' dir='ltr'><strong>ex</strong></span> 
     </span>
    </p>
   </div>
   <div class='ocr_carea' id='block_1_11' title="bbox 502 1313 2071 1379">
    <p class='ocr_par' dir='ltr' id='par_1_11' title="bbox 502 1313 2071 1379">
     <span class='ocr_line' id='line_1_11' title="bbox 502 1313 2071 1379; baseline 0.004 -7"><span class='ocrx_word' id='word_1_56' title='bbox 502 1321 715 1375; x_wconf 88' lang='lat' dir='ltr'><strong>schedis</strong></span> <span class='ocrx_word' id='word_1_57' title='bbox 756 1313 1197 1376; x_wconf 86' lang='lat' dir='ltr'><strong>Commelinianis</strong></span> <span class='ocrx_word' id='word_1_58' title='bbox 1235 1323 1467 1378; x_wconf 89' lang='lat' dir='ltr'><strong>voluisse</strong></span> <span class='ocrx_word' id='word_1_59' title='bbox 1517 1324 1667 1378; x_wconf 91' lang='lat' dir='ltr'><strong>illum</strong></span> <span class='ocrx_word' id='word_1_60' title='bbox 1714 1334 1839 1379; x_wconf 90' lang='lat' dir='ltr'><strong>ante</strong></span> <span class='ocrx_word' id='word_1_61' title='bbox 1895 1325 2071 1379; x_wconf 87' lang='lat' dir='ltr'><strong>omnia</strong></span> 
     </span>
    </p>
   </div>
   <div class='ocr_carea' id='block_1_12' title="bbox 500 1412 2076 1481">
    <p class='ocr_par' dir='ltr' id='par_1_12' title="bbox 500 1412 2076 1481">
     <span class='ocr_line' id='line_1_12' title="bbox 500 1412 2076 1481; baseline 0.003 -18"><span class='ocrx_word' id='word_1_62' title='bbox 500 1412 766 1465; x_wconf 80' lang='lat' dir='ltr'><strong>excudere</strong></span> <span class='ocrx_word' id='word_1_63' title='bbox 797 1426 858 1466; x_wconf 90' lang='lat' dir='ltr'><strong>ea</strong></span> <span class='ocrx_word' id='word_1_64' title='bbox 890 1428 1009 1481; x_wconf 59' lang='grc' dir='ltr'><strong>(ποτε</strong></span> <span class='ocrx_word' id='word_1_65' title='bbox 1044 1413 1290 1469; x_wconf 81' lang='lat' dir='ltr'><strong>Nannius</strong></span> <span class='ocrx_word' id='word_1_66' title='bbox 1327 1416 1577 1470; x_wconf 80' lang='lat' dir='ltr'><strong>vertisset</strong></span> <span class='ocrx_word' id='word_1_67' title='bbox 1622 1429 1675 1471; x_wconf 90' lang='lat' dir='ltr'><strong>et</strong></span> <span class='ocrx_word' id='word_1_68' title='bbox 1712 1415 1943 1470; x_wconf 89' lang='lat' dir='ltr'><strong>antehac</strong></span> <span class='ocrx_word' id='word_1_69' title='bbox 1973 1415 2076 1481; x_wconf 85' lang='lat' dir='ltr'><strong>La-</strong></span> 
     </span>
    </p>
   </div>
   <div class='ocr_carea' id='block_1_13' title="bbox 501 1504 2072 1571">
    <p class='ocr_par' dir='ltr' id='par_1_13' title="bbox 501 1504 2072 1571">
     <span class='ocr_line' id='line_1_13' title="bbox 501 1504 2072 1571; baseline 0.003 -16"><span class='ocrx_word' id='word_1_70' title='bbox 501 1504 609 1557; x_wconf 87' lang='lat' dir='ltr'><strong>tine</strong></span> <span class='ocrx_word' id='word_1_71' title='bbox 644 1504 922 1558; x_wconf 85' lang='lat' dir='ltr'><strong>edidisset.</strong></span> <span class='ocrx_word' id='word_1_72' title='bbox 968 1504 1023 1558; x_wconf 69' lang='grc' dir='ltr'><strong>ιδ</strong></span> <span class='ocrx_word' id='word_1_73' title='bbox 1062 1505 1229 1571; x_wconf 84' lang='lat' dir='ltr'><strong>igitur</strong></span> <span class='ocrx_word' id='word_1_74' title='bbox 1277 1508 1489 1561; x_wconf 87' lang='lat' dir='ltr'><strong>consilii</strong></span> <span class='ocrx_word' id='word_1_75' title='bbox 1552 1508 1714 1561; x_wconf 90' lang='lat' dir='ltr'><strong>etiam</strong></span> <span class='ocrx_word' id='word_1_76' title='bbox 1758 1522 1856 1565; x_wconf 87' lang='lat' dir='ltr'><strong>nos</strong></span> <span class='ocrx_word' id='word_1_77' title='bbox 1903 1507 2072 1564; x_wconf 83' lang='lat' dir='ltr'><strong>secuti</strong></span> 
     </span>
    </p>
   </div>
   <div class='ocr_carea' id='block_1_14' title="bbox 498 1596 2075 1668">
    <p class='ocr_par' dir='ltr' id='par_1_14' title="bbox 498 1596 2075 1668">
     <span class='ocr_line' id='line_1_14' title="bbox 498 1596 2075 1668; baseline 0.003 -21"><span class='ocrx_word' id='word_1_78' title='bbox 498 1608 706 1659; x_wconf 86' lang='lat' dir='ltr'><strong>sumus,</strong></span> <span class='ocrx_word' id='word_1_79' title='bbox 750 1606 803 1650; x_wconf 90' lang='lat' dir='ltr'><strong>et</strong></span> <span class='ocrx_word' id='word_1_80' title='bbox 832 1599 883 1651; x_wconf 92' lang='lat' dir='ltr'><strong>in</strong></span> <span class='ocrx_word' id='word_1_81' title='bbox 932 1598 1167 1666; x_wconf 88' lang='lat' dir='ltr'><strong>primum</strong></span> <span class='ocrx_word' id='word_1_82' title='bbox 1204 1605 1407 1652; x_wconf 89' lang='lat' dir='ltr'><strong>tomum</strong></span> <span class='ocrx_word' id='word_1_83' title='bbox 1452 1599 1634 1653; x_wconf 85' lang='lat' dir='ltr'><strong>omnia</strong></span> <span class='ocrx_word' id='word_1_84' title='bbox 1677 1613 1739 1652; x_wconf 92' lang='lat' dir='ltr'><strong>ea</strong></span> <span class='ocrx_word' id='word_1_85' title='bbox 1773 1613 1891 1668; x_wconf 72' lang='lat' dir='ltr'><strong>quae</strong></span> <span class='ocrx_word' id='word_1_86' title='bbox 1930 1596 2075 1651; x_wconf 82' lang='lat' dir='ltr'><strong>Nan-</strong></span> 
     </span>
    </p>
   </div>
   <div class='ocr_carea' id='block_1_15' title="bbox 498 1684 2069 1757">
    <p class='ocr_par' dir='ltr' id='par_1_15' title="bbox 498 1684 2069 1757">
     <span class='ocr_line' id='line_1_15' title="bbox 498 1684 2069 1757; baseline 0.003 -21"><span class='ocrx_word' id='word_1_87' title='bbox 498 1684 620 1737; x_wconf 90' lang='lat' dir='ltr'><strong>nius</strong></span> <span class='ocrx_word' id='word_1_88' title='bbox 654 1694 1027 1751; x_wconf 83' lang='lat' dir='ltr'><strong>converterat,</strong></span> <span class='ocrx_word' id='word_1_89' title='bbox 1074 1685 1427 1757; x_wconf 75' lang='lat' dir='ltr'><strong>coniecimus,</strong></span> <span class='ocrx_word' id='word_1_90' title='bbox 1478 1688 1584 1742; x_wconf 93' lang='lat' dir='ltr'><strong>alio</strong></span> <span class='ocrx_word' id='word_1_91' title='bbox 1634 1696 1812 1742; x_wconf 88' lang='lat' dir='ltr'><strong>tamen</strong></span> <span class='ocrx_word' id='word_1_92' title='bbox 1860 1688 2069 1742; x_wconf 93' lang='lat' dir='ltr'><strong>ordine.</strong></span> 
     </span>
    </p>
   </div>
   <div class='ocr_carea' id='block_1_16' title="bbox 497 1770 2068 1849">
    <p class='ocr_par' dir='ltr' id='par_1_16' title="bbox 497 1770 2068 1849">
     <span class='ocr_line' id='line_1_16' title="bbox 497 1770 2068 1849; baseline -0.001 -16"><span class='ocrx_word' id='word_1_93' title='bbox 497 1770 633 1833; x_wconf 78' lang='lat' dir='ltr'><strong>Nam</strong></span> <span class='ocrx_word' id='word_1_94' title='bbox 660 1778 727 1831; x_wconf 88' lang='lat' dir='ltr'><strong>ab</strong></span> <span class='ocrx_word' id='word_1_95' title='bbox 757 1779 943 1833; x_wconf 86' lang='lat' dir='ltr'><strong>ordine</strong></span> <span class='ocrx_word' id='word_1_96' title='bbox 972 1778 1253 1834; x_wconf 86' lang='lat' dir='ltr'><strong>Nanniano</strong></span> <span class='ocrx_word' id='word_1_97' title='bbox 1292 1778 1472 1849; x_wconf 83' lang='lat' dir='ltr'><strong>(quem</strong></span> <span class='ocrx_word' id='word_1_98' title='bbox 1509 1788 1629 1848; x_wconf 92' lang='lat' dir='ltr'><strong>post</strong></span> <span class='ocrx_word' id='word_1_99' title='bbox 1662 1778 1831 1848; x_wconf 84' lang='lat' dir='ltr'><strong>ipsius</strong></span> <span class='ocrx_word' id='word_1_100' title='bbox 1875 1775 2068 1831; x_wconf 89' lang='lat' dir='ltr'><strong>Nannii</strong></span> 
     </span>
    </p>
   </div>
   <div class='ocr_carea' id='block_1_17' title="bbox 496 1868 2145 1949">
    <p class='ocr_par' dir='ltr' id='par_1_17' title="bbox 496 1868 2145 1949">
     <span class='ocr_line' id='line_1_17' title="bbox 496 1868 2145 1949; baseline 0.001 -29"><span class='ocrx_word' id='word_1_101' title='bbox 496 1868 866 1937; x_wconf 66' lang='lat' dir='ltr'><strong>prazfatinnem</strong></span> <span class='ocrx_word' id='word_1_102' title='bbox 913 1872 1097 1925; x_wconf 85' lang='lat' dir='ltr'><strong>videre</strong></span> <span class='ocrx_word' id='word_1_103' title='bbox 1148 1871 1352 1941; x_wconf 86' lang='lat' dir='ltr'><strong>poteris</strong></span> <span class='ocrx_word' id='word_1_104' title='bbox 1390 1870 1434 1925; x_wconf 90' lang='lat' dir='ltr'><strong>si</strong></span> <span class='ocrx_word' id='word_1_105' title='bbox 1488 1869 1655 1940; x_wconf 89' lang='lat' dir='ltr'><strong>voles)</strong></span> <span class='ocrx_word' id='word_1_106' title='bbox 1707 1868 2068 1924; x_wconf 85' lang='lat' dir='ltr'><strong>Commelinus</strong></span> <span class='ocrx_word' id='word_1_107' title='bbox 2103 1894 2145 1949; x_wconf 68' lang='grc' dir='ltr'><strong>Β</strong></span> 
     </span>
    </p>
   </div>
   <div class='ocr_carea' id='block_1_18' title="bbox 497 1960 2071 2032">
    <p class='ocr_par' dir='ltr' id='par_1_18' title="bbox 497 1960 2071 2032">
     <span class='ocr_line' id='line_1_18' title="bbox 497 1960 2071 2032; baseline 0.001 -20"><span class='ocrx_word' id='word_1_108' title='bbox 497 1961 815 2029; x_wconf 91' lang='lat' dir='ltr'><strong>tempestive</strong></span> <span class='ocrx_word' id='word_1_109' title='bbox 848 1963 1192 2018; x_wconf 84' lang='lat' dir='ltr'><strong>discesserat.</strong></span> <span class='ocrx_word' id='word_1_110' title='bbox 1227 1961 1353 2030; x_wconf 84' lang='lat' dir='ltr'><strong>Ejus</strong></span> <span class='ocrx_word' id='word_1_111' title='bbox 1404 1962 1567 2032; x_wconf 79' lang='lat' dir='ltr'><strong>igitur</strong></span> <span class='ocrx_word' id='word_1_112' title='bbox 1607 1960 1872 2031; x_wconf 73' lang='lat' dir='ltr'><strong>vestigiis,</strong></span> <span class='ocrx_word' id='word_1_113' title='bbox 1901 1976 2071 2029; x_wconf 89' lang='lat' dir='ltr'><strong>quan-</strong></span> 
     </span>
    </p>
   </div>
   <div class='ocr_carea' id='block_1_19' title="bbox 497 2053 2069 2123">
    <p class='ocr_par' dir='ltr' id='par_1_19' title="bbox 497 2053 2069 2123">
     <span class='ocr_line' id='line_1_19' title="bbox 497 2053 2069 2123; baseline 0.003 -20"><span class='ocrx_word' id='word_1_114' title='bbox 497 2059 609 2105; x_wconf 91' lang='lat' dir='ltr'><strong>tum</strong></span> <span class='ocrx_word' id='word_1_115' title='bbox 644 2053 860 2120; x_wconf 83' lang='lat' dir='ltr'><strong>quidem</strong></span> <span class='ocrx_word' id='word_1_116' title='bbox 899 2069 961 2108; x_wconf 85' lang='lat' dir='ltr'><strong>ea</strong></span> <span class='ocrx_word' id='word_1_117' title='bbox 994 2054 1400 2123; x_wconf 83' lang='lat' dir='ltr'><strong>deprehendere</strong></span> <span class='ocrx_word' id='word_1_118' title='bbox 1434 2053 1606 2115; x_wconf 86' lang='lat' dir='ltr'><strong>licuit.</strong></span> <span class='ocrx_word' id='word_1_119' title='bbox 1634 2054 1968 2117; x_wconf 87' lang='lat' dir='ltr'><strong>insistentes,</strong></span> <span class='ocrx_word' id='word_1_120' title='bbox 2016 2054 2069 2107; x_wconf 92' lang='lat' dir='ltr'><strong>in</strong></span> 
     </span>
    </p>
   </div>
   <div class='ocr_carea' id='block_1_20' title="bbox 494 2144 2069 2214">
    <p class='ocr_par' dir='ltr' id='par_1_20' title="bbox 494 2144 2069 2214">
     <span class='ocr_line' id='line_1_20' title="bbox 494 2144 2069 2214; baseline 0.003 -20"><span class='ocrx_word' id='word_1_121' title='bbox 494 2144 671 2210; x_wconf 88' lang='lat' dir='ltr'><strong>primo</strong></span> <span class='ocrx_word' id='word_1_122' title='bbox 699 2152 842 2198; x_wconf 88' lang='lat' dir='ltr'><strong>torno</strong></span> <span class='ocrx_word' id='word_1_123' title='bbox 872 2144 1102 2214; x_wconf 91' lang='lat' dir='ltr'><strong>primum</strong></span> <span class='ocrx_word' id='word_1_124' title='bbox 1136 2145 1417 2209; x_wconf 89' lang='lat' dir='ltr'><strong>elenctica,</strong></span> <span class='ocrx_word' id='word_1_125' title='bbox 1439 2146 1633 2207; x_wconf 79' lang='lat' dir='ltr'><strong>deinde</strong></span> <span class='ocrx_word' id='word_1_126' title='bbox 1667 2145 1942 2209; x_wconf 91' lang='lat' dir='ltr'><strong>historica,</strong></span> <span class='ocrx_word' id='word_1_127' title='bbox 1975 2157 2069 2199; x_wconf 86' lang='lat' dir='ltr'><strong>va-</strong></span> 
     </span>
    </p>
   </div>
   <div class='ocr_carea' id='block_1_21' title="bbox 495 2232 2073 2305">
    <p class='ocr_par' dir='ltr' id='par_1_21' title="bbox 495 2232 2073 2305">
     <span class='ocr_line' id='line_1_21' title="bbox 495 2232 2073 2305; baseline 0.003 -20"><span class='ocrx_word' id='word_1_128' title='bbox 495 2232 590 2287; x_wconf 88' lang='lat' dir='ltr'><strong>riis</strong></span> <span class='ocrx_word' id='word_1_129' title='bbox 625 2232 881 2303; x_wconf 89' lang='lat' dir='ltr'><strong>apologiis</strong></span> <span class='ocrx_word' id='word_1_130' title='bbox 908 2244 962 2290; x_wconf 89' lang='lat' dir='ltr'><strong>et</strong></span> <span class='ocrx_word' id='word_1_131' title='bbox 996 2236 1239 2305; x_wconf 87' lang='lat' dir='ltr'><strong>epistolis</strong></span> <span class='ocrx_word' id='word_1_132' title='bbox 1268 2236 1683 2305; x_wconf 89' lang='lat' dir='ltr'><strong>comprehensa,</strong></span> <span class='ocrx_word' id='word_1_133' title='bbox 1718 2250 1841 2289; x_wconf 77' lang='lat' dir='ltr'><strong>mox</strong></span> <span class='ocrx_word' id='word_1_134' title='bbox 1883 2248 2073 2304; x_wconf 79' lang='lat' dir='ltr'><strong>exege-</strong></span> 
     </span>
    </p>
   </div>
   <div class='ocr_carea' id='block_1_22' title="bbox 497 2325 2069 2387">
    <p class='ocr_par' dir='ltr' id='par_1_22' title="bbox 497 2325 2069 2387">
     <span class='ocr_line' id='line_1_22' title="bbox 497 2325 2069 2387; baseline 0.002 -9"><span class='ocrx_word' id='word_1_135' title='bbox 497 2325 601 2387; x_wconf 82' lang='lat' dir='ltr'><strong>tica</strong></span> <span class='ocrx_word' id='word_1_136' title='bbox 632 2327 746 2381; x_wconf 89' lang='lat' dir='ltr'><strong>sive</strong></span> <span class='ocrx_word' id='word_1_137' title='bbox 793 2329 1278 2383; x_wconf 83' lang='lat' dir='ltr'><strong>commentationes</strong></span> <span class='ocrx_word' id='word_1_138' title='bbox 1322 2330 1372 2382; x_wconf 92' lang='lat' dir='ltr'><strong>in</strong></span> <span class='ocrx_word' id='word_1_139' title='bbox 1426 2328 1680 2383; x_wconf 92' lang='lat' dir='ltr'><strong>nonnulla</strong></span> <span class='ocrx_word' id='word_1_140' title='bbox 1722 2342 1890 2383; x_wconf 68' lang='lat' dir='ltr'><strong>sacrae</strong></span> <span class='ocrx_word' id='word_1_141' title='bbox 1925 2328 2069 2381; x_wconf 90' lang='lat' dir='ltr'><strong>Scri-</strong></span> 
     </span>
    </p>
   </div>
   <div class='ocr_carea' id='block_1_23' title="bbox 493 2419 2067 2489">
    <p class='ocr_par' dir='ltr' id='par_1_23' title="bbox 493 2419 2067 2489">
     <span class='ocr_line' id='line_1_23' title="bbox 493 2419 2067 2489; baseline 0.003 -19"><span class='ocrx_word' id='word_1_142' title='bbox 493 2426 667 2487; x_wconf 65' lang='lat' dir='ltr'><strong>ptura:</strong></span> <span class='ocrx_word' id='word_1_143' title='bbox 713 2419 877 2483; x_wconf 86' lang='lat' dir='ltr'><strong>dicta,</strong></span> <span class='ocrx_word' id='word_1_144' title='bbox 919 2421 1111 2474; x_wconf 89' lang='lat' dir='ltr'><strong>deinde</strong></span> <span class='ocrx_word' id='word_1_145' title='bbox 1149 2421 1444 2475; x_wconf 88' lang='lat' dir='ltr'><strong>homilitica</strong></span> <span class='ocrx_word' id='word_1_146' title='bbox 1494 2422 1605 2476; x_wconf 83' lang='lat' dir='ltr'><strong>sive</strong></span> <span class='ocrx_word' id='word_1_147' title='bbox 1640 2421 1927 2475; x_wconf 89' lang='lat' dir='ltr'><strong>conciones</strong></span> <span class='ocrx_word' id='word_1_148' title='bbox 1969 2435 2067 2489; x_wconf 93' lang='lat' dir='ltr'><strong>po-</strong></span> 
     </span>
    </p>
   </div>
   <div class='ocr_carea' id='block_1_24' title="bbox 494 2509 2068 2584">
    <p class='ocr_par' dir='ltr' id='par_1_24' title="bbox 494 2509 2068 2584">
     <span class='ocr_line' id='line_1_24' title="bbox 494 2509 2068 2584; baseline 0.004 -22"><span class='ocrx_word' id='word_1_149' title='bbox 494 2509 711 2577; x_wconf 88' lang='lat' dir='ltr'><strong>pulares</strong></span> <span class='ocrx_word' id='word_1_150' title='bbox 751 2512 1049 2582; x_wconf 88' lang='lat' dir='ltr'><strong>posuimus.</strong></span> <span class='ocrx_word' id='word_1_151' title='bbox 1079 2512 1134 2566; x_wconf 88' lang='lat' dir='ltr'><strong>In</strong></span> <span class='ocrx_word' id='word_1_152' title='bbox 1169 2512 1443 2569; x_wconf 89' lang='lat' dir='ltr'><strong>elencticis</strong></span> <span class='ocrx_word' id='word_1_153' title='bbox 1472 2515 1710 2583; x_wconf 91' lang='lat' dir='ltr'><strong>quidem,</strong></span> <span class='ocrx_word' id='word_1_154' title='bbox 1742 2515 1915 2584; x_wconf 91' lang='lat' dir='ltr'><strong>primo</strong></span> <span class='ocrx_word' id='word_1_155' title='bbox 1951 2513 2068 2568; x_wconf 81' lang='lat' dir='ltr'><strong>loco</strong></span> 
     </span>
    </p>
   </div>
   <div class='ocr_carea' id='block_1_25' title="bbox 497 2601 2069 2671">
    <p class='ocr_par' dir='ltr' id='par_1_25' title="bbox 497 2601 2069 2671">
     <span class='ocr_line' id='line_1_25' title="bbox 497 2601 2069 2671; baseline 0.004 -21"><span class='ocrx_word' id='word_1_156' title='bbox 497 2616 619 2669; x_wconf 64' lang='lat' dir='ltr'><strong>qua:</strong></span> <span class='ocrx_word' id='word_1_157' title='bbox 645 2610 831 2657; x_wconf 89' lang='lat' dir='ltr'><strong>contra</strong></span> <span class='ocrx_word' id='word_1_158' title='bbox 881 2611 1087 2670; x_wconf 80' lang='lat' dir='ltr'><strong>gentes,</strong></span> <span class='ocrx_word' id='word_1_159' title='bbox 1131 2602 1300 2656; x_wconf 84' lang='lat' dir='ltr'><strong>altero</strong></span> <span class='ocrx_word' id='word_1_160' title='bbox 1350 2618 1469 2671; x_wconf 63' lang='lat' dir='ltr'><strong>quae</strong></span> <span class='ocrx_word' id='word_1_161' title='bbox 1518 2612 1703 2658; x_wconf 78' lang='lat' dir='ltr'><strong>centra</strong></span> <span class='ocrx_word' id='word_1_162' title='bbox 1751 2601 1977 2655; x_wconf 86' lang='lat' dir='ltr'><strong>Arianos</strong></span> <span class='ocrx_word' id='word_1_163' title='bbox 2015 2609 2069 2656; x_wconf 89' lang='lat' dir='ltr'><strong>et</strong></span> 
     </span>
    </p>
   </div>
   <div class='ocr_carea' id='block_1_26' title="bbox 496 2686 2060 2765">
    <p class='ocr_par' dir='ltr' id='par_1_26' title="bbox 496 2686 2060 2765">
     <span class='ocr_line' id='line_1_26' title="bbox 496 2686 2060 2765; baseline 0.001 -19"><span class='ocrx_word' id='word_1_164' title='bbox 496 2686 685 2747; x_wconf 87' lang='lat' dir='ltr'><strong>eorum</strong></span> <span class='ocrx_word' id='word_1_165' title='bbox 714 2694 1025 2765; x_wconf 90' lang='lat' dir='ltr'><strong>complices,</strong></span> <span class='ocrx_word' id='word_1_166' title='bbox 1060 2697 1218 2750; x_wconf 91' lang='lat' dir='ltr'><strong>tertio</strong></span> <span class='ocrx_word' id='word_1_167' title='bbox 1253 2712 1371 2765; x_wconf 73' lang='lat' dir='ltr'><strong>qute</strong></span> <span class='ocrx_word' id='word_1_168' title='bbox 1405 2706 1591 2750; x_wconf 88' lang='lat' dir='ltr'><strong>contra</strong></span> <span class='ocrx_word' id='word_1_169' title='bbox 1625 2695 2060 2764; x_wconf 88' lang='lat' dir='ltr'><strong>Apollinaristas,</strong></span> 
     </span>
    </p>
   </div>
   <div class='ocr_carea' id='block_1_27' title="bbox 502 2780 2067 2853">
    <p class='ocr_par' dir='ltr' id='par_1_27' title="bbox 502 2780 2067 2853">
     <span class='ocr_line' id='line_1_27' title="bbox 502 2780 2067 2853; baseline -0.001 -16"><span class='ocrx_word' id='word_1_170' title='bbox 502 2780 839 2839; x_wconf 83' lang='lat' dir='ltr'><strong>Sabelliauos</strong></span> <span class='ocrx_word' id='word_1_171' title='bbox 889 2793 941 2839; x_wconf 92' lang='lat' dir='ltr'><strong>et</strong></span> <span class='ocrx_word' id='word_1_172' title='bbox 970 2783 1466 2851; x_wconf 86' lang='lat' dir='ltr'><strong>Samosatcnianos,</strong></span> <span class='ocrx_word' id='word_1_173' title='bbox 1496 2796 1687 2853; x_wconf 84' lang='lat' dir='ltr'><strong>quarto</strong></span> <span class='ocrx_word' id='word_1_174' title='bbox 1713 2793 1768 2837; x_wconf 91' lang='lat' dir='ltr'><strong>et</strong></span> <span class='ocrx_word' id='word_1_175' title='bbox 1798 2792 2067 2853; x_wconf 88' lang='lat' dir='ltr'><strong>postremo</strong></span> 
     </span>
    </p>
   </div>
   <div class='ocr_carea' id='block_1_28' title="bbox 500 2874 2067 2944">
    <p class='ocr_par' dir='ltr' id='par_1_28' title="bbox 500 2874 2067 2944">
     <span class='ocr_line' id='line_1_28' title="bbox 500 2874 2067 2944; baseline -0.002 -16"><span class='ocrx_word' id='word_1_176' title='bbox 500 2889 620 2944; x_wconf 65' lang='lat' dir='ltr'><strong>qua!</strong></span> <span class='ocrx_word' id='word_1_177' title='bbox 659 2882 845 2932; x_wconf 87' lang='lat' dir='ltr'><strong>contra</strong></span> <span class='ocrx_word' id='word_1_178' title='bbox 893 2890 1081 2930; x_wconf 90' lang='lat' dir='ltr'><strong>omnes</strong></span> <span class='ocrx_word' id='word_1_179' title='bbox 1116 2877 1349 2930; x_wconf 73' lang='lat' dir='ltr'><strong>hmrescs</strong></span> <span class='ocrx_word' id='word_1_180' title='bbox 1397 2875 1726 2930; x_wconf 79' lang='lat' dir='ltr'><strong>Athanasius</strong></span> <span class='ocrx_word' id='word_1_181' title='bbox 1776 2874 2067 2941; x_wconf 84' lang='lat' dir='ltr'><strong>scripserat</strong></span> 
     </span>
    </p>
   </div>
   <div class='ocr_carea' id='block_1_29' title="bbox 495 2972 2067 3047">
    <p class='ocr_par' dir='ltr' id='par_1_29' title="bbox 495 2972 2067 3047">
     <span class='ocr_line' id='line_1_29' title="bbox 495 2972 2067 3047; baseline 0.001 -19"><span class='ocrx_word' id='word_1_182' title='bbox 495 2972 760 3028; x_wconf 83' lang='lat' dir='ltr'><strong>collocata</strong></span> <span class='ocrx_word' id='word_1_183' title='bbox 788 2976 1079 3033; x_wconf 88' lang='lat' dir='ltr'><strong>voluimus.</strong></span> <span class='ocrx_word' id='word_1_184' title='bbox 1111 2976 1214 3029; x_wconf 88' lang='lat' dir='ltr'><strong>Sed</strong></span> <span class='ocrx_word' id='word_1_185' title='bbox 1251 2976 1392 3032; x_wconf 83' lang='lat' dir='ltr'><strong>hunc</strong></span> <span class='ocrx_word' id='word_1_186' title='bbox 1423 2978 1667 3031; x_wconf 89' lang='lat' dir='ltr'><strong>ordinem</strong></span> <span class='ocrx_word' id='word_1_187' title='bbox 1704 2991 1885 3046; x_wconf 81' lang='lat' dir='ltr'><strong>operae</strong></span> <span class='ocrx_word' id='word_1_188' title='bbox 1917 2986 2067 3047; x_wconf 52' lang='lat' dir='ltr'><strong>typo-</strong></span> 
     </span>
    </p>
   </div>
   <div class='ocr_carea' id='block_1_30' title="bbox 491 3048 2065 3137">
    <p class='ocr_par' dir='ltr' id='par_1_30' title="bbox 491 3048 2065 3137">
     <span class='ocr_line' id='line_1_30' title="bbox 491 3048 2065 3137; baseline 0.004 -22"><span class='ocrx_word' id='word_1_189' title='bbox 491 3064 761 3135; x_wconf 70' lang='lat' dir='ltr'><strong>graphicae</strong></span> <span class='ocrx_word' id='word_1_190' title='bbox 812 3048 985 3122; x_wconf 66' lang='lat' dir='ltr'><strong>semel</strong></span> <span class='ocrx_word' id='word_1_191' title='bbox 1037 3075 1198 3136; x_wconf 86' lang='lat' dir='ltr'><strong>atque</strong></span> <span class='ocrx_word' id='word_1_192' title='bbox 1250 3068 1445 3121; x_wconf 89' lang='lat' dir='ltr'><strong>iterum</strong></span> <span class='ocrx_word' id='word_1_193' title='bbox 1512 3068 1956 3137; x_wconf 88' lang='lat' dir='ltr'><strong>interruperuut,</strong></span> <span class='ocrx_word' id='word_1_194' title='bbox 2012 3075 2065 3122; x_wconf 88' lang='lat' dir='ltr'><strong>et</strong></span> 
     </span>
    </p>
   </div>
   <div class='ocr_carea' id='block_1_31' title="bbox 489 3155 2066 3229">
    <p class='ocr_par' dir='ltr' id='par_1_31' title="bbox 489 3155 2066 3229">
     <span class='ocr_line' id='line_1_31' title="bbox 489 3155 2066 3229; baseline 0.005 -23"><span class='ocrx_word' id='word_1_195' title='bbox 489 3155 788 3211; x_wconf 82' lang='lat' dir='ltr'><strong>orationem</strong></span> <span class='ocrx_word' id='word_1_196' title='bbox 812 3157 1093 3225; x_wconf 86' lang='lat' dir='ltr'><strong>Athanasii</strong></span> <span class='ocrx_word' id='word_1_197' title='bbox 1125 3168 1309 3214; x_wconf 92' lang='lat' dir='ltr'><strong>contra</strong></span> <span class='ocrx_word' id='word_1_198' title='bbox 1339 3174 1528 3214; x_wconf 91' lang='lat' dir='ltr'><strong>omnes</strong></span> <span class='ocrx_word' id='word_1_199' title='bbox 1566 3159 1827 3223; x_wconf 59' lang='lat' dir='ltr'><strong>haereses,</strong></span> <span class='ocrx_word' id='word_1_200' title='bbox 1856 3174 1921 3215; x_wconf 92' lang='lat' dir='ltr'><strong>ac</strong></span> <span class='ocrx_word' id='word_1_201' title='bbox 1948 3174 2066 3229; x_wconf 87' lang='lat' dir='ltr'><strong>pro-</strong></span> 
     </span>
    </p>
   </div>
   <div class='ocr_carea' id='block_1_32' title="bbox 2177 638 3751 710">
    <p class='ocr_par' dir='ltr' id='par_1_32' title="bbox 2177 638 3751 710">
     <span class='ocr_line' id='line_1_32' title="bbox 2177 638 3751 710; baseline -0.001 -17"><span class='ocrx_word' id='word_1_202' title='bbox 2177 641 2255 693; x_wconf 89' lang='lat' dir='ltr'><strong>Ac</strong></span> <span class='ocrx_word' id='word_1_203' title='bbox 2306 638 2541 708; x_wconf 90' lang='lat' dir='ltr'><strong>primum</strong></span> <span class='ocrx_word' id='word_1_204' title='bbox 2590 638 2805 706; x_wconf 88' lang='lat' dir='ltr'><strong>quidem</strong></span> <span class='ocrx_word' id='word_1_205' title='bbox 2852 649 2934 696; x_wconf 90' lang='lat' dir='ltr'><strong>est</strong></span> <span class='ocrx_word' id='word_1_206' title='bbox 2984 639 3347 710; x_wconf 78' lang='lat' dir='ltr'><strong>fragmentum</strong></span> <span class='ocrx_word' id='word_1_207' title='bbox 3401 638 3656 707; x_wconf 72' lang='lat' dir='ltr'><strong>Epistolm</strong></span> <span class='ocrx_word' id='word_1_208' title='bbox 3685 640 3751 692; x_wconf 77' lang='lat' dir='ltr'><strong>de</strong></span> 
     </span>
    </p>
   </div>
   <div class='ocr_carea' id='block_1_33' title="bbox 2178 725 3749 797">
    <p class='ocr_par' dir='ltr' id='par_1_33' title="bbox 2178 725 3749 797">
     <span class='ocr_line' id='line_1_33' title="bbox 2178 725 3749 797; baseline 0.001 -16"><span class='ocrx_word' id='word_1_209' title='bbox 2178 729 2376 797; x_wconf 79' lang='lat' dir='ltr'><strong>synodo</strong></span> <span class='ocrx_word' id='word_1_210' title='bbox 2408 725 2652 794; x_wconf 75' lang='lat' dir='ltr'><strong>Nicwna,</strong></span> <span class='ocrx_word' id='word_1_211' title='bbox 2682 738 2739 782; x_wconf 90' lang='lat' dir='ltr'><strong>ut</strong></span> <span class='ocrx_word' id='word_1_212' title='bbox 2778 728 2958 783; x_wconf 86' lang='lat' dir='ltr'><strong>videre</strong></span> <span class='ocrx_word' id='word_1_213' title='bbox 2989 737 3071 783; x_wconf 87' lang='lat' dir='ltr'><strong>est</strong></span> <span class='ocrx_word' id='word_1_214' title='bbox 3109 744 3161 796; x_wconf 88' lang='lat' dir='ltr'><strong>p.</strong></span> <span class='ocrx_word' id='word_1_215' title='bbox 3186 728 3254 784; x_wconf 77' lang='lat'><strong>50</strong></span> <span class='ocrx_word' id='word_1_216' title='bbox 3281 729 3410 782; x_wconf 90' lang='lat' dir='ltr'><strong>tomi</strong></span> <span class='ocrx_word' id='word_1_217' title='bbox 3436 729 3475 782; x_wconf 90' lang='grc' dir='ltr'><strong>Ι.</strong></span> <span class='ocrx_word' id='word_1_218' title='bbox 3507 728 3749 784; x_wconf 82' lang='lat' dir='ltr'><strong>Alterum</strong></span> 
     </span>
    </p>
   </div>
   <div class='ocr_carea' id='block_1_34' title="bbox 2177 822 3750 891">
    <p class='ocr_par' dir='ltr' id='par_1_34' title="bbox 2177 822 3750 891">
     <span class='ocr_line' id='line_1_34' title="bbox 2177 822 3750 891; baseline 0.002 -16"><span class='ocrx_word' id='word_1_219' title='bbox 2177 836 2307 876; x_wconf 89' lang='lat' dir='ltr'><strong>vero</strong></span> <span class='ocrx_word' id='word_1_220' title='bbox 2339 831 2419 877; x_wconf 92' lang='lat' dir='ltr'><strong>est</strong></span> <span class='ocrx_word' id='word_1_221' title='bbox 2452 822 2805 891; x_wconf 77' lang='lat' dir='ltr'><strong>fragmentum</strong></span> <span class='ocrx_word' id='word_1_222' title='bbox 2840 822 3073 877; x_wconf 77' lang='lat' dir='ltr'><strong>homilize</strong></span> <span class='ocrx_word' id='word_1_223' title='bbox 3096 822 3172 877; x_wconf 86' lang='lat' dir='ltr'><strong>De</strong></span> <span class='ocrx_word' id='word_1_224' title='bbox 3216 825 3478 891; x_wconf 77' lang='lat' dir='ltr'><strong>passione,</strong></span> <span class='ocrx_word' id='word_1_225' title='bbox 3510 831 3571 876; x_wconf 93' lang='lat' dir='ltr'><strong>ut</strong></span> <span class='ocrx_word' id='word_1_226' title='bbox 3605 831 3750 891; x_wconf 88' lang='lat' dir='ltr'><strong>patet</strong></span> 
     </span>
    </p>
   </div>
   <div class='ocr_carea' id='block_1_35' title="bbox 2176 914 3748 984">
    <p class='ocr_par' dir='ltr' id='par_1_35' title="bbox 2176 914 3748 984">
     <span class='ocr_line' id='line_1_35' title="bbox 2176 914 3748 984; baseline 0.001 -15"><span class='ocrx_word' id='word_1_227' title='bbox 2176 930 2242 969; x_wconf 78' lang='lat' dir='ltr'><strong>ex</strong></span> <span class='ocrx_word' id='word_1_228' title='bbox 2286 924 2408 969; x_wconf 93' lang='lat' dir='ltr'><strong>tom.</strong></span> <span class='ocrx_word' id='word_1_229' title='bbox 2439 915 2479 977; x_wconf 89' lang='lat' dir='ltr'><strong>l,</strong></span> <span class='ocrx_word' id='word_1_230' title='bbox 2515 929 2634 984; x_wconf 90' lang='lat' dir='ltr'><strong>pag.</strong></span> <span class='ocrx_word' id='word_1_231' title='bbox 2663 914 2786 969; x_wconf 90' lang='lat'><strong>790.</strong></span> <span class='ocrx_word' id='word_1_232' title='bbox 2830 914 3071 969; x_wconf 86' lang='lat' dir='ltr'><strong>Tertium</strong></span> <span class='ocrx_word' id='word_1_233' title='bbox 3122 916 3352 984; x_wconf 90' lang='lat' dir='ltr'><strong>denique</strong></span> <span class='ocrx_word' id='word_1_234' title='bbox 3388 915 3748 984; x_wconf 88' lang='lat' dir='ltr'><strong>fragmentum</strong></span> 
     </span>
    </p>
   </div>
   <div class='ocr_carea' id='block_1_36' title="bbox 2175 1005 3744 1076">
    <p class='ocr_par' dir='ltr' id='par_1_36' title="bbox 2175 1005 3744 1076">
     <span class='ocr_line' id='line_1_36' title="bbox 2175 1005 3744 1076; baseline 0 -17"><span class='ocrx_word' id='word_1_235' title='bbox 2175 1014 2258 1060; x_wconf 92' lang='lat' dir='ltr'><strong>est</strong></span> <span class='ocrx_word' id='word_1_236' title='bbox 2282 1005 2549 1059; x_wconf 88' lang='lat' dir='ltr'><strong>orationis</strong></span> <span class='ocrx_word' id='word_1_237' title='bbox 2571 1006 2771 1076; x_wconf 73' lang='lat' dir='ltr'><strong>quinta:</strong></span> <span class='ocrx_word' id='word_1_238' title='bbox 2797 1018 2979 1061; x_wconf 85' lang='lat' dir='ltr'><strong>contra</strong></span> <span class='ocrx_word' id='word_1_239' title='bbox 3006 1007 3253 1069; x_wconf 77' lang='lat' dir='ltr'><strong>Arianos,</strong></span> <span class='ocrx_word' id='word_1_240' title='bbox 3280 1016 3338 1060; x_wconf 90' lang='lat' dir='ltr'><strong>ut</strong></span> <span class='ocrx_word' id='word_1_241' title='bbox 3372 1022 3437 1060; x_wconf 81' lang='lat' dir='ltr'><strong>ex</strong></span> <span class='ocrx_word' id='word_1_242' title='bbox 3472 1021 3595 1076; x_wconf 86' lang='lat' dir='ltr'><strong>pag.</strong></span> <span class='ocrx_word' id='word_1_243' title='bbox 3621 1006 3744 1072; x_wconf 75' lang='grc'><strong>521,</strong></span> 
     </span>
    </p>
   </div>
   <div class='ocr_carea' id='block_1_37' title="bbox 2174 1098 3749 1165">
    <p class='ocr_par' dir='ltr' id='par_1_37' title="bbox 2174 1098 3749 1165">
     <span class='ocr_line' id='line_1_37' title="bbox 2174 1098 3749 1165; baseline -0.001 -15"><span class='ocrx_word' id='word_1_244' title='bbox 2174 1112 2317 1152; x_wconf 87' lang='lat' dir='ltr'><strong>vers.</strong></span> <span class='ocrx_word' id='word_1_245' title='bbox 2345 1098 2438 1164; x_wconf 70' lang='grc'><strong>24,</strong></span> <span class='ocrx_word' id='word_1_246' title='bbox 2473 1106 2599 1153; x_wconf 91' lang='lat' dir='ltr'><strong>tom.</strong></span> <span class='ocrx_word' id='word_1_247' title='bbox 2628 1099 2679 1164; x_wconf 90' lang='lat' dir='ltr'><strong>l,</strong></span> <span class='ocrx_word' id='word_1_248' title='bbox 2715 1098 3057 1155; x_wconf 90' lang='lat' dir='ltr'><strong>manifestum</strong></span> <span class='ocrx_word' id='word_1_249' title='bbox 3090 1100 3286 1154; x_wconf 86' lang='lat' dir='ltr'><strong>evadit.</strong></span> <span class='ocrx_word' id='word_1_250' title='bbox 3332 1098 3558 1154; x_wconf 83' lang='lat' dir='ltr'><strong>Unicum</strong></span> <span class='ocrx_word' id='word_1_251' title='bbox 3593 1098 3749 1165; x_wconf 78' lang='grc' dir='ltr'>λόγον</span> 
     </span>
    </p>
   </div>
   <div class='ocr_carea' id='block_1_38' title="bbox 2180 1188 3745 1260">
    <p class='ocr_par' dir='ltr' id='par_1_38' title="bbox 2180 1188 3745 1260">
     <span class='ocr_line' id='line_1_38' title="bbox 2180 1188 3745 1260; baseline 0.001 -19"><span class='ocrx_word' id='word_1_252' title='bbox 2180 1188 2443 1259; x_wconf 76' lang='grc' dir='ltr'><strong>σύντομον</strong></span> <span class='ocrx_word' id='word_1_253' title='bbox 2483 1190 2574 1258; x_wconf 91' lang='lat' dir='ltr'><strong>qui</strong></span> <span class='ocrx_word' id='word_1_254' title='bbox 2631 1190 2813 1244; x_wconf 88' lang='lat' dir='ltr'><strong>itidem</strong></span> <span class='ocrx_word' id='word_1_255' title='bbox 2857 1200 2939 1246; x_wconf 89' lang='lat' dir='ltr'><strong>cst</strong></span> <span class='ocrx_word' id='word_1_256' title='bbox 2996 1192 3351 1260; x_wconf 83' lang='lat' dir='ltr'><strong>fragmentum</strong></span> <span class='ocrx_word' id='word_1_257' title='bbox 3395 1191 3583 1258; x_wconf 69' lang='lat' dir='ltr'><strong>prima:</strong></span> <span class='ocrx_word' id='word_1_258' title='bbox 3618 1204 3745 1242; x_wconf 86' lang='lat' dir='ltr'><strong>ora-</strong></span> 
     </span>
    </p>
   </div>
   <div class='ocr_carea' id='block_1_39' title="bbox 2174 1282 3746 1351">
    <p class='ocr_par' dir='ltr' id='par_1_39' title="bbox 2174 1282 3746 1351">
     <span class='ocr_line' id='line_1_39' title="bbox 2174 1282 3746 1351; baseline 0.002 -18"><span class='ocrx_word' id='word_1_259' title='bbox 2174 1282 2340 1335; x_wconf 90' lang='lat' dir='ltr'><strong>tionis</strong></span> <span class='ocrx_word' id='word_1_260' title='bbox 2372 1290 2557 1335; x_wconf 79' lang='lat' dir='ltr'><strong>contra</strong></span> <span class='ocrx_word' id='word_1_261' title='bbox 2595 1284 2839 1347; x_wconf 63' lang='lat' dir='ltr'><strong>Arianae,</strong></span> <span class='ocrx_word' id='word_1_262' title='bbox 2869 1293 2928 1341; x_wconf 90' lang='lat' dir='ltr'><strong>ut</strong></span> <span class='ocrx_word' id='word_1_263' title='bbox 2958 1284 3140 1339; x_wconf 90' lang='lat' dir='ltr'><strong>videre</strong></span> <span class='ocrx_word' id='word_1_264' title='bbox 3168 1292 3249 1339; x_wconf 88' lang='lat' dir='ltr'><strong>est</strong></span> <span class='ocrx_word' id='word_1_265' title='bbox 3283 1299 3349 1339; x_wconf 81' lang='lat' dir='ltr'><strong>ex</strong></span> <span class='ocrx_word' id='word_1_266' title='bbox 3395 1292 3525 1337; x_wconf 92' lang='lat' dir='ltr'><strong>tom.</strong></span> <span class='ocrx_word' id='word_1_267' title='bbox 3552 1282 3592 1347; x_wconf 93' lang='lat' dir='ltr'><strong>l,</strong></span> <span class='ocrx_word' id='word_1_268' title='bbox 3625 1288 3746 1351; x_wconf 82' lang='lat' dir='ltr'><strong>pag‘.</strong></span> 
     </span>
    </p>
   </div>
   <div class='ocr_carea' id='block_1_40' title="bbox 2178 1372 3748 1445">
    <p class='ocr_par' dir='ltr' id='par_1_40' title="bbox 2178 1372 3748 1445">
     <span class='ocr_line' id='line_1_40' title="bbox 2178 1372 3748 1445; baseline 0.001 -20"><span class='ocrx_word' id='word_1_269' title='bbox 2178 1372 2280 1427; x_wconf 71' lang='grc'><strong>125</strong></span> <span class='ocrx_word' id='word_1_270' title='bbox 2322 1373 2361 1427; x_wconf 85' lang='lat' dir='ltr'>E</span> <span class='ocrx_word' id='word_1_271' title='bbox 2401 1384 2455 1427; x_wconf 92' lang='lat' dir='ltr'><strong>et</strong></span> <span class='ocrx_word' id='word_1_272' title='bbox 2496 1390 2669 1443; x_wconf 88' lang='lat' dir='ltr'><strong>seqq.,</strong></span> <span class='ocrx_word' id='word_1_273' title='bbox 2714 1377 2889 1431; x_wconf 88' lang='lat' dir='ltr'><strong>denuo</strong></span> <span class='ocrx_word' id='word_1_274' title='bbox 2932 1376 3125 1430; x_wconf 79' lang='lat' dir='ltr'><strong>excudi</strong></span> <span class='ocrx_word' id='word_1_275' title='bbox 3175 1377 3318 1445; x_wconf 82' lang='lat' dir='ltr'><strong>passi</strong></span> <span class='ocrx_word' id='word_1_276' title='bbox 3361 1390 3589 1441; x_wconf 84' lang='lat' dir='ltr'><strong>sumus:</strong></span> <span class='ocrx_word' id='word_1_277' title='bbox 3635 1384 3748 1428; x_wconf 93' lang='lat' dir='ltr'><strong>tum</strong></span> 
     </span>
    </p>
   </div>
   <div class='ocr_carea' id='block_1_41' title="bbox 2173 1465 3748 1534">
    <p class='ocr_par' dir='ltr' id='par_1_41' title="bbox 2173 1465 3748 1534">
     <span class='ocr_line' id='line_1_41' title="bbox 2173 1465 3748 1534; baseline 0.001 -18"><span class='ocrx_word' id='word_1_278' title='bbox 2173 1466 2314 1533; x_wconf 90' lang='lat' dir='ltr'><strong>quod</strong></span> <span class='ocrx_word' id='word_1_279' title='bbox 2344 1465 2501 1519; x_wconf 90' lang='lat' dir='ltr'><strong>verba</strong></span> <span class='ocrx_word' id='word_1_280' title='bbox 2538 1467 2780 1534; x_wconf 68' lang='lat' dir='ltr'><strong>quaedam</strong></span> <span class='ocrx_word' id='word_1_281' title='bbox 2813 1467 3001 1523; x_wconf 70' lang='lat' dir='ltr'><strong>Graeca</strong></span> <span class='ocrx_word' id='word_1_282' title='bbox 3039 1467 3129 1522; x_wconf 90' lang='lat' dir='ltr'><strong>hic</strong></span> <span class='ocrx_word' id='word_1_283' title='bbox 3160 1476 3364 1520; x_wconf 86' lang='lat' dir='ltr'><strong>mutata</strong></span> <span class='ocrx_word' id='word_1_284' title='bbox 3394 1475 3578 1521; x_wconf 85' lang='lat' dir='ltr'><strong>essent</strong></span> <span class='ocrx_word' id='word_1_285' title='bbox 3608 1479 3748 1534; x_wconf 74' lang='lat' dir='ltr'><strong>pra:-</strong></span> 
     </span>
    </p>
   </div>
   <div class='ocr_carea' id='block_1_42' title="bbox 2172 1556 3749 1626">
    <p class='ocr_par' dir='ltr' id='par_1_42' title="bbox 2172 1556 3749 1626">
     <span class='ocr_line' id='line_1_42' title="bbox 2172 1556 3749 1626; baseline 0.001 -17"><span class='ocrx_word' id='word_1_286' title='bbox 2172 1556 2359 1609; x_wconf 86' lang='lat' dir='ltr'><strong>sertim</strong></span> <span class='ocrx_word' id='word_1_287' title='bbox 2389 1556 2456 1610; x_wconf 88' lang='lat' dir='ltr'><strong>ab</strong></span> <span class='ocrx_word' id='word_1_288' title='bbox 2488 1557 2639 1611; x_wconf 91' lang='lat' dir='ltr'><strong>initio</strong></span> <span class='ocrx_word' id='word_1_289' title='bbox 2684 1575 2699 1611; x_wconf 93' lang='lat'><strong>:</strong></span> <span class='ocrx_word' id='word_1_290' title='bbox 2746 1559 2887 1613; x_wconf 90' lang='lat' dir='ltr'><strong>unde</strong></span> <span class='ocrx_word' id='word_1_291' title='bbox 2935 1559 3157 1613; x_wconf 87' lang='lat' dir='ltr'><strong>daretur</strong></span> <span class='ocrx_word' id='word_1_292' title='bbox 3198 1558 3543 1612; x_wconf 82' lang='lat' dir='ltr'><strong>existimandi</strong></span> <span class='ocrx_word' id='word_1_293' title='bbox 3590 1560 3749 1626; x_wconf 82' lang='lat' dir='ltr'><strong>copia</strong></span> 
     </span>
    </p>
   </div>
   <div class='ocr_carea' id='block_1_43' title="bbox 2173 1648 3746 1720">
    <p class='ocr_par' dir='ltr' id='par_1_43' title="bbox 2173 1648 3746 1720">
     <span class='ocr_line' id='line_1_43' title="bbox 2173 1648 3746 1720; baseline 0.003 -21"><span class='ocrx_word' id='word_1_294' title='bbox 2173 1648 2313 1715; x_wconf 90' lang='lat' dir='ltr'><strong>quod</strong></span> <span class='ocrx_word' id='word_1_295' title='bbox 2381 1648 2715 1704; x_wconf 83' lang='lat' dir='ltr'><strong>Athanasius</strong></span> <span class='ocrx_word' id='word_1_296' title='bbox 2760 1650 2875 1719; x_wconf 89' lang='lat' dir='ltr'><strong>ipse</strong></span> <span class='ocrx_word' id='word_1_297' title='bbox 2936 1650 3041 1705; x_wconf 91' lang='lat' dir='ltr'><strong>hoc</strong></span> <span class='ocrx_word' id='word_1_298' title='bbox 3099 1651 3472 1720; x_wconf 89' lang='lat' dir='ltr'><strong>compendium</strong></span> <span class='ocrx_word' id='word_1_299' title='bbox 3526 1664 3746 1704; x_wconf 90' lang='lat' dir='ltr'><strong>suarum</strong></span> 
     </span>
    </p>
   </div>
   <div class='ocr_carea' id='block_1_44' title="bbox 2172 1737 3747 1795">
    <p class='ocr_par' dir='ltr' id='par_1_44' title="bbox 2172 1737 3747 1795">
     <span class='ocr_line' id='line_1_44' title="bbox 2172 1737 3747 1795; baseline 0.002 -4"><span class='ocrx_word' id='word_1_300' title='bbox 2172 1737 2239 1793; x_wconf 86' lang='lat' dir='ltr'><strong>de</strong></span> <span class='ocrx_word' id='word_1_301' title='bbox 2278 1738 2475 1793; x_wconf 90' lang='lat' dir='ltr'><strong>deitate</strong></span> <span class='ocrx_word' id='word_1_302' title='bbox 2520 1739 2720 1795; x_wconf 88' lang='lat' dir='ltr'><strong>Christi</strong></span> <span class='ocrx_word' id='word_1_303' title='bbox 2782 1741 3308 1795; x_wconf 88' lang='lat' dir='ltr'><strong>demonstrationum</strong></span> <span class='ocrx_word' id='word_1_304' title='bbox 3355 1755 3594 1795; x_wconf 87' lang='lat' dir='ltr'><strong>seorsum</strong></span> <span class='ocrx_word' id='word_1_305' title='bbox 3648 1754 3747 1794; x_wconf 83' lang='lat' dir='ltr'><strong>ex-</strong></span> 
     </span>
    </p>
   </div>
   <div class='ocr_carea' id='block_1_45' title="bbox 2172 1830 3744 1900">
    <p class='ocr_par' dir='ltr' id='par_1_45' title="bbox 2172 1830 3744 1900">
     <span class='ocr_line' id='line_1_45' title="bbox 2172 1830 3744 1900; baseline -0.001 -17"><span class='ocrx_word' id='word_1_306' title='bbox 2172 1838 2356 1895; x_wconf 88' lang='lat' dir='ltr'><strong>stare,</strong></span> <span class='ocrx_word' id='word_1_307' title='bbox 2395 1840 2559 1899; x_wconf 89' lang='lat' dir='ltr'><strong>atque</strong></span> <span class='ocrx_word' id='word_1_308' title='bbox 2602 1832 2675 1885; x_wconf 88' lang='lat' dir='ltr'><strong>ita</strong></span> <span class='ocrx_word' id='word_1_309' title='bbox 2715 1831 2766 1885; x_wconf 92' lang='lat' dir='ltr'><strong>in</strong></span> <span class='ocrx_word' id='word_1_310' title='bbox 2816 1841 3109 1900; x_wconf 86' lang='lat' dir='ltr'><strong>conspectu</strong></span> <span class='ocrx_word' id='word_1_311' title='bbox 3157 1846 3276 1885; x_wconf 90' lang='lat' dir='ltr'><strong>esse</strong></span> <span class='ocrx_word' id='word_1_312' title='bbox 3325 1830 3600 1884; x_wconf 83' lang='lat' dir='ltr'><strong>voluerit:</strong></span> <span class='ocrx_word' id='word_1_313' title='bbox 3635 1837 3744 1881; x_wconf 90' lang='lat' dir='ltr'><strong>tum</strong></span> 
     </span>
    </p>
   </div>
   <div class='ocr_carea' id='block_1_46' title="bbox 2172 1922 3749 1992">
    <p class='ocr_par' dir='ltr' id='par_1_46' title="bbox 2172 1922 3749 1992">
     <span class='ocr_line' id='line_1_46' title="bbox 2172 1922 3749 1992; baseline 0 -15"><span class='ocrx_word' id='word_1_314' title='bbox 2172 1924 2313 1992; x_wconf 89' lang='lat' dir='ltr'><strong>quod</strong></span> <span class='ocrx_word' id='word_1_315' title='bbox 2359 1925 2663 1979; x_wconf 88' lang='lat' dir='ltr'><strong>versionem</strong></span> <span class='ocrx_word' id='word_1_316' title='bbox 2712 1926 2851 1979; x_wconf 90' lang='lat' dir='ltr'><strong>nacti</strong></span> <span class='ocrx_word' id='word_1_317' title='bbox 2902 1940 3145 1980; x_wconf 90' lang='lat' dir='ltr'><strong>essemus</strong></span> <span class='ocrx_word' id='word_1_318' title='bbox 3186 1939 3380 1979; x_wconf 87' lang='lat' dir='ltr'><strong>novam</strong></span> <span class='ocrx_word' id='word_1_319' title='bbox 3433 1922 3586 1989; x_wconf 90' lang='lat' dir='ltr'><strong>cujus</strong></span> <span class='ocrx_word' id='word_1_320' title='bbox 3634 1922 3749 1977; x_wconf 92' lang='lat' dir='ltr'><strong>col-</strong></span> 
     </span>
    </p>
   </div>
   <div class='ocr_carea' id='block_1_47' title="bbox 2172 2012 3747 2083">
    <p class='ocr_par' dir='ltr' id='par_1_47' title="bbox 2172 2012 3747 2083">
     <span class='ocr_line' id='line_1_47' title="bbox 2172 2012 3747 2083; baseline 0.002 -17"><span class='ocrx_word' id='word_1_321' title='bbox 2172 2013 2303 2068; x_wconf 87' lang='lat' dir='ltr'><strong>latio</strong></span> <span class='ocrx_word' id='word_1_322' title='bbox 2346 2028 2468 2068; x_wconf 91' lang='lat' dir='ltr'><strong>cum</strong></span> <span class='ocrx_word' id='word_1_323' title='bbox 2508 2015 2756 2071; x_wconf 88' lang='lat' dir='ltr'><strong>versione</strong></span> <span class='ocrx_word' id='word_1_324' title='bbox 2814 2013 3103 2070; x_wconf 81' lang='lat' dir='ltr'><strong>Nanniana</strong></span> <span class='ocrx_word' id='word_1_325' title='bbox 3145 2030 3252 2071; x_wconf 92' lang='lat' dir='ltr'><strong>non</strong></span> <span class='ocrx_word' id='word_1_326' title='bbox 3305 2014 3579 2070; x_wconf 89' lang='lat' dir='ltr'><strong>videretur</strong></span> <span class='ocrx_word' id='word_1_327' title='bbox 3630 2012 3747 2083; x_wconf 83' lang='lat' dir='ltr'><strong>fore</strong></span> 
     </span>
    </p>
   </div>
   <div class='ocr_carea' id='block_1_48' title="bbox 2170 2101 2525 2160">
    <p class='ocr_par' dir='ltr' id='par_1_48' title="bbox 2170 2101 2525 2160">
     <span class='ocr_line' id='line_1_48' title="bbox 2170 2101 2525 2160; baseline 0.006 -4"><span class='ocrx_word' id='word_1_328' title='bbox 2170 2101 2525 2160; x_wconf 86' lang='lat' dir='ltr'><strong>infructuosa.</strong></span> 
     </span>
    </p>
   </div>
   <div class='ocr_carea' id='block_1_49' title="bbox 2241 2259 3745 2331">
    <p class='ocr_par' dir='ltr' id='par_1_49' title="bbox 2241 2259 3745 2331">
     <span class='ocr_line' id='line_1_49' title="bbox 2241 2259 3745 2331; baseline -0.003 -14"><span class='ocrx_word' id='word_1_329' title='bbox 2241 2262 2347 2317; x_wconf 89' lang='lat' dir='ltr'><strong>Sed</strong></span> <span class='ocrx_word' id='word_1_330' title='bbox 2382 2268 2435 2314; x_wconf 91' lang='lat' dir='ltr'><strong>et</strong></span> <span class='ocrx_word' id='word_1_331' title='bbox 2467 2260 2595 2315; x_wconf 91' lang='lat' dir='ltr'><strong>illud</strong></span> <span class='ocrx_word' id='word_1_332' title='bbox 2618 2260 2776 2326; x_wconf 92' lang='lat' dir='ltr'><strong>scito,</strong></span> <span class='ocrx_word' id='word_1_333' title='bbox 2811 2259 3025 2325; x_wconf 86' lang='lat' dir='ltr'><strong>Lector,</strong></span> <span class='ocrx_word' id='word_1_334' title='bbox 3054 2262 3103 2314; x_wconf 93' lang='lat' dir='ltr'><strong>in</strong></span> <span class='ocrx_word' id='word_1_335' title='bbox 3134 2260 3424 2331; x_wconf 83' lang='lat' dir='ltr'><strong>exemplari</strong></span> <span class='ocrx_word' id='word_1_336' title='bbox 3462 2274 3563 2313; x_wconf 89' lang='lat' dir='ltr'><strong>ms.</strong></span> <span class='ocrx_word' id='word_1_337' title='bbox 3597 2259 3745 2313; x_wconf 62' lang='lat' dir='ltr'><strong>Bast-</strong></span> 
     </span>
    </p>
   </div>
   <div class='ocr_carea' id='block_1_50' title="bbox 2171 2352 3741 2424">
    <p class='ocr_par' dir='ltr' id='par_1_50' title="bbox 2171 2352 3741 2424">
     <span class='ocr_line' id='line_1_50' title="bbox 2171 2352 3741 2424; baseline -0.002 -17"><span class='ocrx_word' id='word_1_338' title='bbox 2171 2353 2361 2418; x_wconf 92' lang='lat' dir='ltr'><strong>liensi,</strong></span> <span class='ocrx_word' id='word_1_339' title='bbox 2415 2354 2561 2424; x_wconf 88' lang='lat' dir='ltr'><strong>quod</strong></span> <span class='ocrx_word' id='word_1_340' title='bbox 2633 2354 2845 2408; x_wconf 63' lang='lat' dir='ltr'><strong>caeteris</strong></span> <span class='ocrx_word' id='word_1_341' title='bbox 2903 2354 3156 2407; x_wconf 90' lang='lat' dir='ltr'><strong>omnibus</strong></span> <span class='ocrx_word' id='word_1_342' title='bbox 3199 2352 3319 2421; x_wconf 90' lang='lat' dir='ltr'><strong>jure</strong></span> <span class='ocrx_word' id='word_1_343' title='bbox 3372 2352 3741 2421; x_wconf 65' lang='lat' dir='ltr'><strong>praeferimus,</strong></span> 
     </span>
    </p>
   </div>
   <div class='ocr_carea' id='block_1_51' title="bbox 2171 2443 3749 2515">
    <p class='ocr_par' dir='ltr' id='par_1_51' title="bbox 2171 2443 3749 2515">
     <span class='ocr_line' id='line_1_51' title="bbox 2171 2443 3749 2515; baseline -0.002 -16"><span class='ocrx_word' id='word_1_344' title='bbox 2171 2446 2335 2499; x_wconf 86' lang='lat' dir='ltr'><strong>multa</strong></span> <span class='ocrx_word' id='word_1_345' title='bbox 2373 2446 2552 2500; x_wconf 88' lang='lat' dir='ltr'><strong>inesse</strong></span> <span class='ocrx_word' id='word_1_346' title='bbox 2586 2460 2708 2515; x_wconf 62' lang='lat' dir='ltr'><strong>quae</strong></span> <span class='ocrx_word' id='word_1_347' title='bbox 2738 2461 2911 2515; x_wconf 89' lang='lat' dir='ltr'><strong>neque</strong></span> <span class='ocrx_word' id='word_1_348' title='bbox 2957 2445 3236 2499; x_wconf 85' lang='lat' dir='ltr'><strong>Athanasii</strong></span> <span class='ocrx_word' id='word_1_349' title='bbox 3285 2443 3493 2497; x_wconf 87' lang='lat' dir='ltr'><strong>titulum</strong></span> <span class='ocrx_word' id='word_1_350' title='bbox 3543 2458 3656 2512; x_wconf 77' lang='lat' dir='ltr'><strong>pra:</strong></span> <span class='ocrx_word' id='word_1_351' title='bbox 3686 2457 3749 2496; x_wconf 88' lang='lat' dir='ltr'><strong>se</strong></span> 
     </span>
    </p>
   </div>
   <div class='ocr_carea' id='block_1_52' title="bbox 2170 2531 3742 2603">
    <p class='ocr_par' dir='ltr' id='par_1_52' title="bbox 2170 2531 3742 2603">
     <span class='ocr_line' id='line_1_52' title="bbox 2170 2531 3742 2603; baseline -0.004 -13"><span class='ocrx_word' id='word_1_352' title='bbox 2170 2536 2364 2603; x_wconf 90' lang='lat' dir='ltr'><strong>ferant,</strong></span> <span class='ocrx_word' id='word_1_353' title='bbox 2398 2545 2451 2591; x_wconf 89' lang='lat' dir='ltr'><strong>et</strong></span> <span class='ocrx_word' id='word_1_354' title='bbox 2484 2535 2594 2602; x_wconf 88' lang='lat' dir='ltr'><strong>jam</strong></span> <span class='ocrx_word' id='word_1_355' title='bbox 2636 2546 2817 2600; x_wconf 89' lang='lat' dir='ltr'><strong>antea,</strong></span> <span class='ocrx_word' id='word_1_356' title='bbox 2862 2543 2970 2588; x_wconf 91' lang='lat' dir='ltr'><strong>tam</strong></span> <span class='ocrx_word' id='word_1_357' title='bbox 3002 2534 3211 2596; x_wconf 69' lang='lat' dir='ltr'><strong>Grmce,</strong></span> <span class='ocrx_word' id='word_1_358' title='bbox 3256 2548 3417 2602; x_wconf 92' lang='lat' dir='ltr'><strong>quam</strong></span> <span class='ocrx_word' id='word_1_359' title='bbox 3453 2532 3646 2585; x_wconf 90' lang='lat' dir='ltr'><strong>Latine</strong></span> <span class='ocrx_word' id='word_1_360' title='bbox 3689 2531 3742 2584; x_wconf 91' lang='lat' dir='ltr'><strong>in</strong></span> 
     </span>
    </p>
   </div>
   <div class='ocr_carea' id='block_1_53' title="bbox 2168 2621 3743 2692">
    <p class='ocr_par' dir='ltr' id='par_1_53' title="bbox 2168 2621 3743 2692">
     <span class='ocr_line' id='line_1_53' title="bbox 2168 2621 3743 2692; baseline -0.003 -11"><span class='ocrx_word' id='word_1_361' title='bbox 2168 2627 2408 2681; x_wconf 72' lang='lat' dir='ltr'><strong>Historia</strong></span> <span class='ocrx_word' id='word_1_362' title='bbox 2466 2626 2817 2681; x_wconf 74' lang='lat' dir='ltr'><strong>ecclesiastica</strong></span> <span class='ocrx_word' id='word_1_363' title='bbox 2864 2633 3108 2689; x_wconf 77' lang='lat' dir='ltr'><strong>exstent,</strong></span> <span class='ocrx_word' id='word_1_364' title='bbox 3159 2635 3320 2692; x_wconf 89' lang='lat' dir='ltr'><strong>atque</strong></span> <span class='ocrx_word' id='word_1_365' title='bbox 3360 2623 3484 2677; x_wconf 91' lang='lat' dir='ltr'><strong>inde</strong></span> <span class='ocrx_word' id='word_1_366' title='bbox 3520 2621 3743 2676; x_wconf 88' lang='lat' dir='ltr'><strong>omnino</strong></span> 
     </span>
    </p>
   </div>
   <div class='ocr_carea' id='block_1_54' title="bbox 2169 2713 3741 2786">
    <p class='ocr_par' dir='ltr' id='par_1_54' title="bbox 2169 2713 3741 2786">
     <span class='ocr_line' id='line_1_54' title="bbox 2169 2713 3741 2786; baseline -0.003 -13"><span class='ocrx_word' id='word_1_367' title='bbox 2169 2718 2221 2773; x_wconf 81' lang='lat' dir='ltr'><strong>in</strong></span> <span class='ocrx_word' id='word_1_368' title='bbox 2256 2719 2415 2771; x_wconf 90' lang='lat' dir='ltr'><strong>istum</strong></span> <span class='ocrx_word' id='word_1_369' title='bbox 2444 2718 2681 2771; x_wconf 89' lang='lat' dir='ltr'><strong>codicem</strong></span> <span class='ocrx_word' id='word_1_370' title='bbox 2719 2716 3041 2786; x_wconf 85' lang='lat' dir='ltr'><strong>transcripta</strong></span> <span class='ocrx_word' id='word_1_371' title='bbox 3068 2735 3081 2769; x_wconf 88' lang='lat'><strong>:</strong></span> <span class='ocrx_word' id='word_1_372' title='bbox 3114 2716 3213 2768; x_wconf 88' lang='lat' dir='ltr'><strong>ista</strong></span> <span class='ocrx_word' id='word_1_373' title='bbox 3244 2714 3407 2783; x_wconf 86' lang='lat' dir='ltr'><strong>igitur</strong></span> <span class='ocrx_word' id='word_1_374' title='bbox 3431 2713 3741 2777; x_wconf 83' lang='lat' dir='ltr'><strong>omisimus,</strong></span> 
     </span>
    </p>
   </div>
   <div class='ocr_carea' id='block_1_55' title="bbox 2168 2804 3743 2877">
    <p class='ocr_par' dir='ltr' id='par_1_55' title="bbox 2168 2804 3743 2877">
     <span class='ocr_line' id='line_1_55' title="bbox 2168 2804 3743 2877; baseline -0.002 -16"><span class='ocrx_word' id='word_1_375' title='bbox 2168 2809 2250 2863; x_wconf 90' lang='lat' dir='ltr'><strong>vel</strong></span> <span class='ocrx_word' id='word_1_376' title='bbox 2300 2808 2480 2877; x_wconf 88' lang='lat' dir='ltr'><strong>p0tius</strong></span> <span class='ocrx_word' id='word_1_377' title='bbox 2524 2808 2589 2861; x_wconf 91' lang='lat' dir='ltr'><strong>ad</strong></span> <span class='ocrx_word' id='word_1_378' title='bbox 2646 2807 2937 2861; x_wconf 80' lang='lat' dir='ltr'><strong>Historiam</strong></span> <span class='ocrx_word' id='word_1_379' title='bbox 2987 2806 3430 2864; x_wconf 80' lang='lat' dir='ltr'><strong>ecclesiasticam.</strong></span> <span class='ocrx_word' id='word_1_380' title='bbox 3482 2805 3623 2857; x_wconf 90' lang='lat' dir='ltr'><strong>unde</strong></span> <span class='ocrx_word' id='word_1_381' title='bbox 3674 2804 3743 2858; x_wconf 90' lang='lat' dir='ltr'><strong>ad</strong></span> 
     </span>
    </p>
   </div>
   <div class='ocr_carea' id='block_1_56' title="bbox 2168 2894 3741 2968">
    <p class='ocr_par' dir='ltr' id='par_1_56' title="bbox 2168 2894 3741 2968">
     <span class='ocr_line' id='line_1_56' title="bbox 2168 2894 3741 2968; baseline -0.002 -16"><span class='ocrx_word' id='word_1_382' title='bbox 2168 2901 2389 2955; x_wconf 89' lang='lat' dir='ltr'><strong>verbum</strong></span> <span class='ocrx_word' id='word_1_383' title='bbox 2440 2900 2708 2968; x_wconf 86' lang='lat' dir='ltr'><strong>descripta</strong></span> <span class='ocrx_word' id='word_1_384' title='bbox 2760 2909 2956 2965; x_wconf 90' lang='lat' dir='ltr'><strong>erant,</strong></span> <span class='ocrx_word' id='word_1_385' title='bbox 3005 2899 3350 2963; x_wconf 88' lang='lat' dir='ltr'><strong>remisimus;</strong></span> <span class='ocrx_word' id='word_1_386' title='bbox 3406 2896 3567 2964; x_wconf 84' lang='lat' dir='ltr'><strong>idque</strong></span> <span class='ocrx_word' id='word_1_387' title='bbox 3622 2894 3741 2949; x_wconf 88' lang='lat' dir='ltr'><strong>ideo</strong></span> 
     </span>
    </p>
   </div>
   <div class='ocr_carea' id='block_1_57' title="bbox 2167 2990 3739 3060">
    <p class='ocr_par' dir='ltr' id='par_1_57' title="bbox 2167 2990 3739 3060">
     <span class='ocr_line' id='line_1_57' title="bbox 2167 2990 3739 3060; baseline -0.003 -14"><span class='ocrx_word' id='word_1_388' title='bbox 2167 3007 2264 3046; x_wconf 85' lang='lat' dir='ltr'><strong>nos</strong></span> <span class='ocrx_word' id='word_1_389' title='bbox 2311 2992 2508 3046; x_wconf 80' lang='lat' dir='ltr'><strong>fecisse</strong></span> <span class='ocrx_word' id='word_1_390' title='bbox 2544 2992 2865 3054; x_wconf 90' lang='lat' dir='ltr'><strong>indicamus,</strong></span> <span class='ocrx_word' id='word_1_391' title='bbox 2908 3007 2974 3045; x_wconf 91' lang='lat' dir='ltr'><strong>ne</strong></span> <span class='ocrx_word' id='word_1_392' title='bbox 3008 2992 3130 3060; x_wconf 88' lang='lat' dir='ltr'><strong>quis</strong></span> <span class='ocrx_word' id='word_1_393' title='bbox 3165 2990 3324 3053; x_wconf 91' lang='lat' dir='ltr'><strong>forte,</strong></span> <span class='ocrx_word' id='word_1_394' title='bbox 3357 2990 3446 3059; x_wconf 93' lang='lat' dir='ltr'><strong>qui</strong></span> <span class='ocrx_word' id='word_1_395' title='bbox 3498 2990 3739 3044; x_wconf 78' lang='lat' dir='ltr'><strong>codicem</strong></span> 
     </span>
    </p>
   </div>
   <div class='ocr_carea' id='block_1_58' title="bbox 2165 3081 3741 3153">
    <p class='ocr_par' dir='ltr' id='par_1_58' title="bbox 2165 3081 3741 3153">
     <span class='ocr_line' id='line_1_58' title="bbox 2165 3081 3741 3153; baseline -0.003 -16"><span class='ocrx_word' id='word_1_396' title='bbox 2165 3085 2515 3139; x_wconf 88' lang='lat' dir='ltr'><strong>Basiliensem</strong></span> <span class='ocrx_word' id='word_1_397' title='bbox 2552 3085 2846 3153; x_wconf 88' lang='lat' dir='ltr'><strong>aliquando</strong></span> <span class='ocrx_word' id='word_1_398' title='bbox 2895 3085 3124 3147; x_wconf 82' lang='lat' dir='ltr'><strong>viderit,</strong></span> <span class='ocrx_word' id='word_1_399' title='bbox 3173 3095 3413 3138; x_wconf 87' lang='lat' dir='ltr'><strong>nostram</strong></span> <span class='ocrx_word' id='word_1_400' title='bbox 3454 3082 3593 3136; x_wconf 85' lang='lat' dir='ltr'><strong>hanc</strong></span> <span class='ocrx_word' id='word_1_401' title='bbox 3624 3081 3741 3136; x_wconf 82' lang='lat' dir='ltr'><strong>edi-</strong></span> 
     </span>
    </p>
   </div>
   <div class='ocr_carea' id='block_1_59' title="bbox 2166 3174 3740 3246">
    <p class='ocr_par' dir='ltr' id='par_1_59' title="bbox 2166 3174 3740 3246">
     <span class='ocr_line' id='line_1_59' title="bbox 2166 3174 3740 3246; baseline -0.001 -17"><span class='ocrx_word' id='word_1_402' title='bbox 2166 3175 2365 3229; x_wconf 86' lang='lat' dir='ltr'><strong>tionem</strong></span> <span class='ocrx_word' id='word_1_403' title='bbox 2396 3176 2636 3229; x_wconf 86' lang='lat' dir='ltr'><strong>mutilam</strong></span> <span class='ocrx_word' id='word_1_404' title='bbox 2668 3190 2789 3231; x_wconf 86' lang='lat' dir='ltr'><strong>esse</strong></span> <span class='ocrx_word' id='word_1_405' title='bbox 2833 3176 3095 3246; x_wconf 90' lang='lat' dir='ltr'><strong>suspicari</strong></span> <span class='ocrx_word' id='word_1_406' title='bbox 3143 3177 3330 3244; x_wconf 90' lang='lat' dir='ltr'><strong>possit.</strong></span> <span class='ocrx_word' id='word_1_407' title='bbox 3360 3175 3529 3241; x_wconf 84' lang='lat' dir='ltr'><strong>Quam</strong></span> <span class='ocrx_word' id='word_1_408' title='bbox 3562 3174 3740 3241; x_wconf 86' lang='lat' dir='ltr'><strong>suspi-</strong></span> 
     </span>
    </p>
   </div>
   <div class='ocr_carea' id='block_1_60' title="bbox 491 3241 2064 3337">
    <p class='ocr_par' dir='ltr' id='par_1_60' title="bbox 491 3246 2060 3321">
     <span class='ocr_line' id='line_1_60' title="bbox 491 3246 2060 3321; baseline 0.002 -19"><span class='ocrx_word' id='word_1_409' title='bbox 491 3246 830 3303; x_wconf 86' lang='lat' dir='ltr'><strong>testationem</strong></span> <span class='ocrx_word' id='word_1_410' title='bbox 884 3250 1175 3309; x_wconf 86' lang='lat' dir='ltr'><strong>secundam</strong></span> <span class='ocrx_word' id='word_1_411' title='bbox 1231 3249 1409 3321; x_wconf 87' lang='lat' dir='ltr'><strong>populi</strong></span> <span class='ocrx_word' id='word_1_412' title='bbox 1460 3250 1811 3305; x_wconf 79' lang='lat' dir='ltr'><strong>Alexandrini</strong></span> <span class='ocrx_word' id='word_1_413' title='bbox 1858 3266 1887 3304; x_wconf 91' lang='lat' dir='ltr'><strong>a</strong></span> <span class='ocrx_word' id='word_1_414' title='bbox 1947 3252 2060 3305; x_wconf 91' lang='lat' dir='ltr'><strong>suis</strong></span> 
     </span>
    </p>
   </div>
   <div class='ocr_carea' id='block_1_61' title="bbox 2167 3241 3739 3337">
    <p class='ocr_par' dir='ltr' id='par_1_61' title="bbox 2167 3266 3739 3337">
     <span class='ocr_line' id='line_1_61' title="bbox 2167 3266 3739 3337; baseline -0.002 -15"><span class='ocrx_word' id='word_1_415' title='bbox 2167 3269 2373 3323; x_wconf 90' lang='lat' dir='ltr'><strong>cionem</strong></span> <span class='ocrx_word' id='word_1_416' title='bbox 2416 3278 2473 3321; x_wconf 92' lang='lat' dir='ltr'><strong>nt</strong></span> <span class='ocrx_word' id='word_1_417' title='bbox 2514 3268 2863 3332; x_wconf 87' lang='lat' dir='ltr'><strong>evitaremus,</strong></span> <span class='ocrx_word' id='word_1_418' title='bbox 2908 3283 3243 3337; x_wconf 72' lang='lat' dir='ltr'><strong>qumcunqne</strong></span> <span class='ocrx_word' id='word_1_419' title='bbox 3296 3284 3518 3334; x_wconf 85' lang='lat' dir='ltr'><strong>nsquam</strong></span> <span class='ocrx_word' id='word_1_420' title='bbox 3565 3266 3739 3319; x_wconf 86' lang='lat' dir='ltr'><strong>Atha-</strong></span> 
     </span>
    </p>
   </div>
   <div class='ocr_carea' id='block_1_62' title="bbox 490 3336 2057 3419">
    <p class='ocr_par' dir='ltr' id='par_1_62' title="bbox 490 3336 2057 3419">
     <span class='ocr_line' id='line_1_62' title="bbox 490 3336 2057 3419; baseline 0.005 -30"><span class='ocrx_word' id='word_1_421' title='bbox 490 3336 623 3392; x_wconf 91' lang='lat' dir='ltr'><strong>locis</strong></span> <span class='ocrx_word' id='word_1_422' title='bbox 648 3338 885 3419; x_wconf 82' lang='lat' dir='ltr'><strong>divulsas</strong></span> <span class='ocrx_word' id='word_1_423' title='bbox 920 3341 986 3394; x_wconf 88' lang='lat' dir='ltr'><strong>ad</strong></span> <span class='ocrx_word' id='word_1_424' title='bbox 1017 3352 1320 3397; x_wconf 82' lang='lat' dir='ltr'><strong>extremum</strong></span> <span class='ocrx_word' id='word_1_425' title='bbox 1351 3342 1506 3411; x_wconf 87' lang='lat' dir='ltr'><strong>primi</strong></span> <span class='ocrx_word' id='word_1_426' title='bbox 1547 3343 1673 3394; x_wconf 90' lang='lat' dir='ltr'><strong>tomi</strong></span> <span class='ocrx_word' id='word_1_427' title='bbox 1716 3341 2015 3408; x_wconf 88' lang='lat' dir='ltr'><strong>rejecerunt</strong></span> <span class='ocrx_word' id='word_1_428' title='bbox 2043 3360 2057 3397; x_wconf 90' lang='lat'><strong>:</strong></span> 
     </span>
    </p>
   </div>
   <div class='ocr_carea' id='block_1_63' title="bbox 489 3428 2062 3502">
    <p class='ocr_par' dir='ltr' id='par_1_63' title="bbox 489 3428 2062 3502">
     <span class='ocr_line' id='line_1_63' title="bbox 489 3428 2062 3502; baseline 0.005 -21"><span class='ocrx_word' id='word_1_429' title='bbox 489 3428 543 3482; x_wconf 91' lang='lat' dir='ltr'><strong>in</strong></span> <span class='ocrx_word' id='word_1_430' title='bbox 568 3430 805 3487; x_wconf 86' lang='lat' dir='ltr'><strong>secundo</strong></span> <span class='ocrx_word' id='word_1_431' title='bbox 836 3441 1001 3496; x_wconf 90' lang='lat' dir='ltr'><strong>tomo,</strong></span> <span class='ocrx_word' id='word_1_432' title='bbox 1029 3446 1188 3499; x_wconf 91' lang='lat' dir='ltr'><strong>quem</strong></span> <span class='ocrx_word' id='word_1_433' title='bbox 1223 3433 1465 3489; x_wconf 88' lang='lat' dir='ltr'><strong>ordinem</strong></span> <span class='ocrx_word' id='word_1_434' title='bbox 1498 3434 1912 3497; x_wconf 83' lang='lat' dir='ltr'><strong>servaverimus,</strong></span> <span class='ocrx_word' id='word_1_435' title='bbox 1950 3435 2062 3502; x_wconf 88' lang='lat' dir='ltr'><strong>ipse</strong></span> 
     </span>
    </p>
   </div>
   <div class='ocr_carea' id='block_1_64' title="bbox 488 3518 2050 3593">
    <p class='ocr_par' dir='ltr' id='par_1_64' title="bbox 488 3518 2050 3593">
     <span class='ocr_line' id='line_1_64' title="bbox 488 3518 2050 3593; baseline 0.002 -18"><span class='ocrx_word' id='word_1_436' title='bbox 488 3518 747 3575; x_wconf 90' lang='lat' dir='ltr'><strong>librorum</strong></span> <span class='ocrx_word' id='word_1_437' title='bbox 777 3521 1077 3589; x_wconf 73' lang='lat' dir='ltr'><strong>catalogus,</strong></span> <span class='ocrx_word' id='word_1_438' title='bbox 1108 3522 1277 3577; x_wconf 90' lang='lat' dir='ltr'><strong>altera</strong></span> <span class='ocrx_word' id='word_1_439' title='bbox 1314 3533 1434 3593; x_wconf 88' lang='lat' dir='ltr'><strong>post</strong></span> <span class='ocrx_word' id='word_1_440' title='bbox 1465 3523 1678 3593; x_wconf 82' lang='lat' dir='ltr'><strong>titulum</strong></span> <span class='ocrx_word' id='word_1_441' title='bbox 1722 3525 1914 3593; x_wconf 82' lang='lat' dir='ltr'><strong>pagina</strong></span> <span class='ocrx_word' id='word_1_442' title='bbox 1947 3526 2050 3578; x_wconf 74' lang='grc' dir='ltr'><strong>ροι-</strong></span> 
     </span>
    </p>
   </div>
   <div class='ocr_carea' id='block_1_65' title="bbox 486 3610 1476 3683">
    <p class='ocr_par' dir='ltr' id='par_1_65' title="bbox 486 3610 1476 3683">
     <span class='ocr_line' id='line_1_65' title="bbox 486 3610 1476 3683; baseline 0 -14"><span class='ocrx_word' id='word_1_443' title='bbox 486 3610 714 3679; x_wconf 75' lang='lat' dir='ltr'><strong>locatus,</strong></span> <span class='ocrx_word' id='word_1_444' title='bbox 746 3612 879 3668; x_wconf 88' lang='lat' dir='ltr'><strong>satis</strong></span> <span class='ocrx_word' id='word_1_445' title='bbox 912 3628 1181 3683; x_wconf 87' lang='lat' dir='ltr'><strong>superque</strong></span> <span class='ocrx_word' id='word_1_446' title='bbox 1207 3615 1476 3670; x_wconf 90' lang='lat' dir='ltr'><strong>ostendet.</strong></span> 
     </span>
    </p>
   </div>
   <div class='ocr_carea' id='block_1_66' title="bbox 557 3725 2059 3798">
    <p class='ocr_par' dir='ltr' id='par_1_66' title="bbox 557 3725 2059 3798">
     <span class='ocr_line' id='line_1_66' title="bbox 557 3725 2059 3798; baseline 0 -18"><span class='ocrx_word' id='word_1_447' title='bbox 557 3725 760 3791; x_wconf 87' lang='lat' dir='ltr'><strong>Porro,</strong></span> <span class='ocrx_word' id='word_1_448' title='bbox 815 3728 862 3784; x_wconf 83' lang='lat' dir='ltr'><strong>si</strong></span> <span class='ocrx_word' id='word_1_449' title='bbox 916 3741 1053 3798; x_wconf 84' lang='lat' dir='ltr'><strong>quos</strong></span> <span class='ocrx_word' id='word_1_450' title='bbox 1106 3727 1291 3786; x_wconf 89' lang='lat' dir='ltr'><strong>titulos</strong></span> <span class='ocrx_word' id='word_1_451' title='bbox 1357 3728 1409 3781; x_wconf 92' lang='lat' dir='ltr'><strong>in</strong></span> <span class='ocrx_word' id='word_1_452' title='bbox 1463 3728 1706 3798; x_wconf 84' lang='lat' dir='ltr'><strong>catalogo</strong></span> <span class='ocrx_word' id='word_1_453' title='bbox 1762 3726 2059 3783; x_wconf 90' lang='lat' dir='ltr'><strong>editionum</strong></span> 
     </span>
    </p>
   </div>
   <div class='ocr_carea' id='block_1_67' title="bbox 488 3812 2057 3893">
    <p class='ocr_par' dir='ltr' id='par_1_67' title="bbox 488 3812 2057 3893">
     <span class='ocr_line' id='line_1_67' title="bbox 488 3812 2057 3893; baseline 0.002 -24"><span class='ocrx_word' id='word_1_454' title='bbox 488 3812 891 3885; x_wconf 74' lang='lat' dir='ltr'><strong>Nannianarum</strong></span> <span class='ocrx_word' id='word_1_455' title='bbox 928 3819 1169 3887; x_wconf 84' lang='lat' dir='ltr'><strong>priorum</strong></span> <span class='ocrx_word' id='word_1_456' title='bbox 1212 3826 1491 3883; x_wconf 76' lang='lat' dir='ltr'><strong>exstantes</strong></span> <span class='ocrx_word' id='word_1_457' title='bbox 1520 3817 1607 3874; x_wconf 89' lang='lat' dir='ltr'><strong>hic</strong></span> <span class='ocrx_word' id='word_1_458' title='bbox 1634 3833 1738 3874; x_wconf 90' lang='lat' dir='ltr'><strong>non</strong></span> <span class='ocrx_word' id='word_1_459' title='bbox 1770 3817 2057 3893; x_wconf 90' lang='lat' dir='ltr'><strong>repereris,</strong></span> 
     </span>
    </p>
   </div>
   <div class='ocr_carea' id='block_1_68' title="bbox 488 3909 2057 3981">
    <p class='ocr_par' dir='ltr' id='par_1_68' title="bbox 488 3909 2057 3981">
     <span class='ocr_line' id='line_1_68' title="bbox 488 3909 2057 3981; baseline 0.001 -20"><span class='ocrx_word' id='word_1_460' title='bbox 488 3922 557 3962; x_wconf 88' lang='lat' dir='ltr'><strong>ne</strong></span> <span class='ocrx_word' id='word_1_461' title='bbox 596 3917 649 3961; x_wconf 89' lang='lat' dir='ltr'><strong>te</strong></span> <span class='ocrx_word' id='word_1_462' title='bbox 689 3909 742 3963; x_wconf 92' lang='lat' dir='ltr'><strong>id</strong></span> <span class='ocrx_word' id='word_1_463' title='bbox 786 3920 1021 3981; x_wconf 82' lang='lat' dir='ltr'><strong>moveat.</strong></span> <span class='ocrx_word' id='word_1_464' title='bbox 1069 3909 1209 3965; x_wconf 81' lang='lat' dir='ltr'><strong>Nihil</strong></span> <span class='ocrx_word' id='word_1_465' title='bbox 1255 3910 1557 3975; x_wconf 91' lang='lat' dir='ltr'><strong>omisimus,</strong></span> <span class='ocrx_word' id='word_1_466' title='bbox 1602 3910 1694 3966; x_wconf 89' lang='lat' dir='ltr'><strong>sed</strong></span> <span class='ocrx_word' id='word_1_467' title='bbox 1747 3926 1808 3965; x_wconf 90' lang='lat' dir='ltr'><strong>ea</strong></span> <span class='ocrx_word' id='word_1_468' title='bbox 1851 3919 2057 3964; x_wconf 90' lang='lat' dir='ltr'><strong>tantum</strong></span> 
     </span>
    </p>
   </div>
   <div class='ocr_carea' id='block_1_69' title="bbox 486 4001 2060 4073">
    <p class='ocr_par' dir='ltr' id='par_1_69' title="bbox 486 4001 2060 4073">
     <span class='ocr_line' id='line_1_69' title="bbox 486 4001 2060 4073; baseline 0.002 -19"><span class='ocrx_word' id='word_1_469' title='bbox 486 4015 606 4071; x_wconf 74' lang='lat' dir='ltr'><strong>qua:</strong></span> <span class='ocrx_word' id='word_1_470' title='bbox 635 4016 731 4070; x_wconf 91' lang='lat' dir='ltr'><strong>per</strong></span> <span class='ocrx_word' id='word_1_471' title='bbox 767 4001 1037 4059; x_wconf 89' lang='lat' dir='ltr'><strong>inscitiam</strong></span> <span class='ocrx_word' id='word_1_472' title='bbox 1066 4012 1225 4058; x_wconf 88' lang='lat' dir='ltr'><strong>antea</strong></span> <span class='ocrx_word' id='word_1_473' title='bbox 1269 4018 1368 4073; x_wconf 92' lang='lat' dir='ltr'><strong>pro</strong></span> <span class='ocrx_word' id='word_1_474' title='bbox 1398 4002 1761 4071; x_wconf 85' lang='lat' dir='ltr'><strong>peculiaribus</strong></span> <span class='ocrx_word' id='word_1_475' title='bbox 1799 4002 1973 4066; x_wconf 90' lang='lat' dir='ltr'><strong>libris,</strong></span> <span class='ocrx_word' id='word_1_476' title='bbox 2006 4010 2060 4057; x_wconf 90' lang='lat' dir='ltr'><strong>et</strong></span> 
     </span>
    </p>
   </div>
   <div class='ocr_carea' id='block_1_70' title="bbox 485 4091 2057 4162">
    <p class='ocr_par' dir='ltr' id='par_1_70' title="bbox 485 4091 2057 4162">
     <span class='ocr_line' id='line_1_70' title="bbox 485 4091 2057 4162; baseline 0.003 -17"><span class='ocrx_word' id='word_1_477' title='bbox 485 4091 587 4146; x_wconf 89' lang='lat' dir='ltr'><strong>sub</strong></span> <span class='ocrx_word' id='word_1_478' title='bbox 640 4092 997 4162; x_wconf 87' lang='lat' dir='ltr'><strong>peculiaribus</strong></span> <span class='ocrx_word' id='word_1_479' title='bbox 1045 4095 1217 4156; x_wconf 83' lang='lat' dir='ltr'><strong>titulis</strong></span> <span class='ocrx_word' id='word_1_480' title='bbox 1268 4096 1486 4151; x_wconf 88' lang='lat' dir='ltr'><strong>vendita</strong></span> <span class='ocrx_word' id='word_1_481' title='bbox 1528 4106 1716 4161; x_wconf 88' lang='lat' dir='ltr'><strong>erant,</strong></span> <span class='ocrx_word' id='word_1_482' title='bbox 1767 4112 1888 4151; x_wconf 92' lang='lat' dir='ltr'><strong>cum</strong></span> <span class='ocrx_word' id='word_1_483' title='bbox 1952 4111 2057 4149; x_wconf 93' lang='lat' dir='ltr'><strong>non</strong></span> 
     </span>
    </p>
   </div>
   <div class='ocr_carea' id='block_1_71' title="bbox 483 4182 2058 4259">
    <p class='ocr_par' dir='ltr' id='par_1_71' title="bbox 483 4182 2058 4259">
     <span class='ocr_line' id='line_1_71' title="bbox 483 4182 2058 4259; baseline 0.003 -22"><span class='ocrx_word' id='word_1_484' title='bbox 483 4182 589 4238; x_wconf 88' lang='lat' dir='ltr'><strong>nisi</strong></span> <span class='ocrx_word' id='word_1_485' title='bbox 622 4183 851 4241; x_wconf 91' lang='lat' dir='ltr'><strong>aliorum</strong></span> <span class='ocrx_word' id='word_1_486' title='bbox 904 4185 1163 4243; x_wconf 89' lang='lat' dir='ltr'><strong>librorum</strong></span> <span class='ocrx_word' id='word_1_487' title='bbox 1198 4189 1308 4259; x_wconf 89' lang='lat' dir='ltr'><strong>jam</strong></span> <span class='ocrx_word' id='word_1_488' title='bbox 1344 4196 1501 4247; x_wconf 81' lang='lat' dir='ltr'><strong>antea</strong></span> <span class='ocrx_word' id='word_1_489' title='bbox 1549 4188 1600 4242; x_wconf 93' lang='lat' dir='ltr'><strong>in</strong></span> <span class='ocrx_word' id='word_1_490' title='bbox 1649 4190 1751 4247; x_wconf 93' lang='lat' dir='ltr'><strong>hoc</strong></span> <span class='ocrx_word' id='word_1_491' title='bbox 1790 4188 2058 4243; x_wconf 89' lang='lat' dir='ltr'><strong>volumine</strong></span> 
     </span>
    </p>
   </div>
   <div class='ocr_carea' id='block_1_72' title="bbox 484 4277 2057 4349">
    <p class='ocr_par' dir='ltr' id='par_1_72' title="bbox 484 4277 2057 4349">
     <span class='ocr_line' id='line_1_72' title="bbox 484 4277 2057 4349; baseline 0.005 -22"><span class='ocrx_word' id='word_1_492' title='bbox 484 4287 804 4330; x_wconf 77' lang='lat' dir='ltr'><strong>excusorum</strong></span> <span class='ocrx_word' id='word_1_493' title='bbox 846 4277 1145 4349; x_wconf 87' lang='lat' dir='ltr'><strong>fragmenta</strong></span> <span class='ocrx_word' id='word_1_494' title='bbox 1185 4287 1402 4342; x_wconf 86' lang='lat' dir='ltr'><strong>essent,</strong></span> <span class='ocrx_word' id='word_1_495' title='bbox 1452 4279 1771 4334; x_wconf 88' lang='lat' dir='ltr'><strong>sustulimus</strong></span> <span class='ocrx_word' id='word_1_496' title='bbox 1808 4298 1822 4334; x_wconf 85' lang='lat'><strong>:</strong></span> <span class='ocrx_word' id='word_1_497' title='bbox 1872 4294 1936 4331; x_wconf 91' lang='lat' dir='ltr'><strong>ne</strong></span> <span class='ocrx_word' id='word_1_498' title='bbox 1975 4278 2057 4335; x_wconf 90' lang='lat' dir='ltr'><strong>bis</strong></span> 
     </span>
    </p>
   </div>
   <div class='ocr_carea' id='block_1_73' title="bbox 484 4366 2054 4438">
    <p class='ocr_par' dir='ltr' id='par_1_73' title="bbox 484 4366 2054 4438">
     <span class='ocr_line' id='line_1_73' title="bbox 484 4366 2054 4438; baseline 0.003 -19"><span class='ocrx_word' id='word_1_499' title='bbox 484 4367 671 4421; x_wconf 88' lang='lat' dir='ltr'><strong>eadem</strong></span> <span class='ocrx_word' id='word_1_500' title='bbox 717 4366 918 4423; x_wconf 88' lang='lat' dir='ltr'><strong>frustra</strong></span> <span class='ocrx_word' id='word_1_501' title='bbox 972 4369 1057 4427; x_wconf 75' lang='lat' dir='ltr'><strong>vel</strong></span> <span class='ocrx_word' id='word_1_502' title='bbox 1108 4370 1539 4438; x_wconf 81' lang='lat' dir='ltr'><strong>exprimerentur</strong></span> <span class='ocrx_word' id='word_1_503' title='bbox 1575 4379 1628 4425; x_wconf 90' lang='lat' dir='ltr'><strong>et</strong></span> <span class='ocrx_word' id='word_1_504' title='bbox 1675 4371 2054 4433; x_wconf 87' lang='lat' dir='ltr'><strong>venderentur,</strong></span> 
     </span>
    </p>
   </div>
   <div class='ocr_carea' id='block_1_74' title="bbox 482 4453 2057 4533">
    <p class='ocr_par' dir='ltr' id='par_1_74' title="bbox 482 4453 2057 4533">
     <span class='ocr_line' id='line_1_74' title="bbox 482 4453 2057 4533; baseline 0.004 -27"><span class='ocrx_word' id='word_1_505' title='bbox 482 4453 570 4508; x_wconf 84' lang='lat' dir='ltr'><strong>vel</strong></span> <span class='ocrx_word' id='word_1_506' title='bbox 611 4468 922 4513; x_wconf 85' lang='lat' dir='ltr'><strong>emerentur</strong></span> <span class='ocrx_word' id='word_1_507' title='bbox 962 4465 1017 4513; x_wconf 87' lang='lat' dir='ltr'><strong>et</strong></span> <span class='ocrx_word' id='word_1_508' title='bbox 1063 4457 1392 4529; x_wconf 85' lang='lat' dir='ltr'><strong>legerentur.</strong></span> <span class='ocrx_word' id='word_1_509' title='bbox 1446 4458 1615 4527; x_wconf 84' lang='lat' dir='ltr'><strong>Hujus</strong></span> <span class='ocrx_word' id='word_1_510' title='bbox 1649 4460 1863 4533; x_wconf 82' lang='lat' dir='ltr'><strong>generis</strong></span> <span class='ocrx_word' id='word_1_511' title='bbox 1900 4469 2057 4512; x_wconf 90' lang='lat' dir='ltr'><strong>erant</strong></span> 
     </span>
    </p>
   </div>
   <div class='ocr_carea' id='block_1_75' title="bbox 2164 3360 3739 3429">
    <p class='ocr_par' dir='ltr' id='par_1_75' title="bbox 2164 3360 3739 3429">
     <span class='ocr_line' id='line_1_75' title="bbox 2164 3360 3739 3429; baseline -0.001 -15"><span class='ocrx_word' id='word_1_512' title='bbox 2164 3360 2299 3414; x_wconf 87' lang='lat' dir='ltr'><strong>nasii</strong></span> <span class='ocrx_word' id='word_1_513' title='bbox 2351 3361 2566 3414; x_wconf 90' lang='lat' dir='ltr'><strong>nomine</strong></span> <span class='ocrx_word' id='word_1_514' title='bbox 2614 3361 2885 3429; x_wconf 80' lang='lat' dir='ltr'><strong>divulgata</strong></span> <span class='ocrx_word' id='word_1_515' title='bbox 2926 3375 3045 3415; x_wconf 86' lang='lat' dir='ltr'><strong>esse</strong></span> <span class='ocrx_word' id='word_1_516' title='bbox 3093 3361 3577 3427; x_wconf 80' lang='lat' dir='ltr'><strong>comperissemus,</strong></span> <span class='ocrx_word' id='word_1_517' title='bbox 3612 3374 3739 3413; x_wconf 90' lang='lat' dir='ltr'><strong>cum</strong></span> 
     </span>
    </p>
   </div>
   <div class='ocr_carea' id='block_1_76' title="bbox 2162 3451 3734 3515">
    <p class='ocr_par' dir='ltr' id='par_1_76' title="bbox 2162 3451 3734 3515">
     <span class='ocr_line' id='line_1_76' title="bbox 2162 3451 3734 3515; baseline -0.003 -8"><span class='ocrx_word' id='word_1_518' title='bbox 2162 3452 2372 3507; x_wconf 67' lang='lat' dir='ltr'><strong>caeteris</strong></span> <span class='ocrx_word' id='word_1_519' title='bbox 2400 3452 2675 3505; x_wconf 83' lang='lat' dir='ltr'><strong>Athanasii</strong></span> <span class='ocrx_word' id='word_1_520' title='bbox 2721 3451 2892 3515; x_wconf 82' lang='lat' dir='ltr'><strong>libris,</strong></span> <span class='ocrx_word' id='word_1_521' title='bbox 2939 3452 3057 3506; x_wconf 89' lang='lat' dir='ltr'><strong>sine</strong></span> <span class='ocrx_word' id='word_1_522' title='bbox 3101 3454 3246 3507; x_wconf 90' lang='lat' dir='ltr'><strong>omni</strong></span> <span class='ocrx_word' id='word_1_523' title='bbox 3283 3452 3365 3505; x_wconf 89' lang='lat' dir='ltr'><strong>vel</strong></span> <span class='ocrx_word' id='word_1_524' title='bbox 3399 3451 3734 3504; x_wconf 83' lang='lat' dir='ltr'><strong>detractione</strong></span> 
     </span>
    </p>
   </div>
   <div class='ocr_carea' id='block_1_77' title="bbox 2162 3543 3739 3611">
    <p class='ocr_par' dir='ltr' id='par_1_77' title="bbox 2162 3543 3739 3611">
     <span class='ocr_line' id='line_1_77' title="bbox 2162 3543 3739 3611; baseline -0.002 -12"><span class='ocrx_word' id='word_1_525' title='bbox 2162 3546 2245 3599; x_wconf 76' lang='lat' dir='ltr'><strong>vel</strong></span> <span class='ocrx_word' id='word_1_526' title='bbox 2275 3543 2575 3610; x_wconf 87' lang='lat' dir='ltr'><strong>adjectione</strong></span> <span class='ocrx_word' id='word_1_527' title='bbox 2604 3543 3007 3611; x_wconf 83' lang='lat' dir='ltr'><strong>conjunximus,</strong></span> <span class='ocrx_word' id='word_1_528' title='bbox 3037 3544 3137 3597; x_wconf 89' lang='lat' dir='ltr'><strong>etsi</strong></span> <span class='ocrx_word' id='word_1_529' title='bbox 3174 3554 3380 3597; x_wconf 88' lang='lat' dir='ltr'><strong>certum</strong></span> <span class='ocrx_word' id='word_1_530' title='bbox 3412 3544 3568 3596; x_wconf 84' lang='lat' dir='ltr'><strong>nobis</strong></span> <span class='ocrx_word' id='word_1_531' title='bbox 3594 3551 3739 3596; x_wconf 87' lang='lat' dir='ltr'><strong>esset</strong></span> 
     </span>
    </p>
   </div>
   <div class='ocr_carea' id='block_1_78' title="bbox 2161 3634 3738 3702">
    <p class='ocr_par' dir='ltr' id='par_1_78' title="bbox 2161 3634 3738 3702">
     <span class='ocr_line' id='line_1_78' title="bbox 2161 3634 3738 3702; baseline 0.001 -14"><span class='ocrx_word' id='word_1_532' title='bbox 2161 3635 2327 3689; x_wconf 87' lang='lat' dir='ltr'><strong>multa</strong></span> <span class='ocrx_word' id='word_1_533' title='bbox 2369 3649 2434 3688; x_wconf 80' lang='lat' dir='ltr'><strong>ex</strong></span> <span class='ocrx_word' id='word_1_534' title='bbox 2470 3634 2571 3688; x_wconf 89' lang='lat' dir='ltr'><strong>illis</strong></span> <span class='ocrx_word' id='word_1_535' title='bbox 2615 3649 2735 3691; x_wconf 90' lang='lat' dir='ltr'><strong>esse</strong></span> <span class='ocrx_word' id='word_1_536' title='bbox 2783 3635 3161 3701; x_wconf 82' lang='lat' dir='ltr'><strong>supposititia;</strong></span> <span class='ocrx_word' id='word_1_537' title='bbox 3210 3636 3349 3702; x_wconf 88' lang='lat' dir='ltr'><strong>quod</strong></span> <span class='ocrx_word' id='word_1_538' title='bbox 3394 3645 3447 3687; x_wconf 92' lang='lat' dir='ltr'><strong>et</strong></span> <span class='ocrx_word' id='word_1_539' title='bbox 3496 3634 3738 3689; x_wconf 79' lang='lat' dir='ltr'><strong>Nannius</strong></span> 
     </span>
    </p>
   </div>
   <div class='ocr_carea' id='block_1_79' title="bbox 2161 3725 3738 3795">
    <p class='ocr_par' dir='ltr' id='par_1_79' title="bbox 2161 3725 3738 3795">
     <span class='ocr_line' id='line_1_79' title="bbox 2161 3725 3738 3795; baseline 0 -17"><span class='ocrx_word' id='word_1_540' title='bbox 2161 3725 2382 3790; x_wconf 89' lang='lat' dir='ltr'><strong>fatetur,</strong></span> <span class='ocrx_word' id='word_1_541' title='bbox 2411 3736 2468 3780; x_wconf 91' lang='lat' dir='ltr'><strong>et</strong></span> <span class='ocrx_word' id='word_1_542' title='bbox 2495 3741 2616 3781; x_wconf 90' lang='lat' dir='ltr'><strong>cum</strong></span> <span class='ocrx_word' id='word_1_543' title='bbox 2659 3727 2776 3795; x_wconf 86' lang='lat' dir='ltr'><strong>ipso</strong></span> <span class='ocrx_word' id='word_1_544' title='bbox 2810 3727 3127 3781; x_wconf 68' lang='lat' dir='ltr'><strong>fatebuntur</strong></span> <span class='ocrx_word' id='word_1_545' title='bbox 3172 3740 3381 3787; x_wconf 89' lang='lat' dir='ltr'><strong>omnes,</strong></span> <span class='ocrx_word' id='word_1_546' title='bbox 3426 3726 3738 3793; x_wconf 87' lang='lat' dir='ltr'><strong>quicunque</strong></span> 
     </span>
    </p>
   </div>
   <div class='ocr_carea' id='block_1_80' title="bbox 2160 3818 3737 3875">
    <p class='ocr_par' dir='ltr' id='par_1_80' title="bbox 2160 3818 3737 3875">
     <span class='ocr_line' id='line_1_80' title="bbox 2160 3818 3737 3875; baseline -0.001 -4"><span class='ocrx_word' id='word_1_547' title='bbox 2160 3818 2227 3872; x_wconf 88' lang='lat' dir='ltr'><strong>ad</strong></span> <span class='ocrx_word' id='word_1_548' title='bbox 2275 3820 2413 3873; x_wconf 88' lang='lat' dir='ltr'><strong>hanc</strong></span> <span class='ocrx_word' id='word_1_549' title='bbox 2456 3818 2739 3875; x_wconf 88' lang='lat' dir='ltr'><strong>lectionem</strong></span> <span class='ocrx_word' id='word_1_550' title='bbox 2768 3829 2821 3873; x_wconf 92' lang='lat' dir='ltr'><strong>et</strong></span> <span class='ocrx_word' id='word_1_551' title='bbox 2852 3820 3090 3873; x_wconf 81' lang='lat' dir='ltr'><strong>seientiae</strong></span> <span class='ocrx_word' id='word_1_552' title='bbox 3122 3827 3176 3872; x_wconf 89' lang='lat' dir='ltr'><strong>et</strong></span> <span class='ocrx_word' id='word_1_553' title='bbox 3220 3818 3566 3871; x_wconf 67' lang='lat' dir='ltr'><strong>conscientiae</strong></span> <span class='ocrx_word' id='word_1_554' title='bbox 3600 3832 3737 3875; x_wconf 54' lang='lat' dir='ltr'><strong>none</strong></span> 
     </span>
    </p>
   </div>
   <div class='ocr_carea' id='block_1_81' title="bbox 2162 3908 3738 3975">
    <p class='ocr_par' dir='ltr' id='par_1_81' title="bbox 2162 3908 3738 3975">
     <span class='ocr_line' id='line_1_81' title="bbox 2162 3908 3738 3975; baseline -0.002 -11"><span class='ocrx_word' id='word_1_555' title='bbox 2162 3910 2293 3964; x_wconf 92' lang='lat' dir='ltr'><strong>nihil</strong></span> <span class='ocrx_word' id='word_1_556' title='bbox 2322 3910 2619 3963; x_wconf 90' lang='lat' dir='ltr'><strong>attulerint.</strong></span> <span class='ocrx_word' id='word_1_557' title='bbox 2656 3908 2762 3963; x_wconf 85' lang='lat' dir='ltr'><strong>Nec</strong></span> <span class='ocrx_word' id='word_1_558' title='bbox 2790 3911 2933 3963; x_wconf 91' lang='lat' dir='ltr'><strong>enim</strong></span> <span class='ocrx_word' id='word_1_559' title='bbox 2972 3910 3177 3963; x_wconf 86' lang='lat' dir='ltr'><strong>felicior</strong></span> <span class='ocrx_word' id='word_1_560' title='bbox 3218 3910 3319 3963; x_wconf 84' lang='lat' dir='ltr'><strong>hac</strong></span> <span class='ocrx_word' id='word_1_561' title='bbox 3360 3909 3411 3960; x_wconf 92' lang='lat' dir='ltr'><strong>in</strong></span> <span class='ocrx_word' id='word_1_562' title='bbox 3445 3917 3599 3975; x_wconf 81' lang='lat' dir='ltr'><strong>parte</strong></span> <span class='ocrx_word' id='word_1_563' title='bbox 3632 3922 3738 3961; x_wconf 69' lang='lat' dir='ltr'><strong>cte-</strong></span> 
     </span>
    </p>
   </div>
   <div class='ocr_carea' id='block_1_82' title="bbox 2161 3998 3736 4069">
    <p class='ocr_par' dir='ltr' id='par_1_82' title="bbox 2161 3998 3736 4069">
     <span class='ocr_line' id='line_1_82' title="bbox 2161 3998 3736 4069; baseline -0.003 -14"><span class='ocrx_word' id='word_1_564' title='bbox 2161 4005 2291 4056; x_wconf 89' lang='lat' dir='ltr'><strong>teris</strong></span> <span class='ocrx_word' id='word_1_565' title='bbox 2327 4001 2579 4056; x_wconf 89' lang='lat' dir='ltr'><strong>Patribns</strong></span> <span class='ocrx_word' id='word_1_566' title='bbox 2615 4000 2714 4054; x_wconf 91' lang='lat' dir='ltr'><strong>fuit</strong></span> <span class='ocrx_word' id='word_1_567' title='bbox 2746 4001 3074 4055; x_wconf 83' lang='lat' dir='ltr'><strong>Athanasius</strong></span> <span class='ocrx_word' id='word_1_568' title='bbox 3105 4019 3117 4053; x_wconf 88' lang='lat'><strong>:</strong></span> <span class='ocrx_word' id='word_1_569' title='bbox 3157 4015 3383 4069; x_wconf 85' lang='lat' dir='ltr'><strong>quorum</strong></span> <span class='ocrx_word' id='word_1_570' title='bbox 3423 3998 3603 4052; x_wconf 87' lang='lat' dir='ltr'><strong>nullus</strong></span> <span class='ocrx_word' id='word_1_571' title='bbox 3635 4014 3736 4057; x_wconf 87' lang='lat' dir='ltr'><strong>un-</strong></span> 
     </span>
    </p>
   </div>
   <div class='ocr_carea' id='block_1_83' title="bbox 2160 4091 3735 4162">
    <p class='ocr_par' dir='ltr' id='par_1_83' title="bbox 2160 4091 3735 4162">
     <span class='ocr_line' id='line_1_83' title="bbox 2160 4091 3735 4162; baseline 0.001 -18"><span class='ocrx_word' id='word_1_572' title='bbox 2160 4104 2320 4161; x_wconf 83' lang='lat' dir='ltr'><strong>quam</strong></span> <span class='ocrx_word' id='word_1_573' title='bbox 2367 4092 2601 4156; x_wconf 85' lang='lat' dir='ltr'><strong>claruit,</strong></span> <span class='ocrx_word' id='word_1_574' title='bbox 2651 4094 2738 4148; x_wconf 91' lang='lat' dir='ltr'><strong>cui</strong></span> <span class='ocrx_word' id='word_1_575' title='bbox 2800 4095 2899 4147; x_wconf 87' lang='lat' dir='ltr'><strong>ista</strong></span> <span class='ocrx_word' id='word_1_576' title='bbox 2954 4092 3416 4162; x_wconf 84' lang='lat' dir='ltr'><strong>supposititiornm</strong></span> <span class='ocrx_word' id='word_1_577' title='bbox 3471 4091 3735 4145; x_wconf 89' lang='lat' dir='ltr'><strong>librorum</strong></span> 
     </span>
    </p>
   </div>
   <div class='ocr_carea' id='block_1_84' title="bbox 2162 4180 3735 4253">
    <p class='ocr_par' dir='ltr' id='par_1_84' title="bbox 2162 4180 3735 4253">
     <span class='ocr_line' id='line_1_84' title="bbox 2162 4180 3735 4253; baseline -0.002 -14"><span class='ocrx_word' id='word_1_578' title='bbox 2162 4184 2353 4253; x_wconf 88' lang='lat' dir='ltr'><strong>injuria</strong></span> <span class='ocrx_word' id='word_1_579' title='bbox 2388 4185 2531 4238; x_wconf 89' lang='lat' dir='ltr'><strong>illata</strong></span> <span class='ocrx_word' id='word_1_580' title='bbox 2566 4201 2670 4239; x_wconf 92' lang='lat' dir='ltr'><strong>non</strong></span> <span class='ocrx_word' id='word_1_581' title='bbox 2703 4196 2867 4243; x_wconf 90' lang='lat' dir='ltr'><strong>esset.</strong></span> <span class='ocrx_word' id='word_1_582' title='bbox 2915 4185 3043 4252; x_wconf 72' lang='lat' dir='ltr'><strong>Quae</strong></span> <span class='ocrx_word' id='word_1_583' title='bbox 3086 4196 3265 4237; x_wconf 89' lang='lat' dir='ltr'><strong>autem</strong></span> <span class='ocrx_word' id='word_1_584' title='bbox 3297 4183 3349 4235; x_wconf 91' lang='lat' dir='ltr'><strong>in</strong></span> <span class='ocrx_word' id='word_1_585' title='bbox 3396 4183 3481 4235; x_wconf 86' lang='lat' dir='ltr'><strong>his</strong></span> <span class='ocrx_word' id='word_1_586' title='bbox 3525 4180 3735 4236; x_wconf 86' lang='lat' dir='ltr'><strong>duobus</strong></span> 
     </span>
    </p>
   </div>
   <div class='ocr_carea' id='block_1_85' title="bbox 2161 4274 3742 4347">
    <p class='ocr_par' dir='ltr' id='par_1_85' title="bbox 2161 4274 3742 4347">
     <span class='ocr_line' id='line_1_85' title="bbox 2161 4274 3742 4347; baseline 0.001 -20"><span class='ocrx_word' id='word_1_587' title='bbox 2161 4276 2523 4333; x_wconf 85' lang='lat' dir='ltr'><strong>voluminibus</strong></span> <span class='ocrx_word' id='word_1_588' title='bbox 2558 4278 2792 4347; x_wconf 86' lang='lat' dir='ltr'><strong>genuina</strong></span> <span class='ocrx_word' id='word_1_589' title='bbox 2815 4278 3099 4337; x_wconf 84' lang='lat' dir='ltr'><strong>Athanasii</strong></span> <span class='ocrx_word' id='word_1_590' title='bbox 3128 4278 3329 4343; x_wconf 88' lang='lat' dir='ltr'><strong>scripta</strong></span> <span class='ocrx_word' id='word_1_591' title='bbox 3359 4275 3487 4337; x_wconf 90' lang='lat' dir='ltr'><strong>sint,</strong></span> <span class='ocrx_word' id='word_1_592' title='bbox 3512 4274 3594 4326; x_wconf 80' lang='lat' dir='ltr'><strong>vel</strong></span> <span class='ocrx_word' id='word_1_593' title='bbox 3630 4288 3742 4339; x_wconf 62' lang='lat' dir='ltr'><strong>non,</strong></span> 
     </span>
    </p>
   </div>
   <div class='ocr_carea' id='block_1_86' title="bbox 2160 4363 3735 4437">
    <p class='ocr_par' dir='ltr' id='par_1_86' title="bbox 2160 4363 3735 4437">
     <span class='ocr_line' id='line_1_86' title="bbox 2160 4363 3735 4437; baseline -0.002 -14"><span class='ocrx_word' id='word_1_594' title='bbox 2160 4368 2290 4429; x_wconf 88' lang='lat' dir='ltr'><strong>sint,</strong></span> <span class='ocrx_word' id='word_1_595' title='bbox 2319 4369 2582 4437; x_wconf 84' lang='lat' dir='ltr'><strong>theologis</strong></span> <span class='ocrx_word' id='word_1_596' title='bbox 2608 4370 2983 4424; x_wconf 65' lang='lat' dir='ltr'><strong>aestimandum</strong></span> <span class='ocrx_word' id='word_1_597' title='bbox 3036 4368 3411 4435; x_wconf 84' lang='lat' dir='ltr'><strong>relinquimus.</strong></span> <span class='ocrx_word' id='word_1_598' title='bbox 3434 4363 3545 4419; x_wconf 85' lang='lat' dir='ltr'><strong>Nos</strong></span> <span class='ocrx_word' id='word_1_599' title='bbox 3575 4364 3735 4420; x_wconf 88' lang='lat' dir='ltr'><strong>nullis</strong></span> 
     </span>
    </p>
   </div>
   <div class='ocr_carea' id='block_1_87' title="bbox 2159 4458 3741 4530">
    <p class='ocr_par' dir='ltr' id='par_1_87' title="bbox 2159 4458 3741 4530">
     <span class='ocr_line' id='line_1_87' title="bbox 2159 4458 3741 4530; baseline -0.001 -18"><span class='ocrx_word' id='word_1_600' title='bbox 2159 4460 2389 4527; x_wconf 88' lang='lat' dir='ltr'><strong>partium</strong></span> <span class='ocrx_word' id='word_1_601' title='bbox 2419 4462 2612 4516; x_wconf 82' lang='lat' dir='ltr'><strong>studiis</strong></span> <span class='ocrx_word' id='word_1_602' title='bbox 2656 4461 2895 4530; x_wconf 89' lang='lat' dir='ltr'><strong>impliciti</strong></span> <span class='ocrx_word' id='word_1_603' title='bbox 2926 4469 3167 4513; x_wconf 82' lang='lat' dir='ltr'><strong>nostrum</strong></span> <span class='ocrx_word' id='word_1_604' title='bbox 3200 4461 3249 4511; x_wconf 91' lang='lat' dir='ltr'><strong>in</strong></span> <span class='ocrx_word' id='word_1_605' title='bbox 3284 4458 3529 4511; x_wconf 83' lang='lat' dir='ltr'><strong>faciendo</strong></span> <span class='ocrx_word' id='word_1_606' title='bbox 3558 4458 3741 4523; x_wconf 20' lang='lat' dir='ltr'><strong>oﬂicio,</strong></span> 
     </span>
    </p>
   </div>
   <div class='ocr_carea' id='block_1_88' title="bbox 480 4546 3727 4629">
    <p class='ocr_par' dir='ltr' id='par_1_88' title="bbox 480 4546 3727 4629">
     <span class='ocr_line' id='line_1_88' title="bbox 480 4546 3727 4629; baseline 0.002 -34"><span class='ocrx_word' id='word_1_607' title='bbox 480 4546 800 4615; x_wconf 80' lang='lat' dir='ltr'><strong>opusculum</strong></span> <span class='ocrx_word' id='word_1_608' title='bbox 834 4547 910 4602; x_wconf 86' lang='lat' dir='ltr'><strong>De</strong></span> <span class='ocrx_word' id='word_1_609' title='bbox 961 4550 1237 4615; x_wconf 80' lang='lat' dir='ltr'><strong>doctrina,</strong></span> <span class='ocrx_word' id='word_1_610' title='bbox 1280 4549 1639 4620; x_wconf 83' lang='lat' dir='ltr'><strong>fragmentum</strong></span> <span class='ocrx_word' id='word_1_611' title='bbox 1678 4549 1754 4605; x_wconf 85' lang='lat' dir='ltr'><strong>De</strong></span> <span class='ocrx_word' id='word_1_612' title='bbox 1792 4551 2049 4619; x_wconf 77' lang='lat' dir='ltr'><strong>passione,</strong></span> <span class='ocrx_word' id='word_1_613' title='bbox 2085 4574 2127 4629; x_wconf 70' lang='grc' dir='ltr'><strong>υ</strong></span> <span class='ocrx_word' id='word_1_614' title='bbox 2157 4559 2344 4605; x_wconf 86' lang='lat' dir='ltr'><strong>nostro</strong></span> <span class='ocrx_word' id='word_1_615' title='bbox 2391 4552 2781 4619; x_wconf 81' lang='lat' dir='ltr'><strong>typographico</strong></span> <span class='ocrx_word' id='word_1_616' title='bbox 2826 4551 3114 4605; x_wconf 89' lang='lat' dir='ltr'><strong>candorem</strong></span> <span class='ocrx_word' id='word_1_617' title='bbox 3158 4551 3412 4603; x_wconf 87' lang='lat' dir='ltr'><strong>universo</strong></span> <span class='ocrx_word' id='word_1_618' title='bbox 3458 4550 3727 4604; x_wconf 83' lang='lat' dir='ltr'><strong>Christia-</strong></span> 
     </span>
    </p>
   </div>
   <div class='ocr_carea' id='block_1_89' title="bbox 479 4634 2055 4709">
    <p class='ocr_par' dir='ltr' id='par_1_89' title="bbox 479 4634 2055 4709">
     <span class='ocr_line' id='line_1_89' title="bbox 479 4634 2055 4709; baseline 0.003 -19"><span class='ocrx_word' id='word_1_619' title='bbox 479 4644 533 4690; x_wconf 90' lang='lat' dir='ltr'><strong>et</strong></span> <span class='ocrx_word' id='word_1_620' title='bbox 564 4634 862 4692; x_wconf 71' lang='lat' dir='ltr'><strong>Declaratio</strong></span> <span class='ocrx_word' id='word_1_621' title='bbox 891 4638 1146 4705; x_wconf 67' lang='lat' dir='ltr'><strong>Leaitici,</strong></span> <span class='ocrx_word' id='word_1_622' title='bbox 1193 4641 1257 4694; x_wconf 91' lang='lat' dir='ltr'><strong>de</strong></span> <span class='ocrx_word' id='word_1_623' title='bbox 1309 4641 1521 4695; x_wconf 90' lang='lat' dir='ltr'><strong>diversa</strong></span> <span class='ocrx_word' id='word_1_624' title='bbox 1560 4640 1799 4709; x_wconf 87' lang='lat' dir='ltr'><strong>ejusdem</strong></span> <span class='ocrx_word' id='word_1_625' title='bbox 1842 4640 1916 4695; x_wconf 88' lang='lat' dir='ltr'><strong>rei</strong></span> <span class='ocrx_word' id='word_1_626' title='bbox 1959 4655 2055 4694; x_wconf 84' lang='lat' dir='ltr'><strong>no-</strong></span> 
     </span>
    </p>
   </div>
   <div class='ocr_carea' id='block_1_90' title="bbox 481 4727 2054 4801">
    <p class='ocr_par' dir='ltr' id='par_1_90' title="bbox 481 4727 2054 4801">
     <span class='ocr_line' id='line_1_90' title="bbox 481 4727 2054 4801; baseline -0.002 -13"><span class='ocrx_word' id='word_1_627' title='bbox 481 4727 853 4797; x_wconf 78' lang='lat' dir='ltr'><strong>menclatura;</strong></span> <span class='ocrx_word' id='word_1_628' title='bbox 891 4745 1119 4800; x_wconf 87' lang='lat' dir='ltr'><strong>quorum</strong></span> <span class='ocrx_word' id='word_1_629' title='bbox 1156 4740 1337 4787; x_wconf 89' lang='lat' dir='ltr'><strong>tamen</strong></span> <span class='ocrx_word' id='word_1_630' title='bbox 1367 4731 1469 4787; x_wconf 90' lang='lat' dir='ltr'><strong>alia</strong></span> <span class='ocrx_word' id='word_1_631' title='bbox 1502 4731 1556 4786; x_wconf 91' lang='lat' dir='ltr'><strong>in</strong></span> <span class='ocrx_word' id='word_1_632' title='bbox 1590 4731 1711 4786; x_wconf 89' lang='lat' dir='ltr'><strong>aliis</strong></span> <span class='ocrx_word' id='word_1_633' title='bbox 1738 4740 1901 4801; x_wconf 85' lang='lat' dir='ltr'><strong>atque</strong></span> <span class='ocrx_word' id='word_1_634' title='bbox 1933 4730 2054 4785; x_wconf 87' lang='lat' dir='ltr'><strong>aliis</strong></span> 
     </span>
    </p>
   </div>
   <div class='ocr_carea' id='block_1_91' title="bbox 2160 4640 3741 4712">
    <p class='ocr_par' dir='ltr' id='par_1_91' title="bbox 2160 4640 3741 4712">
     <span class='ocr_line' id='line_1_91' title="bbox 2160 4640 3741 4712; baseline 0.002 -19"><span class='ocrx_word' id='word_1_635' title='bbox 2160 4656 2349 4693; x_wconf 75' lang='lat' dir='ltr'><strong>norum</strong></span> <span class='ocrx_word' id='word_1_636' title='bbox 2401 4641 2595 4709; x_wconf 85' lang='lat' dir='ltr'><strong>populo</strong></span> <span class='ocrx_word' id='word_1_637' title='bbox 2638 4642 2922 4710; x_wconf 86' lang='lat' dir='ltr'><strong>probatum</strong></span> <span class='ocrx_word' id='word_1_638' title='bbox 2952 4656 3073 4699; x_wconf 88' lang='lat' dir='ltr'><strong>esse</strong></span> <span class='ocrx_word' id='word_1_639' title='bbox 3101 4642 3368 4712; x_wconf 88' lang='lat' dir='ltr'><strong>cupimus,</strong></span> <span class='ocrx_word' id='word_1_640' title='bbox 3411 4649 3465 4695; x_wconf 86' lang='lat' dir='ltr'><strong>et</strong></span> <span class='ocrx_word' id='word_1_641' title='bbox 3510 4641 3585 4695; x_wconf 88' lang='lat' dir='ltr'><strong>ita</strong></span> <span class='ocrx_word' id='word_1_642' title='bbox 3620 4640 3741 4709; x_wconf 79' lang='lat' dir='ltr'><strong>fore.</strong></span> 
     </span>
    </p>
   </div>
   <div class='ocr_carea' id='block_1_92' title="bbox 2158 4730 2594 4788">
    <p class='ocr_par' dir='ltr' id='par_1_92' title="bbox 2158 4730 2594 4788">
     <span class='ocr_line' id='line_1_92' title="bbox 2158 4730 2594 4788; baseline -0.005 0"><span class='ocrx_word' id='word_1_643' title='bbox 2158 4730 2498 4788; x_wconf 80' lang='lat' dir='ltr'><strong>confidimus.</strong></span> <span class='ocrx_word' id='word_1_644' title='bbox 2531 4731 2594 4787; x_wconf 67' lang='grc' dir='ltr'><strong>Υ.</strong></span> 
     </span>
    </p>
   </div>
   <div class='ocr_carea' id='block_1_93' title="bbox 641 4912 3526 4989">
    <p class='ocr_par' dir='ltr' id='par_1_93' title="bbox 641 4912 3526 4989">
     <span class='ocr_line' id='line_1_93' title="bbox 641 4912 3526 4989; baseline -0 -15"><span class='ocrx_word' id='word_1_645' title='bbox 641 4914 719 4982; x_wconf 83' lang='lat' dir='ltr'><strong>Et</strong></span> <span class='ocrx_word' id='word_1_646' title='bbox 750 4912 827 4974; x_wconf 83' lang='lat' dir='ltr'><strong>ad</strong></span> <span class='ocrx_word' id='word_1_647' title='bbox 867 4912 1143 4979; x_wconf 82' lang='lat' dir='ltr'><strong>frontem</strong></span> <span class='ocrx_word' id='word_1_648' title='bbox 1176 4912 1495 4979; x_wconf 85' lang='lat' dir='ltr'><strong>variarum</strong></span> <span class='ocrx_word' id='word_1_649' title='bbox 1533 4916 1904 4989; x_wconf 87' lang='lat' dir='ltr'><strong>lectionum,</strong></span> <span class='ocrx_word' id='word_1_650' title='bbox 1940 4916 2071 4979; x_wconf 63' lang='lat' dir='ltr'><strong>hinc</strong></span> <span class='ocrx_word' id='word_1_651' title='bbox 2101 4914 2355 4976; x_wconf 80' lang='lat' dir='ltr'><strong>adnotat</strong></span> <span class='ocrx_word' id='word_1_652' title='bbox 2391 4914 2613 4977; x_wconf 86' lang='lat' dir='ltr'><strong>Petrus</strong></span> <span class='ocrx_word' id='word_1_653' title='bbox 2646 4913 3123 4976; x_wconf 84' lang='lat' dir='ltr'><strong>Felckmannus</strong></span> <span class='ocrx_word' id='word_1_654' title='bbox 3155 4913 3526 4974; x_wconf 57' lang='lat' dir='ltr'><strong>Coroneus.</strong></span> 
     </span>
    </p>
   </div>
   <div class='ocr_carea' id='block_1_94' title="bbox 1063 5105 1469 5163">
    <p class='ocr_par' dir='ltr' id='par_1_94' title="bbox 1063 5105 1469 5163">
     <span class='ocr_line' id='line_1_94' title="bbox 1063 5105 1469 5163; baseline 0.012 -5"><span class='ocrx_word' id='word_1_655' title='bbox 1063 5106 1147 5158; x_wconf 77' lang='lat' dir='ltr'><strong>Ad</strong></span> <span class='ocrx_word' id='word_1_656' title='bbox 1182 5105 1469 5163; x_wconf 78' lang='lat' dir='ltr'><strong>Lectorem.</strong></span> 
     </span>
    </p>
   </div>
   <div class='ocr_carea' id='block_1_95' title="bbox 553 5196 2049 5268">
    <p class='ocr_par' dir='ltr' id='par_1_95' title="bbox 553 5196 2049 5268">
     <span class='ocr_line' id='line_1_95' title="bbox 553 5196 2049 5268; baseline 0.001 -18"><span class='ocrx_word' id='word_1_657' title='bbox 553 5197 626 5250; x_wconf 89' lang='lat' dir='ltr'><strong>De</strong></span> <span class='ocrx_word' id='word_1_658' title='bbox 656 5196 935 5252; x_wconf 89' lang='lat' dir='ltr'><strong>codicibus</strong></span> <span class='ocrx_word' id='word_1_659' title='bbox 984 5197 1182 5266; x_wconf 87' lang='lat' dir='ltr'><strong>quibus</strong></span> <span class='ocrx_word' id='word_1_660' title='bbox 1230 5199 1281 5251; x_wconf 93' lang='lat' dir='ltr'><strong>in</strong></span> <span class='ocrx_word' id='word_1_661' title='bbox 1330 5200 1643 5254; x_wconf 90' lang='lat' dir='ltr'><strong>adornanda</strong></span> <span class='ocrx_word' id='word_1_662' title='bbox 1682 5200 1784 5255; x_wconf 89' lang='lat' dir='ltr'><strong>hac</strong></span> <span class='ocrx_word' id='word_1_663' title='bbox 1814 5199 2049 5268; x_wconf 91' lang='lat' dir='ltr'><strong>Operum</strong></span> 
     </span>
    </p>
   </div>
   <div class='ocr_carea' id='block_1_96' title="bbox 476 5286 2050 5355">
    <p class='ocr_par' dir='ltr' id='par_1_96' title="bbox 476 5286 2050 5355">
     <span class='ocr_line' id='line_1_96' title="bbox 476 5286 2050 5355; baseline 0 -16"><span class='ocrx_word' id='word_1_664' title='bbox 476 5286 852 5340; x_wconf 81' lang='lat' dir='ltr'><strong>D.Atbanasii</strong></span> <span class='ocrx_word' id='word_1_665' title='bbox 904 5286 1141 5341; x_wconf 90' lang='lat' dir='ltr'><strong>editione</strong></span> <span class='ocrx_word' id='word_1_666' title='bbox 1190 5288 1268 5341; x_wconf 88' lang='lat' dir='ltr'><strong>nsi</strong></span> <span class='ocrx_word' id='word_1_667' title='bbox 1328 5304 1547 5354; x_wconf 86' lang='lat' dir='ltr'><strong>sumus,</strong></span> <span class='ocrx_word' id='word_1_668' title='bbox 1600 5289 1733 5342; x_wconf 89' lang='lat' dir='ltr'><strong>satis</strong></span> <span class='ocrx_word' id='word_1_669' title='bbox 1781 5302 2050 5355; x_wconf 87' lang='lat' dir='ltr'><strong>superque</strong></span> 
     </span>
    </p>
   </div>
   <div class='ocr_carea' id='block_1_97' title="bbox 476 5377 2049 5448">
    <p class='ocr_par' dir='ltr' id='par_1_97' title="bbox 476 5377 2049 5448">
     <span class='ocr_line' id='line_1_97' title="bbox 476 5377 2049 5448; baseline -0.003 -16"><span class='ocrx_word' id='word_1_670' title='bbox 476 5379 725 5448; x_wconf 70' lang='lat' dir='ltr'><strong>sujcrius</strong></span> <span class='ocrx_word' id='word_1_671' title='bbox 752 5380 803 5433; x_wconf 91' lang='lat' dir='ltr'><strong>in</strong></span> <span class='ocrx_word' id='word_1_672' title='bbox 842 5378 1159 5447; x_wconf 61' lang='lat' dir='ltr'><strong>prmfatione</strong></span> <span class='ocrx_word' id='word_1_673' title='bbox 1210 5388 1350 5434; x_wconf 86' lang='lat' dir='ltr'><strong>torno</strong></span> <span class='ocrx_word' id='word_1_674' title='bbox 1382 5379 1397 5431; x_wconf 93' lang='lat' dir='ltr'><strong>l</strong></span> <span class='ocrx_word' id='word_1_675' title='bbox 1433 5381 1755 5433; x_wconf 90' lang='lat' dir='ltr'><strong>monuimus.</strong></span> <span class='ocrx_word' id='word_1_676' title='bbox 1790 5378 1903 5431; x_wconf 83' lang='lat' dir='ltr'><strong>Hoc</strong></span> <span class='ocrx_word' id='word_1_677' title='bbox 1942 5377 2049 5429; x_wconf 85' lang='lat' dir='ltr'><strong>sal-</strong></span> 
     </span>
    </p>
   </div>
   <div class='ocr_carea' id='block_1_98' title="bbox 478 5471 2046 5541">
    <p class='ocr_par' dir='ltr' id='par_1_98' title="bbox 478 5471 2046 5541">
     <span class='ocr_line' id='line_1_98' title="bbox 478 5471 2046 5541; baseline -0.001 -18"><span class='ocrx_word' id='word_1_678' title='bbox 478 5483 584 5526; x_wconf 85' lang='lat' dir='ltr'><strong>tem</strong></span> <span class='ocrx_word' id='word_1_679' title='bbox 630 5487 772 5527; x_wconf 91' lang='lat' dir='ltr'><strong>nunc</strong></span> <span class='ocrx_word' id='word_1_680' title='bbox 801 5482 989 5535; x_wconf 84' lang='lat' dir='ltr'><strong>restat,</strong></span> <span class='ocrx_word' id='word_1_681' title='bbox 1023 5484 1080 5528; x_wconf 85' lang='lat' dir='ltr'><strong>ut</strong></span> <span class='ocrx_word' id='word_1_682' title='bbox 1107 5489 1264 5541; x_wconf 90' lang='lat' dir='ltr'><strong>quem</strong></span> <span class='ocrx_word' id='word_1_683' title='bbox 1291 5474 1533 5526; x_wconf 85' lang='lat' dir='ltr'><strong>codicum</strong></span> <span class='ocrx_word' id='word_1_684' title='bbox 1569 5471 1777 5523; x_wconf 91' lang='lat' dir='ltr'><strong>illorum</strong></span> <span class='ocrx_word' id='word_1_685' title='bbox 1820 5483 2046 5538; x_wconf 76' lang='lat' dir='ltr'><strong>quzeque</strong></span> 
     </span>
    </p>
   </div>
   <div class='ocr_carea' id='block_1_99' title="bbox 477 5562 2045 5633">
    <p class='ocr_par' dir='ltr' id='par_1_99' title="bbox 477 5562 2045 5633">
     <span class='ocr_line' id='line_1_99' title="bbox 477 5562 2045 5633; baseline 0 -19"><span class='ocrx_word' id='word_1_686' title='bbox 477 5562 656 5615; x_wconf 85' lang='lat' dir='ltr'><strong>littera</strong></span> <span class='ocrx_word' id='word_1_687' title='bbox 685 5579 714 5617; x_wconf 92' lang='lat' dir='ltr'><strong>a</strong></span> <span class='ocrx_word' id='word_1_688' title='bbox 744 5573 894 5633; x_wconf 80' lang='lat' dir='ltr'><strong>tergo</strong></span> <span class='ocrx_word' id='word_1_689' title='bbox 927 5581 1091 5619; x_wconf 77' lang='lat' dir='ltr'><strong>varia:</strong></span> <span class='ocrx_word' id='word_1_690' title='bbox 1119 5565 1364 5618; x_wconf 79' lang='lat' dir='ltr'><strong>lectioois</strong></span> <span class='ocrx_word' id='word_1_691' title='bbox 1403 5566 1571 5633; x_wconf 91' lang='lat' dir='ltr'><strong>posita</strong></span> <span class='ocrx_word' id='word_1_692' title='bbox 1605 5563 1798 5629; x_wconf 84' lang='lat' dir='ltr'><strong>signet,</strong></span> <span class='ocrx_word' id='word_1_693' title='bbox 1833 5562 1919 5615; x_wconf 91' lang='lat' dir='ltr'><strong>hic</strong></span> <span class='ocrx_word' id='word_1_694' title='bbox 1952 5577 2045 5614; x_wconf 80' lang='lat' dir='ltr'><strong>ex-</strong></span> 
     </span>
    </p>
   </div>
   <div class='ocr_carea' id='block_1_100' title="bbox 479 5646 2039 5723">
    <p class='ocr_par' dir='ltr' id='par_1_100' title="bbox 479 5646 2039 5723">
     <span class='ocr_line' id='line_1_100' title="bbox 479 5646 2039 5723; baseline -0.001 -17"><span class='ocrx_word' id='word_1_695' title='bbox 479 5666 763 5718; x_wconf 84' lang='lat' dir='ltr'><strong>ponamus.</strong></span> <span class='ocrx_word' id='word_1_696' title='bbox 819 5655 909 5709; x_wconf 87' lang='lat' dir='ltr'><strong>Sic</strong></span> <span class='ocrx_word' id='word_1_697' title='bbox 968 5658 1131 5723; x_wconf 85' lang='lat' dir='ltr'><strong>igitur</strong></span> <span class='ocrx_word' id='word_1_698' title='bbox 1190 5646 1379 5722; x_wconf 63' lang='lat' dir='ltr'><strong>accipe</strong></span> <span class='ocrx_word' id='word_1_699' title='bbox 1424 5672 1436 5706; x_wconf 93' lang='lat'><strong>:</strong></span> <span class='ocrx_word' id='word_1_700' title='bbox 1475 5653 1517 5706; x_wconf 86' lang='grc' dir='ltr'><strong>Β</strong></span> <span class='ocrx_word' id='word_1_701' title='bbox 1562 5654 1736 5719; x_wconf 87' lang='lat' dir='ltr'><strong>signat</strong></span> <span class='ocrx_word' id='word_1_702' title='bbox 1802 5653 2039 5706; x_wconf 88' lang='lat' dir='ltr'><strong>codicem</strong></span> 
     </span>
    </p>
   </div>
   <div class='ocr_carea' id='block_1_101' title="bbox 475 5741 2041 5825">
    <p class='ocr_par' dir='ltr' id='par_1_101' title="bbox 475 5741 2041 5825">
     <span class='ocr_line' id='line_1_101' title="bbox 475 5741 2041 5825; baseline -0.003 -20"><span class='ocrx_word' id='word_1_703' title='bbox 475 5741 849 5819; x_wconf 66' lang='lat' dir='ltr'><strong>Basiliensem,</strong></span> <span class='ocrx_word' id='word_1_704' title='bbox 887 5747 934 5804; x_wconf 72' lang='grc' dir='ltr'><strong>Ι.</strong></span> <span class='ocrx_word' id='word_1_705' title='bbox 982 5746 1338 5825; x_wconf 76' lang='lat' dir='ltr'><strong>Anglicanam</strong></span> <span class='ocrx_word' id='word_1_706' title='bbox 1371 5746 1487 5805; x_wconf 84' lang='lat' dir='ltr'><strong>sive</strong></span> <span class='ocrx_word' id='word_1_707' title='bbox 1520 5744 2041 5817; x_wconf 84' lang='lat' dir='ltr'><strong>Cantabrigiensem,</strong></span> 
     </span>
    </p>
   </div>
   <div class='ocr_carea' id='block_1_102' title="bbox 2163 5100 3735 5177">
    <p class='ocr_par' dir='ltr' id='par_1_102' title="bbox 2163 5100 3735 5177">
     <span class='ocr_line' id='line_1_102' title="bbox 2163 5100 3735 5177; baseline 0.001 -18"><span class='ocrx_word' id='word_1_708' title='bbox 2163 5102 2205 5159; x_wconf 77' lang='grc' dir='ltr'>Ο</span> <span class='ocrx_word' id='word_1_709' title='bbox 2251 5100 2664 5168; x_wconf 83' lang='lat' dir='ltr'><strong>Goblertanum,</strong></span> <span class='ocrx_word' id='word_1_710' title='bbox 2712 5104 2728 5159; x_wconf 91' lang='grc' dir='ltr'><strong>Ι</strong></span> <span class='ocrx_word' id='word_1_711' title='bbox 2772 5107 3005 5175; x_wconf 87' lang='lat' dir='ltr'><strong>primum</strong></span> <span class='ocrx_word' id='word_1_712' title='bbox 3060 5120 3387 5177; x_wconf 88' lang='lat' dir='ltr'><strong>anonymnm</strong></span> <span class='ocrx_word' id='word_1_713' title='bbox 3439 5114 3495 5158; x_wconf 93' lang='lat' dir='ltr'><strong>et</strong></span> <span class='ocrx_word' id='word_1_714' title='bbox 3534 5106 3735 5161; x_wconf 86' lang='lat' dir='ltr'><strong>incerti</strong></span> 
     </span>
    </p>
   </div>
   <div class='ocr_carea' id='block_1_103' title="bbox 2152 5196 3736 5266">
    <p class='ocr_par' dir='ltr' id='par_1_103' title="bbox 2152 5196 3736 5266">
     <span class='ocr_line' id='line_1_103' title="bbox 2152 5196 3736 5266; baseline 0.001 -17"><span class='ocrx_word' id='word_1_715' title='bbox 2152 5196 2415 5257; x_wconf 89' lang='lat' dir='ltr'><strong>dominii,</strong></span> <span class='ocrx_word' id='word_1_716' title='bbox 2470 5196 2521 5249; x_wconf 91' lang='lat' dir='ltr'><strong>in</strong></span> <span class='ocrx_word' id='word_1_717' title='bbox 2583 5197 2773 5251; x_wconf 90' lang='lat' dir='ltr'><strong>ordine</strong></span> <span class='ocrx_word' id='word_1_718' title='bbox 2826 5198 2959 5252; x_wconf 86' lang='lat' dir='ltr'><strong>alias</strong></span> <span class='ocrx_word' id='word_1_719' title='bbox 3001 5208 3295 5266; x_wconf 84' lang='lat' dir='ltr'><strong>quartum;</strong></span> <span class='ocrx_word' id='word_1_720' title='bbox 3340 5196 3383 5252; x_wconf 79' lang='lat' dir='ltr'><strong>ll</strong></span> <span class='ocrx_word' id='word_1_721' title='bbox 3431 5198 3736 5258; x_wconf 21' lang='lat' dir='ltr'><strong>secundum,</strong></span> 
     </span>
    </p>
   </div>
   <div class='ocr_carea' id='block_1_104' title="bbox 2154 5288 3729 5357">
    <p class='ocr_par' dir='ltr' id='par_1_104' title="bbox 2154 5288 3729 5357">
     <span class='ocr_line' id='line_1_104' title="bbox 2154 5288 3729 5357; baseline 0.003 -19"><span class='ocrx_word' id='word_1_722' title='bbox 2154 5301 2503 5356; x_wconf 87' lang='lat' dir='ltr'><strong>anonymnm,</strong></span> <span class='ocrx_word' id='word_1_723' title='bbox 2532 5289 2625 5340; x_wconf 90' lang='lat' dir='ltr'><strong>sed</strong></span> <span class='ocrx_word' id='word_1_724' title='bbox 2658 5288 2709 5340; x_wconf 92' lang='lat' dir='ltr'><strong>in</strong></span> <span class='ocrx_word' id='word_1_725' title='bbox 2736 5290 2926 5341; x_wconf 90' lang='lat' dir='ltr'><strong>ordine</strong></span> <span class='ocrx_word' id='word_1_726' title='bbox 2953 5291 3237 5357; x_wconf 89' lang='lat' dir='ltr'><strong>quintum;</strong></span> <span class='ocrx_word' id='word_1_727' title='bbox 3268 5288 3331 5341; x_wconf 84' lang='grc' dir='ltr'><strong>ΙΙΙ</strong></span> <span class='ocrx_word' id='word_1_728' title='bbox 3362 5288 3578 5341; x_wconf 90' lang='lat' dir='ltr'><strong>tertium</strong></span> <span class='ocrx_word' id='word_1_729' title='bbox 3613 5288 3729 5343; x_wconf 82' lang='lat' dir='ltr'><strong>sive</strong></span> 
     </span>
    </p>
   </div>
   <div class='ocr_carea' id='block_1_105' title="bbox 2151 5376 3726 5445">
    <p class='ocr_par' dir='ltr' id='par_1_105' title="bbox 2151 5376 3726 5445">
     <span class='ocr_line' id='line_1_105' title="bbox 2151 5376 3726 5445; baseline 0 -13"><span class='ocrx_word' id='word_1_730' title='bbox 2151 5387 2393 5440; x_wconf 84' lang='lat' dir='ltr'><strong>sextum;</strong></span> <span class='ocrx_word' id='word_1_731' title='bbox 2427 5376 2492 5431; x_wconf 80' lang='lat' dir='ltr'><strong>IV</strong></span> <span class='ocrx_word' id='word_1_732' title='bbox 2519 5380 2841 5445; x_wconf 84' lang='lat' dir='ltr'><strong>septimum;</strong></span> <span class='ocrx_word' id='word_1_733' title='bbox 2876 5379 2915 5434; x_wconf 84' lang='lat' dir='ltr'><strong>V</strong></span> <span class='ocrx_word' id='word_1_734' title='bbox 2941 5392 3213 5443; x_wconf 87' lang='lat' dir='ltr'><strong>octavum,</strong></span> <span class='ocrx_word' id='word_1_735' title='bbox 3244 5391 3295 5435; x_wconf 90' lang='lat' dir='ltr'><strong>et</strong></span> <span class='ocrx_word' id='word_1_736' title='bbox 3324 5380 3403 5432; x_wconf 91' lang='lat' dir='ltr'><strong>sic</strong></span> <span class='ocrx_word' id='word_1_737' title='bbox 3432 5379 3726 5444; x_wconf 67' lang='lat' dir='ltr'><strong>deincops:</strong></span> 
     </span>
    </p>
   </div>
   <div class='ocr_carea' id='block_1_106' title="bbox 2153 5468 3733 5543">
    <p class='ocr_par' dir='ltr' id='par_1_106' title="bbox 2153 5468 3733 5543">
     <span class='ocr_line' id='line_1_106' title="bbox 2153 5468 3733 5543; baseline 0.003 -22"><span class='ocrx_word' id='word_1_738' title='bbox 2153 5468 2242 5521; x_wconf 89' lang='lat' dir='ltr'><strong>AV</strong></span> <span class='ocrx_word' id='word_1_739' title='bbox 2271 5471 2504 5535; x_wconf 85' lang='lat' dir='ltr'><strong>denique</strong></span> <span class='ocrx_word' id='word_1_740' title='bbox 2531 5472 2778 5525; x_wconf 91' lang='lat' dir='ltr'><strong>ultimum</strong></span> <span class='ocrx_word' id='word_1_741' title='bbox 2813 5474 2929 5527; x_wconf 89' lang='lat' dir='ltr'><strong>sive</strong></span> <span class='ocrx_word' id='word_1_742' title='bbox 2952 5474 3329 5543; x_wconf 83' lang='lat' dir='ltr'><strong>Augustinum.</strong></span> <span class='ocrx_word' id='word_1_743' title='bbox 3356 5473 3434 5525; x_wconf 86' lang='lat' dir='ltr'><strong>Ad</strong></span> <span class='ocrx_word' id='word_1_744' title='bbox 3456 5473 3569 5525; x_wconf 69' lang='lat' dir='ltr'><strong>haec</strong></span> <span class='ocrx_word' id='word_1_745' title='bbox 3592 5470 3683 5525; x_wconf 86' lang='lat' dir='ltr'><strong>Fr.</strong></span> <span class='ocrx_word' id='word_1_746' title='bbox 3707 5470 3733 5525; x_wconf 71' lang='lat' dir='ltr'><strong>l</strong></span> 
     </span>
    </p>
   </div>
   <div class='ocr_carea' id='block_1_107' title="bbox 2153 5543 3729 5630">
    <p class='ocr_par' dir='ltr' id='par_1_107' title="bbox 2153 5543 3729 5630">
     <span class='ocr_line' id='line_1_107' title="bbox 2153 5543 3729 5630; baseline 0.004 -23"><span class='ocrx_word' id='word_1_747' title='bbox 2153 5543 2311 5609; x_wconf 85' lang='lat' dir='ltr'><strong>amici</strong></span> <span class='ocrx_word' id='word_1_748' title='bbox 2385 5574 2577 5613; x_wconf 88' lang='lat' dir='ltr'><strong>nomen</strong></span> <span class='ocrx_word' id='word_1_749' title='bbox 2649 5569 2777 5626; x_wconf 91' lang='lat' dir='ltr'><strong>est,</strong></span> <span class='ocrx_word' id='word_1_750' title='bbox 2839 5562 2930 5630; x_wconf 91' lang='lat' dir='ltr'><strong>qui</strong></span> <span class='ocrx_word' id='word_1_751' title='bbox 2998 5563 3257 5629; x_wconf 89' lang='lat' dir='ltr'><strong>quasdam</strong></span> <span class='ocrx_word' id='word_1_752' title='bbox 3322 5560 3729 5615; x_wconf 83' lang='lat' dir='ltr'><strong>observationes</strong></span> 
     </span>
    </p>
   </div>
   <div class='ocr_carea' id='block_1_108' title="bbox 2152 5650 3731 5719">
    <p class='ocr_par' dir='ltr' id='par_1_108' title="bbox 2152 5650 3731 5719">
     <span class='ocr_line' id='line_1_108' title="bbox 2152 5650 3731 5719; baseline 0.004 -17"><span class='ocrx_word' id='word_1_753' title='bbox 2152 5650 2307 5704; x_wconf 85' lang='lat' dir='ltr'><strong>nobis</strong></span> <span class='ocrx_word' id='word_1_754' title='bbox 2344 5653 2760 5709; x_wconf 87' lang='lat' dir='ltr'><strong>communicavit</strong></span> <span class='ocrx_word' id='word_1_755' title='bbox 2787 5670 2800 5708; x_wconf 90' lang='lat'><strong>:</strong></span> <span class='ocrx_word' id='word_1_756' title='bbox 2829 5664 2885 5710; x_wconf 90' lang='lat' dir='ltr'><strong>at</strong></span> <span class='ocrx_word' id='word_1_757' title='bbox 2908 5652 3002 5711; x_wconf 89' lang='lat' dir='ltr'><strong>Fr.</strong></span> <span class='ocrx_word' id='word_1_758' title='bbox 3025 5653 3087 5710; x_wconf 91' lang='lat' dir='ltr'><strong>D.</strong></span> <span class='ocrx_word' id='word_1_759' title='bbox 3111 5653 3444 5713; x_wconf 85' lang='lat' dir='ltr'><strong>Frontonem</strong></span> <span class='ocrx_word' id='word_1_760' title='bbox 3477 5652 3731 5719; x_wconf 66' lang='lat' dir='ltr'><strong>Ducwum</strong></span> 
     </span>
    </p>
   </div>
   <div class='ocr_carea' id='block_1_109' title="bbox 2152 5743 2333 5819">
    <p class='ocr_par' dir='ltr' id='par_1_109' title="bbox 2152 5743 2333 5819">
     <span class='ocr_line' id='line_1_109' title="bbox 2152 5743 2333 5819; baseline -0.011 -19"><span class='ocrx_word' id='word_1_761' title='bbox 2152 5743 2333 5819; x_wconf 88' lang='lat' dir='ltr'><strong>signat</strong></span> 
     </span>
    </p>
   </div>
  </div>
