3998 6534
1456 456 1865 516 ΡΚᾹΞΓΛΤΙΟΝ

2000 460 2340 528 VETERES.
3433 482 3535 523 xcv

185 657 633 692 ἡ

644 674 3517 719 ________________________________________

536 812 539 813 έ
645 828 1423 1014 VETEBUM
1501 897 2291 1029 ATHANASII
2370 909 3125 1043 EDITORUM

1425 1212 2401 1305 PRIELIMINARIA.

734 1448 849 1512 (Ex
876 1449 950 1500 D.
983 1449 1223 1501 Bernardi
1243 1462 1305 1501 oe
1340 1447 1643 1515 Mentfaucou
1677 1445 1961 1539 gallectione
1982 1462 2103 1517 nova
2127 1456 2337 1521 ueterum
2354 1453 2562 1504 Patrum
2585 1456 2880 1521 Graecam»,
2904 1462 2941 1509 t.
2962 1457 3052 1523 Il.)

214 1878 238 1904 ,Α
287 1816 581 1904 Morinum:
611 1846 697 1864 -ο
731 1822 899 1904 Quin
917 1825 1059 1904 .hmc
1088 1826 1515 1904 cudendwuovn:
1560 1824 1870 1904 collectioni
1901 1829 2267 1884 insudaremus
2289 1870 2304 1895 ,
2346 1848 2374 1885 e
2419 1848 2473 1887 re
2498 1849 2664 1887 ursum
2690 1843 2765 1888 est
2800 1834 2913 1903 fore
2965 1845 3020 1888 ut
3064 1836 3225 1889 etiam
3254 1839 3535 1891 uetustissia

227 1902 431 1975 urorum
466 1892 791 1969 Athanasii
820 1895 1113 1975 edi-larunt
1143 1896 1525 1975 pralliniinaria
1554 1900 1974 1964 adnecteremus;
2002 1916 2118 1969 qua:
2145 1917 2271 1955 sane
2292 1892 2424 1975 lcum
2468 1913 2759 1957 memoratu
2779 1892 2939 1973 digna
2979 1922 3082 1959 non
3116 1922 3289 1974 pauca
3314 1908 3536 1971 comple-

232 1968 457 2043 ctantur,
484 1977 587 2043 nec
626 1965 868 2043 {ngrata
918 1965 1125 2043 lectori,
1168 1982 1257 2018 nec
1276 1969 1622 2043 infructuosa
1650 1979 1801 2020 erunt
1828 1983 1852 2043 ί
1878 1965 2263 2043 ςιιηιήιαφῇῃιᾳ
2290 1972 2539 2043 editiones
2566 1973 2673 2027 illa:
2698 1965 2931 2042 perréra:
2979 1965 3176 2039 sinl,'el
3204 1977 3291 2029 vix
3332 1965 3536 2043 uspiam

222 2042 598 2153 gigantum.
626 2029 849 2086 Prima
882 2035 1125 2095 omnium
1156 2047 1228 2089 est
1276 2029 1704 2107 Vicentina,quw
1722 2038 1916 2107 prodtit
1952 2056 2091 2094 anno
2128 2040 2285 2106 1482,
2325 2050 2370 2094 et
2397 2042 2492 2095 has
2520 2043 2666 2098 initio
2698 2029 2917 2113 'prwfert
2948 2029 3214 2113 Epistulas
3246 2053 3294 2098 et
3323 2029 3538 2112 Pr'te/a-

279 2402 483 2458 Petrus
531 2401 776 2456 Brutus
813 2399 1029 2452 artium
1080 2398 1287 2463 doctor,
1319 2398 1609 2470 episcopus
1649 2397 1853 2455 Catba-
1882 2404 1930 2462 Α
1959 2398 2194 2453 firmavit
2223 2407 2278 2453 et
2310 2400 2589 2455 stabilivit.
2620 2399 2750 2466 Quae
2797 2415 2882 2455 res
2918 2415 3022 2454 non
3074 2400 3232 2457 latuit
3281 2402 3545 2479 Οηιιιίίω-⁵

210 2498 412 2561 tensis,
437 2495 750 2549 Barnabm
790 2490 1044 2547 Celsano
1067 2530 1083 2554 ,
1118 2490 1176 2544 S.
1209 2490 1270 2548 P.
1306 2491 1367 2545 D.

270 2586 397 2643 Non
452 2602 553 2641 me
612 2586 779 2655 fugit
818 2593 878 2638 te
914 2592 1098 2638 errata
1128 2583 1427 2654 corrigere,
1464 2584 1536 2638 mi
1562 2582 1809 2639 Barnaba
1841 2602 1857 2640 :

208 2681 251 2735 si
284 2697 396 2750 qua
423 2690 567 2736 sunt
606 2677 1084 2733 exscribentium
1117 2677 1248 2732 vitio
1284 2677 1657 2746 imperitorum
1694 2677 1858 2732 divini

208 2773 394 2843 operis
416 2775 721 2828 adversus
752 2770 1004 2840 gentiles
1037 2770 1317 2825 Athanasii
1343 2771 1629 2839 scriptoris
1656 2770 1859 2825 doctis-

214 2869 336 2923 simi
379 2869 585 2938 :quod
612 2866 982 2934 jampridem
1020 2879 1213 2932 magna
1269 2864 1644 2920 lucubratione
1689 2872 1740 2918 et
1773 2864 1858 2917 in-

216 2961 429 3015 dustria
478 2977 554 3015 ex
584 2959 815 3015 Graeco
858 2958 915 3011 in
948 2955 1199 3010 Latinum
1244 2956 1478 3010 traduxit
1502 2954 1750 3009 omnibus
1777 2954 1860 3009 vir

213 3053 435 3121 quidem
471 3065 544 3105 ex
588 3049 766 3103 omni
826 3055 991 3115 parte
1030 3044 1204 3100 bonus
1256 3054 1417 3114 atque
1461 3043 1671 3097 dicendi
1717 3042 1860 3113 peri-

215 3152 323 3197 tus.
374 3142 546 3210 Quod
579 3139 841 3202 laboris,
883 3137 1023 3191 mihi
1057 3136 1250 3201 crede,
1290 3134 1537 3204 religioni
1570 3146 1774 3191 nostra:
1807 3145 1862 3191 et

224 3234 350 3290 ﬁdei
382 3235 641 3288 multum
675 3229 944 3286 conferet
981 3246 995 3280 :
1029 3228 1240 3296 eritque
1272 3225 1577 3296 legentibus
1598 3238 1650 3280 et
1682 3227 1861 3282 curio-

228 3327 300 3380 sis
342 3325 482 3381 utile
540 3339 618 3378 ac
685 3319 1123 3392 perjocundum.
1169 3317 1283 3388 Ego
1336 3317 1479 3371 enim
1529 3316 1621 3387 qui
1664 3316 1857 3371 librum

228 3420 570 3490 quandoque
606 3413 906 3477 lectitavi,
940 3411 1076 3466 mihi
1124 3426 1228 3465 non
1267 3425 1458 3480 parum
1506 3408 1857 3464 emolumenti

230 3512 443 3581 excepi.
479 3510 685 3577 Quare
713 3506 818 3561 tibi
873 3503 1083 3572 gratias
1120 3517 1218 3572 ago
1245 3512 1298 3557 et
1321 3502 1495 3556 habeo
1522 3541 1538 3566 ,
1590 3500 1731 3569 quod
1765 3510 1856 3555 tuo

234 3599 442 3665 labore,
479 3600 683 3655 studio
718 3606 900 3667 atque
928 3608 1097 3665 opera
1131 3593 1230 3664 legi
1268 3592 1457 3662 possit.
1500 3592 1671 3662 Perge
1697 3592 1861 3661 igitur

239 3703 299 3747 ut
327 3692 581 3763 coepisti,
606 3700 671 3747 et
694 3699 753 3743 te
784 3689 896 3743 hac
926 3693 1176 3754 suscepta
1226 3685 1501 3754 provincia
1544 3682 1861 3738 mortalibus

1965 2506 2095 2544 num
2128 2491 2408 2546 doctorem
2444 2501 2591 2546 tuum
2622 2510 2636 2547 :
2671 2492 2823 2561 cujus
2872 2493 3282 2550 beneolentibus
3312 2495 3545 2571 ﬂoribus,

1963 2590 2123 2652 atque
2152 2582 2399 2637 doctrina
2430 2592 2481 2638 te
2510 2584 2707 2639 mirum
2737 2588 2788 2639 in
2841 2587 3057 2640 modum
3092 2587 3431 2655 perornasti;
3484 2597 3538 2642 et

1960 2675 2094 2729 adeo
2133 2676 2439 2742 perornasti
2468 2718 2481 2742 ,
2535 2684 2593 2730 ut
2627 2686 2677 2731 te
2709 2692 2900 2732 omnes
2948 2677 3036 2746 qui
3078 2678 3274 2733 virtute
3325 2678 3546 2749 praaditi

1961 2772 2105 2828 sunt,
2131 2765 2306 2819 virum
2332 2766 2553 2833 bonum,
2584 2766 2799 2821 doctum
2824 2777 2985 2836 atque
3015 2769 3243 2835 peritum
3274 2765 3536 2836 judicent,

1961 2860 2140 2914 dicant
2175 2869 2229 2915 et
2279 2860 2566 2916 alIirmenl.
2616 2863 2775 2919 Novit
2825 2864 2937 2933 ipse
2982 2864 3266 2919 hominum
3326 2873 3538 2919 mentes

1960 2948 2478 3017 quamplurimorum
2498 2952 2712 3021 saepius,
2739 2954 2949 3008 curiosa
2975 2954 3205 3023 quadam
3223 2954 3547 3023 cupiditate,‘

1960 3040 2144 3095 divina
2183 3042 2523 3111 percontari,
2580 3053 2634 3099 et
2668 3044 2913 3099 dubitare
2940 3045 3228 3115 aliquando
3253 3046 3392 3114 quod
3420 3052 3545 3100 cer-'

1965 3140 2075 3185 tum
2111 3141 2193 3186 est
2232 3150 2245 3186 :
2281 3148 2400 3202 qua:
2432 3148 2521 3186 res
2547 3144 2806 3203 quantum
2842 3136 2965 3189 mali
3017 3137 3324 3191 hominibus
3372 3136 3546 3191 inter-'

1964 3222 2089 3275 dum
2114 3221 2296 3277 all‘erri
2329 3225 2497 3293 possit
2537 3225 2700 3279 corde
2741 3225 2990 3279 volutans
3021 3235 3073 3279 et
3102 3226 3357 3281 memoria
3390 3242 3541 3295 repe-

1966 3320 2103 3376 tens,
2130 3312 2407 3366 Athanasii
2446 3313 2641 3369 litteris
2671 3314 2873 3370 Grzecis
2908 3315 3171 3385 scriptum
3207 3315 3258 3369 in
3286 3296 3546 3369 Latinum.

1964 3403 2123 3458 edere
2149 3404 2389 3458 animum
2420 3402 2676 3461 induxit:
2716 3420 2814 3460 nec
2843 3406 3018 3475 potuit
3048 3405 3131 3459 vir
3166 3405 3400 3474 optimus
3425 3405 3540 3474 ipse

1966 3497 2164 3553 addere
2199 3496 2341 3563 quod
2373 3499 2616 3565 optabat,
2648 3498 2895 3552 minuere
2918 3498 3059 3567 quod
3086 3497 3315 3560 volebat,
3364 3504 3541 3554 morte

1964 3596 2285 3655 correptus:
2316 3601 2420 3641 non
2470 3602 2604 3643 sane
2635 3597 2693 3642 ut
2738 3588 3021 3658 scriptoris
3062 3584 3389 3643 sententiam
3420 3602 3543 3658 per—

1967 3679 2247 3742 turbaret,
2274 3680 2367 3735 scd
2408 3688 2468 3733 ut
2493 3680 2635 3749 quod
2665 3678 2854 3737 Graece
2898 3680 3080 3745 dulce,
3110 3679 3299 3734 Latine
3331 3680 3542 3735 dulcius

244 3762 457 3855 gratum
513 3783 743 3840 redde:
779 3780 989 3850 quippe
1034 3776 1125 3845 qui
1166 3790 1344 3831 mores
1370 3784 1490 3830 tuos
1519 3813 1535 3838 ,
1588 3774 1860 3843 ingenium
1894 3762 1934 3818 Β
1966 3781 2303 3839 personaret.
2341 3771 2533 3826 Nonne
2587 3770 2837 3841 permisit
2870 3772 2971 3826 hoc
3002 3770 3185 3826 Deus?
3218 3772 3393 3826 Voluit
3421 3774 3543 3839 qui.

247 3886 409 3946 atque
439 3877 772 3932 doctrinam
801 3912 819 3942 ,
875 3881 931 3925 et
964 3869 1020 3923 in
1053 3868 1240 3938 primis
1283 3867 1507 3921 litterati
1538 3881 1727 3920 omnes
1752 3903 1768 3930 ,
1810 3873 1865 3919 et

254 3970 567 4040 approbant
596 3974 661 4023 et
688 3964 1129 4035 amplectuntur.
1159 3960 1273 4015 Non
1306 3958 1453 4019 enim
1512 3972 1704 4013 vereor
1734 3956 1863 4031 quin

256 4045 337 4117 de‘
350 4063 557 4117 virtute
614 4054 959 4114 benemeriti
1012 4067 1219 4117 omnes,
1254 4045 1655 4121 quamprimum
1692 4058 1743 4103 te
1778 4050 1863 4103 vi-

254 4169 376 4221 rum
430 4153 833 4210 doctissimum
885 4147 1131 4203 codicem
1177 4144 1471 4214 perlegisse
1522 4141 1864 4210 acceperint,

256 4258 380 4299 eum
418 4244 525 4299 sibi
560 4241 860 4313 peculiare
886 4252 1002 4307 prae
1031 4235 1278 4295 omnibus
1306 4232 1541 4289 habituri
1595 4233 1728 4289 sint.
1766 4230 1868 4285 De-

257 4334 552 4391 lectabitur
585 4331 851 4405 profecto
894 4327 1323 4384 studiosissimus
1374 4326 1676 4379 litterarum
1708 4364 1723 4390 ,
1771 4322 1866 4391 qui

262 4427 329 4483 de
361 4428 467 4483 ﬁde
492 4424 787 4482 catholica
813 4423 957 4478 bene
993 4418 1181 4482 sentit,
1214 4418 1374 4473 modo
1400 4431 1463 4471 ex
1492 4417 1596 4471 hcc
1633 4415 1865 4483 dialogo,

264 4520 429 4576 modo
462 4535 530 4574 ex
570 4517 694 4573 illo.
756 4514 909 4569 Inest
941 4511 1086 4567 enim
1124 4518 1275 4564 tanta
1312 4509 1597 4563 verborum
1639 4506 1867 4561 concin-

262 4612 409 4666 nitas
438 4651 453 4677 ,
488 4620 771 4679 tantaque
801 4603 1025 4660 dicendi
1069 4602 1222 4671 copia
1270 4616 1392 4656 cum
1425 4600 1685 4670 gravitate
1733 4612 1863 4653 con-

260 4702 465 4772 juncta,
493 4712 556 4758 ut
581 4700 845 4756 divinum
869 4708 1011 4763 opus
1036 4694 1272 4762 quidem,
1305 4692 1435 4748 etin
1480 4706 1609 4746 arce
1637 4691 1761 4761 poni
1788 4691 1871 4746 di-

267 4810 472 4867 gnum,
503 4793 670 4866 quasi
719 4789 972 4844 Minerva
1028 4785 1117 4838 illa
1172 4784 1361 4838 Pbidia
1419 4783 1615 4837 merito
1662 4783 1765 4838 dici
1814 4791 1871 4837 et

266 4884 519 4955 aﬂirmari
557 4880 763 4954 possit.
800 4876 1049 4932 Mirabar
1098 4874 1347 4943 equidem
1378 4911 1392 4935 ,
1424 4872 1508 4926 vir
1536 4872 1868 4938 doctissime,

265 4992 391 5031 cum
422 4993 523 5031 non
570 4978 911 5047 ignorarem
955 4964 1261 5036 priscorum
1290 4975 1599 5020 nostrorum
1633 4962 1871 5035 permul-

268 5080 355 5127 tos
379 5074 589 5128 codices
641 5078 701 5124 et
749 5071 1051 5135 poetarum
1086 5067 1143 5113 et
1187 5067 1461 5113 oratorum
1494 5054 1870 5111 tua‘emenda-

262 5166 404 5221 tione
446 5166 812 5235 castigatos,
869 5153 919 5208 si
977 5150 1202 5204 missum
1256 5148 1463 5204 faceres
1507 5148 1609 5205 hoc
1660 5156 1870 5203 tantum

254 5272 388 5327 opus
418 5276 433 5317 :
473 5258 626 5329 quod
656 5267 775 5310 non
838 5253 1059 5304 tantum
1090 5241 1287 5312 fugatis
1331 5240 1539 5298 nebulis
1574 5239 1873 5294 irradiante

246 5352 359 5413 sole
380 5354 626 5415 ηιυιιόας
660 5345 894 5411 ubique
936 5337 1078 5393 lucet
1104 5344 1266 5404 atque
1296 5332 1660 5398 discernitur;
1696 5346 1871 5401 quan-

242 5454 354 5499 tum
385 5440 715 5514 huiusmodi
759 5430 1005 5499 scriptis
1037 5435 1091 5482 et
1119 5426 1605 5496 disceptationibus
1650 5440 1747 5494 pro
1778 5438 1874 5477 ve-

233 5539 396 5598 ritate
431 5536 644 5595 tuenda
687 5520 1094 5595 explendescit
1119 5520 1460 5574 Christianus
1483 5531 1675 5572 sensus
1703 5524 1759 5569 et
1791 5515 1875 5570 in-

220 5633 485 5688 tellectus
520 5630 866 5684 humanus.
921 5609 1178 5665 Nutritur
1204 5610 1429 5674 veritas,
1459 5617 1686 5679 augetur
1712 5607 1869 5673 lides,

219 5729 481 5795 unoque
512 5726 837 5779 servatur,
880 5718 1097 5762 necnon
1144 5703 1403 5773 singulari
1435 5702 1669 5772 quodam
1693 5709 1749 5756 et
1778 5699 1873 5753 ad-

215 5793 466 5877 mirabili
504 5811 901 5873 documento
949 5797 1089 5851 ritus
1133 5805 1348 5851 nostros
1399 5802 1455 5850 et
1502 5793 1873 5850 institutiones

202 5926 409 5975 contra
465 5903 815 5970 hareticos
848 5888 1084 5949 cccleste
1122 5888 1223 5944 hoc
1254 5902 1389 5961 opus
1422 5896 1477 5944 et
1508 5886 1872 5944 necessarium

1966 3866 2085 3920 dem
2113 3876 2274 3935 atque
2306 3867 2586 3921 decrevit:
2610 3868 2825 3937 quando
2852 3876 2904 3923 te
2930 3867 3158 3922 alterum
3180 3865 3543 3923 Omnibonum

1960 3954 2082 4023 jure
2115 3966 2170 4009 et
2216 3958 2415 4012 merito
2447 3957 2561 4011 haec
2590 3966 2775 4012 nostra
2809 3968 2941 4012 tetas
2973 3956 3169 4011 habeat
3196 3965 3253 4012 et
3298 3969 3543 4012 contem-~

1967 4051 2165 4121 pletur.
2190 4051 2457 4106 Traduin
2486 4051 2624 4121 ipse,
2656 4060 2711 4107 tu
2743 4067 2869 4106 vero
2896 4052 3146 4122 corrigis,
3176 4051 3410 4121 castigas
3460 4058 3544 4103 al-

1969 4158 2083 4213 que.
2105 4143 2363 4197 emendas
2403 4159 2418 4197 :
2452 4144 2671 4213 utrique
2716 4145 2877 4199 debet
2906 4160 3011 4199 non
3062 4159 3251 4213 parum
3304 4143 3542 4197 humana

1969 4235 2083 4289 haec
2122 4235 2442 4291 mortalitas.
2470 4234 2537 4290 Et
2566 4237 2653 4291 cui
2699 4237 2864 4307 plus?
2895 4238 3016 4292 aliis
3054 4236 3424 4305 relinquamus
3454 4234 3544 4303 ju-

1969 4325 2191 4382 dicium.
2230 4326 2483 4381 Attamen
2508 4327 2687 4383 exitus
2718 4338 2836 4382 acta
2890 4328 3083 4398 probat
3111 4328 3193 4397 (ut
3232 4326 3319 4379 ille
3344 4324 3463 4397 ait),
3490 4334 3545 4380 et

1970 4417 2093 4472 finis
2117 4458 2131 4485 ,
2162 4433 2265 4472 non
2298 4433 2495 4487 pugna,
2552 4431 2800 4476 coronat.
2832 4418 3040 4487 Neque,
3088 4426 3139 4473 te
3163 4432 3312 4486 rogo,
3341 4416 3545 4471 Barna-

1969 4509 2058 4575 ba,
2095 4520 2379 4579 exspectes
2426 4518 2485 4564 ut
2512 4580 2521 4585 λ
2544 4510 2850 4581 aliquorum
2879 4510 3255 4565 adhortatione
3283 4517 3337 4563 et
3360 4519 3546 4562 aucto-

1972 4600 2135 4654 ritate
2158 4602 2225 4653 ad
2244 4601 2346 4654 hoc
2368 4600 2755 4668 perliciendum
2787 4615 2981 4653 munus
2998 4600 3254 4653 incitatus
3275 4597 3542 4650 videaris:

1973 4692 2410 4759 quandoquidem
2448 4691 2721 4760 inceptum
2758 4691 2859 4744 hoc
2890 4704 2918 4742 a
2943 4687 3324 4759 telperfectum
3357 4686 3422 4741 iri
3455 4696 3545 4740 tua

1971 4782 2191 4847 virtute,
2222 4782 2490 4846 bonitate,
2522 4782 2823 4837 constantia
2847 4820 2861 4847 ,
2888 4780 3220 4851 integritate,
3254 4778 3381 4834 boni
3407 4779 3549 4849 judi-

1972 4881 2097 4931 cent
2137 4889 2346 4929 omnes.
2374 4872 2589 4928 Fefellit
2620 4887 2858 4942 unquam
2909 4872 3177 4927 neminem
3209 4870 3552 4940 probissimo-

1976 4983 2092 5024 rum
2124 4968 2404 5024 hominum
2436 4967 2637 5038 optima
2687 4968 2755 5021 de
2787 4975 2840 5019 te
2870 4966 3053 5036 Opinio
3098 4980 3115 5021 :
3149 4965 3290 5035 quod
3342 4964 3552 5032 imprae-

1975 5059 2280 5117 sentiarum
2308 5059 2351 5115 si
2380 5057 2592 5129 decepti
2619 5058 2851 5112 fortasse
2872 5058 3205 5121 viderentur,
3240 5070 3305 5110 eo
3330 5055 3551 5119 gravius

1972 5154 2184 5210 ferrent
2211 5193 2228 5219 ,
2288 5166 2393 5221 quo
2442 5150 2659 5206 facilius
2701 5150 2982 5205 ﬁdeliusve
3018 5149 3122 5204 hoc
3156 5164 3186 5203 a
3238 5156 3289 5202 te
3318 5146 3430 5201 viro
3457 5146 3551 5200 do-

1973 5247 2218 5302 ctissimo
2254 5246 2370 5300 lleri
2401 5259 2559 5314 posse
2608 5244 3040 5298 arbitrabantur.
3081 5239 3195 5296 Non
3228 5241 3342 5294 haec
3370 5237 3551 5291 scribo

1972 5346 2032 5392 ut
2064 5337 2362 5407 prudentiae
2393 5345 2498 5391 tute
2528 5334 2765 5389 diﬁidam
2787 5372 2803 5398 ,
2851 5333 2937 5388 vel
2965 5331 3093 5403 quid
3140 5330 3235 5384 tibi
3287 5325 3550 5397 agendum

1972 5430 2043 5485 sit
2100 5440 2151 5485 te
2211 5427 2401 5497 fugere
2449 5427 2731 5492 dubitem;
2783 5425 2877 5479 sed
2928 5437 3016 5479 me
3074 5430 3310 5476 aeternus
3363 5415 3553 5469 incitat

1984 5535 2162 5585 amor,
2198 5520 2450 5588 cogitque
2479 5518 2634 5573 ﬁdes.
2670 5516 2815 5586 Lego
2845 5524 2896 5570 et
2947 5515 3059 5583 ipse
3107 5517 3351 5564 oratores
3407 5514 3554 5574 tuos,

1980 5608 2307 5680 quandoque
2330 5608 2451 5679 lego
2476 5616 2533 5662 et
2565 5615 2754 5677 poetas
2778 5603 2942 5658 animi
2972 5615 3130 5655 causa
3155 5618 3168 5654 :
3193 5613 3315 5652 cum
3344 5611 3375 5651 e
3399 5612 3551 5651 com—

1982 5702 2133 5758 muni
2166 5702 2347 5757 studio
2378 5708 2563 5755 nostro
2584 5699 2721 5768 juris
2748 5692 3009 5763 pontilicii
3062 5699 3117 5745 et
3162 5704 3437 5745 sacrarum
3467 5687 3554 5741 lit-

1986 5805 2224 5849 terarum
2262 5792 2498 5847 lectione
2535 5785 2924 5858 aliquantulum
2974 5798 3061 5837 me
3087 5784 3345 5839 subtraho
3372 5799 3385 5835 :
3417 5780 3556 5850 quo+

1985 5901 2103 5942 rum
2139 5885 2410 5950 doctrina,
2446 5890 2503 5936 ut
2547 5878 2807 5935 orationis
2841 5876 3168 5931 suavitatem
3199 5875 3464 5935 omittam,
3499 5873 3556 5922 et
