3998 6502
558 409 683 450 XLVI

1928 393 2461 451 PROLEGOMENA.

559 516 864 574 carminum
898 513 1042 570 dulci
1092 514 1463 571 modulatione
1515 515 1851 571 currentium
1877 555 1892 579 ,
1927 524 2132 568 tantam
2164 521 2210 575 Α
2241 511 2631 569 humanissime
2664 513 2933 577 Barnaha,
2978 526 3103 585 pcto
3128 532 3156 571 a
3193 526 3243 573 te
3268 522 3515 590 precario
3551 540 3565 579 :
3598 531 3653 579 et
3683 538 3823 595 pra-

561 624 673 681 pra:
721 622 781 662 se
822 606 929 662 fert
961 606 1307 679 dignitatem,
1339 617 1395 663 et
1422 609 1684 663 rationem
1709 607 1850 662 bene
1882 606 2132 670 vivendi;

561 709 623 755 ut
657 698 872 755 nonnisi
909 715 1029 769 quae
1058 698 1275 769 ingenio
1298 708 1460 769 atque
1495 699 1803 769 cognitione
1826 698 1985 767 digna
2009 705 2136 751 sunt

562 791 619 846 in
665 790 795 860 ipsis
824 790 1056 845 inveniri
1090 790 1322 859 possint.
1370 790 1476 845 Sed
1524 800 1700 843 tamen
1730 788 1863 842 nihil
1896 803 2137 845 c0mmo-

563 882 685 937 dius
727 881 1136 949 :egritudinihus
1186 881 1439 936 humanis
1467 921 1481 945 ,
1515 880 1651 937 nihil
1698 879 1895 934 animis
1936 870 2136 934 nostris

562 972 978 1038 conducibilius,
1010 989 1170 1043 quam
1210 974 1429 1043 scriptis
1464 982 1783 1029 sanctorum
1807 972 2029 1027 Patrum
2057 973 2138 1026 in-

562 1066 840 1129 cumbere,
871 1063 1097 1119 Joannis
1144 1065 1513 1137 Chrysostomi
1538 1106 1553 1132 ,
1584 1064 1791 1129 Basilii,
1830 1062 2136 1128 Athanasii,

561 1154 806 1225 Gregorii
834 1155 1186 1224 Nazianzeni,
1219 1158 1529 1224 Ambrosii,
1584 1155 1918 1227 Hieronymi,
1955 1155 2139 1225 Augu-

564 1248 695 1302 stini
729 1256 891 1317 atque
918 1248 1186 1316 Gregorii,
1215 1258 1269 1304 et
1302 1249 1606 1317 hujusmodi
1647 1244 1909 1309 omnium,
1953 1248 2042 1317 qui
2073 1246 2138 1300 de

564 1338 734 1392 sacris
768 1339 963 1394 litteris
990 1340 1310 1395 henemeriti
1350 1342 1693 1401 exstiterunt.
1721 1340 1847 1395 Haec
1869 1349 1995 1395 sunt
2015 1354 2139 1409 quae

568 1435 768 1490 nostris
792 1436 1090 1506 angoribus
1114 1438 1225 1493 sola
1250 1438 1531 1491 medentur
1554 1448 1608 1492 et
1631 1445 1859 1503 sanant,
1907 1436 2135 1488 adversa

565 1541 673 1583 non
704 1538 920 1590 curant,
951 1528 1341 1596 jocunditatcm
1382 1539 1597 1598 parant,
1634 1528 1946 1584 felicitatem
1977 1534 2141 1596 atque

568 1615 958 1679 beatitudinem
1006 1618 1346 1688 pollicentur.
1380 1620 1461 1675 Ad
1492 1621 1605 1676 htec
1652 1620 1819 1691 igitur
1867 1617 2139 1678 incumbe,

2241 607 2429 660 sertim
2480 604 2640 674 hujus
2685 608 2856 661 nostri
2892 610 3172 665 Athanasii
3204 613 3382 681 Operis
3410 615 3620 684 copiam
3658 620 3823 686 perﬂ—

2242 698 2369 761 cito,
2405 698 2625 752 omissis
2647 698 2892 753 onmihus
2918 700 3072 765 aliis;
3099 713 3155 755 ut
3180 706 3579 775 quamprimum
3633 705 3822 762 haberi

2241 789 2458 858 possit:
2502 804 2568 843 ne
2611 789 2876 844 illustrata
2915 792 3038 846 fidei
3095 795 3324 860 veritas,
3362 811 3525 865 quam
3572 809 3823 853 summus

2244 880 2333 934 ille
2368 880 2542 948 opifex
2588 881 2895 938 hominibus
2920 884 3109 949 dedit,
3146 886 3353 942 incuria
3386 896 3474 941 tua
3512 888 3725 959 longius
3765 890 3821 945 in

2243 973 2458 1027 occulto
2482 972 2669 1041 jacere
2695 974 2967 1032 videatur.
3001 976 3076 1032 Da
3113 977 3215 1033 hoc
3264 980 3509 1035 muneris
3542 990 3634 1035 tuo
3658 981 3823 1037 Petro

2247 1066 2503 1135 episcopo
2528 1065 2873 1131 Catharensi,
2907 1068 2973 1121 da
3009 1067 3304 1124 Vicenlinis
3328 1073 3581 1129 omnibus
3613 1084 3670 1129 et
3712 1090 3821 1131 ca:-

2246 1160 2399 1224 teris,
2426 1160 2516 1226 qui
2562 1167 2617 1211 te
2647 1159 2849 1214 virtute
2882 1170 2969 1214 tua
3017 1160 3243 1230 diligunt
3278 1172 3333 1216 et
3356 1165 3671 1221 observant.
3707 1164 3823 1222 Hoc

2244 1261 2502 1320 exspecm
2530 1290 2544 1315 ,
2580 1250 2680 1306 hoc
2712 1251 2831 1305 volo
2864 1272 2877 1306 :
2915 1254 3007 1321 qui
3067 1256 3110 1309 si
3148 1270 3231 1309 me
3265 1257 3501 1311 audieris
3530 1296 3545 1323 ,
3597 1258 3826 1313 habebis

2246 1357 2332 1397 me
2368 1342 2606 1413 profecto
2637 1343 2689 1397 in
2720 1345 2970 1399 onmihus
3006 1360 3216 1414 semper
3248 1346 3546 1414 jocundum
3580 1356 3635 1403 et
3668 1363 3823 1419 atque

2246 1434 2490 1487 charum.
2537 1431 2690 1505 Vale,
2741 1436 3101 1491 litteratorum
3156 1438 3339 1493 decus.
3378 1439 3583 1506 Quarto
3641 1439 3824 1494 Nonas

2247 1520 2589 1591 Decembres,
2618 1538 2953 1582 uccccuxxr
2990 1527 3045 1583 in
3070 1527 3273 1599 palatio
3306 1530 3599 1601 episcopali
3625 1530 3823 1587 Vicen-

2249 1612 2382 1669 tino.

1210 1789 1486 1845 Barnabas
1525 1790 1802 1855 Celsanus,
1837 1789 1996 1844 Petra
2026 1786 2194 1841 Bruto
2230 1784 2470 1855 episcOpa
2504 1784 2840 1855 Calharensi,
2876 1788 2935 1845 S.
2970 1787 3036 1843 P.
3075 1787 3136 1842 ι).

636 1879 694 1934 Si
733 1880 1137 1938 eruditissimus
1166 1881 1395 1951 quisque
1415 1884 1582 1938 nostri
1608 1883 1787 1938 saeculi
1823 1880 2134 1937 Christiano
2166 1885 2206 1940 Β
2239 1886 2351 1934 tute
2381 1880 2701 1935 etdoctrina
2736 1891 3084 1953 praestantem
3117 1898 3130 1945 ;
3163 1879 3299 1934 alter
3327 1880 3821 1945 cxstititOmnibo-

564 1985 791 2031 mnuere
820 1970 1160 2043 fungeretur,
1183 1958 1343 2028 Petre
1364 1974 1531 2030 Brute
1560 1977 1814 2045 episcOpe
1838 1975 2141 2040 Catharen-

574 2063 670 2131 sis,
705 2080 810 2120 non
851 2075 955 2121 tam
982 2068 1117 2123 bene
1139 2066 1375 2133 dicendi,
1402 2081 1562 2135 quam
1583 2068 1745 2121 etiam
1772 2068 1909 2121 bene
1926 2063 2139 2118 vivendi

565 2156 801 2212 rationes
849 2157 974 2212 iniri
1025 2158 1354 2214 studeretur.
1404 2157 1544 2213 Hinc
1584 2158 1892 2214 efﬁceretur
1924 2166 1983 2211 ut
2026 2156 2140 2224 jam

562 2245 881 2305 ﬂorentibus
908 2250 1171 2306 bonarum
1201 2251 1399 2304 artium
1455 2251 1649 2307 studiis
1674 2292 1688 2315 ,
1737 2266 1843 2307 non
1893 2255 2142 2307 deessent

564 2339 721 2393 nobis
744 2341 935 2409 optimi
968 2351 1021 2396 et
1041 2341 1475 2411 eloquentissimi
1508 2344 1636 2409 viri,
1661 2344 1751 2413 qui
1782 2346 1847 2399 de
1871 2343 2034 2398 rebus
2062 2343 2141 2398 di-

562 2430 705 2485 vinis
752 2430 1119 2500 pulcherrime
1164 2442 1219 2486 et
1268 2434 1619 2489 ornatissime
1650 2434 1974 2489 scriberent.
2004 2433 2139 2488 Nam

562 2522 645 2576 vis
678 2519 879 2591 ingenii
905 2561 920 2586 ,
949 2531 1003 2577 et
1026 2523 1182 2589 copia
1214 2524 1431 2580 dicendi
1462 2566 1477 2592 ,
1504 2534 1565 2580 ut
1593 2525 1671 2581 ait
1702 2524 1924 2593 Fabius,
1954 2540 2137 2596 quem-

562 2614 853 2671 admodum
878 2615 1067 2686 juncta
1099 2624 1316 2683 natura,
1346 2616 1425 2673 sic
1468 2617 1631 2673 etiam
1678 2617 1856 2673 olIicio
1894 2617 2139 2687 copulata

560 2721 682 2762 esse
708 2708 989 2763 deberent.
1021 2691 1151 2769 Sed,
1176 2724 1272 2779 per
1292 2710 1458 2764 Deum
1488 2710 1883 2765 immortalem!
1910 2717 2140 2778 quotus-

560 2800 793 2868 quisque
818 2808 902 2855 est
925 2799 1251 2869 eloquentiae
1272 2802 1573 2868 studiosus,
1605 2802 1695 2871 qui
1723 2818 1829 2856 non
1864 2802 2015 2855 malit
2039 2803 2141 2855 hu-

567 2905 727 2944 mana
754 2901 943 2946 ornate
967 2892 1193 2947 dicendo
1221 2892 1466 2957 laudare,
1514 2909 1676 2963 quam
1710 2894 1795 2949 vel
1830 2905 1976 2950 recte
2005 2894 2141 2949 scri-

558 2980 757 3047 bendo,
784 2982 867 3037 vel
886 2983 1024 3039 bene
1048 2986 1255 3051 agendo
1277 2986 1462 3040 divina
1488 2986 1775 3057 complecti
1796 2987 1819 3040 l
1839 2988 1920 3041 An
1946 2986 2142 3041 desunt

559 3071 793 3133 fortasse
827 3075 983 3130 uobis
1014 3090 1133 3145 qua:
1158 3078 1225 3129 de
1268 3076 1376 3132 Deo
1408 3078 1513 3131 dici
1562 3081 1815 3148 possint?
1845 3078 1912 3134 d'e
1939 3077 2140 3135 beatis-

555 3162 692 3217 sima
730 3163 948 3234 Virgine
980 3166 1004 3219 ?
1046 3165 1111 3221 de
1158 3168 1429 3236 mysteriis
1474 3168 1724 3225 divinis?
1765 3170 1831 3225 de
1868 3171 2127 3227 universa

554 3254 866 3317 Christiana
908 3256 1173 3329 religione
1199 3260 1223 3313 2
1249 3259 1379 3326 Quae
1412 3269 1520 3314 tam
1561 3261 1843 3331 multiplex
1878 3273 1983 3330 est,
2027 3273 2135 3318 tam

555 3346 727 3411 dives,
767 3356 873 3400 tam
904 3350 1144 3417 copiosa,
1172 3359 1230 3404 ut
1260 3352 1465 3420 optimo
1492 3353 1690 3421 cuique
1735 3354 1953 3423 ingenio
1978 3356 2133 3410 uber-

554 3434 749 3490 rimam
779 3437 991 3492 dicendi
1018 3441 1299 3494 materiam
1326 3443 1569 3510 praahere
1612 3452 1797 3512 queat.
1829 3445 1944 3511 Qua
1984 3462 2051 3500 ex
2082 3462 2139 3503 re

554 3526 803 3598 plerique
826 3528 893 3583 ad
922 3528 1183 3598 optimam
1205 3530 1417 3601 frugem
1447 3534 1817 3601 pervenirent,
1843 3552 1907 3590 ac
1930 3537 2136 3606 sapien-

558 3618 691 3675 tiam
737 3632 860 3673 cum
906 3634 1036 3673 vera
1067 3620 1329 3691 religione
1362 3622 1759 3694 conjungereut
1793 3645 1807 3682 :
1839 3628 1993 3698 cujus
2019 3628 2136 3684 oili-

553 3712 703 3771 cium
733 3721 816 3767 est
840 3712 1057 3781 docere,
1086 3722 1149 3768 ut
1171 3716 1507 3771 conculcatis
1563 3718 1929 3775 terrestribus
1957 3731 2011 3775 et
2039 3722 2136 3777 ah-

553 3804 717 3874 jectis
746 3807 1049 3873 erroribus,
1096 3806 1164 3859 ad
1209 3816 1419 3862 aeterna
1452 3807 1694 3863 caelestis
1737 3810 1976 3866 thesauri
2005 3828 2136 3881 prae.

552 3896 662 3951 mia
691 3896 1010 3967 dirigamur.
1060 3896 1200 3965 Quid
1236 3899 1382 3953 enim
1418 3900 1483 3954 ad
1518 3901 1851 3969 agritionem
1882 3902 1977 3959 Dei
2012 3921 2135 3961 con-

555 3988 888 4045 ducibilius?
908 3990 1038 4059 quid
1063 3990 1133 4044 ad
1166 4004 1348 4046 veram
1376 3992 1763 4047 beatitudinem
1796 4010 2133 4067 consequen-

552 4081 677 4135 dam
709 4080 935 4150 aptius?
968 4081 1098 4152 quid
1146 4083 1353 4137 homini
1390 4085 1707 4141 Christiano
1742 4088 1915 4158 magis
1940 4106 2132 4146 neces-

551 4172 780 4237 sarium,
811 4188 974 4242 quam
994 4174 1301 4229 divinarum
1335 4190 1513 4230 rerum
1544 4179 2129 4249 contemplatiolNam

549 4281 672 4319 cum
697 4266 933 4322 humana
957 4269 1309 4338 despicimus,
1343 4280 1738 4339 cognoscentes
1778 4288 2018 4342 superna
2045 4283 2131 4329 at-

549 4373 656 4428 que
707 4360 948 4416 cmlestia
976 4403 992 4430 ,
1024 4362 1139 4418 haec
1170 4372 1358 4418 nostra
1392 4373 1451 4417 ut
1483 4364 1680 4434 exigua
1714 4373 1770 4421 et
1801 4368 2130 4424 mortalitati

547 4449 792 4521 subjecta
822 4454 1248 4520 contemnimus,
1281 4464 1445 4526 atque
1475 4472 1576 4527 ego
1624 4458 1761 4514 satis
1814 4459 2002 4515 mirari
2037 4476 2129 4515 ne-

2242 1984 2344 2025 nus
2372 1968 2706 2034 Leonicenus
2732 2012 2747 2037 ,
2773 1982 3075 2042 praeceptor
3107 1987 3257 2026 meus
3281 1973 3638 2027 suavissimus
3661 1992 3673 2040 ;
3695 1974 3823 2029 0m-

2242 2060 2497 2127 nibonus,
2526 2062 2765 2131 inquam,
2794 2065 2964 2118 nostri
3002 2064 3182 2118 saeculi
3208 2065 3395 2129 decus,
3432 2064 3671 2143 civitatis
3690 2082 3819 2121 vero

2242 2166 2441 2210 nostra:
2470 2153 2615 2208 fama
2660 2162 2715 2209 et
2759 2155 2931 2226 gloria
2961 2196 2976 2221 ,
3021 2156 3324 2211 litterarum
3360 2168 3465 2211 tam
3502 2156 3819 2213 Graecarum

2241 2262 2405 2317 quam
2440 2245 2756 2301 Latinarum
2784 2247 3027 2301 columen
3054 2287 3068 2313 ,
3107 2248 3368 2303 bonorum
3397 2249 3697 2319 specimen,
3732 2265 3822 2305 ve-

2243 2354 2317 2394 rae
2354 2338 2641 2409 probitatis
2670 2339 2999 2410 exemplum,
3030 2348 3085 2393 ut
3118 2338 3254 2394 alter
3283 2356 3392 2394 suae
3412 2341 3586 2395 aetatis
3613 2342 3815 2396 Socra-

2243 2440 2325 2486 tes
2358 2432 2553 2486 merito
2581 2432 2685 2486 dici
2722 2432 2979 2501 potuerit.
3008 2430 3288 2502 Religione
3310 2446 3437 2486 vero
3479 2441 3626 2486 tanta
3658 2443 3824 2503 atque

2242 2522 2508 2578 modestia
2540 2522 2665 2589 fuit,
2700 2534 2760 2578 ut
2789 2523 2924 2579 nihil
2951 2523 3001 2578 ei
3030 2522 3297 2588 defuerit,
3334 2523 3479 2593 quod
3512 2524 3564 2577 in
3611 2526 3821 2594 optimo

2241 2623 2298 2671 et
2324 2615 2671 2670 sanctissimo
2717 2615 2835 2670 viro
2870 2615 3255 2686 requirendum
3299 2616 3570 2671 videatur.
3604 2616 3819 2671 Nemini

2242 2722 2480 2777 unquam
2513 2707 2752 2765 detraxit
2787 2706 3143 2772 Omnibonus,
3182 2723 3357 2777 neque
3389 2708 3681 2777 loquendo,
3726 2725 3822 2765 ne-

2242 2814 2346 2868 que
2403 2798 2742 2865 scribendo,
2780 2800 3029 2868 quamvis
3056 2800 3125 2859 ab
3154 2798 3363 2855 aemulis
3412 2799 3608 2869 saepius
3656 2798 3821 2853 fuerit

2242 2890 2549 2945 lacessitus.
2577 2890 2750 2945 Tanta
2779 2891 3014 2961 denique
3050 2891 3183 2946 vixit
3233 2892 3565 2959 integritate,
3601 2901 3659 2946 ut
3690 2893 3820 2947 ἁνα-

2245 2984 2522 3056 μάρτητος
2547 2983 2649 3038 dici
2676 2985 2934 3054 patuerit.
2969 2983 3238 3050 Quantum
3279 2999 3409 3041 vero
3437 2984 3637 3039 litteris
3668 2982 3821 3040 Cra:-

2241 3077 2322 3132 cis
2368 3076 2599 3134 valuerit
2645 3076 2793 3149 (nam
2840 3078 2906 3131 de
2938 3076 3148 3133 Latinis
3185 3085 3349 3131 testes
3382 3086 3508 3132 sunt
3538 3078 3821 3148 perpolitae

2241 3169 2359 3237 ejus
2387 3169 2686 3236 orationes,
2735 3178 2790 3224 et
2822 3167 2946 3221 libri
2977 3169 3328 3224 ornatissime
3368 3168 3689 3240 conscripti)
3735 3169 3820 3225 vel

2241 3274 2305 3313 ex
2337 3260 2440 3315 hoc
2467 3260 2691 3329 intelligi
2736 3270 2937 3331 potest,
2967 3262 3107 3331 quod
3130 3276 3253 3317 cum
3300 3262 3353 3315 in
3387 3261 3629 3316 Venetiis
3674 3261 3819 3332 apud

2240 3351 2607 3406 Bissarionem
2636 3352 2755 3423 (sic)
2794 3354 3123 3409 cardinalem
3156 3354 3431 3410 Nicaanum
3462 3354 3655 3411 Grmce
3703 3368 3821 3409 ora-

2241 3442 2443 3496 tionem
2480 3443 2799 3509 habuisset,
2856 3453 3007 3500 tanta
3060 3445 3314 3503 facundia
3372 3445 3697 3515 peroravit,
3760 3452 3823 3499 ut

2238 3534 2461 3590 Graecos
2514 3550 2702 3591 omnes
2748 3536 3062 3606 eloquentia
3111 3538 3411 3594 doctissimi
3465 3537 3567 3592 viri
3609 3536 3818 3606 judicio

2240 3628 2560 3699 praestitisse
2590 3628 2768 3683 dictus
2797 3630 2891 3696 sit,
2915 3628 3347 3700 eloquentiaeque
3374 3629 3630 3700 palmam,
3652 3645 3818 3699 quam

2236 3718 2350 3773 sola
2379 3717 2587 3772 Graecia
2616 3718 2950 3789 possidebat,
2977 3733 3098 3773 eum
3123 3719 3197 3773 ita
3227 3722 3293 3775 ad
3331 3720 3554 3778 Latinos
3579 3729 3820 3778 transtu-

2238 3808 2385 3873 lisse,
2420 3819 2476 3863 ut
2506 3809 2639 3862 nihil
2662 3820 2756 3863 aut
2790 3825 2977 3878 parum
3011 3810 3240 3881 egregiae
3291 3810 3465 3869 laudis
3491 3812 3632 3882 apud
3667 3812 3820 3866 Cra:-

2235 3914 2330 3955 cos
2353 3900 2598 3955 relictum
2633 3915 2753 3959 esse
2780 3901 2961 3956 dicere
2990 3917 3095 3955 non
3144 3901 3478 3958 dubitaverit
3504 3922 3517 3957 :
3553 3904 3819 3973 quemad-

2237 3975 2455 4049 m‘odum
2489 3992 2556 4047 de
2591 3992 2775 4048 Marco
2814 3994 2978 4049 etiam
3011 3993 3188 4048 Tullio
3218 3996 3437 4049 tradunt
3471 3994 3815 4065 Apollonium

2236 4084 2461 4138 dixisse.
2508 4084 2614 4138 Sed
2644 4124 2659 4148 ,
2692 4094 2752 4137 ut
2800 4086 3075 4154 praeterita
3113 4096 3168 4140 et
3201 4102 3319 4155 quae
3353 4094 3454 4142 sub
3477 4089 3657 4144 oculis
3708 4104 3813 4144 non

2234 4184 2360 4233 sunt
2392 4175 2549 4230 missa
2581 4175 2868 4241 faciamus,
2923 4177 3271 4233 conferamus
3299 4178 3550 4235 Graecum
3582 4181 3815 4236 Atnana-

2232 4268 2371 4323 sium
2396 4282 2518 4322 cum
2543 4266 2738 4322 Latino
2772 4286 2785 4322 :
2818 4266 3127 4323 lectitemus
3151 4277 3477 4340 utrumque;
3515 4281 3626 4326 tum
3657 4271 3814 4335 facile

2234 4358 2527 4430 unicuique
2564 4360 2669 4416 erit
2698 4359 2898 4424 videre,
2928 4360 2972 4415 si
3004 4368 3295 4429 utramque
3330 4362 3809 4432 linguamcallue-

2234 4453 2325 4519 rit,
2356 4461 2618 4523 quantum
2674 4452 2763 4507 ille
2806 4452 3116 4507 Graecarum
3151 4451 3457 4508 litterarum
3486 4456 3811 4527 cognitionis

547 4558 688 4615 queo
720 4547 849 4615 quid
904 4547 976 4602 ita
1012 4549 1194 4617 cupidi
1240 4552 1456 4605 caeteris
1488 4550 1647 4607 bonis
1680 4553 1892 4607 artibus
1922 4552 2131 4609 incum-
2161 4566 2207 4621 ι)
2236 4543 2507 4608 habuerit,
2540 4543 2593 4597 in
2618 4558 2727 4612 quo
2757 4552 2903 4598 tanta
2928 4542 3184 4613 dignitas,
3216 4552 3362 4598 tanta
3396 4546 3601 4603 veritas
3632 4563 3811 4603 serva-

545 4637 756 4703 bamus,
790 4649 953 4711 atque
977 4641 1246 4711 cujusque
1272 4641 1487 4712 placitae
1511 4644 1817 4715 disciplinae
1846 4656 2129 4702 consecte-

545 4744 669 4783 mur
696 4732 1023 4801 magistros;
1049 4734 1354 4789 divinarum
1382 4751 1517 4791 vero
1536 4753 1718 4792 rerum
1756 4737 1924 4793 libros
1953 4740 2126 4810 negli-

546 4818 763 4888 gentius
815 4820 1172 4879 evolvamus:
1204 4834 1281 4889 et,
1326 4825 1470 4895 quod
1515 4836 1759 4883 monstro
1789 4828 1967 4884 simile
2006 4844 2127 4885 esse

546 4908 779 4973 videtur,
816 4923 913 4964 nos
944 4910 1191 4967 homines
1214 4914 1323 4968 nati
1350 4916 1417 4969 ad
1446 4916 1754 4971 divinarum
1784 4934 1965 4974 rerum
1991 4935 2125 4975 con-

549 4999 980 5068 templationem,
1009 5017 1036 5055 a
1066 5005 1237 5060 sacris
1273 5005 1477 5064 litteris
1508 5009 1921 5078 abhorreamus,
1960 5022 2124 5083 atque

549 5090 606 5145 in
643 5090 887 5159 fabellis,
918 5103 975 5148 et
1005 5094 1382 5155 deliramentis
1414 5118 1661 5173 magnam
1701 5106 1963 5173 temporis
1995 5121 2125 5175 par—

547 5192 655 5239 tem
693 5196 1065 5241 conteramus.
1096 5187 1231 5245 Hinc
1264 5192 1325 5245 fit
1355 5204 1416 5248 ut
1453 5196 1591 5250 bona
1626 5196 1963 5251 eruditorum
2000 5214 2125 5269 pars

547 5277 728 5347 potius
760 5277 904 5332 inter
932 5280 1187 5347 gentiles,
1220 5298 1383 5352 quam
1424 5286 1565 5343 inter
1601 5288 1966 5353 Christianos,
1999 5304 2125 5345 cen-

555 5371 663 5425 seri
690 5379 1023 5426 mereantur.
1056 5372 1163 5428 Sed
1193 5389 1261 5430 ex
1306 5381 1453 5433 omni
1481 5379 1918 5434 doctissimorum
1952 5382 2125 5436 nostri

548 5464 805 5531 temporis
835 5479 1063 5519 numero
1087 5505 1103 5530 ,
1140 5483 1271 5537 pace
1306 5468 1531 5524 aliorum
1563 5470 1821 5536 dixerim,
1858 5473 1994 5529 duos
2023 5487 2123 5544 ego

548 5552 670 5606 novi
721 5555 870 5611 viros
924 5556 977 5611 in
1022 5559 1169 5613 omni
1214 5574 1412 5631 genere
1453 5560 1717 5615 doctrina:
1748 5562 2120 5620 eminentissi-

549 5656 707 5697 mos:
746 5648 963 5703 eosdem
1015 5651 1179 5705 etiam
1219 5653 1328 5706 vita
1381 5651 1823 5720 probatissimos,
1871 5670 1935 5709 ac
1960 5655 2119 5713 Chri-

546 5733 737 5789 stianae
797 5738 1071 5807 religionis
1126 5754 1430 5799 assertores
1476 5742 1994 5811 constantissimus;
2065 5757 2117 5803 te

546 5821 690 5893 dico,
733 5826 892 5884 Petre
929 5830 1096 5891 Brute
1124 5834 1378 5905 episcope
1409 5830 1783 5899 Catharensis,
1827 5836 1974 5891 omni
2007 5836 2117 5891 vir-

2237 4646 2345 4701 tur,
2385 4645 2531 4690 tanta
2572 4635 2860 4690 verborum
2905 4644 2959 4691 et
3011 4636 3407 4691 sententiarum
3446 4639 3807 4702 concinnitas,

2234 4738 2292 4785 ut
2320 4731 2463 4800 quod
2497 4736 2576 4784 est
2614 4728 2666 4781 in
2704 4729 3001 4796 interprete
3030 4728 3246 4790 mirum,
3289 4728 3493 4797 ubique
3516 4730 3810 4799 perspicia-

2236 4832 2324 4877 tur
2359 4820 2703 4892 .cquabilitas
2725 4820 2990 4874 orationis
3016 4829 3072 4874 et
3101 4820 3363 4888 gravitas.
3391 4819 3507 4876 Non
3535 4821 3607 4874 ita
3630 4822 3809 4892 copio-

2233 4929 2290 4970 sa
2322 4923 2403 4969 cst
2427 4924 2485 4969 ut
2524 4912 2762 4968 luxuriet
2787 4912 2981 4976 oratio,
3016 4926 3190 4979 neque
3218 4912 3291 4965 ita
3322 4912 3527 4979 suavis,
3562 4924 3621 4967 ut
3645 4914 3806 4968 lasci-

2233 5009 2343 5061 viat
2371 5047 2387 5072 ,
2417 5021 2515 5061 nec
2570 5007 2707 5059 adeo
2740 5012 2955 5072 compta
2984 5042 2999 5068 ,
3032 5011 3090 5056 ut
3135 5003 3386 5059 aﬁ‘ectata
3419 5006 3808 5074 compositione

2228 5102 2409 5156 fucata
2446 5113 2567 5154 esse
2601 5098 2870 5151 videatur.
2906 5096 3113 5162 Quibus
3146 5097 3438 5153 virtutibus
3470 5108 3635 5169 atque
3680 5114 3806 5154 con-

2229 5202 2377 5248 textu
2428 5192 2693 5247 orationis
2728 5190 2895 5245 nihilo
2950 5190 3121 5260 ipsius
3173 5190 3459 5245 Athanasii
3510 5191 3805 5263 archetypo

2230 5283 2455 5339 inferior
2487 5290 2711 5350 apparet
2740 5300 2752 5335 :
2786 5295 2852 5333 ex
2887 5296 2996 5349 quo
3037 5280 3261 5350 intelligi
3309 5289 3505 5350 potest,
3538 5290 3803 5351 quantum

2228 5376 2313 5431 vel
2353 5379 2406 5430 ln
2438 5374 2733 5443 scriptione
2782 5370 2994 5435 Latina,
3038 5371 3124 5427 vel
3155 5372 3461 5427 eruditione
3488 5371 3679 5427 Graeca
3712 5386 3806 5425 va-

2231 5469 2410 5524 luerit.
2446 5466 2805 5533 Quamobrem
2841 5478 2998 5518 nemo
3039 5463 3124 5517 vel
3164 5464 3354 5532 aptius
3385 5501 3401 5528 ,
3451 5462 3535 5517 vel
3572 5462 3801 5526 fidelius,

2231 5559 2315 5616 vel
2374 5558 2538 5614 etiam
2585 5554 2906 5626 elegantius,
2953 5568 3115 5622 quam
3167 5553 3505 5613 Omnibonus
3535 5594 3552 5620 ,
3592 5562 3803 5622 poterat

2232 5651 2514 5707 traducere
2544 5647 2785 5702 divinum
2828 5644 3111 5699 Athanasii
3147 5658 3284 5713 Opus
3305 5643 3507 5699 Contra
3543 5644 3758 5714 gentiles
3781 5658 3802 5698 :

2226 5743 2425 5814 quippe
2446 5741 2535 5811 qui
2572 5749 2628 5795 et
2654 5736 3160 5795 Christianissimus
3182 5743 3347 5801 esset,
3377 5745 3433 5791 et
3483 5736 3537 5789 in
3574 5744 3801 5805 utraque

2228 5836 2415 5905 lingua
2438 5832 2921 5906 praestantissimus
2956 5844 2970 5885 :
3002 5836 3060 5884 ut
3101 5823 3426 5883 crediderim
3457 5828 3622 5883 Deum
3655 5826 3797 5897 optio
