3998 6534
1460 420 1618 477 ΡΒΑΞ
1627 424 1970 485 FATIONES
2012 429 2348 489 VETERES.

3400 455 3545 499 ιινιι

175 543 286 629 illi“?
318 533 702 629 niaximum
762 543 958 603 hunc
1020 544 1281 617 delegisse
1310 544 1585 614 hominem
1608 589 1625 616 ,
1667 550 1757 619 qui
1799 551 1866 607 ad
1896 564 1942 615 Α
1969 555 2069 611 dus
2104 565 2242 612 erat.
2276 557 2429 625 Quod
2470 566 2581 613 tum
2609 558 2794 615 multis
2820 560 3145 625 rationibus,
3170 568 3280 615 tum
3311 575 3407 629 per
3423 578 3550 617 suas

174 622 573 684 institutionem
615 644 955 692 nostram
1002 640 1147 694 hunc
1194 637 1387 693 librum
1419 641 1654 709 posteris
1684 641 1862 714 legen-

176 714 272 770 dum
292 724 466 788 atque
496 722 973 784 ediscendum
1001 731 1478 801 interpretaretur.
1507 731 1659 797 Quod
1681 746 1863 790 autem

178 824 264 876 me,
291 812 770 874 humanissime
796 823 1062 891 praesul,
1088 833 1194 877 tam
1225 824 1375 878 suavi
1405 825 1631 893 epistola
1655 826 1863 881 demul-

182 912 632 977 cestantumque
669 912 953 981 tribuis,
992 913 1130 971 facis
1152 915 1367 985 quidem
1396 916 1608 983 amice;
1658 920 1751 973 sed
1777 934 1864 974 ve-

186 1010 283 1049 reor
298 1011 361 1052 ne
382 998 442 1051 id
476 1000 598 1055 abs
629 1009 697 1055 te
730 1006 959 1073 potius
994 1021 1061 1061 ex
1093 1022 1354 1078 propensa
1372 1008 1605 1079 quadam
1632 1026 1759 1082 erga
1777 1026 1865 1067 me

188 1090 559 1146 benevolentia
584 1094 719 1151 dici
744 1098 1071 1170 plerisque
1093 1102 1526 1172 videatur,quam
1547 1104 1688 1173 quod
1714 1112 1863 1159 tanto

194 1186 305 1239 tanti
326 1185 431 1239 viri
450 1192 789 1256 praeconio
818 1193 1051 1264 dignus
1072 1196 1351 1255 exsistam.
1367 1195 1499 1250 Nam
1522 1198 1665 1266 quod
1687 1207 1864 1256 tanto:

194 1293 306 1347 pere
342 1294 434 1333 me
491 1280 809 1350 hortaris,
847 1287 1035 1354 petis,
1068 1286 1174 1342 imo
1199 1287 1355 1356 iubes
1380 1328 1394 1353 ,
1421 1297 1479 1342 ut
1511 1304 1729 1360 pergam
1759 1291 1863 1347 hoc

201 1373 359 1442 ipsum
392 1373 725 1435 Athanasii
766 1392 935 1448 opus
972 1381 1304 1445 emendare,
1349 1382 1400 1435 id
1432 1396 1530 1450 ego
1566 1382 1668 1437 feci
1697 1383 1860 1454 ἀκρι-

202 1467 472 1541 ϐεστέρως
500 1480 563 1525 et
600 1471 886 1528 celerius
930 1490 1104 1545 quam
1130 1476 1242 1544 ipse
1286 1474 1572 1546 putabam;
1597 1478 1714 1533 sive
1737 1494 1861 1533 sua-

204 1563 357 1617 vitate
386 1563 688 1619 orationis
715 1565 1048 1635 pellectus,
1074 1569 1213 1637 quod
1242 1565 1620 1635 iocundissimi
1658 1584 1861 1640 praece-

207 1656 369 1726 ptoris
424 1656 537 1712 mei
573 1656 719 1711 viva
752 1673 881 1713 vox
914 1659 1103 1715 adhuc
1130 1659 1353 1715 auribus
1400 1661 1537 1716 meis
1562 1674 1860 1731 personare

208 1748 502 1812 videretur,
564 1750 701 1806 sive
764 1750 934 1821 quod
994 1766 1105 1807 non
1167 1751 1479 1823 ignorabam
1536 1768 1696 1821 quam
1764 1753 1858 1809 tibi

205 1841 430 1908 iocunda
464 1840 667 1897 futura
704 1843 873 1898 foret
912 1853 1107 1899 nostra
1136 1843 1252 1899 haec
1278 1842 1669 1915 qualiscunque
1713 1854 1860 1902 esset

210 1936 539 1990 emendatio.
574 1934 714 1990 1am
744 1952 861 1992 nos
886 1946 1000 1991 tuae
1035 1952 1240 1993 morem
1273 1937 1540 2008 gessimus
1570 1938 1854 2004 voluntati,

205 2029 307 2099 iam
343 2029 439 2083 tibi
460 2028 915 2086 satisfecimus.
964 2030 1039 2084 At
1068 2039 1121 2084 tu
1147 2035 1294 2101 (nam
1318 2046 1440 2085 cum
1471 2039 1558 2085 tua
1591 2032 1745 2087 venia
1773 2033 1856 2087 di-

205 2120 359 2193 cant),
390 2122 530 2192 quid
568 2122 882 2178 dormitas
904 2124 930 2177 ἲ
970 2139 1081 2194 quo
1106 2133 1328 2179 veterno
1368 2124 1723 2194 languescis?
1770 2125 1853 2179 An

200 2216 458 2273 oblivioni
499 2218 825 2273 tradidisti
866 2219 927 2273 id
961 2219 1111 2290 quod
1157 2218 1482 2290 iampridem
1514 2219 1643 2275 mihi
1697 2235 1854 2276 rece-

196 2308 313 2377 pisti
352 2308 820 2382 [rescripsisti],
865 2320 924 2366 te
968 2312 1241 2368 editurum
1297 2312 1610 2383 propediem
1663 2326 1853 2370 contra

191 2398 407 2458 Iudaeos
470 2417 632 2473 opus
709 2404 1064 2474 prapbetiea
1126 2407 1353 2461 veritate
1415 2406 1855 2475 conscriptum?-

190 2492 324 2559 Quid
378 2494 559 2564 igitur
600 2497 683 2550 in
732 2496 1005 2552 editione
1043 2498 1271 2553 cessas?
1314 2498 1394 2552 An
1430 2500 1853 2569 exspectandum

191 2585 282 2640 tibi
330 2597 420 2642 est
450 2628 467 2654 ,
505 2596 575 2643 ut
614 2589 966 2645 inveterata
1024 2591 1173 2646 exuti
1208 2592 1537 2661 pervicacia,
1592 2592 1737 2648 ultro
1786 2593 1851 2647 ad

192 2678 352 2734 fidem
386 2689 842 2737 convertantur
863 2680 891 2735 ἲ
920 2679 1120 2736 Aversi
1145 2689 1271 2735 sunt
1298 2680 1533 2751 penitus,
1574 2681 1705 2736 mihi
1730 2695 1852 2737 cre-

190 2770 272 2835 de,
300 2788 331 2827 a
358 2788 499 2828 vera
539 2772 882 2843 religione.
938 2772 1001 2827 Id
1031 2772 1147 2843 ipse
1194 2773 1328 2828 satis
1352 2772 1613 2840 didicisti,
1647 2775 1853 2844 optime

188 2866 409 2934 presul,
436 2882 577 2921 cum
612 2881 733 2922 eos
783 2865 1066 2936 proximis
1100 2866 1294 2922 diebus
1323 2876 1378 2922 et
1404 2866 1634 2923 antehac
1657 2869 1856 2937 sapius

191 2958 243 3013 in
272 2960 782 3030 frequentissimo
820 2958 1276 3015 doctissimorum
1320 2968 1466 3015 coetu
1512 2960 1853 3032 gravissimis

194 3053 699 3125 disputationibus
758 3053 1056 3109 incessiin
1085 3071 1100 3108 :
1131 3052 1353 3108 liberius
1379 3053 1541 3108 etiam
1568 3054 1850 3122 monuisti,

196 3148 398 3204 vellent
426 3158 609 3205 vates
635 3162 792 3203 suos
822 3146 1023 3202 audire
1050 3157 1252 3202 rectum
1282 3147 1476 3203 salutis
1507 3161 1619 3202 suae
1665 3145 1852 3201 trami-

204 3251 306 3296 tem
333 3242 734 3297 ostendentes
767 3280 786 3306 ,
822 3254 938 3294 non
967 3254 1089 3295 esse
1121 3240 1349 3311 amplius
1376 3239 1629 3295 Messiam
1660 3252 1851 3307 exspe-

210 3336 495 3391 ctandum.
530 3336 641 3391 Sic
668 3334 831 3390 enim
864 3332 1055 3388 Jesum
1078 3332 1353 3389 Christum
1385 3332 1609 3389 humani
1634 3332 1847 3401 generis

212 3427 661 3502 Redemptorem
726 3426 1044 3498 appellant.
1081 3425 1303 3482 Venisse
1345 3424 1458 3495 iam
1506 3426 1598 3497 qui
1633 3425 1851 3480 mitten-

1877 3547 1949 3560 _

1968 652 2093 708 illas
2124 650 2494 709 hebdomadas
2518 692 2535 718 ,
2571 664 2683 708 tum
2716 668 2845 708 vero
2874 669 2969 722 per
2994 651 3130 708 Osee
3167 653 3549 724 gravissimum

1969 746 2256 802 oraculum
2283 746 2447 801 facile
2488 732 2838 803 declarabas.
2888 744 3176 812 Sedebant,
3215 746 3410 818 inquit,
3445 746 3550 817 ﬁlii

1969 839 2143 893 Israel
2177 841 2290 895 sine
2320 857 2460 910 rege,
2495 841 2606 895 sine
2631 841 2865 909 principe
2891 880 2906 906 ,
2948 841 3064 894 sine
3110 840 3394 909 sacriﬁcio,
3436 841 3550 895 sine

1969 932 2155 997 altari,
2204 934 2314 987 sine
2351 936 2626 988 sacerdote
2648 935 2687 988 ⁸.
2732 934 2854 989 Hzec
2884 943 2938 989 et
2972 933 3075 987 alia
3106 934 3396 1003 permulta,
3430 948 3551 1003 quae

1967 1025 2284 1080 memoriter
2316 1028 2654 1092 enarrabas,
2709 1028 3179 1083 Christianissime
3205 1027 3423 1096 praesul,
3456 1043 3551 1097 pro

1936 1176 1937 1181 η
1972 1114 2146 1170 οΠίοἰο
2188 1124 2279 1171 tuo
2322 1126 2511 1187 argute
2541 1118 2724 1185 simul,
2768 1126 2821 1173 et
2850 1120 3067 1189 copiose
3118 1118 3442 1173 disserebas.
3489 1116 3555 1172 Et

1969 1224 2038 1262 ne
2061 1223 2194 1277 gens
2224 1209 2391 1278 impia
2435 1210 2529 1265 tibi
2563 1211 2788 1265 nimiam
2850 1212 2902 1266 in
2930 1212 3260 1281 disputando
3294 1211 3559 1282 obiiceret

1968 1301 2347 1367 subtilitatem,
2392 1303 2443 1356 in
2479 1303 2853 1373 redarguendo
2884 1304 3313 1367 vehementiam,
3357 1306 3410 1359 in
3441 1305 3557 1358 dis-

1965 1398 2198 1450 serendo
2246 1394 2542 1449 artificium
2578 1403 2723 1465 (nam
2768 1397 2834 1449 iis
2878 1398 3132 1453 omnibus
3172 1406 3438 1467 quantum
3466 1412 3556 1451 va-

1965 1488 2078 1544 leas
2122 1497 2288 1543 testes
2310 1498 2435 1543 sunt
2457 1488 2644 1557 optimi
2669 1497 2725 1541 et
2750 1489 3051 1544 doctissimi
3080 1490 3181 1544 viri
3210 1528 3226 1555 ,
3274 1491 3367 1559 qui
3407 1490 3557 1547 hisce

1964 1578 2424 1648 disputationibus
2480 1579 2901 1646 interfuerunt),
2958 1580 3224 1636 Hebraica
3278 1582 3555 1638 volumina

1963 1682 2086 1723 eum
2117 1666 2328 1724 Latinis
2354 1668 2695 1735 conferebas,
2750 1672 2915 1725 verba
2950 1672 3151 1737 verbis,
3184 1688 3345 1727 sensa
3375 1673 3554 1728 sensi-

1962 1755 2063 1809 bus
2091 1794 2107 1820 ,
2143 1772 2250 1811 non
2296 1757 2417 1812 sine
2451 1760 2784 1827 peritissimo
2817 1758 3098 1816 llebraicae
3135 1762 3333 1832 linguae
3381 1763 3553 1817 inter-

1962 1857 2117 1917 prete
2164 1848 2554 1918 componebas.
2606 1848 2677 1904 At
2727 1849 2804 1904 illi
2857 1852 3018 1906 modo
3054 1851 3551 1921 calumniabautur,

1960 1941 2230 1996 interdum
2284 1942 2816 2011 praevaricabantur,
2863 1959 3253 2013 nonnunquam
3291 1945 3553 2015 tergiver-

1959 2035 2225 2090 sabantur
2258 2054 2272 2090 :
2305 2036 2448 2105 quod
2474 2036 2615 2091 Deus
2652 2036 2769 2105 ipse
2796 2050 2892 2107 per
2929 2033 3123 2090 Isaiam
3159 2035 3397 2089 futurum
3414 2050 3551 2105 prte-

1956 2126 2091 2182 dixit
2117 2144 2131 2181 :
2158 2127 2374 2194 Audite,
2394 2127 2589 2196 inquit,
2614 2128 2909 2195 audientes,
2940 2137 2988 2180 et
3024 2128 3186 2182 nolite
3211 2126 3545 2196 intelligere;

1956 2218 2122 2272 videte
2173 2218 2424 2274 visionem
2452 2259 2467 2285 ,
2504 2229 2553 2274 et
2601 2220 2763 2274 nolite
2808 2234 3123 2290 cognoscere
3149 2234 3169 2272 :
3199 2233 3407 2272 excatca
3455 2231 3549 2269 cor

1959 2312 2142 2381 populi
2172 2312 2370 2382 huius,
2400 2323 2448 2367 et
2486 2330 2641 2367 aures
2697 2313 2815 2382 ejus
2864 2328 3099 2382 aggrava
3129 2312 3170 2366 ’.
3213 2309 3293 2364 Tu
3339 2318 3545 2373 tamen,

1956 2406 2158 2477 optime
2194 2407 2412 2476 prmsul,
2445 2422 2475 2461 a
2506 2406 2882 2477 persequendo
2906 2406 3040 2460 istos
3074 2419 3268 2474 verpos
3301 2418 3408 2458 non
3443 2403 3544 2457 de-

1955 2498 2139 2565 sistes,
2167 2510 2245 2567 ut,
2274 2501 2317 2555 si
2350 2500 2465 2555 ﬁeri
2507 2500 2698 2570 possit,
2732 2496 3024 2568 aliquando
3073 2495 3399 2567 intelligant,
3440 2508 3547 2549 non

1954 2606 2183 2662 corpore
2215 2634 2231 2659 ,
2263 2594 2357 2649 sed
2386 2604 2567 2649 mente
2603 2592 2921 2648 circumcidi
2948 2599 3204 2662 oportere
3233 2628 3247 2655 ,
3285 2588 3329 2642 si
3354 2586 3545 2641 volunt

1953 2699 2098 2738 vera:
2122 2683 2477 2740 beatitudinis
2505 2684 2621 2740 lieri
2659 2694 2969 2741 consortes.
3020 2684 3133 2754 Age
3182 2682 3367 2752 igitur,
3401 2678 3548 2734 solve

1953 2784 2251 2831 rostratam
2292 2791 2485 2831 navem
2516 2816 2531 2842 ,
2560 2776 2816 2846 permitte
2848 2774 2968 2829 vela
3021 2773 3198 2828 ventis
3230 2812 3245 2839 ,
3280 2781 3441 2841 atque
3490 2769 3547 2824 in

1952 2866 2262 2924 Iudaeorum
2314 2868 2542 2925 classem
2588 2867 2767 2923 ferare
2802 2881 3072 2936 :quorum
3102 2862 3416 2919 submersas
3448 2857 3547 2915 ob-

1954 2975 2053 3015 rue
2093 2976 2296 3030 puppes
2321 3000 2336 3026 ,
2370 2970 2464 3016 aut
2490 2976 2591 3033 age
2632 2961 2878 3016 diversos
2906 2999 2920 3025 ,
2961 2968 3015 3015 et
3064 2957 3255 3026 disiice
3305 2968 3539 3025 corpora

1954 3061 2121 3120 ponto
2153 3072 2165 3107 :
2193 3062 2251 3108 ut
2298 3052 2517 3108 Judzeus
2541 3066 2603 3106 se
2639 3052 2856 3108 tandem
2900 3050 3048 3106 omni
3082 3048 3222 3119 pelle
3254 3049 3428 3102 instar
3459 3046 3541 3099 fa--

1953 3143 2125 3198 bulosi
2150 3144 2294 3200 illius
2328 3143 2577 3214 Marsyae,
2603 3153 2825 3198 exutum
2873 3142 3162 3212 intelligat.
3208 3138 3361 3203 Vale,
3404 3151 3548 3206 pm-

1955 3235 2154 3290 sidium
2187 3251 2368 3290 meum
2396 3235 2778 3291 etludaeorum
2810 3234 3047 3304 sc0pule.
3070 3232 3332 3288 Vicentiae
3355 3230 3545 3301 quinto

1963 3325 2228 3383 Kalendas
2256 3326 2546 3383 Ianuarias
2587 3342 2948 3381 uccccuxxr.

587 3613 906 3673 Omniboni
934 3609 1220 3668 Leoniceni
1256 3613 1483 3667 rhetoris
1518 3611 1942 3667 excellentissimi
1975 3612 2029 3665 in
2055 3609 2407 3663 Athanasium
2443 3609 2511 3662 ad
2554 3605 2783 3661 Paulum
2823 3602 3073 3658 Venetam
3101 3598 3187 3666 11,

1218 3699 1482 3737 summum
1505 3683 1830 3752 pontiﬁcem,
1854 3683 2100 3753 prw/‘atio
2127 3681 2354 3750 feliciter
2381 3679 2581 3747 incipit.

288 3782 348 3838 In
379 3783 577 3840 multis
608 3780 928 3850 Scriptum
956 3774 1111 3839 locis,
1139 3775 1450 3830 beatissime
1468 3773 1647 3842 Pater,
1677 3775 1857 3831 dolum

229 3879 380 3943 quasi
434 3875 743 3930 inimicum
799 3869 899 3924 Dei
953 3868 1222 3938 legimus;
1277 3867 1373 3922 sed
1440 3865 1709 3936 praecipue
1768 3864 1860 3920 ubi

233 3966 491 4023 Dominus
516 3966 672 4023 dixit
707 3962 1041 4033 disperdere
1062 3958 1243 4015 omnia
1272 3958 1414 4013 labia
1447 3957 1662 4027 dolosa,
1693 3966 1746 4013 et
1773 3974 1860 4014 re-

236 4067 317 4114 cte
338 4061 561 4129 quidem
590 4073 608 4112 :
634 4071 774 4112 nam
815 4053 862 4111 si
890 4053 1035 4107 Deus
1059 4052 1265 4119 veritas
1288 4059 1392 4119 est,
1424 4049 1757 4105 contrarium
1783 4049 1860 4103 ni-

237 4152 310 4207 hil
344 4153 523 4224 magis
553 4152 737 4206 habet
784 4161 953 4219 quam
1008 4144 1297 4199 falsitatem
1342 4161 1356 4198 :
1403 4152 1459 4197 et
1489 4142 1856 4212 repetentibus

239 4240 554 4298 sanctorum
621 4239 882 4294 virorum
943 4242 1292 4290 monumenta
1339 4232 1652 4303 persuaderi
1699 4231 1858 4287 facile

238 4344 416 4403 potest
442 4334 614 4389 aliam
647 4331 766 4385 vim
798 4327 1004 4383 nullam
1039 4325 1204 4380 fuisse
1225 4365 1240 4392 ,
1281 4339 1400 4393 quae
1434 4323 1632 4379 bellum
1664 4322 1856 4379 Eccle-

240 4427 331 4480 sia:
358 4426 629 4483 Romanae
667 4422 899 4495 gravius
935 4426 1032 4474 aut
1065 4417 1422 4488 periculosius
1453 4416 1716 4472 intulerit.
1744 4416 1859 4470 ldo-

1966 3773 2181 3828 nomine
2217 3776 2646 3827 contemnerent.
2678 3766 2790 3823 Nec
2836 3765 2935 3820 viri
2986 3763 3158 3820 solum
3208 3768 3263 3816 et
3307 3756 3544 3823 feminae,

1965 3864 2059 3920 sed
2090 3863 2240 3934 pueri
2265 3862 2426 3918 etiam
2455 3869 2618 3930 atque
2654 3857 2877 3929 puellae;
2907 3865 2968 3909 ut
2994 3856 3092 3909 abs
3116 3867 3174 3907 se
3204 3859 3459 3905 terrorem
3490 3848 3545 3902 in

1966 3972 2059 4011 eos
2089 3955 2183 4026 qui
2213 3955 2522 4009 inferebant
2546 3951 2821 4007 metuendi
2852 3948 3025 4015 magis
3050 3958 3214 4015 quam
3243 3949 3547 3997 metuentes

1963 4055 2366 4111 converterent,
2407 4055 2462 4100 et
2487 4045 2539 4099 id
2570 4043 2713 4114 quod
2742 4055 2939 4097 novum
2972 4046 3059 4093 est
3092 4033 3331 4090 victoria:
3354 4044 3545 4102 genus,

1963 4143 2088 4199 caesi
2124 4142 2191 4195 de
2216 4138 2589 4195 occidentibus
2619 4135 3021 4203 triumpharent
3057 4145 3073 4184 :
3107 4143 3230 4183 nam
3261 4139 3397 4195 quos
3423 4122 3546 4176 vin-

1963 4249 2093 4290 cens
2131 4232 2271 4287 ratio
2296 4246 2402 4286 non
2442 4227 2688 4294 ﬂexerat,
2725 4224 2943 4281 eosdem
2973 4236 3121 4277 mors
3149 4219 3360 4274 devicta
3400 4213 3547 4268 fran-

1967 4323 2150 4394 gebat.
2181 4320 2413 4392 Jamque
2440 4332 2631 4374 omnes
2665 4312 3057 4387 propemodum
3083 4310 3139 4365 in
3166 4322 3272 4363 una
3306 4300 3544 4358 Ecclesia

1966 4416 2194 4472 Domino
2224 4429 2286 4469 ac
2319 4416 2428 4467 Deo
2455 4408 2673 4466 Christo
2714 4407 2892 4463 dicata
2942 4400 3321 4460 coalescebaut
3362 4412 3377 4448 :
3420 4407 3545 4449 cum

241 4516 452 4583 totatria
502 4482 757 4589 priuatim
806 4522 1005 4585 gentes
1054 4526 1160 4566 non
1211 4520 1320 4565 tam
1370 4524 1555 4565 errore
1609 4509 1857 4574 seductas
1889 4507 1935 4563 D
1963 4506 2143 4562 subito
2188 4505 2457 4558 haereseos
2503 4499 2658 4555 dolus
2704 4496 2971 4561 exoritur,
3028 4506 3137 4589 qua
3182 4486 3332 4589 nulla.
3372 4482 3545 4589 pestis

242 4626 408 4681 quam
442 4608 734 4666 illecebris
766 4605 887 4659 suis
916 4611 1106 4673 captas
1137 4601 1449 4672 aliquandiu
1471 4602 1645 4656 tenuit
1679 4619 1692 4655 :
1730 4615 1854 4655 mox

240 4702 331 4755 ubi
364 4702 570 4757 veritas
602 4700 673 4755 de
707 4707 862 4753 terra
896 4704 1019 4749 orta
1054 4704 1159 4759 est,
1193 4702 1249 4749 et
1286 4693 1377 4747 lux
1433 4693 1499 4748 de
1543 4691 1681 4747 coelo
1728 4706 1853 4762 pro-

240 4796 440 4863 spexit,
471 4810 597 4850 cum
632 4793 759 4863 ipsa
798 4803 901 4858 per
930 4802 991 4842 se
1033 4786 1246 4841 vanitas
1296 4786 1454 4847 facile
1501 4786 1853 4856 redarguere-

243 4894 353 4949 tur,
390 4896 493 4939 tum
528 4899 667 4939 vero
718 4878 951 4949 ineptiis
969 4875 1351 4931 suisbumines
1381 4875 1550 4945 magis
1576 4875 1854 4945 magisque

240 4978 561 5034 erubescere
587 4974 959 5046 incipientes,
994 4968 1273 5022 Christum
1319 4967 1607 5023 Dominum
1634 4966 1854 5037 quidam

239 5085 335 5141 spe
365 5073 567 5129 alacres
592 5080 798 5140 aperte
833 5061 1242 5133 sequebantur;
1279 5074 1404 5129 pars
1441 5068 1585 5115 metu
1620 5060 1856 5131 perculsi

232 5165 536 5221 sentiebant
592 5162 808 5219 melius
872 5170 1044 5227 quam
1106 5153 1437 5209 fatebantur.
1491 5151 1623 5212 Nam
1674 5154 1856 5209 caeteri

224 5260 626 5330 grassabantur
655 5257 714 5312 in
750 5264 885 5315 eos,
928 5247 1055 5317 quia
1096 5246 1208 5302 suis
1237 5246 1627 5317 cupiditatibus
1672 5246 1852 5316 impli-

218 5354 315 5409 citi
347 5372 498 5413 novae
536 5353 688 5424 legis
716 5338 1163 5405 sanctimoniam
1208 5339 1395 5394 videre
1442 5353 1551 5393 non
1580 5346 1850 5408 poterant,

208 5447 294 5503 vel
322 5459 469 5505 cene
500 5445 799 5502 nolebant
821 5475 839 5501 ,
896 5432 1100 5501 quippe
1142 5431 1519 5486 adversantem
1559 5431 1851 5500 voluptati-

197 5542 298 5598 bus
329 5544 482 5610 suis,
545 5551 705 5610 quas
768 5529 857 5586 illi
918 5538 1249 5593 magnoiiere
1295 5522 1532 5593 amplexi
1586 5532 1850 5591 tenentes,

187 5651 308 5690 cum
340 5635 510 5695 aliter
548 5643 674 5686 non
721 5624 999 5694 possent,
1036 5612 1087 5667 vi
1136 5628 1199 5667 ac
1250 5623 1459 5668 terrore
1506 5613 1642 5669 tueri
1694 5629 1854 5683 para-

180 5729 346 5797 bant;
390 5730 582 5785 donec
608 5720 745 5791 iam
789 5708 912 5765 fide
944 5703 1251 5762 confirmati
1284 5706 1622 5775 complures,
1650 5704 1854 5759 ferrum

172 5840 233 5881 ac
272 5796 577 5884 tormenta
621 5809 948 5889 peterent.
978 5808 1315 5869 mortemque
1345 5801 1515 5871 ipsam
1540 5813 1638 5870 pro
1655 5796 1857 5855 Christi

250 5944 417 6004 ’Osc.
456 5957 556 6008 ut,
598 5937 664 5997 4.
740 5929 792 6002 ,’
817 5924 945 5990 Ιεειο
982 5933 1057 5988 Ἧι
1090 5917 1144 5984 9»
1180 5918 1263 5974 Wo

1960 4597 2320 4670 perniciosior
2344 4593 2471 4659 dici,
2512 4599 2607 4646 aut
2634 4589 2761 4659 tingi
2810 4596 3015 4658 potest,
3045 4582 3138 4656 qui
3191 4586 3412 4670 mentes
3444 4575 3544 4630 bo-

1962 4665 2168 4744 minum
2206 4700 2428 4741 securas
2459 4684 2628 4753 ipsas,
2653 4689 2707 4735 et
2734 4683 2994 4749 prmtextu
3043 4671 3194 4743 pacis
3239 4665 3545 4723 securiores

1960 4782 2157 4844 factas,
2216 4773 2597 4832 circumvenit.
2665 4767 2943 4839 Siquidem
2987 4778 3108 4820 sese
3139 4767 3410 4823 ostentat,
3457 4771 3548 4811 ar-

1963 4876 2067 4931 mis
2118 4871 2320 4928 nostris
2357 4877 2412 4924 et
2470 4865 2771 4937 insignibus
2823 4863 3146 4922 instructus,
3202 4864 3263 4909 ut
3298 4852 3547 4908 incautos

1964 4967 2260 5039 opprimat,
2288 4963 2423 5021 nihil
2457 4961 2639 5017 minus
2680 4973 2840 5028 quam
2896 4955 3096 5011 bellum
3144 4953 3545 5020 exspectantes.

1965 5059 2135 5121 Dolus
2173 5059 2343 5123 enim,
2372 5064 2432 5110 ut
2457 5053 2590 5110 mihi
2624 5052 2857 5115 videtur,
2887 5046 3023 5109 nihil
3069 5043 3213 5098 aliud
3264 5048 3349 5095 est
3385 5051 3546 5107 quam

1964 5152 2101 5208 falsa
2130 5151 2361 5207 miseere
2392 5161 2513 5202 cum
2542 5145 2707 5208 veris,
2739 5143 2880 5197 bona
2930 5153 3053 5195 cum
3107 5133 3264 5190 malis
3315 5149 3329 5186 :
3375 5137 3433 5185 ut
3461 5127 3548 5181 vir-

1962 5259 2091 5303 num
2122 5257 2264 5313 aqua
2299 5238 2584 5304 vitiatum,
2630 5244 2688 5290 ut
2737 5247 2930 5288 aurum
2979 5227 3065 5283 vel
3112 5232 3394 5295 argentum
3439 5230 3547 5313 tere

1960 5308 2245 5392 confusum
2289 5332 2667 5396 adulteratur;
2718 5327 2798 5382 sic
2844 5324 3048 5380 veritas
3087 5317 3302 5390 quoties
3344 5308 3548 5368 sanctis

1960 5424 2144 5480 verbis
2183 5421 2408 5493 profana
2438 5422 2769 5477 inseruntur.
2818 5417 2894 5473 Eo
2922 5413 3105 5471 evenit
3143 5418 3202 5468 ut
3234 5403 3415 5462 multis
3448 5416 3548 5454 an-

1962 5526 2047 5571 tea
2076 5515 2492 5586 tempestatibus
2522 5512 2761 5584 perlidus
2784 5510 2871 5565 hic
2896 5511 3069 5564 bostts
3098 5505 3255 5557 fidem
3301 5505 3545 5586 nostram

1962 5608 2079 5662 suis
2118 5585 2328 5661 insidiis
2361 5606 2620 5669 obsitum,
2656 5617 2790 5672 pene
2815 5601 2881 5655 ad
2912 5594 3191 5652 interitum
3223 5585 3543 5644 deduxerit:

1963 5716 2086 5758 cum
2115 5701 2378 5755 adversus
2420 5714 2535 5753 rem
2565 5694 2929 5752 Christianam
2987 5689 3127 5744 filios
3174 5698 3341 5756 prope
3385 5681 3559 5773 ἰιιηιι-ι

1968 5807 2151 5852 meros
2182 5793 2435 5851 ediderit.
2466 5791 2565 5847 llic
2612 5787 2903 5845 Eunomios
2956 5782 3181 5850 extulit,
3214 5778 3303 5835 hic
3351 5774 3551 5832 Nesto-
