3998 6554
496 444 664 486 XLVIII

1834 426 2368 488 PBOLEGOMENA.

498 548 631 615 rios,
664 547 752 602 hic
779 546 1186 613 Samosatenos,
1214 551 1303 605 hic
1330 550 1631 607 Marciones
1657 552 2071 617 etManichzeos,
2102 556 2147 610 Α
2177 550 2322 603 muni
2374 546 2611 601 omnium
2644 544 2802 598 saluti
2837 544 3165 599 consuleres.
3208 540 3323 595 Non
3357 538 3744 609 longitudinem

500 639 590 693 hic
619 636 975 705 Herodianus,
1003 642 1090 696 hic
1118 642 1433 713 Eutyehios,
1464 644 1550 699 hic
1585 644 1909 718 Sadducaeos
1938 648 2073 698 Ara-

500 730 665 787 hesve
687 734 927 801 protulit,
952 734 1192 803 aliosque
1215 736 1430 802 multos,
1462 752 1598 805 quos
1624 738 1836 791 omneis
1859 737 2071 807 Iungunt

499 828 644 875 esset
670 836 987 877 enumerare
1018 840 1032 878 :
1067 826 1159 879 sed
1187 826 1479 880 novissime
1509 828 1682 880 dirum
1714 827 1865 881 nefas
1887 828 2072 881 Arium

502 914 813 984 progenuit,
836 915 978 970 sicut
1000 916 1051 970 in
1077 916 1271 971 fabulis
1290 919 1465 981 tellus,
1489 918 1767 988 gigantum
1800 920 2074 989 indignata

503 1007 668 1068 caede,
701 1015 998 1061 monstrum
1029 1008 1081 1062 in
1112 1009 1241 1063 deos
1269 1011 1542 1077 peperisse
1572 1010 1745 1065 fertur
1767 1012 2073 1066 immanius.

508 1094 639 1149 Nam
667 1097 759 1151 alii
794 1086 1002 1153 tameISi
1042 1115 1262 1170 magnas
1292 1102 1342 1154 in
1376 1117 1433 1155 re
1456 1101 1760 1156 Christiana
1795 1102 2078 1156 calamita-

507 1194 587 1240 tes
630 1185 895 1251 fecerunt,
944 1202 1037 1243 eos
1078 1197 1254 1243 tamen
1291 1189 1581 1259 aliquando
1630 1192 1799 1243 nostri
1848 1189 2079 1244 nominis

506 1276 740 1345 theologi
781 1278 880 1331 viri
927 1278 1169 1347 singulos
1219 1280 1413 1349 singuli
1450 1282 1780 1350 excipientes
1823 1280 2077 1351 proﬂiga-

504 1380 654 1421 vere.
692 1366 845 1422 Nunc
876 1383 1007 1423 vero
1036 1370 1087 1422 in
1120 1386 1283 1423 unum
1321 1372 1572 1425 conversi
1610 1387 1797 1425 omnes
1844 1375 2077 1442 (tantum

504 1456 726 1513 fallendi
757 1468 873 1514 arte
908 1460 1211 1529 pollebant!
1240 1462 1257 1529 )
1290 1460 1376 1515 vix
1424 1462 1640 1515 tandem
1690 1463 1940 1531 subigere
1989 1478 2083 1532 po-

506 1558 746 1604 luerunt.
777 1552 842 1604 Et
881 1561 937 1605 ιιι
960 1552 1096 1606 alios
1129 1553 1372 1606 omittam
1408 1552 1728 1609 Christiana:
1768 1555 1888 1609 ﬁdei
1928 1554 2082 1624 pugi-

506 1637 606 1704 les,
634 1654 700 1694 ex
733 1641 932 1694 nostris
966 1641 1232 1695 notissimi
1268 1641 1624 1713 Hieronymus
1644 1654 1696 1696 et
1722 1644 2079 1712 Augustinus,

508 1730 632 1793 duo,
668 1738 727 1783 ut
757 1730 829 1784 ita
860 1731 1058 1797 dicam,
1098 1735 1474 1789 haereticorum
1511 1735 1750 1803 scopuli;
1783 1750 1847 1787 ex
1878 1734 2083 1790 Graecis

509 1822 645 1893 duos
672 1822 798 1877 item
835 1839 946 1892 pra:
991 1828 1200 1880 caeteris
1250 1827 1302 1881 in
1346 1826 1575 1881 Arianos
1620 1826 1902 1895 scripsisse
1934 1842 2084 1881 com-

2176 642 2308 705 viae,
2342 653 2447 694 non
2481 638 2721 693 locorum
2756 622 3076 705 asperitates
3116 633 3378 689 horruisti
3414 654 3426 689 :
3461 631 3642 686 omnia
3668 632 3748 686 vi-

2178 742 2244 787 ta?
2277 730 2619 786 incommoda
2651 745 2745 797 pro
2772 729 2938 782 nihilo
2964 728 3197 782 habuisti
3227 743 3242 780 :
3276 735 3335 780 ut
3361 726 3453 793 qui
3487 725 3599 795 jam
3634 735 3748 778 tum

2177 824 2428 879 Ecclesiae
2462 821 2645 883 cardo,
2678 834 2776 874 nec
2807 818 2948 873 a-tati
2988 834 3085 873 nec
3123 816 3414 872 valetudini
3448 828 3701 885 parceres
3730 830 3746 867 :

2177 919 2269 973 sed
2298 916 2439 985 quod
2483 913 2739 966 Dominus
2786 910 2922 965 dixit
2982 912 3153 979 reipsa
3198 919 3520 977 praestares,
3556 907 3752 962 Pastor

2180 1012 2346 1064 bonus
2373 1009 2606 1062 animum
2636 1021 2785 1058 suam
2814 1020 2908 1072 pro
2929 1004 3107 1057 ovibus
3136 1002 3275 1071 ponit
3294 1001 3335 1054 ³.
3369 1001 3413 1056 0
3437 1009 3489 1054 te
3514 1000 3747 1063 felicem,

2178 1102 2485 1157 Christiane
2538 1098 2795 1168 populus,
2823 1098 2912 1163 qui
2966 1096 3125 1149 talem
3172 1102 3489 1161 tantumque
3533 1090 3748 1145 Patrem

2179 1194 2401 1248 sortitus
2430 1191 2626 1244 fueris!
2664 1189 2708 1245 Ο
2742 1189 3029 1257 benignum
3070 1186 3277 1253 potius,
3314 1183 3754 1239 misericordem-

2181 1299 2284 1353 que
2316 1285 2513 1347 Deum,
2550 1284 2641 1351 qui
2676 1290 2915 1351 tempora
2966 1289 3145 1333 nostra
3196 1278 3483 1330 miseratus
3531 1289 3752 1344 gregem

2183 1390 2336 1428 suum
2386 1373 2587 1441 pastori
2632 1388 2760 1425 vero
2804 1368 3246 1425 demandaverit!
3308 1365 3426 1421 Jam
3473 1380 3606 1419 vero
3658 1379 3754 1432 spe

2181 1467 2317 1521 bona
2346 1479 2443 1518 vos
2494 1479 2615 1518 esse
2647 1464 2843 1533 juheo,
2875 1462 3192 1517 Christiani.
3242 1459 3492 1514 Profecto
3543 1466 3754 1510 tantum

2183 1556 2624 1627 promptitudinis
2652 1557 2808 1617 Deus,
2837 1564 3152 1621 tantumque
3181 1553 3341 1606 studii
3374 1551 3591 1605 minime
3618 1563 3755 1602 con-

2185 1657 2407 1701 temnet.
2452 1645 2585 1700 Nam
2621 1648 2665 1700 si
2693 1656 2903 1699 veteres
2930 1644 3002 1697 illi
3028 1643 3214 1697 Patres
3253 1643 3306 1696 in
3368 1641 3493 1695 dolo
3533 1638 3755 1713 inimico

2187 1738 2279 1791 Dei
2310 1735 2690 1806 expugnando,
2724 1735 2813 1804 qui
2844 1745 2901 1787 ut
2929 1735 2997 1787 ab
3024 1734 3176 1787 initio
3206 1733 3386 1796 docui,
3414 1729 3757 1800 perniciosus

2186 1840 2269 1885 est
2297 1828 2623 1899 (capitenim
2670 1827 3016 1896 improvidos,
3063 1837 3243 1894 utpote
3289 1824 3460 1878 sacris
3502 1823 3757 1893 palliatus

507 1913 954 1983 perio,Cyrillum
980 1917 1402 1972 etAtbanasium
1439 1933 1706 1986 :quorum
1732 1918 1867 1971 alter
1889 1917 2084 1972 librum
2118 1896 2159 1953 Β
2188 1896 2475 1990 eloquiis);
2510 1921 2553 1974 sl
2592 1920 2643 1973 in
2684 1920 2953 1989 ambiguo,
2989 1919 3227 1983 inquam,
3263 1915 3586 1979 refellendo,
3613 1915 3755 1983 quod

509 2004 701 2070 edidit,
735 2006 788 2060 in
815 2022 920 2075 quo
951 2008 1032 2063 vir
1062 2009 1149 2062 ille
1189 2024 1377 2064 omnes
1413 2026 1599 2064 eorum
1642 2011 1893 2079 ambages
1932 2010 2081 2064 evol-

509 2108 640 2149 vere
674 2111 739 2151 ac
780 2098 1025 2152 refellere
1057 2100 1266 2166 studet;
1308 2100 1639 2155 Athanasius
1679 2111 1857 2153 autem
1901 2109 2084 2153 orator

509 2185 772 2257 locuples,
808 2188 1108 2259 disputator
1130 2200 1319 2244 acutus
1342 2191 1483 2245 idem
1520 2206 1581 2245 ac
1613 2192 1923 2253 vehemens,
1955 2190 2084 2246 sub-

510 2278 691 2353 dolum
740 2288 795 2334 et
847 2280 962 2349 ipse
1000 2281 1191 2335 Arium
1240 2281 1700 2350 multiplicemque
1756 2289 2027 2349 perteutat
2066 2298 2079 2332 :

513 2379 571 2424 ιιι
602 2370 770 2439 ipsius
798 2373 864 2425 ad
900 2372 1118 2442 Egypti
1151 2385 1204 2427 et
1238 2372 1421 2441 Libya:
1447 2373 1726 2441 episcopos
1754 2372 1977 2441 epistula
2012 2372 2085 2425 in-

514 2462 676 2524 dicat,
708 2470 763 2516 et
794 2462 957 2517 altera
994 2464 1058 2517 ad
1112 2464 1462 2533 Serapionem
1511 2467 1576 2518 de
1621 2465 1822 2534 Spiritu
1871 2476 2080 2531 sancto,

511 2563 849 2621 quatuorque
900 2568 1180 2611 sermones
1212 2594 1227 2620 ,
1278 2568 1487 2608 necnon
1552 2555 1768 2609 divinus
1826 2556 1915 2610 ille
1959 2572 2080 2610 cum

510 2642 642 2701 Ario
670 2643 935 2715 dialogus,
964 2646 1050 2700 ubi
1095 2661 1159 2700 ex
1196 2650 1310 2715 ipso
1360 2648 1650 2714 dilabente,
1689 2662 1753 2701 ac
1798 2647 1890 2702 ditt
1942 2647 2081 2701 mul-

518 2745 741 2803 tumque
770 2746 1065 2804 repetente,
1099 2739 1378 2792 veritatem
1414 2748 1720 2808 extorquet.
1755 2740 1884 2793 Hznc
1917 2738 2084 2791 Atha-

516 2825 653 2879 nasii
682 2835 870 2881 contra
911 2828 1095 2891 Arium
1142 2830 1342 2898 scripta
1393 2829 1668 2890 divinitus,
1720 2846 1949 2899 Clltllque
1999 2831 2082 2884 his

516 2917 769 2973 homilias
819 2921 977 2987 duas,
1016 2932 1204 2975 contra
1246 2924 1474 2992 gentiles
1524 2939 1715 2990 unam,
1768 2924 1991 2981 alteram
2018 2924 2083 2978 de

515 3008 851 3065 humanitate
884 3012 1120 3079 Christi,
1161 3030 1352 3082 magno
1394 3015 1573 3069 studio
1602 3017 1925 3069 traducenda
1962 3030 2083 3069 sus-

515 3102 632 3172 cepi
666 3120 681 3157 :
722 3119 842 3173 quae
871 3106 1073 3160 nomini
1108 3117 1218 3172 tuo,
1244 3107 1556 3163 beatissime
1579 3107 1737 3164 Pater
1760 3147 1776 3173 ,
1809 3109 1899 3162 Dei
1934 3107 2084 3162 beni-

516 3195 720 3265 gnitate
756 3195 995 3251 traducta
1057 3200 1312 3253 devoveo.
1366 3200 1498 3253 Nam
1549 3200 1760 3267 etiamsi
1813 3200 1949 3255 tanti
1981 3200 2080 3253 viri

2187 2017 2286 2068 sub
2320 2014 2427 2067 veri
2457 2012 2636 2081 specie
2691 2011 2914 2075 latebat,
2964 2012 3136 2064 sancti
3189 2009 3285 2062 viri
3333 2009 3617 2079 praesentia
3660 2022 3757 2061 sua

2192 2114 2398 2160 tantum
2426 2104 2660 2166 valuere,
2703 2116 2761 2156 nt
2787 2118 2813 2156 a
2848 2103 3078 2156 veritate
3110 2101 3379 2155 Romanos
3402 2099 3564 2153 etiam
3598 2100 3765 2165 impe-

2194 2209 2400 2251 ratores
2426 2206 2573 2249 stare
2609 2194 3003 2264 compulerint;
3034 2194 3159 2262 quid
3192 2193 3242 2246 in
3269 2190 3508 2261 periculo
3540 2189 3760 2257 prepui-

2188 2293 2379 2352 sando,
2421 2296 2525 2341 tam
2560 2295 2708 2341 certo
2755 2296 2971 2353 tamque
3015 2285 3289 2353 explorato
3316 2322 3330 2347 ,
3384 2281 3758 2336 sanctissimus

2188 2378 2346 2432 Pater
2373 2386 2633 2447 quantum
2666 2375 2891 2430 efficiet?
2917 2374 3103 2427 Nonne
3138 2380 3425 2440 conspectu
3456 2370 3571 2439 ipso
3611 2368 3759 2438 prin-

2190 2471 2371 2538 cipum
2416 2486 2477 2523 ac
2506 2484 2689 2536 regum
2714 2468 2925 2521 animos
2958 2465 3213 2528 movebit,
3243 2473 3298 2517 ut
3320 2480 3378 2517 se
3400 2462 3465 2516 ad
3492 2463 3633 2515 hanc
3664 2473 3757 2512 exc

2189 2563 2515 2632 peditionem
2541 2561 2847 2629 accingant,
2883 2569 2990 2613 tam
3046 2559 3325 2611 honestam
3350 2596 3365 2619 ,
3400 2564 3615 2620 tamque
3666 2565 3760 2604 ne-

2189 2650 2522 2706 cessariam?
2552 2649 2873 2704 Sanctorum
2910 2648 3051 2702 enim
3080 2648 3317 2700 virorum
3342 2659 3447 2698 non
3485 2642 3648 2696 verba
3672 2654 3759 2694 so-

2191 2742 2320 2805 lum,
2353 2740 2443 2794 sed
2477 2738 2623 2792 frons
2645 2739 2807 2792 etiam
2835 2747 2993 2805 atque
3013 2735 3154 2790 oeuli
3181 2735 3285 2788 vim
3315 2733 3546 2788 divinam
3573 2745 3759 2800 quam-

2189 2834 2309 2886 dam
2364 2848 2472 2899 prae
2522 2846 2580 2885 se
2632 2831 2831 2886 lerunt.
2883 2829 3233 2899 Apparehunt
3279 2826 3440 2895 igitur
3488 2825 3757 2894 majestali

2191 2933 2310 2985 tuae,
2339 2921 2648 2976 beatissime
2674 2921 2855 2987 Pater,
2880 2935 3001 2975 cum
3027 2919 3203 2974 czeteri
3237 2932 3454 2979 omnes,
3489 2924 3600 2969 tum
3631 2904 3758 2971 vero

2188 3014 2305 3068 Itali
2337 3015 2528 3079 duces,
2557 3024 2664 3066 tant
2694 3013 2885 3078 armis,
2916 3027 3075 3081 quam
3124 3010 3359 3081 periculo
3398 3008 3582 3077 primi.
3622 3006 3757 3060 Nam

2194 3116 2246 3161 te
2278 3106 2427 3170 Itale,
2460 3114 2532 3173 te,
2589 3106 2833 3174 inquam,
2883 3105 3125 3174 appello,
3176 3117 3333 3172 quem
3377 3101 3476 3154 ista
3524 3100 3757 3169 procella

2192 3205 2343 3272 petit,
2368 3203 2454 3258 cui
2489 3203 2723 3256 minatur
2751 3204 2972 3261 exitium
3005 3222 3017 3257 :
3053 3202 3181 3272 quid
3210 3198 3464 3255 dubitas?
3490 3196 3617 3266 quid
3649 3206 3758 3249 ter-

516 3288 882 3350 charaCIerem
912 3291 1217 3360 exprimere
1249 3308 1351 3346 non
1388 3291 1536 3361 potui
1564 3332 1579 3356 ,
1613 3303 1670 3346 ut
1706 3303 1966 3362 quantum
2002 3292 2089 3346 ille
2114 3286 2156 3343 C
2191 3295 2515 3365 giversaris?
2541 3294 2616 3348 Te
2648 3294 2769 3349 belli
2808 3296 3101 3349 necessitas
3126 3293 3402 3362 sequitur,
3440 3290 3482 3345 si
3514 3304 3633 3342 eam
3678 3287 3760 3339 fu-

516 3378 784 3446 dicenrdo,
834 3390 1039 3434 tantum
1084 3399 1183 3453 ego
1233 3393 1493 3437 vertendo
1550 3399 1950 3451 consequerer;
2003 3394 2092 3437 tua
2189 3386 2293 3455 gis,
2322 3386 2451 3454 quin
2498 3385 2877 3453 expergiscere
2929 3385 3141 3438 tandem
3186 3421 3199 3435 .
3238 3380 3569 3452 populusque
3590 3378 3759 3445 prior,

519 3479 695 3529 tamen
730 3471 985 3535 lectione,
1016 3471 1329 3526 beatissime
1358 3473 1553 3557 Pater,
1604 3490 1708 3527 non
1746 3474 1959 3542 indigna
2004 3490 2096 3543 pu-
2191 3477 2244 3530 in
2272 3476 2409 3530 bella
2438 3486 2693 3530 converte
2725 3491 2739 3528 :
2774 3476 2915 3545 quod
2950 3476 3187 3546 profecto
3218 3474 3380 3527 facies
3402 3512 3417 3533 ,
3454 3470 3502 3525 si
3542 3472 3675 3524 bene
3710 3478 3761 3521 te

520 3561 649 3626 tavi,
681 3576 778 3615 nec
808 3562 1007 3616 absona
1038 3564 1255 3641 quidem
1288 3566 1354 3619 ab
1393 3580 1457 3620 ea
1500 3566 1868 3635 cogitatione,
1900 3566 1950 3618 in
1986 3579 2093 3634 qua
2192 3577 2513 3634 tuorumque
2545 3566 2761 3634 ingenia
2811 3567 2956 3621 novi.
2999 3566 3184 3636 Neque
3224 3565 3389 3629 enim,
3443 3560 3758 3623 fortissime,

517 3666 671 3706 mens
697 3660 785 3706 tua
822 3661 929 3706 tota
956 3664 1232 3719 versatur,
1288 3664 1347 3710 ut
1386 3657 1524 3710 hanc
1570 3672 1597 3708 a
1630 3671 1791 3725 grege
1841 3666 1931 3710 tuo
1983 3657 2097 3711 bel-
2191 3656 2521 3725 eredojussa
2554 3657 2728 3710 aliena
2762 3658 2893 3726 pati,
2945 3666 2997 3711 et
3027 3657 3272 3711 dominos
3307 3653 3598 3722 dignabere
3620 3650 3762 3703 Teu-

518 3739 661 3794 ¹υ³η¹
694 3752 876 3810 Ρεείοτ
906 3753 1140 3809 avenas.
1190 3760 1311 3813 quae
1354 3745 1660 3800 cervicibus
1710 3747 1910 3801 nostris
1950 3744 2091 3814 jam-
2185 3765 2333 3815 cros,
2373 3749 2452 3803 sic
2486 3749 2629 3802 enim
2662 3764 2719 3803 se
2749 3750 3049 3819 appellant,
3103 3757 3419 3816 tantumque
3469 3742 3572 3798 sibi
3609 3740 3762 3819 vauig

521 3828 731 3897 pridem
763 3830 1048 3887 imminere
1092 3834 1323 3889 videtur.
1371 3834 1506 3890 Nam
1546 3846 1603 3889 ut
1638 3836 1735 3901 illi,
1777 3837 1843 3891 de
1893 3838 2091 3909 quibus
2188 3851 2296 3896 tate
2341 3841 2575 3895 nominis
2631 3818 2917 3910 arrogant,
2988 3851 3045 3895 ut
3095 3840 3395 3894 Romanum
3450 3818 3761 3904 imperium,

518 3920 678 3975 modo
703 3920 983 3990 dicebam,
1013 3927 1339 3982 sanctissimi
1396 3929 1495 3982 viri
1542 3944 1609 3984 ne
1639 3931 1918 3984 veritatem
1963 3930 2095 3984 inul-
2185 3932 2228 3986 si
2255 3932 2362 3984 Deo
2397 3931 2593 4000 placet,
2632 3937 2887 3999 tanquam
2923 3931 3163 3985 debitum
3220 3934 3484 3997 repetant.
3533 3924 3640 3979 Sed
3676 3938 3762 3978 me

514 4018 632 4067 tam
658 4013 991 4081 desererent,
1011 4028 1255 4073 extrema
1278 4019 1458 4074 omnia
1482 4021 1590 4089 pati
1616 4036 1722 4079 non
1751 4022 2089 4088 dubitabant,
2179 4020 2491 4091 jamdudum
2542 4021 2787 4088 procemii
2828 4030 3000 4074 metas
3069 4018 3249 4089 egredi
3306 4014 3484 4071 sentio
3528 4032 3542 4068 :
3592 4028 3760 4082 quare

519 4100 769 4167 injurias,
801 4107 1176 4169 contumelias,
1210 4108 1596 4179 relegatioues,
1629 4111 1900 4176 exsilium,
1944 4127 2089 4165 mor-
2194 4109 2487 4165 Athanasio
2515 4108 2722 4174 cedam,
2749 4120 2806 4163 ut
2832 4110 2918 4163 ubi
2958 4109 3213 4174 volueris,
3249 4106 3557 4162 beatissime
3580 4103 3758 4167 Pater,

520 4199 629 4246 tem
676 4193 907 4263 denique
947 4197 1113 4265 ipsam
1141 4238 1155 4263 ,
1198 4200 1242 4253 si
1293 4199 1513 4256 falsitati
1564 4203 1721 4256 aliter
1763 4202 1973 4257 obviam
2011 4203 2088 4257 ire
2194 4201 2366 4254 virum
2400 4200 2587 4254 audias
2632 4200 2885 4268 praelate
2931 4216 3052 4256 cum
3107 4200 3237 4261 Ario
3283 4199 3348 4254 de
3406 4196 3609 4253 Christi
3656 4194 3765 4253 title

517 4297 623 4336 non
657 4296 939 4354 poterant;
974 4289 1053 4343 sic
1086 4300 1139 4344 tu
1174 4307 1367 4361 nuper,
1409 4294 1719 4349 beatissime
1749 4294 1942 4359 Pater,
1971 4293 2090 4348 nul-
2196 4302 2513 4359 certantem.

517 4373 629 4429 lum
666 4375 929 4445 laborem,
960 4381 1491 4461 nullumvpericulum
1519 4384 1781 4441 recusasti
1803 4424 1819 4451 ,
1860 4392 1917 4440 ut
1942 4399 2092 4448 colu"

2089 4482 2154 4495 _

515 4534 586 4593 In
621 4535 913 4627 editione
952 4541 1227 4627 Parisina
1261 4560 1412 4627 ann}
1461 4546 1617 4627 1520
1647 4547 1777 4608 haec
1806 4544 2051 4627 Eicolai
2085 4543 2328 4627 Beraldi
2364 4542 2629 4627 epistola
2666 4539 3099 4627 praemittitur,
3132 4536 3239 4598 ubi
3274 4534 3503 4627 agitur,
3538 4536 3758 4624 perin—

596 4612 672 4674 de
706 4633 777 4677 ac
812 4616 871 4675 in
903 4622 1202 4708 sequenti
1240 4624 1643 4708 prtefatione,
1697 4626 1775 4708 de
1822 4620 2337 4708 Commentariis
2364 4611 2858 4699 'l’heOphy'lacti,
2910 4634 3053 4696 qua)
3089 4624 3238 4679 tunc
3271 4611 3337 4676 ut
3376 4611 3763 4685 Athanasio-

596 4709 749 4755 num
783 4710 944 4773 Opus
978 4700 1144 4759 inter
1173 4700 1597 4764 Athanasiana
1629 4703 1856 4780 scripta
1889 4702 2027 4765 cudi
2061 4700 2367 4760 solebant.

829 4795 1086 4853 Nicotaus
1111 4800 1400 4871 Beraldus,
1443 4806 1748 4861 doctissimo
1775 4822 1835 4858 ac
1865 4801 2490 4926 stipieiitissiéiiopprgsuli
2517 4798 2765 4865 Nic/caeli
2788 4797 3012 4867 Bodeto,
3038 4796 3445 4865 Lingonensium

1863 4890 2127 4926 emscono.
2199 4912 2212 4926 .
2295 4910 2310 4924 .
2397 4909 2412 4924 .

1863 4890 2127 4943 episcopo,
2154 4890 2212 4926 δ.
2242 4890 2310 4924 ι’.
2346 4890 2412 4924 υ.

588 4954 662 5041 Ea
691 4967 775 5015 est
812 4960 1169 5019 humanarum
1194 4982 1373 5025 rerum
1400 4969 1659 5035 conditio,
1689 4983 1751 5023 ea
1779 4967 1887 5032 lex,
1926 4969 1971 5022 is
1999 4984 2088 5038 ge—
2195 4981 2356 5021 causa
2395 4980 2607 5019 summo
2657 4972 2784 5017 sunt
2837 4971 2892 5015 et
2934 4960 3150 5029 ingenio
3197 4969 3251 5013 et
3304 4972 3485 5012 ianore
3519 4957 3767 5024 inventaL

514 5048 656 5115 "ius.
687 5053 879 5120 Ρΐαεειιῐ
926 5058 1357 5125 sapientissime,
1391 5069 1449 5114 ut
1478 5060 1546 5113 ah
1592 5061 1706 5125 ipso
1735 5070 1856 5112 ortu
1890 5074 1990 5112 suo
2034 5059 2086 5113 in
2188 5070 2410 5124 quaeque
2430 5071 2532 5108 non
2552 5056 2637 5108 diu
2660 5055 2815 5107 modo
2832 5051 3339 5115 ﬂorentissima,sed
3358 5048 3519 5103 etiam
3539 5047 3763 5102 immora

512 5141 751 5198 deterius
784 5155 1041 5214 perpetuo
1066 5149 1340 5215 labantur,
1375 5153 1441 5206 ab
1487 5152 1757 5217 initiisqne
1789 5149 1899 5203 suis
1933 5149 2087 5217 longe

510 5232 725 5303 lateque
750 5235 1078 5306 degenerem
1105 5281 1120 5306 ,
1162 5258 1192 5296 a
1233 5257 1460 5310 seseque
1519 5240 1812 5295 dissideant
1864 5236 2084 5306 jamjam

510 5334 849 5393 Postremum
877 5332 1130 5400 peritura:
1159 5350 1172 5386 :
1206 5336 1349 5403 quod
1384 5350 1505 5389 cum
1546 5346 1687 5401 smpe
1724 5331 1867 5384 nulla
1912 5331 2085 5385 homi-

509 5428 638 5471 num
667 5420 847 5488 culpa,
882 5424 977 5478 sed
1010 5437 1212 5479 naturm
1235 5426 1406 5494 ipsius
1434 5426 1651 5480 decreto
1686 5427 1915 5493 quodam
1954 5438 2083 5479 eve-

509 5505 643 5573 niat,
668 5523 733 5563 eo
763 5508 1043 5568 ferendum
1091 5525 1175 5570 est
1224 5514 1464 5581 zequins,
1508 5528 1616 5583 quo
1663 5514 1804 5567 nulla
1849 5514 2083 5567 humana

509 5611 632 5665 ope,
664 5592 808 5656 nullo
834 5603 1110 5659 hominum
1138 5604 1400 5670 consilio,
1436 5620 1498 5659 ea
1532 5619 1651 5658 sors
1685 5605 1843 5659 vitari
1887 5614 2084 5675 potest,

513 5694 673 5755 atque
737 5689 1010 5747 interdum
1064 5709 1130 5747 ne
1179 5693 1381 5748 differri
1429 5692 1662 5761 quidem.
1711 5694 1765 5749 ιιι
1799 5710 1928 5749 vero
1975 5709 2080 5748 non

512 5777 670 5926 pagi:
698 5779 997 5924 indigniqs,
1023 5784 1166 5855 quod
1190 5801 1313 5857 qum
1345 5786 1411 5843 ab
1451 5787 1757 5842 hominibus
1804 5786 2081 5840 hominum

662 5886 783 5926 oan.
827 5887 882 5926 x.
953 5873 999 5925 ι.

662 5886 783 5926 oan.
827 5887 882 5937 x,
916 5873 999 5925 ll.

2192 5146 2315 5201 talia
2365 5160 2485 5200 esse
2525 5145 2921 5207 conveniebat,
2949 5158 3010 5197 ea
3068 5142 3146 5197 sic
3174 5142 3241 5196 ab
3272 5138 3581 5195 hominibus
3625 5137 3763 5205 ipsis

2193 5238 2511 5308 plerumque
2561 5235 2812 5290 temerari
2865 5235 3106 5289 videmus
3140 5248 3202 5287 ac
3247 5229 3443 5301 pollui,
3493 5236 3551 5281 ut
3594 5242 3757 5295 quam

2189 5340 2313 5384 sunt
2341 5330 2540 5384 abillis
2567 5329 2632 5383 ad
2663 5344 2816 5382 usum
2850 5325 3155 5384 mortalium
3196 5324 3463 5393 sapienter
3500 5320 3753 5389 cogitata,

2189 5430 2295 5477 tam
2319 5437 2459 5478 nunc
2485 5424 2549 5476 ad
2581 5436 2767 5478 eorum
2792 5421 3084 5491 perniciem
3110 5420 3177 5473 ab
3197 5418 3315 5472 aliis
3336 5421 3588 5482 corrupta
3609 5412 3760 5466 adul—

2186 5523 2467 5584 terataque
2491 5529 2611 5568 esse
2660 5514 2967 5568 videantur.
3008 5510 3175 5575 Nam,
3220 5516 3277 5562 ut
3338 5504 3441 5561 alia
3487 5503 3754 5567 omittam,

2182 5608 2304 5676 quis
2330 5622 2435 5660 non
2472 5606 2621 5661 videt
2672 5613 2873 5674 quanta
2908 5607 2976 5657 sit
3015 5601 3383 5671 superioribus
3412 5595 3624 5651 sarculis
3662 5594 3762 5649 bo-

2183 5698 2268 5751 nis
2312 5697 2521 5752 artibus
2549 5713 2612 5752 ac
2637 5696 2829 5752 studiis
2858 5710 2887 5749 a
2919 5694 3164 5749 barbaris
3184 5691 3364 5745 clades
3395 5689 3559 5753 illata,
3594 5701 3756 5756 quam

2193 5787 2333 5841 fcede
2370 5803 2399 5841 a
2424 5788 2612 5845 Gothis
2644 5789 2759 5844 istis
2792 5785 3087 5855 disciplina:
3129 5796 3318 5838 omnes
3355 5788 3651 5865 corruptae,
3691 5777 3758 5830 ab
