3998 6518
1016 456 1025 465 ⁵
1355 392 1856 451 ΡΒΑΞΕΑΤΙΟΝΕΞ
1895 394 2230 455 VETERES;

190 502 391 565 indoctis
426 510 670 568 vexatae,
723 518 757 558 a
790 506 1093 575 scpnistis,
1124 520 1259 573 pene
1292 502 1523 559 dixerim
1549 547 1565 571 ,
1589 518 1775 560 excar-
1800 510 1847 569 Α
1874 505 2216 578 loquaculum
2247 521 2311 563 ac
2335 508 2647 577 barbarum,
2674 527 2781 569 non
2813 515 2972 572 modo
2999 518 3201 589 ingenii
3231 536 3454 579 succum

193 592 429 651 uiticatzc?
476 607 603 661 qua:
660 594 903 648 tandem
952 593 1302 663 philos0phite
1350 608 1480 662 pars
1538 609 1643 649 non
1686 605 1771 650 est

190 692 303 747 hanc
330 684 731 743 contumeliam
762 696 996 756 experta
1021 687 1043 741 ἲ
1065 686 1493 755 quotusquisque
1520 701 1647 741 vero
1687 694 1771 740 est

190 800 240 838 ex
268 781 342 845 iis,
369 778 457 847 qui
487 793 550 833 se
575 776 739 832 solos
773 778 1168 847 Peripateticos
1189 793 1251 833 ac
1292 778 1640 847 philosophos
1672 777 1764 831 ha-

188 874 279 930 beri
315 871 517 933 volunt,
560 871 762 939 deque
796 869 1094 926 Aristotele
1122 870 1236 940 ipso
1269 871 1484 939 egregie
1514 885 1573 925 se
1606 872 1770 924 meri-

188 978 253 1021 tos
273 964 571 1035 gloriantur
608 977 681 1015 ac
716 964 1059 1033 praedicant,
1095 977 1253 1032 quem
1286 978 1390 1017 non
1441 964 1611 1033 magfs
1656 962 1768 1016 Bu-

188 1058 325 1114 ridani
352 1055 536 1109 nescio
568 1055 749 1124 cujus
785 1054 953 1109 lectio
988 1063 1187 1115 teneat.
1222 1068 1383 1121 quam
1422 1053 1767 1108 Aristotelis?

183 1152 347 1219 quique
376 1147 651 1201 immania
701 1148 803 1202 illa
849 1148 1175 1217 glossemata
1226 1148 1368 1215 (qua:
1410 1156 1561 1200 tanto
1592 1147 1767 1217 philo-

180 1242 321 1312 sopho
369 1241 609 1293 nimium
685 1240 1044 1309 impudenter
1112 1236 1496 1305 ascribuutur,
1546 1255 1607 1295 ac
1669 1254 1767 1308 pro

178 1332 511 1388 Aristotelicis
544 1333 769 1402 passim
787 1333 1053 1401 citantur)
1081 1347 1185 1386 non
1207 1331 1374 1401 pluris
1395 1331 1580 1399 faciat,
1604 1346 1759 1401 quam

176 1440 272 1495 qua:
300 1423 378 1476 vir
402 1423 493 1475 ille
522 1424 581 1476 in
616 1423 783 1475 (πηιιί
825 1423 1236 1491 disciplinarum
1280 1436 1480 1492 genere
1521 1438 1767 1479 summus

176 1528 297 1571 tanta
326 1532 455 1571 cura
482 1531 549 1570 ac
580 1516 783 1568 studio
827 1524 883 1569 et
919 1514 1187 1585 exquisita
1236 1523 1293 1569 et
1343 1516 1544 1584 scripta
1585 1525 1765 1585 poste-

174 1610 234 1664 ris
257 1610 473 1678 legenda
530 1607 777 1676 reliquit
804 1607 831 1660 ?
864 1622 931 1663 ac
969 1607 1037 1662 de
1067 1606 1355 1661 Aristotele
1383 1608 1601 1677 quidem
1649 1608 1765 1677 ipso

173 1702 303 1757 facile
330 1710 619 1770 utcunque
647 1701 867 1766 fuerat,
890 1709 948 1753 ut
981 1698 1135 1768 cujus
1156 1698 1424 1765 doctrina,
1451 1716 1761 1771 quanquam

170 1793 458 1847 admiranda
494 1808 566 1847 ac
598 1806 854 1857 summa,
885 1791 1191 1845 Christiana
1221 1790 1539 1859 simplicitas
1573 1806 1764 1847 carere

171 1886 394 1955 potuerit,
431 1885 543 1939 nisi
580 1885 719 1939 inde
749 1884 996 1938 excitata
1030 1885 1216 1937 eadem
1251 1883 1375 1937 mali
1414 1883 1579 1950 labes,
1619 1884 1762 1953 ipsas

171 1993 352 2047 quoque
380 1985 801 2033 sacrosanctas
840 1976 1026 2044 leges,
1080 1976 1274 2046 quibus
1318 1976 1582 2040 vivimus,
1621 1976 1763 2044 jam-

170 2072 348 2141 pridem
378 2079 715 2141 occuparet.
753 2069 896 2124 lllud
939 2084 1103 2138 porro
1136 2069 1510 2137 indignitatem
1544 2084 1759 2124 omnem

171 2172 373 2232 superat.
411 2166 565 2233 quod
596 2163 1037 2233 quamplurima:
1076 2164 1177 2218 hoc
1203 2163 1402 2218 stcculo
1430 2173 1633 2219 exortae
1670 2180 1761 2218 ra-

173 2270 236 2307 nae
269 2254 388 2324 (quo
417 2256 655 2309 nomine
684 2256 884 2324 potius
929 2255 1200 2322 sophistas
1239 2255 1573 2327 appellem?)
1604 2255 1762 2311 Salo-

172 2347 316 2400 monis
350 2348 650 2417 templum,
687 2361 760 2402 ac
799 2346 1011 2401 Christi
1060 2361 1273 2415 quoque
1317 2347 1618 2402 Ecclesiam
1658 2364 1762 2401 nu-

171 2452 250 2506 per
277 2439 497 2503 adortaz,
530 2440 716 2509 ipsam
754 2438 1138 2509 evangelicum
1182 2440 1465 2493 veritatem
1504 2440 1574 2494 ita
1619 2440 1763 2496 {urile

174 2532 473 2595 distrahunt,
508 2531 824 2600 diripiunt,
862 2530 1143 2596 lacerant;
1176 2543 1235 2584 ut
1257 2547 1377 2599 quae
1400 2547 1498 2586 suo
1524 2533 1763 2588 candore

174 2621 392 2685 illustris,
434 2623 693 2687 eximia,
744 2623 959 2676 intacta
1016 2635 1468 2699 sacrosanctaque
1518 2640 1639 2679 esse
1670 2623 1765 2680 de-

174 2715 354 2777 buerat,
391 2715 458 2769 ab
495 2716 569 2770 iis
605 2730 720 2768 non
789 2714 959 2767 modo
1014 2715 1066 2768 in
1110 2715 1354 2770 ordinem
1403 2726 1614 2781 coacta,
1666 2717 1762 2771 sed

176 2807 420 2876 suggillata
451 2810 622 2861 etiam
656 2806 733 2860 sit
794 2819 859 2857 ac
899 2819 1037 2873 pene
1064 2806 1349 2875 prostituta
1382 2823 1396 2860 :
1432 2821 1533 2861 nec
1566 2808 1764 2863 desunt

178 2908 322 2952 tamen
349 2901 403 2971 (ο
428 2912 682 2970 tempora
710 2901 752 2971 !)
796 2898 891 2967 qui
945 2913 1011 2951 ex
1061 2899 1359 2953 istiusmodi
1390 2898 1598 2953 lacunis
1643 2915 1762 2953 ma-

176 2989 271 3055 lint,
299 3009 454 3061 quam
485 3010 555 3047 ex
593 3002 859 3048 veterum
897 2990 1271 3061 theologorum
1302 2992 1608 3061 purissimis
1638 2992 1762 3047 fon-

180 3084 295 3138 tibus
327 3085 547 3141 haurire
584 3105 595 3138 :
639 3094 979 3153 tantumque
1026 3084 1102 3139 eis
1150 3082 1261 3151 iam
1315 3086 1594 3149 tribuant,
1632 3085 1762 3139 utsi

178 3190 307 3241 quem
358 3178 580 3232 videant
628 3176 889 3245 antiquis
941 3191 1004 3229 ac
1055 3176 1373 3230 melioribus
1421 3177 1617 3231 litteris
1668 3177 1828 3261 ad-C

179 3266 365 3328 dictum.
399 3270 472 3323 ab
507 3270 562 3322 id
591 3283 776 3339 genus
803 3266 1027 3331 scriptis
1057 3267 1137 3320 vel
1171 3268 1434 3319 tantillum
1470 3268 1757 3331 dissidere,

178 3361 392 3413 cmndem
426 3362 688 3429 protinus
726 3375 760 3413 e
808 3358 1030 3413 sublimi
1082 3360 1169 3413 illa
1225 3360 1596 3429 theologorum
1634 3374 1761 3414 arce

178 3442 493 3499 deturbatum
526 3445 671 3499 infra
724 3444 1030 3498 vilissimus
1055 3446 1458 3514 grammatistas
1481 3445 1757 3512 abjiciant.

179 3533 515 3593 lilietorculus
546 3548 654 3603 est,
696 3539 985 3607 inquiunt,
1015 3548 1172 3607 poeta
1206 3547 1323 3605 est,
1361 3556 1466 3595 non
1515 3540 1759 3609 philoso-

179 3629 308 3695 phus,
340 3649 451 3686 non
485 3631 809 3701 theologus.
844 3629 1023 3695 Quare
1050 3630 1245 3683 mirum
1277 3645 1380 3684 non
1427 3641 1531 3695 est,
1557 3631 1602 3684 si
1634 3646 1760 3700 pas-

178 3722 256 3774 sim
284 3738 495 3777 summa
522 3738 767 3793 qumque
805 3723 909 3775 sibi
951 3736 1117 3790 genus
1160 3724 1210 3776 id
1251 3723 1531 3777 hominum
1580 3724 1761 3777 vindi-

178 3823 262 3875 cet,
292 3825 344 3867 ut
371 3815 461 3869 cui
498 3814 638 3867 nihil
666 3830 780 3866 non
811 3812 917 3866 hoc
943 3813 1272 3882 smculojam
1309 3815 1662 3879 concedatur,
1693 3815 1762 3869 ob

180 3904 541 3961 subtilissimas
585 3905 809 3960 scilicet
864 3904 1213 3959 collectiones
1266 3906 1436 3969 istas,
1482 3905 1759 3970 elenchos,-

180 4000 543 4068 captionesqne
570 4013 637 4052 ac
668 3996 1040 4065 snphismata,
1075 4012 1194 4064 qum
1232 4007 1429 4061 tamen,
1469 4008 1526 4051 ut
1556 3998 1762 4053 Seneca

182 4084 353 4155 inquit,
382 4104 481 4143 nec
521 4088 809 4156 ignoranti
842 4097 1095 4165 noceant,
1128 4103 1225 4142 nec
1256 4088 1519 4143 scientem
1553 4090 1657 4143 ulla
1694 4106 1762 4145 ex

182 4192 315 4246 parte
341 4180 549 4248 juvent.
582 4182 758 4251 quue
786 4180 841 4233 iu
885 4179 1082 4233 divinis
1112 4179 1308 4235 litteris
1351 4180 1518 4235 multo
1562 4182 1762 4237 minus.

180 4269 304 4326 Nam
328 4274 391 4339 si,
420 4284 478 4327 ut
518 4274 779 4343 tragicus
811 4270 1032 4340 quidam
1067 4270 1313 4341 scripsit,
1345 4274 1594 4327 veritatis
1633 4274 1766 4328 sim-

181 4363 293 4431 plex
318 4376 394 4419 est
418 4368 625 4429 oratio,
665 4377 936 4432 quorsum
984 4362 1252 4416 attinebat
1294 4378 1413 4432 ane
1443 4379 1472 4417 a
1518 4365 1765 4419 veritatis

182 4466 383 4510 auctore
434 4456 689 4528 profecta
742 4464 897 4520 sunt,
941 4469 1171 4525 quaeque
1227 4454 1415 4510 fallere
1459 4472 1564 4509 non
1595 4456 1766 4525 magis

3326 414 3453 468 χιιι

1871 613 2083 653 omnem
2109 600 2388 666 exhaurit,
2426 604 2519 657 sed
2573 604 2788 673 pietatis
2841 609 3002 663 etiam
3058 611 3229 680 ipsius
3274 614 3453 685 ignem

1870 690 2230 761 ardoremque
2265 693 2592 764 exstinguit,
2618 705 2678 749 ut
2706 698 2901 753 mirum
2936 714 3044 754 non
3072 703 3141 756 sit
3161 740 3177 767 ,
3208 704 3257 759 si
3284 706 3366 761 sic
3400 707 3455 763 in

1869 784 2223 848 quorumdam
2253 800 2468 854 quoque
2499 790 2807 856 pectoribus
2839 790 3046 862 frigeat.
3080 796 3170 865 qui
3204 806 3263 851 se
3293 798 3459 870 vulgo

1870 872 2147 944 theologos
2194 878 2553 947 protitentur;
2587 882 2663 937 ita
2730 896 2946 941 veteres
2994 884 3071 941 illi
3129 891 3460 948 suavissimo

1868 967 2101 1035 quodam
2135 984 2232 1022 ceu
2262 972 2499 1027 caelestis
2529 976 2814 1032 ambrosiae
2856 979 3052 1048 pabulo
3099 981 3248 1050 pium
3285 978 3461 1040 lecto-

1868 1071 1982 1112 rem
2014 1072 2262 1127 pascunt,
2286 1062 2487 1131 fovent,
2514 1066 2786 1135 saginam,
2819 1084 2997 1141 neque
3026 1073 3241 1130 animos
3271 1090 3464 1134 vocum

1868 1149 2138 1207 illecebris
2212 1155 2455 1220 titillant,
2514 1160 2613 1214 sed
2679 1161 2867 1218 divino
2932 1169 3174 1234 quodam
3241 1170 3470 1229 nectare

1866 1240 2319 1334 ebriosrapiunt,
2346 1262 2411 1301 ac
2444 1250 2860 1308 transformant.
2896 1256 3047 1312 Vivit
3076 1260 3128 1315 in
3176 1260 3282 1318 illis
3316 1266 3475 1334 spiri-

1869 1338 1953 1423 tus
1986 1330 2207 1400 quidam
2241 1332 2422 1403 plane,
2452 1346 2513 1391 ut
2539 1339 2617 1393 sic
2648 1340 2903 1411 dixerim,
2936 1347 3188 1404 vivificus
3213 1390 3228 1416 ,
3283 1330 3474 1423 legen-

1868 1420 1938 1475 tis
1966 1422 2207 1477 animum
2238 1426 2534 1483 obllrmans
2587 1444 2651 1484 ac
2684 1442 2967 1503 vegetans.
3007 1435 3066 1491 In
3116 1439 3203 1494 ltis
3249 1420 3467 1511 contra,
3528 1447 3537 1463 ‘

1866 1512 2007 1579 quod
2040 1514 2105 1567 ad
2141 1529 2323 1569 rerum
2371 1517 2733 1575 humanarum
2774 1535 3144 1599 contemptum
3166 1571 3180 1594 ,
3210 1548 3466 1591 summa:-

1866 1621 1970 1675 que
2020 1607 2165 1665 illius
2209 1613 2640 1683 exoptandacque
2697 1616 3057 1676 beatitudinis
3128 1626 3459 1682 desiderium

1865 1698 2121 1766 pertinet,
2147 1700 2342 1755 mirum
2368 1714 2706 1773 quantopere
2737 1706 2973 1777 frigeant
2996 1715 3179 1768 omnia
3212 1716 3226 1769 ἐ
3254 1731 3319 1772 ac
3349 1718 3460 1773 sic-

1867 1788 1943 1841 uti
1992 1791 2246 1859 torpedo,
2277 1802 2400 1847 cum
2443 1805 2633 1865 suapte
2681 1808 2877 1854 natura
2916 1816 3025 1857 non
3054 1813 3291 1874 torpeat,
3324 1808 3462 1864 mire

1795 1858 1834 1912 Β
1867 1888 2045 1934 tamen
2075 1881 2417 1940 adnatanteis
2443 1886 2509 1939 ad
2553 1900 2612 1940 se
2644 1889 2825 1958 pisces
2852 1900 3104 1947 contactu
3137 1858 3454 1965 tumcfacit;

1865 1974 1937 2028 ita
1969 1978 2334 2045 argumentosi
2372 1978 2624 2051 theologi,
2658 1983 2748 2050 qui
2782 1983 2915 2037 nihil
2943 1984 3087 2039 aliud
3115 2001 3280 2056 quam
3309 2003 3457 2058 quae-

1864 2068 2099 2122 stionum
2134 2070 2431 2125 tendiculas
2470 2086 2533 2126 ac
2572 2074 2707 2127 retia
2753 2084 3069 2140 sectantur,
3107 2091 3228 2131 cum
3260 2093 3357 2148 per
3394 2093 3456 2134 se

1864 2159 2074 2214 caleant
2101 2162 2256 2227 satis,
2289 2172 2469 2231 utpote
2494 2163 2547 2217 in
2574 2164 2899 2234 disputando
2924 2174 3078 2221 acres
3104 2182 3166 2222 ac
3191 2169 3453 2236 animosi,

1865 2249 1975 2305 imo
2006 2266 2134 2306 vero
2181 2269 2458 2322 nunquam
2510 2272 2615 2309 non
2671 2257 2983 2325 pertinaces
3021 2267 3085 2311 ac
3120 2259 3451 2327 refractarii,

1865 2343 1937 2396 nil
1973 2343 2115 2399 aliud
2154 2354 2327 2399 tamen
2373 2360 2533 2414 quam
2584 2347 2785 2401 lentum
2825 2348 3094 2417 quoddam
3143 2350 3311 2404 animi
3353 2350 3452 2406 fri-

1865 2449 1964 2504 gus
1990 2434 2292 2503 legentibus
2320 2435 2651 2502 immittunt;
2694 2447 2748 2493 et
2782 2447 2840 2491 ut
2869 2440 3170 2508 promptior
3219 2440 3343 2509 quis
3385 2442 3452 2496 ad

1865 2542 2096 2596 pugnam
2123 2528 2248 2583 inde
2282 2529 2511 2583 fortasse
2535 2530 2751 2593 redeat,
2786 2533 2851 2585 ad
2902 2533 3157 2600 pietatem
3206 2532 3453 2601 profecto

1866 2633 2024 2672 nemo
2057 2619 2302 2673 redditur
2333 2621 2671 2685 instructior,
2708 2636 2867 2676 nemo
2910 2622 3122 2677 melior.
3166 2623 3240 2678 En
3287 2625 3453 2694 igitur

1867 2710 1972 2763 tuis
2022 2710 2277 2778 auspiciis
2331 2713 2381 2764 in
2436 2711 2608 2765 lucem
2662 2713 2890 2767 redeunt
2957 2715 3240 2770 Athanasii
3304 2716 3450 2771 illius

1867 2802 2045 2872 ntagui
2083 2803 2434 2858 Alexandrini
2475 2805 2714 2873 episcopi
2766 2805 2820 2859 in
2873 2805 3128 2861 Paulinus
3178 2807 3452 2876 Epistolas

1864 2893 2270 2960 Commentarii,
2303 2895 2497 2948 eximia
2532 2898 2767 2965 quadam
2808 2914 2931 2953 cum
2966 2898 3299 2968 eloquentia,
3334 2909 3446 2954 tum

1865 2985 2106 3040 doctrina
2141 2985 2506 3051 refertissimi,
2554 2998 2717 3058 atque
2757 2991 2993 3045 antehac
3028 2992 3228 3060 ubique
3279 2991 3451 3046 raris-

1865 3076 2021 3142 simi,
2050 3079 2116 3132 ab
2141 3079 2437 3147 exemplari
2482 3088 2696 3135 vetusto
2729 3082 2946 3150 quidem
2984 3084 3129 3151 ipso,
3162 3084 3256 3137 sed
3285 3084 3447 3138 unico

1866 3176 2067 3234 tamen,
2095 3170 2391 3238 eodemque
2424 3171 2557 3225 locis
2612 3172 2922 3227 innumeris
2945 3184 3202 3244 corrupto
3258 3186 3445 3231 nostra

1860 3274 2023 3328 opera
2056 3276 2223 3328 nuper
2259 3262 2553 3330 recogniti,
2598 3262 2877 3332 multoque
2922 3266 3235 3320 accuratius
3282 3280 3446 3335 quam

1860 3352 2090 3407 antehac
2115 3361 2167 3407 et
2203 3353 2498 3417 emendati,
2531 3362 2585 3408 et
2609 3354 2870 3409 distincti.
2910 3354 3044 3409 Nam
3086 3367 3446 3425 praeterquam

1860 3442 2003 3511 quod
2043 3443 2288 3506 mendas,
2319 3444 2517 3511 quibus
2546 3444 2877 3512 Opusipsum
2917 3459 2982 3498 ex
3031 3460 3151 3500 sese
3189 3446 3324 3501 satis
3362 3447 3449 3499 ln-

1861 3533 2157 3601 culcutnm,
2192 3534 2274 3588 vel
2312 3535 2656 3605 impressoris
2702 3535 2972 3606 imperitia
2997 3575 3012 3601 ,
3057 3536 3144 3591 vel
3184 3539 3448 3592 emendae

1864 3628 1995 3681 toris
2024 3626 2237 3696 ignavia
2273 3629 2623 3696 depravatum
2662 3626 2860 3689 fuerat,
2893 3643 3001 3683 non
3031 3643 3230 3697 paucas
3265 3639 3450 3685 sustue

1861 3718 2041 3785 limus,
2094 3719 2221 3773 illud
2281 3720 2441 3773 etiam
2490 3719 2646 3772 nobis
2694 3718 3073 3788 permisimus,
3113 3729 3172 3774 ut
3215 3721 3261 3775 si
3310 3721 3441 3789 quid
3517 3723 3520 3727 ’

1864 3812 2070 3885 uspiam
2099 3821 2244 3866 esset
2280 3810 2491 3865 Latinis
2528 3811 2751 3866 auribus
2792 3813 3022 3877 durum,
3054 3812 3199 3880 quod
3237 3812 3320 3865 vel
3368 3812 3452 3867 in-

1864 3904 2116 3973 terpretis
2160 3904 2511 3975 negligentia,
2551 3919 2616 3958 ne
2639 3905 2765 3973 quid
2792 3904 2937 3958 aliud
2970 3904 3167 3967 dicam,
3206 3904 3289 3959 vel
3319 3912 3451 3961 tem-

1862 4011 2053 4065 porum
2084 3997 2236 4063 vitio,
2267 3997 2463 4066 quibus
2491 3995 2701 4052 Latinae
2736 4012 2795 4051 se
2838 3999 3071 4067 primum
3107 3997 3300 4052 littera:
3336 4012 3451 4055 vn—

1863 4097 2059 4157 perunt
2094 4103 2342 4155 exercre,
2367 4090 2564 4159 saepius
2600 4088 2817 4156 accidit,
2850 4090 3083 4157 idipsum
3129 4090 3451 4159 permutatis

1864 4182 2046 4235 verbis
2090 4182 2294 4250 aliquot
2342 4183 2482 4235 citra
2535 4182 2821 4236 sententiae
2872 4182 3256 4237 detrimentum
3306 4182 3453 4238 velut

1864 4273 2253 4328 emolliremus.
2296 4274 2450 4340 Quod
2495 4274 2669 4343 ipsum
2718 4285 2895 4330 tamen
2944 4290 3010 4331 eo
3052 4276 3271 4346 parcius
3322 4274 3451 4330 feci-

1868 4380 2006 4429 mus,
2031 4363 2175 4433 quod
2214 4364 2374 4431 vulgo
2407 4363 2555 4416 nefas
2589 4378 2709 4418 esse
2737 4364 3048 4418 videremus
3078 4365 3129 4418 in
3160 4362 3333 4418 sacris
3360 4376 3453 4418 co-

1870 4456 2079 4508 dicibus
2108 4454 2385 4524 quidpiam
2415 4454 2723 4518 immutari,
2758 4455 2827 4509 ab
2860 4456 3098 4510 .bomine
3148 4456 3454 4523 praesertim

184 4557 404 4616 possunt,
450 4563 626 4619 quam
681 4548 891 4601 veritas
938 4548 1088 4617 ipsa,
1144 4562 1265 4615 quae
1321 4562 1421 4602 nec
1459 4547 1623 4612 fallit,
1668 4564 1770 4603 nec
1802 4540 1844 4595 D
1876 4548 1929 4600 in
1958 4545 2024 4601 iis
2052 4546 2247 4600 litteris
2273 4545 2409 4598 haud
2442 4545 2516 4599 ita
2546 4545 2638 4599 diu
2667 4555 2898 4599 versato.
2943 4544 3051 4600 Sed
3081 4560 3181 4600 nec
3228 4558 3456 4613 magno-

185 4637 385 4709 fallitur,
431 4644 645 4706 acutis,
692 4650 753 4694 ut
788 4655 921 4695 vere
969 4639 1238 4702 dixerim,
1288 4640 1661 4695 deliramentis
1706 4655 1769 4695 ac

186 4736 383 4791 somniis
409 4733 745 4804 implicare?
781 4732 879 4787 Nae
923 4732 975 4786 id
1015 4748 1144 4802 ergo
1195 4742 1340 4788 recte
1387 4749 1453 4788 ac
1497 4736 1770 4803 sapienter

185 4826 294 4880 mihi
322 4829 531 4883 sentire
566 4826 874 4887 videntur,
920 4823 1012 4893 qui
1057 4839 1162 4877 non
1214 4824 1375 4878 modo
1429 4828 1770 4895 seponendos

185 4920 390 4976 novitios
418 4926 521 4976 hos
550 4920 776 4975 omneis
812 4931 982 4987 prope
1018 4918 1294 4988 theologos
1334 4917 1430 4991 (ita
1458 4919 1601 4973 enim
1640 4932 1772 4973 sane

184 5022 437 5081 vocentur,
491 5013 625 5067 dum
677 5010 1016 5079 intelligatur
1062 5011 1222 5065 modo
1272 5010 1322 5065 id
1370 5015 1511 5080 quod
1546 5027 1633 5067 res
1665 5018 1769 5075 est,

186 5115 353 5173 nempe
378 5113 616 5175 augusto
649 5102 758 5158 hoc
791 5102 1015 5155 nomine
1045 5116 1137 5157 eos
1156 5102 1371 5157 demum
1408 5102 1524 5159 fore
1553 5105 1769 5174 dignos,

187 5196 260 5262 qui
296 5212 351 5252 se
374 5199 440 5253 ad
473 5207 734 5253 veterum
764 5193 1144 5264 theologorum
1176 5195 1452 5267 exemplar
1485 5212 1773 5269 compara~

188 5289 368 5357 verint,
398 5306 583 5362 neque
614 5288 837 5360 frigidis
870 5286 1155 5357 argutiolis
1197 5288 1616 5355 immorandum,
1673 5302 1773 5343 ne-

188 5384 291 5438 dum
319 5382 752 5442 immoriendum
785 5394 914 5435 esse
940 5378 1040 5433 sibi
1064 5381 1451 5450 permiserint),
1490 5381 1580 5435 sed
1613 5381 1773 5434 ornit-

189 5477 352 5533 tcndos
389 5478 559 5534 etiam
632 5476 690 5530 in
750 5482 926 5528 totum
974 5487 1037 5528 ac
1095 5473 1391 5544 ejiciendus
1440 5474 1774 5528 arbitrantur

188 5572 615 5642 revocandosque
648 5574 875 5623 veteres
906 5564 1023 5621 illos
1052 5581 1181 5621 vere
1214 5550 1513 5637 theologos,
1538 5581 1770 5636 quorum

185 5664 346 5729 purior
369 5675 453 5721 est
477 5660 773 5725 elocutio,
802 5659 1053 5713 doctrina
1099 5659 1461 5729 praestantior,
1504 5658 1776 5714 sincerior

185 5758 352 5826 pietas,
382 5759 637 5814 charilas
660 5755 832 5823 longe
860 5749 1178 5806 ferventior.
1212 5748 1345 5804 Nam
1374 5750 1535 5805 sicuti
1571 5765 1773 5805 novum

184 5849 268 5906 hcc
308 5849 632 5922 disputandi
670 5860 854 5917 genus
883 5852 1133 5912 argutum
1168 5842 1385 5913 quidem
1425 5841 1598 5912 ipsum
1623 5881 1636 5908 ,
1677 5840 1772 5897 sed

1873 4655 2003 4708 pere
2032 4641 2261 4694 vacabat
2286 4640 2410 4692 aliis
2445 4638 2768 4706 quibusdam
2813 4646 3098 4705 occupato,
3131 4636 3311 4689 divina
3340 4635 3455 4689 haec

1871 4732 2047 4788 studia
2076 4740 2330 4796 tractare,
2371 4730 2500 4783 mihi
2551 4729 2748 4797 alioqui
2806 4737 2956 4797 grata
3014 4729 3175 4792 adeo,
3210 4727 3457 4796 adeoque

1872 4837 1925 4882 et
1952 4824 2190 4893 jucunda
2215 4835 2269 4880 et
2296 4824 2506 4888 suavia,
2543 4834 2601 4878 ut
2634 4832 2827 4878 caetera
2862 4822 3044 4877 omnia
3075 4822 3143 4875 ad
3175 4822 3319 4885 haec,
3351 4836 3458 4874 non

1876 4918 2036 4973 modo
2069 4918 2342 4973 inamoena
2395 4915 2774 4984 insuavisque,
2805 4914 2898 4968 sed
2934 4914 3090 4984 plane
3124 4911 3277 4968 ﬂocci
3318 4911 3462 4980 quis-

1876 5010 2170 5083 quiliaeqne
2199 5024 2321 5065 esse
2355 5009 2663 5062 videantur.
2700 5006 2877 5062 Unum
2909 5006 3036 5060 illud
3058 5005 3328 5060 afﬁrmare
3362 5003 3457 5057 tibi

1876 5120 2039 5177 posse
2064 5103 2287 5167 videor,
2318 5101 2750 5157 Commentarios
2788 5100 2988 5165 hosce,
3033 5112 3341 5169 quanquam
3381 5095 3461 5151 sic

1878 5214 2095 5271 quoque
2121 5198 2420 5267 eleganteis
2448 5210 2543 5265 per
2576 5211 2634 5250 se
2665 5195 2800 5249 satis
2828 5209 2892 5249 ac
2920 5194 3116 5248 nitidos
3137 5230 3154 5260 ,
3183 5192 3461 5261 aliquanto

1878 5302 2057 5347 tamen
2089 5290 2375 5344 nitidiores
2410 5288 2577 5343 fuisse
2612 5288 2664 5341 in
2711 5286 2884 5340 lucem
2918 5286 3228 5354 prodituros
3248 5279 3458 5343 {sicubi

1876 5383 2123 5439 Graccum
2152 5381 2431 5451 exemplar
2455 5378 2505 5433 id
2539 5378 2818 5446 temporis,
2850 5391 2956 5446 quo
2985 5375 3095 5429 haec
3116 5370 3462 5427 excudeban-

1878 5484 1986 5540 tur,
2022 5474 2255 5530 inveniri
2287 5472 2572 5543 potuisset.
2611 5471 2746 5526 Nam
2783 5484 2881 5524 nec
2904 5467 3129 5521 Budaeus
3172 5464 3285 5530 ipse
3314 5470 3456 5526 tuus,

1876 5566 2201 5637 eloquentia:
2230 5565 2311 5619 vir
2334 5564 2619 5634 utriusque
2642 5550 2922 5634 princeps,
2952 5568 3058 5612 tam
3084 5554 3284 5609 eximio
3308 5552 3460 5621 operi

1877 5660 1960 5715 vel
2007 5659 2402 5724 instauranda,
2454 5657 2541 5712 vel
2595 5652 2904 5723 refingendo
2978 5646 3461 5716 compouendoque

1880 5749 2161 5811 defuisset.
2207 5756 2542 5818 operamque
2567 5745 2703 5798 hanc
2728 5740 2829 5796 sibi
2852 5737 2936 5792 vel
2961 5735 3276 5807 primariam
3311 5748 3462 5788 sum-

1879 5843 2103 5911 psisset,
2135 5841 2214 5895 vel
2251 5839 2507 5893 vicariam
2537 5844 2774 5891 nostram
2792 5846 2888 5887 sua
2917 5830 3150 5901 iuvisset
3172 5823 3459 5887 industria,
