3998 6506
519 403 558 447 ι
1854 375 2384 434 PROLEGOMENA.

519 509 607 564 vir
634 521 736 560 non
765 509 1120 561 humanarum
1164 503 1319 560 modo
1350 518 1526 557 rerum
1579 501 1839 562 omnium,
1875 499 1968 551 sed
2002 499 2082 550 di-
2114 505 2161 557 Α
2191 496 2275 547 vid
2324 493 2410 546 ille
2447 505 2629 560 regum
2669 487 3042 543 sanctissimus
3072 527 3086 550 ,
3135 499 3294 553 quem
3342 497 3555 537 arcana:
3583 481 3783 537 littem

523 596 772 649 vittarum
796 597 958 649 etiam
990 596 1370 665 peritissimus,
1404 593 1691 658 saeculique
1734 591 1891 657 hujus
1936 602 2092 654 egre-

523 687 668 757 gium
709 690 892 752 decus,
932 704 994 742 ac
1025 697 1398 741 ornamentum
1429 685 1694 753 quoddam
1728 680 1891 750 (absit
1929 679 2098 733 verbo

523 778 746 847 invidia)
800 794 1022 846 prorsus
1077 777 1512 844 incomparabile.
1545 773 2097 840 Quantulumcunque

521 884 651 926 vero
684 871 734 924 id
756 880 856 934 est,
886 872 1025 939 quod
1061 869 1393 924 restituendo
1429 865 1723 921 Athanasio
1755 876 1931 931 Operae
1959 877 2095 931 pra:-

521 961 781 1026 stitimus,
819 962 913 1014 tibi
945 962 1201 1023 debetur,
1239 959 1329 1012 tibi
1381 970 1593 1025 quoque
1642 955 1960 1008 nominatim
2007 953 2094 1006 in-

523 1052 799 1116 scribitur,
837 1053 1028 1121 prazsul
1059 1051 1389 1114 doctissime,
1421 1059 1478 1102 ut
1509 1063 1668 1117 quem
1701 1047 1920 1100 unicum
1954 1059 2092 1113 pene

523 1143 783 1212 temporis
815 1142 970 1210 hujus
1016 1142 1356 1197 Matcenatem
1415 1139 1638 1195 studiosi
1691 1151 1879 1192 omnes
1928 1150 2097 1205 agno-

523 1245 699 1300 scant,
739 1246 792 1290 et
847 1237 956 1304 ipse
1011 1237 1113 1289 sim
1161 1249 1368 1304 reapse,
1403 1243 1460 1287 ut
1495 1232 1718 1285 Plautus
1769 1230 1963 1298 inquit,
1995 1243 2096 1280 sa:-

523 1325 644 1392 pius
675 1335 932 1392 expertus
977 1346 987 1378 :
1031 1340 1300 1393 quemque
1335 1325 1388 1378 in
1418 1322 1712 1377 Ecclesiam
1744 1319 1942 1373 Christi
1985 1332 2092 1370 non

524 1430 682 1469 secus
707 1430 825 1471 esse
852 1415 1129 1470 videamus
1165 1415 1438 1480 affectum,
1471 1425 1634 1483 atque
1684 1412 1812 1468 olim
1850 1411 1951 1466 fuit
1991 1408 2098 1462 Da-

2098 1527 2168 1537 ..-

2205 587 2420 637 tradunt
2450 581 2747 634 incredibili
2788 579 2973 635 laetitia
3011 577 3213 646 gestire
3244 576 3498 639 solitum,
3529 590 3652 629 cum
3683 589 3752 642 po
3773 607 3786 615 ι

2204 677 2386 748 pulum
2418 685 2689 744 spectaret
2721 675 2867 726 varia
2901 687 2998 742 pro
3041 687 3099 724 se
3139 684 3408 740 quemque
3445 671 3672 723 donaria
3717 670 3782 723 ad

2207 769 2388 838 templi
2419 777 2748 822 structuram
2779 777 3096 832 congerere.
3130 763 3310 826 Quare
3339 763 3503 816 sicuti
3533 762 3784 830 Origenis

2199 876 2361 928 Opera
2413 863 2510 913 sub
2563 859 2634 912 tui
2688 858 2924 911 nominis
2966 856 3209 925 auspicio
3265 857 3508 925 proxime
3553 857 3784 920 emissa,

2201 968 2340 1006 nunc
2373 953 2571 1020 ubique
2603 951 2877 1018 leguntur,
2919 965 2981 1003 ac
3027 964 3122 1017 per
3156 949 3334 1002 varias
3362 949 3585 1015 Europa:
3621 949 3787 1002 totius

2197 1045 2444 1113 regiones
2471 1042 2954 1104 circumferuntur;
2989 1043 3061 1094 ita
3092 1042 3424 1095 Athanasius
3463 1040 3552 1094 hic
3599 1050 3787 1094 noster

2204 1134 2434 1202 quodam
2466 1133 2610 1186 velut
2638 1133 2876 1200 ejusdem
2907 1133 3141 1186 nominis
3176 1131 3410 1184 amuleto
3442 1139 3610 1193 tutus,
3642 1144 3786 1184 nunc

2204 1240 2234 1277 e
2293 1225 2526 1278 tenebris
2583 1225 2796 1294 situque
2849 1224 3102 1294 pulvereo
3158 1225 3210 1276 in
3269 1223 3538 1291 publicam
3610 1220 3786 1275 lucem

2205 1317 2502 1384 egreditur,
2532 1317 2696 1368 multa
2723 1329 2780 1369 ut
2812 1330 3114 1384 speramus,
3142 1324 3318 1370 tecum
3341 1314 3499 1370 saecla
3517 1313 3783 1369 victurus.

2205 1407 2335 1463 Vale
2373 1409 2463 1463 diu
2495 1407 2641 1462 felix.
2684 1407 2930 1462 Lutetiae.

1056 1592 1126 1651 In
1170 1590 1449 1652 editione
1485 1589 1897 1666 Lugdunensi
1936 1607 2087 1652 ann.
2123 1590 2277 1649 1532
2310 1590 2438 1650 hzec
2481 1587 2764 1666 prastatio
2809 1586 3230 1664 praemittitur.

1263 1691 1335 1742 Ad
1360 1689 1720 1745 Christianum
1745 1689 2015 1743 Lectorem
2049 1690 2283 1758 Epistola
2311 1689 2695 1759 Chalcographi
2724 1688 3060 1754 parwnetica.

595 1787 725 1840 Eam
771 1786 1106 1854 potissimum
1143 1786 1213 1840 ob
1265 1801 1506 1849 causam,
1547 1785 1853 1840 Christiane
1893 1785 2088 1850 lector,
2127 1793 2164 1846 Β
2200 1801 2315 1840 cem
2349 1787 2620 1849 emittere,
2650 1801 2811 1854 quam
2843 1785 3175 1854 portentosis
3211 1785 3417 1838 mendis
3447 1799 3782 1854 conspurca-

524 1889 579 1932 et
609 1876 787 1940 eilicti,
823 1877 1042 1930 ethunc
1093 1877 1144 1929 in
1179 1877 1434 1930 mundum
1473 1878 1656 1930 emissi
1695 1892 1901 1940 sumus,
1938 1886 1993 1928 ut
2028 1877 2097 1930 de

527 1979 752 2024 externo
782 1969 1020 2037 cujusvis
1069 1969 1301 2022 hominis
1329 1982 1575 2036 corpore,
1603 1977 1864 2036 quantum
1899 1981 1994 2037 per
2023 1966 2101 2020 fa-

525 2065 785 2118 cultatum
829 2063 1037 2132 cepiam
1079 2062 1223 2126 licet,
1267 2061 1510 2114 volentes
1559 2060 1696 2114 bene
1748 2075 2097 2114 mereamur:

524 2156 758 2209 maxime
787 2165 934 2220 vero,
963 2155 1054 2208 sed
1084 2155 1240 2223 longe
1273 2153 1640 2207 abundantius
1668 2162 1719 2206 et
1749 2151 2096 2214 cumulatius,

523 2250 589 2300 de
629 2248 826 2301 anima.
859 2247 991 2300 Nam
1045 2248 1089 2300 si
1139 2246 1239 2314 ipsi
1293 2245 1532 2314 corpori,
1562 2244 1705 2312 quod
1754 2243 1969 2296 tandem
2002 2243 2100 2295 ali-

523 2341 736 2407 quando
765 2339 1059 2406 periturum
1084 2348 1185 2400 est,
1211 2335 1560 2403 futurumque
1582 2344 1639 2386 ut
1666 2334 1942 2388 vermibus
1968 2348 2097 2385 cou-

523 2439 796 2499 sumptum
843 2429 896 2482 in
941 2428 1164 2481 fetidum
1198 2427 1474 2494 redigatur
1500 2426 1761 2489 cinerem,
1794 2425 1889 2492 ipsi
1919 2424 2097 2478 officia

525 2539 631 2577 non
667 2521 956 2576 mediocria
991 2521 1346 2583 exhibemus;
1381 2535 1477 2587 par
1502 2529 1584 2573 cst
1616 2520 1868 2572 nimirum
1904 2528 1962 2570 ut
1995 2518 2094 2586 ipsi

526 2614 756 2677 animae,
785 2613 980 2682 quippe
1015 2628 1132 2681 qua:
1171 2622 1280 2666 tum
1313 2612 1681 2680 prcestautior,
1725 2621 1834 2664 tum
1878 2611 2100 2663 immor-

525 2705 651 2760 talis
678 2707 820 2759 haud
855 2705 1013 2758 dubie
1041 2703 1218 2757 futura
1246 2705 1336 2767 sit,
1374 2704 1540 2758 multo
1574 2704 1870 2756 studiosius
1902 2702 2100 2769 invigi-

525 2799 721 2862 lemus,
769 2797 1132 2863 consulamus,
1169 2796 1460 2866 prosimus.
1513 2793 1579 2848 Ut
1620 2795 1761 2848 enim
1803 2809 1833 2846 a
1877 2793 2101 2847 Thalete

529 2889 759 2955 Milesio,
799 2889 1108 2943 Graecorum
1161 2889 1450 2955 sophorum
1501 2884 1661 2938 facile
1709 2885 1975 2953 principe,
2021 2898 2104 2937 sa-

528 2983 739 3052 pienter
783 2981 1068 3036 admodum
1110 2980 1310 3034 dictum
1355 2987 1460 3041 est,
1504 2991 1704 3045 corpus
1752 2977 1937 3046 utique
1969 2991 2095 3030 eva-

529 3083 717 3128 nescet
751 3080 806 3128 et
845 3083 1229 3134 consumetur;
1280 3071 1456 3124 anima
1484 3082 1613 3122 vero
1643 3082 2014 3136 permansura.
2045 3066 2098 3120 ld

529 3165 709 3232 itaque
737 3164 1110 3234 praescriptum
1141 3159 1476 3216 exsecutioni
1507 3159 1834 3214 demandare
1856 3158 2098 3227 cupiens,

529 3256 669 3326 ccepi
717 3270 924 3311 mecum
972 3256 1154 3309 animo
1200 3252 1470 3315 volutare,
1527 3266 1846 3319 mecumque
1893 3249 2102 3314 rimari,

529 3363 658 3402 num
689 3348 974 3416 quodpiam
1009 3360 1168 3414 opus,
1199 3342 1567 3414 typographiaa
1596 3341 1912 3397 exercenda:
1936 3355 2104 3409 appo-

529 3439 691 3493 situm
721 3439 879 3501 foret,
909 3436 1062 3504 cujus
1103 3437 1331 3490 sinceris
1361 3433 1815 3506 praceptionibus
1838 3441 1890 3485 et
1927 3430 2104 3484 homi-

529 3543 661 3585 num
690 3530 919 3583 salutem
949 3543 1285 3598 promovere,
1312 3536 1365 3581 et
1396 3529 1462 3581 de
1493 3525 1800 3580 Christiana
1831 3521 2104 3591 republica

531 3621 780 3677 ncnnihil
810 3620 1146 3674 benetnereri
1178 3634 1412 3688 possem.
1443 3617 1648 3682 Quibus
1678 3615 1874 3668 mentis
1903 3615 2106 3682 cogita-

533 3712 769 3765 tionibus
799 3712 959 3764 anxie
1002 3710 1226 3762 nimium
1275 3708 1581 3770 inhaerenti,
1613 3707 1826 3760 demum
1874 3703 2108 3758 feliciter

532 3810 889 3858 occurrerunt
914 3803 1079 3855 divini
1110 3802 1254 3856 illius
1287 3799 1594 3863 Athanasii,
1624 3798 1850 3866 insignis
1873 3796 2107 3851 Alexan-

533 3893 810 3947 drinorum
845 3895 1104 3963 episcopi,
1151 3893 1205 3947 in
1235 3892 1490 3946 Paulinas
1521 3891 1786 3958 Epistolas
1813 3889 2105 3944 Commen-

537 3984 682 4049 tarii,
723 3985 918 4038 eximia
970 3998 1097 4038 sane
1143 3999 1266 4038 cum
1317 3982 1644 4048 eloquentia,
1693 3990 1805 4034 tum
1859 3980 2102 4034 doctrina

535 4091 696 4144 quam
729 4073 1066 4129 refertissimi
1099 4093 1112 4128 :
1145 4090 1278 4143 quos
1329 4089 1450 4128 cum
1490 4089 1594 4126 non
1627 4071 1793 4126 semel
1841 4071 2105 4140 perlegis-

533 4183 671 4230 sem,
704 4166 849 4235 iique
891 4166 1018 4220 mihi
1052 4168 1366 4220 viderentur
1396 4164 1720 4233 evangelica:
1747 4164 1962 4216 veritati
2013 4161 2106 4213 mi-

535 4272 653 4311 rum
692 4257 744 4309 in
787 4257 1001 4310 modum
1039 4273 1133 4327 per
1159 4259 1337 4310 omnia
1378 4257 1749 4316 consentanei,
1791 4269 1895 4307 non
1929 4253 2101 4306 solum

536 4348 764 4416 amplius
794 4364 954 4416 quam
993 4358 1147 4403 antea
1184 4360 1237 4402 et
1267 4359 1550 4402 veneratus
1587 4363 1730 4409 sum,
1760 4355 1812 4400 et
1858 4343 2098 4412 suspexi,

2207 1887 2316 1930 tum
2355 1893 2382 1930 a
2417 1879 2606 1946 paucis
2637 1877 2762 1944 legi,
2795 1893 2821 1929 a
2851 1878 3122 1947 plerisque
3153 1879 3299 1947 parvi
3333 1878 3476 1942 duci,
3504 1893 3533 1931 a
3562 1879 3788 1933 nonnul-

2153 1995 2160 1999 ~
2202 1970 2266 2023 lis
2287 1971 2582 2023 etiamnum
2613 1970 2692 2038 (ut
2717 1979 2840 2023 sunt
2859 1971 3101 2038 quidam,
3123 1971 3211 2037 qui
3237 1970 3399 2023 anilia
3431 1983 3780 2040 nugamenta,

2203 2062 2589 2131 hominumque
2621 2062 2830 2114 somnia
2876 2062 3050 2128 plenis
3088 2062 3275 2114 buccis
3315 2060 3571 2125 efferunt,
3597 2077 3786 2116 sacras

2202 2159 2382 2204 autem
2415 2151 2622 2205 litteras
2646 2166 2777 2205 uaso
2803 2152 3178 2220 suspendunt),
3201 2152 3498 2206 scurriliter
3521 2154 3781 2207 derideri.

2202 2239 2333 2294 Nam
2379 2243 2505 2295 mihi
2546 2242 2793 2296 videntur
2834 2258 2938 2295 non
2980 2244 3254 2296 mediocre
3292 2258 3484 2297 munus
3525 2243 3577 2295 in
3627 2243 3787 2298 Chri-

2201 2334 2433 2387 stianant
2469 2335 2860 2403 rempublicam
2903 2334 3155 2388 conferre
3201 2336 3290 2402 qui
3323 2335 3650 2404 evangelicis
3681 2350 3782 2389 au-

2201 2425 2441 2480 ctoribus
2485 2425 2537 2479 in
2592 2425 2766 2479 lucem
2812 2426 3066 2479 eruendis
3105 2426 3408 2495 invigilant,
3449 2427 3648 2494 quique
3685 2441 3783 2482 ceu

2201 2520 2265 2572 ad
2297 2518 2601 2571 Solomonis
2647 2517 2904 2586 templum
2946 2518 3358 2580 exstrueudum,
3398 2517 3604 2586 lapides
3644 2535 3790 2572 com-

2201 2620 2418 2680 portant
2448 2611 2762 2678 quadratos,
2787 2607 2906 2678 ‘quo
2942 2609 3246 2662 sinceritati
3277 2610 3600 2679 evangelicae
3626 2612 3783 2678 (proh

2201 2703 2406 2772 dolori)
2442 2702 2684 2770 quotidie
2712 2701 2976 2756 relabenti
3008 2701 3086 2754 vel
3118 2711 3390 2770 utcunque
3417 2702 3629 2770 possint
3653 2717 3786 2756 con-

2201 2795 2398 2848 sulere.
2451 2795 2720 2848 Czeterum
2763 2793 2851 2846 vix
2886 2792 3030 2845 aliud
3067 2807 3222 2860 opus,
3255 2795 3550 2847 secundum
3605 2804 3784 2848 tamen

2201 2902 2386 2941 sacras
2428 2885 2660 2949 litteras,
2703 2886 2812 2953 jam
2859 2895 3075 2939 exstare
3118 2885 3354 2948 credam,
3383 2887 3524 2954 quod
3561 2887 3785 2954 perinde

2202 2978 2449 3031 manibus
2476 2979 2713 3031 omnium
2753 2977 2850 3032 teri
2893 2977 3108 3040 referat,
3159 2987 3322 3046 atque
3356 2979 3453 3030 hos
3495 2978 3783 3032 Athanasii

2202 3069 2668 3133 Commentarios;
2703 3069 2822 3131 hos,
2866 3069 3081 3137 inquam
3110 3111 3122 3132 ,
3163 3079 3215 3121 et
3244 3069 3592 3138 apostolicam
3643 3071 3782 3123 resi-

2207 3162 2412 3229 pientes
2437 3161 2682 3225 salivam,
2711 3169 2761 3213 et
2807 3159 3028 3212 minime
3057 3159 3321 3213 dor-trinis
3352 3160 3653 3229 gentilium,
3688 3162 3782 3214 sed

2205 3252 2328 3307 Jesu
2366 3252 2565 3308 Christi
2617 3252 2927 3306 Servatoris
2969 3252 3141 3306 nostri
3194 3253 3532 3306 suavissimis
3577 3268 3785 3320 prince-

2207 3343 2474 3412 ptionibus
2521 3343 2920 3397 onustissimos.
2967 3340 3100 3394 Nam
3143 3349 3502 3408 praeterquam
3555 3342 3699 3410 quod
3729 3345 3781 3396 in

2205 3429 2284 3484 eis
2313 3445 2521 3484 morum
2552 3429 3003 3491 Christianorum,
3045 3438 3098 3483 et
3143 3431 3264 3482 vita:
3311 3430 3549 3498 purioris
3590 3446 3780 3485 exem-

2206 3521 2288 3591 pla
2315 3533 2721 3592 proponuntur;
2763 3523 2828 3574 ad
2857 3521 3288 3592 cognoscendam
3323 3530 3434 3575 tum
3468 3521 3618 3577 Pauli
3655 3540 3783 3594 erga

2205 3613 2402 3668 fratres
2425 3629 2584 3683 quam
2607 3612 3082 3683 flagrantissimam
3110 3615 3454 3678 charitatem,
3478 3625 3590 3668 tum
3615 3618 3785 3684 ipsius

2205 3720 2473 3759 aerumnas
2514 3713 2569 3758 et
2597 3703 2902 3757 exantlatos
2931 3705 3163 3767 labores,
3191 3721 3308 3773 qua:
3329 3707 3397 3759 ob
3420 3705 3511 3760 Dei
3536 3721 3781 3762 amorem

2205 3811 2491 3866 perpessus
2520 3797 2609 3857 sit,
2645 3796 2877 3849 maxime
2909 3796 3159 3850 videntur
3200 3799 3531 3854 conducere.
3576 3801 3783 3858 Deinde

2204 3902 2266 3942 ea
2296 3888 2347 3940 in
2372 3887 2704 3941 enucleando
2730 3889 2938 3956 puritas
2971 3898 3024 3942 et
3067 3890 3263 3958 pictas,
3291 3905 3354 3943 ea
3386 3891 3438 3944 in
3485 3892 3784 3949 abstrusio-

2206 3981 2353 4035 ribus
2396 3980 2644 4034 sensibus
2681 3982 2930 4035 eruendis
2979 3983 3282 4048 subtilitas,
3332 3984 3385 4038 id
3442 3985 3674 4055 denique
3726 3989 3781 4043 in

2205 4075 2362 4128 dictis
2386 4085 2437 4128 et
2461 4074 2747 4143 paradoxis
2774 4077 3002 4142 pondus,
3033 4087 3088 4130 ut
3123 4094 3227 4131 non
3258 4081 3455 4147 possim
3491 4097 3594 4135 non
3643 4085 3776 4139 mihi

2207 4177 2354 4218 certo
2381 4169 2725 4234 persuadere,
2755 4167 2916 4220 hosce
2950 4169 3167 4237 quidem
3198 4169 3629 4226 Commentarios
3659 4174 3782 4244 Spi-

2208 4259 2309 4309 ritu
2334 4268 2519 4311 sancto
2541 4259 2777 4312 dictante
2805 4259 2975 4313 fuisse
2999 4263 3356 4329 conscriptos.
3383 4263 3778 4334 Quamobrem,

2180 4349 2428 4400 'cnudide
2456 4348 2666 4412 Lector,
2703 4364 3044 4419 nequaquam
3086 4353 3303 4415 mirum,
3337 4353 3379 4405 si
3414 4353 3464 4405 in
3511 4356 3590 4408 eis
3630 4372 3782 4411 recu-

533 4454 721 4495 verum
754 4441 915 4493 etiam
963 4441 1251 4494 admodum
1295 4441 1379 4510 pie
1423 4440 1782 4508 religioseque
1829 4437 2100 4490 facturum
2135 4469 2179 4523 Β
2210 4439 2397 4493 dendis
2419 4449 2471 4493 et
2497 4451 2741 4509 sumptus
2767 4441 3054 4496 fecerimus
3081 4458 3186 4496 non
3219 4443 3541 4508 mediocres,
3567 4456 3620 4498 et
3652 4462 3780 4516 ope-

533 4531 860 4598 existimavi,
897 4532 938 4586 si
969 4532 1381 4586 accuratissima
1411 4547 1532 4585 cum
1562 4529 1837 4600 diligentia
1867 4529 2104 4596 castiga-

533 4632 638 4687 tos,
666 4623 865 4678 uostris
893 4624 1320 4687 character-ibus,
1349 4623 1454 4676 Deo
1486 4624 1678 4691 gratia,
1713 4621 1853 4674 haud
1883 4619 2103 4673 omnino

534 4714 966 4776 contemnendis,
1024 4715 1136 4781 ipse
1194 4712 1483 4766 tradendos
1531 4726 1815 4775 curarent,
1873 4722 2102 4764 excuses

530 4803 674 4870 justo
723 4804 896 4870 pretio
944 4805 1321 4869 distraherent,
1371 4805 1688 4858 emendatos
1730 4802 1853 4856 boni
1891 4801 2103 4869 quique

535 4895 826 4949 studiosius
858 4897 1186 4950 evnlverent.
1230 4895 1400 4950 Porro
1445 4905 1502 4948 ut
1549 4899 1614 4950 de
1659 4908 1825 4964 opere
1857 4889 2103 4946 nonnihil

534 4989 817 5057 attingam,
872 4989 1024 5042 initio
1054 4990 1270 5058 quidem
1321 4993 1387 5042 ab
1416 5003 1480 5041 eo
1517 4987 1822 5040 recudendo
1867 4986 2104 5036 deterre-

535 5081 694 5132 batur
716 5080 926 5134 animus
954 5096 968 5133 :
995 5082 1186 5150 partim
1217 5082 1357 5149 quod
1382 5096 1485 5134 non
1513 5080 1643 5132 satis
1671 5075 1892 5129 vetustis
1924 5090 2105 5128 exem-

534 5170 774 5239 plaribus
807 5172 1102 5228 instructus
1132 5189 1331 5239 essem,
1360 5172 1553 5240 quibus
1583 5169 1634 5221 in
1663 5166 1924 5233 ejusmodi
1960 5181 2101 5232 pra:-

537 5261 721 5314 sertitn
754 5263 1094 5316 sanctissimo
1129 5264 1342 5332 negotio
1386 5277 1520 5330 opus
1555 5268 1694 5322 erat,
1733 5255 1927 5326 partim
1961 5255 2103 5323 quod

537 5353 670 5406 adeo
710 5355 914 5409 mendis
959 5357 1200 5410 scatebat
1241 5352 1562 5413 innumeris,
1607 5359 1664 5403 ut
1707 5350 1965 5401 lectorem
2017 5346 2101 5400 vel

535 5443 954 5497 eruditissimum
978 5445 1028 5498 in
1055 5444 1327 5514 plerisque
1349 5442 1483 5494 locis
1510 5438 1770 5493 remorari
1797 5437 2096 5504 potuisset:

537 5542 715 5585 tamen
766 5534 1057 5588 absurdum
1107 5536 1307 5588 ducens
1354 5542 1409 5586 et
1452 5529 1754 5599 indignum,
1806 5536 1912 5580 tam
1958 5527 2102 5594 pium

535 5636 690 5690 opus,
721 5633 826 5678 tam
876 5626 1115 5693 elegans,
1150 5636 1256 5679 tam
1297 5623 1651 5686 luculentum,
1707 5620 1760 5674 in
1815 5619 2104 5676 oblivionis

537 5714 798 5779 gremium
847 5717 1218 5785 consepultum
1269 5716 1356 5778 iri,
1394 5712 1558 5766 malui
1595 5711 1676 5764 vel
1710 5711 1967 5764 nonnulla
2027 5712 2103 5766 rei

539 5804 819 5860 familiaris
839 5807 1070 5875 jactura,
1100 5809 1274 5861 denuo
1297 5805 1540 5861 studiose
1580 5803 1911 5871 recognitum
1945 5804 1997 5857 iu
2027 5804 2101 5858 luo

2209 4546 2320 4584 ram
2348 4546 2506 4601 supra
2539 4547 2696 4598 quam
2725 4533 2828 4586 dici
2863 4535 3034 4602 possit
3067 4534 3324 4600 majorem
3360 4534 3589 4590 libenter
3625 4539 3782 4593 adhi-

2205 4623 2500 4678 buerimus.
2537 4623 2702 4678 Porro
2735 4624 2846 4677 haec
2885 4625 3284 4679 Commentaria
3318 4627 3500 4681 sintne
3544 4630 3781 4685 Athana-

2205 4712 2294 4775 sii,
2320 4723 2410 4765 aut
2438 4712 2752 4781 cujusquam
2785 4715 3027 4777 alterius,
3059 4717 3140 4768 vel
3162 4717 3274 4783 jam
3308 4716 3448 4770 inter
3472 4718 3777 4776 litterarum

2206 4803 2538 4870 professores
2570 4804 2744 4872 agitur
2769 4806 3165 4868 controversia,
3197 4816 3249 4859 et
3279 4815 3336 4859 ut
3357 4807 3430 4859 ait
3460 4808 3569 4874 ille,
3597 4811 3780 4866 adhuc

2208 4895 2310 4946 sub
2342 4892 2520 4959 judice
2567 4894 2632 4946 lis
2660 4905 2762 4946 est.
2806 4894 2918 4947 Non
2967 4895 3110 4947 cnim
3146 4897 3360 4961 desunt,
3389 4899 3480 4966 qui
3524 4899 3603 4952 vel
3644 4916 3782 4970 qua-

2206 4981 2327 5034 dam
2366 4983 2771 5049 pervicacitate,
2810 4985 3040 5037 audeant
3069 5001 3131 5038 ea
3169 4987 3574 5058 Theophylacto
3615 4994 3784 5045 ascri-

2207 5072 2354 5132 bere,
2384 5088 2584 5138 quem,
2623 5083 2682 5126 ut
2729 5089 2880 5127 suam
2930 5085 3182 5131 tueantur
3233 5082 3578 5145 sententiam,
3619 5086 3782 5139 modo

2207 5163 2540 5229 Vulgarium,
2567 5166 2724 5218 modo
2751 5165 3058 5236 Bulgarium
3092 5171 3269 5224 solere
3290 5173 3466 5225 vocari
3489 5185 3775 5232 astruunt;

2207 5252 2537 5306 adducentes
2575 5253 2738 5307 etiam
2778 5255 2850 5318 id,
2901 5265 3161 5324 tauquam
3212 5274 3321 5311 suas
3372 5260 3646 5325 opinionis
3687 5262 3781 5315 fir-

2206 5343 2506 5398 missimum
2543 5345 2843 5411 cardinem,
2884 5347 3138 5401 Basilium
3170 5349 3222 5402 in
3250 5349 3329 5403 eis
3362 5349 3781 5408 Commentariis

2206 5436 2402 5504 saepius
2435 5435 2634 5500 induci,
2669 5452 2828 5504 quem
2867 5447 3044 5492 tamen
3080 5440 3367 5504 Eusebius,
3399 5442 3447 5495 si
3477 5452 3624 5496 recte
3655 5447 3780 5514 qui-

2207 5527 2326 5581 dem
2361 5528 2825 5592 animadverterit,
2863 5529 3028 5583 fuisse
3053 5531 3352 5586 Athanasio
3367 5535 3780 5602 .posteriorem,

2207 5633 2453 5671 asserere
2484 5619 2703 5672 minime
2734 5630 2971 5674 veretur.
3012 5621 3077 5675 Et
3115 5623 3244 5678 hinc
3279 5624 3343 5678 lis
3376 5634 3430 5679 et
3463 5637 3784 5682 controver-

2207 5711 2310 5764 sia.
2345 5709 2455 5779 Ego
2487 5711 2672 5778 igitur,
2700 5715 2918 5779 quando
2955 5712 3068 5779 jam
3105 5714 3283 5768 adhuc
3309 5731 3426 5769 sunt
3471 5717 3781 5771 litterarum

2211 5813 2403 5871 mysta,
2442 5813 2602 5870 atque
2637 5804 2774 5860 inter
2807 5805 3019 5860 illarum
3051 5809 3289 5864 colentes
3333 5809 3418 5864 vel
3453 5824 3584 5866 sane
3625 5811 3789 5866 mini-
