3998 6534
1324 365 1832 430 ΡΒΑΞΡΑΉΟΝΕΞ
1871 375 2209 445 VETERES.
3358 410 3422 459 ιι.

148 493 258 548 mus,
280 490 563 534 censuram
598 489 803 532 meam
841 477 990 534 inter
1021 486 1096 534 tot
1128 489 1412 552 tantosque
1439 487 1585 542 viros
1619 502 1715 542 uo-
1748 495 1794 551 A
1824 500 1930 547 tam
1954 496 2126 550 amica
2155 498 2450 567 paraenesis
2476 508 2529 555 et
2554 500 2865 559 adhortatio
2889 505 2973 561 vix
3001 508 3160 565 tidem
3190 513 3402 571 factura

150 575 215 628 im
262 572 667 638 interponere:
714 578 915 625 tamen
967 571 1012 626 si
1066 571 1188 641 quis
1243 574 1498 641 privatim
1557 590 1720 649 atque

147 662 283 717 altrice
327 674 408 713 me
443 669 626 727 roget,
662 660 975 728 cujusnam
1013 677 1133 717 esse
1162 663 1421 731 arbitrer,
1460 670 1716 725 auderem

146 754 517 823 reljuramento
549 754 833 822 apposito
869 757 1221 825 respondere,
1264 759 1466 816 nullius
1496 763 1716 831 quidem

146 846 323 899 omnino
340 843 585 898 alterius
610 859 777 910 esse,
799 855 1164 916 praterquam
1189 850 1493 917 Athanasii,
1520 864 1719 910 utcun-

146 952 223 1007 que
246 937 438 990 varient
466 936 730 992 haereses
761 947 821 993 et
852 942 1155 1005 sententiae,
1195 942 1298 997 hoc
1321 958 1453 999 sane
1478 948 1715 1003 maximo

142 1037 432 1101 “summm
482 1029 642 1098 ("md
694 1031 756 1084 ίη
812 1030 1211 1102 Theol’hYlacti
1266 1034 1713 1104 Commentariis,

143 1138 231 1193 qua:
250 1123 293 1174 in
314 1119 555 1174 Paulum
587 1119 809 1188 edidit,
849 1130 907 1178 et
944 1123 1052 1188 his,
1100 1139 1220 1193 quae
1252 1126 1407 1181 titulo
1435 1129 1712 1186 Athanasii

143 1212 575 1278 circumferuntur,
610 1216 783 1269 varia
820 1216 1065 1286 phrasis,
1093 1217 1280 1273 varius
1312 1217 1507 1290 stylus,
1545 1223 1713 1278 varia:

141 1306 427 1376 frequentius
455 1310 773 1363 sententiae
798 1326 817 1362 :
850 1318 903 1364 et
937 1310 1038 1365 hoc
1075 1320 1188 1365 tum
1222 1312 1288 1366 in
1321 1312 1554 1381 Graecis,
1591 1324 1704 1370 tum

140 1402 302 1456 Latinis
328 1401 644 1456 codicibus.
687 1402 861 1470 Quod
903 1418 1026 1459 cum
1065 1404 1137 1459 ita
1189 1405 1280 1469 sit,
1321 1406 1621 1473 praesertim
1657 1407 1709 1461 in

138 1495 398 1563 opinionum
428 1493 798 1561 discrimine,
842 1496 935 1565 qui
974 1495 1089 1550 fieri
1136 1504 1334 1565 potest,
1366 1506 1423 1551 ut
1453 1512 1517 1552 ea
1560 1513 1711 1553 com-

137 1586 352 1639 mentaria
388 1586 616 1654 possint
661 1586 1088 1657 Theophylacto
1120 1587 1426 1643 vindicari?
1458 1589 1706 1644 Aliorum

136 1688 273 1733 tamen
306 1686 420 1733 esto
439 1677 730 1746 judicium
768 1696 783 1732 :
816 1692 944 1731 nam
973 1677 1091 1746 ejus
1131 1678 1211 1733 rei
1247 1679 1531 1735 veritatem
1567 1680 1710 1736 haud

134 1772 253 1841 plane
274 1785 484 1840 possum
515 1772 781 1841 assequi.
804 1770 1034 1838 Verum,
1060 1773 1264 1840 optime
1286 1772 1480 1840 lector,
1503 1790 1710 1845 nequa-

1824 585 1915 640 sit.
1972 586 2151 641 Malim
2206 590 2353 643 enim
2408 592 2580 648 multo
2632 604 2805 650 marte
2854 601 3074 669 proprio
3129 605 3408 675 quidpiam

1822 680 2178 735 commentari
2217 690 2272 737 et
2304 691 2616 751 contexere,
2641 702 2803 756 quam
2829 700 3106 746 auctorem
3135 695 3409 766 deprava-

1821 778 1933 824 tum
1970 786 2242 841 germanae
2277 777 2330 829 et
2364 789 2509 831 vera:
2555 777 2775 835 lectioni
2812 781 3060 838 reddere.
3101 785 3275 853 Quam
3324 791 3412 845 ni-

1819 862 2016 916 mirum
2058 864 2391 932 provinciam
2422 868 2669 938 plerique
2718 874 2804 930 vel
2854 876 3214 934 eruditissimi
3260 882 3404 937 refu-

1818 953 1990 1023 giunt,
2039 956 2275 1011 scientes
2303 961 2433 1027 quia
2469 963 2823 1021 emolumenti
2869 982 3061 1037 parum
3107 971 3293 1041 habet,
3338 975 3415 1029 la-

1818 1044 1965 1099 boris
1994 1061 2127 1101 vero
2154 1058 2207 1102 et
2232 1050 2520 1107 calumnitc
2548 1054 2843 1124 plurimum
2865 1076 2879 1112 :
2901 1059 3019 1127 sed,
3054 1070 3112 1115 ttt
3140 1061 3251 1131 jam
3284 1082 3417 1136 pra:-

1816 1136 1960 1192 fatus
1991 1154 2136 1206 sum,
2173 1143 2339 1197 etiam
2392 1146 2507 1199 haec
2540 1147 2725 1204 decies
2773 1152 3030 1221 repetita,
3067 1154 3161 1210 vix
3192 1159 3418 1216 tandem

1815 1232 2167 1300 syeophantis
2193 1236 2519 1304 quibusdam
2560 1243 2879 1309 persuaderi
2915 1256 3196 1315 poterunt.
3228 1250 3419 1323 Neque

1813 1339 1943 1378 vero
1972 1334 2129 1394 putes
2166 1340 2266 1381 nos
2297 1329 2525 1384 mendas
2559 1332 2615 1385 in
2643 1334 2966 1391 universum
3002 1354 3197 1396 omnes
3235 1353 3423 1398 sustu-

1814 1415 1942 1471 lisse
1971 1417 2119 1487 (nam
2174 1418 2320 1487 quis,
2361 1421 2445 1475 vei
2483 1423 2615 1477 olim
2669 1427 3026 1485 doctissimus
3061 1432 3112 1486 id
3151 1446 3418 1503 praestare
3472 1448 3481 1464 ‘

1811 1511 2032 1599 posset?
2051 1518 2091 1579 ),
2125 1515 2220 1566 sed
2250 1513 2388 1569 adeo
2419 1515 2471 1568 itt
2506 1510 2568 1571 ea
2602 1532 2661 1573 re
2688 1534 2790 1575 nos
2817 1524 3121 1590 sudavisse,
3151 1538 3211 1583 ut
3247 1545 3413 1599 opera

1812 1595 1981 1651 multo
2033 1599 2376 1654 emunctiora
2438 1602 2919 1677 luculentioraque
2971 1628 3116 1670 nunc
3167 1595 3412 1687 habeas,

1812 1703 1971 1757 quam
2002 1698 2160 1745 antea
2188 1691 2271 1747 vel
2314 1708 2382 1748 ex
2411 1693 2641 1760 Gallica,
2688 1701 2773 1754 vel
2806 1699 3139 1761 Germanica
3168 1708 3412 1766 editione

1812 1781 2336 1839 circumferebantur
2369 1804 2383 1842 :
2417 1796 2472 1842 et
2522 1789 2667 1845 hanc
2720 1794 3089 1852 recentiorem
3135 1813 3201 1854 eo
3255 1801 3403 1857 cultu

134 1878 254 1932 quam
279 1862 511 1919 nominis
536 1858 836 1919 rationem
868 1865 1066 1920 habeto
1095 1883 1110 1921 :
1140 1875 1304 1937 atque
1331 1866 1382 1921 id
1412 1883 1577 1922 unum
1613 1869 1705 1923 tibi
1742 1844 1784 1898 Β
1811 1873 2061 1942 prodire,
2106 1883 2166 1927 ut
2215 1876 2386 1931 veleri
2437 1879 2661 1934 omnino
2708 1881 3029 1938 dissimilem
3089 1888 3401 1945 arbitreris.

132 1954 363 2023 persuade,
406 1954 807 2025 cujuscunque
858 1955 1080 2011 tandem
1128 1957 1260 2023 sint,
1315 1958 1455 2012 nihil
1506 1969 1708 2028 praeter

134 2046 352 2114 pietatem,
376 2057 593 2117 praeter
622 2047 988 2118 religionem,
1013 2048 1246 2118 denique
1278 2060 1474 2119 praeter
1500 2052 1709 2106 sancti-

135 2146 257 2190 tatem
287 2137 347 2193 iis
378 2138 567 2195 inesse
597 2157 613 2194 :
648 2138 953 2208 multoque
993 2139 1156 2193 aliam
1191 2140 1304 2195 illic
1347 2141 1565 2197 vivendi
1616 2157 1705 2197 ra—

137 2229 286 2283 tionem
308 2229 552 2301 depingi,
592 2244 776 2302 quam
820 2245 974 2286 nunc
1007 2232 1271 2301 temporis
1302 2233 1655 2289 observemus
1686 2252 1698 2288 :

136 2329 411 2397 tamtamen
457 2322 744 2378 Servatur
804 2333 1000 2378 noster
1047 2322 1299 2378 Christus
1339 2326 1555 2379 tandem
1601 2326 1703 2379 ali-

136 2416 302 2484 quando
332 2425 382 2470 et
405 2417 594 2472 redire
621 2426 680 2471 et
705 2412 1075 2471 reﬂorescere
1092 2416 1303 2486 jubeat.
1333 2414 1478 2472 Sane
1507 2418 1551 2473 si
1587 2418 1705 2487 plu-

136 2508 284 2562 rituum
314 2508 570 2565 laudibus
600 2508 888 2565 efferendi
923 2517 1049 2563 sunt
1079 2509 1136 2574 ii,
1168 2510 1260 2579 qui
1292 2525 1445 2565 sacra
1478 2511 1704 2580 potissi-

136 2614 244 2653 mum
270 2609 521 2668 metant,
548 2602 774 2672 quique
808 2597 1092 2655 coelestem
1122 2600 1322 2655 callent
1354 2602 1697 2671 sapientiam,

137 2691 241 2746 inter
278 2693 369 2749 hos
416 2694 691 2749 nimirum
748 2691 1096 2747 Athanasius
1154 2694 1360 2761 primus
1419 2708 1700 2748 commen-

138 2782 295 2839 dandus
334 2786 503 2853 venit,
556 2786 733 2855 eique
786 2784 976 2853 palma
1021 2783 1145 2852 jure
1192 2783 1507 2839 deferenda.
1564 2782 1698 2838 Nam

138 2874 239 2943 apud
266 2874 395 2930 hunc
427 2877 571 2931 adeo
623 2884 765 2930 sunt
813 2872 1001 2928 omnia
1055 2874 1237 2927 divine
1283 2874 1509 2944 scripta,
1563 2874 1700 2930 adeo

138 2976 227 3018 sunt
253 2964 454 3036 ingenio
487 2977 661 3037 atque
710 2976 842 3020 arte
879 2965 1204 3033 composita,
1241 2966 1379 3020 adeo
1414 2966 1611 3019 mirum
1643 2966 1698 3021 in

139 3059 341 3128 exemplis
384 3060 660 3132 eligendis
710 3058 1013 3129 judicium,
1054 3065 1111 3112 ut
1165 3057 1281 3111 fieri
1337 3072 1445 3112 non
1494 3058 1696 3128 possit,

138 3152 231 3218 qun
268 3154 487 3208 subinde
534 3152 843 3222 occuperis
898 3150 954 3205 itt
992 3150 1408 3219 contemplanda
1444 3151 1561 3221 ejus
1591 3150 1693 3205 viri

137 3233 412 3301 sublimitate
450 3262 465 3300 :
508 3245 675 3310 tanti,
712 3245 975 3311 inquam,
1016 3250 1075 3296 ut
1112 3243 1165 3297 in
1197 3244 1549 3298 enarratione
1580 3257 1695 3297 cce-

138 3334 299 3392 lestium
331 3339 732 3410 mysteriorum
766 3334 922 3391 velut
979 3322 1144 3390 solem
1188 3336 1475 3405 quemdam
1511 3336 1693 3405 suspi-

138 3430 254 3485 ciam.
277 3430 474 3499 Quare,
511 3434 782 3492 obsecro,
837 3429 1087 3497 quaedam
1135 3428 1355 3483 brevius
1398 3428 1690 3498 percurrit,

137 3524 325 3588 quadam
364 3525 699 3593 tempestive
746 3519 1031 3583 enueleat,
1075 3532 1263 3575 rursus
1295 3520 1541 3590 quaedam
1588 3535 1693 3575 sae-

137 3612 223 3679 pius
246 3616 465 3684 repetit?
517 3615 598 3670 Ne
634 3611 948 3683 legentium
1001 3611 1258 3666 memoria
1299 3611 1574 3666 excidant.
1626 3610 1693 3665 Et

139 3703 217 3758 hac
239 3709 443 3775 quidem
471 3708 537 3762 de
575 3715 815 3760 auctore
840 3716 856 3755 :
885 3702 952 3756 de
975 3700 1253 3758 laboribus
1282 3715 1413 3756 vero
1443 3712 1495 3755 et
1521 3701 1689 3756 sudo-

139 3794 246 3850 ribus
288 3798 334 3852 in
369 3814 499 3853 eum
551 3798 851 3868 impensis,
898 3811 1069 3864 pauca
1120 3794 1411 3865 perstricte
1451 3792 1682 3846 dicenda

138 3898 243 3942 sunt.
264 3891 435 3959 Atque
468 3890 523 3943 in
552 3890 755 3960 primis
788 3886 958 3942 tantis
994 3886 1286 3942 sudoribus
1320 3884 1453 3939 mihi
1487 3883 1693 3938 consti-

137 3977 195 4040 tit,
224 3990 270 4032 ut
302 3981 385 4035 vel
428 3981 803 4051 jurejurando
844 3979 1118 4035 afﬁrmare
1149 3978 1376 4033 audeam
1410 3991 1690 4047 nunquam

137 4071 394 4144 Herculem,
452 4086 513 4130 ut
566 4073 897 4128 fabulantur
946 4081 1137 4143 poelze,
1192 4080 1301 4125 tam
1362 4069 1692 4125 sustinuisse

134 4160 287 4222 laboris
343 4167 395 4221 in
440 4166 638 4237 Augiae
676 4163 902 4219 stabulo
954 4158 1322 4232 repurgando,
1359 4176 1520 4230 quam
1572 4170 1689 4214 tum

130 4254 264 4312 hocin
309 4261 515 4331 negotio
546 4259 686 4314 inihi
720 4256 1067 4311 tolerandum
1101 4255 1265 4310 fuerit
1294 4272 1308 4309 :
1336 4256 1469 4309 adeo
1491 4264 1550 4309 ut
1575 4264 1687 4308 tre-

132 4361 273 4406 centos
314 4352 533 4422 amplius
564 4363 796 4407 errores
826 4347 955 4401 inde
986 4348 1323 4402 sustulerim.
1356 4348 1509 4413 Quod
1545 4344 1685 4400 haud

133 4442 252 4499 dubie
300 4446 467 4515 possis
506 4454 879 4515 cognoscere,
927 4438 973 4494 si
1002 4438 1219 4517 collatis
1254 4437 1685 4507 exemplaribus,

134 4535 380 4601 periculum
435 4535 667 4593 feceris.
736 4531 955 4587 Etenim
1020 4530 1279 4599 quiddam
1346 4529 1487 4584 haud
1549 4544 1758 4611 saueD

133 4633 309 4687 omnino
344 4630 653 4705 paenitendi
721 4626 1308 4698 prmstitiuiuszatqtte
1352 4641 1457 4680 non
1514 4641 1681 4696 pauca

132 4723 314 4788 priStiuo
344 4737 449 4781 tum
485 4722 729 4780 candori
779 4731 893 4775 tum
936 4720 1121 4774 sensui
1171 4719 1546 4784 restituituus;
1591 4719 1683 4773 sed

135 4812 170 4868 id
198 4820 464 4887 opitulante
496 4816 774 4875 Christo:
806 4828 909 4869 nos
937 4814 1081 4869 enim
1134 4828 1203 4868 ne
1240 4813 1523 4867 minimum
1558 4813 1683 4882 qui-

133 4908 219 4960 dem
243 4911 353 4967 boni
396 4926 461 4967 ex
500 4910 672 4965 nobis
720 4907 854 4976 ipsis
908 4914 1196 4976 possumus
1226 4902 1462 4968 efﬁcere,
1495 4912 1682 4971 utpote

132 4995 352 5069 homines;
388 5003 493 5058 hoc
525 5009 638 5064 est,
684 4997 807 5071 plus
849 4996 1003 5051 carni
1037 4996 1263 5060 addicti,
1300 4996 1467 5063 quam
1513 4994 1677 5064 spiri-

134 5085 203 5136 tui.
227 5086 279 5141 Et
308 5105 434 5144 sane
462 5090 719 5144 libenter
746 5085 975 5140 labores
1004 5084 1168 5137 tacite
1196 5082 1560 5152 praeterirem,
1587 5082 1681 5153 qui

132 5176 245 5231 nobis
279 5180 325 5234 in
355 5181 741 5250 qualicunque
787 5174 1178 5232 emendatione
1222 5173 1555 5241 suscipiendi
1590 5188 1684 5227 ve-

132 5277 296 5333 nerunt,
343 5286 411 5326 ne
461 5269 709 5325 forsitan
766 5266 1023 5334 cuiquam
1078 5278 1296 5318 moroso
1351 5262 1681 5332 gloriosulus

132 5364 564 5425 appareremrsed
617 5358 892 5430 quoniam
949 5356 1103 5424 pauci
1162 5355 1455 5410 admodum
1511 5363 1678 5418 sunt,

131 5448 192 5512 qui
217 5461 339 5507 recte
386 5456 608 5510 labores
651 5450 963 5510 aestiment,
1007 5462 1145 5518 quos
1190 5448 1470 5502 veteribus
1514 5448 1679 5501 resti-

130 5544 291 5601 tuendis
324 5550 651 5605 auctoribus
708 5542 1038 5613 impendere
1085 5540 1376 5606 convenit,
1423 5539 1527 5594 nisi
1579 5538 1677 5609 qui

126 5632 354 5705 aliqttando
396 5643 449 5698 in
501 5640 707 5697 eadem
754 5636 1013 5708 palaestra
1057 5631 1460 5697 dimicaveriut,
1495 5631 1671 5685 visum

124 5730 178 5771 est
200 5734 237 5775 te
259 5731 434 5793 paucis
463 5744 641 5800 super
692 5742 761 5782 ea
809 5738 871 5777 re
899 5720 1376 5777 commonefacere
1408 5737 1422 5774 :
1455 5717 1670 5773 tametsi

122 5824 195 5867 nan
218 5818 371 5875 desint
402 5822 640 5892 quidam
668 5814 1106 5874 calumniatores
1133 5812 1307 5882 impii,
1331 5810 1530 5879 quibus
1555 5809 1671 5864 haec

1811 1962 1955 2019 Sane
1995 1965 2175 2034 (quod
2230 1976 2412 2023 tamen
2465 1970 2603 2024 citra
2655 1974 3141 2043 reprehensionem
3194 1980 3398 2035 dictum

1807 2056 1989 2129 velim)
2041 2058 2155 2113 sive
2188 2057 2482 2126 Gallicum,
2524 2060 2642 2117 sive
2678 2062 3066 2121 Germanicum
3113 2069 3399 2140 exemplar

1808 2150 2015 2220 absque
2046 2152 2263 2219 punctis
2293 2154 2615 2209 decentibus
2659 2156 3028 2223 claudicabat,
3063 2158 3271 2229 absque
3299 2158 3393 2213 lit-

1805 2239 1939 2294 teris
1970 2239 2285 2310 majusculis
2312 2257 2411 2297 suo
2458 2244 2578 2298 loco
2610 2244 2999 2315 impingendis,
3042 2248 3259 2300 demum
3294 2262 3398 2303 ste-

1805 2329 1926 2399 pius
1973 2330 2177 2399 absque
2223 2332 2461 2387 artificio
2515 2336 2874 2403 grammatico
2903 2353 2917 2390 :
2946 2345 3000 2390 et
3027 2335 3097 2390 ibi
3136 2337 3393 2406 periodus

1804 2422 2115 2488 notabatur,
2148 2422 2236 2477 ubi
2266 2424 2497 2496 legentis
2526 2428 2751 2495 spiritus
2796 2427 3094 2483 deciderat.
3137 2427 3278 2484 Sunt
3307 2431 3393 2485 ni-

1805 2513 2095 2569 hilominus
2119 2515 2347 2571 forsitan
2377 2525 2431 2572 et
2469 2518 2521 2572 itt
2564 2517 2649 2572 his
2693 2518 3105 2574 charaCterihus
3137 2521 3390 2592 quaedam

1803 2606 2037 2660 erratula
2070 2622 2230 2676 :quzn
2268 2617 2445 2663 tamen
2489 2623 2711 2665 sensum
2760 2609 2958 2666 litterae
3006 2611 3229 2667 minime
3258 2627 3389 2681 pos-

1806 2707 1933 2751 sunt
1972 2698 2264 2767 invertere,
2300 2701 2345 2755 si
2388 2701 2635 2771 protinus
2663 2702 3029 2773 et‘diligeuter
3062 2704 3391 2759 emendave-

1803 2791 1898 2856 ris,
1927 2801 2115 2861 utpote
2143 2809 2174 2845 α
2205 2807 2303 2863 pro
2334 2810 2401 2859 re,
2428 2810 2461 2846 u
2496 2809 2592 2863 pro
2638 2811 2691 2860 η,
2721 2811 2746 2848 s
2776 2808 2874 2864 pro
2908 2795 2950 2864 [ς
2981 2804 3034 2849 et
3062 2804 3256 2850 caetera
3288 2794 3390 2848 hu-

1795 2882 2054 2954 jusmodi.
2089 2885 2166 2939 Ea
2194 2886 2358 2953 igitur
2382 2902 2504 2941 cum
2535 2888 2871 2958 benignitate
2897 2884 3060 2942 simul
3088 2896 3142 2943 et
3171 2887 3387 2943 silentio

1801 2974 2114 3043 castigabis,
2166 2990 2273 3030 non
2309 2976 2615 3033 vociferans
2647 2987 2956 3033 erratorutn
2995 2978 3295 3049 plaustrum
3332 2986 3388 3034 te

1800 3065 2255 3134 deprehendisse:
2282 3067 2385 3123 hoc
2427 3069 2571 3123 enim
2622 3083 2727 3123 non
2765 3078 2848 3124 est
2890 3070 3209 3123 charitatem
3251 3069 3373 3122 inti-

1801 3154 1924 3221 tari,
1973 3170 2090 3224 qua:
2134 3157 2427 3223 neminem,
2455 3158 2624 3224 laedit,
2680 3160 2899 3229 prodest
2947 3159 3198 3213 omnibus
3226 3177 3239 3213 :
3267 3166 3381 3212 tum

1801 3255 1975 3301 tecum
2007 3256 2062 3302 et
2095 3249 2262 3302 tacite
2295 3250 2593 3318 reputabis,
2645 3265 2743 3305 nos
2776 3254 3073 3306 etiamnum
3123 3251 3378 3307 homines

1797 3347 1938 3398 esse,
1972 3334 2023 3388 id
2051 3344 2136 3389 est
2164 3333 2371 3390 lubrico
2400 3336 2659 3403 insidere,
2682 3339 3137 3408 quemadmodum
3168 3340 3377 3404 caeteri,

1797 3422 1888 3492 qui
1909 3423 2179 3491 possimus
2192 3433 2245 3478 et
2268 3424 2402 3491 falli,
2424 3434 2478 3479 et
2503 3426 2709 3482 fallere.
2727 3427 2928 3482 Bonam
2954 3437 3134 3483 tamen
3156 3430 3350 3485 menda
3364 3460 3386 3476 -

1796 3528 1916 3568 rum
1949 3521 2180 3584 partem,
2213 3515 2259 3570 si
2306 3530 2440 3585 quas
2467 3518 2911 3587 deprehenderis,
2939 3518 3371 3591 ehaleographizu

1795 3608 2201 3665 tumultuationi
2217 3609 2515 3667 vindicabis
2537 3629 2549 3666 :
2576 3610 2707 3664 nihil
2726 3611 2871 3665 enim
2890 3612 3025 3667 adeo
3042 3622 3204 3678 terse,
3226 3615 3385 3667 adeo-

1794 3711 1899 3767 que
1928 3712 2062 3768 pure
2093 3700 2291 3753 excudi
2338 3709 2533 3770 potest,
2582 3700 2713 3770 quin
2757 3716 2971 3773 semper
2999 3702 3203 3773 aliquid
3235 3703 3376 3757 coeni

1793 3806 1899 3845 non
1935 3801 2212 3846 remaneat
2241 3808 2255 3847 :
2284 3792 2377 3847 sed
2413 3793 2516 3848 hoc
2549 3803 2699 3850 certe
2746 3794 2881 3849 nulli
2929 3805 3129 3849 norunt
3167 3795 3377 3849 absolu-

1791 3884 2020 3951 tissime,
2053 3886 2153 3940 nisi
2188 3887 2278 3955 qui
2307 3887 2597 3957 aliquando
2624 3887 2857 3943 similem
2892 3889 3174 3943 nobiscum
3210 3888 3373 3943 telam

1791 3986 2210 4033 contexuerunt.
2251 3976 2332 4033 Ob
2377 3980 2721 4048 itnprimendi
2773 3981 3039 4050 siquidem
3092 3978 3374 4037 diiﬁculta-

1794 4078 1920 4136 tem,
1952 4070 2067 4125 fieri
2096 4084 2436 4140 nequaquam
2468 4079 2669 4140 potest,
2702 4082 2757 4127 ut
2790 4072 2873 4127 vel
2905 4087 3115 4127 summa
3152 4081 3207 4128 et
3242 4088 3372 4127 cura

1788 4172 1842 4218 et
1874 4164 2162 4219 sedulitate
2193 4165 2459 4233 apposita,
2490 4179 2594 4218 non
2625 4174 2803 4220 tamen
2828 4165 3027 4234 aliquid
3061 4174 3368 4221 erratorum

1790 4248 1932 4303 inter
1960 4250 2337 4304 excudendum
2370 4251 2593 4304 incidat.
2630 4251 2685 4305 ld
2717 4254 2863 4307 enim
2895 4254 3136 4307 omnium
3173 4252 3372 4308 suifra-

1787 4343 1889 4412 giis
1916 4351 1969 4397 et
2016 4342 2224 4398 calculo
2259 4344 2675 4412 comprobatum
2724 4353 2829 4409 est,
2865 4355 3126 4415 prmstare
3174 4359 3371 4414 nempe

1788 4450 1856 4489 ne
1900 4436 2003 4489 ulla
2049 4435 2300 4490 mendula
2347 4436 2397 4489 itt
2443 4450 2578 4505 opus
2626 4436 2846 4506 aliquod
2900 4438 3139 4506 irrepat,
3196 4438 3369 4493 multo

1789 4541 1919 4580 sane
1941 4526 2212 4582 dilIicilitts
2240 4544 2380 4591 esse,
2410 4543 2570 4597 quam
2606 4526 2691 4581 vel
2723 4525 2842 4580 Jovi
2868 4524 3068 4580 fulmen
3104 4528 3199 4596 (ita
3225 4527 3369 4581 enim

1788 4624 2033 4691 garriunt
2072 4621 2359 4675 mendaces
2390 4618 2586 4690 poetae)
2626 4618 2709 4672 vel
2752 4618 2962 4672 elaVam
3009 4619 3226 4674 llerculi
3275 4620 3373 4674 de-

1789 4714 2004 4767 trahere
2037 4728 2049 4765 :
2080 4713 2383 4781 praesertim
2412 4726 2533 4765 cum
2566 4711 2679 4764 sint
2714 4710 2849 4764 adeo
2892 4713 3108 4764 oeulate
3134 4725 3370 4779 perpen-

1787 4804 1959 4857 denda
2004 4803 2122 4856 cola
2168 4810 2224 4856 et
2257 4811 2548 4863 commata,
2602 4798 3001 4865 verborumque
3040 4797 3280 4865 phaleris
3315 4807 3372 4852 et

1786 4895 1952 4950 cultui
1980 4908 2368 4962 nonnunquam
2390 4890 2592 4946 diutius
2623 4889 3047 4953 immorandum,
3076 4890 3143 4942 ad
3177 4904 3373 4945 sensus

1790 4986 2185 5043 obscuritatem
2228 4983 2544 5041 eruendam.
2581 4983 2689 5038 Sed
2725 4984 2935 5038 utinam
2969 4984 3257 5036 verborum
3290 4979 3373 5034 lc-

1791 5080 2092 5144 uoeinium,
2137 5078 2223 5134 cui
2261 5088 2370 5134 tam
2420 5078 2573 5133 ntulti
2623 5077 2745 5147 plus
2790 5091 2947 5146 mque
2995 5075 3166 5131 dediti
3219 5081 3372 5137 sunt,

1790 5169 1980 5240 procul
2012 5170 2409 5239 ablegaremtts,
2452 5184 2568 5223 rem
2605 5182 2733 5223 vero
2772 5168 2945 5237 ipsam
2980 5166 3222 5236 pressius
3248 5178 3374 5234 per-

1784 5263 2021 5331 pendere
2066 5261 2283 5316 liberet.
2329 5260 2468 5314 Snnt
2505 5260 2655 5335 enim
2710 5259 2928 5327 quidam
2962 5255 3241 5317 curiosuli,
3278 5251 3371 5322 qui

1783 5354 1910 5407 dum
1973 5352 2265 5407 verborum
2343 5353 2666 5422 elegantiam
2727 5352 3047 5417 attendunt,
3118 5348 3368 5403 umbram

1782 5444 2050 5500 duntaxat
2078 5460 2260 5500 rerum
2292 5446 2601 5515 degustant.
2634 5444 2748 5500 Non
2779 5444 2921 5514 quod
2948 5442 3108 5497 velim
3141 5438 3367 5509 politum

1781 5544 1836 5591 et
1864 5548 2115 5591 ornatum
2150 5537 2363 5591 dicendi
2410 5551 2717 5591 sermonem
2769 5549 2887 5589 mea
2933 5544 3162 5601 censura
3207 5529 3369 5586 dam-

1781 5642 1915 5682 nare
1940 5646 1954 5683 :
1983 5629 2029 5684 si
2057 5628 2201 5683 enini
2238 5627 2340 5683 hoc
2381 5630 2573 5685 vellem
2617 5626 2969 5698 persuadere,
2998 5622 3217 5692 plurimi
3257 5631 3372 5677 sta--

1784 5721 1878 5776 tim
1913 5720 2279 5785 exorirentur,
2313 5720 2407 5790 qui
2438 5735 2523 5774 nte
2554 5718 2903 5774 retunderent
2928 5732 2943 5770 :
2970 5714 3062 5771 sed
3089 5714 3234 5787 quod
3261 5714 3370 5769 ini-

1781 5828 1889 5883 quo
1919 5812 2091 5867 feram
2137 5813 2344 5879 animo,
2392 5813 2521 5881 quia
2581 5820 2685 5865 tam
2724 5807 2898 5873 multi,
2929 5817 3089 5878 atque
3139 5807 3173 5863 ii
3233 5821 3371 5864 sane
