3998 6516
426 358 518 407 ιιν
1776 340 2308 401 PROLEGOMENA.

431 498 3654 530 mm

795 711 915 797 IN
994 711 1364 803 VITAM
1440 707 1854 797 SANCTI
1930 704 2579 795 ATHANASII
2657 703 3276 799 MONITUM.

503 1089 560 1145 1.
610 1083 760 1144 Sera
804 1080 1207 1160 querimonia
1255 1086 1447 1149 esset,
1487 1079 1848 1158 aequalibus
1899 1081 2255 1159 amicisque
2304 1079 2611 1142 Athanasi
2691 1095 2848 1142 vmo
2878 1095 3052 1152 dare,
3094 1083 3265 1160 quod
3322 1085 3481 1146 tanti
3524 1085 3642 1148 viri

423 1192 595 1260 gesta
633 1181 889 1244 silentio
935 1178 1485 1258 prmtermiseriut,
1538 1195 1751 1256 neque
1787 1179 1958 1242 ullus
2001 1179 2332 1241 familiaris
2365 1198 2436 1244 ea
2468 1181 2791 1244 scribendi
2837 1180 3232 1259 provinciam
3257 1188 3647 1262 susceperit,

421 1301 564 1363 quae
593 1282 722 1360 jam
765 1280 930 1340 haud
966 1279 1107 1342 sine
1141 1281 1386 1359 ingenti
1422 1282 1640 1342 labore
1673 1283 1822 1344 hinc
1853 1290 1913 1344 et
1945 1284 2095 1345 inde
2130 1301 2163 1344 e
2196 1287 2639 1348 monumentis
2667 1293 2952 1347 veterum
2987 1285 3184 1363 repeti
3219 1290 3652 1362 possunt.Du-

420 1397 506 1440 rte
555 1385 766 1458 partes
819 1377 1004 1439 nobis
1040 1385 1214 1450 sunt,
1255 1393 1398 1440 cum
1453 1377 1620 1438 haud
1667 1378 1880 1439 minor
1919 1378 2287 1440 sollicitudo
2333 1380 2648 1442 incumbit
2678 1380 2788 1458 qui
2820 1397 3162 1443 caveamus
3196 1395 3552 1448 commenta
3587 1397 3649 1450 et

416 1477 692 1550 fabulas,
759 1493 945 1554 quam
1012 1493 1140 1554 quo
1208 1485 1384 1555 pacto
1425 1497 1569 1541 vera
1603 1487 1663 1541 et
1717 1495 2012 1556 germana
2043 1479 2621 1558 deprehendamus.
2655 1482 2746 1541 Ne
2782 1497 2899 1541 nos
2952 1488 3163 1546 tamen
3207 1501 3501 1548 curarum
3534 1488 3637 1548 ni-

418 1578 542 1639 mis
577 1574 878 1656 pmniteat
909 1573 1134 1635 divino
1167 1575 1443 1637 consilio
1470 1583 1884 1655 prospectum
1908 1580 2023 1650 est,
2060 1575 2320 1653 quando
2356 1575 2690 1638 Athanasii
2724 1579 2957 1655 scripta
2993 1582 3161 1642 bene
3181 1584 3378 1645 multa
3408 1602 3441 1645 a
3473 1592 3634 1647 tem-

422 1692 648 1753 porum
678 1673 911 1750 injuria
949 1672 1262 1736 vindicata
1296 1681 1470 1748 sunt,
1507 1690 1782 1755 quorum
1817 1691 1936 1754 ope
1970 1674 2353 1754 plerumque
2392 1691 2538 1736 vera
2579 1691 2612 1736 a
2644 1673 2824 1734 falsis
2859 1675 3293 1742 internoscere
3327 1682 3410 1742 sit
3435 1681 3634 1746 facul-

417 1787 536 1843 tas.
581 1778 766 1852 Quod
799 1777 852 1837 si
882 1774 1048 1836 salva
1103 1783 1163 1836 et
1194 1777 1442 1855 integra
1475 1778 1687 1839 omnia
1734 1784 1971 1849 essent,
2006 1775 2260 1838 facilius
2297 1775 2460 1836 foret
2492 1793 2525 1836 a
2560 1775 2960 1847 commentis,
2993 1793 3026 1837 a
3072 1782 3476 1858 praeposteris
3509 1799 3631 1859 pu-

415 1879 586 1939 tandi
650 1874 1026 1948 rationibus,
1083 1889 1116 1934 a
1168 1873 1416 1936 turbato
1475 1891 1684 1934 rerum
1748 1875 1995 1945 ordine,
2055 1888 2200 1952 quae
2234 1878 2300 1933 ut
2364 1871 2713 1950 plurimum
2774 1873 2842 1933 in
2895 1874 3166 1937 reliquis
3213 1879 3668 1956 scriptoribus-

415 1986 781 2050 occurrunt,
807 1993 943 2038 sese
977 1976 1305 2052 expedire.

487 2086 551 2146 2.
587 2085 664 2146 Ut
699 2083 870 2144 enim
903 2080 979 2142 ab
1031 2080 1109 2140 iis
1155 2077 1498 2150 ordiamur,
1534 2079 1647 2158 qui
1688 2085 1971 2156 tempore
2002 2076 2338 2138 Athanasii
2385 2075 2709 2152 vixerunt,
2754 2079 3076 2143 Eusebius
3109 2099 3418 2162 perpauca
3451 2087 3638 2149 affert

414 2183 746 2247 Athanasii
789 2180 974 2240 vitam
1009 2177 1398 2256 spectantia,
1440 2195 1509 2239 ac
1545 2187 1783 2239 mutuas
1826 2196 1970 2238 cum
2019 2179 2276 2240 Arianis
2324 2195 2532 2258 operm
2575 2195 2788 2251 causa,
2833 2180 3402 2257 suspiciosissima.
3446 2186 3633 2259 Quod

411 2296 621 2351 autem
671 2303 780 2364 per
817 2281 974 2346 mihi
1036 2282 1263 2342 mirum
1322 2281 1600 2356 videtur,
1638 2298 1718 2343 ne
1753 2281 2014 2344 verbum
2052 2283 2316 2360 quidem
2351 2284 2430 2346 de
2462 2283 2816 2344 Athanasio
2863 2283 3067 2358 aﬂ‘ert,
3098 2285 3256 2346 nihil
3291 2288 3368 2348 de
3402 2291 3634 2366 pugnis

410 2409 553 2453 cum
587 2390 818 2451 Ariana
859 2385 1106 2455 haeresi,
1141 2385 1298 2445 nihil
1335 2385 1414 2445 de
1446 2385 1656 2464 Tyriis
1694 2386 1910 2459 rebus,
1945 2392 2004 2446 et
2036 2386 2218 2464 quasi
2260 2403 2369 2464 per
2402 2384 2990 2445 dissimulationem
3043 2383 3384 2460 ignorandi
3417 2391 3637 2449 omnia

413 2490 710 2567 prmterit,
747 2494 892 2566 puta
939 2485 1087 2564 quia
1115 2489 1440 2560 gestorum
1474 2482 1680 2560 pudor
1715 2483 2040 2544 silentium
2076 2483 2446 2560 imperaret.
2487 2481 2774 2542 Hilarius
2811 2479 3004 2541 multa
3057 2483 3236 2542 affert
3271 2491 3637 2561 opportuna

403 2585 738 2646 Athanasii
800 2581 944 2644 vita:
993 2578 1377 2642 adornanda:
1409 2601 1423 2640 :
1458 2586 1519 2641 at
1576 2597 1797 2641 eorum
1844 2583 2148 2660 pleraque
2196 2581 2360 2659 apud
2412 2579 2837 2640 Athanasium
2874 2580 3028 2641 item
3065 2581 3386 2657 leguntur,
3420 2583 3503 2644 ita
3561 2594 3628 2646 ut

411 2702 610 2760 pauca
644 2701 804 2746 nova
837 2689 895 2744 et
925 2682 1003 2744 ab
1039 2680 1182 2742 aliis
1215 2678 1448 2741 intacta
1481 2678 1736 2741 referat.
1761 2682 1895 2740 Jam
1933 2680 2008 2740 ad
2045 2696 2154 2741 eos
2188 2678 2589 2752 accedamus,
2622 2679 2739 2757 qui
2789 2679 3078 2756 proxime
3110 2682 3436 2742 Athanasii
3473 2693 3636 2744 mta-

394 2795 535 2848 'tem
576 2787 897 2854 vixerunt,
932 2785 1016 2844 ita
1060 2789 1124 2843 ut
1153 2797 1372 2844 senem
1431 2786 1490 2841 et
1525 2780 1740 2842 videre
1775 2789 1836 2842 et
1872 2781 2112 2860 alloqui
2170 2779 2518 2859 potuerint.
2544 2780 2893 2855 Gregorius
2952 2781 3392 2842 Nazianzenus
3454 2782 3630 2860 praeit

405 2900 594 2954 aetate
627 2888 1094 2966 dignitateque,
1133 2902 1243 2963 par
1271 2899 1425 2947 sane
1461 2885 1831 2946 enarrandis
1869 2884 2200 2946 Athanasii
2239 2883 2461 2961 gestis,
2498 2883 2906 2962 quantumvis
2949 2883 3163 2944 tritum
3195 2900 3266 2945 ac
3305 2884 3628 2961 vulgarem

393 3003 620 3048 rerum
650 3002 838 3047 usum
872 2983 1443 3045 excedant.Verum
1473 2981 1581 3042 ille
1616 2982 1861 3044 utscite
1893 2991 2084 3062 atque
2120 2982 2366 3042 naviter
2392 2982 2665 3042 oratoris
2689 2998 2926 3042 munus
2960 2986 3265 3059 explevit,
3292 2985 3374 3046 ita
3399 2985 3629 3063 jejuno

385 3093 471 3148 -et
509 3087 787 3148 tenuiter
843 3099 970 3157 res,
1019 3091 1183 3158 acta,
1243 3091 1527 3162 tempora
1581 3085 1811 3162 tetigit,
1856 3093 1921 3146 ut
1975 3085 2113 3165 ejus
2139 3084 2404 3156 Ἐγκυμὶῳ
2464 3083 2744 3161 perlecto
2795 3082 2960 3146 haud
3001 3087 3269 3150 multum
3304 3087 3626 3150 doctiores

405 3191 738 3265 abeamus,
773 3187 900 3249 imo
957 3203 1106 3250 vero
1159 3188 1535 3251 incertiores
1573 3190 1640 3251 in
1675 3190 2006 3268 plerisque
2041 3207 2230 3268 quam
2265 3191 2508 3251 dudum
2546 3187 2822 3262 fuimus,
2877 3189 2957 3250 ob
3017 3189 3228 3250 minus
3264 3195 3622 3251 accuratam

377 3299 722 3352 certarum
759 3306 969 3351 rerum
1001 3291 1396 3351 memoriam.

481 3395 542 3456 3.
585 3393 880 3472 Equalis
938 3391 1086 3452 huic
1146 3393 1574 3469 Epiphanius,
1632 3395 1711 3457 de
1767 3394 2154 3470 Mcletianis,
2195 3397 2478 3466 Arianis,
2519 3390 3343 3460 Semiarianis,Dimmritis
3401 3405 3626 3467 agens,

405 3493 600 3554 multa
655 3493 817 3554 dixit
849 3491 1180 3558 Athanasii
1214 3497 1552 3560 historiam
1592 3499 1981 3577 spectantia;
2021 3508 2080 3562 at
2116 3519 2258 3579 quas
2303 3501 2381 3564 de
2419 3499 2780 3562 Meletianis
2833 3497 2940 3571 ait,
2973 3513 3112 3559 cum
3143 3513 3222 3558 ex
3277 3494 3625 3557 Meletiano

403 3598 706 3677 quopiam
739 3597 1130 3670 hauserit,et
1170 3600 1553 3682 plerumque
1586 3603 2025 3665 commentitia
2063 3604 2217 3679 sint,
2258 3605 2492 3667 nedum
2525 3601 2859 3681 quidpiam
2899 3596 3057 3658 lucis
3082 3595 3370 3663 afferant,
3402 3590 3626 3654 fucum

402 3703 635 3764 factum
671 3703 971 3765 accedere
1007 3706 1322 3769 videntur.
1357 3710 1622 3788 Reliqua
1661 3710 1950 3772 melioris
1983 3717 2148 3771 notae
2183 3718 2358 3784 sunt,
2395 3726 2613 3770 verum
2653 3705 2970 3784 implicata
3002 3717 3170 3779 saepe
3196 3706 3254 3760 et
3275 3715 3472 3776 pauca
3510 3712 3627 3774 pro

404 3809 718 3862 tantarum
759 3819 962 3863 rerum
1005 3823 1146 3866 usu.
1180 3807 1448 3867 Rufinus
1480 3823 1739 3885 supper,
1773 3808 2180 3887 negligentia;
2206 3808 2468 3871 nomine
2500 3806 2734 3884 passim
2775 3813 3138 3886 suSpectus,
3173 3801 3372 3862 nimia
3426 3798 3628 3861 facili-

400 3906 528 3960 tate
588 3901 952 3963 historiolas
1019 3910 1248 3971 multas
1294 3911 1569 3984 invexit,
1625 3930 1768 3992 qute
1828 3914 2126 3992 ﬁngentis
2161 3915 2366 3992 magis
2403 3912 2737 3976 artificium
2787 3927 2977 3990 quam
3013 3926 3142 3971 rem
3191 3923 3338 3968 vere
3376 3910 3624 3983 gestam

401 3997 615 4056 oleant
656 4017 672 4058 :
714 3996 859 4058 hinc
897 4008 992 4061 est
1028 4011 1093 4064 ut
1128 4013 1312 4067 caute
1347 4007 1588 4070 incauti
1623 4009 1809 4072 ducis
1838 4011 2105 4089 vestigia
2141 4015 2367 4073 sectari
2402 4027 2669 4072 necesse
2704 4009 3082 4088 plerumque
3122 4007 3225 4068 sit.
3264 4009 3416 4067 Tam
3453 4021 3626 4083 pra)-

402 4101 697 4168 posterus
736 4103 832 4156 est
864 4096 929 4158 in
965 4107 1324 4180 temporum
1367 4107 1744 4182 rationibus,
1784 4116 1877 4182 ut,
1916 4126 2060 4170 cum
2094 4110 2381 4170 Socrates
2417 4106 2530 4169 illo
2565 4115 2831 4168 auctore
2866 4108 3112 4184 priores
3146 4103 3454 4164 Historia!
3487 4116 3621 4163 sum

402 4191 600 4253 libros
645 4198 1156 4279 conscripsisset,
1190 4204 1298 4266 ubi
1351 4222 1420 4268 se
1455 4205 1706 4285 longius
1753 4208 2096 4271 abductum
2131 4209 2358 4280 sensit,
2411 4226 2444 4270 a
2481 4207 2714 4267 Ruﬁno
2753 4205 2817 4265 in
2864 4203 3072 4265 deviis
3108 4203 3262 4265 locis
3314 4212 3524 4264 actum
3554 4218 3624 4262 se

384 4297 690 4394 ’ξῖυεειυεν
721 4311 755 4356 a
805 4312 994 4358 cursu
1031 4299 1168 4377 ipso
1201 4307 1462 4382 gradum
1503 4313 1922 4386 revocaverit,
1957 4320 2018 4374 et
2053 4313 2240 4374 aliam
2284 4312 2619 4388 ingressus
2650 4309 2816 4369 viam
2853 4308 2957 4369 sit.
2994 4306 3308 4385 Sulpitius
3345 4306 3622 4367 Severus

402 4397 757 4498 Importuna
789 4393 1094 4459 brevitate
1127 4403 1616 4479 praeterlabitur,
1654 4417 1723 4472 ut
1756 4409 1861 4471 vix
1897 4427 2029 4472 rem
2051 4425 2192 4488 qua)
2223 4409 2433 4486 agitur
2462 4408 2544 4469 ob
2574 4407 2797 4469 oculos
2829 4419 3060 4484 ponat;
3096 4423 3292 4486 pauca
3316 4407 3397 4467 de
3428 4404 3623 4467 Atha-

398 4501 560 4596 T‘s'f
607 4498 732 4596 ⁸1³ξέ
792 4505 1021 4576 narrat.
1058 4501 1358 4577 perplexe
1398 4507 1579 4580 satis,
1638 4526 1848 4588 neque
1888 4511 2100 4587 magni
2154 4513 2225 4570 ad
2281 4511 2419 4587 ejus
2459 4507 2790 4569 historiam
2828 4516 2924 4570 est
2983 4527 3160 4572 usus.
3197 4510 3437 4569 Auctor
3472 4507 3624 4569 Vita

393 4579 732 4656 Pachomii,
760 4603 901 4685 quae
932 4606 1135 4669 nuper
1183 4598 1246 4656 in
1301 4599 1476 4660 Actis
1523 4579 1902 4678 sanctorum,
1942 4579 2095 4668 to'm.
2132 4608 2217 4667 Ill
2265 4579 2442 4681 Maii,
2475 4621 2625 4667 cusa
2671 4603 2816 4677 fuit,
2853 4623 2977 4668 non
3025 4625 3221 4685 pauca
3252 4605 3620 4685 suppeditat

393 4682 967 4791 110V8.hpl‘&3618r£1_.
1026 4691 1335 4758 hactenus
1396 4702 1650 4776 intacta,
1716 4706 2148 4786 similiterque
2213 4706 2478 4782 episto‘la
2540 4705 2864 4764 Ammonii
2922 4682 3204 4784 episcorii
3266 4682 3619 4767 Athanasio

389 4779 680 4855 aequalis,
712 4787 1060 4850 secundum
1107 4810 1243 4856 eam
1282 4797 1481 4859 Vitam
1518 4820 1691 4863 cusa.
1746 4779 2060 4867 Socrates-
2095 4779 2424 4878 Ruﬁnum,
2460 4810 2528 4862 ut
2575 4818 2719 4863 mox
2762 4779 3006 4863 dicturi!
3043 4779 3161 4875 est;
3196 4814 3521 4866 auctorem
3551 4810 3613 4864 θι

390 4879 615 4942 ducem
651 4893 907 4948 secutus
941 4899 1034 4952 est
1071 4893 1134 4955 in
1170 4899 1488 4975 prioribus
1519 4904 1823 4965 Historia:
1871 4923 2002 4966 sure
2057 4906 2262 4978 libris,
2323 4905 2528 4964 donec
2564 4919 2633 4962 se
2683 4902 2970 4963 abactum
3012 4903 3225 4979 procul
3283 4904 3508 4976 sensit,
3547 4911 3608 4963 et

389 4999 616 5046 novam
656 4985 941 5053 historiae
975 4996 1134 5059 viam
1183 5002 1514 5081 ingressus
1561 5014 1695 5080 est;
1732 5025 1940 5086 neque
1979 5009 2192 5086 seipso
2240 5006 2529 5067 feliciora
2558 5004 2721 5064 duce
2761 5020 2912 5065 usus
2949 5011 3066 5075 est,
3123 5021 3311 5083 quam
3342 5005 3602 5080 Rufino;

383 5088 659 5165 plurima
699 5109 777 5154 ex
807 5094 1041 5161 Sabino
1098 5104 1554 5169 Macedoniano
1609 5109 1847 5182 hausit,
1882 5111 1982 5172 vel
2022 5126 2098 5170 eo
2152 5107 2412 5170 nomine
2462 5112 2754 5182 suspecta
2813 5110 2872 5166 et
2929 5106 3257 5166 cavenda:
3303 5115 3606 5186 quantam

388 5209 536 5255 vero
591 5195 656 5255 in
695 5198 914 5260 ordine
951 5211 1012 5263 et
1043 5212 1332 5285 tempore
1375 5211 1919 5288 perturbationem
1971 5211 2282 5282 attulerit,
2331 5208 2628 5286 pluribus
2685 5212 2780 5268 est
2821 5206 2979 5270 alias
3015 5215 3607 5272 commonstratum.

383 5297 814 5362 Sozomenum
853 5303 1035 5365 aiunt
1071 5306 1262 5382 vulgo
1300 5324 1375 5368 ex
1431 5307 1704 5369 Socratis
1737 5308 1994 5386 scriptis
2041 5307 2256 5368 omnia
2311 5307 2444 5368 fere
2495 5305 2894 5384 expiscatum
2940 5325 3105 5379 esse,
3140 5315 3203 5369 et
3234 5325 3355 5370 nos
3399 5311 3613 5371 statim

385 5413 640 5461 rumore
673 5406 926 5463 auctore
967 5402 1244 5480 idipsum
1297 5403 1712 5478 putabamus;
1753 5421 1971 5467 verum
2015 5404 2203 5482 longe
2233 5404 2357 5467 alio
2391 5403 2582 5464 modo
2637 5419 2768 5463 rem
2815 5420 2884 5464 se
2917 5403 3148 5469 habere
3179 5407 3614 5483 deprehendi-

385 5518 550 5575 mus,
584 5511 643 5565 et
677 5507 1052 5568 tractatione
1080 5507 1376 5568 diuturna
1408 5509 1864 5584 comperimus,
1902 5511 2104 5573 multo
2139 5509 2652 5588 prmstantiorem
2684 5523 2827 5570 esse
2874 5508 3214 5569 Sozomeni
3247 5527 3444 5587 quam
3488 5513 3612 5572 So-

381 5605 571 5665 cratis
609 5606 984 5667 Historiam.
1018 5609 1150 5670 Etsi
1189 5609 1358 5669 enim
1397 5619 1463 5669 ut
1507 5610 1851 5687 plurimum
1890 5611 2220 5674 consimili
2254 5627 2469 5672 rerum
2502 5608 2731 5672 ordine
2763 5609 3071 5686 procedit,
3110 5609 3385 5687 plurima
3437 5617 3610 5674 certe

381 5709 563 5772 affert
598 5714 850 5789 optimae
883 5719 1068 5786 notas,
1103 5714 1178 5774 ab
1213 5713 1464 5773 Socrate
1502 5713 1753 5789 intacta,
1793 5716 2214 5789 inobservata,
2253 5721 2359 5777 aut
2403 5713 2618 5777 minus
2656 5719 2948 5776 accurate
2978 5710 3294 5776 recensita
3327 5732 3345 5773 :
3381 5713 3604 5792 cujus-
