3998 6506
1135 368 1295 427 YITA
1337 371 1394 426 S.
1434 366 1826 426 ATHANASII.
1864 399 1930 411 -
1958 366 2296 426 MONITUM.
3334 386 3401 427 ιτ

150 498 296 563 modi
329 504 481 562 sunt
518 514 636 562 res
672 494 840 576 Tyri
873 499 1082 574 gestas,
1115 490 1378 569 Georgii
1417 488 1716 567 expulsio
1755 489 2182 560 Alexandria,
2228 500 2423 567 quam
2473 483 2537 545 in
2565 499 2806 548 annum
2856 483 3111 549 circiter
3139 483 3262 546 856
3314 502 3409 546 re-

153 607 427 688 ponimus
464 627 482 666 :
524 610 591 666 et
627 601 891 664 similia
923 615 1059 678 quas
1089 596 1289 657 Vitam
1322 593 1661 655 Athanasii
1692 610 1725 655 a
1773 592 1963 655 nobis
2007 593 2379 655 adornatam
2434 585 2802 669 inspicienti
2855 584 3100 688 passim
3137 598 3282 645 sese
3316 582 3411 688 of:-

151 683 352 769 ierent.
388 704 489 767 Ad
551 703 703 764 haec
770 720 876 764 res
908 696 1197 780 pluribus
1258 694 1619 774 majorique
1652 692 2061 755 accuratione
2094 690 2291 769 vulgo
2324 694 2642 754 recenset.
2681 688 2748 749 ld
2797 688 3034 765 cuique
3064 683 3408 747 Sozomeni

156 802 476 864 Historiam
523 799 819 879 legenti,
859 797 1004 859 dum
1037 793 1510 873 praejudieatam
1546 798 1741 867 ponat
1772 787 2181 867 Opinionem,
2217 787 2544 867 propalam
2598 784 2745 849 erit.
2781 783 3230 848 Tbeodoretus
3287 783 3404 847 etsi

151 903 317 980 vulgo
346 902 429 961 ita
465 900 705 963 brevis
765 906 829 962 et
864 897 1199 978 perplexus
1234 903 1353 970 est,
1405 901 1474 956 ut
1522 911 1624 956 res
1673 891 1980 966 misceat;
2036 900 2445 971 Opportunus
2486 897 2721 965 tamen,
2756 889 2905 969 quia
2944 897 3077 952 acta
3114 886 3405 969 quaedam

154 1016 205 1070 et
241 1013 664 1068 monumenta
710 1020 930 1067 rerum
966 1002 1144 1065 aﬂ‘ert
1195 1016 1340 1081 qua:
1378 1015 1701 1079 nusquam
1756 988 1916 1058 alias
1948 1002 2227 1059 exstant.
2280 995 2581 1058 Gelasius
2631 993 2988 1071 Cyzicenus
3024 1006 3238 1068 nugax
3270 988 3411 1068 ple-

154 1121 422 1185 rumque,
454 1121 596 1183 quo
636 1106 797 1167 sine
837 1120 1057 1181 magna
1095 1101 1397 1164 cautione
1430 1101 1529 1163 uti
1569 1117 1703 1162 non
1743 1099 1914 1163 licet.
1958 1100 2168 1180 Hujus
2208 1108 2417 1163 tamen
2456 1101 2771 1163 beneficio
2808 1099 3055 1178 aliquot
3088 1096 3407 1176 epistolis,

158 1216 205 1271 et
230 1211 490 1271 sinceris
526 1209 846 1289 quidem,
878 1208 1040 1269 aucti
1074 1224 1325 1269 sumus.
1360 1206 1477 1267 His
1526 1204 1808 1265 maxime
1849 1203 2276 1282 scriptoribus
2307 1203 2592 1281 antiquis
2627 1204 2690 1263 in
2730 1203 3096 1265 adornanda
3138 1201 3415 1264 Athana-

153 1310 221 1370 sii
256 1306 378 1370 Vita
415 1309 521 1369 usi
571 1326 849 1371 sumus.
896 1306 1047 1369 Nam
1089 1309 1260 1372 Vitas
1294 1309 1627 1370 Athanasii
1675 1308 1927 1368 Graecas
1974 1326 2008 1369 a
2063 1308 2252 1369 nobis
2299 1307 2505 1369 editas
2535 1308 2710 1386 quod
2746 1317 3017 1390 spectat,
3050 1326 3244 1389 quam
3286 1309 3408 1370 mi-

156 1412 289 1471 nimi
321 1410 514 1489 pretii
555 1410 696 1472 illae
730 1418 909 1474 sunt.
966 1412 1146 1473 Prior
1194 1410 1367 1473 enim
1400 1426 1544 1487 quas
1581 1416 1680 1472 est
1729 1410 2037 1488 anonymi
2072 1409 2441 1490 cujusdam,
2477 1428 2557 1472 ex
2595 1411 2891 1483 Socratis,
2924 1411 3295 1483 Sozomeni,
3348 1418 3413 1474 et

158 1512 518 1573 Theodoreti
558 1512 843 1590 scriptis
875 1511 1213 1590 desumpta
1264 1518 1387 1589 est,
1436 1511 1708 1591 adjectis
1763 1512 2034 1593 insuper
2079 1512 2401 1576 sexcentis
2456 1510 2713 1575 fabellis
2752 1534 2768 1573 :
2825 1513 2980 1574 nihil
3017 1513 3109 1575 ibi
3154 1530 3410 1589 sanum,

157 1614 340 1672 omnia
370 1616 861 1689 contaminata,
895 1634 1005 1678 sus
1053 1618 1262 1695 deque
1296 1634 1473 1679 versa
1502 1638 1521 1692 ;
1555 1621 1815 1679 demum
1876 1633 2109 1695 magno
2147 1624 2381 1679 conatu
2417 1633 2661 1693 magnae
2690 1635 2875 1697 nugm
2905 1617 3234 1680 dicuntur.
3274 1618 3415 1678 ,Εκ-

156 1722 298 1779 stant
328 1715 575 1780 ibidem
613 1722 919 1799 qumdam
958 1720 1401 1799 praefectorum
1440 1722 1731 1795 nomina,
1763 1740 1890 1783 non
1926 1722 2077 1784 alibi
2123 1728 2497 1793 memorata,
2529 1722 2805 1798 ideoque
2840 1734 2966 1779 non
3001 1718 3147 1781 sine
3181 1735 3414 1797 magno

298 1816 424 1876 iulo
463 1819 882 1897 usurpanda.
918 1818 1076 1892 Quas
1128 1836 1277 1882 vero
1310 1837 1389 1881 ex
1431 1820 1638 1881 Photii
1672 1821 2065 1882 Bibliotheca
2093 1820 2433 1901 desumpta
2467 1828 2564 1883 est
2609 1819 2950 1882 Athanasii
2992 1819 3161 1892 Vita,
3196 1820 3409 1901 ipsius

156 1914 338 1977 Phoni
363 1915 660 1996 judicio,
699 1918 1079 1998 quisquilias
1112 1927 1263 1981 sunt
1295 1920 1437 1982 sine
1474 1922 1634 2000 pari.
1666 1922 1852 1996 Quod
1887 1921 1966 1995 si,
2004 1927 2071 1983 ut
2108 1922 2197 1982 ait
2230 1921 2510 1997 Tullius,
2553 1925 2959 1987 omnibusin
3004 1926 3198 1988 rebus
3232 1926 3415 1988 simi-

159 2015 337 2077 litudo
366 2027 463 2078 est
501 2018 844 2082 satietatis
877 2030 1095 2099 mater,
1134 2025 1197 2086 in
1238 2024 1339 2087 his
1387 2027 1553 2089 haud
1616 2029 1814 2091 dubie
1864 2028 2105 2090 fastidii
2139 2035 2200 2089 et
2235 2044 2493 2089 nausea:
2528 2046 2755 2107 parens
2797 2032 2960 2103 erit;
3008 2041 3067 2093 et
3100 2032 3417 2096 fateamur

157 2133 395 2180 necesse
428 2124 529 2179 est
564 2135 698 2181 nos
737 2122 973 2185 damno
1005 2134 1231 2190 auctos
1266 2146 1432 2192 esse.
1466 2129 1607 2191 Vita
1644 2130 1979 2190 Athanasii
2011 2129 2456 2208 Metaphrastm
2487 2146 2678 2208 Opera
2710 2131 3088 2194 concinnata
3129 2132 3416 2196 melioris

160 2218 391 2295 quidem
426 2230 653 2296 noue;
715 2224 829 2287 sed
866 2242 1007 2289 cum
1050 2250 1125 2293 ex
1182 2231 1437 2295 laciniis
1475 2235 1625 2296 hinc
1655 2242 1719 2296 et
1755 2234 1905 2297 inde
1955 2234 2418 2298 consarcinatis
2468 2242 2739 2310 constet,
2775 2254 2807 2299 a
2844 2237 3269 2317 scriptoribus
3300 2242 3415 2318 qui

161 2318 482 2382 etiamnum
521 2331 799 2387 exstant
830 2330 1158 2405 mutuatis,
1184 2348 1311 2395 non
1354 2336 1566 2413 magni
1603 2354 1760 2396 usus
1785 2353 1929 2398 esse
1965 2344 2195 2414 potest.
2241 2339 2484 2414 Agmen
2520 2336 2762 2401 claudit
2796 2339 2936 2401 Vita
2970 2339 3309 2402 Athanasii
3336 2342 3413 2404 ad

164 2438 324 2485 usum
381 2425 759 2505 Coptorum
818 2433 1117 2498 adornata
1166 2454 1243 2499 ex
1294 2438 1572 2502 Arabico
1628 2456 1807 2501 versa
1845 2457 1878 2501 a
1913 2440 2063 2503 clar.
2104 2440 2238 2503 viro
2292 2440 2724 2510 Renaudotio,
2777 2438 3143 2518 linguarum
3182 2442 3420 2504 Orien-

162 2530 354 2592 talium
387 2532 875 2610 scientissimo,
912 2540 1019 2620 qui
1060 2556 1199 2603 eam
1237 2540 1581 2605 nobiscum
1626 2544 1833 2606 amice
1874 2561 1944 2606 ac
1978 2543 2463 2623 perhumaniter
2492 2545 3016 2610 communicavit.
3048 2549 3160 2610 Est
3198 2557 3416 2613 autem

165 2648 224 2695 ea
271 2650 415 2711 gens
471 2642 833 2716 stupendae
871 2641 1249 2721 ignorantiae
1307 2653 1368 2709 et
1429 2645 1840 2726 nugacitatis,
1900 2656 1968 2709 ut
2023 2649 2245 2721 etiam,
2300 2650 2473 2729 quod
2534 2648 2992 2728 gravissimum
3059 2650 3235 2713 dictu
3298 2663 3420 2721 est,

166 2732 387 2796 Gnaeos
419 2753 492 2797 ea
543 2736 615 2798 in
680 2746 858 2812 parte
906 2742 1092 2821 longe
1125 2752 1291 2807 retro
1328 2745 1720 2825 relinquant,
1758 2748 1931 2825 quod
1968 2746 2065 2809 vel
2101 2765 2178 2809 ex
2218 2747 2340 2809 hoc
2373 2747 2689 2826 Opusculo
2721 2748 2936 2811 videre
2972 2756 3092 2824 est,
3132 2747 3323 2826 nugis
3361 2758 3424 2812 et

166 2831 398 2913 ineptiis
431 2852 641 2915 supra
686 2838 876 2902 fidem
913 2842 1315 2919 plenissimo.
1354 2847 1481 2908 Nec
1532 2854 1739 2907 tamen
1775 2846 2042 2925 paenitet
2107 2847 2414 2924 edidisse,
2452 2854 2520 2909 ut
2578 2849 2821 2921 videas,
2863 2848 3134 2911 candide
3193 2848 3420 2922 lector,

168 2933 344 3007 gentis
419 2953 744 2998 acumen.
829 2941 1096 3006 Exstant
1169 2946 1234 3006 in
1318 2947 1565 3008 Latinis
1636 2948 1971 3009 codicibus
2042 2948 2377 3010 Athanasii
2439 2949 2601 3010 Vitae
2659 2949 3031 3023 nonnullas,
3110 2964 3192 3012 ex
3263 2948 3411 3013 Tri-

164 3034 377 3107 partita
422 3036 723 3100 historia
798 3046 858 3103 et
922 3060 998 3105 ex
1061 3043 1293 3107 Ruﬁno
1347 3044 1661 3119 collecto),
1729 3044 1971 3106 nullius
2032 3045 2299 3108 omnino
2369 3062 2587 3123 usus;
2649 3063 2887 3126 easque
2953 3046 3101 3109 ideo
3161 3054 3420 3110 urteter-

172 3150 461 3200 ullatinus.

232 3238 285 3300 Ιι.
312 3242 407 3305 Ad
441 3245 856 3310 recentiores
899 3249 1051 3313 Vita
1090 3248 1429 3313 Athanasii
1460 3256 1757 3314 auctores
1792 3250 2153 3323 veniamus,
2185 3250 2296 3330 qui
2339 3250 2590 3314 decimo
2633 3250 2889 3331 quinto,
2924 3249 3176 3314 decimo
3208 3258 3416 3319 sexto,

169 3346 525 3417 etprmsenti
584 3349 833 3411 saeculo
866 3350 1251 3413 ﬂoruerunt.
1290 3353 1431 3414 Non
1488 3351 1777 3415 omnium
1816 3370 2030 3432 porro,
2074 3352 2188 3432 qui
2239 3353 2387 3414 huic
2434 3352 2526 3415 rei
2567 3370 2825 3431 Operam
2858 3353 3199 3426 dederunt,
3237 3351 3419 3415 lucu-

164 3439 464 3510 brationes
503 3466 863 3513 recensere
893 3451 1148 3515 animus
1197 3459 1292 3515 est
1340 3474 1355 3514 :
1396 3472 1495 3517 res
1552 3448 2020 3533 prepeumdum
2058 3452 2305 3514 inﬁnita
2336 3454 2523 3523 foret,
2557 3453 2673 3516 sed
2718 3454 2875 3517 satis
2904 3463 3041 3518 esto
3076 3454 3223 3516 illos
3257 3472 3423 3518 enu-

164 3564 407 3628 merare,
460 3557 586 3634 qui
621 3555 748 3619 hac
786 3556 853 3617 in
896 3566 1070 3636 parte
1104 3559 1395 3638 primarii
1434 3578 1579 3622 esse
1615 3559 1938 3621 videntur.
1972 3559 2216 3620 Primas
2252 3559 2418 3621 inter
2458 3559 2605 3621 illos
2651 3558 2896 3622 obtinet
2929 3558 3210 3621 Joannes
3265 3559 3423 3620 Tor-

163 3649 329 3714 telius
356 3655 713 3725 Aretinus,
745 3656 858 3737 qui
896 3658 1097 3719 Vitam
1124 3659 1459 3721 Athanasii
1495 3679 1569 3722 ex
1604 3661 1798 3735 veris,
1835 3660 2076 3731 dubiis,
2114 3659 2292 3722 falsis
2332 3659 2669 3722 Athanasii
2698 3668 2757 3721 et
2790 3660 3065 3723 aliorum
3106 3675 3250 3738 qua:
3280 3668 3417 3722 tum

164 3755 360 3822 Latine
412 3762 777 3824 exstabant
810 3765 1118 3842 Operibus
1176 3767 1608 3838 concinnavit,
1647 3785 1792 3848 quae
1847 3768 1911 3829 in
1948 3769 2236 3832 editione
2281 3769 2635 3831 Parisiensi
2694 3770 2847 3831 anni
2896 3770 3052 3832 1520
3083 3774 3317 3843 exstat,
3353 3776 3416 3831 et

164 3866 697 3945 nuncupatoriam
736 3872 1001 3947 praeﬁxit
1041 3873 1379 3951 epistolam
1430 3877 1504 3936 ad
1552 3875 1919 3951 Eugenium
1973 3884 2274 3955 quartum
2326 3875 2718 3956 pontificem.
2753 3872 2967 3951 Hujus
2998 3879 3268 3932 conatus
3301 3887 3419 3950 pro

170 3966 451 4042 temporis
500 3971 891 4036 conditione
932 3974 1292 4037 laudandus
1341 3998 1357 4037 :
1394 3983 1456 4037 et
1495 3976 1549 4039 si
1580 3977 1838 4055 quidem
1868 3978 1997 4055 jam
2030 3977 2277 4040 nullius
2316 3994 2472 4039 usus
2507 3977 2588 4037 sit
2617 3974 2991 4057 hujusmodi
3032 3971 3419 4045 lucubratio,

167 4066 218 4129 id
242 4075 395 4135 aatati
449 4080 690 4155 potius
729 4095 922 4158 quam
959 4081 1258 4159 scriptori
1297 4082 1566 4146 tribuas.
1602 4083 1990 4162 Lipomanus
2022 4082 2242 4145 multis
2273 4089 2414 4161 post
2446 4080 2634 4144 annis
2670 4081 2873 4145 Vitam
2897 4076 3228 4139 Athanasii
3254 4076 3424 4140 inter

169 4174 296 4237 alias
320 4178 548 4257 dedit;
592 4188 659 4246 et
694 4183 850 4245 nihil
882 4184 1057 4247 aliud
1089 4184 1240 4263 egit,
1266 4202 1463 4265 quam
1501 4184 1674 4263 quod
1709 4201 1789 4246 ex
1823 4183 2101 4247 diversis
2124 4184 2525 4247 diversorum
2561 4183 2717 4245 locis
2746 4180 2895 4241 hinc
2934 4187 2993 4240 et
3027 4176 3176 4239 inde
3201 4176 3421 4241 accitis

167 4293 336 4342 unum
374 4299 553 4363 Opus
589 4287 958 4362 contexuit,
1032 4289 1397 4366 perturbato
1451 4289 1837 4367 plerumque
1870 4304 2084 4349 rerum
2119 4293 2180 4350 et
2222 4293 2581 4364 temporum
2615 4285 2866 4351 ordine.
2914 4284 3041 4348 Nec
3081 4282 3223 4362 plus
3259 4283 3421 4346 lucis

168 4379 604 4449 Athanasianis
641 4388 837 4450 rebus
864 4388 1245 4462 attulerunt,
1285 4389 1397 4471 qui
1447 4391 1802 4451 secundum
1844 4390 1974 4449 hanc
2006 4388 2171 4449 Vitis
2221 4393 2584 4448 sanctorum
2624 4384 2984 4448 scribendis
3019 4400 3276 4462 operam
3311 4400 3423 4443 na-

170 4497 387 4551 varunt.
420 4491 643 4553 Aliam
688 4493 999 4556 exhibent
1039 4502 1287 4558 veteres
1328 4496 1485 4560 editi
1524 4497 1721 4557 Vitam
1753 4494 2108 4569 Athanasii,
2146 4496 2223 4557 ab
2257 4493 2475 4556 nescio
2506 4509 2637 4571 quo
2674 4507 3019 4569 anonymo,
3058 4507 3183 4551 non
3219 4489 3421 4550 inele-

171 4593 682 4670 ganterquidem,
715 4593 825 4655 sed
862 4596 1142 4659 oratorio
1177 4613 1359 4658 more
1393 4597 1848 4675 conscriptam,
1886 4595 2212 4674 permistis
2250 4594 2633 4671 plerumque
2665 4594 2878 4662 rebus,
2915 4608 3107 4670 quam
3147 4588 3415 4666 perinde

172 4698 331 4785 atque
378 4709 658 4762 caeteras
698 4716 844 4761 mox
884 4708 1416 4762 commemoratas
1483 4699 1713 4759 missas
1770 4696 1977 4757 facere
2037 4697 2217 4756 nullo
2282 4692 2626 4773 dispendio
2675 4691 2877 4753 licuit.
2923 4693 3192 4754 Demum
3246 4707 3417 4752 anno

172 4794 297 4861 1671
328 4802 488 4866 clar.
526 4805 626 4866 vir
656 4806 1102 4880 Hermantius,
1148 4806 1390 4882 insigni
1428 4820 1623 4881 opere
1661 4804 1864 4865 Vitam
1900 4799 2235 4861 Athanasii
2272 4798 2519 4859 Gallico
2558 4797 2864 4861 idiomate
2895 4799 2957 4859 in
2994 4798 3205 4860 lucem
3253 4800 3415 4861 emi-

169 4903 251 4974 sit,
284 4910 619 4980 probatam
654 4909 946 4987 quidem,
985 4915 1047 4970 et
1074 4905 1364 4970 omnium
1400 4920 1514 4965 ore
1548 4902 1962 4975 celebratam,
2006 4901 2115 4962 ubi
2171 4916 2294 4960 non
2354 4916 2498 4977 qum
2557 4898 2980 4962 Athanasium
3043 4902 3255 4970 modo,
3305 4902 3416 4962 sed

168 5021 287 5081 Quae
316 5015 611 5091 aequales
646 5014 785 5092 ejus
837 5018 1150 5092 spectant,
1186 5010 1480 5089 pluribus
1524 5007 1979 5083 complectitur
2017 5006 2112 5066 vir
2144 5004 2459 5068 eruditus.
2518 5007 2589 5067 Et
2620 5007 2983 5067 accuratius
3020 4998 3220 5069 multo
3252 5024 3417 5085 opus

170 5106 452 5187 dedisset,
505 5116 561 5175 si
605 5115 895 5175 editione
932 5111 1445 5174 Commeliniana
1480 5117 1540 5171 et
1589 5107 2012 5169 Felrkmanni
2049 5106 2437 5169 lectionibus
2471 5105 2705 5168 fuisset
2752 5126 2934 5171 usus.
2969 5110 3182 5190 Hujus
3231 5109 3421 5173 lucu-

174 5208 478 5276 brationes
527 5216 744 5295 magni
785 5216 1082 5288 facimus,
1115 5213 1504 5275 sententiam
1545 5218 1757 5271 tamen
1810 5208 1978 5269 baud
2011 5225 2152 5269 raro
2186 5208 2643 5287 impugnamus
2685 5228 2699 5267 :
2739 5218 2870 5270 tum
2907 5212 3084 5289 quia,
3125 5220 3191 5272 ut
3224 5212 3419 5288 vulgo

170 5309 367 5387 fertur,
405 5321 662 5381 variant
695 5319 1085 5397 Opiniones;
1121 5324 1253 5378 tum
1293 5318 1586 5389 fortasse,
1624 5313 1778 5393 quia
1819 5312 2231 5375 diuturniora
2273 5330 2393 5374 usu
2434 5312 3089 5390 cperumAthanasii,
3125 5311 3419 5372 codicum

172 5424 221 5476 et
259 5432 641 5486 ceterorum
702 5426 778 5486 ad
815 5442 952 5487 eam
990 5442 1121 5486 rem
1159 5422 1658 5502 pertinentium,
1695 5420 1876 5500 plura
1935 5420 2439 5501 perspiciuntur.
2476 5421 2549 5480 Et
2586 5436 2735 5482 vero
2794 5421 2846 5480 is
2906 5420 2958 5479 si
3021 5416 3417 5479 tantumdem

171 5522 262 5580 otii
298 5528 639 5589 codicibus
674 5538 735 5591 et
769 5530 957 5591 editis
990 5527 1325 5591 Athanasii
1365 5527 1909 5607 consumpsisset,
1962 5527 2166 5589 multo
2204 5526 2384 5606 plura
2421 5524 2717 5594 vidisset,
2769 5528 2827 5583 et
2878 5517 3273 5581 accuratiora
3308 5533 3423 5577 no-

168 5623 295 5683 stris
328 5625 644 5690 dedisset.
3121 5646 3127 5649 '

230 5726 285 5785 5.
316 5732 457 5792 Jam
494 5734 573 5794 de
596 5735 927 5800 Athanasii
959 5741 1100 5803 Vita
1135 5758 1168 5801 a
1202 5739 1388 5802 nobis
1421 5737 1727 5801 adornata
1761 5740 1844 5801 sit
1875 5756 2115 5814 sermo,
2146 5746 2208 5800 et
2260 5736 2524 5816 quidem
2560 5734 2776 5814 paucis
2825 5748 2842 5788 :
2878 5746 3021 5792 nam
3057 5744 3176 5808 ego
3218 5735 3426 5795 tuum,

167 5833 398 5897 erudite
439 5836 662 5913 lector,
698 5839 815 5903 hac
844 5842 921 5906 de
968 5862 1031 5907 re
1058 5844 1379 5924 judicium
1420 5850 1754 5925 estecto,
1800 5861 1930 5910 non
1966 5850 2035 5910 tu
2090 5862 2332 5907 meum.
2383 5841 2449 5902 id
2487 5838 2764 5917 primum
2800 5834 2967 5898 scitu
3000 5850 3163 5915 Opus
3193 5837 3314 5901 est,
3353 5831 3419 5890 iu
