3998 6528
554 357 561 375 ³
574 356 660 402 LVI
1938 342 2133 398 PROLl

1938 342 2468 399 PROLEGOMENA.

577 459 911 539 praposito
940 458 1128 520 nabis
1165 459 1428 525 minime
1461 462 1689 533 fuisse,
1734 467 1798 521 ut
1832 461 2047 523 omnia
2086 460 2332 533 Arium,
2372 460 2638 521 Arianos
2673 461 2966 539 aliosque
3000 444 3334 527 hmreticos
3364 466 3542 529 illius
3572 468 3821 541 aetatis;

575 564 929 643 itidemque
971 564 1403 626 Alexandrum
1448 563 1972 633 Alexandrinum,
2028 562 2329 633 Hosium,
2360 562 2757 633 Marcellum,
2808 564 3250 642 Serapionem,
3294 569 3600 648 aliosque
3632 569 3827 631 Atha-

572 665 742 725 nasii
789 662 1287 724 familiaresaut
1323 664 1610 743 synodos
1648 663 2001 739 Spectantia
2057 679 2434 737 recensere;
2494 664 2607 723 sed
2648 663 3052 726 solummodo
3087 683 3156 726 ea
3207 684 3350 744 qua:
3386 669 3486 729 vel
3520 669 3598 730 ad
3630 669 3826 731 Atha-

576 764 985 825 nasii'Vitam
1039 764 1381 841 pertinent,
1420 763 1514 824 vel
1552 764 1627 824 ad
1664 780 1800 824 eam
1843 763 2131 841 proxime
2181 765 2514 827 accedunt.
2577 765 2711 826 Etsi
2769 783 2955 844 porro
3017 766 3291 830 curarim
3326 786 3464 846 rpro
3502 767 3825 840 facultate,

578 874 645 927 ut
680 867 1112 930 narrationem
1148 876 1474 944 gestorum
1532 884 1612 928 ne
1660 866 2112 944 interciperem
2149 887 2165 926 :
2205 874 2265 927 at
2297 868 2405 929 ubi
2463 866 2755 929 incidunt
2789 874 3265 943 controversiae,
3301 880 3363 933 et
3410 870 3823 951 interpellati:

575 987 765 1049 opus,
793 980 920 1033 tum
957 973 1215 1051 paulum
1245 966 1434 1047 Spatii
1465 983 1674 1037 sumo,
1710 974 1771 1027 et
1802 966 2020 1043 paucis
2049 966 2124 1027 ad
2156 968 2580 1046 quaestionem
2618 966 2826 1028 allatis
2859 968 3251 1035 destinatum
3287 989 3644 1050 persequor
3677 974 3819 1035 iter.

571 1079 745 1139 Nova
801 1094 928 1138 non
984 1093 1204 1153 pauca,
1239 1091 1356 1135 nec
1403 1073 1574 1151 quod
1628 1072 1822 1134 sciam
1872 1072 2183 1135 hactenus
2212 1073 2572 1144 observata,
2607 1073 3121 1138 animadvertent
3154 1076 3415 1137 eruditi.
3471 1076 3819 1145 Annalium

569 1194 750 1240 more
803 1180 1103 1239 adornata
1160 1175 1377 1235 omnia
1429 1182 1606 1245 sunt,
1664 1178 2027 1251 Opportuno
2071 1171 2352 1244 scilicet,
2401 1190 2473 1236 ac
2530 1173 2722 1235 dictis
2779 1175 2940 1236 viris
2994 1175 3466 1252 acceptissimo.
3536 1163 3821 1241 Tametsi

569 1297 748 1354 vero,
786 1280 843 1341 si
902 1279 1057 1357 quid
1117 1282 1402 1339 occurrat
1452 1273 1518 1334 in
1575 1272 1775 1350 gestis
1820 1270 2257 1343 difficultatis,
2318 1272 2417 1342 id,
2474 1280 2541 1335 ut
2600 1273 2996 1352 plurimum,
3058 1278 3273 1353 quoad
3331 1275 3602 1339 facultas
3642 1277 3813 1351 tulit,

570 1384 1021 1464 expendimus,
1080 1383 1366 1464 qumdam
1436 1387 1676 1456 tamen,
1712 1386 1780 1443 ut
1838 1379 2100 1442 evenire
2130 1377 2323 1453 solet,
2369 1381 2791 1459 praetermissa
2842 1388 3022 1451 sunt,
3058 1396 3203 1460 qua)
3250 1382 3377 1459 jam
3420 1381 3821 1461 explicemus

566 1496 839 1567 oportet.

642 1594 704 1655 6.
739 1595 1042 1658 Diximus
1078 1597 1152 1660 ad
1188 1611 1422 1658 annum
1460 1594 1603 1661 322,
1643 1611 1822 1656 num.
1864 1594 1923 1665 1,
1953 1592 2162 1655 videri
2202 1591 2391 1653 nobis
2426 1590 2829 1663 Colluthum,
2871 1594 3284 1656 temerarium
3328 1595 3508 1657 illum
3542 1597 3819 1677 presby-

565 1701 773 1757 terum
812 1697 924 1774 qui
970 1704 1200 1776 suopte
1248 1696 1515 1759 arbitrio
1563 1696 1670 1773 jus
1724 1693 2161 1757 constituendi
2219 1695 2632 1773 presbyteros
2664 1694 2787 1757 sibi
2846 1697 3204 1774 arrogabat,
3247 1699 3546 1762 eumdem
3605 1701 3815 1780 ipsum

563 1815 707 1862 esse
742 1800 850 1878 qui
891 1802 1185 1880 epistolae
1212 1801 1441 1880 synodi
1474 1802 1943 1874 Alexandrinae,
1996 1817 2161 1861 anno
2192 1802 2308 1861 32f
2345 1801 2702 1873 celebratm,
2750 1801 2923 1880 prior
2967 1804 3393 1882 subscripsit;
3424 1822 3613 1867 secus
3646 1806 3817 1867 arbi-

562 1900 708 1962 trati
748 1908 898 1963 sunt
932 1902 1041 1964 alii
1082 1904 1209 1976 viri,
1235 1904 1428 1965 docti.
1482 1906 1637 1966 Rem
1701 1903 1922 1980 paucis
1986 1903 2204 1965 lectori
2255 1920 2653 1980 expromam.
2696 1903 2885 1964 Arius
2913 1904 3278 1972 damnatur
3334 1923 3478 1967 cum
3514 1906 3713 1968 sociis
3744 1907 3807 1967 in

560 2003 813 2079 synodo
867 2003 1298 2066 Alexandrina
1330 2022 1498 2065 anno
1538 2004 1793 2067 circiter
1821 2006 1941 2066 320
2003 2004 2099 2065 vel
2140 2002 2281 2064 321.
2322 2003 2735 2066 Damnationi
2782 2003 2917 2063 Arii
2981 2004 3397 2067 sub‘scribunt
3449 2005 3813 2085 presbyteri

558 2122 783 2170 omnes
811 2108 1226 2172 Alexandrini
1261 2118 1325 2172 ct
1353 2112 1713 2183 Marcotici,
1761 2117 1821 2172 et
1854 2110 2137 2183 diaconi,
2180 2116 2499 2189 quotquot
2538 2109 2782 2173 scilicet
2816 2110 2890 2172 ad
2934 2110 3157 2173 Arium
3195 2127 3320 2172 non
3355 2111 3754 2174 desciverant
3794 2132 3811 2185 ς

556 2205 725 2269 inter
757 2207 952 2271 hosce
1004 2210 1417 2288 presbyteros
1448 2211 1791 2273 Colluthus
1833 2227 2000 2271 unus
2038 2212 2160 2272 hoc
2192 2210 2452 2272 nomine
2493 2208 2717 2284 fertur,
2755 2211 2863 2288 qui
2898 2209 3073 2288 prior
3102 2212 3207 2271 dat
3237 2210 3612 2287 suffragium
3646 2225 3807 2271 con-

555 2318 647 2372 tra
682 2313 957 2375 Arianos
988 2337 1004 2375 :
1034 2315 1404 2377 Colluthum
1444 2334 1590 2379 vero
1621 2317 1931 2378 audacem
1966 2314 2176 2387 illum,
2233 2312 2558 2374 infensum
2619 2310 2875 2371 Arianis
2918 2309 3118 2372 fuisse
3173 2318 3384 2370 narrat
3437 2309 3806 2371 Alexander

558 2414 1030 2475 Alexandrinus
1064 2417 1128 2477 in
1162 2416 1428 2493 epistola
1470 2433 1585 2477 sua
1617 2416 1691 2477 ad
1726 2414 2163 2476 Alexandrum
2198 2409 2995 2490 ConstantinOpolitanum
3024 2411 3129 2490 (α).
3165 2408 3333 2468 Hinc
3376 2409 3809 2487 conjectamus

553 2517 927 2578 Colluthum
955 2518 1209 2582 dissidii
1238 2527 1563 2581 auctorem
1599 2536 1748 2581 eum
1777 2520 1992 2597 ipsum
2028 2535 2171 2581 esse
2204 2516 2313 2596 qui
2353 2514 2604 2593 synodo
2639 2510 3091 2573 Alexandrina)
3122 2510 3367 2586 primus
3400 2508 3804 2587 subscripsit.

555 2616 852 2677 Nondum
889 2617 1058 2679 enim
1093 2635 1224 2697 quo
1262 2627 1546 2698 tempore
1583 2620 1899 2683 celebrata
1932 2621 2225 2700 synodus
2260 2616 2692 2680 Alexandrina
2722 2614 2872 2687 fuit,
2902 2630 3073 2677 anno
3106 2613 3344 2675 scilicet
3380 2612 3499 2673 320
3534 2612 3629 2672 vel
3664 2611 3802 2686 321,

556 2715 865 2777 nefariam
918 2717 1090 2779 illam
1128 2736 1259 2780 rem
1296 2717 1846 2796 aggressusfuisse
1896 2718 2152 2780 videtur
2188 2716 2559 2789 Colluthus;
2611 2732 2754 2777 nam
2801 2716 2854 2776 si
2906 2719 3024 2792 iam
3062 2730 3279 2776 orsum
3313 2718 3373 2773 et
3410 2710 3802 2790 publicatum

552 2815 792 2877 malum
833 2814 1091 2894 fuisset,
1124 2835 1267 2896 qum
1303 2834 1493 2880 causa
1522 2827 1654 2880 erat
1686 2818 1857 2897 quod
1895 2821 1972 2880 de
2004 2826 2178 2879 tanto
2232 2834 2391 2879 ausu
2427 2816 2591 2878 nihil
2632 2817 2694 2878 in
2730 2833 2800 2878 ea
2838 2814 3092 2896 synodo
3124 2813 3459 2890 ageretur?
3492 2810 3620 2871 Res
3652 2826 3805 2871 sane

554 2921 653 2976 est
687 2916 759 2977 ad
796 2918 1082 2996 synodos
1120 2919 1474 2997 pertinens,
1511 2927 1570 2981 et
1607 2918 1985 2997 gravissima
2019 2919 2304 2998 quidem.
2339 2920 2446 2980 Sin
2496 2934 2650 2980 vero
2680 2933 2899 2979 orsum
2927 2913 3272 2978 dissidium
3321 2908 3801 2972 Collutbianuni

553 3035 683 3080 non
728 3028 1038 3083 eratcum
1074 3023 1389 3101 ejusmodi
1430 3026 1723 3101 synodus
1782 3024 2099 3086 celebrata
2130 3023 2282 3098 fuit,
2321 3023 2474 3101 quid
2513 3029 2676 3085 vetat
2707 3022 2865 3101 quin
2906 3025 3206 3100 putemus
3243 3011 3618 3075 Colluthum
3654 3030 3798 3090 pre-

555 3118 921 3194 sbyterum,
953 3120 1062 3199 qui
1100 3123 1346 3199 synodo
1372 3124 1823 3186 Alexandrina;
1857 3126 2105 3201 primus
2139 3122 2523 3199 subscripsit
2551 3122 2720 3183 inter
2755 3119 3190 3197 presbyteros,
3226 3118 3287 3171 et
3317 3108 3498 3171 solus
3531 3108 3803 3188 hujusce

551 3222 837 3284 nominis
893 3223 1133 3286 ibidem
1171 3237 1586 3303 memoratur,
1620 3229 1921 3291 eumdem
1958 3228 2171 3306 ipsum
2221 3243 2363 3289 esse
2404 3225 2514 3304 qui
2551 3222 2807 3285 dissidii
2858 3222 3047 3301 paulo
3087 3229 3230 3300 post
3260 3227 3483 3282 auctor
3515 3215 3641 3281 fuit
3673 3214 3801 3296 (b);

542 3339 694 3382 cum
735 3321 838 3385 hic
868 3341 1126 3404 quoque
1165 3335 1225 3388 et
1258 3329 1594 3407 presbyter
1627 3328 2130 3400 Alexandrinus,
2165 3335 2228 3388 et
2257 3326 2544 3397 Arianis,
2586 3325 2777 3386 initio
2809 3324 3033 3386 saltem
3067 3330 3257 3384 sectae
3285 3336 3443 3391 suae,
3504 3318 3800 3380 infensus

544 3422 765 3495 fuerit,
800 3431 867 3485 ut
906 3432 1179 3489 testatur
1214 3427 1581 3491 Alexander
1617 3429 1818 3506 episc.
1854 3428 2381 3491 Alexandrinus?
2430 3426 2625 3488 Aiunt
2667 3434 2880 3486 autem
2925 3442 3000 3487 ex
3037 3424 3330 3496 adverso,
3361 3419 3799 3482 Alexandrum

543 3528 631 3589 ita
674 3526 755 3591 de
785 3527 1084 3592 Collutho
1130 3532 1543 3595 schismatico
1577 3534 1763 3595 verba
1818 3530 2053 3605 facere,
2102 3540 2170 3594 ut
2208 3533 2494 3595 indicare
2532 3532 2827 3594 videatur
2861 3529 3084 3592 eodem
3124 3543 3254 3607 quo
3278 3525 3470 3588 Arius
3511 3534 3802 3603 tempore

543 3630 760 3708 ipsum
802 3633 1019 3709 turbas
1070 3636 1388 3712 movisse;
1434 3643 1496 3697 et
1544 3635 1978 3714 Epiphaniam
2039 3636 2186 3698 liter.
2224 3654 2378 3697 inx
2415 3637 2658 3710 dicere,
2705 3632 3105 3705 Colluthum,
3141 3634 3513 3703 Sarmﬂlﬂm,
3553 3630 3803 3708 ΕΒΓΡο-

544 3746 693 3791 nem
730 3733 1048 3800 ctArium
1094 3738 1526 3814 presbyteros,
1567 3738 1811 3816 quibus
1847 3744 2026 3798 erant
2074 3746 2357 3817 quatuor
2388 3737 2838 3799 Alexandrina)
2888 3733 3192 3797 Ecclesim
3223 3731 3627 3825 contributae,
3667 3737 3803 3790 tur-

543 3828 766 3891 barum
810 3840 1103 3895 auctores
1153 3834 1354 3898 fuisse
1394 3846 1457 3902 et
1492 3840 1708 3918 populi
1764 3841 2192 3903 Alexandrini
2250 3842 2730 3904 multitudinem
2778 3839 2842 3901 in
2902 3838 3110 3900 varias
3141 3836 3518 3898 distraxisse
3557 3841 3800 3912 partes.

538 3929 664 4001 Qui
711 3930 1116 4009 Epiphanius
1154 3932 1286 3997 haec
1312 3937 1584 4000 dicendo
1615 3940 1872 4003 videtur
1904 3943 2215 4017 indicare,
2245 3944 2469 4005 eodem
2514 3951 2797 4020 tempore
2827 3940 3084 4002 obortas
3110 3938 3309 4000 fuisse
3340 3934 3479 4007 illas
3506 3937 3799 4017 Alexan-

538 4031 760 4103 drinas
791 4031 1145 4112 factiones;
1179 4047 1373 4117 atque
1406 4041 1568 4104 adeo
1602 4041 1968 4106 Colluthum
2014 4045 2145 4123 jam
2191 4053 2320 4107 tum
2358 4062 2500 4106 cum
2535 4044 2729 4129 Arius
2768 4032 3179 4105 damnaretur
3209 4036 3523 4100 defecisse
3555 4041 3632 4099 ab
3672 4040 3797 4100 Ec-

540 4136 760 4209 clesia,
813 4138 1096 4219 ideoque
1152 4160 1278 4206 non
1338 4145 1522 4208 illum
1587 4149 1801 4228 ipsum
1865 4169 2008 4215 esse
2066 4153 2177 4232 qui
2215 4151 2670 4213 Alexandrinae
2724 4150 2983 4227 synodo
3035 4146 3207 4227 prior
3264 4164 3339 4208 ex
3394 4143 3796 4225 presbyteris

541 4239 919 4316 suffragium
975 4242 1172 4304 dedit.
1210 4245 1454 4308 Verum
1499 4267 1717 4326 nemo,
1775 4259 1841 4313 ut
1895 4268 2109 4330 spero,
2166 4253 2319 4315 citra
2380 4251 2849 4332 praajudicatam
2906 4248 3281 4325 Opinionem
3335 4244 3681 4306 Alexandri
3730 4249 3795 4303 et

537 4343 881 4423 Epiphanii
921 4349 1109 4411 verba
1148 4351 1334 4427 leget,
1369 4352 1481 4430 qui
1522 4352 1845 4413 existimet
1882 4369 1992 4413 eos
2024 4351 2106 4413 ita
2157 4351 2378 4413 stricte
2409 4358 2661 4429 tempus
2706 4347 3071 4425 signiﬁcare
3104 4345 3412 4414 voluisse,
3451 4349 3518 4404 ut
3560 4347 3789 4403 eodem

524 4449 804 4511 .omnino
841 4453 1149 4531 temporis
1182 4462 1419 4531 puncto
1461 4455 1710 4529 Arium,
1743 4455 2116 4518 Colluthum
2151 4463 2211 4516 et
2244 4456 2404 4518 alios
2438 4454 2695 4516 dedisse
2726 4452 2949 4514 turbas
3000 4460 3058 4512 et
3090 4444 3458 4509 scliismatis
3490 4449 3794 4503 auctores

534 4551 740 4616 fuisse
785 4563 1067 4618 narrent.
1110 4558 1176 4618 Et
1212 4558 1539 4635 vulgatum
1576 4568 1671 4623 est
1721 4568 1790 4623 ut
1827 4566 2052 4625 eodem
2111 4570 2393 4641 tempore
2432 4570 2606 4639 gesta
2640 4560 2955 4627 dicamus,
2991 4573 3137 4637 quae
3189 4552 3443 4616 modico
3482 4542 3793 4628 temporis

537 4660 765 4737 spatio,
807 4661 953 4724 licet
1004 4664 1126 4724 alia
1167 4665 1369 4742 prius,
1406 4666 1529 4727 alia
1573 4668 1918 4744 posterius,
1955 4667 2308 4730 evenerint.
2371 4666 2467 4727 Ad
2508 4667 2638 4728 haec
2691 4682 2765 4726 ex
2812 4661 3170 4741 Epiphanio
3206 4659 3367 4719 haud
3420 4655 3784 4717 invalidum

535 4775 654 4835 pro
707 4769 923 4823 nostra
974 4764 1281 4841 Opinione
1317 4780 1770 4844 argumentum
1825 4768 2095 4829 eruitur.
2147 4767 2308 4829 Cum
2372 4769 2542 4830 enim
2582 4767 2650 4828 in
2705 4762 3132 4827 Alexandrina
3195 4756 3444 4839 synodo
3483 4756 3791 4833 supeﬁus

540 4874 910 4935 memorata,
946 4867 1167 4939 Arius,
1204 4868 1524 4945 Carpones
1556 4877 1618 4931 et
1650 4873 1969 4941 Sarmates
2002 4873 2411 4941 damnentur,
2456 4890 2525 4933 ac
2560 4870 2638 4932 de
2673 4867 2969 4931 Collutlio
3006 4866 3178 4926 nulla
3216 4862 3459 4924 mentio
3492 4862 3620 4932 sit;
3664 4860 3789 4921 nisi

534 4980 599 5022 in
636 4964 1227 5045 subscriptionibus
1260 4970 1774 5049 presbyterorum
1809 4970 2401 5031 Alexandrinorum
2458 4971 2569 5032 ubi
2604 4969 2841 5047 primas
2878 4965 2988 5027 ille
3022 4972 3227 5037 tenet;
3264 4963 3411 5024 hinc
3443 4979 3598 5023 sane
3636 4976 3791 5023 con-

529 5065 633 5128 ﬁci
688 5066 961 5142 videtur,
997 5070 1372 5134 Colluthum
1415 5073 1700 5135 nondum
1730 5080 1947 5149 aperte
1989 5072 2326 5143 defecisse,
2363 5082 2423 5134 et
2475 5090 2620 5134 eum
2673 5072 2884 5151 ipsum
2937 5086 3077 5133 esse
3109 5069 3220 5149 qui
3254 5066 3637 5159 suffragium
3678 5064 3789 5125 ad-

531 5187 760 5233 versus
809 5172 970 5234 alios
996 5175 1195 5246 dedit,
1236 5182 1295 5237 et
1329 5177 1517 5255 paulo
1542 5181 1681 5254 post
1724 5180 1943 5236 auctor
1978 5175 2232 5234 dissidii
2264 5174 2409 5235 fuit.
2444 5174 2616 5235 Idem
2643 5182 2854 5235 autem
2904 5170 3267 5243 Colluthus,
3307 5186 3479 5231 anno
3526 5168 3670 5239 32h,
3703 5166 3785 5227 ab

530 5274 732 5336 Hosio
771 5274 834 5335 in
868 5278 1116 5355 synodo
1143 5280 1571 5341 Alexandrina
1605 5280 1669 5339 in
1709 5276 2001 5340 ordinem
2038 5277 2336 5339 redactus
2377 5286 2495 5339 est.
2529 5278 2754 5340 Totam
2790 5293 2919 5337 rem
2963 5273 3202 5337 eruditi
3230 5273 3488 5335 lectoris
3520 5268 3787 5333 arbitrio

529 5374 987 5453 permittimus.

614 5478 672 5539 7.
708 5480 804 5542 Ad
846 5498 1083 5544 annum
1131 5485 1271 5557 326,
1306 5499 1481 5546 num.
1522 5484 1581 5558 1,
1617 5482 1896 5546 diximus
1931 5489 2201 5547 mortem
2246 5480 2589 5543 Alexanlri
2629 5478 3053 5543 Alexandrini
3112 5474 3406 5558 praesulis
3444 5492 3476 5537 a
3516 5473 3788 5555 quibus-

602 5708 675 5783 (ᾳ)
714 5706 916 5783 Ilieon.
960 5711 1056 5783 ub.
1085 5727 1122 5776 ι,
1153 5727 1272 5783 cap.
1313 5711 1363 5767 4.

596 5778 673 5846 (ις)
714 5777 920 5834 Theod.
955 5782 1059 5834 ibid
1110 5864 1115 5867 _
