3998 6520
1236 452 1395 507 VITA
1434 452 1491 507 s.
1536 450 1919 507 ATIIANASU.
1956 485 2028 496 _
2048 452 2389 508 .uomrun.
3339 476 3442 517 ml
3460 492 3471 517 ,δ

172 567 292 627 dam
330 564 741 642 conStgnar-i
786 564 856 625 in
897 565 978 626 26
1023 563 1350 627 Februarii
1384 565 1672 643 ejusdem
1706 566 1851 627 anni
1887 586 1903 627 :
1938 582 2037 627 res
2064 566 2195 644 jam
2228 562 2583 626 accuratius
2619 565 3063 643 investiganda
3097 571 3283 629 nonis
3318 584 3439 631 est.

178 666 238 727 Ut
261 664 369 726 diu
404 664 705 742 ignotus
734 668 1278 731 Occidentalibus
1312 670 1431 731 fuit
1470 686 1677 731 annus
1700 670 1918 732 obitus
1952 670 2322 741 Athanasii;
2360 669 2453 731 sic
2484 687 2607 747 qua
2654 669 2759 731 die
2790 669 3137 734 decesserit
3166 673 3444 734 Alexan-

173 771 286 839 der,
339 769 414 831 ad
452 787 691 851 usque
735 782 1028 837 nostram
1090 784 1338 838 aetatem
1400 776 1762 852 ignoratum
1815 782 1955 849 est;
2016 776 2219 837 donec
2278 774 2523 837 scilicet
2574 765 2889 837 Orientale
2945 774 3302 836 Chronicon
3362 775 3469 836 ab.

173 871 515 934 Abrahamo
546 876 957 941 Eckellensi
994 880 1232 943 editum
1269 881 1389 941 fuit
1427 881 1492 941 in
1561 879 1979 959 typograpbia
2012 881 2211 958 regia,
2244 896 2412 943 anno
2445 882 2627 953 1651,
2661 886 2723 942 et
2753 880 3013 959 quidem
3058 879 3441 941 concinnata

172 981 233 1039 ad
263 984 567 1040 mentem-
606 977 996 1059 Captorum
1050 1004 1163 1047 seu
1212 986 1675 1059 Jacobitarum,
1728 1001 1853 1045 non
1893 984 2333 1046 Melchitarum
2384 1003 2499 1047 seu
2544 986 2763 1048 Greece
2811 984 2961 1046 ritui
2997 964 3441 1051 addictorum;

169 1082 333 1161 Cujus
355 1081 693 1145 Chronici
739 1102 880 1148 non
928 1089 1391 1150 contemnenda
1423 1105 1566 1167 pars
1594 1097 1687 1151 est
1716 1087 2224 1165 chronographia
2251 1076 2747 1168 patriarcharum
2787 1089 3187 1152 Alexandriae
3221 1088 3441 1150 Latine

172 1188 449 1249 translata
503 1188 592 1250 ab
646 1191 905 1253 eodem
940 1192 1331 1256 Eckellensi.
1365 1194 1457 1254 ibi
1525 1209 1736 1254 annus
1786 1192 2003 1255 obitus
2036 1191 2392 1267 Athanasii,
2426 1202 2486 1254 et
2528 1195 2677 1255 anni
2714 1191 3119 1270 episcopatus
3149 1189 3287 1267 ejus
3324 1208 3439 1267 ap-

170 1289 350 1365 prime
382 1295 759 1353 notantur.
790 1291 1167 1355 Alexander
1195 1310 1347 1354 vero
1380 1294 1617 1355 ibidem
1654 1292 1896 1353 obiisse
1930 1291 2127 1353 fertur
2151 1292 2253 1354 die
2283 1288 2363 1352 22
2392 1293 2742 1366 Barmudae,
2778 1299 2842 1353 ut
2901 1296 3154 1364 vocant,
3195 1292 3439 1353 mensis

167 1401 365 1455 exacto
393 1394 533 1471 jam
569 1413 769 1456 anno
801 1396 953 1464 318,
980 1400 1276 1455 currente
1314 1409 1465 1455 vero
1499 1393 1620 1453 319
1650 1408 1792 1453 term
1835 1390 2212 1452 Christiana:
2260 1393 2733 1465 Alexandrinm,
2777 1392 3069 1453 videlicet
3120 1407 3287 1451 anno
3320 1390 3465 1451 326.

173 1492 600 1571 Dionystanaa,
644 1493 919 1554 decima
953 1491 1221 1569 septima
1276 1491 1524 1570 Aprilis
1576 1492 1847 1564 Juliani,
1888 1510 2029 1553 cum
2064 1499 2233 1553 esset
2267 1492 2472 1553 littera
2512 1490 2926 1553 Dominicalis
2980 1491 3046 1563 B,
3106 1489 3440 1551 Dominicn

168 1596 478 1669 nimirum,
517 1615 605 1659 ex
645 1599 947 1678 antiquo
989 1597 1337 1660 Orientalis
1371 1596 1695 1659 Ecclesia
1730 1614 1877 1669 usu,
1921 1596 2216 1659 inchoata
2266 1598 2341 1659 ad
2392 1615 2720 1677 vesperam
2773 1596 3055 1669 Sabbati,
3104 1596 3458 1657 occidente-

167 1693 302 1766 sole,
335 1696 411 1755 ad
449 1710 834 1772 vesperam
897 1710 1104 1772 usque
1136 1702 1561 1771 sequentem;
1617 1692 1702 1756 ita
1744 1702 1952 1757 tamen
1987 1702 2057 1756 ut
2108 1696 2408 1757 vicesima
2458 1696 2739 1758 secunda
2770 1696 3123 1767 .Barmudte
3158 1697 3437 1765 mensis,

163 1793 253 1868 qui
296 1792 519 1871 Contis
573 1810 708 1873 pro
765 1794 995 1872 Aprile
1032 1793 1328 1866 habetur,
1361 1796 1435 1855 ad
1486 1794 1757 1856 mediam
1793 1802 2043 1856 noctem
2080 1812 2256 1858 more
2304 1796 2590 1859 Romano
2628 1796 2973 1858 desineret.
3011 1795 3193 1858 Obiit
3243 1796 3441 1874 igitur

164 1896 535 1966 Alexander,
578 1901 793 1957 nocte
849 1893 1248 1955 Dominicam
1295 1894 1462 1956 inter
1505 1902 1569 1956 et
1616 1892 1844 1955 feriam
1892 1895 2237 1957 secundam
2294 1896 2754 1968 intercedente,
2797 1913 2971 1958 anno
3007 1897 3148 1967 326,
3186 1894 3440 1956 decima

164 1995 421 2072 septima
463 1996 770 2074 Aprilis.
811 1994 1232 2056 Wanslebius
1268 1994 1333 2055 in
1380 1995 1725 2073 Egyptum
1774 1995 1944 2057 haud
1990 1996 2186 2056 semel
2242 1997 2715 2074 peregrinatus,
2750 2014 2827 2059 ex
2857 1997 3205 2074 C0ptorum
3250 1995 3434 2067 libris

166 2095 423 2157 eamdem
468 2096 719 2162 obitus
749 2094 1110 2158 Alexandri
1143 2094 1313 2156 diem
1347 2093 1728 2170 assignavit,
1762 2092 2007 2157 scilicet
2037 2096 2117 2155 22
2148 2095 2385 2175 Aprilis
2418 2095 2740 2175 (Coptici),
2770 2113 2961 2176 quem
3009 2094 3290 2173 Egyptii
3326 2111 3439 2155 vo-

166 2200 280 2253 cant
306 2194 761 2267 Barmudam,
804 2194 1163 2271 inciditque
1194 2193 1258 2255 in
1296 2196 1373 2254 17
1417 2192 1654 2271 Aprilis
1685 2193 1955 2256 Iuliani.
1989 2195 2224 2256 Eadem
2260 2212 2451 2273 porro
2483 2196 2589 2257 die
2635 2196 2694 2257 S.
2738 2194 3089 2258 Alexandri
3127 2196 3434 2257 memoria

166 2295 501 2358 celebratur
548 2316 605 2358 ar
629 2297 859 2373 Copta
892 2307 955 2360 et
985 2299 1358 2377 Abyssinis,
1393 2307 1456 2359 et
1488 2300 1552 2360 in
1587 2299 2303 2377 antiquissimoeorum
2337 2300 2619 2362 Kaleuda
2636 2301 2731 2361 rio
2768 2300 3086 2379 ipsissima
3114 2298 3221 2361 die
3268 2314 3437 2359 mor-

164 2407 282 2459 tuus
341 2398 561 2462 fertur
633 2401 1046 2464 Alexander.
1106 2403 1572 2479 Argumentum
1633 2418 1823 2479 porro
1885 2400 2044 2463 illud
2105 2408 2224 2475 est,
2263 2402 2437 2463 illam
2494 2418 2706 2463 veram
2757 2417 2900 2462 esse
2960 2405 3020 2461 et
3080 2396 3433 2474 genuinam

163 2498 479 2563 Alexandri
518 2503 774 2564 obitus
813 2502 1017 2576 diem,
1050 2502 1219 2579 quod
1283 2502 1349 2561 in
1396 2501 1785 2563 Kalendario
1818 2502 2289 2582 Abyssinorum
2324 2501 2728 2580 Ethiopum,
2764 2499 2877 2580 qui
2913 2514 2988 2561 ex
3020 2498 3283 2578 Coptico
3321 2512 3431 2557 ca-

166 2606 343 2683 talogo
377 2609 792 2686 exscriptus
833 2608 988 2668 olim
1015 2605 1160 2681 fuit,
1194 2607 1269 2668 ad
1309 2604 1679 2667 vicesimam
1715 2604 2063 2668 secundam
2108 2606 2350 2667 mensis
2382 2605 2711 2667 Barmudte
2744 2606 2874 2665 haec
2912 2600 3233 2678 legantur,
3263 2595 3435 2656 Ales-

162 2706 397 2770 kandros
430 2710 626 2772 Lika:
664 2708 915 2787 Papus,
958 2708 1016 2768 id
1053 2716 1146 2770 est
1196 2706 1554 2769 Alexander
1601 2707 2110 2787 presbyterorum
2150 2708 2543 2788 patriarcha,
2582 2724 2653 2770 ac
2685 2707 2737 2767 si
2775 2704 2975 2778 dicas,
3038 2718 3308 2762 summus
3335 2718 3434 2758 sa-

163 2807 366 2869 cerdos.
401 2811 475 2870 ln
523 2826 696 2890 quas
752 2809 949 2870 verba
986 2807 1117 2870 btet:
1144 2815 1319 2869 notat
1356 2808 1735 2885 Ludolphus
1771 2810 1849 2888 (a)
1886 2830 1901 2869 :
1952 2809 2235 2870 Decimus
2282 2827 2485 2870 nonus
2530 2807 2895 2888 patriarcha
2932 2802 3427 2870 Alexandrinus,

165 2910 304 2974 [ήκω
331 2914 741 2982 Μθὴωὺωεο,
770 2932 1002 2992 prmes
1035 2912 1291 2974 concilii
1326 2912 1568 2975 Nicani
1626 2915 1984 2975 aecumenici
2034 2914 2108 2975 ab
2148 2915 2513 2974 encomiaste
2548 2922 2827 2984 rocatur,
2861 2911 2964 2971 cui
2999 2906 3433 2986 astipulantur

161 3012 416 3077 historici
446 3017 870 3090 Orientales,
907 3016 1060 3077 obiit
1106 3020 1221 3080 hoc
1266 3020 1404 3096 ipso
1437 3018 1559 3077 die.
1610 3019 1671 3079 Si
1708 3019 2120 3082 Theodoreto
2153 3020 2310 3081 ﬁdes
2358 3028 2552 3092 esset,
2600 3018 2947 3081 Alexandri
2984 3015 3198 3077 obitus
3238 3012 3434 3091 probe
3474 2999 3487 3003 ’

162 3118 210 3176 in
240 3120 687 3183 Februarium
727 3120 887 3181 anni
920 3122 1039 3203 326
1069 3122 1289 3183 referri
1328 3131 1541 3201 posset
1574 3144 1591 3185 :
1630 3124 1717 3185 ait

1869 3141 1983 3202 ppe
2015 3123 2186 3185 diem
2219 3124 2488 3198 obiisse,
2515 3128 2645 3194 μετά
2678 3132 2841 3197 μῆνας
2874 3123 3019 3177 πέντε
3052 3127 3142 3178 τῆς
3171 3120 3220 3171 ἐν
3252 3118 3448 3187 Nimia.

159 3219 361 3288 ειηόδεν,
393 3224 707 3303 quinque
754 3221 1238 3301 mensibusvpost
1264 3221 1579 3286 Nicwnam
1621 3224 1926 3301 synodum
1955 3226 2215 3287 exactis.
2262 3229 2338 3285 At
2375 3224 2819 3285 Theodorctus
2864 3218 3029 3282 haud
3065 3215 3216 3277 satis
3248 3230 3405 3275 accu

162 3332 264 3386 rate
298 3325 672 3388 Athanasii
712 3324 1110 3384 sententiam
1147 3325 1425 3403 excepit.
1462 3325 1678 3401 Longe
1736 3343 2013 3404 namque
2047 3326 2212 3388 varia
2253 3331 2460 3386 narrat
2514 3322 2940 3389 Athanasius;
2992 3318 3103 3379 sed
3161 3330 3240 3377 en
3292 3315 3445 3390 ejus

163 3434 407 3489 mentem
429 3474 446 3487 .
491 3429 693 3487 Dum'
718 3424 948 3485 turbas
982 3426 1153 3485 daret
1182 3425 1505 3498 Meletius,
1535 3434 1705 3483 ταῦτα
1740 3457 1742 3470 ι

1860 3432 2134 3504 ράττοντος
2161 3433 2253 3482 τοῦ
2282 3427 2547 3490 Με).ετίου,
2592 3422 2882 3486 haeresim
2911 3421 3209 3481 Arianam
3251 3430 3439 3477 exor-

162 3534 258 3586 tam
289 3547 465 3599 esse,
492 3532 690 3603 γέγονε
726 3534 820 3585 καὶ
850 3533 884 3590 ἡ
910 3528 1138 3599 ’Δρειανή
1180 3528 1407 3599 αἵρεσις.
1474 3526 1722 3589 Deinde

1855 3546 1918 3589 ro
1956 3528 2249 3589 btnresitn
2306 3527 2528 3587 Nicaea)
2558 3526 2944 3594 damnatam,
2978 3519 3245 3580 Arianos
3280 3528 3434 3575 vero

162 3626 413 3690 Ecclesia
466 3634 731 3706 ejectos
766 3632 999 3703 fuisse,
1031 3610 1393 3693 ἐξεϐλήθησαν,
1430 3626 1509 3686 At
1556 3642 1744 3686 secus
1778 3644 1920 3686 cum
1956 3626 2318 3688 Meletianis
2354 3631 2592 3696 actum,
2626 3640 2767 3683 nam
2808 3618 3071 3683 admissi
3112 3617 3173 3678 iu
3207 3616 3433 3676 Eccle-

161 3726 290 3787 siam
321 3729 566 3804 fuere;
621 3729 949 3808 additque
997 3730 1388 3791 Athanasius
1431 3745 1553 3789 ιιοη
1594 3745 1932 3790 necessum
1970 3744 2118 3789 esse
2162 3742 2415 3787 narrare
2451 3723 2604 3804 quid
2648 3739 2856 3784 causa:
2894 3720 3085 3780 fuerit
3130 3715 3304 3796 quod
3335 3712 3430 3772 illi

162 3830 676 3893 atmitterentur.
710 3829 885 3885 Οὔπω
912 3832 1016 3905 γὰρ
1044 3831 1193 3886 πέντε
1228 3838 1380 3900 μῆνες
1420 3830 1698 3900 παρῆλθον,

1849 3847 1888 3887 n
1922 3828 2192 3906 quinque
2221 3825 2529 3885 mensibus
2556 3819 3113 3891 nondum'exactis,
3148 3815 3428 3878 Alexan-

162 3931 253 3991 der
280 3950 605 3993 reversus
647 3933 1143 4007 Alexandriam,
1180 3933 1677 4011 Nicaanojussui
1713 3933 2105 4012 obsequens,
2142 3930 2415 4008 perﬁdos
2463 3930 2525 3989 in
2574 3923 2921 3987 Ecclesium
2954 3918 3253 3989 admittit,
3287 3923 3368 3973 καὶ
3405 3914 3434 3971 ὅ

161 4031 231 4095 μὲν
254 4034 553 4105 μακαρίτης
588 4029 926 4102 Ἀλέξανδρος
970 4031 1345 4098 τετελεύτηκεν,
1397 4039 1463 4091 ει
1489 4032 1675 4093 beata:
1724 4050 1740 4091 1

1856 4032 2030 4091 toria:
2057 4028 2415 4090 Alexander
2442 4026 2619 4088 obiit.
2656 4026 2715 4079 Οἱ
2756 4023 2808 4078 δὲ
2844 4021 3132 4077 Maleum!
3170 4015 3281 4072 δίον
3314 4020 3435 4086 ἠρε-

162 4139 253 4198 μεῖν
278 4139 366 4189 καὶ
410 4128 1025 4210 χάριν·ἒχεενὸτι·κᾶν
1063 4134 1189 4196 ὅλως
1219 4133 1531 4205 ἐδέχθησαν,
1579 4132 1739 4193 Scilit

1877 4131 2225 4202 Meletiani,
2258 4146 2425 4208 quos
2462 4127 2801 4206 quiescere
2847 4140 2955 4201 par
2987 4124 3144 4191 erat,
3181 4128 3242 4179 et
3287 4135 3434 4196 gra-

166 4235 247 4293 tia:
282 4236 425 4295 loco
458 4234 716 4295 habere
766 4231 948 4310 quod
984 4234 1207 4311 aliquo
1239 4235 1466 4295 saltem
1498 4232 1691 4294 modo
1722 4250 1745 4293 a

1853 4232 1983 4293 lissi
2022 4232 2314 4302 fuissent,
2354 4230 2399 4284 oi
2428 4227 2479 4283 δέ
2504 4229 2639 4282 κατὰ
2671 4228 2794 4285 τοὺς
2827 4226 3002 4289 κύνας,
3035 4231 3184 4291 etc.,
3219 4218 3432 4280 statim

164 4342 281 4407 post
311 4341 595 4395 mortem
626 4332 1020 4403 Alexandri,
1056 4336 1239 4412 quasi
1286 4350 1474 4394 canes
1510 4332 1588 4393 ad
1627 4332 1938 4394 vomitum
1991 4332 2228 4393 reversi
2272 4338 2447 4390 sunt.
2482 4330 2687 4389 Palam
2728 4330 2823 4387 est
2868 4319 3319 4388 Athanasium,
3364 4326 3434 4379 ut

166 4444 323 4501 notet
362 4438 898 4501 Meletianorttm
939 4438 1293 4514 perﬁdiam,
1325 4438 1690 4515 signiﬁcare
1725 4454 1942 4515 pacem
1981 4454 2123 4497 cum
2174 4435 2302 4495 illis
2366 4434 2586 4494 initam
2622 4434 2853 4491 damno
2894 4426 3125 4495 fuisse,
3165 4426 3427 4502 quando

166 4545 251 4604 vix
286 4546 582 4624 quinque
627 4539 963 4603 mensium
996 4542 1201 4618 spatio
1236 4548 1375 4620 post
1406 4543 1625 4603 datum
1660 4541 1870 4605 fmdus
1906 4551 2148 4612 exacto,
2184 4540 2258 4599 ad
2294 4536 2625 4615 ingenium
2658 4534 3025 4601 rediissent,
3060 4534 3123 4588 et
3150 4528 3431 4604 pejorem

166 4662 336 4723 quam
369 4656 518 4709 ante
557 4644 953 4707 intulissent
986 4643 1290 4706 Ecclesim
1321 4644 1593 4706 cladem.
1632 4646 1796 4707 Illud
1834 4660 2046 4721 porro,
2069 4641 2372 4701 mensibus
2402 4639 2668 4717 quinque
2698 4634 2974 4695 nondum
3005 4634 3265 4702 exactis,
3301 4646 3432 4690 non

165 4765 190 4804 ε
217 4748 419 4809 soluta
455 4749 725 4810 Nicaeae
775 4745 1031 4823 synodo
1065 4751 1151 4807 ait
1183 4748 1599 4820 Athanasius,
1640 4749 1727 4809 uti
1771 4748 2084 4816 diximus,
2118 4745 2225 4804 sed
2260 4762 2290 4804 a
2330 4743 2598 4819 receptis
2645 4734 3007 4799 Mcletianis
3047 4753 3062 4792 :
3098 4730 3268 4810 quod
3304 4750 3432 4810 qua

165 4847 390 4909 ratione
446 4856 813 4927 peractum
856 4844 1070 4914 fuerit,
1119 4856 1322 4909 narrat
1370 4850 1668 4924 inferius,
1704 4866 1770 4911 n.
1818 4850 1900 4909 72
1942 4845 2129 4927 Apol.
2163 4853 2385 4906 contra
2431 4843 2650 4904 Arion.
2694 4836 3112 4907 Athanasius,
3149 4832 3252 4894 ubi
3291 4842 3433 4910 post

166 4948 403 5012 allatum
441 4951 696 5015 Meletii
742 4948 1174 5023 Breviarium,
1208 4952 1293 5013 ait
1357 4954 1688 5015 Meletium
1746 4952 2088 5029 episcopos
2145 4957 2207 5012 et
2262 4949 2699 5028 presbyteros,
2737 4944 2846 5006 abs
2896 4960 2965 5004 se
3018 4958 3129 5019 per
3178 4938 3432 4999 diversa

166 5048 399 5128 Egypti
436 5054 577 5115 loca
609 5053 1051 5125 constitutos,
1100 5056 1465 5119 Alexandro
1498 5075 1711 5119 coram
1748 5056 2059 5118 abductos
2093 5055 2437 5117 obtulisse.
2474 5052 2590 5113 Ubi
2629 5050 2918 5112 advertas
2963 5044 3180 5115 velim,
3210 5058 3433 5102 neces-

168 5165 297 5209 sum
348 5170 486 5215 esse
554 5171 697 5215 non
755 5152 1023 5231 paulum
1083 5155 1481 5219 intervenire
1536 5157 1847 5233 temporis
1878 5157 2157 5234 spatium
2192 5156 2269 5216 ab
2302 5155 2579 5215 adventu
2618 5145 2957 5210 Alexandri
2992 5143 3199 5203 Nicaea
3241 5139 3434 5201 remi-

170 5248 383 5321 grantis
414 5252 927 5323 Alexandriam,
965 5271 1173 5332 usque
1206 5255 1356 5315 dum
1388 5262 1475 5316 tot
1505 5255 1790 5333 episcopi
1827 5256 1891 5315 in
1929 5266 2050 5317 tam
2087 5255 2334 5316 dissitis
2369 5252 2524 5313 locis
2566 5251 2753 5329 positi
2784 5249 2851 5308 in
2888 5245 3173 5309 eamdem
3206 5240 3430 5301 urbem

171 5352 595 5426 convenirent,
641 5358 723 5413 ut
751 5351 1122 5412 Alexandro
1154 5369 1366 5412 coram
1401 5354 1813 5415 sisterentur.
1844 5352 1993 5415 Ideo
2019 5362 2229 5416 autem
2265 5351 2654 5414 Athanasius
2690 5354 2845 5428 post.
2872 5346 3007 5407 haec
3039 5342 3253 5409 verba,
3286 5336 3345 5390 οἱ
3377 5334 3430 5389 δέ

170 5446 418 5508 Ὴεὶετεανοί
438 5451 812 5511 ὁπωσδήποτε
848 5448 1155 5519 ἕόέχθὴσαν⁶
1184 5452 1243 5505 οὐ
1268 5454 1366 5527 γὰρ
1388 5457 1667 5526 ἀναγκαῖον
1689 5460 1776 5507 νῦν
1814 5460 1906 5513 τήν
1940 5456 2105 5511 αἰτίαν
2138 5456 2396 5526 ὀνομάζειν
2416 5492 2430 5515 ,
2491 5466 2637 5511 mox
2694 5445 2931 5524 adjicit,
2976 5441 3119 5497 οὔπω
3144 5440 3245 5511 γάρ
3280 5436 3432 5490 πίνη

171 5557 293 5613 tua":
321 5557 609 5630 παρῆλθον,
652 5558 741 5606 καί
770 5550 797 5604 ὁ
832 5552 1233 5627 μένμακκρίτηε
1259 5553 1578 5629 Ἀλέξανδρος
1610 5555 1983 5621 τετελεύτηκεν,
2012 5556 2058 5611 οἱ
2091 5556 2143 5612 δὲ
2181 5554 2492 5615 Μελετιανοὶ,
2520 5551 2632 5607 δέον
2670 5553 2897 5623 ἠρεμεῖν,
2962 5547 3032 5604 ut
3088 5539 3289 5618 p8le
3342 5533 3433 5594 fa‘

169 5653 265 5716 ciat
294 5658 639 5721 intirmam-
687 5654 919 5717 fuisse
961 5677 1173 5735 pacem
1230 5662 1397 5723 illam
1432 5678 1579 5721 cum
1619 5657 2009 5730 Meletianis,
2045 5673 2190 5718 cum
2229 5657 2330 5716 vix
2366 5655 2600 5730 elapsis
2640 5646 2927 5728 (ιυίυιιυθ
2962 5646 3113 5717 ροει·
3144 5633 3431 5699 reconci‘

217 5884 283 5955 (ε)
318 5884 376 5942 In
408 5879 870 5944 Commentario.
