  <div class='ocr_page' id='page_1' title='image "/cluster/home/n/w/nwhite01/storage/ocr_20150623/25/hvd.32044004972428/063.png"; bbox 0 0 3998 6512; ppageno 0'>
   <div class='ocr_carea' id='block_1_1' title="bbox 590 418 2479 477">
    <p class='ocr_par' dir='ltr' id='par_1_1' title="bbox 590 418 2479 477">
     <span class='ocr_line' id='line_1_1' title="bbox 590 418 2479 477; baseline 0.006 -14"><span class='ocrx_word' id='word_1_1' title='bbox 590 418 719 463; x_wconf 72' lang='lat' dir='ltr'>uin</span> <span class='ocrx_word' id='word_1_2' title='bbox 1949 418 2479 477; x_wconf 68' lang='lat' dir='ltr'>PROLEGOMENA.</span> 
     </span>
    </p>
   </div>
   <div class='ocr_carea' id='block_1_2' title="bbox 596 517 3836 624">
    <p class='ocr_par' dir='ltr' id='par_1_2' title="bbox 596 517 3836 624">
     <span class='ocr_line' id='line_1_2' title="bbox 596 517 3836 624; baseline 0.009 -46"><span class='ocrx_word' id='word_1_3' title='bbox 596 517 806 580; x_wconf 89' lang='lat' dir='ltr'>liatam</span> <span class='ocrx_word' id='word_1_4' title='bbox 870 522 1135 599; x_wconf 85' lang='lat' dir='ltr'>gratiam</span> <span class='ocrx_word' id='word_1_5' title='bbox 1176 533 1507 592; x_wconf 71' lang='lat' dir='ltr'>mensnbus</span> <span class='ocrx_word' id='word_1_6' title='bbox 1559 532 1771 593; x_wconf 83' lang='lat' dir='ltr'>denuo</span> <span class='ocrx_word' id='word_1_7' title='bbox 1812 535 2025 594; x_wconf 90' lang='lat' dir='ltr'>turbas</span> <span class='ocrx_word' id='word_1_8' title='bbox 2071 536 2364 599; x_wconf 78' lang='lat' dir='ltr'>dederint</span> <span class='ocrx_word' id='word_1_9' title='bbox 2420 559 2435 597; x_wconf 90' lang='lat'><strong>:</strong></span> <span class='ocrx_word' id='word_1_10' title='bbox 2490 536 2663 598; x_wconf 87' lang='lat' dir='ltr'>unde</span> <span class='ocrx_word' id='word_1_11' title='bbox 2718 538 3129 617; x_wconf 88' lang='lat' dir='ltr'>perspicuum</span> <span class='ocrx_word' id='word_1_12' title='bbox 3188 539 3509 615; x_wconf 83' lang='lat' dir='ltr'>videatur,</span> <span class='ocrx_word' id='word_1_13' title='bbox 3544 542 3836 624; x_wconf 87' lang='lat' dir='ltr'>quinque</span> 
     </span>
    </p>
   </div>
   <div class='ocr_carea' id='block_1_3' title="bbox 595 616 3835 704">
    <p class='ocr_par' dir='ltr' id='par_1_3' title="bbox 595 616 3835 704">
     <span class='ocr_line' id='line_1_3' title="bbox 595 616 3835 704; baseline 0.009 -30"><span class='ocrx_word' id='word_1_14' title='bbox 595 616 917 680; x_wconf 86' lang='lat' dir='ltr'>mensium</span> <span class='ocrx_word' id='word_1_15' title='bbox 954 622 1289 685; x_wconf 78' lang='lat' dir='ltr'>exordium</span> <span class='ocrx_word' id='word_1_16' title='bbox 1317 627 1484 700; x_wconf 0' lang='lat' dir='ltr'>educi</span> <span class='ocrx_word' id='word_1_17' title='bbox 1521 628 1600 690; x_wconf 86' lang='lat' dir='ltr'>ab</span> <span class='ocrx_word' id='word_1_18' title='bbox 1631 632 1905 691; x_wconf 85' lang='lat' dir='ltr'>adventu</span> <span class='ocrx_word' id='word_1_19' title='bbox 1943 640 2001 693; x_wconf 89' lang='lat' dir='ltr'>et</span> <span class='ocrx_word' id='word_1_20' title='bbox 2036 632 2563 695; x_wconf 80' lang='lat' dir='ltr'>reconciliatione</span> <span class='ocrx_word' id='word_1_21' title='bbox 2613 616 3102 698; x_wconf 86' lang='lat' dir='ltr'>Meletianorum</span> <span class='ocrx_word' id='word_1_22' title='bbox 3139 652 3284 698; x_wconf 89' lang='lat' dir='ltr'>cum</span> <span class='ocrx_word' id='word_1_23' title='bbox 3333 639 3726 703; x_wconf 89' lang='lat' dir='ltr'>Alexandro.</span> <span class='ocrx_word' id='word_1_24' title='bbox 3765 643 3835 704; x_wconf 88' lang='lat' dir='ltr'>In</span> 
     </span>
    </p>
   </div>
   <div class='ocr_carea' id='block_1_4' title="bbox 594 716 3830 803">
    <p class='ocr_par' dir='ltr' id='par_1_4' title="bbox 594 716 3830 803">
     <span class='ocr_line' id='line_1_4' title="bbox 594 716 3830 803; baseline 0.009 -29"><span class='ocrx_word' id='word_1_25' title='bbox 594 716 880 797; x_wconf 89' lang='lat' dir='ltr'>antiquis</span> <span class='ocrx_word' id='word_1_26' title='bbox 930 720 1306 786; x_wconf 88' lang='lat' dir='ltr'>Latinorum</span> <span class='ocrx_word' id='word_1_27' title='bbox 1344 725 1817 803; x_wconf 76' lang='lat' dir='ltr'>Martyrologiis</span> <span class='ocrx_word' id='word_1_28' title='bbox 1876 727 2047 791; x_wconf 92' lang='lat' dir='ltr'>nulla</span> <span class='ocrx_word' id='word_1_29' title='bbox 2085 731 2149 791; x_wconf 91' lang='lat' dir='ltr'>S.</span> <span class='ocrx_word' id='word_1_30' title='bbox 2199 731 2540 792; x_wconf 82' lang='lat' dir='ltr'>Alexandri</span> <span class='ocrx_word' id='word_1_31' title='bbox 2579 730 2999 793; x_wconf 77' lang='lat' dir='ltr'>Alexandrini</span> <span class='ocrx_word' id='word_1_32' title='bbox 3046 736 3350 797; x_wconf 86' lang='lat' dir='ltr'>memoria</span> <span class='ocrx_word' id='word_1_33' title='bbox 3391 745 3522 799; x_wconf 90' lang='lat' dir='ltr'>erat</span> <span class='ocrx_word' id='word_1_34' title='bbox 3556 761 3573 800; x_wconf 90' lang='lat'><strong>:</strong></span> <span class='ocrx_word' id='word_1_35' title='bbox 3611 758 3830 802; x_wconf 87' lang='lat' dir='ltr'>verum</span> 
     </span>
    </p>
   </div>
   <div class='ocr_carea' id='block_1_5' title="bbox 599 822 3833 923">
    <p class='ocr_par' dir='ltr' id='par_1_5' title="bbox 599 822 3833 923">
     <span class='ocr_line' id='line_1_5' title="bbox 599 822 3833 923; baseline 0.009 -43"><span class='ocrx_word' id='word_1_36' title='bbox 599 822 902 888; x_wconf 83' lang='lat' dir='ltr'>vicesima</span> <span class='ocrx_word' id='word_1_37' title='bbox 961 835 1139 891; x_wconf 90' lang='lat' dir='ltr'>sexta</span> <span class='ocrx_word' id='word_1_38' title='bbox 1182 830 1512 893; x_wconf 83' lang='lat' dir='ltr'>Februarii</span> <span class='ocrx_word' id='word_1_39' title='bbox 1568 831 1674 893; x_wconf 93' lang='lat' dir='ltr'>die</span> <span class='ocrx_word' id='word_1_40' title='bbox 1714 837 2233 899; x_wconf 87' lang='lat' dir='ltr'>memorabantur</span> <span class='ocrx_word' id='word_1_41' title='bbox 2268 836 2654 909; x_wconf 78' lang='lat' dir='ltr'>Alexander,</span> <span class='ocrx_word' id='word_1_42' title='bbox 2690 838 2921 900; x_wconf 89' lang='lat' dir='ltr'>Nestor</span> <span class='ocrx_word' id='word_1_43' title='bbox 2949 848 3010 901; x_wconf 85' lang='lat' dir='ltr'>et</span> <span class='ocrx_word' id='word_1_44' title='bbox 3058 841 3282 903; x_wconf 86' lang='lat' dir='ltr'>Theon</span> <span class='ocrx_word' id='word_1_45' title='bbox 3319 853 3630 923; x_wconf 81' lang='lat' dir='ltr'>martyres</span> <span class='ocrx_word' id='word_1_46' title='bbox 3688 864 3833 909; x_wconf 88' lang='lat' dir='ltr'>cum</span> 
     </span>
    </p>
   </div>
   <div class='ocr_carea' id='block_1_6' title="bbox 592 922 3832 1012">
    <p class='ocr_par' dir='ltr' id='par_1_6' title="bbox 592 922 3832 1012">
     <span class='ocr_line' id='line_1_6' title="bbox 592 922 3832 1012; baseline 0.009 -31"><span class='ocrx_word' id='word_1_47' title='bbox 592 922 788 982; x_wconf 87' lang='lat' dir='ltr'>sociis</span> <span class='ocrx_word' id='word_1_48' title='bbox 819 925 983 989; x_wconf 81' lang='lat' dir='ltr'>suis.</span> <span class='ocrx_word' id='word_1_49' title='bbox 1045 929 1137 989; x_wconf 90' lang='lat' dir='ltr'>Ita</span> <span class='ocrx_word' id='word_1_50' title='bbox 1174 930 1418 992; x_wconf 86' lang='lat' dir='ltr'>scilicet</span> <span class='ocrx_word' id='word_1_51' title='bbox 1474 930 1540 991; x_wconf 89' lang='lat' dir='ltr'>in</span> <span class='ocrx_word' id='word_1_52' title='bbox 1599 931 2058 1012; x_wconf 82' lang='lat' dir='ltr'>Martyrologio</span> <span class='ocrx_word' id='word_1_53' title='bbox 2114 937 2504 999; x_wconf 87' lang='lat' dir='ltr'>Gcllonense</span> <span class='ocrx_word' id='word_1_54' title='bbox 2541 945 2603 999; x_wconf 90' lang='lat' dir='ltr'>et</span> <span class='ocrx_word' id='word_1_55' title='bbox 2638 937 2701 998; x_wconf 92' lang='lat' dir='ltr'>in</span> <span class='ocrx_word' id='word_1_56' title='bbox 2744 940 3183 1002; x_wconf 86' lang='lat' dir='ltr'>vetustissimo</span> <span class='ocrx_word' id='word_1_57' title='bbox 3216 942 3441 1007; x_wconf 67' lang='lat' dir='ltr'>Lucem</span> <span class='ocrx_word' id='word_1_58' title='bbox 3495 965 3651 1009; x_wconf 91' lang='lat' dir='ltr'>cuso</span> <span class='ocrx_word' id='word_1_59' title='bbox 3690 965 3832 1010; x_wconf 89' lang='lat' dir='ltr'>cum</span> 
     </span>
    </p>
   </div>
   <div class='ocr_carea' id='block_1_7' title="bbox 598 1026 3833 1129">
    <p class='ocr_par' dir='ltr' id='par_1_7' title="bbox 598 1026 3833 1129">
     <span class='ocr_line' id='line_1_7' title="bbox 598 1026 3833 1129; baseline 0.012 -47"><span class='ocrx_word' id='word_1_60' title='bbox 598 1026 768 1086; x_wconf 90' lang='lat' dir='ltr'>notis</span> <span class='ocrx_word' id='word_1_61' title='bbox 811 1027 1318 1111; x_wconf 86' lang='lat' dir='ltr'>Florentinii(a).</span> <span class='ocrx_word' id='word_1_62' title='bbox 1350 1033 1427 1094; x_wconf 86' lang='lat' dir='ltr'>In</span> <span class='ocrx_word' id='word_1_63' title='bbox 1470 1034 1598 1106; x_wconf 84' lang='lat' dir='ltr'>bis,</span> <span class='ocrx_word' id='word_1_64' title='bbox 1634 1036 1925 1114; x_wconf 89' lang='lat' dir='ltr'>inquam,</span> <span class='ocrx_word' id='word_1_65' title='bbox 1960 1040 2437 1119; x_wconf 83' lang='lat' dir='ltr'>Martyrelogiis</span> <span class='ocrx_word' id='word_1_66' title='bbox 2474 1041 2951 1121; x_wconf 86' lang='lat' dir='ltr'>(Gellonianum</span> <span class='ocrx_word' id='word_1_67' title='bbox 2989 1047 3231 1129; x_wconf 80' lang='lat' dir='ltr'>excipe)</span> <span class='ocrx_word' id='word_1_68' title='bbox 3276 1057 3628 1118; x_wconf 87' lang='lat' dir='ltr'>secundum</span> <span class='ocrx_word' id='word_1_69' title='bbox 3664 1075 3833 1119; x_wconf 90' lang='lat' dir='ltr'>mar-</span> 
     </span>
    </p>
   </div>
   <div class='ocr_carea' id='block_1_8' title="bbox 592 1128 3833 1236">
    <p class='ocr_par' dir='ltr' id='par_1_8' title="bbox 592 1128 3833 1236">
     <span class='ocr_line' id='line_1_8' title="bbox 592 1128 3833 1236; baseline 0.013 -56"><span class='ocrx_word' id='word_1_70' title='bbox 592 1128 762 1199; x_wconf 85' lang='lat' dir='ltr'>tyres</span> <span class='ocrx_word' id='word_1_71' title='bbox 799 1142 947 1188; x_wconf 91' lang='lat' dir='ltr'>mox</span> <span class='ocrx_word' id='word_1_72' title='bbox 1000 1140 1406 1209; x_wconf 88' lang='lat' dir='ltr'>memoratos,</span> <span class='ocrx_word' id='word_1_73' title='bbox 1441 1134 1677 1214; x_wconf 77' lang='lat' dir='ltr'>legitur</span> <span class='ocrx_word' id='word_1_74' title='bbox 1708 1160 1723 1198; x_wconf 90' lang='lat'><strong>:</strong></span> <span class='ocrx_word' id='word_1_75' title='bbox 1769 1139 1845 1199; x_wconf 86' lang='lat' dir='ltr'>In</span> <span class='ocrx_word' id='word_1_76' title='bbox 1874 1138 2266 1200; x_wconf 70' lang='lat' dir='ltr'>Alexandria</span> <span class='ocrx_word' id='word_1_77' title='bbox 2298 1140 2531 1201; x_wconf 85' lang='lat' dir='ltr'>Felicis</span> <span class='ocrx_word' id='word_1_78' title='bbox 2580 1150 2635 1203; x_wconf 88' lang='lat' dir='ltr'>et</span> <span class='ocrx_word' id='word_1_79' title='bbox 2680 1143 3015 1206; x_wconf 81' lang='lat' dir='ltr'>sociorum.</span> <span class='ocrx_word' id='word_1_80' title='bbox 3049 1128 3219 1212; x_wconf 86' lang='lat' dir='ltr'>Hinc</span> <span class='ocrx_word' id='word_1_81' title='bbox 3249 1153 3464 1215; x_wconf 86' lang='lat' dir='ltr'>vitiata</span> <span class='ocrx_word' id='word_1_82' title='bbox 3501 1156 3833 1236; x_wconf 87' lang='lat' dir='ltr'>interpun-</span> 
     </span>
    </p>
   </div>
   <div class='ocr_carea' id='block_1_9' title="bbox 587 1226 3832 1333">
    <p class='ocr_par' dir='ltr' id='par_1_9' title="bbox 587 1226 3832 1333">
     <span class='ocr_line' id='line_1_9' title="bbox 587 1226 3832 1333; baseline 0.012 -46"><span class='ocrx_word' id='word_1_83' title='bbox 587 1226 824 1299; x_wconf 87' lang='lat' dir='ltr'>clione,</span> <span class='ocrx_word' id='word_1_84' title='bbox 876 1229 1058 1302; x_wconf 90' lang='lat' dir='ltr'>illud,</span> <span class='ocrx_word' id='word_1_85' title='bbox 1096 1234 1161 1313; x_wconf 73' lang='lat' dir='ltr'>ip</span> <span class='ocrx_word' id='word_1_86' title='bbox 1211 1236 1619 1314; x_wconf 84' lang='lat' dir='ltr'>Alexandria,</span> <span class='ocrx_word' id='word_1_87' title='bbox 1665 1242 1740 1303; x_wconf 85' lang='lat' dir='ltr'>ad</span> <span class='ocrx_word' id='word_1_88' title='bbox 1790 1243 2092 1321; x_wconf 85' lang='lat' dir='ltr'>superius</span> <span class='ocrx_word' id='word_1_89' title='bbox 2138 1253 2523 1308; x_wconf 87' lang='lat' dir='ltr'>memoratos</span> <span class='ocrx_word' id='word_1_90' title='bbox 2564 1252 2898 1327; x_wconf 86' lang='lat' dir='ltr'>martyres,</span> <span class='ocrx_word' id='word_1_91' title='bbox 2939 1250 3181 1316; x_wconf 90' lang='lat' dir='ltr'>scilicet</span> <span class='ocrx_word' id='word_1_92' title='bbox 3214 1257 3677 1333; x_wconf 83' lang='lat' dir='ltr'>Alexandrum,</span> <span class='ocrx_word' id='word_1_93' title='bbox 3705 1264 3832 1326; x_wconf 86' lang='lat' dir='ltr'>Ne-</span> 
     </span>
    </p>
   </div>
   <div class='ocr_carea' id='block_1_10' title="bbox 584 1337 3831 1440">
    <p class='ocr_par' dir='ltr' id='par_1_10' title="bbox 584 1337 3831 1440">
     <span class='ocr_line' id='line_1_10' title="bbox 584 1337 3831 1440; baseline 0.01 -50"><span class='ocrx_word' id='word_1_94' title='bbox 584 1337 850 1403; x_wconf 85' lang='lat' dir='ltr'>storem,</span> <span class='ocrx_word' id='word_1_95' title='bbox 894 1341 1044 1409; x_wconf 93' lang='lat' dir='ltr'>etc.,</span> <span class='ocrx_word' id='word_1_96' title='bbox 1101 1338 1471 1417; x_wconf 88' lang='lat' dir='ltr'>adjunctum</span> <span class='ocrx_word' id='word_1_97' title='bbox 1526 1341 1673 1405; x_wconf 82' lang='lat' dir='ltr'>fuit.</span> <span class='ocrx_word' id='word_1_98' title='bbox 1728 1344 1829 1407; x_wconf 89' lang='lat' dir='ltr'>Sic</span> <span class='ocrx_word' id='word_1_99' title='bbox 1862 1346 2115 1408; x_wconf 88' lang='lat' dir='ltr'>turbato</span> <span class='ocrx_word' id='word_1_100' title='bbox 2172 1348 2367 1410; x_wconf 89' lang='lat' dir='ltr'>semel</span> <span class='ocrx_word' id='word_1_101' title='bbox 2408 1350 2665 1426; x_wconf 91' lang='lat' dir='ltr'>ordine,</span> <span class='ocrx_word' id='word_1_102' title='bbox 2704 1360 2928 1414; x_wconf 86' lang='lat' dir='ltr'>auctor</span> <span class='ocrx_word' id='word_1_103' title='bbox 2979 1354 3347 1417; x_wconf 83' lang='lat' dir='ltr'>brevissimi</span> <span class='ocrx_word' id='word_1_104' title='bbox 3390 1359 3831 1440; x_wconf 86' lang='lat' dir='ltr'>Martyrologii</span> 
     </span>
    </p>
   </div>
   <div class='ocr_carea' id='block_1_11' title="bbox 584 1427 3832 1535">
    <p class='ocr_par' dir='ltr' id='par_1_11' title="bbox 584 1427 3832 1535">
     <span class='ocr_line' id='line_1_11' title="bbox 584 1427 3832 1535; baseline 0.01 -48"><span class='ocrx_word' id='word_1_105' title='bbox 584 1427 952 1509; x_wconf 77' lang='lat' dir='ltr'>Aquileiam</span> <span class='ocrx_word' id='word_1_106' title='bbox 981 1438 1179 1499; x_wconf 83' lang='lat' dir='ltr'>Roma</span> <span class='ocrx_word' id='word_1_107' title='bbox 1217 1441 1602 1517; x_wconf 89' lang='lat' dir='ltr'>transmissi,</span> <span class='ocrx_word' id='word_1_108' title='bbox 1635 1449 1694 1504; x_wconf 90' lang='lat' dir='ltr'>et</span> <span class='ocrx_word' id='word_1_109' title='bbox 1725 1444 1934 1506; x_wconf 90' lang='lat' dir='ltr'>Adoni</span> <span class='ocrx_word' id='word_1_110' title='bbox 1973 1446 2325 1509; x_wconf 80' lang='lat' dir='ltr'>Viennensi</span> <span class='ocrx_word' id='word_1_111' title='bbox 2368 1458 2585 1526; x_wconf 80' lang='lat' dir='ltr'>postea</span> <span class='ocrx_word' id='word_1_112' title='bbox 2619 1451 2842 1525; x_wconf 91' lang='lat' dir='ltr'>oblati,</span> <span class='ocrx_word' id='word_1_113' title='bbox 2879 1454 3150 1515; x_wconf 90' lang='lat' dir='ltr'>nimium</span> <span class='ocrx_word' id='word_1_114' title='bbox 3184 1458 3570 1535; x_wconf 76' lang='lat' dir='ltr'>coniecturis</span> <span class='ocrx_word' id='word_1_115' title='bbox 3611 1461 3832 1524; x_wconf 88' lang='lat' dir='ltr'>indul-</span> 
     </span>
    </p>
   </div>
   <div class='ocr_carea' id='block_1_12' title="bbox 583 1539 3834 1633">
    <p class='ocr_par' dir='ltr' id='par_1_12' title="bbox 583 1539 3834 1633">
     <span class='ocr_line' id='line_1_12' title="bbox 583 1539 3834 1633; baseline 0.01 -42"><span class='ocrx_word' id='word_1_116' title='bbox 583 1548 767 1610; x_wconf 81' lang='lat' dir='ltr'>gens,</span> <span class='ocrx_word' id='word_1_117' title='bbox 800 1539 1237 1604; x_wconf 78' lang='lat' dir='ltr'>Alexandrum</span> <span class='ocrx_word' id='word_1_118' title='bbox 1298 1545 1480 1607; x_wconf 91' lang='lat' dir='ltr'>illum</span> <span class='ocrx_word' id='word_1_119' title='bbox 1516 1548 1853 1626; x_wconf 63' lang='lat' dir='ltr'>praesulem</span> <span class='ocrx_word' id='word_1_120' title='bbox 1895 1566 2039 1612; x_wconf 90' lang='lat' dir='ltr'>esse</span> <span class='ocrx_word' id='word_1_121' title='bbox 2088 1558 2284 1624; x_wconf 89' lang='lat' dir='ltr'>ratus,</span> <span class='ocrx_word' id='word_1_122' title='bbox 2326 1553 2417 1614; x_wconf 91' lang='lat' dir='ltr'>sic</span> <span class='ocrx_word' id='word_1_123' title='bbox 2447 1555 2749 1617; x_wconf 89' lang='lat' dir='ltr'>audacter</span> <span class='ocrx_word' id='word_1_124' title='bbox 2794 1559 3098 1633; x_wconf 89' lang='lat' dir='ltr'>restituit,</span> <span class='ocrx_word' id='word_1_125' title='bbox 3131 1558 3531 1622; x_wconf 69' lang='lat' dir='ltr'>Alexandria</span> <span class='ocrx_word' id='word_1_126' title='bbox 3562 1561 3834 1624; x_wconf 84' lang='lat' dir='ltr'>Alexan-</span> 
     </span>
    </p>
   </div>
   <div class='ocr_carea' id='block_1_13' title="bbox 583 1632 3833 1735">
    <p class='ocr_par' dir='ltr' id='par_1_13' title="bbox 583 1632 3833 1735">
     <span class='ocr_line' id='line_1_13' title="bbox 583 1632 3833 1735; baseline 0.009 -43"><span class='ocrx_word' id='word_1_127' title='bbox 583 1632 689 1694; x_wconf 89' lang='lat' dir='ltr'>dri</span> <span class='ocrx_word' id='word_1_128' title='bbox 715 1635 991 1713; x_wconf 78' lang='lat' dir='ltr'>gloriosi</span> <span class='ocrx_word' id='word_1_129' title='bbox 1012 1645 1173 1703; x_wconf 82' lang='lat' dir='ltr'>senis</span> <span class='ocrx_word' id='word_1_130' title='bbox 1197 1644 1498 1725; x_wconf 78' lang='lat' dir='ltr'>episcopi,</span> <span class='ocrx_word' id='word_1_131' title='bbox 1532 1654 1593 1710; x_wconf 91' lang='lat' dir='ltr'>et</span> <span class='ocrx_word' id='word_1_132' title='bbox 1624 1649 1700 1711; x_wconf 90' lang='lat' dir='ltr'>ad</span> <span class='ocrx_word' id='word_1_133' title='bbox 1735 1648 2102 1711; x_wconf 88' lang='lat' dir='ltr'>vicesimam</span> <span class='ocrx_word' id='word_1_134' title='bbox 2137 1653 2475 1731; x_wconf 84' lang='lat' dir='ltr'>septimam</span> <span class='ocrx_word' id='word_1_135' title='bbox 2514 1655 2801 1733; x_wconf 86' lang='lat' dir='ltr'>ejusdem</span> <span class='ocrx_word' id='word_1_136' title='bbox 2838 1658 3081 1720; x_wconf 87' lang='lat' dir='ltr'>mensis</span> <span class='ocrx_word' id='word_1_137' title='bbox 3119 1658 3338 1735; x_wconf 88' lang='lat' dir='ltr'>habet,</span> <span class='ocrx_word' id='word_1_138' title='bbox 3374 1660 3631 1721; x_wconf 79' lang='lat' dir='ltr'>Iuliani</span> <span class='ocrx_word' id='word_1_139' title='bbox 3659 1681 3833 1722; x_wconf 86' lang='lat' dir='ltr'>mar-</span> 
     </span>
    </p>
   </div>
   <div class='ocr_carea' id='block_1_14' title="bbox 583 1733 3829 1839">
    <p class='ocr_par' dir='ltr' id='par_1_14' title="bbox 583 1733 3829 1839">
     <span class='ocr_line' id='line_1_14' title="bbox 583 1733 3829 1839; baseline 0.01 -48"><span class='ocrx_word' id='word_1_140' title='bbox 583 1733 746 1809; x_wconf 81' lang='lat' dir='ltr'>tyris</span> <span class='ocrx_word' id='word_1_141' title='bbox 781 1741 835 1794; x_wconf 79' lang='lat' dir='ltr'>et</span> <span class='ocrx_word' id='word_1_142' title='bbox 881 1737 1057 1799; x_wconf 76' lang='lat' dir='ltr'>Enni</span> <span class='ocrx_word' id='word_1_143' title='bbox 1090 1734 1364 1819; x_wconf 79' lang='lat' dir='ltr'>quicum</span> <span class='ocrx_word' id='word_1_144' title='bbox 1417 1743 1553 1823; x_wconf 83' lang='lat' dir='ltr'>ipso</span> <span class='ocrx_word' id='word_1_145' title='bbox 1586 1763 1721 1806; x_wconf 84' lang='lat' dir='ltr'>sene</span> <span class='ocrx_word' id='word_1_146' title='bbox 1751 1750 1816 1806; x_wconf 82' lang='lat' dir='ltr'>in</span> <span class='ocrx_word' id='word_1_147' title='bbox 1849 1748 2232 1827; x_wconf 81' lang='lat' dir='ltr'>confessione</span> <span class='ocrx_word' id='word_1_148' title='bbox 2272 1749 2682 1827; x_wconf 80' lang='lat' dir='ltr'>perduravit;</span> <span class='ocrx_word' id='word_1_149' title='bbox 2716 1754 2797 1814; x_wconf 90' lang='lat' dir='ltr'>ita</span> <span class='ocrx_word' id='word_1_150' title='bbox 2832 1761 2901 1814; x_wconf 89' lang='lat' dir='ltr'>ut</span> <span class='ocrx_word' id='word_1_151' title='bbox 2957 1765 3302 1835; x_wconf 82' lang='lat' dir='ltr'>martyrem</span> <span class='ocrx_word' id='word_1_152' title='bbox 3355 1767 3416 1821; x_wconf 90' lang='lat' dir='ltr'>et</span> <span class='ocrx_word' id='word_1_153' title='bbox 3449 1760 3829 1839; x_wconf 88' lang='lat' dir='ltr'>episcopum</span> 
     </span>
    </p>
   </div>
   <div class='ocr_carea' id='block_1_15' title="bbox 583 1836 3832 1941">
    <p class='ocr_par' dir='ltr' id='par_1_15' title="bbox 583 1836 3832 1941">
     <span class='ocr_line' id='line_1_15' title="bbox 583 1836 3832 1941; baseline 0.01 -48"><span class='ocrx_word' id='word_1_154' title='bbox 583 1849 844 1911; x_wconf 84' lang='lat' dir='ltr'>quoque</span> <span class='ocrx_word' id='word_1_155' title='bbox 876 1836 1306 1903; x_wconf 83' lang='lat' dir='ltr'>Alexandrum</span> <span class='ocrx_word' id='word_1_156' title='bbox 1338 1842 1541 1909; x_wconf 88' lang='lat' dir='ltr'>fuisse</span> <span class='ocrx_word' id='word_1_157' title='bbox 1580 1858 1916 1925; x_wconf 89' lang='lat' dir='ltr'>memoret,</span> <span class='ocrx_word' id='word_1_158' title='bbox 1954 1850 2128 1929; x_wconf 91' lang='lat' dir='ltr'>quod</span> <span class='ocrx_word' id='word_1_159' title='bbox 2166 1853 2389 1931; x_wconf 87' lang='lat' dir='ltr'>utique</span> <span class='ocrx_word' id='word_1_160' title='bbox 2421 1851 2676 1915; x_wconf 90' lang='lat' dir='ltr'>falsum.</span> <span class='ocrx_word' id='word_1_161' title='bbox 2709 1855 2784 1915; x_wconf 91' lang='lat' dir='ltr'>Et</span> <span class='ocrx_word' id='word_1_162' title='bbox 2834 1872 2982 1919; x_wconf 89' lang='lat' dir='ltr'>vero</span> <span class='ocrx_word' id='word_1_163' title='bbox 3013 1859 3376 1925; x_wconf 85' lang='lat' dir='ltr'>Alexander</span> <span class='ocrx_word' id='word_1_164' title='bbox 3407 1836 3515 1923; x_wconf 85' lang='lat' dir='ltr'>ille</span> <span class='ocrx_word' id='word_1_165' title='bbox 3542 1836 3832 1941; x_wconf 80' lang='lat' dir='ltr'>quidem,</span> 
     </span>
    </p>
   </div>
   <div class='ocr_carea' id='block_1_16' title="bbox 586 1933 3833 2028">
    <p class='ocr_par' dir='ltr' id='par_1_16' title="bbox 586 1933 3833 2028">
     <span class='ocr_line' id='line_1_16' title="bbox 586 1933 3833 2028; baseline 0.008 -35"><span class='ocrx_word' id='word_1_166' title='bbox 586 1938 654 1994; x_wconf 88' lang='lat' dir='ltr'>ut</span> <span class='ocrx_word' id='word_1_167' title='bbox 689 1933 987 2011; x_wconf 87' lang='lat' dir='ltr'>primitus</span> <span class='ocrx_word' id='word_1_168' title='bbox 1020 1938 1268 2018; x_wconf 87' lang='lat' dir='ltr'>jacebat</span> <span class='ocrx_word' id='word_1_169' title='bbox 1318 1942 1587 2025; x_wconf 78' lang='lat' dir='ltr'>integris</span> <span class='ocrx_word' id='word_1_170' title='bbox 1640 1947 1858 2021; x_wconf 87' lang='lat' dir='ltr'>rebus,</span> <span class='ocrx_word' id='word_1_171' title='bbox 1900 1953 2138 2028; x_wconf 80' lang='lat' dir='ltr'>martyr</span> <span class='ocrx_word' id='word_1_172' title='bbox 2166 1967 2314 2011; x_wconf 85' lang='lat' dir='ltr'>vere</span> <span class='ocrx_word' id='word_1_173' title='bbox 2347 1948 2492 2022; x_wconf 93' lang='lat' dir='ltr'>fuit,</span> <span class='ocrx_word' id='word_1_174' title='bbox 2528 1957 2594 2011; x_wconf 93' lang='lat' dir='ltr'>ut</span> <span class='ocrx_word' id='word_1_175' title='bbox 2632 1952 2977 2023; x_wconf 88' lang='lat' dir='ltr'>observant</span> <span class='ocrx_word' id='word_1_176' title='bbox 3024 1955 3089 2017; x_wconf 88' lang='lat' dir='ltr'>in</span> <span class='ocrx_word' id='word_1_177' title='bbox 3123 1958 3293 2020; x_wconf 90' lang='lat' dir='ltr'>notis</span> <span class='ocrx_word' id='word_1_178' title='bbox 3329 1959 3465 2021; x_wconf 92' lang='lat' dir='ltr'>suis</span> <span class='ocrx_word' id='word_1_179' title='bbox 3511 1933 3833 2021; x_wconf 42' lang='lat' dir='ltr'>Florenti;</span> 
     </span>
    </p>
   </div>
   <div class='ocr_carea' id='block_1_17' title="bbox 583 2034 3832 2148">
    <p class='ocr_par' dir='ltr' id='par_1_17' title="bbox 583 2034 3832 2148">
     <span class='ocr_line' id='line_1_17' title="bbox 583 2034 3832 2148; baseline 0.008 -54"><span class='ocrx_word' id='word_1_180' title='bbox 583 2034 734 2096; x_wconf 90' lang='lat' dir='ltr'>nius</span> <span class='ocrx_word' id='word_1_181' title='bbox 793 2044 850 2097; x_wconf 85' lang='lat' dir='ltr'>rt</span> <span class='ocrx_word' id='word_1_182' title='bbox 918 2040 1397 2106; x_wconf 85' lang='lat' dir='ltr'>Henschenius.</span> <span class='ocrx_word' id='word_1_183' title='bbox 1467 2048 1938 2113; x_wconf 87' lang='lat' dir='ltr'>Vandelbertus</span> <span class='ocrx_word' id='word_1_184' title='bbox 2003 2059 2219 2114; x_wconf 90' lang='lat' dir='ltr'>autem</span> <span class='ocrx_word' id='word_1_185' title='bbox 2292 2054 2358 2114; x_wconf 90' lang='lat' dir='ltr'>in</span> <span class='ocrx_word' id='word_1_186' title='bbox 2416 2055 2878 2135; x_wconf 85' lang='lat' dir='ltr'>Martyrologio</span> <span class='ocrx_word' id='word_1_187' title='bbox 2931 2076 3055 2123; x_wconf 90' lang='lat' dir='ltr'>suo</span> <span class='ocrx_word' id='word_1_188' title='bbox 3116 2058 3401 2148; x_wconf 25' lang='lat' dir='ltr'>matrice,</span> <span class='ocrx_word' id='word_1_189' title='bbox 3440 2060 3832 2137; x_wconf 89' lang='lat' dir='ltr'>conscripto,</span> 
     </span>
    </p>
   </div>
   <div class='ocr_carea' id='block_1_18' title="bbox 584 2137 3830 2244">
    <p class='ocr_par' dir='ltr' id='par_1_18' title="bbox 584 2137 3830 2244">
     <span class='ocr_line' id='line_1_18' title="bbox 584 2137 3830 2244; baseline 0.008 -45"><span class='ocrx_word' id='word_1_190' title='bbox 584 2137 1025 2205; x_wconf 78' lang='lat' dir='ltr'>Alexandrum</span> <span class='ocrx_word' id='word_1_191' title='bbox 1071 2146 1331 2225; x_wconf 90' lang='lat' dir='ltr'>omittit,</span> <span class='ocrx_word' id='word_1_192' title='bbox 1368 2152 1583 2214; x_wconf 88' lang='lat' dir='ltr'>socios</span> <span class='ocrx_word' id='word_1_193' title='bbox 1619 2164 1955 2230; x_wconf 88' lang='lat' dir='ltr'>memorat,</span> <span class='ocrx_word' id='word_1_194' title='bbox 1991 2158 2321 2221; x_wconf 88' lang='lat' dir='ltr'>Theonam</span> <span class='ocrx_word' id='word_1_195' title='bbox 2355 2160 2601 2223; x_wconf 89' lang='lat' dir='ltr'>scilicet</span> <span class='ocrx_word' id='word_1_196' title='bbox 2634 2169 2695 2225; x_wconf 89' lang='lat' dir='ltr'>et</span> <span class='ocrx_word' id='word_1_197' title='bbox 2746 2164 3076 2227; x_wconf 88' lang='lat' dir='ltr'>Nestorem</span> <span class='ocrx_word' id='word_1_198' title='bbox 3117 2142 3424 2244; x_wconf 81' lang='lat' dir='ltr'>martyres</span> <span class='ocrx_word' id='word_1_199' title='bbox 3454 2185 3471 2239; x_wconf 88' lang='lat'><strong>;</strong></span> <span class='ocrx_word' id='word_1_200' title='bbox 3505 2165 3830 2235; x_wconf 78' lang='lat' dir='ltr'>Babanus,</span> 
     </span>
    </p>
   </div>
   <div class='ocr_carea' id='block_1_19' title="bbox 582 2242 3830 2349">
    <p class='ocr_par' dir='ltr' id='par_1_19' title="bbox 582 2242 3830 2349">
     <span class='ocr_line' id='line_1_19' title="bbox 582 2242 3830 2349; baseline 0.008 -46"><span class='ocrx_word' id='word_1_201' title='bbox 582 2242 1025 2311; x_wconf 81' lang='lat' dir='ltr'>Alexandrum</span> <span class='ocrx_word' id='word_1_202' title='bbox 1057 2256 1118 2314; x_wconf 93' lang='lat' dir='ltr'>et</span> <span class='ocrx_word' id='word_1_203' title='bbox 1146 2252 1359 2316; x_wconf 92' lang='lat' dir='ltr'>socios</span> <span class='ocrx_word' id='word_1_204' title='bbox 1397 2261 1664 2320; x_wconf 89' lang='lat' dir='ltr'>tantum.</span> <span class='ocrx_word' id='word_1_205' title='bbox 1692 2259 1833 2322; x_wconf 93' lang='lat' dir='ltr'>Ado</span> <span class='ocrx_word' id='word_1_206' title='bbox 1867 2270 2079 2325; x_wconf 88' lang='lat' dir='ltr'>autem</span> <span class='ocrx_word' id='word_1_207' title='bbox 2116 2264 2511 2327; x_wconf 84' lang='lat' dir='ltr'>Viennensis</span> <span class='ocrx_word' id='word_1_208' title='bbox 2544 2267 2706 2330; x_wconf 90' lang='lat' dir='ltr'>duce</span> <span class='ocrx_word' id='word_1_209' title='bbox 2745 2286 2901 2330; x_wconf 89' lang='lat' dir='ltr'>usus</span> <span class='ocrx_word' id='word_1_210' title='bbox 2950 2270 3413 2349; x_wconf 86' lang='lat' dir='ltr'>Martyrologio</span> <span class='ocrx_word' id='word_1_211' title='bbox 3454 2283 3576 2331; x_wconf 93' lang='lat' dir='ltr'>suo</span> <span class='ocrx_word' id='word_1_212' title='bbox 3631 2284 3830 2345; x_wconf 89' lang='lat' dir='ltr'>supe-</span> 
     </span>
    </p>
   </div>
   <div class='ocr_carea' id='block_1_20' title="bbox 583 2344 3831 2451">
    <p class='ocr_par' dir='ltr' id='par_1_20' title="bbox 583 2344 3831 2451">
     <span class='ocr_line' id='line_1_20' title="bbox 583 2344 3831 2451; baseline 0.008 -45"><span class='ocrx_word' id='word_1_213' title='bbox 583 2344 719 2408; x_wconf 86' lang='lat' dir='ltr'>rius</span> <span class='ocrx_word' id='word_1_214' title='bbox 749 2361 1126 2428; x_wconf 89' lang='lat' dir='ltr'>memorato,</span> <span class='ocrx_word' id='word_1_215' title='bbox 1160 2357 1594 2423; x_wconf 84' lang='lat' dir='ltr'>Alexandrum</span> <span class='ocrx_word' id='word_1_216' title='bbox 1629 2366 1969 2442; x_wconf 61' lang='lat' dir='ltr'>praesulem</span> <span class='ocrx_word' id='word_1_217' title='bbox 1997 2368 2101 2431; x_wconf 89' lang='lat' dir='ltr'>hic</span> <span class='ocrx_word' id='word_1_218' title='bbox 2138 2369 2305 2432; x_wconf 88' lang='lat' dir='ltr'>male</span> <span class='ocrx_word' id='word_1_219' title='bbox 2348 2371 2544 2433; x_wconf 91' lang='lat' dir='ltr'>situm</span> <span class='ocrx_word' id='word_1_220' title='bbox 2578 2375 2716 2435; x_wconf 92' lang='lat' dir='ltr'>suis</span> <span class='ocrx_word' id='word_1_221' title='bbox 2745 2376 2933 2437; x_wconf 91' lang='lat' dir='ltr'>etiam</span> <span class='ocrx_word' id='word_1_222' title='bbox 2969 2376 3136 2437; x_wconf 89' lang='lat' dir='ltr'>notis</span> <span class='ocrx_word' id='word_1_223' title='bbox 3171 2373 3492 2447; x_wconf 89' lang='lat' dir='ltr'>distinxit,</span> <span class='ocrx_word' id='word_1_224' title='bbox 3518 2372 3831 2451; x_wconf 87' lang='lat' dir='ltr'>adjiciens</span> 
     </span>
    </p>
   </div>
   <div class='ocr_carea' id='block_1_21' title="bbox 581 2453 3825 2551">
    <p class='ocr_par' dir='ltr' id='par_1_21' title="bbox 581 2453 3825 2551">
     <span class='ocr_line' id='line_1_21' title="bbox 581 2453 3825 2551; baseline 0.007 -42"><span class='ocrx_word' id='word_1_225' title='bbox 581 2464 728 2511; x_wconf 89' lang='lat' dir='ltr'>eum</span> <span class='ocrx_word' id='word_1_226' title='bbox 763 2453 1136 2533; x_wconf 81' lang='lat' dir='ltr'>episcopum</span> <span class='ocrx_word' id='word_1_227' title='bbox 1166 2459 1572 2527; x_wconf 82' lang='lat' dir='ltr'>Alexandriae</span> <span class='ocrx_word' id='word_1_228' title='bbox 1604 2468 1963 2541; x_wconf 89' lang='lat' dir='ltr'>exstitisse,</span> <span class='ocrx_word' id='word_1_229' title='bbox 1995 2476 2055 2531; x_wconf 91' lang='lat' dir='ltr'>et</span> <span class='ocrx_word' id='word_1_230' title='bbox 2084 2472 2421 2534; x_wconf 89' lang='lat' dir='ltr'>damnasse</span> <span class='ocrx_word' id='word_1_231' title='bbox 2460 2475 2710 2547; x_wconf 91' lang='lat' dir='ltr'>Arium,</span> <span class='ocrx_word' id='word_1_232' title='bbox 2749 2493 2819 2537; x_wconf 88' lang='lat' dir='ltr'>ac</span> <span class='ocrx_word' id='word_1_233' title='bbox 2849 2478 3117 2539; x_wconf 68' lang='lat' dir='ltr'>Nicaeum</span> <span class='ocrx_word' id='word_1_234' title='bbox 3146 2473 3515 2537; x_wconf 84' lang='lat' dir='ltr'>interfuisse</span> <span class='ocrx_word' id='word_1_235' title='bbox 3553 2472 3825 2551; x_wconf 88' lang='lat' dir='ltr'>synodo.</span> 
     </span>
    </p>
   </div>
   <div class='ocr_carea' id='block_1_22' title="bbox 582 2545 3826 2652">
    <p class='ocr_par' dir='ltr' id='par_1_22' title="bbox 582 2545 3826 2652">
     <span class='ocr_line' id='line_1_22' title="bbox 582 2545 3826 2652; baseline 0.005 -40"><span class='ocrx_word' id='word_1_236' title='bbox 582 2545 937 2652; x_wconf 75' lang='lat' dir='ltr'>Usuardus,</span> <span class='ocrx_word' id='word_1_237' title='bbox 969 2562 1193 2618; x_wconf 85' lang='lat' dir='ltr'>auctor</span> <span class='ocrx_word' id='word_1_238' title='bbox 1224 2560 1666 2644; x_wconf 85' lang='lat' dir='ltr'>Martyrologii</span> <span class='ocrx_word' id='word_1_239' title='bbox 1705 2569 1891 2631; x_wconf 64' lang='lat' dir='ltr'>Beda;</span> <span class='ocrx_word' id='word_1_240' title='bbox 1922 2569 2080 2632; x_wconf 87' lang='lat' dir='ltr'>falso</span> <span class='ocrx_word' id='word_1_241' title='bbox 2124 2572 2409 2652; x_wconf 86' lang='lat' dir='ltr'>ascripti,</span> <span class='ocrx_word' id='word_1_242' title='bbox 2442 2545 2782 2647; x_wconf 84' lang='lat' dir='ltr'>Notkerus,</span> <span class='ocrx_word' id='word_1_243' title='bbox 2815 2586 3036 2639; x_wconf 90' lang='lat' dir='ltr'>auctor</span> <span class='ocrx_word' id='word_1_244' title='bbox 3062 2572 3498 2650; x_wconf 82' lang='lat' dir='ltr'>Martyrologii</span> <span class='ocrx_word' id='word_1_245' title='bbox 3532 2545 3826 2643; x_wconf 79' lang='lat' dir='ltr'>Romani,</span> 
     </span>
    </p>
   </div>
   <div class='ocr_carea' id='block_1_23' title="bbox 583 2647 3831 2754">
    <p class='ocr_par' dir='ltr' id='par_1_23' title="bbox 583 2647 3831 2754">
     <span class='ocr_line' id='line_1_23' title="bbox 583 2647 3831 2754; baseline 0.008 -47"><span class='ocrx_word' id='word_1_246' title='bbox 583 2647 768 2725; x_wconf 87' lang='lat' dir='ltr'>quasi</span> <span class='ocrx_word' id='word_1_247' title='bbox 807 2666 963 2715; x_wconf 83' lang='lat' dir='ltr'>oves</span> <span class='ocrx_word' id='word_1_248' title='bbox 996 2660 1330 2734; x_wconf 83' lang='lat' dir='ltr'>gregariae,</span> <span class='ocrx_word' id='word_1_249' title='bbox 1369 2663 1610 2729; x_wconf 87' lang='lat' dir='ltr'>Adonis</span> <span class='ocrx_word' id='word_1_250' title='bbox 1644 2668 1890 2748; x_wconf 88' lang='lat' dir='ltr'>lapsum</span> <span class='ocrx_word' id='word_1_251' title='bbox 1918 2647 2309 2751; x_wconf 48' lang='lat' dir='ltr'>sequuntur;</span> <span class='ocrx_word' id='word_1_252' title='bbox 2348 2675 2558 2754; x_wconf 87' lang='lat' dir='ltr'>Atque</span> <span class='ocrx_word' id='word_1_253' title='bbox 2597 2671 2833 2739; x_wconf 75' lang='lat' dir='ltr'>exinde</span> <span class='ocrx_word' id='word_1_254' title='bbox 2868 2685 3148 2739; x_wconf 88' lang='lat' dir='ltr'>erratum</span> <span class='ocrx_word' id='word_1_255' title='bbox 3183 2674 3485 2745; x_wconf 88' lang='lat' dir='ltr'>obtinuit,</span> <span class='ocrx_word' id='word_1_256' title='bbox 3517 2690 3591 2734; x_wconf 91' lang='lat' dir='ltr'>ac</span> <span class='ocrx_word' id='word_1_257' title='bbox 3621 2672 3686 2731; x_wconf 91' lang='lat' dir='ltr'>in</span> <span class='ocrx_word' id='word_1_258' title='bbox 3730 2672 3831 2730; x_wconf 83' lang='lat' dir='ltr'>vi—</span> 
     </span>
    </p>
   </div>
   <div class='ocr_carea' id='block_1_24' title="bbox 585 2746 3829 2848">
    <p class='ocr_par' dir='ltr' id='par_1_24' title="bbox 585 2746 3829 2848">
     <span class='ocr_line' id='line_1_24' title="bbox 585 2746 3829 2848; baseline 0.007 -41"><span class='ocrx_word' id='word_1_259' title='bbox 585 2746 889 2812; x_wconf 89' lang='lat' dir='ltr'>cesimam</span> <span class='ocrx_word' id='word_1_260' title='bbox 925 2761 1170 2818; x_wconf 88' lang='lat' dir='ltr'>sextam</span> <span class='ocrx_word' id='word_1_261' title='bbox 1209 2759 1541 2848; x_wconf 79' lang='lat' dir='ltr'>Februarii</span> <span class='ocrx_word' id='word_1_262' title='bbox 1602 2746 1888 2831; x_wconf 79' lang='lat' dir='ltr'>certatim</span> <span class='ocrx_word' id='word_1_263' title='bbox 1924 2746 2149 2834; x_wconf 81' lang='lat' dir='ltr'>omnes</span> <span class='ocrx_word' id='word_1_264' title='bbox 2187 2773 2358 2833; x_wconf 88' lang='lat' dir='ltr'>diem</span> <span class='ocrx_word' id='word_1_265' title='bbox 2397 2746 2613 2836; x_wconf 82' lang='lat' dir='ltr'>obitus</span> <span class='ocrx_word' id='word_1_266' title='bbox 2666 2777 3013 2839; x_wconf 87' lang='lat' dir='ltr'>Alexandri</span> <span class='ocrx_word' id='word_1_267' title='bbox 3066 2776 3504 2837; x_wconf 86' lang='lat' dir='ltr'>contulerunt.</span> <span class='ocrx_word' id='word_1_268' title='bbox 3550 2773 3622 2833; x_wconf 89' lang='lat' dir='ltr'>ln</span> <span class='ocrx_word' id='word_1_269' title='bbox 3656 2770 3829 2832; x_wconf 85' lang='lat' dir='ltr'>deci-</span> 
     </span>
    </p>
   </div>
   <div class='ocr_carea' id='block_1_25' title="bbox 582 2858 3825 2962">
    <p class='ocr_par' dir='ltr' id='par_1_25' title="bbox 582 2858 3825 2962">
     <span class='ocr_line' id='line_1_25' title="bbox 582 2858 3825 2962; baseline 0.007 -45"><span class='ocrx_word' id='word_1_270' title='bbox 582 2864 748 2912; x_wconf 79' lang='lat' dir='ltr'>mam</span> <span class='ocrx_word' id='word_1_271' title='bbox 783 2869 983 2962; x_wconf 79' lang='lat' dir='ltr'>porro</span> <span class='ocrx_word' id='word_1_272' title='bbox 1016 2858 1352 2939; x_wconf 88' lang='lat' dir='ltr'>septimam</span> <span class='ocrx_word' id='word_1_273' title='bbox 1388 2870 1631 2950; x_wconf 86' lang='lat' dir='ltr'>Aprilis</span> <span class='ocrx_word' id='word_1_274' title='bbox 1673 2875 1726 2937; x_wconf 91' lang='lat' dir='ltr'>si</span> <span class='ocrx_word' id='word_1_275' title='bbox 1759 2877 2255 2955; x_wconf 89' lang='lat' dir='ltr'>constituamus,</span> <span class='ocrx_word' id='word_1_276' title='bbox 2288 2882 2531 2960; x_wconf 83' lang='lat' dir='ltr'>Optime</span> <span class='ocrx_word' id='word_1_277' title='bbox 2563 2885 2973 2962; x_wconf 87' lang='lat' dir='ltr'>quadrabunt</span> <span class='ocrx_word' id='word_1_278' title='bbox 3011 2883 3253 2959; x_wconf 89' lang='lat' dir='ltr'>omnia,</span> <span class='ocrx_word' id='word_1_279' title='bbox 3296 2882 3389 2945; x_wconf 90' lang='lat' dir='ltr'>uti</span> <span class='ocrx_word' id='word_1_280' title='bbox 3423 2886 3519 2945; x_wconf 90' lang='lat' dir='ltr'>est</span> <span class='ocrx_word' id='word_1_281' title='bbox 3551 2897 3588 2943; x_wconf 89' lang='lat' dir='ltr'>a</span> <span class='ocrx_word' id='word_1_282' title='bbox 3636 2877 3825 2941; x_wconf 88' lang='lat' dir='ltr'>nobis</span> 
     </span>
    </p>
   </div>
   <div class='ocr_carea' id='block_1_26' title="bbox 576 2948 3229 3039">
    <p class='ocr_par' dir='ltr' id='par_1_26' title="bbox 576 2948 3229 3039">
     <span class='ocr_line' id='line_1_26' title="bbox 576 2948 3229 3039; baseline 0.018 -32"><span class='ocrx_word' id='word_1_283' title='bbox 576 2948 881 3025; x_wconf 83' lang='lat' dir='ltr'>superius</span> <span class='ocrx_word' id='word_1_284' title='bbox 920 2948 1519 3033; x_wconf 81' lang='lat' dir='ltr'>commonstratum.</span> <span class='ocrx_word' id='word_1_285' title='bbox 2237 2948 2251 2955; x_wconf 38' lang='lat'>&#39;</span> <span class='ocrx_word' id='word_1_286' title='bbox 2334 2948 2351 2960; x_wconf 38' lang='lat'><strong>-</strong></span> <span class='ocrx_word' id='word_1_287' title='bbox 2579 2948 2600 2962; x_wconf 48' lang='lat'><em>.</em></span> <span class='ocrx_word' id='word_1_288' title='bbox 3224 3034 3229 3039; x_wconf 86' lang='lat'><strong><em>-</em></strong></span> 
     </span>
    </p>
   </div>
   <div class='ocr_carea' id='block_1_27' title="bbox 655 3049 3821 3159">
    <p class='ocr_par' dir='ltr' id='par_1_27' title="bbox 655 3049 3821 3159">
     <span class='ocr_line' id='line_1_27' title="bbox 655 3049 3821 3159; baseline 0.007 -41"><span class='ocrx_word' id='word_1_289' title='bbox 655 3049 751 3113; x_wconf 81' lang='lat' dir='ltr'>Ad</span> <span class='ocrx_word' id='word_1_290' title='bbox 774 3068 1020 3159; x_wconf 62' lang='lat' dir='ltr'>annum</span> <span class='ocrx_word' id='word_1_291' title='bbox 1058 3060 1202 3136; x_wconf 88' lang='lat'><strong>327,</strong></span> <span class='ocrx_word' id='word_1_292' title='bbox 1241 3065 1352 3126; x_wconf 91' lang='lat' dir='ltr'>ubi</span> <span class='ocrx_word' id='word_1_293' title='bbox 1385 3067 1465 3130; x_wconf 92' lang='lat' dir='ltr'>de</span> <span class='ocrx_word' id='word_1_294' title='bbox 1517 3068 1745 3134; x_wconf 87' lang='lat' dir='ltr'>itinere</span> <span class='ocrx_word' id='word_1_295' title='bbox 1802 3074 2139 3140; x_wconf 88' lang='lat' dir='ltr'>Athanasii</span> <span class='ocrx_word' id='word_1_296' title='bbox 2181 3078 2529 3159; x_wconf 88' lang='lat' dir='ltr'>Thebaico,</span> <span class='ocrx_word' id='word_1_297' title='bbox 2569 3084 2917 3148; x_wconf 88' lang='lat' dir='ltr'>notandum</span> <span class='ocrx_word' id='word_1_298' title='bbox 2974 3100 3111 3146; x_wconf 88' lang='lat' dir='ltr'>eam</span> <span class='ocrx_word' id='word_1_299' title='bbox 3148 3081 3502 3147; x_wconf 78' lang='lat' dir='ltr'>clausulam</span> <span class='ocrx_word' id='word_1_300' title='bbox 3534 3081 3821 3143; x_wconf 68' lang='lat' dir='ltr'>Grmcam</span> 
     </span>
    </p>
   </div>
   <div class='ocr_carea' id='block_1_28' title="bbox 580 3149 2159 3265">
    <p class='ocr_par' dir='ltr' id='par_1_28' title="bbox 580 3149 2150 3246">
     <span class='ocr_line' id='line_1_28' title="bbox 580 3149 2150 3246; baseline 0.024 -37"><span class='ocrx_word' id='word_1_301' title='bbox 580 3149 732 3217; x_wconf 69' lang='lat' dir='ltr'>Vita:</span> <span class='ocrx_word' id='word_1_302' title='bbox 763 3154 1104 3234; x_wconf 84' lang='lat' dir='ltr'>Pachomii,</span> <span class='ocrx_word' id='word_1_303' title='bbox 1144 3168 1435 3244; x_wconf 75' lang='grc' dir='ltr'>ἀρχόμενος</span> <span class='ocrx_word' id='word_1_304' title='bbox 1465 3182 1559 3237; x_wconf 75' lang='grc' dir='ltr'>τῆς</span> <span class='ocrx_word' id='word_1_305' title='bbox 1585 3178 1893 3246; x_wconf 70' lang='grc' dir='ltr'>ἐπισκοπῆς.</span> <span class='ocrx_word' id='word_1_306' title='bbox 1925 3199 2056 3244; x_wconf 88' lang='lat' dir='ltr'>non</span> <span class='ocrx_word' id='word_1_307' title='bbox 2085 3184 2150 3246; x_wconf 91' lang='lat' dir='ltr'>fu</span> 
     </span>
    </p>
   </div>
   <div class='ocr_carea' id='block_1_29' title="bbox 2248 3149 3827 3265">
    <p class='ocr_par' dir='ltr' id='par_1_29' title="bbox 2255 3184 3827 3265">
     <span class='ocr_line' id='line_1_29' title="bbox 2255 3184 3827 3265; baseline -0.003 -18"><span class='ocrx_word' id='word_1_308' title='bbox 2255 3185 2547 3247; x_wconf 87' lang='lat' dir='ltr'>eLatine</span> <span class='ocrx_word' id='word_1_309' title='bbox 2603 3202 2852 3247; x_wconf 87' lang='lat' dir='ltr'>versam</span> <span class='ocrx_word' id='word_1_310' title='bbox 2913 3184 2991 3248; x_wconf 87' lang='lat' dir='ltr'>ab</span> <span class='ocrx_word' id='word_1_311' title='bbox 3049 3184 3421 3265; x_wconf 86' lang='lat' dir='ltr'>interprete.</span> <span class='ocrx_word' id='word_1_312' title='bbox 3461 3185 3617 3262; x_wconf 87' lang='lat' dir='ltr'>Ejus</span> <span class='ocrx_word' id='word_1_313' title='bbox 3674 3198 3827 3245; x_wconf 85' lang='lat' dir='ltr'>vera</span> 
     </span>
    </p>
   </div>
   <div class='ocr_carea' id='block_1_30' title="bbox 574 3260 2944 3364">
    <p class='ocr_par' dir='ltr' id='par_1_30' title="bbox 574 3260 2944 3364">
     <span class='ocr_line' id='line_1_30' title="bbox 574 3260 2944 3364; baseline 0.016 -52"><span class='ocrx_word' id='word_1_314' title='bbox 574 3260 893 3321; x_wconf 84' lang='lat' dir='ltr'>sententia</span> <span class='ocrx_word' id='word_1_315' title='bbox 929 3270 1045 3335; x_wconf 89' lang='lat' dir='ltr'>est,</span> <span class='ocrx_word' id='word_1_316' title='bbox 1082 3267 1500 3335; x_wconf 86' lang='lat' dir='ltr'>Athanasium</span> <span class='ocrx_word' id='word_1_317' title='bbox 1530 3293 1606 3339; x_wconf 90' lang='lat' dir='ltr'>eo</span> <span class='ocrx_word' id='word_1_318' title='bbox 1640 3282 2038 3344; x_wconf 86' lang='lat' dir='ltr'>concessisse</span> <span class='ocrx_word' id='word_1_319' title='bbox 2068 3302 2211 3346; x_wconf 90' lang='lat' dir='ltr'>cum</span> <span class='ocrx_word' id='word_1_320' title='bbox 2252 3286 2444 3349; x_wconf 91' lang='lat' dir='ltr'>iniret</span> <span class='ocrx_word' id='word_1_321' title='bbox 2475 3286 2944 3364; x_wconf 81' lang='lat' dir='ltr'>episcopatum.</span> 
     </span>
    </p>
   </div>
   <div class='ocr_carea' id='block_1_31' title="bbox 652 3360 3779 3467">
    <p class='ocr_par' dir='ltr' id='par_1_31' title="bbox 652 3360 3779 3467">
     <span class='ocr_line' id='line_1_31' title="bbox 652 3360 3779 3467; baseline 0.009 -48"><span class='ocrx_word' id='word_1_322' title='bbox 652 3360 747 3419; x_wconf 89' lang='lat' dir='ltr'>Ad</span> <span class='ocrx_word' id='word_1_323' title='bbox 778 3379 1018 3427; x_wconf 89' lang='lat' dir='ltr'>annum</span> <span class='ocrx_word' id='word_1_324' title='bbox 1039 3369 1160 3430; x_wconf 89' lang='lat'>362</span> <span class='ocrx_word' id='word_1_325' title='bbox 1183 3389 1571 3454; x_wconf 80' lang='lat' dir='ltr'>magnopere</span> <span class='ocrx_word' id='word_1_326' title='bbox 1603 3379 1997 3446; x_wconf 89' lang='lat' dir='ltr'>observanda</span> <span class='ocrx_word' id='word_1_327' title='bbox 2023 3384 2153 3449; x_wconf 65' lang='lat' dir='ltr'>haec</span> <span class='ocrx_word' id='word_1_328' title='bbox 2182 3360 2599 3451; x_wconf 34' lang='lat' dir='ltr'>Ammonii&#39;in</span> <span class='ocrx_word' id='word_1_329' title='bbox 2625 3360 2899 3467; x_wconf 81' lang='lat' dir='ltr'>epistola</span> <span class='ocrx_word' id='word_1_330' title='bbox 2941 3392 3028 3451; x_wconf 81' lang='lat' dir='ltr'>De</span> <span class='ocrx_word' id='word_1_331' title='bbox 3065 3391 3209 3453; x_wconf 79' lang='lat' dir='ltr'>Vita</span> <span class='ocrx_word' id='word_1_332' title='bbox 3233 3389 3554 3451; x_wconf 87' lang='lat' dir='ltr'>Pachomii</span> <span class='ocrx_word' id='word_1_333' title='bbox 3585 3388 3779 3451; x_wconf 90' lang='lat' dir='ltr'>verba</span> 
     </span>
    </p>
   </div>
   <div class='ocr_carea' id='block_1_32' title="bbox 574 3468 3828 3569">
    <p class='ocr_par' dir='ltr' id='par_1_32' title="bbox 574 3468 3828 3569">
     <span class='ocr_line' id='line_1_32' title="bbox 574 3468 3828 3569; baseline 0.01 -49"><span class='ocrx_word' id='word_1_334' title='bbox 574 3468 671 3518; x_wconf 64' lang='lat' dir='ltr'>tot!</span> <span class='ocrx_word' id='word_1_335' title='bbox 716 3470 848 3536; x_wconf 82' lang='grc' dir='ltr'>μιτά</span> <span class='ocrx_word' id='word_1_336' title='bbox 883 3472 941 3525; x_wconf 84' lang='grc' dir='ltr'>τὸ</span> <span class='ocrx_word' id='word_1_337' title='bbox 995 3470 1281 3546; x_wconf 77' lang='grc' dir='ltr'>διωχθῆναι</span> <span class='ocrx_word' id='word_1_338' title='bbox 1317 3482 1402 3535; x_wconf 73' lang='grc' dir='ltr'>τ-ἱν</span> <span class='ocrx_word' id='word_1_339' title='bbox 1432 3484 1611 3538; x_wconf 80' lang='grc' dir='ltr'>πάπαν</span> <span class='ocrx_word' id='word_1_340' title='bbox 1638 3484 1933 3543; x_wconf 79' lang='grc' dir='ltr'>Ἀθανάσιον</span> <span class='ocrx_word' id='word_1_341' title='bbox 1982 3497 2055 3559; x_wconf 84' lang='grc' dir='ltr'>τῷ</span> <span class='ocrx_word' id='word_1_342' title='bbox 2086 3493 2271 3565; x_wconf 76' lang='grc' dir='ltr'>ἔννάτῳ</span> <span class='ocrx_word' id='word_1_343' title='bbox 2315 3498 2430 3555; x_wconf 79' lang='grc' dir='ltr'>μηνί</span> <span class='ocrx_word' id='word_1_344' title='bbox 2472 3492 2566 3550; x_wconf 73' lang='grc' dir='ltr'>τοῦ</span> <span class='ocrx_word' id='word_1_345' title='bbox 2622 3495 2769 3550; x_wconf 78' lang='grc' dir='ltr'>ἕκτου</span> <span class='ocrx_word' id='word_1_346' title='bbox 2801 3494 2976 3557; x_wconf 71' lang='grc' dir='ltr'>ἔτους,</span> <span class='ocrx_word' id='word_1_347' title='bbox 3019 3496 3288 3556; x_wconf 80' lang='grc' dir='ltr'>Ἰουλιανὸς</span> <span class='ocrx_word' id='word_1_348' title='bbox 3318 3493 3658 3569; x_wconf 77' lang='grc' dir='ltr'>βασιλεύσας,</span> <span class='ocrx_word' id='word_1_349' title='bbox 3698 3494 3828 3567; x_wconf 65' lang='grc' dir='ltr'>ἀνὴρ</span> 
     </span>
    </p>
   </div>
   <div class='ocr_carea' id='block_1_33' title="bbox 572 3558 2151 3667">
    <p class='ocr_par' dir='ltr' id='par_1_33' title="bbox 572 3558 2151 3647">
     <span class='ocr_line' id='line_1_33' title="bbox 572 3558 2151 3647; baseline 0.02 -37"><span class='ocrx_word' id='word_1_350' title='bbox 572 3558 971 3643; x_wconf 72' lang='grc' dir='ltr'>εἰδωλολάτρης.</span> <span class='ocrx_word' id='word_1_351' title='bbox 1022 3570 1109 3639; x_wconf 63' lang='grc' dir='ltr'>τὸν</span> <span class='ocrx_word' id='word_1_352' title='bbox 1152 3575 1243 3643; x_wconf 78' lang='grc' dir='ltr'>μὲν</span> <span class='ocrx_word' id='word_1_353' title='bbox 1286 3578 1467 3632; x_wconf 82' lang='grc' dir='ltr'>πάπαν</span> <span class='ocrx_word' id='word_1_354' title='bbox 1500 3582 1794 3639; x_wconf 77' lang='grc' dir='ltr'>Ἀθανὰσιον</span> <span class='ocrx_word' id='word_1_355' title='bbox 1838 3586 1908 3647; x_wconf 81' lang='grc' dir='ltr'>εἰς</span> <span class='ocrx_word' id='word_1_356' title='bbox 1937 3590 2025 3644; x_wconf 69' lang='grc' dir='ltr'>τὴν</span> <span class='ocrx_word' id='word_1_357' title='bbox 2048 3590 2151 3647; x_wconf 72' lang='grc' dir='ltr'>Θηε</span> 
     </span>
    </p>
   </div>
   <div class='ocr_carea' id='block_1_34' title="bbox 2249 3558 3828 3667">
    <p class='ocr_par' dir='ltr' id='par_1_34' title="bbox 2250 3589 3828 3667">
     <span class='ocr_line' id='line_1_34' title="bbox 2250 3589 3828 3667; baseline 0.001 -20"><span class='ocrx_word' id='word_1_358' title='bbox 2250 3613 2282 3647; x_wconf 87' lang='grc' dir='ltr'>α</span> <span class='ocrx_word' id='word_1_359' title='bbox 2305 3591 2561 3667; x_wconf 75' lang='grc' dir='ltr'>ἐξώρισεν.</span> <span class='ocrx_word' id='word_1_360' title='bbox 2594 3600 2712 3652; x_wconf 89' lang='lat' dir='ltr'>etc.</span> <span class='ocrx_word' id='word_1_361' title='bbox 2753 3590 2817 3650; x_wconf 84' lang='lat' dir='ltr'>Id</span> <span class='ocrx_word' id='word_1_362' title='bbox 2860 3599 2953 3652; x_wconf 84' lang='lat' dir='ltr'>est</span> <span class='ocrx_word' id='word_1_363' title='bbox 2994 3611 3009 3652; x_wconf 89' lang='lat'><strong>:</strong></span> <span class='ocrx_word' id='word_1_364' title='bbox 3045 3590 3224 3652; x_wconf 85' lang='lat' dir='ltr'>Nono</span> <span class='ocrx_word' id='word_1_365' title='bbox 3256 3609 3452 3649; x_wconf 85' lang='lat' dir='ltr'>mense</span> <span class='ocrx_word' id='word_1_366' title='bbox 3483 3590 3653 3649; x_wconf 84' lang='lat' dir='ltr'>sexti</span> <span class='ocrx_word' id='word_1_367' title='bbox 3674 3589 3828 3648; x_wconf 82' lang='lat' dir='ltr'>anni</span> 
     </span>
    </p>
   </div>
   <div class='ocr_carea' id='block_1_35' title="bbox 572 3665 3828 3769">
    <p class='ocr_par' dir='ltr' id='par_1_35' title="bbox 572 3665 3828 3769">
     <span class='ocr_line' id='line_1_35' title="bbox 572 3665 3828 3769; baseline 0.008 -47"><span class='ocrx_word' id='word_1_368' title='bbox 572 3665 994 3769; x_wconf 34' lang='lat' dir='ltr'>post-pulsum</span> <span class='ocrx_word' id='word_1_369' title='bbox 1018 3686 1245 3749; x_wconf 88' lang='lat' dir='ltr'>papam</span> <span class='ocrx_word' id='word_1_370' title='bbox 1272 3677 1703 3757; x_wconf 82' lang='lat' dir='ltr'>Athanasium,</span> <span class='ocrx_word' id='word_1_371' title='bbox 1723 3684 2025 3747; x_wconf 82' lang='lat' dir='ltr'>Julianus</span> <span class='ocrx_word' id='word_1_372' title='bbox 2054 3689 2313 3769; x_wconf 86' lang='lat' dir='ltr'>imperio</span> <span class='ocrx_word' id='word_1_373' title='bbox 2333 3665 2576 3768; x_wconf 85' lang='lat' dir='ltr'>potitus</span> <span class='ocrx_word' id='word_1_374' title='bbox 2605 3692 2705 3751; x_wconf 84' lang='lat' dir='ltr'>vir</span> <span class='ocrx_word' id='word_1_375' title='bbox 2744 3689 3113 3764; x_wconf 87' lang='lat' dir='ltr'>idololatra,</span> <span class='ocrx_word' id='word_1_376' title='bbox 3144 3708 3370 3769; x_wconf 89' lang='lat' dir='ltr'>papam</span> <span class='ocrx_word' id='word_1_377' title='bbox 3414 3689 3828 3751; x_wconf 78' lang='lat' dir='ltr'>Athanasium</span> 
     </span>
    </p>
   </div>
   <div class='ocr_carea' id='block_1_36' title="bbox 571 3762 3816 3867">
    <p class='ocr_par' dir='ltr' id='par_1_36' title="bbox 571 3762 3816 3867">
     <span class='ocr_line' id='line_1_36' title="bbox 571 3762 3816 3867; baseline 0.007 -43"><span class='ocrx_word' id='word_1_378' title='bbox 571 3762 641 3825; x_wconf 78' lang='lat' dir='ltr'>in</span> <span class='ocrx_word' id='word_1_379' title='bbox 668 3763 1037 3829; x_wconf 79' lang='lat' dir='ltr'>Thebaidem</span> <span class='ocrx_word' id='word_1_380' title='bbox 1058 3770 1375 3851; x_wconf 77' lang='lat' dir='ltr'>relegavit.</span> <span class='ocrx_word' id='word_1_381' title='bbox 1401 3778 1541 3842; x_wconf 92' lang='lat' dir='ltr'>Duo</span> <span class='ocrx_word' id='word_1_382' title='bbox 1576 3780 1678 3844; x_wconf 85' lang='lat' dir='ltr'>hic</span> <span class='ocrx_word' id='word_1_383' title='bbox 1709 3784 2049 3848; x_wconf 89' lang='lat' dir='ltr'>observatu</span> <span class='ocrx_word' id='word_1_384' title='bbox 2083 3762 2461 3866; x_wconf 78' lang='lat' dir='ltr'>dignissima</span> <span class='ocrx_word' id='word_1_385' title='bbox 2493 3762 3327 3867; x_wconf 61' lang='lat' dir='ltr'>deprehenduntur.15rimo</span> <span class='ocrx_word' id='word_1_386' title='bbox 3360 3787 3816 3857; x_wconf 89' lang='lat' dir='ltr'>Athanasium,</span> 
     </span>
    </p>
   </div>
   <div class='ocr_carea' id='block_1_37' title="bbox 574 3867 3825 3971">
    <p class='ocr_par' dir='ltr' id='par_1_37' title="bbox 574 3867 3825 3971">
     <span class='ocr_line' id='line_1_37' title="bbox 574 3867 3825 3971; baseline 0.005 -43"><span class='ocrx_word' id='word_1_387' title='bbox 574 3867 738 3931; x_wconf 88' lang='lat' dir='ltr'>circa</span> <span class='ocrx_word' id='word_1_388' title='bbox 774 3888 1059 3936; x_wconf 88' lang='lat' dir='ltr'>mensem</span> <span class='ocrx_word' id='word_1_389' title='bbox 1096 3876 1438 3944; x_wconf 88' lang='lat' dir='ltr'>Octobrem</span> <span class='ocrx_word' id='word_1_390' title='bbox 1490 3886 1638 3948; x_wconf 90' lang='lat' dir='ltr'>anni</span> <span class='ocrx_word' id='word_1_391' title='bbox 1683 3889 1825 3964; x_wconf 87' lang='lat'><strong>362,</strong></span> <span class='ocrx_word' id='word_1_392' title='bbox 1871 3892 1991 3954; x_wconf 89' lang='lat' dir='ltr'>sub</span> <span class='ocrx_word' id='word_1_393' title='bbox 2019 3892 2311 3968; x_wconf 87' lang='lat' dir='ltr'>Juliauo,</span> <span class='ocrx_word' id='word_1_394' title='bbox 2351 3892 2608 3971; x_wconf 91' lang='lat' dir='ltr'>pulsum</span> <span class='ocrx_word' id='word_1_395' title='bbox 2649 3892 2876 3965; x_wconf 86' lang='lat' dir='ltr'>fuisse,</span> <span class='ocrx_word' id='word_1_396' title='bbox 2903 3891 3146 3955; x_wconf 88' lang='lat' dir='ltr'>scilicet</span> <span class='ocrx_word' id='word_1_397' title='bbox 3189 3905 3362 3951; x_wconf 90' lang='lat' dir='ltr'>nono</span> <span class='ocrx_word' id='word_1_398' title='bbox 3396 3902 3620 3948; x_wconf 88' lang='lat' dir='ltr'>mense</span> <span class='ocrx_word' id='word_1_399' title='bbox 3655 3884 3825 3948; x_wconf 88' lang='lat' dir='ltr'>sexti</span> 
     </span>
    </p>
   </div>
   <div class='ocr_carea' id='block_1_38' title="bbox 574 3970 3823 4068">
    <p class='ocr_par' dir='ltr' id='par_1_38' title="bbox 574 3970 3823 4068">
     <span class='ocr_line' id='line_1_38' title="bbox 574 3970 3823 4068; baseline -0 -17"><span class='ocrx_word' id='word_1_400' title='bbox 574 3970 726 4068; x_wconf 61' lang='lat' dir='ltr'>“mli</span> <span class='ocrx_word' id='word_1_401' title='bbox 760 3978 1103 4052; x_wconf 70' lang='grc' dir='ltr'>ροειειυδω</span> <span class='ocrx_word' id='word_1_402' title='bbox 1143 3979 1518 4059; x_wconf 68' lang='grc' dir='ltr'>ρτοῦῑεδιυε</span> <span class='ocrx_word' id='word_1_403' title='bbox 1548 4003 1583 4048; x_wconf 88' lang='lat' dir='ltr'>a</span> <span class='ocrx_word' id='word_1_404' title='bbox 1614 3986 1997 4053; x_wconf 90' lang='lat' dir='ltr'>Constantio</span> <span class='ocrx_word' id='word_1_405' title='bbox 2047 3991 2281 4064; x_wconf 83' lang='lat' dir='ltr'>fuerat,</span> <span class='ocrx_word' id='word_1_406' title='bbox 2321 3992 2492 4068; x_wconf 88' lang='lat' dir='ltr'>quod</span> <span class='ocrx_word' id='word_1_407' title='bbox 2526 3998 2662 4054; x_wconf 93' lang='lat' dir='ltr'>tum</span> <span class='ocrx_word' id='word_1_408' title='bbox 2691 3991 2921 4053; x_wconf 88' lang='lat' dir='ltr'>accidit</span> <span class='ocrx_word' id='word_1_409' title='bbox 2958 4008 3105 4055; x_wconf 88' lang='lat' dir='ltr'>cum</span> <span class='ocrx_word' id='word_1_410' title='bbox 3138 4007 3357 4053; x_wconf 88' lang='lat' dir='ltr'>mense</span> <span class='ocrx_word' id='word_1_411' title='bbox 3402 3986 3759 4049; x_wconf 86' lang='lat' dir='ltr'>Februario</span> <span class='ocrx_word' id='word_1_412' title='bbox 3789 4004 3823 4050; x_wconf 81' lang='lat' dir='ltr'>a</span> 
     </span>
    </p>
   </div>
   <div class='ocr_carea' id='block_1_39' title="bbox 572 4065 3819 4169">
    <p class='ocr_par' dir='ltr' id='par_1_39' title="bbox 572 4065 3819 4169">
     <span class='ocr_line' id='line_1_39' title="bbox 572 4065 3819 4169; baseline 0.005 -42"><span class='ocrx_word' id='word_1_413' title='bbox 572 4065 827 4144; x_wconf 90' lang='lat' dir='ltr'>Syriani</span> <span class='ocrx_word' id='word_1_414' title='bbox 882 4078 944 4134; x_wconf 91' lang='lat' dir='ltr'>et</span> <span class='ocrx_word' id='word_1_415' title='bbox 1002 4076 1280 4141; x_wconf 91' lang='lat' dir='ltr'>militum</span> <span class='ocrx_word' id='word_1_416' title='bbox 1346 4081 1589 4161; x_wconf 89' lang='lat' dir='ltr'>impetu</span> <span class='ocrx_word' id='word_1_417' title='bbox 1652 4103 1722 4150; x_wconf 90' lang='lat' dir='ltr'>se</span> <span class='ocrx_word' id='word_1_418' title='bbox 1780 4089 2102 4168; x_wconf 85' lang='lat' dir='ltr'>proripuit</span> <span class='ocrx_word' id='word_1_419' title='bbox 2159 4065 2555 4166; x_wconf 32' lang='lat' dir='ltr'>anno&#39;356;</span> <span class='ocrx_word' id='word_1_420' title='bbox 2622 4098 2845 4169; x_wconf 89' lang='lat' dir='ltr'>postea</span> <span class='ocrx_word' id='word_1_421' title='bbox 2898 4106 3087 4162; x_wconf 85' lang='lat' dir='ltr'>vero,</span> <span class='ocrx_word' id='word_1_422' title='bbox 3146 4086 3388 4150; x_wconf 86' lang='lat' dir='ltr'>scilicet</span> <span class='ocrx_word' id='word_1_423' title='bbox 3448 4084 3573 4146; x_wconf 89' lang='lat' dir='ltr'>sub</span> <span class='ocrx_word' id='word_1_424' title='bbox 3626 4083 3819 4145; x_wconf 87' lang='lat' dir='ltr'>finem</span> 
     </span>
    </p>
   </div>
   <div class='ocr_carea' id='block_1_40' title="bbox 569 4169 3823 4268">
    <p class='ocr_par' dir='ltr' id='par_1_40' title="bbox 569 4169 3823 4268">
     <span class='ocr_line' id='line_1_40' title="bbox 569 4169 3823 4268; baseline 0.004 -41"><span class='ocrx_word' id='word_1_425' title='bbox 569 4169 723 4230; x_wconf 88' lang='lat' dir='ltr'>anni</span> <span class='ocrx_word' id='word_1_426' title='bbox 780 4172 941 4250; x_wconf 75' lang='lat'><strong>361,</strong></span> <span class='ocrx_word' id='word_1_427' title='bbox 976 4177 1075 4239; x_wconf 91' lang='lat' dir='ltr'>vel</span> <span class='ocrx_word' id='word_1_428' title='bbox 1136 4178 1322 4243; x_wconf 92' lang='lat' dir='ltr'>initio</span> <span class='ocrx_word' id='word_1_429' title='bbox 1375 4185 1539 4259; x_wconf 90' lang='lat'><strong>362,</strong></span> <span class='ocrx_word' id='word_1_430' title='bbox 1598 4202 1741 4247; x_wconf 92' lang='lat' dir='ltr'>cum</span> <span class='ocrx_word' id='word_1_431' title='bbox 1798 4186 2235 4266; x_wconf 81' lang='lat' dir='ltr'>inauguratus</span> <span class='ocrx_word' id='word_1_432' title='bbox 2288 4189 2585 4252; x_wconf 85' lang='lat' dir='ltr'>Julianus</span> <span class='ocrx_word' id='word_1_433' title='bbox 2643 4189 2994 4268; x_wconf 90' lang='lat' dir='ltr'>imperator</span> <span class='ocrx_word' id='word_1_434' title='bbox 3044 4185 3419 4249; x_wconf 79' lang='lat' dir='ltr'>facultatem</span> <span class='ocrx_word' id='word_1_435' title='bbox 3476 4181 3823 4245; x_wconf 86' lang='lat' dir='ltr'>exsulibus</span> 
     </span>
    </p>
   </div>
   <div class='ocr_carea' id='block_1_41' title="bbox 576 4271 3825 4359">
    <p class='ocr_par' dir='ltr' id='par_1_41' title="bbox 576 4271 3825 4359">
     <span class='ocr_line' id='line_1_41' title="bbox 576 4271 3825 4359; baseline 0.004 -29"><span class='ocrx_word' id='word_1_436' title='bbox 576 4271 889 4339; x_wconf 88' lang='lat' dir='ltr'>redeundi</span> <span class='ocrx_word' id='word_1_437' title='bbox 944 4279 1277 4355; x_wconf 67' lang='lat' dir='ltr'>dedisset,</span> <span class='ocrx_word' id='word_1_438' title='bbox 1314 4283 1719 4346; x_wconf 79' lang='lat' dir='ltr'>Alexandrire</span> <span class='ocrx_word' id='word_1_439' title='bbox 1772 4302 2003 4349; x_wconf 85' lang='lat' dir='ltr'>novem</span> <span class='ocrx_word' id='word_1_440' title='bbox 2064 4288 2317 4352; x_wconf 92' lang='lat' dir='ltr'>circiter</span> <span class='ocrx_word' id='word_1_441' title='bbox 2373 4304 2627 4352; x_wconf 90' lang='lat' dir='ltr'>menses</span> <span class='ocrx_word' id='word_1_442' title='bbox 2677 4293 3109 4351; x_wconf 89' lang='lat' dir='ltr'>commoratus</span> <span class='ocrx_word' id='word_1_443' title='bbox 3169 4290 3291 4359; x_wconf 87' lang='lat' dir='ltr'>est,</span> <span class='ocrx_word' id='word_1_444' title='bbox 3337 4283 3545 4345; x_wconf 92' lang='lat' dir='ltr'>donec</span> <span class='ocrx_word' id='word_1_445' title='bbox 3595 4297 3825 4345; x_wconf 84' lang='lat' dir='ltr'>mense</span> 
     </span>
    </p>
   </div>
   <div class='ocr_carea' id='block_1_42' title="bbox 566 4373 3821 4497">
    <p class='ocr_par' dir='ltr' id='par_1_42' title="bbox 566 4373 3821 4497">
     <span class='ocr_line' id='line_1_42' title="bbox 566 4373 3821 4497; baseline 0.004 -65"><span class='ocrx_word' id='word_1_446' title='bbox 566 4373 825 4441; x_wconf 90' lang='lat' dir='ltr'>circiter</span> <span class='ocrx_word' id='word_1_447' title='bbox 878 4382 1166 4460; x_wconf 91' lang='lat' dir='ltr'>Octobri,</span> <span class='ocrx_word' id='word_1_448' title='bbox 1228 4387 1516 4466; x_wconf 88' lang='lat' dir='ltr'>ejusdem</span> <span class='ocrx_word' id='word_1_449' title='bbox 1578 4389 1811 4453; x_wconf 83' lang='lat' dir='ltr'>Juliani</span> <span class='ocrx_word' id='word_1_450' title='bbox 1864 4394 2083 4471; x_wconf 92' lang='lat' dir='ltr'>jussu,</span> <span class='ocrx_word' id='word_1_451' title='bbox 2139 4394 2521 4458; x_wconf 86' lang='lat' dir='ltr'>Alexandria</span> <span class='ocrx_word' id='word_1_452' title='bbox 2569 4395 2932 4457; x_wconf 89' lang='lat' dir='ltr'>decederet.</span> <span class='ocrx_word' id='word_1_453' title='bbox 2991 4389 3284 4457; x_wconf 90' lang='lat' dir='ltr'>Secundo</span> <span class='ocrx_word' id='word_1_454' title='bbox 3355 4386 3821 4497; x_wconf 75' lang='lat' dir='ltr'>Julianijnssu</span> 
     </span>
    </p>
   </div>
   <div class='ocr_carea' id='block_1_43' title="bbox 568 4477 3822 4576">
    <p class='ocr_par' dir='ltr' id='par_1_43' title="bbox 568 4477 3822 4576">
     <span class='ocr_line' id='line_1_43' title="bbox 568 4477 3822 4576; baseline 0.004 -40"><span class='ocrx_word' id='word_1_455' title='bbox 568 4477 632 4537; x_wconf 85' lang='lat' dir='ltr'>in</span> <span class='ocrx_word' id='word_1_456' title='bbox 693 4482 1017 4551; x_wconf 87' lang='lat' dir='ltr'>Thebaide</span> <span class='ocrx_word' id='word_1_457' title='bbox 1079 4492 1434 4563; x_wconf 90' lang='lat' dir='ltr'>exsulasse,</span> <span class='ocrx_word' id='word_1_458' title='bbox 1467 4495 1642 4573; x_wconf 89' lang='lat' dir='ltr'>quod</span> <span class='ocrx_word' id='word_1_459' title='bbox 1693 4495 1773 4557; x_wconf 89' lang='lat' dir='ltr'>ab</span> <span class='ocrx_word' id='word_1_460' title='bbox 1818 4497 1960 4558; x_wconf 87' lang='lat' dir='ltr'>aliis</span> <span class='ocrx_word' id='word_1_461' title='bbox 2014 4498 2463 4562; x_wconf 66' lang='lat' dir='ltr'>ecclesiasticas</span> <span class='ocrx_word' id='word_1_462' title='bbox 2510 4497 2802 4561; x_wconf 62' lang='lat' dir='ltr'>historiae</span> <span class='ocrx_word' id='word_1_463' title='bbox 2851 4494 3272 4576; x_wconf 87' lang='lat' dir='ltr'>scriptoribus</span> <span class='ocrx_word' id='word_1_464' title='bbox 3326 4489 3592 4554; x_wconf 90' lang='lat' dir='ltr'>minime</span> <span class='ocrx_word' id='word_1_465' title='bbox 3629 4486 3822 4549; x_wconf 83' lang='lat' dir='ltr'>tradi-</span> 
     </span>
    </p>
   </div>
   <div class='ocr_carea' id='block_1_44' title="bbox 566 4584 858 4647">
    <p class='ocr_par' dir='ltr' id='par_1_44' title="bbox 566 4584 858 4647">
     <span class='ocr_line' id='line_1_44' title="bbox 566 4584 858 4647; baseline 0.031 -9"><span class='ocrx_word' id='word_1_466' title='bbox 566 4584 697 4642; x_wconf 88' lang='lat' dir='ltr'>tum</span> <span class='ocrx_word' id='word_1_467' title='bbox 740 4591 858 4647; x_wconf 85' lang='lat' dir='ltr'>est.</span> 
     </span>
    </p>
   </div>
   <div class='ocr_carea' id='block_1_45' title="bbox 646 4682 3818 4775">
    <p class='ocr_par' dir='ltr' id='par_1_45' title="bbox 646 4682 3818 4775">
     <span class='ocr_line' id='line_1_45' title="bbox 646 4682 3818 4775; baseline 0.004 -33"><span class='ocrx_word' id='word_1_468' title='bbox 646 4682 739 4743; x_wconf 90' lang='lat' dir='ltr'>Ad</span> <span class='ocrx_word' id='word_1_469' title='bbox 774 4702 1015 4749; x_wconf 92' lang='lat' dir='ltr'>annum</span> <span class='ocrx_word' id='word_1_470' title='bbox 1052 4690 1193 4763; x_wconf 86' lang='lat'><strong>368,</strong></span> <span class='ocrx_word' id='word_1_471' title='bbox 1226 4708 1406 4754; x_wconf 90' lang='lat' dir='ltr'>num.</span> <span class='ocrx_word' id='word_1_472' title='bbox 1440 4694 1497 4753; x_wconf 82' lang='grc'>1.</span> <span class='ocrx_word' id='word_1_473' title='bbox 1525 4695 1666 4756; x_wconf 90' lang='lat' dir='ltr'>Non</span> <span class='ocrx_word' id='word_1_474' title='bbox 1710 4713 1929 4773; x_wconf 88' lang='lat' dir='ltr'>parum</span> <span class='ocrx_word' id='word_1_475' title='bbox 1965 4699 2203 4775; x_wconf 84' lang='lat' dir='ltr'>negotii</span> <span class='ocrx_word' id='word_1_476' title='bbox 2242 4698 2568 4762; x_wconf 86' lang='lat' dir='ltr'>facessunt</span> <span class='ocrx_word' id='word_1_477' title='bbox 2612 4700 2743 4760; x_wconf 69' lang='lat' dir='ltr'>haec</span> <span class='ocrx_word' id='word_1_478' title='bbox 2782 4697 2972 4758; x_wconf 86' lang='lat' dir='ltr'>verba</span> <span class='ocrx_word' id='word_1_479' title='bbox 3020 4710 3164 4774; x_wconf 63' lang='lat' dir='ltr'>quae</span> <span class='ocrx_word' id='word_1_480' title='bbox 3192 4692 3356 4772; x_wconf 88' lang='lat' dir='ltr'>apud</span> <span class='ocrx_word' id='word_1_481' title='bbox 3394 4692 3818 4757; x_wconf 90' lang='lat' dir='ltr'>Ammonium</span> 
     </span>
    </p>
   </div>
   <div class='ocr_carea' id='block_1_46' title="bbox 564 4772 3823 4873">
    <p class='ocr_par' dir='ltr' id='par_1_46' title="bbox 564 4772 3823 4873">
     <span class='ocr_line' id='line_1_46' title="bbox 564 4772 3823 4873; baseline 0.006 -36"><span class='ocrx_word' id='word_1_482' title='bbox 564 4772 779 4843; x_wconf 68' lang='lat' dir='ltr'>Graece</span> <span class='ocrx_word' id='word_1_483' title='bbox 810 4785 893 4845; x_wconf 90' lang='lat' dir='ltr'>ita</span> <span class='ocrx_word' id='word_1_484' title='bbox 928 4787 1232 4865; x_wconf 82' lang='lat' dir='ltr'>leguntur</span> <span class='ocrx_word' id='word_1_485' title='bbox 1261 4811 1276 4851; x_wconf 88' lang='lat'><strong>:</strong></span> <span class='ocrx_word' id='word_1_486' title='bbox 1308 4793 1393 4848; x_wconf 85' lang='grc' dir='ltr'><strong>Διό</strong></span> <span class='ocrx_word' id='word_1_487' title='bbox 1420 4794 1504 4846; x_wconf 78' lang='grc' dir='ltr'>οὐκ</span> <span class='ocrx_word' id='word_1_488' title='bbox 1524 4794 1731 4869; x_wconf 70' lang='grc' dir='ltr'>ὀφείλεις</span> <span class='ocrx_word' id='word_1_489' title='bbox 1762 4797 1843 4852; x_wconf 76' lang='grc' dir='ltr'>ἐπὶ</span> <span class='ocrx_word' id='word_1_490' title='bbox 1874 4802 1966 4858; x_wconf 74' lang='grc' dir='ltr'>τὴν</span> <span class='ocrx_word' id='word_1_491' title='bbox 1995 4772 2228 4857; x_wconf 30' lang='grc' dir='ltr'>Θηήϐαἶδα</span> <span class='ocrx_word' id='word_1_492' title='bbox 2253 4799 2588 4873; x_wconf 75' lang='grc' dir='ltr'>σκυλλόμενος</span> <span class='ocrx_word' id='word_1_493' title='bbox 2619 4800 2869 4863; x_wconf 69' lang='grc' dir='ltr'>ἀπελθεῖν,</span> <span class='ocrx_word' id='word_1_494' title='bbox 2895 4796 2995 4853; x_wconf 67' lang='grc' dir='ltr'>ἀλλ’</span> <span class='ocrx_word' id='word_1_495' title='bbox 3027 4799 3100 4857; x_wconf 73' lang='grc' dir='ltr'>εἰς</span> <span class='ocrx_word' id='word_1_496' title='bbox 3129 4796 3213 4851; x_wconf 74' lang='grc' dir='ltr'>τὸν</span> <span class='ocrx_word' id='word_1_497' title='bbox 3243 4795 3510 4868; x_wconf 78' lang='grc' dir='ltr'>κομιτᾶτον</span> <span class='ocrx_word' id='word_1_498' title='bbox 3533 4793 3823 4858; x_wconf 70' lang='grc' dir='ltr'>λεληθότως</span> 
     </span>
    </p>
   </div>
   <div class='ocr_carea' id='block_1_47' title="bbox 561 4887 3822 4976">
    <p class='ocr_par' dir='ltr' id='par_1_47' title="bbox 561 4887 3822 4976">
     <span class='ocr_line' id='line_1_47' title="bbox 561 4887 3822 4976; baseline 0.006 -37"><span class='ocrx_word' id='word_1_499' title='bbox 561 4887 811 4960; x_wconf 65' lang='grc' dir='ltr'>γενέσθαι.</span> <span class='ocrx_word' id='word_1_500' title='bbox 833 4895 1076 4968; x_wconf 73' lang='grc' dir='ltr'>Συντιύξῃ</span> <span class='ocrx_word' id='word_1_501' title='bbox 1104 4898 1203 4969; x_wconf 73' lang='grc' dir='ltr'>’γὰρ</span> <span class='ocrx_word' id='word_1_502' title='bbox 1233 4898 1370 4967; x_wconf 74' lang='grc' dir='ltr'>αὐτῷ</span> <span class='ocrx_word' id='word_1_503' title='bbox 1402 4899 1511 4951; x_wconf 74' lang='grc' dir='ltr'>καθ’</span> <span class='ocrx_word' id='word_1_504' title='bbox 1535 4898 1665 4963; x_wconf 82' lang='grc' dir='ltr'>ὁδὸν,</span> <span class='ocrx_word' id='word_1_505' title='bbox 1688 4904 1769 4956; x_wconf 77' lang='grc' dir='ltr'><em>καὶ</em></span> <span class='ocrx_word' id='word_1_506' title='bbox 1783 4904 2002 4973; x_wconf 76' lang='grc' dir='ltr'>γνησίως</span> <span class='ocrx_word' id='word_1_507' title='bbox 2019 4901 2355 4976; x_wconf 71' lang='grc' dir='ltr'>ὑποδεχθεὶς,</span> <span class='ocrx_word' id='word_1_508' title='bbox 2373 4907 2632 4968; x_wconf 67' lang='grc' dir='ltr'>ἅπανήξιις</span> <span class='ocrx_word' id='word_1_509' title='bbox 2660 4907 2732 4965; x_wconf 77' lang='grc' dir='ltr'>εἰς·</span> <span class='ocrx_word' id='word_1_510' title='bbox 2760 4910 2855 4962; x_wconf 77' lang='grc' dir='ltr'>τήν</span> <span class='ocrx_word' id='word_1_511' title='bbox 2875 4901 3189 4961; x_wconf 68' lang='grc' dir='ltr'>Ἐκκλησίαν.</span> <span class='ocrx_word' id='word_1_512' title='bbox 3221 4898 3286 4958; x_wconf 75' lang='lat' dir='ltr'>1d</span> <span class='ocrx_word' id='word_1_513' title='bbox 3313 4905 3405 4959; x_wconf 90' lang='lat' dir='ltr'>est</span> <span class='ocrx_word' id='word_1_514' title='bbox 3428 4918 3442 4957; x_wconf 85' lang='lat'><strong>:</strong></span> <span class='ocrx_word' id='word_1_515' title='bbox 3471 4894 3822 4976; x_wconf 85' lang='lat' dir='ltr'>Propterea</span> 
     </span>
    </p>
   </div>
   <div class='ocr_carea' id='block_1_48' title="bbox 562 4989 3822 5078">
    <p class='ocr_par' dir='ltr' id='par_1_48' title="bbox 562 4989 3822 5078">
     <span class='ocr_line' id='line_1_48' title="bbox 562 4989 3822 5078; baseline 0.001 -27"><span class='ocrx_word' id='word_1_516' title='bbox 562 5003 635 5051; x_wconf 79' lang='lat' dir='ltr'>ne</span> <span class='ocrx_word' id='word_1_517' title='bbox 657 4989 977 5053; x_wconf 80' lang='lat' dir='ltr'>molestum</span> <span class='ocrx_word' id='word_1_518' title='bbox 1024 4996 1141 5057; x_wconf 82' lang='lat' dir='ltr'>iter</span> <span class='ocrx_word' id='word_1_519' title='bbox 1167 4997 1249 5058; x_wconf 90' lang='lat' dir='ltr'>ad</span> <span class='ocrx_word' id='word_1_520' title='bbox 1283 4999 1645 5060; x_wconf 78' lang='lat' dir='ltr'>Thebaidem</span> <span class='ocrx_word' id='word_1_521' title='bbox 1672 5002 1990 5078; x_wconf 81' lang='lat' dir='ltr'>excipias;</span> <span class='ocrx_word' id='word_1_522' title='bbox 2034 5000 2141 5061; x_wconf 83' lang='lat' dir='ltr'>sed</span> <span class='ocrx_word' id='word_1_523' title='bbox 2170 5002 2250 5061; x_wconf 85' lang='lat' dir='ltr'>ad</span> <span class='ocrx_word' id='word_1_524' title='bbox 2295 5002 2655 5061; x_wconf 84' lang='lat' dir='ltr'>comitatum</span> <span class='ocrx_word' id='word_1_525' title='bbox 2694 5000 2851 5061; x_wconf 87' lang='lat' dir='ltr'>clam</span> <span class='ocrx_word' id='word_1_526' title='bbox 2887 5008 2943 5058; x_wconf 84' lang='lat' dir='ltr'>te</span> <span class='ocrx_word' id='word_1_527' title='bbox 2980 4999 3282 5075; x_wconf 81' lang='lat' dir='ltr'>conferas.</span> <span class='ocrx_word' id='word_1_528' title='bbox 3317 4997 3393 5056; x_wconf 90' lang='lat' dir='ltr'>In</span> <span class='ocrx_word' id='word_1_529' title='bbox 3423 4996 3528 5055; x_wconf 82' lang='lat' dir='ltr'>via</span> <span class='ocrx_word' id='word_1_530' title='bbox 3557 5013 3822 5075; x_wconf 82' lang='lat' dir='ltr'>namque</span> 
     </span>
    </p>
   </div>
   <div class='ocr_carea' id='block_1_49' title="bbox 564 5086 3819 5206">
    <p class='ocr_par' dir='ltr' id='par_1_49' title="bbox 564 5086 3819 5206">
     <span class='ocr_line' id='line_1_49' title="bbox 564 5086 3819 5206; baseline 0.002 -55"><span class='ocrx_word' id='word_1_531' title='bbox 564 5086 768 5167; x_wconf 82' lang='lat' dir='ltr'>ipsum</span> <span class='ocrx_word' id='word_1_532' title='bbox 799 5092 1094 5173; x_wconf 72' lang='lat' dir='ltr'>oﬁ‘endes,</span> <span class='ocrx_word' id='word_1_533' title='bbox 1133 5107 1188 5158; x_wconf 79' lang='lat' dir='ltr'>et</span> <span class='ocrx_word' id='word_1_534' title='bbox 1218 5102 1543 5161; x_wconf 85' lang='lat' dir='ltr'>clementer</span> <span class='ocrx_word' id='word_1_535' title='bbox 1568 5100 1643 5161; x_wconf 83' lang='lat' dir='ltr'>ab</span> <span class='ocrx_word' id='word_1_536' title='bbox 1670 5119 1736 5159; x_wconf 85' lang='lat' dir='ltr'>eo</span> <span class='ocrx_word' id='word_1_537' title='bbox 1762 5111 2079 5179; x_wconf 81' lang='lat' dir='ltr'>exceptus,</span> <span class='ocrx_word' id='word_1_538' title='bbox 2113 5102 2440 5162; x_wconf 78' lang='lat' dir='ltr'>reverteris</span> <span class='ocrx_word' id='word_1_539' title='bbox 2478 5102 2541 5161; x_wconf 87' lang='lat' dir='ltr'>in</span> <span class='ocrx_word' id='word_1_540' title='bbox 2573 5099 2935 5161; x_wconf 70' lang='lat' dir='ltr'>Ecclesium.</span> <span class='ocrx_word' id='word_1_541' title='bbox 2968 5097 3089 5162; x_wconf 89' lang='lat' dir='ltr'>Ubi</span> <span class='ocrx_word' id='word_1_542' title='bbox 3123 5097 3373 5158; x_wconf 84' lang='lat' dir='ltr'>videtur</span> <span class='ocrx_word' id='word_1_543' title='bbox 3403 5093 3819 5206; x_wconf 65' lang='lat' dir='ltr'>Theodorus.</span> 
     </span>
    </p>
   </div>
   <div class='ocr_carea' id='block_1_50' title="bbox 560 5189 3816 5280">
    <p class='ocr_par' dir='ltr' id='par_1_50' title="bbox 560 5189 3816 5280">
     <span class='ocr_line' id='line_1_50' title="bbox 560 5189 3816 5280; baseline 0.003 -32"><span class='ocrx_word' id='word_1_544' title='bbox 560 5189 672 5265; x_wconf 90' lang='lat' dir='ltr'>qui</span> <span class='ocrx_word' id='word_1_545' title='bbox 706 5189 839 5254; x_wconf 60' lang='lat' dir='ltr'>haec</span> <span class='ocrx_word' id='word_1_546' title='bbox 870 5213 943 5256; x_wconf 89' lang='lat' dir='ltr'>ex</span> <span class='ocrx_word' id='word_1_547' title='bbox 986 5199 1365 5278; x_wconf 77' lang='lat' dir='ltr'>prOplietico</span> <span class='ocrx_word' id='word_1_548' title='bbox 1411 5201 1646 5278; x_wconf 88' lang='lat' dir='ltr'>spiritu</span> <span class='ocrx_word' id='word_1_549' title='bbox 1683 5200 2037 5261; x_wconf 83' lang='lat' dir='ltr'>Athanasio</span> <span class='ocrx_word' id='word_1_550' title='bbox 2073 5204 2350 5274; x_wconf 84' lang='lat' dir='ltr'>mandat,</span> <span class='ocrx_word' id='word_1_551' title='bbox 2388 5204 2618 5280; x_wconf 79' lang='lat' dir='ltr'>jubere</span> <span class='ocrx_word' id='word_1_552' title='bbox 2655 5201 2776 5280; x_wconf 88' lang='lat' dir='ltr'>ipsi</span> <span class='ocrx_word' id='word_1_553' title='bbox 2811 5208 2878 5262; x_wconf 92' lang='lat' dir='ltr'>ut</span> <span class='ocrx_word' id='word_1_554' title='bbox 2928 5209 3094 5263; x_wconf 87' lang='lat' dir='ltr'>recta</span> <span class='ocrx_word' id='word_1_555' title='bbox 3145 5197 3553 5274; x_wconf 88' lang='lat' dir='ltr'>imperatoris</span> <span class='ocrx_word' id='word_1_556' title='bbox 3604 5195 3816 5257; x_wconf 81' lang='lat' dir='ltr'>corni-</span> 
     </span>
    </p>
   </div>
   <div class='ocr_carea' id='block_1_51' title="bbox 564 5294 3818 5376">
    <p class='ocr_par' dir='ltr' id='par_1_51' title="bbox 564 5294 3818 5376">
     <span class='ocr_line' id='line_1_51' title="bbox 564 5294 3818 5376; baseline 0.002 -25"><span class='ocrx_word' id='word_1_557' title='bbox 564 5294 763 5351; x_wconf 84' lang='lat' dir='ltr'>tatum</span> <span class='ocrx_word' id='word_1_558' title='bbox 802 5300 972 5369; x_wconf 89' lang='lat' dir='ltr'>petat</span> <span class='ocrx_word' id='word_1_559' title='bbox 1008 5303 1070 5358; x_wconf 88' lang='lat' dir='ltr'>et</span> <span class='ocrx_word' id='word_1_560' title='bbox 1103 5298 1558 5376; x_wconf 90' lang='lat' dir='ltr'>imperatorem</span> <span class='ocrx_word' id='word_1_561' title='bbox 1590 5300 1795 5360; x_wconf 87' lang='lat' dir='ltr'>adeat.</span> <span class='ocrx_word' id='word_1_562' title='bbox 1832 5301 1907 5360; x_wconf 90' lang='lat' dir='ltr'>Et</span> <span class='ocrx_word' id='word_1_563' title='bbox 1960 5308 2168 5362; x_wconf 85' lang='lat' dir='ltr'>tamen</span> <span class='ocrx_word' id='word_1_564' title='bbox 2207 5309 2450 5363; x_wconf 90' lang='lat' dir='ltr'>certum</span> <span class='ocrx_word' id='word_1_565' title='bbox 2502 5302 2759 5364; x_wconf 76' lang='lat' dir='ltr'>videtur:</span> <span class='ocrx_word' id='word_1_566' title='bbox 2791 5318 2871 5362; x_wconf 79' lang='lat' dir='ltr'>ex</span> <span class='ocrx_word' id='word_1_567' title='bbox 2924 5300 3007 5361; x_wconf 90' lang='lat' dir='ltr'>iis</span> <span class='ocrx_word' id='word_1_568' title='bbox 3038 5316 3184 5376; x_wconf 68' lang='lat' dir='ltr'>qum</span> <span class='ocrx_word' id='word_1_569' title='bbox 3235 5298 3299 5359; x_wconf 91' lang='lat' dir='ltr'>in</span> <span class='ocrx_word' id='word_1_570' title='bbox 3340 5297 3479 5360; x_wconf 75' lang='lat' dir='ltr'>Vita</span> <span class='ocrx_word' id='word_1_571' title='bbox 3518 5298 3818 5358; x_wconf 71' lang='lat' dir='ltr'>Athana-</span> 
     </span>
    </p>
   </div>
   <div class='ocr_carea' id='block_1_52' title="bbox 556 5389 3814 5476">
    <p class='ocr_par' dir='ltr' id='par_1_52' title="bbox 556 5389 3814 5476">
     <span class='ocr_line' id='line_1_52' title="bbox 556 5389 3814 5476; baseline 0.003 -25"><span class='ocrx_word' id='word_1_572' title='bbox 556 5389 644 5452; x_wconf 72' lang='lat' dir='ltr'>sii</span> <span class='ocrx_word' id='word_1_573' title='bbox 673 5393 748 5453; x_wconf 92' lang='lat' dir='ltr'>ad</span> <span class='ocrx_word' id='word_1_574' title='bbox 791 5394 961 5457; x_wconf 90' lang='lat' dir='ltr'>hunc</span> <span class='ocrx_word' id='word_1_575' title='bbox 991 5413 1259 5467; x_wconf 89' lang='lat' dir='ltr'>annum,</span> <span class='ocrx_word' id='word_1_576' title='bbox 1294 5398 1445 5461; x_wconf 87' lang='lat' dir='ltr'>etin</span> <span class='ocrx_word' id='word_1_577' title='bbox 1494 5398 1740 5459; x_wconf 81' lang='lat' dir='ltr'>Monito</span> <span class='ocrx_word' id='word_1_578' title='bbox 1791 5398 1865 5460; x_wconf 90' lang='lat' dir='ltr'>ad</span> <span class='ocrx_word' id='word_1_579' title='bbox 1902 5398 2236 5476; x_wconf 88' lang='lat' dir='ltr'>epistolam</span> <span class='ocrx_word' id='word_1_580' title='bbox 2274 5400 2529 5463; x_wconf 86' lang='lat' dir='ltr'>Joviani</span> <span class='ocrx_word' id='word_1_581' title='bbox 2587 5401 2905 5474; x_wconf 90' lang='lat' dir='ltr'>diximus,</span> <span class='ocrx_word' id='word_1_582' title='bbox 2958 5398 3377 5461; x_wconf 86' lang='lat' dir='ltr'>Athanasium</span> <span class='ocrx_word' id='word_1_583' title='bbox 3428 5412 3562 5459; x_wconf 90' lang='lat' dir='ltr'>non</span> <span class='ocrx_word' id='word_1_584' title='bbox 3596 5398 3814 5460; x_wconf 89' lang='lat' dir='ltr'>statim</span> 
     </span>
    </p>
   </div>
   <div class='ocr_carea' id='block_1_53' title="bbox 557 5486 3814 5582">
    <p class='ocr_par' dir='ltr' id='par_1_53' title="bbox 557 5486 3814 5582">
     <span class='ocr_line' id='line_1_53' title="bbox 557 5486 3814 5582; baseline 0.003 -31"><span class='ocrx_word' id='word_1_585' title='bbox 557 5486 1008 5566; x_wconf 87' lang='lat' dir='ltr'>imperatorem</span> <span class='ocrx_word' id='word_1_586' title='bbox 1042 5496 1310 5569; x_wconf 85' lang='lat' dir='ltr'>adiisse,</span> <span class='ocrx_word' id='word_1_587' title='bbox 1348 5496 1460 5559; x_wconf 89' lang='lat' dir='ltr'>sed</span> <span class='ocrx_word' id='word_1_588' title='bbox 1512 5497 1788 5577; x_wconf 83' lang='lat' dir='ltr'>primum</span> <span class='ocrx_word' id='word_1_589' title='bbox 1825 5498 2087 5578; x_wconf 84' lang='lat' dir='ltr'>petiisse</span> <span class='ocrx_word' id='word_1_590' title='bbox 2138 5499 2619 5577; x_wconf 83' lang='lat' dir='ltr'>Alexandriam,</span> <span class='ocrx_word' id='word_1_591' title='bbox 2652 5501 2879 5582; x_wconf 89' lang='lat' dir='ltr'>ibique</span> <span class='ocrx_word' id='word_1_592' title='bbox 2926 5497 3398 5581; x_wconf 88' lang='lat' dir='ltr'>aliquantisper</span> <span class='ocrx_word' id='word_1_593' title='bbox 3442 5513 3814 5563; x_wconf 85' lang='lat' dir='ltr'>commora-</span> 
     </span>
    </p>
   </div>
   <div class='ocr_carea' id='block_1_54' title="bbox 558 5594 889 5659">
    <p class='ocr_par' dir='ltr' id='par_1_54' title="bbox 558 5594 889 5659">
     <span class='ocr_line' id='line_1_54' title="bbox 558 5594 889 5659; baseline 0.027 -9"><span class='ocrx_word' id='word_1_594' title='bbox 558 5594 693 5651; x_wconf 88' lang='lat' dir='ltr'>tum</span> <span class='ocrx_word' id='word_1_595' title='bbox 725 5610 889 5659; x_wconf 80' lang='lat' dir='ltr'>esse.</span> 
     </span>
    </p>
   </div>
   <div class='ocr_carea' id='block_1_55' title="bbox 634 5819 1282 5896">
    <p class='ocr_par' dir='ltr' id='par_1_55' title="bbox 634 5819 1282 5896">
     <span class='ocr_line' id='line_1_55' title="bbox 634 5819 1282 5896; baseline 0.011 -20"><span class='ocrx_word' id='word_1_596' title='bbox 634 5819 711 5893; x_wconf 74' lang='grc' dir='ltr'><strong>(α)</strong></span> <span class='ocrx_word' id='word_1_597' title='bbox 752 5823 996 5896; x_wconf 72' lang='lat' dir='ltr'>Spicileg.</span> <span class='ocrx_word' id='word_1_598' title='bbox 1032 5824 1282 5884; x_wconf 82' lang='lat' dir='ltr'>Dacheri.</span> 
     </span>
    </p>
   </div>
  </div>
