3998 6514
1522 456 1679 510 \‘ITA
1723 456 1780 510 S.
1822 455 2211 511 ATHANAS'L
3385 474 3475 512 ιιι

277 617 548 632 .—_——_

551 625 555 627 1
652 625 3034 904 VEASANGMTHM

923 1023 1850 1118 ARCHIEPISCOPI
1906 1026 2791 1122 ALEXANDRINI.

275 1378 410 1430 Auito
429 1370 666 1428 296.—-
693 1369 974 1425 Athanasii
1026 1378 1194 1436 ortus,
1231 1370 1427 1437 patria,
1449 1378 1802 1437 parentes.—
1831 1375 1875 1430 Α
1906 1380 2137 1437 praerat
2194 1371 2388 1428 Petrus
2454 1374 2792 1430 Alexandriae
2855 1376 3082 1446 pracsul;
3151 1379 3333 1449 ibique
3390 1381 3478 1436 illo

217 1468 385 1524 Incidit
410 1465 713 1521 Athanasii
753 1473 904 1520 ortus
933 1463 982 1517 in
1010 1463 1372 1518 Diocletiauea
1403 1462 1490 1517 illa
1534 1473 1797 1533 tempora,

217 1559 601 1617 calamitatibus
647 1557 998 1626 cadibusque
1029 1555 1456 1610 Christianorum
1496 1553 1795 1612 funestata.

213 1652 446 1706 Parentes
471 1650 598 1716 ejus
658 1648 760 1720 pii,
802 1646 1115 1712 Christiani,
1143 1660 1230 1708 ac,
1265 1646 1309 1699 si
1353 1661 1456 1715 qua
1489 1647 1623 1701 ﬁdes
1659 1646 1798 1701 infe-

215 1745 350 1800 rioris
369 1743 466 1797 avi
501 1742 907 1811 scriptoribus,
935 1738 1212 1794 nobilitate
1241 1748 1298 1794 et
1322 1741 1513 1810 opibus
1536 1739 1793 1811 insignes.

214 1835 424 1891 Patrium
459 1834 648 1889 solum
684 1831 1065 1887 Alexandriam
1116 1830 1279 1885 fuisse
1301 1847 1422 1885 cum
1457 1831 1543 1886 alii
1578 1831 1796 1902 plurimi

215 1927 425 1990 tradunt,
456 1933 578 1979 tum
645 1925 767 1994 ipse
807 1937 904 1977 nec
941 1921 1109 1976 semel
1163 1922 1360 1989 innuit,
1411 1931 1465 1977 et
1513 1923 1798 1992 perspicue

217 2034 315 2072 cum
363 2016 634 2087 profugus
690 2014 870 2069 missis
897 2014 962 2067 ad
1010 2013 1319 2068 Luciferum
1356 2014 1549 2068 litteris
1581 2014 1656 2068 ait
1694 2014 1794 2083 (τι),

215 2109 518 2165 excubantes
551 2108 804 2162 Arianos
836 2108 887 2160 in
918 2106 1094 2161 aditus
1138 2115 1431 2176 portasque
1462 2106 1634 2172 urbis,
1664 2107 1794 2161 ade-

215 2201 349 2256 misse
372 2200 497 2265 sibi,
533 2215 605 2255 ex
643 2214 759 2270 quo
804 2213 862 2254 se
898 2197 1111 2252 illorum
1145 2198 1392 2252 manibus
1427 2197 1792 2267 proripuerat,

213 2301 435 2364 parentes
462 2292 749 2348 invisendi
782 2289 1107 2346 facultatem.
1161 2289 1234 2344 De
1280 2300 1430 2344 ortus
1459 2303 1602 2344 anno
1628 2289 1794 2344 altum

213 2386 384 2454 ubique
416 2384 736 2439 silentium.
786 2382 1002 2448 Verum,
1043 2382 1416 2452 prementibus
1455 2379 1596 2434 ultro
1631 2379 1796 2435 citro-

213 2490 297 2546 que
320 2477 668 2547 argumentis
705 2483 760 2528 et
809 2473 1150 2541 conjecturis,
1190 2480 1372 2525 natum
1403 2471 1690 2540 opinamur
1717 2472 1795 2524 A-

217 2569 492 2624 thanasium
538 2581 699 2622 anno
728 2566 941 2621 circiter
970 2563 1094 2619 296.
1145 2563 1222 2618 Ne
1253 2564 1414 2618 citius
1439 2572 1617 2618 ortum
1647 2563 1795 2616 dica-

216 2677 331 2728 mus,
371 2671 516 2716 vetat
549 2660 708 2731 quod
746 2659 820 2713 ait
850 2659 935 2714 ille
966 2659 1040 2730 (b)
1066 2673 1126 2713 se
1161 2673 1190 2711 a
1233 2657 1479 2728 patribus
1517 2655 1794 2724 accepisse

1903 1461 1957 1516 in
1983 1463 2333 1531 promeritam
2365 1464 2582 1536 ﬂagitiis
2610 1481 2820 1536 partam
2859 1467 3141 1524 damnatus
3168 1478 3221 1526 et
3259 1470 3475 1527 abdica-

1904 1562 1989 1610 tus
2032 1563 2135 1609 est.
2183 1554 2431 1611 Meletius
2468 1571 2616 1622 vero,
2647 1559 2989 1615 conscientia
3022 1576 3212 1631 nempe
3244 1562 3475 1618 stimulis

1900 1649 2222 1717 exagitatus,
2273 1663 2380 1705 non
2431 1664 2594 1705 ausus
2644 1651 2800 1705 aliam
2854 1651 3124 1722 appellare
3176 1654 3472 1724 synodum;

1901 1752 2020 1802 nec,
2051 1753 2170 1808 qua
2219 1754 2323 1793 una
2377 1751 2659 1809 supererat
2705 1742 2891 1812 gratia
2924 1743 3168 1797 ineunda
3196 1744 3301 1808 via,
3351 1744 3476 1799 facti

1902 1831 2112 1886 veniam
2142 1841 2415 1900 precatus,
2461 1834 2691 1889 abducta
2744 1849 2926 1891 secum
2985 1837 3476 1892 consceleratorum

1903 1924 2080 1990 turba,
2133 1922 2278 1978 Petri
2331 1925 2381 1978 in
2416 1925 2567 1995 cujus
2597 1926 2798 1982 ditione
2841 1936 2956 1982 erat
2989 1927 3270 1998 imperium
3301 1907 3477 1996 dctreL

1898 2024 2084 2079 ctare;
2125 2031 2257 2069 nova
2292 2015 2342 2069 in
2376 2015 2490 2070 dies
2525 2017 2852 2084 machinari;
2889 2019 3167 2089 episcopus
3198 2021 3476 2091 presbyte-

1902 2120 2095 2175 rosque
2125 2106 2322 2174 ubique
2357 2105 2593 2160 locorum
2629 2118 2818 2162 contra
2851 2108 2938 2176 jus
2973 2109 3160 2178 fasque
3182 2111 3476 2165 constitue-

1899 2213 1996 2263 re;
2021 2196 2152 2252 alias
2178 2207 2338 2267 atque
2370 2197 2502 2253 alias
2536 2201 2800 2268 paraacias
2830 2199 2896 2253 ad
2928 2198 3283 2255 defectionem
3323 2201 3475 2256 solli~

1898 2290 2095 2356 citare;
2155 2288 2442 2345 Mareotem
2474 2291 2644 2361 ipsam
2705 2291 2936 2346 nobilem
2978 2292 3331 2348 Alexandrini
3364 2295 3477 2364 epi-

1898 2389 2150 2451 scopatus
2180 2382 2482 2452 portionem
2515 2391 2744 2450 tentare,
2775 2382 2915 2452 quod
2957 2393 3138 2440 tamen
3169 2384 3218 2439 ei
3256 2385 3475 2440 minime

1896 2473 2061 2530 cessit
2092 2489 2158 2529 ex
2186 2481 2328 2529 voto.
2389 2473 2585 2529 Fertur
2615 2475 2831 2529 demum
2873 2483 3016 2529 tanta
3043 2475 3209 2531 fuisse
3243 2476 3474 2540 vafritie,

1898 2574 1955 2620 ut
1984 2566 2269 2621 calumniis
2293 2565 2611 2634 insidiisque
2640 2580 2744 2620 non
2785 2580 2987 2636 paucos
3007 2583 3035 2622 a
3058 2565 3227 2633 Petri,
3255 2568 3478 2623 Achillae

1897 2667 1952 2715 et
1984 2659 2277 2715 Alexandri
2333 2659 2576 2730 partibus
2626 2658 2936 2714 abduceret.
2990 2659 3158 2728 Hujus
3196 2676 3475 2731 sequaces,

215 2769 311 2824 qua
342 2729 685 2808 Maximiano
721 2752 964 2822 principe
985 2767 1129 2805 anno
1155 2751 1260 2806 505
1287 2748 1615 2805 Christianis
1644 2748 1792 2803 illata
1827 2729 1872 2790 Β
1898 2751 2099 2807 amisso
2128 2729 2564 2808 Christianorum
2595 2753 2834 2818 nomine,
2867 2749 3134 2806 Meletiani
3166 2729 3474 2816 audierunt,

218 2856 319 2899 sunt
347 2845 532 2900 mala:
577 2861 715 2901 cum
749 2845 957 2899 scilicet
1012 2843 1110 2912 ipsi
1152 2858 1247 2912 per
1299 2852 1540 2897 teneram
1580 2850 1791 2895 atatem

220 2953 271 2992 ne
291 2939 618 2994 domesticas
644 2938 870 2996 quidem
904 2937 1245 2991 calamitates
1278 2935 1481 2989 sentire
1521 2934 1710 2987 liceret
1742 2940 1796 2986 et

219 3033 496 3087 observare.
533 3032 648 3099 Qui
685 3043 863 3085 autem
915 3045 1057 3084 anno
1082 3027 1189 3083 290
1227 3036 1410 3084 natum
1439 3035 1654 3096 putant,
1706 3040 1797 3080 ve-

219 3137 318 3176 reor
343 3131 398 3176 ut
418 3122 698 3192 majorem
723 3122 1005 3176 duodenne
1031 3129 1194 3174 tanta
1223 3119 1396 3175 cladis
1422 3120 1794 3173 immemorem

220 3213 472 3266 suadeant.
515 3213 587 3269 Et
616 3227 755 3266 vero
785 3213 831 3266 si
875 3226 1017 3266 anno
1042 3210 1149 3266 990
1174 3221 1333 3266 natus
1380 3211 1473 3273 sit,
1501 3225 1644 3265 anno
1667 3209 1796 3276 326,

219 3317 303 3370 quo
329 3304 424 3358 fuit
467 3305 522 3358 in
556 3303 881 3372 episcopum
909 3302 1158 3365 allectus,
1194 3300 1411 3371 triginta
1447 3311 1656 3369 septem
1695 3314 1797 3352 au-

221 3407 382 3447 norum
416 3392 619 3458 fuerit;
655 3408 725 3447 ac
759 3407 826 3449 ne
859 3393 1116 3447 minimus
1155 3392 1372 3460 quidem
1405 3390 1620 3446 Arianis
1665 3390 1798 3446 fuis-

221 3494 286 3537 ενι
320 3485 467 3540 locus
497 3485 864 3548 criminandi,
891 3487 1032 3553 quod
1065 3486 1274 3538 minore
1306 3498 1470 3552 quam
1500 3482 1586 3535 lex
1631 3481 1799 3536 ferret

221 3584 350 3629 atate
377 3577 427 3629 in
456 3577 786 3645 episcOpum
810 3574 1236 3628 Alexandrinum
1257 3572 1446 3628 fuisset
1476 3579 1794 3640 cooptatus:

220 3671 272 3723 de
293 3686 388 3739 quo
417 3681 610 3726 tamen
649 3669 1004 3724 Athanasium
1037 3670 1088 3724 in
1122 3671 1324 3725 crimen
1354 3677 1602 3724 vocatum
1632 3667 1798 3722 fuisse

221 3774 455 3819 memorat
491 3765 828 3820 Ammonius
859 3763 951 3834 (c).
995 3763 1071 3816 Ne
1123 3772 1246 3834 post
1277 3777 1480 3816 annum
1521 3761 1627 3816 296
1658 3759 1800 3816 refe-

220 3869 377 3910 ramus
421 3856 603 3910 multa
671 3855 1025 3909 dehortantur
1081 3870 1098 3909 :
1153 3870 1182 3908 a
1222 3852 1552 3924 martyribus
1599 3854 1799 3924 quippe

223 3945 524 4002 Athanasius
564 3961 650 4011 se,
681 3957 806 4001 ante
859 3961 1058 4003 annum
1090 3945 1299 4001 scilicet
1349 3945 1475 4011 5H,
1508 3944 1796 4000 edidicisse

223 4032 282 4088 ait
297 4037 580 4093 sublimem
608 4036 912 4090 divinarum
935 4035 1259 4091 Litterarum
1289 4035 1587 4091 doctrinam
1615 4052 1628 4089 :
1653 4035 1794 4105 quod

224 4138 503 4197 vergentem
531 4131 604 4184 ad
640 4129 1055 4184 adolescentiam
1083 4137 1294 4183 atatem
1330 4128 1508 4198 arguit
1544 4127 1645 4197 (d),
1671 4142 1792 4183 cum

226 4227 466 4275 tantarum
501 4237 695 4276 rerum
727 4222 920 4276 tenella
953 4231 1008 4277 et
1043 4220 1307 4276 infantilis
1347 4234 1514 4289 capax
1559 4234 1664 4273 non
1699 4217 1792 4272 sit.

224 4311 289 4365 Ad
312 4314 418 4370 hac
448 4330 610 4378 vero,
637 4319 768 4369 ante
800 4331 1000 4369 annum
1015 4315 1142 4380 519,
1177 4315 1411 4368 nondum
1435 4319 1623 4366 exorto
1649 4310 1796 4364 Aria~

227 4406 401 4471 nismo,
435 4408 615 4463 libros
651 4407 843 4472 edidit,
898 4417 1043 4461 tanta
1069 4407 1373 4461 eruditione
1419 4415 1474 4458 et
1506 4404 1792 4472 gravitate,

228 4504 274 4546 ut
313 4497 467 4552 nullis
500 4513 616 4552 non
657 4497 880 4552 Patrum
915 4498 1134 4568 scriptis
1168 4499 1277 4552 sint
1306 4497 1696 4565 comparanda.
1723 4495 1792 4549 At

228 4585 347 4640 enim
375 4588 418 4642 si
464 4589 699 4644 ineunte
749 4589 943 4645 saculo
980 4603 1133 4644 ortus
1185 4598 1351 4655 esset,
1402 4597 1460 4642 ut
1511 4595 1793 4641 autumant

228 4680 468 4745 nonnulli,
521 4680 650 4750 quis
703 4689 854 4749 putet
905 4680 1274 4734 novemdecim
1315 4694 1581 4734 annorum
1615 4678 1793 4734 adole-

228 4779 441 4824 tuentem
486 4771 662 4826 tantis
713 4770 940 4826 edendis
986 4769 1136 4825 libris
1172 4784 1356 4839 parem
1391 4778 1445 4824 et
1482 4767 1795 4822 maturum?

231 4858 333 4916 "ac
356 4863 464 4932 jam
516 4865 656 4919 satis
698 4873 882 4929 sunto,
923 4862 1089 4917 multa
1127 4863 1274 4917 enim
1313 4877 1433 4931 qua
1455 4874 1792 4928 consequun-

231 4957 320 5019 tur,
346 4964 588 5010 nostram
627 4955 844 5009 firmant
873 4955 1204 5025 opinionem.

290 5065 430 5122 Areto
479 5067 612 5123 501.
668 5096 738 5107 --
787 5067 838 5121 1.
882 5065 1112 5121 Exortus
1151 5065 1419 5120 Meletiani
1474 5062 1786 5119 schismatis.

227 5157 449 5214 —Dum
501 5169 693 5214 tenera
755 5159 928 5215 adhuc
970 5161 1194 5214 infantia
1246 5169 1407 5223 esset,
1461 5157 1626 5227 capit
1677 5170 1792 5209 res-

234 5251 422 5316 publica
483 5253 539 5306 in
584 5249 821 5322 Egypto
898 5251 1208 5307 Christiana
1262 5249 1515 5306 intestino
1574 5257 1628 5304 et
1680 5247 1792 5302 exi-

235 5341 352 5396 tiose
397 5343 631 5399 dissidio
684 5342 1038 5414 conﬂagrare.
1100 5341 1342 5413 Namque
1391 5340 1654 5405 Meletius,
1684 5336 1792 5408 L!‘

1901 2844 1993 2913 qui
2044 2843 2346 2899 Athanasio
2376 2843 2518 2897 haud
2565 2844 2744 2898 minus
2779 2857 2942 2912 quam
2983 2844 3360 2899 decessoribus
3391 2844 3476 2897 in-

1898 2935 2046 3001 festi,
2085 2936 2256 2990 virum
2285 2949 2392 2990 non
2423 2933 2591 2989 semel
2621 2934 2762 2989 (ictis
2793 2933 3110 2990 criminibus
3134 2943 3395 2989 vocarunt
3423 2934 3477 2988 in

1897 3028 2089 3098 capitis
2117 3028 2402 3084 discrimen

1972 3120 2028 3173 2.
2065 3118 2189 3174 Hac
2216 3135 2280 3175 ex
2306 3120 2602 3176 Athanasio
2628 3134 2821 3175 verace
2863 3127 2916 3174 et
2939 3129 2997 3174 ut
3030 3119 3316 3189 plurimum
3342 3132 3476 3173 ocu-

1905 3213 2013 3267 lato
2039 3220 2194 3267 teste.
2224 3210 2420 3265 Verum
2453 3211 2667 3266 diversa
2715 3212 2871 3282 longe
2924 3219 3109 3265 narrat
3147 3210 3476 3280 Epiphanius

1899 3304 1991 3374 (f),
2027 3303 2223 3372 quibus
2247 3302 2375 3376 facti
2420 3303 2622 3358 invidia
2651 3303 2809 3358 Petro
2835 3317 2940 3356 non
2972 3303 3146 3356 minus
3175 3315 3334 3371 quam
3366 3300 3477 3356 Me-

1900 3397 2029 3452 letio
2061 3396 2395 3452 conferatur.
2433 3395 2525 3450 Ait
2559 3396 2812 3450 nimirum
2845 3394 3060 3449 Petrum
3109 3403 3161 3448 et
3205 3393 3476 3449 Meletium

1903 3489 2024 3545 fidei
2071 3504 2236 3546 causa
2279 3488 2731 3558 comprehensos,
2766 3496 2925 3557 atque
2953 3487 3008 3542 in
3046 3500 3320 3542 carcerem
3352 3502 3474 3541 cum

1901 3583 2086 3638 multis
2129 3584 2249 3638 aliis
2280 3583 2541 3646 reclusos,
2572 3583 2638 3637 de
2674 3579 2995 3650 recipiendis
3031 3579 3194 3649 lapsis
3217 3579 3476 3650 quastio-

1903 3691 2021 3730 nem
2072 3675 2307 3746 agitasse
2347 3695 2358 3730 :
2393 3673 2793 3743 Meletiumque,
2827 3671 3101 3745 gentiliqu
3126 3672 3317 3726 ritibus
3348 3671 3477 3740 pol—

1901 3767 2059 3830 lutos,
2090 3766 2180 3836 qui
2207 3781 2391 3822 veram
2417 3767 2575 3820 fidem
2603 3773 2910 3835 negassent,
2941 3762 3193 3818 Ecclesia
3223 3762 3366 3818 aditu
3395 3763 3479 3816 iu-

1903 3857 2170 3914 terclusos
2209 3865 2463 3928 oportere
2497 3857 2838 3912 contendisse
2874 3868 2977 3910 :ac
3017 3867 3087 3908 ne
3123 3852 3352 3907 facilitas
3377 3867 3475 3908 vc-

1902 3948 2002 4004 nia
2030 3949 2210 4004 multis
2242 3947 2514 4004 occasioni
2553 3958 2608 4002 et
2645 3946 2972 4003 oﬂ‘endiculo
3003 3947 3162 4010 foret,
3192 3947 3474 4001 deterren-

1901 4041 1998 4096 dos
2031 4042 2281 4111 exemplo
2309 4042 2630 4098 Tseveritatis
2671 4058 2687 4095 :
2723 4040 2940 4095 Petrum
2978 4047 3186 4104 contra,
3243 4046 3298 4092 et
3337 4051 3476 4109 quo-

1905 4147 2020 4187 rum
2050 4131 2243 4187 melior
2265 4133 2530 4188 sententia
2556 4133 2742 4198 menti,
2784 4131 3113 4201 paenitentia
3143 4129 3319 4186 locum
3343 4131 3477 4184 dan-

1902 4225 2026 4279 dum
2058 4239 2180 4280 esse
2214 4224 2657 4295 resipiscentibus
2682 4223 3007 4288 defendisse,
3030 4237 3098 4277 ne
3123 4221 3347 4290 pracisa
3380 4235 3478 4290 spe

1902 4317 2090 4382 venia,
2124 4316 2174 4370 in
2203 4325 2506 4371 extremum
2535 4316 2794 4386 perniciei
2822 4324 2874 4370 et
2903 4313 3232 4369 inﬁdelitatis
3258 4321 3478 4366 ruerent

1902 4408 1994 4478 qui
2027 4407 2190 4464 semel
2240 4408 2372 4479 lapsi
2418 4407 2669 4462 fuissent.
2718 4408 2948 4472 Acriter,
3003 4405 3081 4460 ait
3124 4403 3479 4474 Epiphanius,

1904 4498 2160 4568 utrinque
2188 4512 2343 4553 versa
2377 4512 2464 4552 res
2508 4507 2612 4562 est,
2646 4497 2768 4552 aliis
2807 4497 2858 4550 in
2906 4495 3066 4548 aliam
3098 4503 3328 4562 partem,
3365 4507 3482 4560 quo

1903 4592 2110 4647 scilicet
2154 4591 2339 4660 opinio
2365 4589 2594 4654 ferebat,
2629 4587 3072 4643 concedentibus.
3105 4584 3238 4638 Tum
3282 4583 3476 4637 Petrus

1901 4683 2121 4754 pallium
2155 4684 2208 4737 in
2255 4681 2434 4737 medio
2487 4694 2709 4735 carcere
2756 4678 2970 4742 stravit,
3008 4686 3062 4731 et
3085 4675 3406 4745 proclamari
3442 4691 3475 4728 a

1902 4775 2130 4830 diacono
2173 4773 2334 4843 jussit
2369 4787 2384 4826 :
2447 4789 2466 4824 t
2491 4770 2594 4839 Qui
2641 4785 2850 4825 mecum
2884 4769 3145 4834 sentiunt,
3184 4768 3288 4822 huc
3315 4783 3473 4824 acce-

1900 4871 2050 4924 dant.
2084 4887 2102 4920 »
2137 4865 2256 4922 Mox
2287 4865 2443 4936 pauci
2465 4863 2724 4934 episc0pi,
2753 4861 3024 4927 monachi,
3059 4860 3356 4931 presbyteri
3387 4858 3478 4917 Pe-

1901 4972 2079 5029 trum;
2116 4959 2284 5014 multo
2314 4957 2496 5028 plures
2547 4954 2814 5010 Meletium
2854 4954 3072 5008 adeunt.
3116 4952 3296 5007 Palam
3329 4963 3476 5008 certe

1902 5068 1990 5109 res
2016 5062 2119 5115 est,
2147 5049 2512 5121 Epiphanium
2542 5046 2818 5102 Meletiani
2849 5044 3127 5114 cujusdam
3160 5045 3346 5099 fraude
3371 5044 3477 5098 cir-

1904 5154 2252 5203 cumventum
2297 5141 2403 5196 tale
2451 5148 2820 5196 commentum
2865 5137 3122 5203 edidisse,
3169 5137 3255 5193 cui
3301 5136 3471 5192 recla-

1901 5249 2053 5296 mant
2077 5253 2197 5294 cum
2229 5234 2527 5291 Athanasio
2561 5247 2748 5289 omnes
2772 5231 3121 5288 ecclesiastici
3161 5230 3472 5298 scriptores.

1904 5332 2295 5400 Quamobrem,
2329 5328 2514 5383 missis
2544 5326 2758 5382 cateris
2782 5341 2900 5396 qua
2928 5325 3014 5380 ille
3041 5326 3104 5378 ad
3135 5321 3326 5376 Meletii
3359 5319 3473 5372 lau-

234 5433 552 5500 copolitanus
615 5436 902 5506 episcopus
964 5434 1059 5504 (c).
1136 5433 1428 5488 multorum
1498 5431 1792 5491 scelerum,
1826 5452 1872 5509 ι)
1903 5427 2022 5481 dem
2065 5433 2118 5479 et
2151 5421 2674 5478 commendationem
2701 5419 2899 5482 attulit,
2932 5433 3031 5472 ttos
3064 5415 3270 5509 veriora
3296 5421 3473 5509 secte-

233 5520 486 5595 oblatique
543 5527 822 5595 gentilium
873 5526 1183 5580 numinibus
1237 5524 1490 5579 sacritii-ii
1545 5539 1688 5586 reus,
1735 5521 1788 5576 in

232 5610 473 5678 judicium
519 5627 743 5672 vocatur
780 5634 809 5671 a
865 5619 1069 5689 synodo
1104 5616 1486 5679 Alexandrina,
1542 5614 1628 5672 cui
1679 5621 1788 5666 tum

297 5749 366 5886 ἓα)
397 5751 491 5830 Ep.
511 5755 547 5805 2
583 5754 650 5806 ad
675 5752 992 5822 Luciferum.

323 5818 370 5886 b)
398 5820 538 5876 Hist.
567 5822 754 5877 Arion.
797 5826 864 5876 ad
894 5841 992 5878 mal

323 5818 370 5887 ὁ)
398 5820 538 5876 Hist.
567 5822 754 5877 Arian.
797 5818 864 5876 ad
894 5825 1198 5887 monachos,
1233 5840 1284 5879 η.
1317 5824 1397 5880 6i.

300 5889 366 5961 (τ)
391 5891 557 5960 Epist.
589 5892 872 5957 Ammonii,
900 5909 946 5965 p.
983 5894 1105 5953 350.

1899 5533 2040 5572 mur.
2079 5515 2291 5568 Annum
2326 5526 2486 5583 porro
2511 5511 2621 5566 orsi
2661 5508 2927 5566 Meletiani
2969 5505 3202 5569 dissidii,
3237 5504 3476 5558 Athana-

1899 5609 1966 5665 sii
1997 5605 2238 5677 vestigiis
2279 5605 2569 5669 barentcs,
2612 5601 2896 5658 statuimus
2932 5598 3056 5653 30f.
3107 5597 3172 5650 At
3209 5595 3478 5657 Buronius

1995 5803 2044 5873 ei
2074 5815 2222 5873 Apol.
2252 5821 2432 5865 contra
2460 5803 2665 5873 Arium,
2700 5823 2749 5861 υ.
2782 5803 2869 5860 59.

1987 5747 2046 5805 d)
2072 5744 2145 5798 De
2177 5743 2469 5805 lncarnat.,
2498 5757 2551 5794 n.
2574 5738 2660 5794 56.

1987 5747 2046 5879 αξ
2072 5747 2145 5798 De
2177 5747 2469 5805 Incarnat.,

1995 5832 2021 5867 e
2074 5815 2108 5866 Α
2151 5815 2222 5868 ol.
2252 5821 2432 5865 contra
2460 5817 2482 5862 ,Α

1969 5747 2038 5956 ΞΛ)
2074 5831 2303 5950 Ηιέτνέδη
2332 5897 2482 5935 um.
