3998 6506
483 385 549 426 ιι
1854 377 2393 437 musmonem.

487 504 554 542 ex
609 488 754 545 male
788 489 1073 547 intellecto
1120 491 1408 550 Athanasii
1467 494 1585 551 loco
1620 511 1901 567 perperam
1939 498 2069 553 inita
2100 503 2145 560 Α
2178 501 2422 571 ignarum
2478 502 2582 558 hoc
2633 502 2950 559 eruditionis
3008 519 3211 577 genere
3240 506 3472 577 produnt
3495 505 3613 577 ejus
3633 522 3755 577 qua:

490 583 750 653 temporis
782 584 992 639 ratione
1023 584 1075 640 in
1121 600 1325 641 annum
1359 586 1524 642 refert
1557 588 1682 644 306.
1736 590 1852 656 Qua
1905 591 1969 644 de
2013 606 2071 647 re

489 675 733 743 pluribus
760 686 941 733 aetum
975 687 1058 743 est
1095 680 1161 735 ad
1189 680 1472 750 epistolam
1513 679 1781 753 )Egyptiis
1801 683 2071 755 episcopis

488 769 695 825 datam.

560 862 712 917 ANNO
739 862 863 918 305.
898 895 967 905 —-—
1003 864 1326 920 Maximiani
1358 866 1508 935 furor
1537 866 1588 921 in
1620 866 1971 926 Christianos.
2002 901 2071 910 —

490 954 720 1024 Insignis
753 967 834 1011 est
862 973 1038 1013 annus
1069 959 1176 1012 505
1217 960 1401 1013 furore
1438 958 1755 1014 Diocletiani
1785 971 1839 1014 et
1871 960 2068 1016 Galerii

489 1046 800 1103 Maximiani
852 1052 904 1105 in
936 1051 1276 1107 Christianos
1316 1071 1328 1106 :
1364 1052 1454 1121 qtti
1484 1051 1826 1109 Alexandrite
1858 1055 2072 1124 potissi-

490 1158 633 1195 tnum
668 1151 776 1196 tam
812 1145 1073 1199 atrociter
1102 1146 1293 1209 sarviit,
1340 1154 1400 1200 ut
1450 1145 1674 1215 gentiles
1706 1146 1802 1216 ipsi
1863 1147 2074 1202 miseri-

488 1236 671 1289 cordia
720 1250 845 1305 erga
899 1236 1240 1294 Christianos
1284 1239 1413 1293 moti
1470 1240 1647 1309 quoad
1683 1238 1911 1295 facultas
1957 1250 2075 1295 erat

489 1326 820 1381 cruciatibus
851 1328 1246 1395 subducerent,
1305 1344 1406 1386 nec
1459 1332 1578 1405 sine
1623 1332 1973 1388 fortunarum
2020 1344 2075 1389 et

488 1418 679 1489 capitis
700 1406 1016 1477 discrimine
1037 1421 1180 1497 domi
1207 1422 1559 1478 occultarent.
1584 1422 1755 1491 Quam
1778 1439 1913 1494 rem,
1933 1427 2074 1495 quod

488 1512 967 1589 pritnaAtltanasii
1005 1514 1239 1589 pueritia
1271 1517 1538 1583 evenerit,
1570 1532 1675 1573 non
1708 1532 1807 1574 sua
1838 1519 1947 1583 ille,
1980 1518 2073 1574 sed

485 1612 701 1672 patrum
738 1605 998 1660 memoria
1031 1615 1235 1677 gestam
1267 1618 1457 1669 narrat
1479 1607 1577 1681 (ιι).

557 1699 634 1752 Aa
668 1715 804 1754 anno
831 1700 934 1755 50⁸5
970 1715 1039 1754 ,ω
1074 1700 1202 1756 511.
1236 1731 1305 1741 ——
1335 1702 1387 1757 1.
1416 1701 1531 1767 Arii
1556 1716 1725 1757 mores
1741 1710 1789 1754 et
1810 1710 1980 1771 gesta.
2004 1729 2076 1744 --

489 1789 676 1862 Neqne
699 1792 773 1847 ita
797 1792 968 1848 multo
995 1803 1135 1863 pOSt,
1171 1803 1453 1867 grassante
1484 1792 1770 1848 Meletiano
1816 1792 2077 1848 schisma-

491 1892 563 1949 te,
589 1883 747 1955 longe
772 1886 991 1954 gravius
1017 1887 1247 1941 exitium
1285 1884 1584 1940 Ecclesiam
1619 1886 1710 1941 Dei
1738 1885 1961 1941 invadit.
1997 1886 2071 1939 A-

489 1978 601 2032 rius
624 1977 767 2032 enim
803 1979 902 2048 (b),
932 1993 999 2033 ex
1030 1977 1201 2047 Libya
1232 1985 1595 2032 monstrorum
1640 1984 1862 2046 parente
1890 1976 2073 2031 oriun-

488 2069 607 2136 dus,
641 2070 864 2126 mutatis
900 2070 1137 2133 sedibus,
1178 2069 1563 2124 Alexandriam
1597 2071 1942 2140 commigrat,
1972 2068 2073 2122 Pe-

490 2172 574 2215 tro
601 2161 786 2215 sedem
835 2172 1158 2233 occupante.
1194 2161 1425 2219 i’rocera
1463 2163 1625 2217 homo
1675 2171 1905 2228 statura,
1951 2161 2074 2223 sub.

490 2252 631 2307 tristi
660 2262 711 2306 et
738 2252 1031 2308 macilento
1067 2268 1185 2319 ore,
1223 2255 1375 2323 cujus
1399 2254 1573 2323 pallor
1600 2254 1766 2309 animi
1792 2262 2075 2319 tetra_ver-

487 2345 659 2400 santis
716 2346 1016 2413 indicium;
1065 2347 1210 2417 passi
1263 2347 1443 2403 crines
1475 2355 1530 2403 et
1592 2347 1871 2419 incompti,
1903 2347 2073 2403 vestis

486 2436 731 2505 squalida
794 2449 849 2491 et
903 2438 969 2493 ad
1002 2439 1263 2509 reliquam
1295 2439 1534 2509 speciem
1588 2440 1908 2507 composita.
1960 2438 2073 2499 lloc

487 2540 771 2602 apparatu,
803 2532 905 2591 hoc
937 2531 1171 2605 artiﬁcio
1208 2533 1389 2604 populi
1417 2532 1851 2603 spectaculorum
1881 2549 2070 2598 amart:

490 2624 559 2680 tis
615 2623 848 2694 gratiam
904 2627 1178 2694 captabat.
1220 2625 1329 2687 His.
1372 2627 1581 2689 artibus
1618 2626 1855 2691 animus,
1890 2626 2072 2696 glorim

489 2729 745 2789 appetens
778 2721 986 2777 aditum
1018 2721 1139 2785 sibi
1173 2721 1404 2790 parabat
1454 2721 1521 2776 ad
1552 2720 1787 2775 honores
1813 2729 1869 2773 et
1893 2718 2071 2788 digni-

487 2818 647 2877 tates.
676 2812 757 2866 Ad
792 2813 928 2877 hmo,
955 2812 1410 2883 aitiEpipltanius,
1445 2811 1548 2867 leni
1583 2810 1849 2873 interdum
1883 2810 2073 2881 ollicii-

484 2917 590 2971 que
616 2903 772 2973 pleno
794 2904 944 2967 vultu
972 2905 1145 2965 obviis
1172 2919 1458 2963 occurrere
1479 2904 1718 2969 solebat;
1744 2910 2071 2972 cunctosque

484 2997 717 3051 comiter
745 2996 1089 3067 compellare,
1125 3012 1233 3068 quo
1286 2998 1389 3053 sibi
1420 2995 1849 3067 quamplurimas
1888 2994 2072 3057 derin—

483 3088 638 3147 eiret.
675 3087 739 3143 lli
783 3104 962 3146 mores
1003 3089 1261 3151 hominis.
1291 3088 1422 3143 Erat
1460 3102 1620 3158 porro
1648 3086 1951 3149 dialecticae
1982 3101 2071 3141 ar-

484 3180 554 3235 tis
580 3180 918 3259 aliarumque
943 3182 1349 3253 disciplinarum
1373 3181 1811 3247 scientissimus;
1840 3188 1915 3245 et,
1952 3193 2071 3250 qum
2097 3212 2139 3269 ο

480 3274 838 3342 opportunior
860 3276 927 3331 ad
961 3275 1419 3337 existimationem
1452 3276 1560 3342 via,
1612 3273 1933 3345 praeferebat
1958 3275 2070 3345 pie-

483 3366 614 3421 tatis
649 3366 1039 3435 religionisque
1062 3368 1301 3425 studium
1330 3366 1628 3436 singulare.
1655 3365 1753 3422 Hic
1774 3366 2072 3436 perspectis

482 3455 778 3512 factionum
824 3456 1091 3526 partibus,
1121 3459 1302 3519 statim
1354 3458 1410 3515 in
1445 3457 1645 3515 Meletii
1671 3458 1979 3515 clientelam
2009 3473 2070 3517 se

481 3548 730 3602 contulit.
757 3544 1195 3605 Verun'tmutata
1230 3550 1378 3605 brevi
1406 3541 1697 3616 sententia,
1732 3567 1836 3621 qna
1860 3551 2069 3611 facilia.

481 3654 595 3695 rem
630 3641 853 3710 putabat
886 3642 952 3697 ad
1013 3643 1220 3713 gradus
1266 3642 1666 3699 ecclesiasticos
1720 3645 1950 3711 aditum,
2003 3660 2068 3702 eo

481 3732 709 3787 consilia
744 3742 802 3789 et
831 3734 1012 3795 studia
1043 3743 1392 3801 convertens,
1444 3749 1473 3789 a
1508 3733 1978 3794 Meletiodescivit
1998 3737 2066 3794 ad

480 3824 701 3881 Petrum
723 3826 1189 3892 Alexandrinum;
1242 3840 1272 3880 a
1324 3840 1432 3897 quo
1469 3827 1876 3897 perhumaniter
1903 3844 2066 3887 exeso

477 3927 623 3987 ptus,
664 3928 721 3972 ut
750 3928 871 3974 erat
891 3919 958 3975 ad
986 3918 1307 3975 fraudemet
1334 3919 1402 3975 ad
1434 3920 1857 3979 simulationem.
1885 3933 2063 3991 natus,

479 4010 585 4065 viti
617 4010 850 4080 gratiam
890 4020 1214 4081 aucupatur,
1246 4026 1310 4067 ac
1350 4011 1503 4069 brevi
1534 4012 1586 4067 in
1629 4014 1949 4071 diaconatus
1976 4032 2065 4072 or-

480 4100 661 4155 dinem
698 4099 939 4161 delectus
960 4109 1064 4158 est.
1092 4101 1244 4163 Haud
1277 4102 1351 4158 ita
1384 4103 1556 4161 multo
1582 4115 1718 4175 post,
1744 4120 1869 4162 cum
1899 4107 2063 4164 Mele-

482 4193 658 4249 t-ianos
684 4193 878 4255 Petrus
902 4203 958 4248 ut
990 4194 1268 4261 factiosos,
1304 4205 1362 4250 et
1403 4196 1711 4267 reipublicae
1741 4198 2064 4257 Christiana:

481 4285 822 4343 adversarios
873 4288 1099 4357 pelleret
1134 4288 1397 4356 Ecclesia,
1432 4290 1621 4345 Arium
1676 4292 1863 4359 etiam,
1900 4309 2061 4364 quem

479 4375 561 4445 (ut
588 4388 671 4433 est
695 4379 919 4435 ambitio
943 4380 1185 4452 inquieta
1215 4391 1270 4437 et
1298 4382 1627 4453 turbulenta)
1655 4392 1802 4454 gesta
1833 4400 1930 4439 sua
1963 4386 2064 4453 imp

478 4469 711 4537 probare
734 4473 1151 4543 traducereque,
1182 4490 1247 4530 ac
1292 4491 1430 4531 nova
1488 4476 1541 4530 in
1583 4476 1701 4531 dies
1755 4478 1930 4532 moliri
1966 4479 2052 4532 de-

2168 594 2279 663 jam
2313 604 2605 663 supersunt
2650 609 2839 665 opera.
2874 596 3011 664 Quid
3066 598 3110 653 si
3156 610 3501 669 superessent
3531 599 3756 655 inﬁnitae

2175 702 2342 756 prope
2374 687 2516 741 illius
2542 688 2798 753 ltomiliae,
2822 690 3083 759 epistola,
3112 693 3521 756 commentaria,
3549 693 3755 761 ingenti

2176 777 2487 845 reipublicae
2517 793 2639 833 cum
2681 777 2957 834 litterariae
2992 789 3102 833 tum
3126 780 3516 835 ecclesiasticaa'
3542 781 3759 849 dispen-

2174 868 2264 921 dio
2312 870 2550 924 amissa?
2585 870 2809 926 Divinas
2840 880 3019 925 autem
3053 870 3287 927 Litteras
3329 872 3585 941 frequens
3622 872 3758 927 adeo

2177 964 2423 1034 perlegit,
2454 974 2511 1019 ut
2542 966 2857 1022 universam
2892 979 3029 1034 pene
3063 965 3401 1035 Scripturam
3441 965 3758 1020 memoriter

2179 1058 2417 1111 tenuisse
2451 1057 2621 1123 dicas,
2660 1057 2733 1112 ita
2766 1057 3073 1128 frequenter
3096 1066 3149 1113 et
3177 1066 3480 1127 opportune
3526 1056 3612 1110 illa
3651 1057 3758 1111 uti-

2180 1157 2287 1201 tur.
2316 1147 2369 1201 ln
2410 1146 2630 1203 Patrum
2655 1149 2781 1204 item
2806 1150 3104 1218 superioris
3133 1150 3233 1204 aevi
3267 1150 3486 1219 scriptis
3508 1148 3758 1204 evolven-

2176 1240 2260 1295 dis
2288 1241 2505 1296 assidue
2528 1240 2929 1312 dlligenterqne
2960 1252 3229 1303 versatus,
3268 1244 3558 1311 magistros
3586 1242 3639 1297 itt
3671 1242 3757 1295 di—

2178 1332 2316 1387 vinis
2344 1332 2446 1387 sibi
2493 1333 2659 1389 fuisse
2687 1342 2913 1403 testatur
2940 1332 3043 1404 (tl),
3082 1332 3356 1403 theologos
3407 1334 3757 1403 eruditosque

2178 1423 2340 1485 viros,
2373 1423 2588 1492 pietatis
2613 1424 2979 1494 doctrinaeque
3014 1438 3175 1479 causa
3214 1424 3474 1495 martyrio
3502 1437 3760 1479 consum-

2180 1525 2371 1574 matos.
2434 1516 2503 1572 lis
2534 1516 2627 1572 ille
2656 1516 2987 1580 doctoribus,
3036 1530 3156 1586 qua:
3186 1515 3386 1577 Christi
3431 1515 3759 1570 incarnatio-

2178 1624 2300 1664 nem
2342 1609 2789 1679 Scripzuramque
2825 1624 3037 1664 sacram
3078 1617 3344 1677 spectant,
3388 1609 3676 1663 edidicisse
3701 1621 3760 1677 se

2178 1710 2587 1757 commemorat.
2623 1700 2687 1755 Et
2718 1700 2948 1755 fortasse
3003 1708 3271 1771 martyres
3328 1714 3447 1754 cum
3490 1699 3755 1763 meminit,

2180 1794 2320 1864 apud
2363 1791 2584 1849 Petrum
2632 1792 2807 1862 ipsum
2853 1790 3280 1846 Alexandrinum
3335 1804 3394 1844 se
3434 1789 3759 1845 Christiana:

2175 1885 2476 1955 disciplinae
2506 1885 2773 1956 tyrocinia
2831 1885 3080 1955 posuisse
3106 1885 3434 1940 subindieat.
3480 1881 3760 1937 Jttriscon-

2177 1979 2377 2034 snitum
2414 1979 2649 2048 appellat
2684 1977 2948 2049 Sulpitius
2978 1978 3235 2033 Severus.
3268 1977 3333 2032 Et
3363 1992 3491 2032 vero
3522 1976 3753 2039 videtur,

2175 2088 2297 2127 cum
2325 2087 2393 2126 ex
2422 2072 2648 2128 scientia
2684 2086 2862 2126 rerum
2902 2071 3282 2141 gerendarum,
3317 2078 3429 2125 tttm
3456 2085 3520 2125 ex
3551 2070 3758 2138 sparsis

2174 2178 2270 2234 per
2307 2164 2521 2219 diversa
2557 2164 2675 2235 ejus
2708 2179 2872 2234 opera
2929 2164 3081 2227 locis,
3120 2163 3284 2218 fuisse
3318 2162 3421 2227 hoc
3451 2162 3757 2216 litterarum

2174 2268 2371 2325 genere
2424 2255 2639 2326 egregie
2694 2255 2925 2324 peritus.
2964 2254 3107 2311 Sane
3162 2254 3477 2325 providente
3522 2251 3757 2309 Numine

2174 2346 2290 2400 haec
2317 2356 2620 2417 opportune
2653 2345 2755 2400 tela
2788 2347 3144 2417 comparavit,
3183 2345 3380 2414 quibus
3420 2344 3617 2400 exinde
3647 2346 3757 2400 hae-

2175 2440 2470 2494 reticorum
2530 2440 2744 2508 agmina
2796 2437 3555 2509 impeteretproﬂigaretouc,
3610 2438 3756 2508 quod

2173 2530 2319 2585 omni
2345 2543 2438 2599 spe
2471 2530 2735 2584 maturius
2758 2530 2956 2587 evenit.

2244 2622 2395 2677 ANNO
2426 2623 2550 2678 511.
2572 2652 2639 2662 -—
2664 2622 2710 2676 1.
2739 2620 2881 2676 Petri
2901 2621 3231 2693 martyrium.
3251 2622 3481 2678 —Petri
3521 2621 3756 2679 Alexan-

2174 2716 2314 2772 drini
2390 2715 2653 2786 martyrio
2720 2716 3033 2771 nobilitatus
3067 2725 3154 2771 est
3212 2730 3385 2770 annus
3432 2710 3756 2781 5ll,'cttjus

2131 2821 2142 2832 '
2174 2809 2437 2879 sanguine
2471 2808 2730 2867 restincta
2758 2809 2974 2866 videtur
3008 2810 3259 2866 immanis
3298 2809 3385 2863 illa
3413 2807 3755 2864 Christiano-

2180 2917 2298 2956 rum
2334 2902 2573 2967 vexatio,
2627 2918 2723 2971 per
2749 2901 3043 2974 Egyptum
3096 2904 3421 2973 praesertim,
3475 2901 3757 2957 Maximini

2179 2993 2519 3063 temporibus
2559 3004 2826 3065 grassata.
2868 2996 2998 3062 Quae
3042 2995 3213 3051 fertur
3234 3006 3413 3052 autem
3456 2997 3507 3050 iu
3533 2997 3760 3065 quibus‘

2172 3084 2296 3140 datn
2317 3085 2470 3142 Actis
2503 3085 2578 3158 (ε)
2608 3087 2828 3144 historia
2864 3086 2933 3143 de
2964 3088 3125 3143 Petro
3148 3088 3411 3154 antistite,
3443 3089 3529 3143 cui
3557 3089 3760 3142 instan-

2178 3190 2229 3236 te
2257 3186 2431 3237 morte
2452 3178 2701 3235 Christus
2733 3181 3061 3251 apparuerit,
3093 3180 3245 3236 talari
3277 3197 3380 3251 qna
3408 3181 3758 3252 operiebatur

2176 3280 2323 3328 veste
2347 3271 2415 3326 ab
2447 3272 2577 3328 Ario
2604 3272 2851 3338 discissa,
2890 3288 3118 3331 monens
3141 3285 3199 3329 ut
3234 3291 3301 3331 ne
3330 3276 3521 3330 Ariutn
3557 3274 3758 3329 admit-

2172 3373 2307 3421 teret
2335 3366 2400 3419 ad
2430 3366 2688 3422 Ecclesia:
2715 3367 3177 3431 communionem,
3236 3368 3582 3438 itlipsumque
3612 3383 3756 3436 prte-

2168 3460 2373 3530 ciperet
2412 3460 2636 3516 Achilla:
2679 3469 2735 3515 et
2765 3459 3096 3527 Alexandro,
3144 3463 3239 3531 qui
3276 3460 3393 3531 ejus
3436 3459 3600 3514 futuri
3632 3474 3758 3514 suc-

2168 3568 2411 3608 cessores
2458 3562 2643 3609 essent
2683 3571 2698 3619 ;
2740 3554 2877 3619 haec,
2912 3556 3153 3624 inquam,
3191 3570 3219 3608 a
3258 3554 3479 3610 nemine
3506 3563 3755 3610 veterum

2169 3644 2387 3709 tradita,
2419 3644 2540 3713 jure
2568 3660 2633 3701 ac
2686 3648 2881 3703 merito
2932 3647 2985 3701 in
3017 3647 3231 3711 νοθείας
3271 3648 3638 3718 suspicionem
3665 3661 3758 3701 vo-

2168 3745 2341 3800 catur,
2382 3736 2462 3792 vel
2516 3751 2583 3792 eo
2629 3739 2846 3795 nomine
2876 3740 3018 3809 quod
3074 3740 3301 3797 Achillae
3352 3752 3407 3796 et
3456 3741 3753 3797 Alexandri

2168 3828 2375 3883 amicus
2408 3828 2719 3899 aliquandiu
2750 3830 2914 3886 fuerit
2938 3831 3119 3887 Arius.
3158 3832 3215 3886 lu
3254 3832 3562 3901 ltujusmodi
3590 3847 3756 3902 porro

2166 3920 2312 3976 viros
2343 3921 2490 3976 nulla
2534 3931 2865 3994 contemptae
2890 3924 3065 3980 sancti
3089 3924 3191 3979 viri
3219 3924 3482 3995 jussionis
3514 3925 3757 3997 suspicio

2164 4012 2357 4068 cadere
2385 4021 2581 4082 potest.

2235 4104 2291 4161 2.
2339 4107 2576 4161 Achillas
2619 4108 2769 4164 Alex.
2826 4110 3117 4182 episcOptts.
3168 4143 3237 4154 —-
3274 4112 3492 4167 Petrum
3550 4113 3754 4184 exeipit

2164 4199 2404 4255 Achillas
2432 4201 2521 4271 (ι’),
2546 4201 2628 4255 vir
2650 4201 2950 4258 litterarum
2977 4206 3219 4274 apprime
3245 4220 3462 4275 gnarus,
3489 4207 3557 4261 ab
3575 4206 3754 4262 Theo-

2165 4306 2233 4344 na
2270 4292 2413 4346 l'etri
2443 4295 2730 4349 decessore
2756 4295 2807 4348 in
2840 4297 3215 4367 presbyterum
3246 4308 3558 4369 cooptatus;
3594 4301 3637 4354 si
3669 4309 3751 4354 ta-

2168 4398 2288 4436 men
2324 4384 2369 4437 is
2428 4384 2540 4453 ipse
2564 4386 2804 4442 Achillas
2836 4399 2920 4443 est
2964 4404 3125 4458 quem
3161 4402 3427 4448 memorat
3460 4392 3749 4460 Eusebius,

2164 4473 2307 4542 quod
2352 4476 2464 4529 veri
2515 4478 2675 4545 plane
2719 4478 3071 4535 simillimum.
3110 4482 3194 4537 Ab
3243 4482 3332 4537 illo
3364 4484 3524 4538 Arius
3569 4484 3749 4539 delicti

476 4560 787 4629 prehendit,
830 4562 1086 4623 Ecclesiae
1125 4566 1379 4637 ingressu
1397 4574 1448 4622 et
1489 4567 1872 4629 communione
1896 4570 2066 4626 iuter-
2100 4571 2141 4625 ῐ)
2171 4566 2601 4639 defectionismte
2629 4573 2840 4627 veniam
2870 4586 3139 4644 precatus,
3171 4577 3515 4631 reconciliata
3551 4578 3747 4648 gratia,

476 4652 635 4708 dixit.

544 4744 600 4796 2.
619 4743 902 4800 Athanasii
924 4746 1287 4803 institutio..-—
1310 4749 1467 4803 lnter.
1496 4748 1610 4804 hac
1653 4750 1980 4807 Athanasius
2000 4751 2059 4805 itt

471 4833 694 4902 juvenili
726 4844 888 4890 astate
931 4837 1181 4895 humanis
1215 4839 1531 4910 divinisque
1557 4840 1789 4901 traditus
1812 4841 2057 4910 discipli-

476 4923 581 4989 nis,
613 4924 915 4993 specimina
942 4927 1105 4984 dabat
1134 4929 1332 4998 ingenii
1364 4930 1432 4989 ad
1464 4947 1674 5005 summa
1710 4933 1845 4989 nati.
1874 4934 1930 4987 In
1959 4934 2059 4988 hu-

477 5017 654 5074 manis
673 5027 852 5074 autem
883 5020 1229 5079 addiscendis
1268 5038 1374 5078 non
1416 5025 1684 5081 modicum
1715 5040 1895 5095 operte
1924 5036 2058 5081 tem-

475 5110 731 5180 porisque
766 5116 1170 5184 consumpsisse
1193 5118 1419 5172 suadent
1445 5119 1562 5189 ejus
1585 5120 1812 5189 scripta,
1840 5120 2057 5189 potissi-

475 5216 621 5256 ntutn
655 5202 851 5258 Contra
876 5218 1075 5276 gentes,
1103 5209 1250 5265 varia
1292 5220 1347 5263 et
1379 5211 1605 5281 antiqua
1630 5211 1721 5267 illa
1753 5212 2058 5267 eruditione

472 5289 711 5358 referta;
774 5307 839 5350 ac
894 5297 1109 5353 videtur
1157 5300 1213 5353 in
1261 5299 1452 5369 primis
1508 5299 1676 5354 fuisse
1734 5300 1787 5352 in
1837 5298 2055 5356 Homeri

473 5380 827 5454 Platonisque
876 5388 1034 5446 libris
1076 5390 1505 5445 versatissimus.
1560 5389 2054 5447 Grammaticorum

475 5473 601 5529 item
647 5490 712 5533 ac
747 5478 1025 5539 rhetorum
1071 5482 1299 5541 scholas
1345 5481 1709 5552 frequentavit
1758 5482 1896 5552 (c).:
1955 5498 2055 5543 nec

566 5651 598 5687 a
650 5610 791 5689 Hist.
822 5635 1015 5691 Arion.
1038 5639 1107 5692 ad
1142 5638 1446 5703 monachos,
1480 5656 1536 5696 η.
1565 5640 1654 5696 64.

542 5632 620 5776 lo;
660 5704 924 5776 Epiphan.
970 5709 1102 5764 hmr.
1154 5724 1277 5762 thx
1308 5724 1324 5770 ;
1360 5710 1540 5769 Gelas.
1580 5712 1654 5776 Cy

567 5704 619 5773 ὁ)
660 5704 924 5827 Epighan.
970 5709 1102 5764 btcr.
1154 5724 1277 5762 thx
1308 5724 1324 5770 ;
1360 5710 1540 5769 Gelas.
1580 5712 1764 5785 Cyzic.
1796 5724 1937 5785 part.
1972 5733 2044 5785 ll;

567 5788 692 5827 :om.
721 5773 753 5826 lt
798 5816 813 5827 .
841 5790 881 5827 ι.
914 5790 1033 5827 can.
1070 5777 1155 5827 l5.

472 5773 692 5844 Sosom:
721 5773 813 5832 lib.
836 5790 881 5844 ι,
914 5790 1033 5844 cap.
1070 5777 1155 5844 l5.

543 5842 617 5917 (τ)
644 5841 805 5913 Greg.
834 5841 1055 5903 Nazfin
1084 5842 1357 5904 Encomio.

2171 4672 2400 4716 assttetze
2444 4662 2809 4721 simulationis
2838 4668 3095 4734 artificio,
3131 4678 3333 4724 tantam
3363 4670 3465 4724 sibi
3493 4671 3635 4740 apud
3672 4674 3750 4726 vi-

2171 4766 2286 4804 rum
2320 4753 2536 4821 pietatis
2570 4756 3024 4814 existimationem
3064 4762 3289 4829 peperit,
3329 4772 3387 4815 ut
3415 4761 3481 4814 ad
3518 4763 3748 4834 presby-

2169 4844 2290 4899 terii
2319 4846 2543 4913 gradum
2572 4857 2852 4915 promotus
2892 4850 2989 4904 sit.
3038 4852 3183 4917 Quas
3216 4851 3267 4904 itt
3304 4866 3370 4906 eo
3404 4852 3570 4921 gradu
3603 4855 3750 4923 p0si-

2166 4946 2249 4990 tus
2276 4938 2375 4991 sub
2405 4937 2716 4993 Alexandro
2766 4941 2988 4995 Achillzc
3017 4956 3333 4997 successore
3378 4944 3562 4998 turbas
3593 4945 3751 5001 dede-

2163 5029 2230 5084 rit
2264 5044 2387 5083 ntox
2419 5040 2674 5085 occurret
2702 5033 3088 5090 enarrandum.

2230 5118 2379 5173 ANNO
2411 5118 2536 5173 5l2.
2566 5149 2637 5159 —
2666 5121 2887 5176 Achilla:
2913 5124 3143 5176 succedit
3168 5124 3487 5181 Alexander.
3514 5158 3585 5168 —
3610 5126 3748 5183 Pau-

2160 5211 2239 5264 cis
2266 5210 2507 5289 Achillas
2556 5212 2833 5269 mensibus
2864 5214 3039 5277 sedit;
3086 5216 3449 5285 defuuctoque
3484 5219 3747 5289 subroga-

2164 5313 2251 5357 tnr
2289 5288 2619 5371 Alexander,
2678 5306 2984 5367 eruditione
3023 5309 3105 5360 vir
3155 5308 3419 5378 omnique
3481 5288 3747 5367 virtutum

2162 5398 2363 5467 genere
2414 5407 2661 5453 ornatus.
2726 5398 2782 5453 Si
2823 5400 3039 5456 Eusebii
3086 5400 3347 5456 Chronico
3406 5406 3743 5469 steterimus,

2163 5503 2304 5555 anno
2353 5498 2559 5545 tantum
2593 5490 2691 5551 5‘2!
2724 5492 3095 5560 pontiﬁcatum
3132 5493 3252 5548 iniit
3275 5493 3601 5553 Alexander.
3641 5497 3742 5550 \‘e-

2231 5648 2306 5715 (ιΙ)
2335 5646 2483 5702 Orat.
2511 5648 2587 5702 De
2612 5646 2851 5712 lncarn.,
2890 5666 2945 5704 n.
2975 5651 3064 5706 56.

2229 5716 2303 5784 (ε)
2337 5717 2390 5771 In
2427 5720 2578 5772 Actis
2607 5716 3041 5777 Cotnbelisiattis.

2157 5871 2185 5912 ο
2227 5788 2294 5910 (2r)
2327 5787 2515 5845 Euseb.
2539 5787 2679 5840 Ilisl.
2706 5786 2853 5842 Eccl.
2885 5789 2919 5843 l.
2952 5807 3048 5859 vn,
3070 5791 3236 5861 Μὴ
3258 5791 3617 5865 Theodoret.,
3644 5795 3677 5851 1.
3701 5812 3738 5863 t,
