3998 6506
1476 404 1633 461 ΠΤΑ
1674 407 1713 463 S

1823 402 2169 461 THANASII.
2556 460 2565 466 ,
3010 362 3015 369 ’
3340 422 3428 463 ιιι

169 534 259 575 rum
283 523 479 589 aperte.
511 514 839 573 reclamant
864 517 1206 589 Epiphanius,
1256 517 1630 577 Tlteodoretus
1660 519 1737 592 (a)
1766 534 1815 593 Α
1911 520 1969 574 ‘2.
1996 515 2197 573 Verum
2230 516 2344 571 haec
2361 514 2540 583 Rufini
2573 513 2801 572 historia
2821 515 3170 588 grandiapud
3190 520 3431 577 eruditcs

168 621 206 662 et
224 609 318 672 alii,
340 606 427 676 qui
456 605 755 662 Achillam
794 624 994 679 paucos
1016 624 1227 665 menses
1251 610 1613 681 episcopalem
1650 628 1734 668 se-
1842 609 2052 662 laborat
2079 606 2412 677 suspicione.
2444 604 2557 660 Etsi
2591 607 2733 661 enim
2762 621 2859 676 per
2898 608 3184 663 Athanasii
3215 619 3426 665 aetatem

171 704 260 753 dem
287 712 580 766 occupasse
617 701 881 754 tradunt.
917 700 1343 769 Repugnatitem
1381 704 1733 770 Athanasius,
1841 701 2067 755 minime
2103 709 2434 770 repugnaret
2483 699 2749 769 ejusmodi
2784 698 2953 763 lusus,
2988 703 3129 769 quod
3160 702 3300 757 haud
3348 704 3427 757 fa-

169 790 441 861 quicumin
479 789 745 858 Epistola
786 796 859 845 ad
882 792 1155 863 zEgyptios
1185 810 1327 850 anno
1355 794 1458 850 556
1488 797 1735 851 conscri-
1841 792 1944 846 cile
2006 801 2183 846 tamen
2256 790 2591 846 concedatur
2642 790 2710 845 de
2771 790 3154 856 adolescente,
3212 795 3295 847 cui
3357 810 3424 849 ex

170 897 232 950 pta
268 883 333 935 ait
362 882 436 949 (η.
468 880 595 949 22),
635 898 669 935 a
712 884 936 954 triginta
983 899 1071 938 sex
1121 886 1280 940 annis
1316 885 1505 940 Arium
1567 896 1619 941 et
1651 902 1738 941 se-
1842 883 2160 937 memoratis
2208 883 2459 951 superius
2518 881 2608 935 vix
2668 882 2847 936 minus
2908 882 3270 951 duodeviginti
3322 900 3422 938 au-

170 989 327 1041 quaces
352 974 655 1029 damnatos
687 985 749 1029 et
785 978 1115 1045 proscriptos
1140 977 1328 1044 fuisse,
1360 978 1537 1046 palam
1576 977 1739 1046 signi-
1841 988 2036 1028 norum
2104 981 2215 1026 tum
2277 973 2737 1041 ascripserimus;
2800 987 2905 1026 non
2958 971 3005 1025 is
3038 984 3156 1028 erat
3191 974 3423 1029 Alexan-

171 1066 263 1118 ftcat
287 1064 341 1116 itr
363 1078 569 1117 annum
609 1065 731 1120 5Ξο
767 1067 854 1120 vel
892 1066 987 1123 321
1034 1067 1457 1137 consignandam
1488 1082 1608 1123 esse
1640 1081 1735 1137 sy-
1839 1068 1954 1130 der,
1992 1066 2085 1136 qui
2116 1076 2221 1120 tam
2265 1066 2408 1121 seria
2460 1065 2514 1121 in
2548 1079 2607 1121 re
2657 1065 2842 1122 ludttm
2897 1080 3189 1139 puerorum
3242 1076 3419 1121 ratum

170 1160 322 1211 nodum
351 1156 416 1209 ab
450 1155 789 1213 Alexandro
839 1159 1084 1228 episcopo
1120 1168 1305 1213 contra
1342 1158 1574 1213 Arianos
1603 1174 1738 1212 coa-
1840 1159 2085 1215 haberet.

170 1262 291 1316 claui,
321 1264 477 1317 quam
498 1250 797 1319 synodum
847 1266 946 1304 non
981 1251 1187 1305 modico
1214 1251 1406 1319 spatio,
1431 1259 1482 1305 et
1505 1250 1738 1306 fortasse

168 1345 328 1411 aliquot
350 1341 532 1405 annis,
570 1342 877 1411 praevertit
906 1342 1063 1412 impia
1090 1342 1177 1396 illa
1211 1343 1325 1397 Arii
1352 1344 1589 1409 vesania,
1626 1359 1734 1412 qua
1910 1338 2072 1394 ANNO'
2095 1355 2345 1395 emotum
2379 1341 2593 1396 315.—
2616 1340 2903 1395 Antoniam
2936 1340 3049 1393 odit
3076 1338 3415 1395 Athanasius.

166 1436 421 1489 Alexandro
466 1434 588 1503 jam
624 1436 896 1505 episcopo
939 1449 1153 1491 errores
1183 1449 1442 1505 spargere
1479 1450 1606 1491 suos
1642 1450 1735 1507 ag-
1834 1457 1907 1468 —
1946 1428 2060 1483 Sub
2099 1431 2236 1495 haec,
2262 1432 2581 1496 Antonium,
2624 1448 2880 1502 magnum
2912 1432 3060 1485 illum
3109 1431 3418 1486 solitudinis

168 1542 340 1597 gressus
364 1534 474 1583 est.
1838 1521 2123 1586 cultorem,
2181 1521 2339 1592 cujus
2394 1522 2505 1593 jam
2547 1523 2688 1576 fama
2745 1531 2866 1576 erat
2923 1523 3123 1592 ubique
3175 1522 3415 1576 locorum

1837 1624 2151 1685 pervagata,
2200 1617 2329 1671 adiit
2378 1617 2735 1672 Athanasius.
2787 1615 2851 1670 Et
2895 1615 2993 1669 viri
3043 1616 3265 1685 pietate,
3293 1616 3416 1670 vitae

218 1708 343 1761 Asse
381 1707 602 1761 513.—
626 1708 685 1762 i.
709 1706 790 1762 De
830 1707 999 1776 pueris
1027 1706 1091 1760 ab
1123 1706 1412 1761 Athanasio
1436 1706 1729 1775 baptisatis.
1837 1719 2057 1775 genere,
2094 1706 2277 1760 innata
2308 1721 2408 1761 nec
2439 1707 2617 1761 studio
2645 1715 2795 1776 parta
2838 1705 3050 1760 dicendi
3077 1706 3127 1759 vi
3159 1720 3329 1774 usque
3352 1720 3418 1760 eo

165 1829 213 1838 —
236 1800 280 1852 In
326 1800 628 1855 Alexandri
705 1801 1051 1870 pontificatus
1104 1799 1319 1853 initium
1379 1800 1727 1867 conferenda,
1838 1797 2135 1853 delectatus
2164 1805 2245 1850 est
2272 1796 2375 1868 (ά),
2404 1806 2461 1851 ut
2490 1795 2770 1867 profectus
2799 1805 2851 1851 et
2876 1796 3230 1851 institutionis
3254 1811 3413 1851 causa

166 1906 251 1958 qua
282 1891 430 1944 tradit
469 1889 725 1945 Rufinus
757 1891 831 1961 (ὁ)
867 1892 930 1945 de
957 1892 1137 1960 pueris
1182 1894 1248 1946 ad
1280 1908 1431 1947 oram
1469 1892 1637 1946 maris
1660 1890 1727 1945 ab
1839 1903 1944 1942 non
2001 1888 2217 1943 modico
2255 1897 2496 1958 tempore
2549 1903 2671 1942 cum
2717 1903 2784 1943 eo
2833 1889 2905 1941 sit
2935 1898 3203 1953 versatus,
3255 1896 3416 1957 atque

166 1982 413 2036 Athanasio
464 1982 806 2051 haptizatis.
840 1982 961 2045 llaec
1012 1982 1155 2039 illius
1180 1984 1345 2039 verba
1376 2003 1389 2039 :
1425 2003 1443 2037 ι
1465 1983 1731 2053 Tempore
1762 1968 1805 2027 Β
1833 1980 2073 2033 ahluenti
2114 1994 2326 2043 manus,
2375 1990 2434 2032 ut
2469 1978 2597 2035 olim
2633 1980 2764 2033 Elite
2811 1979 3055 2043 Elisazus,
3086 1994 3279 2047 aquam
3316 1978 3419 2032 mi-

166 2088 243 2141 quo
265 2074 391 2144 apud
411 2073 825 2129 Alexandriam
855 2073 998 2129 Petri
1023 2076 1284 2147 martyris
1313 2076 1456 2130 diem
1482 2074 1718 2128 Alexau-
1829 2073 2106 2127 nistraret.
2160 2070 2347 2139 Hujus,
2400 2080 2459 2125 ttt
2513 2080 2791 2141 putamus,
2849 2072 3165 2140 magisterio
3217 2078 3415 2124 ascctze

166 2165 521 2234 derepiscOpus
569 2166 961 2234 agebat;cum
1017 2175 1137 2235 post
1189 2166 1401 2235 expleta
1456 2165 1718 2221 solemnia
1826 2166 1991 2220 vitam
2028 2165 2173 2230 iniit,
2210 2175 2267 2217 ttt
2314 2173 2479 2218 testes
2535 2162 2949 2231 locupletissimi
3005 2170 3132 2215 sunt
3172 2160 3411 2231 Egyptii

165 2266 476 2309 conventuros
506 2261 579 2310 ad
605 2256 927 2311 convivium
952 2273 1105 2311 suum
1130 2256 1358 2311 clericos
1378 2266 1720 2326 exspectaret
1826 2260 2063 2330 episcopi
2106 2260 2158 2314 in
2190 2260 2420 2328 epistola
2466 2260 2723 2329 synodica
2759 2258 2852 2329 (ρ).
2889 2259 3095 2314 Exinde
3134 2272 3263 2311 vero
3294 2258 3411 2310 An-

166 2349 201 2400 in
225 2349 320 2403 loco
352 2349 491 2403 mari
527 2348 749 2414 vicino,
784 2348 927 2403 videt
964 2352 1175 2404 eminus
1230 2364 1521 2419 puerorum
1558 2364 1719 2420 super
1828 2351 2039 2407 tonium
2073 2351 2332 2420 frequens
2362 2351 2548 2405 invisit
2576 2350 2793 2420 quicum
2824 2366 3019 2421 magna
3048 2351 3149 2420 ipsi
3180 2350 3411 2405 societas

162 2454 271 2491 oram
297 2441 455 2494 maris
482 2440 717 2507 ludum,
754 2440 1105 2507 imitantium,
1140 2450 1197 2495 ut
1226 2441 1341 2496 ﬁeri
1396 2441 1553 2507 solet,
1602 2443 1718 2511 epi-
1823 2452 1879 2498 et
1914 2445 2258 2499 necessitudo
2290 2444 2683 2499 intercedebat.

164 2546 357 2599 scopum,
406 2541 579 2602 atque
636 2549 706 2588 ea
740 2548 861 2603 qua:
897 2535 948 2588 in
1005 2534 1247 2589 ecclesiis
1299 2534 1413 2605 geri
1466 2550 1582 2588 mos
1611 2544 1713 2587 est.

164 2619 239 2675 Sed
264 2638 371 2676 cum
397 2624 679 2679 intentius
713 2625 922 2682 diutine
951 2640 1147 2695 pueros
1194 2625 1538 2695 inspectaret,
1572 2625 1715 2679 videt

165 2714 213 2766 ab
244 2716 299 2769 iis
340 2718 450 2784 geri
479 2718 754 2787 quaedam
810 2718 968 2772 etiam
1017 2717 1309 2772 secretiora
1356 2727 1412 2772 et
1461 2718 1710 2788 mystica.

166 2802 492 2874 Perturbatus,
538 2807 703 2862 illico
752 2808 936 2863 vocari
970 2808 1035 2862 ad
1067 2822 1125 2864 se
1151 2809 1379 2863 clericos
1420 2808 1596 2878 jubet,
1633 2818 1715 2862 at-

164 2913 237 2961 que
261 2900 329 2954 eis
358 2901 484 2969 quid
518 2902 752 2955 eminus
783 2900 895 2969 ipse
918 2901 1122 2955 videret
1150 2901 1406 2955 ostendit.
1436 2898 1573 2953 Tum
1623 2902 1714 2954 ab-

164 2988 218 3042 ire
245 3005 340 3055 eos,
371 3002 425 3046 et
480 2993 928 3062 comprehensos
979 2992 1045 3048 ad
1077 3007 1136 3046 se
1181 2992 1477 3063 perducere
1521 3006 1731 3051 omnes.

164 3099 313 3151 pueros
343 3086 608 3156 imperat.
652 3085 901 3154 Cumque
931 3085 1207 3149 adessent,
1264 3085 1387 3154 quis
1418 3083 1708 3151 eisludus,

164 3184 198 3225 ct
219 3176 323 3242 quid
367 3177 623 3247 egissent
659 3174 745 3230 vel
779 3176 1071 3243 quomodo,
1122 3182 1490 3245 percontatur.
1521 3174 1623 3239 Illi,
1650 3184 1711 3229 ut

162 3268 249 3321 talis
267 3266 414 3323 habet
460 3279 629 3332 aetas,
656 3268 839 3336 pavidi
877 3282 1077 3338 negare
1132 3267 1341 3337 primo;
1372 3265 1568 3321 deinde
1596 3282 1729 3321 rem.

161 3371 317 3425 gestam
338 3378 435 3433 per
453 3364 719 3417 ordinem
757 3361 1018 3429 pandunt,
1049 3370 1104 3415 et
1130 3361 1431 3431 baptizatos
1454 3375 1482 3414 a
1515 3375 1576 3415 se
1598 3375 1716 3417 esse
1742 3352 1784 3409 C

158 3453 368 3519 Quosdam
396 3455 841 3510 catechumenos
867 3454 1191 3509 confitentur
1216 3470 1311 3524 per
1333 3455 1713 3519 Athanasium,

161 3543 226 3609 qui
261 3544 355 3599 ludi
384 3544 534 3600 illius
571 3543 827 3613 puerulis
876 3543 1162 3613 episcopus
1200 3544 1376 3597 fuerat
1408 3544 1707 3598 simulatus.

160 3630 260 3686 Tum
287 3634 365 3689 ille
416 3634 728 3703 diligenter
761 3632 1040 3703 inquirens
1097 3633 1165 3688 ab
1202 3633 1288 3690 his
1324 3634 1415 3704 qui
1455 3634 1733 3705 baptizati.

160 3726 452 3791 dicebantur,
479 3727 628 3796 quid
660 3727 978 3797 interrogati
1008 3727 1227 3793 fuerint,
1263 3729 1459 3799 quidve
1487 3744 1712 3799 respon-

160 3819 313 3885 derint,
346 3822 514 3877 simul
555 3831 612 3875 et
639 3821 710 3876 ab
743 3834 809 3875 eo
836 3821 928 3891 qui
960 3821 1407 3893 interrogaverat,
1450 3822 1538 3877 ubi
1571 3822 1714 3877 videt

159 3911 404 3964 secundum
432 3910 730 3981 religionis
765 3918 962 3965 nostra:
1017 3910 1177 3965 ritum
1213 3918 1406 3965 cuncta
1437 3920 1709 3976 constare,

159 3999 407 4058 collocutus
442 4019 579 4058 cum
614 4001 853 4065 concilio
902 4002 1251 4067 clericorum,
1312 4001 1569 4059 statuisse
1604 4013 1711 4057 tra-

158 4086 405 4154 ditnrillis,
444 4091 663 4162 quibus
700 4090 929 4161 integris
976 4091 1581 4162 interrogationibuset
1626 4108 1733 4148 res

158 4181 494 4245 sponsionibus
529 4199 680 4253 aqua
708 4182 870 4239 fuerit
906 4183 1105 4249 inlusa,
1139 4185 1325 4239 iterari
1381 4186 1706 4253 baptismum

156 4284 235 4322 non
260 4273 471 4341 debere,
528 4275 630 4329 sed
689 4274 969 4344 adimpleri
1015 4288 1077 4328 ea
1114 4290 1235 4343 quae
1266 4291 1295 4329 a
1332 4277 1708 4333 sacerdotibus

156 4374 242 4414 mos
270 4373 373 4429 est,
403 4365 780 4420 Athanasium
812 4380 939 4419 vero
966 4376 1129 4436 atque
1152 4382 1244 4422 eos
1273 4381 1408 4437 quos
1439 4367 1594 4423 ludus
1622 4368 1708 4423 ille

155 4452 215 4503 vel
262 4456 613 4526 presbyteros
668 4456 868 4511 habere
892 4457 1038 4512 visus
1085 4456 1260 4512 fuerat
1296 4458 1378 4513 vel
1405 4458 1703 4523 ministros,

157 4550 419 4602 convocatis
448 4549 799 4618 parentibus,
834 4549 935 4604 sub
972 4550 1063 4605 Dei
1098 4550 1459 4606 obtestatione
1486 4551 1701 4606 tradidit
1878 4553 1932 4608 2.
1986 4554 2205 4610 Ariona:
2255 4554 2512 4607 Itwreseos
2562 4553 2857 4606 exordium.
2901 4578 2972 4589 —
3016 4546 3231 4600 Ariante
3267 4559 3397 4598 vero

156 4633 363 4693 Ecclesia:
384 4656 499 4695 sua:
520 4640 863 4694 nutriendos.
897 4640 1703 4711 Parvoantemtempore,eum
1811 4649 2082 4702 haereseos
2144 4646 2294 4700 initia
2348 4646 2399 4699 in
2456 4659 2615 4712 quem
2661 4644 2771 4698 sint
2818 4655 3017 4695 annum
3072 4636 3398 4692 conferenda

157 4739 175 4773 a
199 4733 381 4785 notario
408 4732 626 4802 integre
651 4741 705 4786 et
734 4732 1140 4801 agrammatico
1179 4731 1508 4790 sufficienter
1540 4736 1709 4797 Atlta-
1740 4720 1783 4774 Ῑ)
1816 4737 2262 4799 incertissimutn.
2312 4736 2633 4789 Damnatum
2666 4745 2819 4789 certe
2852 4740 3068 4788 constat
3106 4730 3297 4784 Arium
3340 4729 3395 4783 in

155 4817 301 4871 nasius
330 4819 527 4875 fuisset
561 4821 891 4886 instructus,
947 4822 1209 4879 continuo
1265 4833 1518 4894 tanquam
1550 4824 1709 4879 ﬁdele
1810 4828 2176 4882 Alexandrina
2223 4828 2431 4897 synodo
2458 4842 2602 4881 anno
2637 4825 2743 4881 520
2785 4825 2867 4880 vel
2906 4825 3253 4894 insequente,
3280 4822 3402 4891 ipso

157 4906 323 4967 Duntini
359 4915 839 4981 eouunendatum,
871 4932 899 4970 a
924 4918 1242 4986 parentibus
1281 4918 1585 4975 restituitur
1614 4933 1708 4973 sa-
1816 4929 1953 4975 teste
1982 4919 2305 4983 Athanasio,
2347 4919 2520 4989 quiin
2562 4919 2790 4990 epistola
2825 4919 2894 4973 ad
2942 4916 3397 4989 Egyptiosanno

155 5004 337 5068 cerdoti,
371 5022 437 5061 ac
467 5007 616 5061 velut
649 5005 871 5065 Samuel
918 5009 1138 5089 quidam
1182 5010 1234 5063 in
1269 5010 1468 5079 templo
1495 5010 1705 5065 Domini
1812 5012 1915 5066 356
1939 5013 2091 5078 data,
2125 5014 2344 5084 elapsos
2373 5029 2495 5069 esse
2524 5013 2727 5068 indicat
2761 5012 2979 5083 triginta
3010 5027 3103 5067 sex
3131 5024 3301 5065 annos
3329 5008 3401 5064 ab

159 5098 376 5164 nutritur,
429 5109 485 5152 et
515 5104 586 5152 ab
617 5115 683 5155 eo
722 5114 989 5172 pergente.
1014 5102 1080 5155 ad
1113 5101 1303 5159 Patres
1333 5103 1387 5156 in
1422 5111 1709 5159 senectute
1814 5103 2121 5174 huiusmodi
2174 5106 2353 5161 habita
2390 5106 2620 5176 synodo.
2658 5107 2725 5160 Et
2768 5120 2897 5161 vero
2952 5119 3094 5158 anno
3136 5102 3235 5157 521
3289 5102 3400 5156 late

158 5182 281 5252 bona,
306 5189 366 5241 ad
392 5190 887 5259 portandumpost
917 5204 977 5243 se
1003 5189 1176 5259 ephod
1212 5190 1547 5245 sacerdotale
1570 5190 1705 5245 deli-
1813 5214 1909 5267 per
1972 5198 2283 5271 Egyptiutn
2350 5198 2521 5254 elIusa
2571 5208 2626 5254 et
2678 5207 2971 5269 pervagata
3023 5194 3245 5252 haeresis
3307 5194 3396 5249 illa

156 5276 286 5337 gitur.
312 5298 329 5329 ι
377 5282 576 5335 Subdit
609 5291 788 5336 autem
828 5280 1162 5336 Sozomenus
1196 5280 1289 5355 (ε),
1329 5282 1704 5338 Alexandrum
1810 5299 1926 5345 erat
1954 5310 1967 5345 :
1997 5292 2138 5348 unde
2159 5290 2368 5361 aliquot
2391 5302 2516 5347 ante
2540 5307 2714 5349 annos
2736 5306 2863 5347 orsa
2892 5291 3157 5356 videatur,
3180 5286 3401 5356 quando

156 5376 305 5454 postea
337 5370 644 5425 Athanasio
673 5370 863 5425 scrist
896 5380 950 5427 et
998 5373 1346 5427 amanuensis
1400 5371 1519 5427 loco
1548 5387 1702 5429 usum
1809 5383 2114 5449 pnesertim
2174 5383 2516 5454 exploratum
2574 5394 2690 5450 est,
2748 5384 3121 5441 Alexandrum
3177 5378 3391 5434 nonnisi

1892 2579 2046 2633 Amr.
2080 2594 2260 2634 manu
2301 2579 2429 2635 319.
2457 2606 2526 2620 -—
2566 2577 2619 2634 1.
2663 2576 2853 2632 Scribit
2889 2586 3075 2632 contra
3118 2588 3313 2647 gentes.
3340 2609 3411 2619 —

1829 2669 2053 2724 Vixdum
2101 2670 2523 2726 adolescentiam
2566 2677 3011 2739 prattergressus,
3030 2668 3409 2738 .Operationes

1822 2770 2004 2813 contra
2035 2770 2211 2830 gentes
2236 2761 2367 2825 edit,
2398 2770 2548 2817 tanta
2576 2759 2907 2822 eruditione,
2936 2768 3086 2821 tanta
3112 2756 3407 2827 elegantia,

1822 2862 1881 2905 ut
1910 2852 2043 2907 nihil
2076 2870 2262 2924 supra.
2300 2854 2495 2909 Mirere
2543 2869 2674 2911 sane
2710 2854 2762 2907 in
2793 2853 2993 2923 juvene
3022 2851 3212 2917 salem,
3263 2851 3410 2920 lepo-

1822 2960 1957 3008 rem,
1997 2945 2104 3000 vim
2148 2947 2476 3015 argnmenti.
2518 2946 2573 3000 ln
2619 2947 2808 3017 priore
2851 2946 2996 3001 salse
3041 2946 3178 2999 ridet
3212 2959 3276 3001 ac
3318 2960 3407 3008 re-

1820 3036 2009 3105 pttdiat
2040 3038 2322 3107 gentilium
2357 3041 2640 3095 numinum
2674 3039 2883 3103 turbas,
2926 3038 3183 3105 profanos
3214 3037 3407 3091 obsce-

1728 3150 1731 3157 ε
1821 3142 2029 3195 nosque
2090 3128 2274 3192 ritus;
2338 3129 2397 3184 in
2469 3130 2641 3185 altera
2704 3129 2907 3184 Christi
2975 3128 3403 3182 incarnationem

1819 3219 2104 3273 adversum
2167 3218 2382 3275 Iudaeos
2440 3220 3073 3288 maximecomprobat,
3123 3218 3304 3272 allatis
3334 3232 3402 3271 ex

1820 3308 1996 3364 Veteri
2052 3311 2405 3366 Testamento
2471 3312 2951 3383 opportunioribus
2998 3310 3065 3364 ad
3115 3324 3234 3364 eam
3285 3324 3402 3377 rem

1820 3400 1974 3458 locis.
2008 3401 2248 3457 Necdum
2274 3402 2465 3457 oborta
2498 3404 2700 3459 Ariaua
2737 3397 2926 3457 haeresi
2950 3401 3067 3456 hac
3092 3399 3401 3469 conscripta

1815 3491 2068 3546 videntur
2100 3510 2113 3546 :
2148 3506 2219 3547 ne
2259 3493 2341 3547 vel
2396 3493 2622 3547 minima
2657 3493 2804 3549 enim
2839 3493 2893 3549 in
2943 3493 3097 3547 hisce
3139 3489 3401 3558 ejusmodi

1815 3598 2059 3640 errorum
2095 3585 2323 3649 mentio,
2351 3586 2481 3641 licet
2506 3587 2830 3657 posterioris
2874 3585 2998 3639 libri
3022 3590 3402 3653 argumentum

1814 3685 1867 3731 et
1912 3678 2177 3732 materies.
2220 3693 2286 3732 eo
2338 3678 2663 3749 scriptorem
2725 3678 2874 3734 velut
2929 3692 2961 3733 e
3013 3692 3072 3731 re
3127 3685 3251 3730 nata
3303 3675 3401 3730 de-

1814 3769 2060 3825 duceret.
2104 3770 2379 3840 Ejusmodi
2417 3786 2513 3826 ceu
2561 3771 2858 3842 prmludiis,
2895 3768 3101 3825 Christi
3151 3767 3398 3822 militiam

1815 3859 2092 3931 ingressus
2144 3862 2518 3928 Athanasius,
2585 3864 2651 3917 ad
2712 3861 3106 3933 periculosiora
3177 3867 3233 3915 et
3286 3857 3399 3928 jam

1815 3952 2150 4008 imminentia
2188 3956 2490 4010 certamina
2545 3956 2849 4010 adornabat
2904 3968 3044 4008 sese.
3094 3953 3238 4006 Inter
3285 3950 3401 4003 haec

1811 4045 1973 4099 etiam
2029 4046 2096 4099 ad
2147 4046 2282 4101 cleri
2339 4056 2542 4102 statum
2601 4055 2882 4111 evocatus,
2934 4045 3258 4113 cunctisque
3304 4056 3399 4097 ec—

1813 4136 2251 4193 clcsiasticorum
2301 4140 2571 4207 graduum
2617 4140 2935 4194 muneribus
2972 4136 3306 4206 perfunctus,
3341 4135 3397 4189 ίη

1815 4229 2029 4283 diaconi
2086 4230 2336 4286 ordinem
2396 4239 2754 4300 promovetur
2810 4230 2879 4284 ab
2933 4227 3262 4289 Alexandro,
3313 4234 3399 4279 at-

1814 4336 1922 4391 que
1970 4322 2113 4377 inter
2172 4322 2471 4379 familiares
2513 4332 2884 4393 computatus,
2934 4320 3035 4390 ipsi
3080 4334 3110 4372 a
3160 4316 3399 4373 consiliis

1812 4411 1931 4471 fuit.

156 5452 305 5512 inisse-
1810 5486 1925 5544 post
1961 5476 2162 5533 multas
2207 5452 2321 5531 Arii
2358 5476 2422 5531 ad
2448 5492 2638 5539 sanam
2673 5484 2913 5531 mentem
2952 5469 3239 5531 reducendi
3273 5479 3393 5529 tcttn

301 5707 493 5791 Epiph.
522 5712 656 5766 ltmr.
695 5728 816 5791 pst:
845 5714 1086 5781 :Tltcod.
1113 5718 1205 5777 lib.
1248 5734 1286 5784 ι,
1316 5732 1440 5788 cap.
1468 5717 1522 5772 2.
1892 5720 1971 5791 (d)
2020 5719 2089 5791 In,
2112 5716 2234 5773 Vita
2261 5722 2474 5791 Antonii
2501 5722 2600 5775 sub
2628 5717 2860 5791 initium.

210 5720 271 5774 τα)
302 5720 493 5791 ερίριιο
522 5720 656 5766 ιιειδτ·
695 5728 816 5768 Lm
845 5720 1086 5781 :Tticou.
1113 5720 1205 5777 lib.
1248 5734 1286 5784 ι,
1316 5732 1440 5788 cap.
1468 5720 1522 5772 2.
1915 5720 1971 5787 ά)
2020 5720 2072 5774 tu
2112 5720 2234 5773 Vita
2261 5722 2474 5775 Antonii
2501 5722 2600 5775 sub
2628 5720 2860 5773 initium.
3196 5728 3201 5735 ι

451 5797 511 5916 tll’,
537 5784 775 5909 3&7?"
1892 5720 1962 5864 ie)
2009 5790 2206 5847 Athan.
2237 5790 2385 5861 Apol.
2416 5801 2597 5845 contra
2630 5790 2840 5853 Atiam,
2877 5804 2930 5843 n.
2955 5792 3011 5847 ϐ,
