3998 6506
551 470 660 510 ιιιι

1925 437 2450 495 PROLEGOMENA.

554 580 693 626 tatas
721 570 862 638 vias,
897 570 1166 629 hominem
1213 581 1335 624 cum
1377 565 1699 636 sequacibus
1733 562 1943 618 feriisse
1987 577 2113 615 ana-
2141 563 2192 622 Α
2222 575 2413 613 nomen
2445 556 2624 620 dedit,
2676 554 2767 608 sed
2815 553 2880 606 ad
2915 553 3102 606 Arium
3140 563 3354 621 quoque
3386 550 3635 608 defecere
3681 568 3804 621 pre-

554 665 810 718 themate.

629 757 682 809 3.
708 756 862 809 Arius
881 755 1181 809 Alexandro
1201 754 1443 820 infestus.
1465 751 1578 803 Arii
1601 749 2125 816 impietas.—Arium

559 847 742 915 igitur,
758 847 839 901 cui
861 855 977 901 erat
992 847 1340 916 explananda:
1358 858 1527 898 sacra!
1542 841 1836 910 Scriptum
1853 840 2125 908 provincia

559 937 780 1003 tradita,
805 937 1180 991 Alexandrina:
1204 937 1347 990 sedis
1364 933 1688 1002 occupanda:
1706 932 1870 987 libido
1889 933 2127 987 incesse-

559 1039 664 1082 rat.
701 1028 880 1094 Quare
913 1046 1033 1083 cum
1070 1029 1336 1084 delectum
1371 1027 1421 1080 in
1449 1026 1744 1079 antistitem
1769 1023 2126 1079 Alexandrum

560 1120 742 1189 inique
783 1118 948 1174 ferret
981 1120 1086 1190 (α),
1119 1119 1347 1173 excubat
1390 1118 1442 1171 in
1480 1116 1795 1171 occasiones
1825 1117 2126 1179 turbarum,

559 1219 613 1263 et
646 1223 766 1278 qua:
810 1209 1038 1263 crimina
1088 1210 1204 1262 viro
1251 1208 1439 1264 offerat
1486 1207 1795 1262 meditatur.
1839 1207 2034 1260 Verum
2065 1207 2130 1261 iis

560 1308 680 1352 erat
735 1300 978 1354 moribus
1035 1300 1363 1364 Alexander,
1416 1309 1477 1354 ut
1529 1298 1705 1353 nullus
1763 1296 2128 1352 criminationi

561 1391 766 1457 aditus,
797 1392 974 1446 nullus
1021 1402 1164 1446 esset
1214 1392 1491 1448 calumnia:
1543 1394 1738 1445 locus:
1778 1387 2129 1444 sanctimonia

560 1484 759 1553 quippe
813 1485 955 1538 haud
1014 1485 1191 1538 minus
1253 1499 1411 1553 quam
1461 1490 1738 1537 senectute
1786 1479 2127 1542 venerabilis,

563 1573 892 1642 eloquentia,
931 1575 1366 1640 mansuetudine,
1393 1574 1737 1638 liberalitate,
1763 1572 1998 1627 omnium
2025 1569 2129 1624 sibi

561 1666 790 1732 gratiam
820 1666 1154 1721 conciliarat.
1203 1667 1308 1720 Sed
1363 1681 1425 1721 eo
1466 1667 1644 1720 acrius
1695 1664 1893 1718 invidia
1928 1661 2128 1731 erupit,

562 1771 668 1823 quo
711 1758 890 1812 minus
926 1758 1022 1811 loci
1076 1759 1144 1811 ad
1176 1758 1592 1812 obtrectandum
1646 1753 1974 1807 inveniebat.
2014 1749 2128 1804 Ali-

562 1848 777 1915 quando
801 1849 942 1902 enim
971 1851 1276 1904 Alexandro
1309 1848 1426 1902 Filii
1459 1848 1734 1909 deitatem,
1777 1845 2130 1912 eamdemque

564 1935 743 1993 Patris
786 1953 840 1994 et
886 1941 1006 1994 Filii
1057 1941 1414 1995 substantiam
1469 1937 1815 2009 praedicante,
1873 1935 2130 1991 ferociter

564 2029 726 2084 Arius
778 2039 832 2084 et
882 2031 1220 2099 impudenter
1249 2045 1366 2084 eam
1417 2029 1718 2083 doctrinam
1776 2041 1875 2081 nec
1915 2041 2126 2091 sanam,

565 2135 664 2174 nec
689 2122 1060 2190 apostolicam,
1096 2123 1188 2176 sed
1227 2121 1590 2176 Sabellianam
1627 2133 1746 2173 esse
1777 2115 2126 2182 vociferatur,

563 2211 869 2280 Filiumque
909 2213 1047 2267 inter
1080 2214 1292 2283 opificia
1324 2221 1377 2267 et
1416 2227 1503 2266 res
1533 2221 1742 2266 creatas
1771 2225 1876 2263 non
1903 2217 2129 2262 mternas

559 2307 1083 2369 cntinumerandum,
1134 2306 1235 2359 hoc
1273 2319 1401 2358 usus
1433 2311 1747 2370 argumento
1776 2299 1918 2370 (nam
1967 2297 2131 2352 diale-

563 2395 716 2448 ctica:
750 2397 940 2464 peritia
972 2396 1140 2449 exitio
1193 2394 1294 2447 fuit
1346 2392 1574 2463 homini)
1609 2407 1622 2444 :
1657 2391 1714 2445 Si
1760 2389 1920 2443 Pater
1946 2389 2132 2459 genuit

565 2483 782 2549 Filium,
818 2486 1029 2539 initium
1089 2485 1248 2539 habet
1286 2483 1582 2538 exsislendi
1635 2483 1726 2547 qui
1784 2482 1998 2552 genitus
2028 2489 2128 2545 est,

561 2585 616 2630 et
644 2574 744 2629 fuit
768 2586 978 2646 tempus
1003 2593 1122 2631 cum
1156 2591 1259 2630 non
1288 2585 1452 2630 esset.
1475 2574 1646 2642 Quam
1674 2575 1774 2628 viri
1803 2575 2128 2643 proterviam

563 2675 617 2720 et
663 2667 990 2736 impietatem
1043 2669 1381 2732 Alexander,
1423 2676 1480 2722 ut
1531 2676 1648 2721 erat
1694 2668 1841 2721 mitis
1884 2675 1938 2720 et
1987 2665 2132 2734 pacis

564 2772 776 2819 amans,
817 2758 1052 2827 primum
1085 2758 1278 2811 leniter
1308 2758 1572 2828 coarguit,
1611 2768 1898 2826 monetque
1945 2773 1971 2809 a
2005 2772 2129 2825 pra-

564 2849 646 2903 vis
679 2847 1027 2918 opinionibus
1057 2849 1281 2902 absistat
1315 2858 1464 2902 :tum
1499 2863 1651 2902 suam
1689 2850 1803 2918 ipse
1830 2849 2130 2904 doctrinam

563 2953 631 2993 ex
680 2940 851 2994 sacris
876 2939 1097 2994 Litteris
1149 2940 1417 2995 sinceram
1471 2941 1812 3008 comprobat,
1871 2941 2130 2994 Arianam

563 3045 692 3085 vero
750 3032 967 3097 impiam
1022 3041 1078 3086 et
1129 3032 1536 3086 exsecrandam.
1593 3031 1664 3086 Ea
1717 3047 1878 3101 porro
1941 3031 2134 3086 lenitas

561 3123 693 3175 vitio
729 3138 883 3177 versa
908 3122 1134 3177 antistiti
1164 3121 1266 3176 fuit
1297 3136 1311 3174 :
1340 3123 1468 3187 imo,
1497 3122 1539 3176 si
1571 3122 1702 3177 fides
1733 3124 2035 3178 Sozomeno
2055 3122 2130 3194 (ιι)

2228 649 2431 720 sbyteri
2465 648 2739 717 Carpones
2793 654 2847 698 et
2901 644 3200 706 Sarmates,
3245 645 3440 712 quibus
3494 653 3653 698 erant
3687 645 3804 699 dua

2227 742 2366 795 intra
2423 740 2610 792 urbem
2674 734 2917 789 ecclesia!
2989 732 3315 788 commissae.
3377 733 3440 787 lli
3509 735 3616 802 iam
3676 734 3802 788 olim

2227 831 2532 886 Alexandro
2560 827 2738 882 infesti
2773 826 2861 895 (fl.
2889 826 3012 878 data
3049 826 3356 890 occasione,
3401 827 3466 879 ab
3493 825 3803 880 Alexandro

2230 925 2432 994 pariter
2471 931 2526 975 et
2578 937 2606 974 a
2661 935 2790 973 sana
2839 920 2940 974 ﬁde
2974 918 3306 974 desciscunt.
3353 917 3486 972 Cum
3539 917 3622 972 bis
3676 919 3802 973 item

2229 1017 2482 1081 Achilles,
2536 1013 2784 1070 Ethales
2838 1022 2893 1068 et
2942 1014 3108 1068 Arius
3155 1013 3325 1077 alter;
3381 1010 3594 1065 diaconi
3646 1027 3799 1077 vero,

2230 1109 2486 1172 Euzoius,
2521 1105 2739 1169 Lucius,
2759 1102 2955 1168 Julius,
2992 1102 3197 1167 Menas,
3231 1101 3506 1156 lielladius
3529 1111 3582 1156 et
3604 1101 3802 1167 Gaius;

2231 1200 2338 1253 imo
2375 1213 2504 1252 vero
2546 1196 2782 1265 episcopi
2827 1196 2929 1248 duo
2963 1194 3197 1263 turpiter
3232 1202 3287 1246 et
3319 1193 3571 1246 indecore
3619 1193 3688 1246 ad
3723 1208 3808 1246 eo-

2229 1306 2347 1345 rum
2388 1299 2569 1357 partes
2612 1287 2906 1348 deﬂuxere,
2943 1286 3229 1340 Secundus
3265 1285 3470 1340 scilicet
3511 1283 3805 1340 Ptolemai-

2230 1383 2333 1445 dis,
2357 1391 2410 1436 et
2440 1381 2688 1435 Theonas
2721 1378 3090 1433 Marmarices.

2301 1473 2450 1526 ANNO
2478 1486 2727 1525 emensa
2766 1469 2888 1523 520.
2926 1498 2992 1509 —
3026 1468 3328 1522 Alexander
3357 1477 3520 1522 tenta!
3564 1469 3751 1524 Arium
3773 1489 3806 1526 a

2231 1575 2391 1632 carpta
2425 1578 2685 1617 revocare.
2713 1591 2784 1601 —
2811 1560 2881 1616 Ut
2922 1561 3304 1617 animadvertit
3346 1560 3657 1616 Alexander
3687 1578 3806 1618 ma-

2232 1653 2337 1706 lum
2369 1669 2589 1706 manare
2623 1654 2676 1706 in
2706 1652 2820 1706 dies
2861 1653 3046 1716 latius,
3081 1669 3147 1708 ne
3191 1653 3414 1708 ulterius
3441 1663 3806 1723 grassaretur,

2235 1745 2439 1798 litteras
2487 1743 2578 1796 dat
2637 1745 2705 1796 ad
2768 1741 2952 1794 Arium
3001 1751 3054 1795 et
3110 1743 3305 1807 socios,
3361 1750 3605 1795 moneta
3643 1756 3809 1810 prave

2236 1836 2460 1904 inceptis
2537 1834 2824 1897 desistant,
2895 1832 3117 1902 impiam
3176 1834 3482 1888 doctrinam
3543 1849 3612 1887 ne
3669 1834 3808 1888 ultra

2236 1937 2517 1988 tueantur,
2588 1927 2679 1981 sed
2752 1941 2900 1980 sana:
2955 1925 3344 1995 catholicaeque
3407 1927 3808 1995 obtemperent.

2230 2019 2366 2073 Tum
2402 2018 2796 2073 Alexandrinos
2823 2019 2965 2087 cogit
2995 2025 3050 2071 ct
3082 2016 3406 2072 Marceticos
3449 2018 3803 2087 presbyteros

2232 2112 2592 2178 diaconosque
2625 2124 2638 2162 :
2683 2118 2830 2176 rogat
2864 2108 2964 2161 sibi
3002 2108 3274 2162 sinceram
3309 2108 3468 2161 fidem
3511 2108 3810 2163 vindicanti

2234 2199 2409 2253 ferant
2442 2213 2619 2266 opem,
2673 2198 2975 2266 litterisque
3005 2197 3138 2262 suis,
3173 2197 3239 2251 ad
3276 2199 3458 2251 Arium
3492 2207 3545 2253 et
3575 2198 3813 2254 asseclas

2229 2296 2391 2359 datis,
2449 2294 2704 2363 suffragia
2755 2292 3065 2357 ascribant;
3119 2307 3269 2361 spem
3318 2306 3438 2346 esse
3477 2291 3646 2345 totius
3677 2291 3810 2345 cleri

2233 2387 2449 2440 monitis
2491 2387 2986 2454 obtemperaturos,
3040 2383 3131 2453 qui
3181 2383 3294 2438 suis
3347 2383 3612 2438 hactenus
3643 2380 3815 2436 obsti-

2235 2476 2443 2530 tissent.
2525 2475 2834 2528 Alexandro
2920 2488 3122 2528 morem
3203 2482 3400 2543 gerunt
3502 2470 3815 2542 presbyteri

2233 2582 2419 2621 omnes
2454 2575 2510 2620 et
2534 2566 2770 2628 diaconi,
2799 2579 3031 2634 quorum
3067 2566 3335 2636 sutl'ragiis
3367 2566 3586 2619 munitae
3620 2564 3816 2619 littere:

2232 2659 2449 2713 Arianis
2478 2657 2800 2713 offeruntur.
2841 2656 3013 2712 Hasce
3043 2657 3138 2725 illi,
3174 2657 3384 2712 feroces
3409 2656 3667 2726 cupidine
3700 2670 3816 2710 cm-

2233 2751 2306 2820 pti
2338 2749 2683 2818 perficiundi,
2735 2748 2886 2803 nihili
2945 2750 3214 2813 fecerunt,
3252 2763 3425 2818 neque
3465 2748 3647 2802 minus
3691 2759 3815 2815 per-

2234 2842 2487 2896 Stiterunt
2523 2841 2574 2894 in
2612 2841 2840 2910 pristina
2869 2841 3163 2910 impietate.

2302 2932 2450 2986 ANNO
2497 2933 2623 2986 52L
2654 2961 2724 2971 ——
2760 2930 2809 2984 Ι.
2866 2931 3168 2985 Alexander
3219 2931 3479 3002 synodum
3531 2932 3691 3002 cogit.
3744 2959 3813 2971 --

2237 3022 2420 3076 Sensit
2459 3023 2672 3076 demum
2708 3021 3017 3076 Alexander
3069 3022 3271 3077 nullam
3324 3037 3612 3093 superesse
3662 3036 3813 3092 Spem

2237 3113 2651 3168 reconciliandae
2691 3116 2861 3183 pacis,
2893 3116 3114 3183 Ariique
3161 3114 3229 3168 ad
3281 3129 3469 3168 sanum
3522 3113 3812 3168 consilium

561 3223 666 3278 est,
696 3215 798 3268 sub
839 3215 1051 3268 initium
1082 3215 1466 3269 controversia:
1497 3215 1736 3268 haarebat
1769 3214 1860 3270 ille
1893 3216 2130 3269 incertus
2158 3223 2199 3280 ο
2238 3210 2542 3263 reducendi.
2609 3208 2966 3276 Quamobrem
3024 3211 3110 3282 (g)
3160 3209 3366 3264 coactis
3430 3222 3493 3263 ex
3553 3207 3815 3277 Egypto,

563 3306 647 3359 cui
703 3308 881 3372 potius
933 3308 1177 3374 opinioni
1234 3308 1520 3361 accederet
1572 3324 1586 3358 :
1649 3322 1771 3374 qua:
1821 3322 1907 3360 res
1952 3314 2128 3361 tamen

563 3395 888 3462 scriptorum
943 3399 1184 3451 omnium
1234 3397 1544 3452 testimonio
1596 3399 1917 3467 refragatur.
1970 3397 2134 3452 Addit

561 3483 953 3554 Philostorgius
1019 3484 1109 3554 (c),
1177 3487 1551 3556 presbyterum
1603 3485 1886 3553 quemdam
1937 3498 2133 3554 cogno-

563 3585 744 3629 mento
791 3574 1083 3638 Baucalim,
1114 3576 1238 3644 quia
1291 3576 1342 3630 in
1377 3578 1540 3630 dorso
1584 3584 1765 3629 tumor
1815 3582 2133 3628 excreverat

562 3669 732 3721 instar
783 3668 892 3720 vasi
930 3667 1178 3730 testacei,
1230 3668 1314 3721 cui
1371 3667 1625 3721 baucalas
1663 3680 1854 3719 nomen
1889 3665 2127 3720 Alexan-

561 3751 731 3815 driae,
800 3752 1094 3808 simultatis
1166 3754 1534 3808 Alexandrum
1617 3753 1759 3807 inter
1819 3763 1874 3808 et
1943 3754 2130 3808 Arium

561 3845 846 3898 materiam
896 3845 1362 3901 subministrasse.
1407 3845 1566 3901 Fides
1612 3846 1681 3901 sit
1733 3859 1894 3916 penes
1940 3856 2127 3902 aucto-

559 3948 692 3989 rem.

627 4025 682 4079 4.
712 4025 868 4080 Arius
893 4027 1188 4082 doctrinam
1214 4031 1416 4100 spargit
1443 4046 1706 4083 suam.—
1733 4030 1894 4085 Arius
1923 4038 2128 4097 autem,

559 4123 616 4169 ut
639 4115 949 4172 rudioribus
971 4117 1149 4173 fucum
1183 4119 1406 4186 faceret,
1437 4135 1499 4174 ex
1529 4121 1874 4190 antiquorum
1908 4122 2126 4176 Patrum

556 4207 771 4276 scriptis
804 4210 1047 4264 nonnihil
1077 4212 1416 4266 auctoritatis
1452 4211 1840 4282 dignitatisque
1870 4227 1980 4267 sua:
2005 4227 2129 4268 sen-

555 4298 738 4352 tentia:
763 4297 954 4354 aﬂ'erre
993 4302 1288 4365 nitebatur,
1321 4313 1530 4356 novata:
1564 4303 1827 4359 doctrinae
1855 4302 2124 4373 suspicio-

555 4403 678 4444 nem
733 4391 1040 4458 declinans;
1095 4403 1151 4448 ut
1203 4395 1549 4464 simplicitate
1603 4397 1913 4463 verborum,
1970 4397 2123 4466 queis

553 4494 650 4549 per
680 4481 877 4551 ingenii
912 4485 1334 4539 imbecillitatem
1369 4501 1476 4539 non
1509 4486 1707 4541 licebat
1754 4503 1843 4542 res
1872 4487 2124 4542 subtilius

551 4574 874 4640 expendere,
905 4575 1156 4630 haustum
1191 4591 1453 4631 venenum
1499 4579 1812 4646 pr0pinaret
1851 4578 1953 4648 (ά).
1983 4579 2120 4634 Tum
2155 4561 2198 4615 Ῐ)

549 4663 710 4730 ςαψίι
744 4665 829 4719 ille
871 4681 1088 4721 errores
1120 4668 1317 4736 ubique
1360 4683 1639 4737 spargere,
1674 4669 1891 4724 vicatim
1928 4670 2120 4724 domos

549 4753 718 4819 adire,
745 4770 809 4808 ex
843 4756 1080 4822 clericis,
1112 4773 1247 4827 quos
1277 4760 1646 4814 novandarum
1687 4776 1866 4815 rerum
1913 4762 2121 4816 studio-

548 4858 636 4896 sos
670 4848 950 4914 comperit,
984 4848 1088 4903 sibi
1133 4850 1426 4915 asciscere,
1479 4851 1612 4906 alios
1660 4853 1901 4922 cujusvis
1943 4854 2120 4907 aetatis

549 4947 609 4987 ac
641 4938 969 4994 conditionis
1012 4939 1079 4993 ab
1103 4942 1391 4995 Alexandri
1422 4943 1667 5012 partibus
1715 4943 2005 4997 abducere.
2039 4944 2116 4998 Ex

546 5024 811 5093 virginum
861 5029 1049 5096 choro,
1098 5033 1392 5103 Epiphanio
1426 5046 1562 5089 teste
1594 5033 1646 5103 (ε
1676 5037 1716 5104 ),
1765 5035 2118 5103 septingenta!

547 5117 614 5171 ad
665 5117 778 5172 Arii
830 5133 1013 5188 partes
1047 5125 1325 5180 descivere
1368 5138 1384 5178 :
1432 5124 1515 5178 cui
1571 5140 1669 5192 pro
1707 5133 1857 5178 tanto
1892 5140 2118 5181 numero

547 5210 637 5263 vix
677 5210 807 5266 fides
855 5214 1132 5270 habeatur.
1170 5216 1477 5270 Excitatum
1523 5215 1701 5284 itaque
1745 5216 1812 5267 ab
1845 5215 1977 5270 Ario
2004 5232 2116 5271 ma-

545 5301 654 5354 lutu
688 5301 795 5358 late
820 5317 916 5373 per
940 5303 1252 5378 Aiayptum,
1284 5306 1614 5361 Thebaidem
1659 5314 1712 5359 et
1737 5303 1960 5376 Libyam
1990 5322 2114 5376 per-

545 5395 703 5450 vasit.
736 5395 919 5466 Neque
949 5399 1094 5462 vulgi
1129 5399 1302 5453 solum
1330 5397 1615 5450 multitudo
1644 5398 1883 5452 nascenti
1924 5398 2115 5455 haeresi

541 5507 695 5631 23g)
738 5507 1030 5579 Theodor.,
1082 5511 1173 5566 lib.
1228 5527 1268 5574 t,
1320 5523 1441 5579 cap.
1493 5509 1551 5574 2,
1605 5507 1804 5562 liceret.
1866 5507 1999 5576 fab.,
2058 5528 2107 5583 ι).

612 5648 687 5715 (b)
722 5647 842 5719 _Lib.
883 5665 920 5711 ι,
951 5667 1004 5719 p.
1037 5649 1162 5705 426.

613 5719 682 5788 (ε)
721 5717 836 5788 Lib.
869 5737 906 5783 ι,
937 5717 990 5774 ri.
1016 5723 1067 5775 4.

615 5788 690 5862 (μ)
723 5787 902 5862 [ἔρδει.
935 5805 1134 5862 contra,
1160 5787 1498 5862 Eunomium,
1530 5805 1581 5860 p.
1621 5789 1688 5857 6;
1733 5793 1910 5862 Socr.,
1949 5792 2041 5849 lib.
2072 5808 2111 5859 ι,

543 5873 591 5910 e.
623 5856 692 5924 ῆς
723 5856 1074 5925 Theodoret.,
1105 5861 1200 5914 lib.
1227 5875 1266 5925 ι,
1304 5875 1353 5914 c.
1380 5861 1434 5918 2.

2237 3300 2402 3371 Libya
2434 3311 2487 3354 et
2536 3300 2812 3369 Pentapoli
2859 3303 3130 3371 episcopis
3164 3315 3331 3371 prope
3372 3309 3610 3364 centum,
3648 3313 3815 3369 syno-

2235 3394 2359 3448 dum
2385 3393 2643 3459 Celebrat,
2693 3394 2744 3446 in
2777 3409 2881 3462 qua
2913 3397 2980 3449 de
3013 3395 3126 3449 Arii
3161 3409 3324 3449 causa
3373 3403 3627 3464 ageretur
3653 3407 3818 3447 accu-

2235 3487 2428 3540 ratius.
2481 3486 2654 3540 Acciti
2710 3487 2855 3556 impii
2913 3487 3181 3551 homines,
3230 3489 3405 3556 parati
3458 3486 3818 3557 meditalique

2233 3578 2474 3631 veniunt.
2545 3575 2621 3631 De
2694 3576 2938 3630 doctrina
3010 3576 3202 3646 rogati,
3265 3576 3532 3630 incertum
3604 3575 3817 3644 majore

2233 3669 2507 3737 impietate
2566 3684 2632 3722 an
2696 3667 3028 3739 impudentia
3093 3668 3254 3722 verba
3333 3667 3562 3721 fecerint
3637 3684 3651 3721 :
3716 3667 3816 3723 Dei

2233 3778 2468 3833 namque
2519 3763 2716 3816 Filium
2775 3778 2842 3818 ex
2900 3778 3004 3818 non
3055 3759 3400 3816 exstantibus
3466 3759 3666 3814 factum
3730 3761 3816 3815 af-

2234 3856 2542 3920 firmavere,
2579 3864 2846 3920 creatum,
2899 3855 3045 3909 Patri
3091 3852 3427 3915 dissimilem,
3473 3851 3810 3908 mutabilem.

2233 3946 2547 4002 Sciscitanti
2602 3947 2856 4010 cuidam,
2909 3961 2976 3999 an
3045 3943 3272 4013 perinde
3341 3941 3618 3997 mutabilis
3665 3951 3814 3998 esset

2231 4043 2394 4104 atque
2460 4033 2750 4100 diabolus,
2817 4033 3148 4103 respondent
3207 4041 3301 4087 aut
3363 4047 3522 4087 secus
3578 4033 3811 4086 mutabi-

2231 4123 2359 4180 lem.
2424 4123 2536 4179 Hac
2590 4126 2712 4181 data
2770 4136 2902 4180 voce
2953 4125 3288 4178 exhorruere
3347 4122 3561 4187 Patres,
3617 4133 3808 4178 tanta:-

2229 4230 2335 4286 que
2390 4216 2684 4286 impietatis
2741 4227 3011 4281 auctores,
3073 4215 3217 4270 nulla
3267 4215 3586 4284 interposita
3633 4229 3805 4280 mora,

2229 4322 2335 4362 uno
2359 4308 2597 4362 omnium
2630 4307 2856 4372 calculo,
2888 4309 3151 4361 damnant
3185 4306 3567 4374 abdicantque.

2295 4397 2351 4451 2.
2390 4395 2552 4451 Multi
2603 4397 2672 4449 ad
2719 4397 2901 4450 Arium
2951 4395 3262 4448 desciscunt.
3315 4425 3384 4434 —
3419 4395 3619 4450 Verum
3657 4402 3807 4449 tanto

2228 4487 2438 4542 vulneri
2472 4489 2714 4542 curando
2747 4488 2920 4557 impar
2955 4485 3055 4539 fuit
3088 4487 3406 4541 remedium.
3433 4485 3596 4540 Arius
3636 4487 3804 4555 enim,

2229 4580 2401 4634 multo
2427 4580 2708 4633 ardentior
2732 4578 3113 4649 perturbandre
3138 4578 3213 4632 rei
3241 4577 3630 4632 ecclesiastica:
3651 4579 3798 4646 cupi-

2229 4652 2419 4734 ditate,
2455 4669 2692 4724 asseclas
2724 4669 3066 4733 confirmare,
3112 4683 3281 4723 novos
3320 4669 3422 4722 sibi
3457 4669 3510 4723 in
3553 4669 3667 4724 dies
3706 4683 3803 4724 sua

2231 4776 2564 4830 suorumque
2604 4775 2768 4828 opera
2815 4761 3108 4815 asciscere.
3164 4759 3297 4813 Tum
3354 4760 3545 4828 ingens
3607 4759 3708 4814 fuit
3746 4761 3802 4815 in

2225 4852 2460 4907 Mareote
2498 4849 2728 4904 defectio
2763 4869 2778 4904 :
2830 4848 3035 4904 Chares
3078 4849 3221 4905 enim
3270 4856 3324 4901 et
3353 4845 3552 4913 Pistus,
3585 4849 3804 4919 presby-

2224 4945 2321 4998 teri
2357 4961 2371 4998 :
2422 4942 2709 5011 Serapion,
2741 4941 3088 5008 Parammon,
3125 4940 3372 4996 Zosimus
3429 4949 3484 4994 et
3542 4938 3801 5008 lrenaaus,

2223 5035 2453 5098 diaconi,
2505 5033 2723 5088 Arianis
2759 5048 2952 5087 nomen
2989 5032 3204 5087 dedere.
3249 5031 3415 5086 Arius
3456 5039 3659 5096 autem,
3691 5045 3802 5100 quo

2223 5125 2440 5180 facilius
2479 5134 2627 5194 gesta
2677 5125 2817 5178 tueri
2848 5123 3060 5189 liceret,
3109 5122 3379 5177 vindicem
3411 5129 3465 5176 et
3503 5129 3796 5191 patronum

2221 5217 2325 5273 sibi
2370 5217 2621 5271 conciliat
2657 5216 2970 5280 Eusebium,
3007 5215 3224 5284 quicum
3272 5223 3427 5268 vetus
3458 5213 3559 5268 sibi
3609 5227 3800 5269 neces-

2220 5308 2398 5363 situdo
2457 5308 2870 5376 studiorumque
2933 5309 3172 5363 societas
3224 5303 3592 5361 intercedebat
3639 5322 3654 5359 :
3701 5306 3795 5374 qui

2221 5402 2484 5457 Eusebius
2529 5402 2702 5455 audax
2764 5402 2924 5455 homo
2956 5400 3056 5472 (ἡ),
3115 5402 3380 5456 honorum
3415 5397 3666 5467 cupidine
3694 5397 3795 5450 lla-

2293 5513 2368 5583 (e)
2406 5513 2555 5569 Hier.
2589 5529 2734 5567 uix.

2292 5583 2358 5654 (f)
2403 5583 2569 5648 Epist.
2605 5583 2915 5654 Alexandri,
2955 5599 3008 5637 n.
3035 5583 3088 5637 2.

2404 5654 2574 5722 Epist.
2631 5653 2966 5719 Alexandri,
3023 5670 3073 5708 ιι.
3142 5654 3206 5719 1,
3260 5650 3327 5718 2;
3385 5651 3570 5716 Socr.,
3619 5648 3708 5706 ιιι).
3746 5663 3790 5713 ι,

2219 5739 2268 5778 θ’
2293 5726 2368 5863 ῗίὲ)
2410 5793 2582 5861 Epist.
2614 5792 2925 5859 Alexandri,
2961 5809 3016 5846 η.
