3998 6518
1544 436 1712 494 VITA
1752 440 1810 497 S.
1846 437 2240 505 ATHANASII.
3368 465 3505 513 thtl

193 547 334 641 pint.
368 539 615 641 relicto
664 562 892 621 nuper
916 551 1192 626 Berytensi
1224 551 1992 623 epiSCOPaw,Nicome-Ain
2050 560 2274 617 Arianae
2331 570 2493 618 serta:
2547 574 2739 620 exortu
2794 574 3067 637 gestarum
3131 563 3375 619 ordinem
3436 576 3505 617 ex

196 629 393 733 dieasem
455 635 854 710 invaserat,
912 646 1053 713 quod
1102 646 1462 713 episcopalem
1514 647 1831 718 dignitatem
1938 650 2050 704 Arii
2080 654 2535 711 condemnatione
2572 668 2625 712 et
2673 673 2736 712 ex
2774 629 2998 728 cpistola
3043 654 3334 713 Alexandri
3387 667 3506 707 mu-

199 730 449 778 metiretur
484 732 937 799 amplitudine
964 736 1264 805 civitatum.
1293 737 1472 790 Inerat
1500 740 1580 792 vis
1610 739 1832 808 ingenii,
1939 743 2069 795 tuati
2131 759 2341 808 sumus,
2396 760 2505 813 quo
2567 755 2749 815 pateat
2802 755 3001 815 quanta
3054 760 3118 799 ex
3180 741 3502 798 brevissimo

199 827 269 915 "fc
291 817 619 915 "'e'liOEriS
678 826 1022 896 principum
1052 829 1241 898 gratia,
1278 843 1398 881 cum
1447 841 1563 882 arte
1613 839 1667 883 et
1719 830 1835 883 olIi«
1937 834 2196 898 opusculo
2231 836 2389 890 rebus
2431 846 2557 890 ante
2583 837 2869 895 admodum
2891 834 3176 904 implicatis
3204 832 3293 886 lux
3325 844 3504 885 acces-

200 910 274 967 cio,
308 916 422 960 tum
478 910 893 972 Constantia:
936 917 1273 972 Constantini
1324 920 1526 975 sororis
1572 920 1835 976 aliinitate
1935 926 2087 980 serit.

202 1006 348 1065 infla.
388 999 617 1057 Parem
662 1009 883 1063 studio
912 1023 968 1066 et
997 1012 1237 1067 consiliis
1278 1013 1544 1067 hominem
1572 1028 1636 1068 eo
1660 1013 1833 1067 lihen-
2005 1014 2062 1071 4.
2101 1017 2208 1071 Alii
2242 1018 2370 1073 Aria
2400 1018 2660 1088 adjuncli.
2699 1048 2772 1061 —-
2816 1017 3017 1073 Praeter
3053 1020 3502 1071 commemoratos

204 1090 283 1145 lius
314 1092 366 1146 in
414 1098 778 1155 arctiorem
844 1106 1139 1160 amicitiam
1180 1106 1401 1174 recepit,
1438 1122 1544 1174 quo
1573 1106 1736 1160 altius
1779 1107 1833 1159 in
1937 1108 2207 1175 superius,
2241 1110 2306 1162 ad
2337 1109 2523 1163 Ariqu
2552 1108 2731 1164 deficit
2755 1109 3070 1163 Ammonius
3094 1108 3335 1178 quidam,
3362 1104 3504 1157 inter

205 1183 341 1237 corde
374 1185 648 1241 defixam
720 1195 966 1248 tenebat
1017 1197 1258 1250 eamdem
1304 1197 1448 1251 circa
1496 1196 1590 1251 Dei
1640 1195 1833 1250 Filium
1936 1199 2264 1255 Arianorum
2327 1203 2599 1272 principes
2657 1202 2849 1256 exinde
2903 1207 3328 1256 conuumeratus
3370 1214 3384 1250 :
3434 1208 3501 1247 ex

210 1274 559 1344 impietatem.
609 1281 829 1349 Quare
876 1287 1081 1343 litteris
1114 1288 1310 1358 ubique
1334 1290 1539 1354 missis,
1567 1288 1834 1358 episcopis
1943 1287 2107 1362 Libya
2143 1300 2323 1346 autem
2378 1292 2665 1355 Sisinnius,
2702 1300 2757 1345 et
2789 1290 2952 1347 Seras
2984 1292 3281 1360 presbyter,
3309 1286 3503 1341 Eusta-

214 1382 292 1433 ροι-
320 1370 546 1424 diversa
582 1373 726 1427 loca
790 1388 995 1432 auctor
1038 1389 1137 1440 est.
1188 1392 1244 1434 ut
1294 1381 1407 1433 Arii
1457 1381 1835 1447 sociorumque
1940 1381 2085 1434 thins
2123 1384 2287 1435 etiam
2339 1383 2521 1437 multis
2557 1393 2675 1451 post
2709 1384 2863 1438 annis
2892 1383 2945 1437 in
2981 1382 3337 1445 Sebastenum
3384 1376 3502 1446 epi-

213 1458 507 1516 doctrinam
554 1475 617 1517 et
654 1463 824 1520 facta
868 1480 1259 1537 propugnenl:
1305 1469 1595 1525 Alexandri
1637 1468 1832 1521 invidia
1938 1487 2161 1543 scepqu
2216 1483 2517 1543 cooptatus,
2562 1490 2626 1529 ac
2670 1474 2873 1528 Basilio
2923 1472 3336 1527 infensissimus.
3386 1465 3502 1520 Arii

212 1551 274 1601 ³ί¹
306 1550 703 1608 ί¹¹¹¹¹¹θτθ¹¹ιθε
747 1557 954 1625 Ρ¹¹¹δοδ
978 1559 1216 1613 Ecclesia
1255 1559 1437 1613 MSS“.
1473 1559 1667 1613 EXSlal
1695 1557 1838 1625 θρυιι
1937 1564 2181 1618 doctrina
2225 1565 2293 1619 ab
2323 1565 2681 1619 adolescentia
2719 1564 2905 1619 imbuti
2937 1572 3061 1618 sunt
3091 1563 3219 1617 item
3248 1558 3503 1616 Ursacius

210 1641 579 1698 Ᾱ¹Ῑ¹³¹¹³δῖυηι
620 1646 719 1717 (η)
768 1650 1027 1718 θρῖδιΟΙίε
1083 1650 1295 1705 Eusebii
1364 1650 1428 1704 ad
1478 1650 1663 1703 Arium
1724 1650 1834 1701 ῖνθ·
1937 1665 1992 1710 et
2032 1654 2230 1710 Valens
2273 1674 2286 1709 :
2324 1656 2413 1725 qui
2456 1655 2653 1709 exinde
2687 1653 2835 1709 fuere
2872 1653 3085 1719 Arianae
3122 1659 3282 1704 secta
3308 1648 3501 1717 primi-

213 1745 515 1801 ειηεηιυηιν
543 1753 670 1806 quo
723 1739 883 1795 Clare
923 1741 1341 1810 deprehenditur
1386 1741 1485 1795 Viri
1537 1740 1785 1809 impielas
1818 1755 1832 1792 ε
1934 1745 2160 1815 pilares,
2190 1746 2598 1815 Athanasioque
2631 1760 2735 1799 non
2763 1743 2931 1799 semel
2969 1740 3258 1812 perniciem
3299 1739 3503 1793 machi-

213 1842 231 1871 σ
264 1825 398 1879 Cum
436 1840 607 1884 recte
641 1833 904 1896 sentias,
945 1833 1141 1902 inquit,
1181 1847 1404 1902 precare
1448 1842 1506 1885 ut
1540 1846 1728 1885 omnes
1760 1831 1829 1883 ita
1868 1906 1890 1908 _
1937 1838 2044 1890 uati
2079 1848 2202 1892 sunt
2236 1839 2327 1908 (c).

206 1919 465 1973 William.
524 1920 737 1976 Palam
790 1925 949 1979 enim
1010 1926 1256 1980 omnibus
1308 1935 1407 1987 est,
1455 1926 1595 1994 quod
1631 1924 1830 1978 factum
1865 1906 1907 1960 Β
2005 1929 2156 1982 Anno
2194 1906 2446 1984 cmctrsn
2497 1929 2626 1984 522.
2665 1958 2732 1968 -—
2777 1928 2827 1981 l.
2865 1925 3097 1981 Collutlzi
3140 1924 3383 1984 aeiectio.
3430 1947 3504 1961 ——

204 2019 300 2074 εει,
359 2027 473 2066 non
528 2016 845 2069 exslilisse
898 2026 1187 2085 antequam
1245 2017 1430 2076 fieret:
1478 2019 1616 2085 quod
1652 2024 1829 2068 autem
1936 2020 2081 2072 Inter
2141 2020 2253 2074 haec
2312 2020 2569 2073 intestina
2625 2019 2789 2083 mala,
2846 2032 2985 2072 novo
3041 2015 3262 2069 dissidio
3306 2014 3502 2067 misere

206 2101 401 2157 factum
466 2114 593 2168 est,
654 2107 978 2161 exsisteudi
1037 2108 1246 2161 initium
1298 2109 1483 2163 habet.
1525 2128 1543 2160 ι
1599 2107 1832 2161 Litteras
1934 2111 2188 2164 distracta
2216 2111 2408 2166 civitas
2432 2110 2787 2164 Alexandrina
2809 2118 2891 2163 est
2923 2107 3021 2176 (ιι).
3055 2105 3330 2162 Collutlms
3357 2103 3501 2158 enim

207 2193 330 2248 item
369 2195 655 2263 frequens
720 2198 903 2251 mittit
956 2198 1023 2251 ad
1071 2200 1713 2259 Alexandrum.monens
1748 2209 1827 2263 ut,
1933 2199 2242 2271 presbyter,
2295 2200 2340 2253 is
2388 2201 2522 2269 ipse,
2570 2210 2625 2253 ut
2660 2200 3005 2263 arbitramur,
3043 2196 3219 2266 quiin
3269 2194 3501 2248 Arianos

204 2299 531 2354 compressa
573 2287 917 2354 hujusmodi
978 2291 1294 2357 qumstione,
1343 2291 1534 2343 Arium
1583 2291 1833 2345 admittat
1936 2292 2084 2358 prior
2136 2290 2453 2360 suffragium
2506 2291 2746 2360 scripsit,
2797 2298 3013 2357 arrepta
3071 2302 3138 2342 ex
3189 2284 3500 2340 conditione

204 2375 267 2427 ad
301 2378 810 2433 communionem.
849 2379 1110 2447 Epistolis
1162 2392 1338 2435 autem
1397 2382 1537 2436 ultro
1588 2383 1833 2453 citroque
1936 2384 2191 2451 temporis
2242 2383 2548 2445 occasione,
2608 2396 2741 2435 ausu
2805 2380 3089 2434 temerario
3136 2388 3296 2445 atque
3352 2375 3502 2430 inso-

202 2462 350 2515 eade
372 2478 548 2517 causa
586 2466 790 2521 missis
831 2467 1065 2529 factum,
1099 2478 1160 2522 ut
1190 2471 1576 2534 controversia,
1612 2471 1829 2543 Egypti
1934 2473 2087 2539 lenti,
2130 2474 2409 2542 presbyter
2441 2489 2562 2527 cum
2593 2482 2735 2527 esset
2763 2480 2994 2535 tantum,
3024 2472 3114 2539 jus
3142 2468 3244 2523 sibi
3282 2480 3503 2535 arroga-

205 2552 475 2609 hactenus
535 2556 831 2613 limitibus
896 2559 1344 2630 circumscripta,
1402 2577 1497 2629 per
1556 2562 1829 2618 Orientem
1932 2564 2024 2618 bat
2055 2563 2560 2619 constituendorum
2616 2562 2985 2624 sacerdotum,
3037 2560 3179 2629 quod
3217 2558 3501 2626 episcotio-

207 2656 376 2711 Ρτοβε
412 2654 603 2701 Inlum
658 2658 951 2705 manaret.
1005 2650 1140 2706 "inc
1187 2652 1340 2715 rixa.
1388 2651 1828 2723 disceptationes,
1935 2672 2053 2711 rum
2085 2658 2350 2713 duntaxat
2394 2670 2591 2709 munus
2622 2665 2727 2709 est.
2766 2654 2973 2708 Nactus
3002 2662 3179 2706 autem
3210 2657 3501 2704 sectatores

209 2732 451 2801 Ῑηνίίιίε,
482 2738 590 2792 ira?
619 2756 637 2806 ;
677 2740 813 2795 aliis
843 2741 932 2796 1·ιεί
974 2740 1277 2808 Ῐηεοιθηῑὶίι,
1305 2742 1426 2798 aliis
1453 2744 1687 2799 novandi
1718 2755 1832 2799 stu-
1933 2763 2037 2802 non
2077 2763 2297 2818 paucos,
2333 2747 2624 2802 Alexandri
2655 2762 2776 2802 sese
2817 2745 3046 2814 imperio
3075 2740 3350 2801 subduxit,
3379 2734 3434 2793 et
3469 2751 3500 2791 a

210 2828 297 2882 δίο
336 2832 673 2887 ⁰⁰¹¹⁰Ῐ¹³ῑίεο
1932 2849 2077 2894 coetu
2116 2838 2516 2895 Catholicorum
2545 2848 2738 2907 suopte
2784 2846 2930 2891 motu
2974 2844 3030 2889 et
3068 2833 3293 2889 consilio
3316 2845 3492 2901 segre-

277 2922 337 2976 5.
368 2922 687 2977 Alexandri
726 2926 935 2980 litterae
976 2942 1040 2981 ac
1066 2938 1385 2983 Amnmmo.
1425 2958 1495 2969 -—
1529 2928 1833 2984 Alexander
1932 2939 2107 2998 gntus,
2146 2930 2402 2999 despecto
2430 2929 2700 2999 pontificis
2734 2938 2889 2992 nutu,
2920 2941 3048 2981 suas
3085 2923 3184 2978 sibi
3228 2920 3488 2992 regendas

210 3024 365 3076 vero,
414 3014 511 3083 qui
574 3014 872 3071 damnatis
927 3031 957 3070 a
1011 3020 1213 3088 synodo
1268 3028 1427 3073 secta:
1474 3019 1829 3088 principibus,
1931 3019 2201 3075 Ecclesias
2248 3020 2517 3087 ascripsit.
2576 3018 2761 3072 Ariani
2821 3032 2974 3081 vero,
3019 3016 3110 3085 qui
3152 3014 3387 3067 nondum
3446 3011 3500 3065 in

217 3099 450 3158 fractam
503 3104 806 3171 hmresim,
861 3116 922 3160 et
972 3123 1337 3179 compressam
1393 3108 1507 3164 fore
1558 3110 1829 3179 sperabat,
1933 3110 2073 3163 hanc
2135 3116 2495 3177 proruperant
2554 3107 2881 3169 audaciam,
2942 3102 3175 3158 Colluthi
3230 3099 3499 3167 exempla,

229 3204 560 3251 ceterarum
600 3199 909 3269 regionum
960 3201 1223 3269 episcopis
1265 3202 1437 3256 latere
1464 3202 1715 3270 cupiebat
1746 3215 1833 3255 res
1859 3239 1902 3297 ο
1933 3199 2195 3267 ecclesiis,
2231 3215 2326 3254 seu
2378 3199 2579 3268 potius,
2626 3207 2685 3250 ut
2734 3198 2811 3250 ait
2858 3194 3182 3256 Alexander,
3232 3190 3502 3260 speluncis

223 3283 277 3339 in
305 3287 548 3358 Egypto
583 3299 803 3359 gestas,
851 3301 915 3344 ut
948 3307 1014 3346 ne
1064 3294 1310 3363 vulgatus
1343 3308 1496 3348 error
1528 3293 1689 3348 latius
1718 3308 1834 3347 ser-
1862 3283 1901 3297 ν
1934 3291 2204 3347 latronum
2269 3292 2370 3346 sibi
2423 3288 2768 3351 constructis,
2820 3286 2929 3355 jam
2984 3284 3277 3353 separatim
3327 3291 3503 3336 coetus

226 3388 381 3444 Ρεῐει
421 3382 521 3450 (b).
562 3381 637 3437 Ut
682 3394 879 3435 autem
932 3382 1068 3436 vidit
1119 3383 1494 3454 ingravescere
1525 3385 1575 3438 iu
1604 3385 1721 3439 dies
1754 3385 1833 3436 in-
1936 3397 2094 3453 agere
2140 3390 2442 3451 cmperunt.
2507 3380 2644 3435 Tum
2713 3378 2789 3433 illi
2840 3387 2998 3432 nocte
3050 3376 3242 3443 dieque
3294 3371 3503 3428 calum-

229 3471 484 3525 testinum
511 3473 755 3537 malum,
787 3488 895 3527 nec
926 3468 1171 3529 externis
1202 3476 1445 3529 hostibus
1471 3476 1648 3529 minus
1672 3490 1831 3543 quam
1935 3474 2041 3528 niis
2096 3475 2149 3527 in
2212 3472 2511 3528 Ecclesiam
2571 3470 2891 3542 spargendis
2949 3466 3261 3537 advigilare,
3317 3461 3502 3517 turbas

238 3558 556 3617 domesticis
598 3561 1047 3616 Alexandrinam
1074 3563 1371 3618 Ecclesium
1410 3564 1693 3628 laborare;
1726 3564 1833 3632 epi-

236 3650 369 3704 stola
401 3654 549 3716 data,
582 3654 872 3722 episcopis
935 3668 1030 3722 per
1064 3654 1245 3709 orbem
1297 3656 1550 3710 omnibus
1597 3656 1831 3710 Alexan-

238 3739 401 3795 drinte
461 3744 665 3814 synodi
726 3752 856 3796 acta
935 3745 1224 3808 renuntiat,
1292 3756 1554 3799 memorat
1609 3745 1722 3798 Arii
1780 3756 1834 3800 et

236 3842 571 3887 sectatorum
598 3834 721 3904 ejus
755 3834 1079 3901 blasphema
1114 3835 1258 3890 dicta
1282 3876 1295 3900 ,
1326 3852 1445 3905 qua:
1478 3836 1593 3891 ausi
1623 3836 1835 3891 fuerant

238 3921 291 3974 in
315 3934 457 3978 creto
500 3925 735 3979 Patrum
779 3924 1037 3995 proferre
1067 3942 1129 3979 ac
1168 3941 1508 3996 propugnare
1544 3948 1555 3981 :
1589 3935 1741 3995 rogat
1769 3940 1835 3980 ne

238 4013 411 4081 magis
472 4013 722 4070 Eusebio
791 4017 1061 4068 adversus
1122 4015 1397 4069 Christum
1452 4016 1561 4085 jam
1627 4016 1832 4084 pridem

241 4105 492 4159 sentienti
541 4115 603 4159 et
648 4104 1065 4160 ecclesiasticas
1108 4104 1255 4175 leges
1306 4120 1403 4175 pro
1454 4105 1679 4161 libidine
1721 4106 1835 4160 vio—

238 4192 372 4249 lauti
417 4212 629 4251 morem
685 4205 913 4263 gerant,
962 4211 1122 4265 quam
1175 4205 1251 4250 tot
1302 4196 1588 4267 episcOpis,
1641 4197 1835 4266 quibus

239 4286 447 4341 sincera
486 4302 647 4342 mens
694 4288 935 4352 inesset,
976 4302 1039 4341 ac
1069 4303 1210 4342 vera:
1243 4287 1366 4343 fidei
1409 4288 1663 4343 studium.
1697 4287 1833 4341 Tum

240 4386 301 4429 ut
325 4378 493 4446 major
523 4378 730 4433 litteris
766 4376 906 4431 fides
934 4387 1102 4442 esset,
1128 4377 1468 4433 Alexandria:
1503 4388 1558 4431 et
1584 4376 1835 4431 Mareotte

240 4469 447 4523 clerum
504 4485 701 4524 rursus
736 4477 965 4531 evocat,
1012 4468 1194 4522 laudat
1242 4470 1466 4539 probum
1525 4468 1832 4534 consilium,

1942 3563 2094 3628 dare,
2127 3563 2423 3618 seditiones
2470 3576 2707 3627 movere,
2746 3558 3029 3612 mulierum
3066 3554 3236 3609 virilis
3263 3552 3502 3607 audacia:

1943 3669 2132 3725 opera,
2194 3654 2392 3723 probos
2442 3654 2696 3721 frugique
2744 3650 2890 3704 viros
2941 3648 2993 3703 in
3036 3646 3161 3714 jus,
3216 3644 3272 3699 in
3325 3642 3502 3697 forum

1936 3759 2155 3807 vocare,
2185 3746 2389 3814 probro
2424 3754 2586 3811 atque
2630 3741 2852 3796 infamia
2895 3739 3201 3793 universam
3242 3747 3505 3803 consper-

1938 3849 2065 3903 gere
2118 3834 2439 3889 Ecclesiam.
2500 3832 2636 3886 llinc
2694 3830 2980 3892 tumultus,
3036 3825 3502 3887 concursationes,

1937 3925 2184 3987 dissidia,
2221 3924 2373 3991 rixa},
2420 3923 2685 3987 virorum,
2719 3920 3025 3982 mulierum,
3048 3914 3499 3985 juvencularum:

1938 4031 2057 4087 qua:
2101 4016 2330 4083 turpiter
2371 4021 2426 4068 et
2466 4014 2722 4067 indecore
2769 4018 2921 4082 gesta
2964 4008 3349 4063 cachinnorum
3387 4018 3506 4059 ma-

1939 4109 2101 4165 teries
2156 4107 2308 4160 fuere
2355 4104 2668 4176 gentilibus,
2724 4103 2919 4171 quibus
2976 4100 3171 4156 fabulae
3210 4110 3508 4168 argumen-

1939 4209 2050 4253 tum
2083 4198 2268 4254 isthtrc
2301 4206 2460 4251 crant
2508 4196 2561 4251 in
2623 4195 2802 4250 scenis
2852 4192 3097 4260 ludisque
3130 4188 3380 4260 publicis,
3412 4185 3505 4241 ubi

1941 4291 2202 4363 mysteria
2236 4290 2562 4347 Christiana:
2601 4289 2878 4359 religionis
2910 4285 3117 4343 traduci
3143 4291 3205 4340 et
3230 4280 3391 4337 rideri
3419 4278 3504 4334 vi-

1935 4383 2064 4435 dere
2092 4388 2230 4435 erat.

2007 4476 2065 4527 2.
2120 4473 2281 4526 Arius
2334 4472 2594 4541 demigrat
2640 4487 2694 4524 ιη
2739 4466 3102 4522 Ραιωειὶηαιιι.
3154 4491 3224 4502 -
3251 4459 3364 4515 Sub
3391 4458 3507 4513 haec

241 4562 596 4631 animumque
638 4562 761 4631 paci
811 4570 869 4614 et
916 4561 1218 4614 concordia:
1263 4561 1559 4626 addictum,
1593 4568 1774 4614 monet
1804 4574 1835 4614 e
1866 4579 1911 4633 ι)
1941 4566 2126 4630 Arius,
2149 4564 2357 4619 Achilla
2391 4563 2616 4625 comite,
2653 4561 2922 4629 demigrat
2951 4558 3002 4609 iu
3038 4552 3399 4608 Palaestinam.
3427 4545 3508 4601 Ne

242 4666 305 4705 re
336 4651 467 4718 fore,
499 4664 561 4708 ut
613 4654 867 4721 epistolae
908 4649 1157 4704 omnibus
1201 4651 1398 4721 ubique
1432 4651 1671 4705 locorqu
1721 4651 1836 4718 epi-

242 4745 425 4811 scopis
459 4744 746 4798 mittendae.
804 4741 1014 4795 addant
1046 4739 1319 4809 suﬂ‘ragia,
1378 4756 1586 4795 necnon
1622 4742 1838 4797 abdica-

242 4835 448 4889 cationi
496 4837 865 4899 Arianorum,
915 4832 1075 4887 etiam
1120 4848 1330 4897 eorum,
1380 4833 1469 4901 qui
1503 4842 1622 4902 post
1670 4834 1833 4889 latam

243 4928 571 4981 sententiam
620 4926 1013 4980 descivissent.
1058 4923 1362 4996 Presbyteri
1401 4927 1562 4996 igitur
1606 4928 1836 4982 Alexan-

244 5015 390 5069 drini
429 5016 855 5083 septemdecim,
899 5013 1041 5066 inter
1072 5028 1205 5082 quos
1232 5015 1435 5084 primas
1473 5026 1618 5071 tenet
1659 5018 1837 5073 Collu-

245 5108 406 5173 thus;
437 5109 655 5162 diaconi
688 5115 934 5175 quatuor
956 5115 1007 5159 et
1030 5105 1238 5175 viginti,
1273 5106 1322 5160 in
1350 5122 1575 5176 quorum
1613 5125 1839 5166 numero

246 5196 355 5250 duo
386 5207 712 5268 coruparent
748 5196 1063 5273 Athanasii,
1092 5210 1386 5265 eorumque
1412 5198 1672 5254 alteruter
1702 5200 1746 5255 is
1773 5201 1837 5255 de

247 5301 355 5353 quo
383 5292 593 5359 agimus
647 5296 758 5354 est,
814 5286 948 5341 item
1002 5303 1068 5342 ex
1110 5287 1345 5342 Marcote
1403 5290 1700 5360 presbyteri
1739 5306 1835 5345 no-

246 5379 565 5446 vetutiecim,
610 5378 837 5433 diaconi
894 5376 1106 5445 viginti,
1138 5379 1365 5432 antistiti
1403 5379 1835 5450 obtemperantes

244 5472 476 5539 epistola:
537 5470 816 5541 suffragia
877 5470 1174 5525 ascribunt.
1231 5469 1381 5527 Hunc
1435 5489 1595 5542 porro
1651 5489 1831 5528 rerum

308 5652 379 5721 (π)
419 5654 595 5717 Epist.
628 5652 717 5708 De
748 5652 997 5721 synodis,
1028 5668 1082 5706 ιι.
1110 5650 1196 5705 l7.

223 5794 263 5846 Α
416 5727 594 5795 Epist.
671 5721 1028 5785 Alexandri,
1102 5739 1155 5776 ιι.
1216 5721 1264 5786 l,
1327 5732 1379 5777 et
1432 5722 1485 5777 in
1545 5724 1832 5777 condemn.

276 5811 355 5849 ru.
1104 5824 1109 5827 Α

290 5824 359 5939 1:}
413 5867 545 5923 Ath.
609 5865 718 5933 Ep.
784 5858 1045 5932 encyclir.
1104 5824 1170 5915 ad
1217 5876 1406 5931 episc..
1472 5878 1527 5917 ιι.
1585 5861 1649 5928 7;
1707 5860 1829 5916 me.

1943 4665 2119 4725 posset
2150 4655 2291 4709 enim
2332 4652 2672 4708 Alexandriae
2706 4651 2907 4728 diutius
2942 4646 3259 4706 consistere,
3290 4638 3509 4694 vetabat

1942 4744 2238 4801 Alexandri
2274 4743 2583 4800 sollicitudo
2623 4743 2677 4797 in
2731 4740 2973 4796 fovendis
3013 4738 3173 4795 rebus
3206 4731 3505 4796 catholicis,

1941 4846 1996 4892 et
2029 4834 2347 4893 coercendis
2385 4833 2765 4889 seditiosorum
2798 4832 3095 4886 conatibus.
3130 4827 3186 4882 ln
3219 4821 3509 4879 Palaestina

1942 4930 2109 5001 igitur
2145 4930 2481 4999 aliquantum
2524 4935 2789 4989 moratus,
2828 4939 2936 4978 non
2969 4923 3253 4977 immemor
3290 4924 3507 4971 vetera-

1945 5023 2096 5077 toris:
2133 5020 2291 5083 artis,
2339 5016 2599 5072 errrentita
2632 5016 2851 5084 pietatis
2884 5014 3098 5083 specie,
3134 5009 3505 5078 episc0porum

1942 5115 2184 5186 regionis
2208 5110 2435 5183 gratiam
2466 5109 2603 5163 inire
2633 5108 2877 5162 tentabat
2902 5123 2916 5158 :
2945 5115 2999 5159 et
3028 5117 3133 5173 qua
3158 5100 3338 5155 aditus
3362 5100 3509 5150 esset

1940 5201 2275 5267 observans,
2318 5199 2515 5255 litteris
2547 5207 2601 5253 et
2642 5197 2927 5267 colloquiis
2974 5192 3259 5264 praesulum
3298 5188 3508 5241 animos

1940 5293 2347 5365 experiebatur,
2384 5306 2571 5362 pacem
2606 5289 2758 5345 aiens
2785 5302 2839 5342 et
2875 5282 3221 5341 concordiam
3257 5275 3511 5332 Ecclesia

1940 5387 2093 5441 cordi
2137 5384 2238 5439 sibi
2288 5397 2504 5451 semper
2534 5380 2735 5446 fuisse,
2767 5380 2859 5434 sed
2889 5379 3059 5432 livore
3093 5366 3384 5426 Alexandri
3418 5379 3506 5419 se-

1942 5490 2047 5545 que
2075 5489 2310 5544 suosque
2340 5472 2509 5529 solum
2537 5481 2751 5527 vertere
2779 5476 3019 5525 coactos.
3044 5459 3349 5515 Doetrinam
3379 5468 3509 5509 vero
3554 5516 3557 5517 ν

1946 5669 2088 5719 ron.,
2122 5653 2327 5721 Dialog.
2382 5663 2566 5708 contra
2623 5647 3031 5718 Luciferianos;
3092 5637 3283 5704 Basil.,
3344 5635 3503 5707 epist.

1943 5723 2094 5875 ἶιξά)
2133 5790 2479 5875 “tegimen.
2514 5790 2606 5845 lib.
2640 5804 2676 5853 ι,
2710 5801 2758 5840 c.
2792 5787 2858 5851 ιι
2904 5782 3102 5837 Atnan.
3142 5777 3295 5849 Apol.
3326 5784 3505 5830 contra

1938 5860 2147 5919 Ανὶαιι..
2180 5878 2232 5914 ιι.
2263 5860 2351 5913 76.
