3998 6524
503 456 626 500 LXIV

1876 437 2408 494 PROLEGOMENA;

504 572 657 611 suam
688 571 795 611 non
826 568 943 626 qua.
964 553 1177 612 ratione
1204 555 1546 613 Alexandria!
1580 556 1884 627 evulgarat,
1914 570 2079 625 expo-
2108 560 2151 614 A
2188 558 2497 624 reciperent
2549 553 2763 620 Arium,
2796 551 2886 606 alii
2925 567 2990 608 ex
3040 567 3221 608 rerum
3273 561 3548 620 gestarum
3603 551 3760 621 igno-

506 648 649 713 suit;
691 647 784 703 sed
832 648 1147 717 blasphema
1180 647 1323 705 dicta
1366 648 1563 717 partim
1600 648 1815 704 silentio
1863 658 2074 716 tegere,

507 738 707 807 partim
738 736 936 791 fucatis
970 737 1153 791 verbis
1194 736 1428 791 delinire
1463 736 1763 806 satagebat,
1804 752 1910 805 quo
1939 735 2077 790 late-

510 839 591 885 ret
633 830 930 900 impietatis
958 831 1125 885 virus.
1161 828 1255 885 llis
1294 830 1385 884 ille
1420 830 1629 883 artibus
1652 869 1667 893 ,
1702 828 1803 881 hac
1830 826 2076 890 vafritie,

509 937 616 975 non
672 936 914 991 paucos,
986 937 1083 977 nec
1144 921 1406 991 ignobiles
1472 920 1754 989 episcopos
1824 920 2080 974 conciliat

508 1000 737 1083 sibila),
774 1012 1055 1066 Paulinum
1087 1026 1278 1079 nempe
1312 1010 1556 1081 Tyrium,
1587 1010 1873 1065 Eusebium
1902 1009 2082 1064 Caesa-

513 1104 780 1166 riensem,
826 1119 1001 1172 neque
1038 1104 1110 1156 ita
1146 1102 1321 1157 multo
1360 1112 1481 1171 post
1513 1102 1849 1157 Theodotum
1882 1102 2081 1156 Laodi-

510 1209 729 1259 cenum,
762 1195 1119 1251 Athanasium
1145 1195 1611 1261 Anazarhensem,
1642 1195 1961 1265 Gregorium
1985 1196 2084 1249 Be-

512 1293 817 1355 ryteusem,
860 1286 1077 1339 Actium
1118 1284 1564 1355 Diospolitanum.
1602 1284 1713 1340 Nec
1741 1285 1961 1341 defuere
2004 1296 2085 1340 ta-

510 1389 630 1428 men
679 1374 877 1443 quibus
901 1375 1067 1430 Arius
1099 1377 1264 1431 verba
1310 1378 1438 1431 dare
1472 1390 1578 1431 non
1608 1377 1805 1447 potuit.
1853 1377 1890 1431 li
1928 1389 2084 1433 erant

506 1478 698 1529 senes,
738 1466 837 1522 viri
886 1482 1118 1537 graves,
1157 1484 1331 1547 neque
1374 1470 1724 1525 novatoribus
1772 1472 2081 1539 opportuni,

508 1558 599 1625 qui
651 1569 920 1625 praecauta
963 1560 1010 1613 vi
1058 1560 1365 1629 ingruentis
1403 1561 1552 1625 mali,
1590 1572 1853 1617 curarunt
1884 1571 1941 1617 ut
1976 1578 2081 1616 non

509 1648 672 1702 modo
699 1648 827 1713 sibi,
862 1650 957 1704 sed
995 1664 1062 1704 ne
1092 1650 1235 1704 uOtis
1265 1651 1431 1705 etiam
1464 1652 1663 1706 damno
1692 1652 1837 1707 foret
1868 1654 2087 1723 pestile-

508 1752 694 1791 rorum
740 1738 1017 1793 hominum
1049 1739 1251 1795 aditus.
1284 1738 1417 1795 Tres
1459 1742 1832 1810 hujuscemodi
1876 1759 2083 1799 memo-

510 1839 705 1883 rantur
753 1831 820 1885 ab
854 1833 985 1885 Ario
1033 1832 1085 1886 in
1120 1832 1350 1901 epistola
1388 1833 1453 1886 ad
1502 1832 1795 1888 Eusebium
1830 1836 2083 1893 Nicome-

2187 644 2397 711 rantia;
2459 657 2585 714 pars
2643 642 2760 711 ejus
2810 643 2877 695 ad
2929 654 3120 696 sanam
3176 649 3409 696 mentem
3470 641 3760 696 revocandi

2184 734 2389 799 studio,
2438 734 2728 789 admisisse
2771 732 2943 786 virum
2984 751 2997 786 :
3037 736 3250 786 demum
3295 732 3563 796 nonnulli,
3615 730 3761 800 quod

2186 836 2370 883 essent
2394 826 2527 880 Ario
2549 825 2846 894 impensius
2868 825 3091 901 addicti,
3121 824 3370 879 simulata
3404 826 3596 879 mutati
3626 838 3761 878 con-

2186 921 2292 976 silii
2326 922 2479 990 signa
2515 919 2795 974 dederunt.

2252 1014 2309 1067 ὁ.
2351 1012 2513 1066 Arius
2543 1009 2903 1064 Nicomediam
2939 1011 3084 1079 petit.
3128 1010 3349 1065 Initium
3383 1009 3492 1062 odii
3531 1009 3766 1062 Ariano-

2186 1122 2300 1159 rum
2355 1105 2411 1157 in
2462 1103 2832 1157 Athanasium.
2884 1131 2955 1143 —-
3001 1102 3115 1157 Non
3181 1101 3385 1157 frustra
3437 1101 3580 1155 datm
3636 1108 3765 1154 sunt

2185 1194 2475 1251 Alexandri
2533 1193 2727 1249 littera:
2767 1192 2896 1264 (d):
2948 1193 3110 1248 Arius
3154 1193 3322 1259 enim,
3373 1207 3497 1248 cum
3560 1190 3761 1245 multos

2184 1287 2560 1353 episcoporum
2611 1297 2796 1338 errore
2849 1283 3082 1352 pristino
3133 1283 3339 1338 levatos
3374 1290 3649 1345 cerneret,
3697 1296 3764 1335 ac

2185 1379 2274 1430 vix
2314 1376 2587 1445 quidpiam
2626 1376 2726 1430 loci
2762 1375 3034 1429 residuum
3068 1376 3168 1429 sibi
3211 1390 3333 1429 esse
3368 1374 3577 1429 videret
3612 1374 3754 1441 apud

2186 1468 2521 1533 Palaestinos,
2553 1482 2785 1537 quorum
2817 1467 3052 1521 maxima
3092 1481 3219 1536 pars
3256 1466 3531 1520 hominem
3567 1465 3765 1519 finibus

2186 1562 2396 1633 pulsum
2440 1561 2553 1616 suis
2582 1559 2937 1628 exoptabant,
2967 1559 3031 1613 ad
3065 1559 3352 1613 Eusebium
3388 1556 3767 1611 Nicomedien-

2186 1667 2298 1706 sem
2332 1666 2390 1704 se
2418 1650 2705 1719 proripuit,
2731 1663 2907 1717 neque
2935 1646 3111 1702 dubia:
3137 1662 3309 1717 neque
3337 1647 3612 1702 nascentis
3640 1645 3764 1701 lldei

2188 1743 2439 1797 amicum.
2479 1741 2544 1795 Et
2578 1755 2707 1794 vero
2734 1738 2822 1795 ille
2856 1739 2971 1794 Arii
3006 1740 3238 1795 reditum
3276 1738 3668 1794 Alexandriam
3698 1738 3766 1792 ab

2187 1835 2528 1897 Alexandro,
2570 1834 2750 1888 missis
2792 1833 3011 1899 litteris,
3069 1834 3363 1902 impetrare
3410 1832 3636 1896 nititur;
3672 1846 3764 1886 cu-

510 1921 772 1985 diensem,
803 1921 1159 1993 Philogonius
1192 1924 1586 1987 Antiochenus,
1626 1925 1895 1981 Macarius
1928 1927 2084 1983 Jeru-
2119 1898 2160 1953 B
2193 1937 2382 1997 ratque
2424 1926 2566 1981 inter
2606 1926 2796 1981 ambos
2838 1939 3026 1995 pacem
3058 1933 3114 1980 et
3149 1924 3547 1979 communionis
3581 1922 3764 1977 socie-

509 2010 889 2080 solymitanus,
923 2022 977 2066 et
1024 2012 1334 2068 Hellanicus
1368 2014 1780 2091 Tripolitanus,
1823 2033 1961 2085 quos
1999 2019 2088 2074 ille

510 2104 773 2159 conviciis
797 2105 1100 2163 insectatur
1139 2115 1194 2161 et
1223 2108 1562 2164 maledictis:
1592 2109 1729 2164 alios
1755 2120 1965 2173 contra,
1996 2112 2088 2180 qui

509 2209 733 2263 operam
766 2196 866 2251 sibi
896 2197 1329 2260 commodarent,
1369 2198 1451 2253 vel
1497 2199 1869 2265 immerentes,
1911 2200 2086 2256 laudi-

509 2284 610 2339 bus
656 2285 722 2339 ad
770 2286 964 2341 coelum
1018 2288 1176 2343 tollit.
1221 2288 1354 2343 Eam
1404 2291 1685 2358 epistolam
1737 2308 1833 2362 per
1863 2293 2086 2348 Ammo-

510 2374 684 2437 nium,
712 2389 873 2442 quem
906 2377 1128 2433 honoris
1164 2393 1327 2433 causa
1363 2379 1578 2435 Patrem
1622 2381 1711 2436 ille
1750 2398 1906 2438 suum
1934 2386 2086 2449 dicit,

508 2478 633 2517 cum
668 2467 857 2520 eodem
904 2467 1099 2525 itinere
1145 2469 1474 2524 Alexandria
1519 2471 1573 2524 in
1611 2471 1920 2542 Bithyniam
1966 2490 2090 2544 pro-

508 2566 749 2622 peraret,
800 2558 947 2613 misit
992 2558 1228 2617 Eusebio
1276 2561 1697 2631 Nicomediensi,
1731 2580 1890 2633 quem
1936 2583 2088 2622 com-

510 2648 669 2713 pellat
701 2650 858 2704 titulo
888 2651 985 2705 viri
1031 2651 1161 2715 Dei,
1208 2661 1262 2707 et
1289 2653 1414 2720 ﬁdei
1457 2655 1771 2723 defensoris,
1824 2670 2089 2729 vocatque

508 2736 968 2791 Collucianistam.
1011 2742 1137 2809 quia
1162 2743 1353 2797 eodem
1385 2745 1648 2812 magistro
1677 2746 1918 2803 Luciano
1948 2765 2092 2803 mar-

511 2838 633 2897 tyre
662 2827 963 2899 disciplinis
992 2831 1335 2888 addiscendis
1361 2836 1522 2889 ambo
1546 2836 1821 2892 dedissent
1844 2854 2086 2908 operam.

511 2920 574 2973 Et
612 2935 738 2975 vero
765 2935 830 2975 ex
858 2921 1082 2978 Luciani
1125 2924 1409 2995 discipulis
1438 2941 1544 2981 non
1569 2931 1728 2996 pauci
1766 2930 1833 2984 ad
1858 2931 2093 2989 Arianos

509 3011 808 3071 descivere.
844 3012 1108 3071 Eusebius
1141 3031 1292 3081 vero,
1328 3016 1564 3088 ﬂagrans
1592 3020 1844 3090 cupidine
1876 3039 2088 3092 promo-

506 3111 697 3167 venda:
741 3122 906 3167 secta!
938 3117 1022 3170 cui
1059 3132 1257 3173 nomen
1303 3118 1565 3180 dedisset,
1604 3133 1701 3187 par
1735 3116 1791 3172 in
1825 3118 1947 3171 aliis
1979 3127 2093 3173 stu-

509 3202 655 3256 dium
685 3206 972 3273 expetebat
1001 3229 1012 3262 :
1047 3219 1391 3263 cunctantem
1417 3218 1472 3264 et
1500 3224 1636 3279 pene
1666 3209 1930 3264 incertum
1961 3224 2090 3264 con-
2119 3237 2162 3292 ο

507 3293 614 3348 silii
650 3310 882 3351 cernens
918 3298 1207 3351 Paulinum
1242 3300 1488 3370 Tyrium,
1526 3301 1706 3354 missis
1739 3299 1935 3354 litteris
1967 3316 2088 3353 car-

509 3386 588 3453 pit
616 3386 712 3457 (b),
753 3390 966 3442 animos
1005 3390 1152 3453 facit,
1181 3399 1243 3443 ut
1280 3406 1397 3444 rem
1433 3391 1717 3446 ardentius
1748 3392 2095 3460 aggrediatur

508 3487 715 3531 monet.
740 3477 837 3531 Cui
864 3479 1098 3545 gessisse
1131 3494 1333 3533 morem
1361 3480 1620 3536 Paulinus
1642 3496 1706 3535 ex
1734 3482 1799 3536 iis
1827 3498 1947 3551 qua:
1970 3493 2094 3538 sunt

508 3576 801 3621 consecuta
828 3568 1275 3637 deprehenditur.

579 3656 634 3711 ὅ.
673 3654 831 3710 Gesta
875 3657 1163 3713 Alexandri
1208 3668 1391 3713 contra
1424 3660 1625 3714 Arium.
1671 3688 1743 3701 —
1784 3658 2092 3717 Secundum

508 3748 625 3804 haec
667 3748 996 3816 Alexander,
1050 3766 1173 3806 cum
1231 3766 1453 3807 rumore
1499 3753 1689 3807 nuntio
1740 3754 2095 3822 comperisset

510 3838 689 3893 nullas
717 3854 825 3892 nou
860 3838 1097 3903 fraudes,
1133 3840 1277 3894 trulla
1308 3857 1410 3895 non
1447 3842 1683 3897 artiﬁcia
1716 3844 1904 3897 Arium
1935 3844 2093 3899 adbi-

507 3930 673 3995 bere;
701 3931 976 3985 excubare
1006 3931 1057 3985 in
1087 3931 1204 3987 dies
1236 3932 1302 3985 ad
1329 3948 1521 3987 omnes
1566 3935 1772 3990 erroris
1800 3935 2091 4005 spargendi

508 4021 846 4087 occasiones,
889 4022 1177 4089 praesidum
1225 4030 1609 4076 extraneorum
1658 4023 1819 4079 fidem
1859 4034 2092 4089 tentare,

510 4118 730 4178 captare
764 4111 1230 4179 benevolentiam,
1280 4112 1395 4182 jam
1448 4115 1648 4170 multos
1692 4130 1813 4170 esse
1862 4127 1983 4171 astu
2039 4125 2092 4171 et

510 4201 635 4256 dolo
670 4202 905 4257 hominis
951 4204 1350 4259 circumventos
1380 4218 1394 4258 :
1428 4212 1486 4259 ut
1517 4206 1787 4276 grassanti
1827 4206 1970 4261 man
2000 4223 2093 4262 oc-

510 4302 791 4362 curreret,
833 4294 1094 4361 epistolas
1130 4295 1279 4349 misit
1305 4296 1369 4350 ad
1416 4296 1719 4365 permultos
1760 4296 1957 4366 ubique
1980 4308 2091 4354 ter-

512 4402 693 4440 rarum
724 4387 1006 4457 episcopos
1030 4430 1043 4454 ,
1082 4404 1216 4457 quas
1250 4389 1326 4442 ait
1357 4389 1691 4458 Epiphanius
1716 4391 1786 4461 (ε)
1833 4392 1902 4446 ad
1933 4407 2088 4447 suum

510 4494 682 4549 usque
723 4490 930 4549 tempus
956 4482 1331 4536 studiosorum
1380 4496 1511 4536 cura
1546 4493 1886 4550 asservntas,
1921 4496 1978 4538 ut
2020 4486 2088 4541 iis

2193 2027 2357 2073 tatem
2390 2018 2777 2085 redintegrare.
2816 2017 2884 2069 At
2921 2016 3099 2070 induci
3127 2030 3232 2070 non
3261 2016 3435 2084 potuit
3458 2015 3769 2069 Alexander

2190 2118 2250 2165 ut
2280 2108 2413 2163 tanti
2446 2108 2713 2162 artificem
2746 2106 2896 2172 mali,
2926 2107 3156 2161 necdum
3184 2115 3472 2175 pertaesum
3498 2120 3562 2159 ac
3593 2105 3768 2173 posui-

2195 2209 2392 2257 tentem
2438 2199 2727 2262 factorum,
2774 2198 2827 2251 in
2878 2197 3167 2266 pristinum
3208 2196 3386 2251 locum
3431 2197 3765 2250 restitueret.

2192 2293 2323 2347 Erat
2361 2306 2426 2345 eo
2457 2300 2698 2357 tempore
2730 2289 3060 2343 Athanasius
3095 2297 3279 2343 noster
3324 2288 3580 2357 episcopo
3612 2286 3769 2340 fami-

2193 2384 2517 2439 liarissimus
2539 2400 2554 2448 ;
2575 2383 2665 2453 qui
2692 2397 2811 2437 cum
2841 2382 2906 2435 ad
2929 2379 3234 2449 huiusmodi
3264 2380 3398 2436 bella
3425 2380 3767 2435 conﬁcienda

2193 2478 2375 2532 divino
2413 2478 2642 2546 quodam
2694 2473 2924 2529 consilio
2958 2481 3113 2527 natus
3146 2486 3274 2527 esse
3309 2472 3604 2533 videretur,
3650 2472 3763 2539 jam

2192 2583 2313 2622 cum
2350 2567 2605 2637 episcopo
2644 2580 2763 2630 suo,
2797 2563 3235 2631 conspirantibus
3266 2562 3487 2629 animis,
3534 2563 3769 2616 arcendo

2192 2659 2574 2714 haareticorum
2624 2656 2843 2725 impetui
2889 2656 3049 2709 dabat
3086 2670 3329 2724 operam.
3382 2654 3494 2709 Nec
3533 2653 3771 2722 fugiebat

2191 2749 2421 2803 Arianos
2463 2748 2817 2802 Athanasium
2853 2762 2881 2799 a
2918 2745 3163 2801 consiliis
3207 2745 3535 2807 Alexandro,
3585 2751 3768 2796 aucto-

2193 2857 2417 2909 remque
2457 2855 2577 2895 esse
2614 2839 2839 2908 negandi
2870 2838 3001 2891 Ario
3043 2836 3219 2890 aditus
3250 2834 3342 2907 (e).
3391 2834 3572 2901 Quare
3618 2849 3770 2889 acer-

2196 2932 2333 2984 rimo
2366 2931 2421 2983 in
2456 2944 2577 2983 eum
2627 2929 2752 2983 odio
2784 2928 3028 2992 incensi,
3065 2925 3315 2981 exsilium
3375 2934 3565 2992 postea
3607 2931 3771 2992 atque

2195 3021 2489 3092 perniciem
2534 3020 2632 3089 ipsi
2662 3034 2767 3073 non
2806 3017 2977 3072 semel
3024 3015 3320 3071 machinati
3352 3025 3498 3070 sunt.

2262 3113 2412 3166 Anno
2448 3124 2701 3165 CIRCITER
2741 3107 2869 3163 525.
2912 3135 2984 3147 -—-
3036 3105 3089 3160 l.
3126 3105 3283 3159 Arius
3323 3115 3371 3157 et
3406 3104 3621 3157 asserta:
3654 3104 3773 3157 mit-

2195 3210 2308 3254 tunt
2348 3200 2416 3253 ad
2450 3199 2809 3253 Alexandrum
2845 3198 3071 3254 litteras.
3119 3197 3324 3251 THALIA
3372 3194 3509 3249 Arii.
3538 3223 3607 3236 η
3640 3196 3771 3249 Dum

2200 3294 2527 3349 Nicomedia!
2556 3309 2678 3347 cum
2730 3291 2962 3344 Eusebio
3008 3290 3119 3361 agit
3146 3288 3329 3355 Arius,
3366 3304 3488 3343 cum
3527 3302 3625 3358 per
3660 3286 3774 3353 ejus

2197 3384 2423 3455 gratiam
2473 3394 2527 3438 et
2572 3381 2933 3452 patrocinium
2970 3380 3179 3461 liceret,
3227 3379 3506 3435 erroribus
3554 3379 3775 3433 liberius

2199 3475 2518 3546 spargendis
2572 3475 2834 3538 vacabat;
2904 3482 3068 3542 atque
3124 3471 3434 3526 Alexandro
3492 3469 3774 3538 epistolam

2197 3569 2346 3624 misit
2389 3584 2489 3624 suo
2538 3581 2874 3636 suorumque
2911 3567 3130 3621 nomine
3181 3568 3358 3619 datam
3391 3563 3481 3634 (Γ),
3518 3578 3624 3633 qua
3669 3577 3775 3617 non

2199 3662 2359 3716 modo
2385 3660 2718 3730 impietatem
2751 3659 2945 3712 nudam
2981 3672 3046 3711 ac
3084 3656 3230 3711 nullo
3255 3657 3531 3710 deliuitam
3579 3656 3771 3708 verbo-

2198 3769 2314 3807 rum
2369 3752 2552 3807 colore
2603 3751 2885 3820 aperiunt,
2946 3765 3133 3805 verum
3190 3749 3355 3805 etiam
3405 3763 3463 3803 se
3510 3746 3773 3815 ejusmodi

2200 3845 2363 3899 verba
2390 3844 2458 3898 ab
2489 3844 2608 3913 ipso
2640 3842 2951 3897 Alexandro
2976 3841 3148 3895 media
3184 3841 3235 3894 in
3259 3840 3487 3895 ecclesia
3522 3839 3777 3909 loquente

2197 3919 2477 4008 accepisse
2510 3936 2871 3991 mentiuntur.
2908 3933 3047 3988 lluic
3088 3949 3254 4004 porro
3297 3933 3542 4002 epistola:
3581 3931 3777 3988 suffra-

2200 4030 2285 4099 gia
2320 4030 2685 4096 ascripserunt
2735 4026 2922 4079 Ariani
2958 4025 3297 4093 complures,
3350 4024 3457 4078 imo
3509 4025 3615 4079 duo
3661 4024 3776 4093 epi-

2200 4121 2348 4190 scopi
2390 4121 2532 4190 apud
2583 4118 2965 4187 Epiphanium,
3008 4116 3291 4171 Secundus
3336 4117 3545 4171 scilicet
3593 4114 3772 4171 Ptole-

2200 4212 2395 4265 maidis
2445 4218 2501 4265 et
2534 4208 2787 4264 Theonas
2831 4207 3203 4263 Marmarices.
3262 4206 3408 4273 Quos
3452 4217 3629 4261 tamen
3686 4208 3772 4261 vix

2200 4304 2543 4358 existimetur
2584 4310 2697 4356 tum
2732 4299 3056 4355 Nicomedia:
3089 4298 3336 4369 degisse;
3385 4301 3480 4353 sed
3529 4313 3659 4353 vero
3696 4300 3774 4353 si-

2202 4395 2381 4449 milius
2408 4403 2492 4449 est
2520 4401 2707 4447 nactos
2739 4391 2883 4444 illam
2929 4391 3236 4461 epistolam,
3277 4402 3564 4460 postquam
3612 4391 3775 4443 missa

2203 4484 2328 4550 fuit,
2383 4483 2645 4537 muniisse
2701 4481 3099 4550 subscriptione
3157 4496 3250 4535 sua
3305 4479 3401 4551 ly).
3449 4479 3776 4535 Nicomedia:

514 4583 599 4623 res
646 4569 721 4623 uti
776 4580 939 4638 gestae
990 4570 1231 4625 fuissent'
1274 4573 1544 4640 aperiret,
1592 4584 1756 4644 atque
1812 4590 1918 4628 una
1978 4576 2089 4630 Arii
2125 4595 2169 4648 ι)
2200 4579 2329 4632 item
2360 4578 2521 4632 Arius
2563 4574 2960 4630 exsecrandum
2991 4588 3125 4644 opus
3151 4574 3336 4635 edidit,
3368 4572 3506 4642 quod
3534 4569 3775 4624 Thaliam

511 4657 757 4719 fraudem
797 4672 853 4716 et
881 4661 1236 4729 impietatem.
1287 4662 1657 4718 Mcmorantur
1684 4665 1752 4719 ab
1790 4665 2091 4735 Epiphanio

512 4753 708 4820 quibus
758 4753 1066 4819 liujusmodi
1117 4754 1358 4825 epistolas
1408 4757 1589 4812 missae
1621 4768 1771 4823 sunt,
1823 4758 2092 4813 Eusebius

513 4842 765 4897 nimirum
817 4842 1210 4912 Caesariensis,
1263 4845 1532 4901 Macarius
1565 4847 2090 4919 .lerosolymitanus,

511 4931 795 5001 Asclepios
824 4948 918 4986 seu
956 4934 1216 5003 Asclepas
1243 4935 1529 5003 Gazensis,
1561 4937 1839 5007 Longinus
1868 4938 2093 4994 Asculo-

513 5027 718 5089 nensis,
755 5025 1027 5082 Macrinus
1059 5026 1422 5095 .lamniensis,
1468 5030 1615 5085 Zeno
1656 5032 1879 5100 quidam
1926 5047 2092 5085 senex

513 5119 674 5173 homo
720 5117 950 5188 Tyrius,
1009 5136 1117 5174 non
1172 5122 1385 5189 quidem
1437 5124 1723 5192 episcopus
1772 5123 1936 5192 Tyri;
1994 5124 2092 5177 nisi

514 5206 748 5268 fortasse
780 5210 933 5263 senio
964 5210 1269 5277 confectus,
1296 5212 1611 5282 fractusque
1635 5215 1860 5278 viribus,
1902 5214 2097 5268 munus

510 5302 818 5370 i-pittcopale
860 5301 1083 5359 Paulino
1124 5304 1400 5359 detulerit.
1436 5305 1725 5359 Alexandri
1774 5304 1966 5358 litteris
1994 5318 2087 5357 ac-

510 5395 685 5459 ceptis
724 5395 1002 5465 praesules,
1047 5405 1107 5450 ut
1156 5396 1419 5465 cujusque
1467 5396 1675 5451 ferebat
1718 5394 1953 5459 animus,
2006 5409 2093 5449 re-

512 5487 768 5561 sponium
794 5488 1018 5556 dedere,
1051 5489 1167 5556 alii,
1206 5489 1590 5546 commissuros
1617 5502 1675 5543 se
1712 5501 1995 5556 nunquam
2032 5496 2092 5544 ut

586 5650 665 5764 (αξ
692 5651 868 5720 Epist.
890 5652 1217 5718 Alexandri;
1244 5652 1483 5713 δορί-αξη
1517 5648 1551 5701 l.
1575 5663 1589 5701 ι
1621 5687 1637 5717 ,
1658 5662 1709 5702 c.
1734 5647 1787 5704 6.

588 5720 638 5764 (Ι)
688 5721 994 5764 Thpmlnrnl
1055 5724 1084 5764 I,
1124 5738 1154 5764 l,
1188 5740 1233 5764 n,
1269 5721 1320 5764 6-

588 5720 662 5790 (b)
688 5721 1001 5777 Theodoret
1055 5724 1089 5776 Ι.
1124 5738 1160 5787 ι,
1188 5740 1237 5776 c.
1269 5721 1321 5775 6.

694 5790 959 5861 Epiphan.
991 5794 1121 5847 liter.
1148 5784 1297 5846 nix.

593 5862 672 5927 (tl)
700 5861 965 5932 Epiphan.
999 5866 1127 5919 lliBl'.
1165 5877 1312 5915 thx.

2200 4668 2498 4738 inscripsit,
2528 4668 2616 4722 ubi
2644 4667 2896 4721 Sotadem
2931 4666 3198 4736 impurum
3226 4675 3438 4736 poetam
3462 4663 3776 4736 {Egyptium

2202 4764 2473 4827 imitatus,
2500 4758 2819 4814 effeminatis
2855 4758 3178 4827 quibusdam
3218 4772 3282 4812 ac
3320 4756 3563 4811 ridiculis
3607 4756 3778 4810 modis

2199 4854 2467 4923 penitiora
2495 4852 2823 4907 Christiana:
2857 4850 3133 4921 religionis
3157 4865 3357 4905 arcana
3387 4849 3662 4915 versabat,
3690 4848 3777 4901 ad-

2198 4946 2359 4999 ini-sto
2381 4959 2625 4998 errorum
2658 4957 2882 4997 veneno.
2924 4942 3034 4997 Nec
3062 4950 3225 4997 tanta:
3281 4943 3354 4997 rei
3385 4939 3621 5009 dignitas
3650 4940 3779 4993 ade«

2202 5037 2298 5089 mit
2341 5050 2544 5090 vesano
2574 5034 2783 5088 homini
2820 5034 3037 5103 jocandi
3080 5034 3377 5089 libidinem.
3422 5032 3595 5102 llujus
3637 5046 3777 5101 sazpe

2202 5127 2321 5180 lihri
2367 5125 2505 5196 apud
2533 5125 2907 5193 Athanasium
2940 5127 3140 5181 mentio
3180 5134 3296 5191 est,
3345 5125 3687 5203 potissimum
3721 5126 3775 5180 in

2207 5218 2442 5287 lz‘pistola
2475 5218 2538 5272 de
2578 5218 2813 5287 synodis,
2849 5220 2936 5272 ubi
2974 5234 3072 5273 nec
3101 5218 3368 5271 modicam
3402 5215 3603 5273 Thalia:
3650 5232 3778 5287 par—

2200 5318 2307 5361 tem
2360 5310 2663 5376 inspectare
2715 5308 2856 5361 licet.
2886 5308 2966 5362 Ad
3015 5308 3127 5361 haec
3161 5306 3261 5379 (Ιι),
3314 5307 3525 5361 cantica
3578 5309 3778 5376 nautis,

2202 5398 2564 5467 pistrinariis,
2595 5399 2893 5454 viatoribus
2936 5398 3299 5467 conscripsit,
3346 5397 3512 5451 certis
3558 5402 3783 5452 concin-

2204 5499 2328 5545 nata
2356 5489 2610 5559 modulis,
2637 5490 2835 5559 quibus
2871 5489 3014 5561 vulgi
3052 5486 3251 5546 animis
3278 5488 3503 5545 insidias
3534 5490 3777 5559 parabat,

2273 5646 2344 5716 (e)
2374 5648 2576 5702 Athan.
2606 5645 2761 5716 Apol.
2802 5658 2987 5701 contra
3012 5646 3224 5709 Arium,
3251 5661 3316 5716 _n.
3348 5644 3401 5700 6.

2271 5711 2342 5787 (fl
2372 5711 2797 5786 Epiphan.'hmr.
2824 5731 2985 5782 thx;
3011 5717 3209 5775 Athan.
3240 5713 3316 5769 De
3338 5714 3573 5786 synodis,
3608 5730 3664 5773 n.
3695 5711 3776 5767 l0.

2272 5794 2345 5857 lg)
2378 5789 2575 5857 Athan.
2608 5787 2681 5839 De
2708 5787 2941 5857 synodis.

2272 5805 2345 5909 εἴ)
2378 5805 2575 5867 Atuau.
2608 5805 2681 5839 ue
2708 5805 2941 5854 synoats.

2270 5860 2345 5929 (ι)
2378 5856 2701 5924 l’lnlostorg.
2733 5856 2767 5910 I.
2794 5869 2856 5925 tt,
2890 5872 2941 5910 ιι.
2975 5854 3031 5909 2.
