3998 6516
1532 373 1694 429 VITA
1735 374 1795 430 S.
1838 372 2231 429 ATHANASII.

3416 383 3520 430 ιιν

180 502 214 544 ιιι
235 504 309 561 per
340 502 579 551 cantus
632 502 1027 555 suavitatem
1077 499 1269 552 hausta
1304 508 1512 549 sensim
1553 493 1830 564 impietate
1857 502 1907 558 Α
1937 500 2100 562 atque
2131 492 2259 547 hinc
2283 491 2542 560 deinceps
2566 490 2820 555 Arianos,
2851 488 3243 556 Eunomianos,
3272 486 3521 544 Macedo-

179 584 411 639 Vﬂbomm
433 626 451 648 .
485 587 577 641 ad
612 603 799 644 suas
838 598 1036 660 partes
1071 584 1428 642 conﬂuerent.
1476 583 1541 638 Et
1573 596 1724 646 sane,
1764 592 1828 636 ut

180 678 249 733 levi
275 687 592 733 momento
651 681 1077 736 multitudinis
1123 678 1288 734 animi
1319 676 1615 739 ducuntur,
1642 672 1830 739 hujus-

182 769 281 823 modi
299 768 607 838 iocularia
642 770 832 825 dicta
877 785 989 825 non
1024 770 1216 839 paucis
1242 766 1411 821 exitio
1437 763 1675 819 fuerunt.
1702 762 1831 816 Car-

182 862 236 931 pit
262 860 627 916 Athanasius
672 862 954 917 Arianos
986 860 1060 932 (ο)
1094 861 1235 930 quod
1286 854 1552 927 ejusmodi
1606 862 1826 908 cantum

184 954 283 1008 inter
314 952 535 1022 pocula
579 961 653 1007 et
706 953 979 1023 tripudia
1014 953 1258 1007 ederent.

176 1042 182 1051 ’
231 1047 277 1102 2.
301 1047 473 1101 Arius
530 1047 659 1101 sibi
710 1046 1116 1102 Constantiam
1148 1042 1418 1098 conciliat.
1475 1069 1545 1080 —-
1576 1036 1828 1109 Ejusdem

186 1139 370 1194 Eusebii
432 1135 960 1192 Nicomediensis
1014 1149 1207 1205 opera,
1265 1130 1529 1195 consilio,
1579 1128 1828 1190 artibus.

190 1229 507 1286 Constantia:
586 1227 884 1283 favorem
963 1236 1019 1282 et
1096 1226 1325 1296 gratiam
1401 1222 1507 1277 sibi
1574 1217 1831 1276 conciliat

197 1324 325 1378 Arius
341 1321 628 1393 (b):qu:2
680 1335 785 1374 res
829 1320 995 1390 origo
1033 1318 1295 1372 malorum
1335 1313 1459 1381 fuit,
1502 1321 1563 1367 ut
1606 1309 1831 1365 inferius

194 1424 447 1469 narratur.
502 1411 821 1466 Eusebius
881 1420 1093 1472 autem,
1136 1408 1225 1463 cui
1272 1422 1381 1461 una
1415 1403 1634 1459 fovendi
1668 1401 1831 1455 Aria-

194 1504 333 1560 nismi
358 1518 499 1559 cura
531 1512 701 1566 erat,
739 1500 1052 1572 periniquo
1085 1499 1290 1564 ferens,
1322 1495 1692 1550 Alexandrum
1723 1504 1830 1545 non

193 1597 322 1661 suis,
374 1607 487 1648 non
538 1608 809 1649 suorum
869 1591 1077 1646 litteris
1130 1604 1160 1643 a
1213 1586 1495 1659 proposito
1542 1580 1829 1647 dimoveri,

194 1688 449 1759 synodum
486 1701 632 1741 cum
694 1685 918 1740 suisin
975 1681 1229 1753 Bithynia
1280 1678 1543 1735 celebrat.
1576 1674 1683 1743 Qui
1725 1687 1830 1727 una

194 1780 380 1844 coacti,
410 1778 622 1833 missis
654 1779 1052 1846 undequaqne
1092 1787 1187 1843 per
1215 1772 1405 1827 orbem
1447 1769 1672 1832 litteris,
1714 1766 1831 1836 epi-

1933 584 2161 649 nianos,
2216 582 2343 648 tela,
2397 583 2593 652 quibus
2648 596 2867 637 errores
2921 589 3346 651 propugnarent,
3401 594 3521 635 esse

1935 684 2226 730 mutuatos.
2272 675 2434 731 Hisce
2478 673 2757 729 vertendis
2799 671 3175 727 rebus‘multze
3225 685 3323 741 per
3351 670 3491 740 ὣς]

1938 776 2086 835 ptum
2125 768 2315 838 synodi
2341 776 2545 822 (-oactze
2571 765 2721 821 fuere
2750 764 2822 836 (ε)
2854 784 2868 819 :
2905 774 3134 833 quarum
3164 763 3298 818 Acta
3322 763 3523 833 episto-

1934 857 2108 927 laaque
2136 859 2413 929 synodicae
2444 857 2640 926 injuria
2678 868 2980 927 temporum
3011 854 3358 910 interierunt.

1999 950 2057 1004 4.
2091 949 2411 1005 Arianorum
2450 949 2730 1019 principes.
2761 977 2832 989 —
2857 947 3048 1017 Opera:
3080 954 3257 1001 autem
3289 946 3520 1016 pretium

1935 1043 2120 1107 fuerit,
2150 1044 2463 1113 priusquam
2528 1041 2734 1110 majora
2794 1040 3169 1113 ingrediamur
3195 1038 3521 1094 Arianorum

1935 1135 2401 1201 machinamenta,
2434 1143 2600 1189 sectae
2644 1132 2918 1204 principes
2946 1145 3290 1186 enumerare.
3320 1129 3419 1197 Qui
3452 1130 3521 1183 ab

1933 1220 2122 1281 exortu
2156 1225 2424 1296 pestiferze
2467 1225 2730 1280 doctrina:
2772 1239 2967 1279 nomen
3015 1224 3239 1287 dedere,
3284 1222 3337 1276 hi
3389 1229 3527 1276 teste

1934 1318 2231 1373 Athanasio
2277 1317 2347 1388 (Ῑ)
2381 1318 2545 1381 sunt,
2606 1316 2869 1372 Eusebius
2905 1313 3377 1376 Nicomediensis,
3423 1312 3527 1367 Eu-
3564 1314 3580 1330 '

1934 1411 2119 1466 schius
2166 1409 2556 1475 Caesariensis,
2598 1408 2886 1463 Narcissus
2924 1406 3267 1471 Neroniadis,
3320 1405 3518 1459 Patro-

1936 1504 2112 1574 philus
2147 1501 2653 1575 Scythopolitanus,
2684 1500 2849 1554 Maris
2875 1496 3355 1558 Chalcedonensis,
3387 1494 3526 1549 Pau-

1936 1595 2078 1652 linus
2122 1594 2344 1666 Tyrius,
2400 1593 2718 1650 Theodoms
2771 1591 3153 1653 Laodicenus,
3195 1586 3527 1643 Athanasius

1936 1688 2359 1753 Anazarbensis,
2388 1685 2656 1756 Georgius
2688 1683 2996 1755 presbyter.
3028 1680 3121 1736 Isti
3152 1696 3256 1735 non
3279 1679 3522 1734 consiliis

1942 1779 2100 1833 modo
2121 1788 2177 1833 et
2202 1793 2364 1848 opera
2394 1777 2488 1833 sed
2535 1776 2698 1833 etiam
2731 1773 2950 1844 scriptis
2980 1771 3115 1836 suis,
3163 1770 3430 1824 ﬁrmando
3464 1783 3528 1822 ac

191 1872 362 1942 scepis
381 1870 649 1925 Arianos
673 1880 743 1924 ut
767 1869 920 1940 frugi
954 1866 1222 1929 homines,
1239 1864 1504 1918 Arianam
1528 1860 1831 1915 doctrinam

1947 1846 2311 1943 promovendo
2349 1870 2529 1927 errori
2575 1868 2967 1940 advigilabant.
3017 1863 3134 1920 Non
3174 1860 3429 1932 estquod
3460 1860 3527 1913 de

138 2042 141 2043 ν
190 1974 243 2019 ut
276 1965 463 2033 piam,
496 1971 566 2016 ut
612 1977 828 2016 sanam
867 1957 1245 2013 venditabant.
1290 1953 1578 2023 negabant
1621 1948 1829 2005 admitti

190 2057 331 2111 viros
357 2055 427 2108 ad
461 2050 913 2108 communionis
944 2048 1288 2109 societatem,
1321 2045 1404 2116 agi
1432 2044 1573 2114 apud
1598 2043 1833 2098 Alexan-

190 2150 363 2212 drum,
396 2156 460 2201 ut
493 2160 572 2201 ne
606 2144 767 2199 ultra
802 2157 906 2197 eos
938 2140 1333 2196 intercluderet
1378 2136 1529 2190 aditu
1574 2136 1835 2191 ecclesia-

189 2256 330 2295 rum.
377 2239 495 2294 Sed
531 2235 688 2292 nihil
743 2236 853 2289 hac
886 2233 978 2285 via
1032 2238 1087 2285 et
1122 2230 1335 2283 ratione
1369 2224 1666 2297 perfectum
1703 2235 1788 2281 est
1819 2248 1831 2282 :

193 2346 366 2402 neque
391 2329 553 2385 enim
586 2328 642 2383 is
671 2334 810 2382 erat
833 2323 1170 2387 Alexander,
1195 2336 1224 2375 a
1251 2335 1357 2391 quo
1382 2319 1592 2374 crebris
1614 2319 1831 2383 litteris,

193 2424 485 2493 precibus,
528 2416 1093 2481 obsecrationibus,
1142 2412 1424 2484 impetrari
1473 2411 1602 2481 quid
1655 2419 1837 2481 posset

194 2515 246 2569 in
279 2515 524 2584 gratiam
559 2510 1035 2581 perniciosorum
1060 2504 1360 2569 hominum,
1392 2502 1623 2572 pestium
1654 2502 1835 2570 reipu-

196 2608 350 2661 blica:
368 2605 759 2661 Christianae.
791 2598 916 2655 Sub
940 2601 1079 2662 haec,
1107 2596 1222 2650 Arii
1254 2597 1554 2666 postulatu,
1585 2603 1641 2649 et
1669 2608 1834 2664 Opera

198 2700 406 2754 Paulini
468 2697 683 2769 Tyrii,
726 2693 964 2750 Eusebii
1019 2690 1371 2746 Cresariensis
1427 2698 1485 2743 et
1539 2686 1834 2755 Patrophili

202 2789 685 2861 Scythopolitani,
722 2787 981 2859 synodus
1021 2784 1149 2838 item
1181 2784 1235 2837 in
1265 2780 1565 2864 :Pahestina
1600 2778 1835 2848 cogitur,

203 2885 252 2939 in
288 2901 394 2954 qua
454 2884 525 2939 de
553 2881 802 2937 Arianis
867 2878 939 2933 ad
996 2876 1435 2931 communionem
1482 2870 1835 2926 admittendis

206 2988 408 3032 actum.
462 2975 877 3046 lnopportune
928 2971 1126 3025 cecidit
1173 2966 1235 3024 ut
1276 2968 1365 3037 qui
1407 2967 1527 3021 aliis
1573 2974 1841 3035 praeerant

211 3069 586 3133 auctoritate,
650 3061 1017 3135 {eruditionis
1081 3060 1254 3123 fama,
1320 3055 1629 3125 eloquentia
1696 3067 1825 3122 erga

214 3161 447 3215 Arianos
475 3159 779 3213 voluntate
822 3152 1089 3225 propensi
1134 3159 1335 3207 essent.
1384 3149 1563 3216 Quare
1604 3146 1838 3200 Ariano-

217 3271 331 3309 rum
366 3254 631 3325 petitioni
666 3253 1070 3329 episcoporum
1108 3245 1365 3314 suffragia
1398 3246 1521 3299 data
1558 3251 1706 3305 sunt,
1729 3239 1840 3309 jus-

221 3351 295 3403 sis
323 3358 505 3405 tamen
538 3347 789 3409 additis,
824 3352 892 3399 ut
918 3350 1175 3412 parerent
1206 3339 1535 3399 Alexandro,
1564 3343 1619 3389 et
1644 3349 1842 3405 quant-

224 3444 453 3512 primum
488 3443 749 3510 aliquam
786 3436 946 3507 pacis
978 3433 1225 3488 ineunda:
1264 3432 1407 3485 viam
1443 3439 1737 3485 tentarent.

290 3535 347 3589 3.
392 3535 659 3603 Epistolis
678 3528 1019 3585 Alexandri.
1050 3551 1121 3566 --
1149 3526 1297 3581 Inter
1328 3525 1441 3578 haec
1469 3523 1582 3576 Arii
1609 3529 1847 3576 sectato-

234 3644 348 3682 rum
384 3627 717 3695 molimina,
761 3620 949 3678 nihilo
999 3619 1177 3675 secius
1230 3614 1560 3677 Alexander,
1616 3626 1847 3667 cernens

235 3738 393 3792 quam
433 3722 540 3777 sibi
573 3735 704 3774 cum
743 3715 927 3771 vafris
965 3722 1021 3767 et
1062 3710 1388 3767 turbulentis
1419 3706 1733 3763 hominibus
1759 3719 1848 3759 res

232 3824 392 3879 esset,
422 3810 774 3883 advigilabat
827 3820 1026 3863 eorum
1061 3802 1377 3873 frangendis
1404 3799 1646 3856 consiliis
1673 3809 1728 3853 et
1760 3812 1849 3851 ar-

237 3908 395 3961 tibus.
423 3904 790 3972 Tomumque
833 3899 955 3955 sive
988 3895 1273 3968 epistolam
1293 3933 1309 3955 ,
1338 3903 1400 3948 ut
1431 3901 1718 3964 putamus,
1750 3905 1844 3961 sy-

238 3999 483 4051 nodicam
522 4010 697 4062 supra
735 3977 1127 4056 memoratam,
1163 3986 1330 4040 variis
1364 4000 1459 4054 per
1488 3985 1680 4038 orbem
1709 3997 1851 4052 pra:-

242 4091 449 4146 sulibos
480 4089 672 4143 missis
709 4084 921 4140 litteris
958 4080 1223 4137 offerebat
1248 4074 1698 4132 subscribendum
1732 4072 1846 4145 (c).

242 4182 364 4249 Quo
413 4185 623 4238 factum
679 4189 744 4234 ut
792 4175 1053 4249 permulti
1105 4188 1174 4228 ex
1228 4171 1485 4242 Egypto,
1552 4167 1846 4242 Thebaide,

243 4274 443 4347 Libya,
474 4270 798 4343 Pentapoli,
836 4267 1028 4339 Syria,
1067 4264 1381 4336 Pamphylia
1404 4302 1421 4328 ,
1452 4263 1605 4325 Asia,
1639 4260 1851 4329 Cappa-

241 4368 396 4422 docia
434 4365 714 4438 episcopi,
758 4360 916 4433 pacis
954 4367 1008 4413 et
1061 4357 1366 4413 concordia:
1418 4355 1634 4409 litteras
1671 4354 1851 4406 mitte-

246 4471 366 4515 rent
388 4460 735 4524 Alexandro,
766 4455 967 4511 Arium
1010 4463 1064 4507 et
1093 4451 1268 4506 socios
1297 4459 1354 4504 ut
1390 4456 1629 4502 motuum
1661 4444 1853 4515 turbae

252 4568 485 4624 rumque
519 4561 787 4607 auctores
820 4546 1103 4603 traductos
1145 4541 1279 4597 diris
1328 4539 1679 4595 devoverent.
1727 4534 1852 4603 Epi-

248 4645 418 4701 stolas
459 4655 617 4701 certe
650 4640 977 4712 complures
1023 4635 1171 4691 dedit
1221 4642 1447 4689 sanctus
1486 4630 1579 4685 ille
1625 4626 1845 4699 praesul,

247 4752 482 4808 quarum
510 4737 635 4793 dua.-
665 4735 853 4790 solum
886 4729 954 4783 ad
993 4738 1176 4782 nostra
1209 4740 1382 4795 usque
1416 4732 1660 4791 tempora
1692 4721 1855 4773 deve-

254 4840 492 4885 nerunt:
529 4830 623 4882 illa
658 4826 880 4881 scilicet
923 4820 1204 4892 synodica,
1236 4827 1289 4872 et
1316 4817 1485 4871 altera
1524 4815 1590 4867 ad
1620 4812 1853 4865 Alexan-

252 4922 408 4975 drum
442 4918 839 4991 Byzantinum,
889 4910 1059 4966 multo
1092 4908 1371 4979 prolixior,
1411 4918 1513 4972 qua
1547 4916 1651 4955 non
1683 4897 1851 4953 semel

254 5014 341 5067 usi
380 5026 571 5067 sumus
620 5027 635 5063 :
694 5017 784 5063 est
824 5005 1031 5076 quippe
1083 5001 1243 5055 rebus
1292 4995 1759 5053 Colluthianorum
1801 5002 1855 5045 et

253 5107 582 5162 Arianorum
625 5098 959 5160 ordinandis
992 5110 1055 5150 ac
1095 5090 1409 5162 digerendis
1440 5082 1851 5157 percommoda.

257 5196 522 5265 Epistolas
572 5194 699 5250 illas
729 5184 1031 5247 Alexandri
1065 5181 1405 5253 septuaginta
1444 5190 1582 5247 pene
1625 5186 1854 5229 numero

245 5286 418 5349 fuisse
462 5297 663 5346 auctor
731 5292 823 5339 est
866 5276 1222 5349 Epiphanius.
1284 5270 1594 5340 Adjicitque
1657 5265 1857 5321 Socra-

243 5346 335 5453 jlcs
371 5380 473 5453 (ά),
531 5394 661 5450 quae
725 5375 801 5429 ab
866 5346 1178 5426 Alexandro
1205 5362 1287 5419 vel
1338 5360 1635 5416 Alexandri
1691 5373 1852 5414 causa

238 5438 572 5566 fceriscripta;
618 5465 890 5523 fuissent,
941 5458 997 5513 in
1024 5456 1273 5510 volumen
1325 5466 1489 5504 unum
1538 5457 1854 5520 compactas

665 5555 680 5566 Δ
736 5554 773 5565 σο
924 5562 971 5566 _-
1063 5548 1089 5566 In
1128 5545 1310 5566 --ΛΑ-ι-
1350 5543 1468 5566 Δ-ΞΑ
1496 5541 1549 5566 ἓ..
1587 5540 1845 5566 ..Ιιη-ιιηιο

214 5540 385 5647 "esse,
415 5569 470 5615 et
497 5573 628 5631 qua:
653 5554 777 5611 Arii
806 5562 1001 5616 causa,
1028 5548 1096 5602 ab
1124 5545 1314 5602 eodem
1339 5543 1471 5597 Ario
1496 5541 1551 5597 in
1585 5540 1847 5602 alterum;

1869 3210 1911 3266 C

310 5694 385 5767 (α)
426 5703 587 5767 urat.
628 5700 845 5767 contra.
869 5685 1054 5767 Arion.

306 5747 383 5836 ibi
417 5747 662 5821 liiermt.
698 5756 1234 5836 ad_Ctesiph0t_t_tem.
1262 5754 1489 5836 _Sozom_.
1536 5747 1572 5802 l-
1605 5764 1643 5813 ι,
1670 5762 1721 5836 c:
1763 5747 1850 5801 15.

304 5818 379 5909 ξε]
413 5818 693 5910 Epistula:
722 5818 1051 5886 Alexandri.
1083 5825 1421 5883 'l‘heodoret.
1456 5826 1492 5879 l.
1528 5837 1565 5888 t,
1605 5834 1654 5875 c.
1692 5818 1746 5873 4.

1932 1964 2165 2019 Eusebio
2193 1960 2598 2017 Nicomediensi
2632 1970 2846 2030 agatur,
2874 1958 2989 2027 qui,
3037 1956 3228 2025 utjam
3273 1969 3339 2008 ex
3378 1966 3529 2021 supe-

1934 2058 2045 2111 rius
2078 2054 2370 2111 recensitis
2415 2053 2760 2123 exploratum
2814 2059 2920 2116 est,
2958 2048 3002 2103 si
3048 2046 3178 2117 quid
3224 2043 3436 2116 gratim,
3479 2042 3525 2096 si

1934 2147 2063 2219 quid
2106 2146 2416 2217 potestatis.
2467 2145 2513 2199 si
2558 2144 2688 2213 quid
2740 2140 2985 2197 scientize
3027 2139 3228 2200 inerat,
3276 2134 3528 2190 fovendis

1936 2237 2156 2292 Arianis
2199 2235 2537 2291 conferebat.
2598 2232 2721 2288 lam
2769 2230 2838 2287 de
2890 2228 3079 2300 gentili
3127 2226 3249 2296 ejus
3288 2225 3527 2280 Eusebio

1932 2330 2274 2393 Caesariensi,
2304 2327 2393 2398 qui
2422 2336 2705 2397 postquam
2741 2323 2808 2378 ad
2854 2323 3113 2377 Arianam
3143 2318 3372 2374 descivit
3405 2317 3528 2388 opi-

1937 2423 2173 2486 nionem,
2228 2420 2370 2474 haud
2408 2418 2586 2473 semel
2647 2417 2699 2470 in
2761 2413 2978 2484 scriptis
3028 2411 3144 2467 suis
3173 2410 3288 2478 ejus
3319 2410 3526 2465 semina

1936 2513 2237 2582 conspersit
2266 2528 2279 2564 :
2310 2511 2377 2564 ad
2414 2506 2837 2578 Euphratiouem
2864 2504 3006 2559 enim
3042 2500 3291 2555 Balanere
3319 2499 3532 2570 episco-

1938 2619 2062 2674 pum
2090 2602 2423 2665 rescribens,
2444 2616 2561 2656 anon
2597 2599 2778 2653 timuit
2804 2597 2979 2664 palam
3008 2593 3228 2657 elfcrre,
3252 2591 3528 2647 Christum

1940 2710 2044 2749 non
2079 2709 2202 2749 esse
2226 2708 2418 2747 verum
2491 2692 2682 2746 Deum.
2736 2688 2907 2757 Hujus
2943 2701 3107 2756 porro
3138 2682 3380 2754 epistolae
3419 2686 3528 2741 Ira-

1938 2797 2216 2859 gmentum
2242 2793 2423 2840 exstat
2448 2785 2501 2837 in
2523 2783 2737 2837 actione
2764 2781 2953 2850 quinta
2980 2777 3171 2850 synodi
3206 2774 3436 2829 Nicaeum
3461 2787 3520 2832 tt.

1943 2882 2031 2935 ubi
2056 2888 2244 2950 aperte
2275 2879 2374 2942 ait,
2410 2891 2514 2929 non
2542 2892 2645 2929 una
2677 2874 2943 2928 exsistere
2965 2886 3087 2926 cum
3117 2868 3278 2922 Patre
3304 2865 3523 2923 Filium,

1940 2973 2032 3029 sed
2056 2970 2411 3042 esquatrem
2438 2976 2495 3022 et
2526 2967 2717 3022 ordine
2744 2973 2799 3019 et
2831 2965 3037 3017 honore
3067 2960 3304 3030 priorem
3338 2974 3352 3010 :
3386 2965 3443 3009 et
3472 2953 3529 3007 in

1940 3065 2151 3121 actione
2186 3071 2337 3117 sexta
2366 3061 2596 3115 habetur
2623 3058 2766 3110 aliud
2803 3056 3161 3123 fragmentum
3196 3065 3263 3104 ex
3287 3047 3533 3115 ejusdem

1938 3154 2171 3226 epistola
2198 3154 2262 3208 ad
2289 3152 2659 3205 Alexandrum
2686 3146 3135 3207 Alexandrinum,
3165 3142 3255 3196 ubi
3282 3141 3538 3209 blasphe-

1951 3261 2091 3300 mam
2130 3244 2274 3298 illam
2308 3242 2632 3295 Arianorum
2665 3236 2910 3291 vindicat
2940 3234 3274 3301 opinionem,
3310 3245 3414 3298 qua
3451 3229 3533 3282 di-

1948 3338 2145 3395 cebant
2190 3349 2311 3390 esse
2352 3332 2547 3386 Filium
2607 3344 2717 3383 rem
2771 3343 2802 3382 a
2838 3326 2999 3380 Patre
3057 3332 3322 3379 creatam.
3354 3320 3535 3387 Quare

1948 3438 2141 3497 vereor
2185 3435 2255 3476 ne
2297 3435 2479 3474 aerem
2510 3419 2802 3473 verberare
2849 3415 3161 3477 videantur,
3194 3412 3283 3482 qui
3328 3411 3395 3465 ab
3431 3410 3539 3463 hu-

1947 3514 2184 3585 jnsmodi
2217 3512 2438 3567 homine
2465 3511 2715 3565 nituntur
2737 3506 3033 3563 Arianismi
3061 3503 3423 3574 suspicionem
3455 3503 3541 3556 di-

1953 3622 2197 3663 movere.
2232 3604 2564 3661 Athanasius
2616 3612 2793 3656 autem
2829 3600 3230 3655 Anazarbensis
3252 3637 3267 3662 ,
3304 3597 3452 3652 clare
3486 3606 3541 3652 et

1951 3699 2085 3752 nihil
2150 3697 2471 3753 circuitione
2523 3709 2675 3755 usus,
2714 3675 3073 3760 impietatem
3135 3687 3535 3758 propugnahat,

1949 3807 2071 3847 cum
2133 3792 2356 3854 diceret,
2392 3802 2513 3843 esse
2564 3786 2761 3841 Filium
2819 3783 2909 3837 Dei
2967 3796 3130 3834 unam
3185 3795 3255 3833 ex
3314 3785 3537 3833 centum

1949 3882 2141 3943 ovibus
2172 3882 2223 3934 iu
2258 3878 2550 3949 Evangelio
2581 3875 2926 3937 memoratis,
2959 3881 3124 3942 atque
3159 3872 3299 3925 inter
3326 3869 3540 3937 opiticia

1952 3974 2246 4028 numerari.
2277 3970 2543 4037 Georgius
2571 3982 2721 4029 vero,
2753 3976 2863 4019 tum
2896 3965 3183 4033 presbyter
3208 3960 3541 4015 Alexandria

1954 4082 2074 4131 nus,
2122 4073 2245 4134 post
2296 4062 2635 4117 Laodicenus
2680 4058 2991 4127 episcopus,
3042 4063 3234 4122 strepte
3281 4059 3427 4106 metu
3485 4060 3545 4105 et

1952 4158 2197 4222 consilio,
2230 4170 2332 4210 nec
2358 4154 2425 4208 ad
2453 4153 2506 4208 id
2533 4151 2695 4206 cilicii
2720 4158 2999 4213 evocatus,
3024 4146 3143 4217 paci
3173 4145 3314 4198 inter
3337 4150 3544 4197 utram-

1953 4266 2057 4317 que
2110 4259 2317 4319 partem
2374 4244 2724 4301 conciliandae
2778 4238 3032 4296 simulate
3081 4237 3248 4291 dabat
3295 4248 3541 4303 operam,

1954 4341 2171 4396 Arianis
2222 4349 2404 4391 tamen
2459 4347 2561 4391 nec
2613 4334 2843 4388 obscure
2885 4328 3121 4385 deditus.
3181 4324 3289 4379 llic
3346 4321 3544 4377 litteris

1953 4433 2320 4488 Alexandrum
2349 4442 2574 4497 carpere
2601 4440 2787 4489 ausus,
2820 4436 2923 4476 non
2960 4428 3214 4488 oportere
3243 4415 3424 4471 aiebat
3456 4427 3546 4467 ar-

1956 4525 2043 4593 gui
2090 4522 2354 4584 Arianos,
2408 4518 2551 4588 quod
2608 4517 2856 4570 dicerent
2906 4512 3119 4565 Patrem
3175 4516 3302 4560 ante
3346 4503 3545 4558 Filium

1958 4616 2144 4669 fuisse.
2179 4613 2377 4666 Contra
2412 4624 2544 4661 vero
2588 4606 2831 4666 Arianis,
2860 4602 3013 4653 vafre
3058 4606 3111 4649 et
3158 4597 3225 4649 de
3268 4594 3542 4648 industria

1958 4709 2183 4765 ludens,
2219 4703 2469 4760 dicebat,
2505 4698 2622 4751 Non
2662 4693 2989 4764 culpandum
3027 4704 3145 4744 esse
3176 4686 3544 4741 Alexandrum

1957 4800 2099 4868 quod
2132 4810 2198 4848 ex
2242 4793 2405 4863 Patre
2435 4790 2629 4844 Filium
2674 4800 2793 4841 esse
2825 4784 3050 4845 diceret,
3084 4794 3205 4834 cum
3239 4791 3430 4830 omnes
3457 4790 3547 4844 pa-

1961 4889 2093 4943 riter
2119 4902 2206 4941 res
2236 4882 2466 4938 conditae
2498 4894 2562 4935 ex
2596 4878 2706 4932 Deo
2732 4878 2862 4930 sint.
2905 4871 3005 4927 Hic
3042 4880 3221 4925 autem
3254 4868 3547 4935 Georgius,

1962 4998 2121 5052 quem
2165 4976 2493 5032 Arianorum
2542 4970 2936 5042 nequissimum
2980 4972 3143 5019 vocat
3191 4959 3548 5023 Athanasius,

1964 5076 2032 5129 ah
2062 5069 2408 5134 Alexandro,
2457 5081 2579 5122 cum
2629 5062 2791 5118 studii
2827 5062 3151 5115 Arianarum
3193 5069 3395 5118 rerum,
3437 5062 3547 5105 tum

1962 5169 2216 5224 obscenae
2248 5160 2489 5217 libidinis
2515 5173 2677 5215 causa
2703 5156 2988 5211 abdicatus
3016 5152 3419 5217 damnatusque
3443 5153 3545 5197 est.

1967 5261 2159 5316 Postea
2201 5267 2379 5312 tamen
2429 5255 2497 5308 ab
2527 5249 2744 5307 Arianis
2787 5250 2840 5303 in
2882 5245 3188 5300 mercedem
3229 5236 3547 5307 impietatis,

1966 5368 2177 5409 necnon
2215 5357 2423 5404 navata”:
2448 5346 2550 5401 sibi
2586 5358 2785 5414 Operae,
2827 5347 3114 5409 cooptatus
3153 5344 3238 5389 est
3263 5330 3551 5400 episcOpus

1964 5445 2326 5500 Laodicenus.
2396 5438 2557 5495 Hisce
2612 5430 3057 5491 annumerandus
3110 5421 3403 5481 circulator
3462 5417 3551 5472 ille

1961 5536 2211 5594 Asterius
2236 5533 2507 5603 sophista,
2546 5530 2628 5584 vir
2648 5526 2865 5598 flagitiis
2890 5520 3226 5582 nobilitatus,
3254 5511 3421 5570 oblati
3448 5526 3549 5565 nu—

2036 5676 2113 5744 (ά)
2146 5686 2206 5726 ιλ.
2241 5687 2278 5736 ι,
2305 5685 2352 5726 c.
2380 5669 2437 5744 6.

2038 5736 2107 5812 (ej
2144 5745 2361 5796 Suzom.
2391 5741 2426 5812 l_.
2453 5753 2492 5805 ι,
2523 5753 2575 5792 c.

2142 5812 2220 5868 De
2249 5810 2485 5881 synodis,
2514 5823 2570 5862 ιι.
2607 5806 2692 5860 17.
