3998 6506
560 376 628 416 ιι
638 367 688 410 γι

1926 352 2458 411 PROLEGOMENA.

565 468 803 524 minibus
861 466 1139 537 gentilium
1205 467 1456 523 sacrificii
1514 482 1674 533 reus;
1727 466 1818 536 qni
1881 467 1983 520 sibi
2049 482 2144 520 sua
2175 469 2417 530 Asemel
2451 478 2573 521 cum
2602 464 2820 522 Arianis
2855 465 3079 531 foedere,
3123 465 3281 522 malis
3338 464 3595 524 Ecclesia:
3637 466 3832 527 catho.

566 561 915 626 auctoritate,
940 558 1088 614 nullo
1117 570 1344 615 ornatus
1376 558 1750 615 ecclesiastico
1773 558 1963 629 gradu,
1997 557 2149 612 Chri-

563 653 752 707 stianae
780 652 898 706 fidei
939 652 1295 721 praedicanda:
1327 662 1507 721 partes
1556 650 1888 704 vindicabat.
1932 649 2029 703 Hic
2062 661 2147 703 te-

564 746 817 798 meritate
854 754 909 798 et
944 745 1169 798 audacia
1223 754 1449 798 caeteros
1499 743 1657 813 longe
1708 751 1855 796 retro
1907 742 2148 812 reliquit.

565 835 851 890 Etiutiebat
890 836 1109 906 quippe,
1155 835 1297 890 haud
1356 850 1512 888 secus
1572 834 1664 888 Dei
1718 834 1974 887 virtutem
2028 848 2148 887 esse

566 928 757 983 Filium
788 945 948 999 quant
980 941 1205 983 caeteras
1236 929 1289 981 in
1338 925 1558 981 Litteris
1599 925 1772 981 sacris
1820 935 2149 980 memoratas

562 1020 826 1086 virtutes;
853 1028 909 1073 ut
938 1019 1170 1089 exempli
1205 1018 1404 1086 gratia,
1435 1017 1674 1072 bruchus
1703 1030 1759 1072 et
1784 1017 2015 1082 locusta,
2042 1033 2145 1071 non

561 1112 792 1167 virtutes
838 1114 1027 1176 modo,
1062 1114 1156 1167 sed
1188 1115 1423 1166 virtutes
1458 1126 1666 1181 magna:
1694 1110 2051 1182 appellantur.
2081 1109 2146 1164 lli

561 1205 749 1264 duces.
776 1208 826 1260 lti
870 1205 1109 1275 ntagistri
1141 1204 1491 1258 Arianorum.

631 1298 780 1352 ANNO
808 1297 932 1350 524.
964 1326 1036 1336 -
1072 1296 1123 1349 1.
1152 1293 1528 1349 Constantinus
1554 1296 1619 1349 de
1641 1293 1863 1348 dissidio
1892 1291 2148 1347 Orienta-

559 1384 689 1438 lium
719 1388 909 1441 certior
939 1386 1131 1456 factus.
1157 1413 1228 1423 —
1259 1384 1370 1438 Sub
1403 1382 1542 1450 haec,
1577 1382 1970 1437 Constantinus
2003 1380 2147 1434 Lici-

559 1479 649 1533 nio
678 1479 890 1533 devicto
913 1492 1101 1547 pacem
1132 1476 1249 1531 orbi
1285 1478 1540 1530 restituit.
1574 1476 1645 1529 At
1672 1491 1740 1529 ne
1768 1484 1929 1527 tantae
1960 1472 2142 1527 fructu

559 1569 803 1623 victoria:
850 1569 1151 1637 potiretur,
1205 1568 1408 1622 factum
1456 1564 1763 1635 reipublicae
1810 1563 2142 1619 Christiana:

559 1658 1009 1713 dissensionibus.
1033 1657 1255 1712 Audivit
1280 1658 1547 1727 siquidem
1588 1656 1918 1712 Orientalem
1949 1652 2141 1709 Eccle-

558 1748 699 1802 siam
733 1748 1005 1803 intestinis
1045 1748 1186 1804 odiis
1219 1760 1275 1805 et
1312 1749 1552 1804 dissidiis
1580 1746 1941 1817 conﬂagrare.
1980 1748 2141 1816 lnop~

2250 560 2366 615 lica:
2398 560 2696 615 inferendis
2722 561 3026 615 inhiabant.
3058 559 3327 614 Meletiani
3362 576 3525 630 porro
3552 570 3609 616 et
3643 560 3833 631 Ariani

2249 650 2471 705 altiores
2507 660 2798 721 posuerant
2832 651 3063 715 radices,
3109 665 3271 719 quam
3320 661 3378 704 ut
3432 649 3583 705 llosii
3636 658 3834 705 conatu

2249 750 2427 811 etope
2460 741 2685 797 convelli
2736 751 2993 811 possent;
3032 740 3342 811 frustraque
3390 743 3558 796 cessit
3587 757 3652 797 ea
3683 742 3737 795 in
3775 756 3836 796 re

2248 846 2412 900 opera
2438 830 2611 886 llosii.
2646 833 2847 887 Auctor
2882 843 2965 886 est
3010 831 3265 887 Socrates
3312 833 3413 902 (c),
3450 833 3696 887 ‘Hosiutn
3730 830 3833 884 Sa-

2249 922 2391 978 bellii
2418 924 2719 978 doctrinam
2760 934 3007 978 evertere
3035 924 3331 988 studuisse,
3366 939 3429 979 ac
3463 924 3531 979 de
3565 924 3835 977 substanv

2251 1015 2325 1069 tia
2356 1024 2411 1069 et
2441 1015 2719 1085 ltypostasi
2771 1016 3008 1087 agitasse
3046 1015 3421 1085 quaestionem.
3470 1014 3576 1069 Pro
3611 1022 3806 1069 contro

2248 1106 2425 1161 versia
2457 1116 2638 1160 autem
2670 1107 2737 1160 de
2766 1105 3031 1162 Paschate
3053 1107 3433 1174 componenda
3463 1106 3594 1176 quid
3644 1114 3824 1160 actun:

2247 1206 2303 1251 et
2332 1198 2610 1266 provisum
2639 1198 2733 1263 sit,
2763 1198 3063 1266 ignoratur.
3096 1195 3273 1252 Unum
3299 1205 3542 1259 constat,
3576 1209 3693 1249 rem
3731 1194 3821 1249 uti-

2248 1290 2397 1345 nime
2430 1291 2665 1345 cessisse
2707 1304 2773 1343 ex
2812 1285 3353 1352 Constantinivoto;
3411 1302 3533 1340 cum
3571 1300 3635 1341 ea
3679 1301 3823 1355 qum-

2248 1383 2354 1437 stio
2388 1382 2528 1436 inter
2560 1382 2860 1452 praecipuas
2890 1382 3144 1449 cogendae
3172 1378 3404 1432 Nicaeum
3452 1376 3653 1446 synodi
3704 1392 3823 1431 cau-

2247 1486 2334 1527 sas
2361 1482 2730 1527 enumeretur.
2777 1469 3118 1539 Quapropter
3165 1483 3224 1523 re
3278 1466 3479 1522 infecta
3531 1466 3733 1522 liosius
3759 1470 3818 1520 at

2247 1563 2661 1619 Constantinum
2703 1562 2987 1628 remigrat.
3034 1561 3087 1614 Id
3126 1569 3306 1615 tamen
3353 1558 3490 1614 lucri
3545 1558 3824 1615 catholicis

2249 1656 2412 1709 rebus
2462 1670 2529 1709 ex
2577 1653 2693 1723 ejus
2750 1654 2945 1708 itinere
2992 1652 3243 1717 accessit,
3310 1651 3454 1721 quod
3508 1653 3831 1721 imperator,

2249 1744 2414 1800 Hosio
2455 1756 2735 1808 narrante,
2769 1744 2837 1798 de
2863 1743 2977 1798 Arii
3008 1744 3282 1812 protervia
3312 1751 3366 1798 et
3398 1742 3678 1811 impietate
3710 1756 3834 1798 cer-

558 1851 790 1913 portune
818 1840 1014 1897 cecidit
1057 1845 1111 1899 in
1151 1842 1430 1897 catholica:
1475 1841 1551 1895 rei
1607 1840 1796 1909 ingens
1839 1839 2137 1894 detritnen-
2171 1818 2213 1874 Β
2248 1836 2354 1889 ιίοι·
2379 1833 2581 1898 factus,
2612 1849 2737 1889 eum
2769 1842 2953 1901 postea
2985 1832 3173 1888 oborti
3199 1832 3408 1888 dissidii
3432 1831 3686 1887 habuerit
3736 1846 3836 1888 aus

559 1944 696 1998 tum,
729 1941 786 1988 ut
827 1935 1055 1989 Eusebio
1100 1934 1496 1989 Nicomediensi
1547 1940 1807 1987 narrante
1850 1930 1915 1985 de
1960 1946 2138 1986 rerum

556 2027 1049 2082 ecclesiasticarum
1101 2026 1414 2080 conditione
1472 2023 1629 2079 fieret
1685 2023 1909 2078 certior.
1968 2024 2138 2091 Quam

557 2132 671 2171 rem
718 2133 821 2171 non
878 2118 1183 2185 cujuspiam
1220 2117 1506 2185 scriptoris
1565 2114 1883 2169 testimonio
1930 2114 2139 2183 accipi-

556 2220 712 2271 mus;
744 2206 839 2259 sed
874 2219 939 2259 ex
959 2220 1023 2259 eo
1040 2204 1206 2275 probe
1238 2204 1548 2273 conjectare
1574 2204 1879 2273 licet,quod
1911 2204 1963 2258 in
1984 2202 2143 2257 Nico-

554 2299 755 2363 media,
788 2297 1007 2352 Eusebii
1038 2300 1190 2363 sede,
1227 2298 1438 2353 litteras
1470 2314 1593 2352 mox
1626 2296 2009 2352 memorandas
2040 2298 2137 2349 de-

555 2387 698 2440 derit
746 2386 1065 2457 imperator,
1103 2389 1169 2441 ad
1216 2403 1375 2457 quem
1423 2387 1701 2456 perfacilis
1734 2396 1855 2441 erat
1908 2386 2137 2442 Eusebio

554 2478 773 2545 aditus,
808 2495 930 2532 cum
986 2478 1264 2547 dignitatis
1319 2477 1665 2549 ingeniique,
1697 2487 1810 2533 tum
1861 2476 2140 2531 aﬂinitatis

555 2585 744 2626 causa.
805 2568 1098 2624 Veterator
1158 2570 1322 2639 igitur
1380 2572 1541 2625 homo
1594 2579 1761 2624 totam
1821 2568 2137 2623 obortaruat

553 2662 915 2731 quaestionum
951 2660 1206 2715 invidiam
1240 2661 1293 2715 in
1336 2662 1703 2716 Alexandrum
1731 2658 1979 2715 conferre
2012 2660 2139 2715 niti-

555 2761 664 2818 tur,
708 2763 763 2807 et
811 2751 1173 2808 Constantino
1212 2764 1402 2808 auctor
1440 2753 1607 2809 fuisse
1664 2763 1887 2823 putatur
1934 2755 2034 2825 (a),
2081 2764 2141 2810 ut

551 2843 865 2901 Alexandro
919 2844 1075 2915 juxta
1138 2854 1303 2915 atque
1360 2845 1490 2901 Ario
1563 2845 1777 2902 litteras
1836 2849 2137 2913 scriberet,

554 2937 822 2992 hactenus
854 2937 905 2990 in
944 2937 1161 2992 Eusebii
1200 2935 1438 2991 Historia
1473 2941 1818 3009 superstites,
1854 2940 1908 2993 itt
1944 2938 2138 3007 quibus

554 3030 827 3085 vafritiem
885 3030 1101 3085 Eusebii
1147 3041 1203 3085 et
1246 3033 1470 3101 ptobam
1522 3032 1865 3104 imperatoris
1900 3040 2135 3086 mentem

2246 1936 2451 1981 ctoretn
2480 1936 2534 1979 ct
2564 1925 2995 1993 antesignanum.

2316 2042 2367 2095 5.
2400 2039 2589 2092 Ariani
2627 2037 2964 2092 Constantini
2998 2049 3204 2093 statuas
3248 2037 3510 2107 lapidibus
3542 2048 3825 2107 impetum.

2243 2163 2313 2173 —
2340 2131 2532 2187 Ariani
2574 2146 2704 2185 vero
2750 2139 2803 2184 et
2845 2129 3114 2184 Melctiani
3171 2146 3233 2185 ex
3287 2130 3448 2186 rebus
3493 2132 3832 2201 improspere

2245 2226 2413 2295 gestis
2447 2224 2499 2278 in
2542 2223 2780 2278 furorem
2813 2233 2869 2276 et
2901 2223 3331 2291 desperationem
3378 2223 3508 2287 acti,
3552 2222 3830 2278 Constan-

2244 2318 2341 2372 tini
2388 2325 2599 2372 statuas
2634 2314 2872 2371 ferocius
2918 2314 3183 2386 aggressi.
3229 2314 3393 2385 jactis
3426 2315 3700 2384 lapidibus
3730 2315 3829 2369 de-

2244 2406 2482 2463 formare
2528 2407 2646 2462 ausi
2700 2416 2847 2463 sunt.
2892 2406 3026 2473 Quae
3076 2407 3145 2461 ad
3191 2408 3581 2478 imperatorem
3625 2407 3830 2471 delata,

2245 2497 2675 2553 misericordiam
2736 2497 2853 2567 ejus
2890 2496 3063 2565 magis
3114 2511 3333 2550 movere
3396 2511 3559 2566 quam
3616 2496 3836 2553 iracun-

2243 2591 2413 2655 diam,
2440 2600 2498 2645 ut
2522 2589 2655 2645 nihil
2701 2589 2789 2644 ille
2834 2604 2957 2643 cum
3011 2589 3297 2644 sceleratis
3343 2588 3739 2657 espostularet.
3768 2587 3830 2643 Si

2241 2699 2347 2755 qua
2397 2683 2529 2738 ﬁdes
2565 2682 2975 2738 Meletianorum
3042 2682 3517 2737 criminationibus
3567 2681 3650 2751 (ά)
3699 2680 3828 2751 Tyri

2243 2777 2539 2833 Athanasio
2580 2776 2801 2838 oblatis.
2852 2776 3065 2831 delatus
3117 2777 3183 2830 ab
3229 2774 3534 2830 Athanasio
3588 2775 3692 2830 fuit
3748 2773 3829 2829 ls-

2242 2872 2438 2942 chyras
2493 2872 2633 2939 apud
2689 2868 2956 2942 Hyginum
3010 2868 3232 2941 Egypti
3283 2866 3620 2937 praefectum,
3682 2866 3829 2938 quod

2243 2962 2587 3034 imperatoris
2617 2962 2883 3031 imagines
2924 2963 3070 3017 saxis
3105 2960 3440 3031 appetiisset,
3471 2969 3725 3027 atqueea
3759 2958 3829 3013 de

2242 3073 2404 3112 causa
2462 3058 2515 3110 in
2556 3070 2833 3111 carcerem
2879 3055 3154 3110 detrusus.
3191 3053 3323 3119 Qua:
3358 3067 3467 3116 res,
3503 3051 3550 3105 si
3578 3066 3710 3106 vere
3736 3065 3830 3120 ge-

552 3123 946 3225 deprehendas.
977 3123 1107 3225 Nam
1223 3126 1599 3225 Alexandrum
1639 3125 1844 3194 pariter
1883 3126 2132 3225 atque-in
2164 3167 2205 3225 ϐ
2242 3159 2345 3213 sm,
2398 3148 2453 3203 in
2498 3148 2600 3203 hoc
2648 3162 2804 3217 posse
2864 3157 3073 3216 lempus
3122 3144 3360 3199 conferri
3406 3143 3647 3206 videtur,
3701 3157 3827 3197 cum

548 3216 736 3271 Ariutn
772 3218 969 3271 acriter
1017 3218 1290 3273 invehitur
1320 3218 1746 3281 Constantinus,
1793 3216 1935 3286 quod
1971 3216 2135 3271 levis-

549 3304 688 3358 sima
733 3306 800 3359 de
844 3320 1006 3359 causa
1042 3304 1160 3375 (sic
1202 3306 1435 3360 Eusebio
1472 3308 1694 3360 doctore
1743 3302 2132 3373 existimabat)

550 3404 753 3449 tantam
784 3397 1077 3449 movissent
1101 3398 1481 3465 quaestionem,
1505 3411 1570 3449 ac
1595 3396 1648 3448 itt
1672 3404 1913 3448 mutuum
1939 3394 2136 3449 exinde

547 3487 734 3541 odium
770 3488 1124 3541 exarsissent.
1172 3486 1355 3540 Monet
1397 3496 1473 3551 ut,
1516 3486 1709 3555 positis
1760 3485 2135 3540 altercationi-

550 3578 672 3642 bus,
728 3578 889 3632 ﬁnem
924 3577 1219 3632 dissidendi
1269 3576 1493 3644 faciant,
1538 3591 1837 3649 pacemque
1889 3578 2032 3632 inter
2075 3593 2135 3634 se

547 3667 872 3733 concilient;
908 3666 1027 3723 fore
1075 3677 1187 3723 tum
1237 3676 1295 3721 ut
1347 3678 1531 3740 pateat
1578 3668 1684 3724 sibi
1737 3670 1791 3724 in
1851 3667 2129 3725 Orientem

548 3760 750 3825 aditus,
788 3775 975 3815 eorum
1017 3769 1144 3814 ante
1171 3759 1352 3830 jurgio
1390 3759 1740 3817 interclusus.
1774 3759 1886 3818 Has
1918 3762 2010 3816 ille
2046 3761 2132 3817 lit-

549 3860 697 3907 teras
718 3851 882 3907 llosio
910 3850 1172 3908 Cordubae
1200 3853 1251 3906 in
1275 3851 1535 3923 Hispania
1561 3853 1839 3923 episcopo,
1873 3863 2129 3924 spectata:

547 3939 671 3994 lidei
705 3942 839 4007 viro,
871 3941 1093 3997 tradidit
1123 3941 1507 3997 Alexandriam
1540 3941 1881 3997 deferendas.

615 4030 670 4085 2.
708 4030 1071 4086 Alexandrina
1114 4032 1370 4101 synodus.
1415 4060 1489 4073 —
1518 4029 1695 4102 Caput
1746 4032 1869 4087 ntali
1920 4033 2123 4088 Ariana

546 4124 774 4191 haeresis
806 4136 945 4179 erat.
992 4125 1062 4178 At
1102 4124 1265 4178 ntulta
1301 4139 1519 4195 quoque
1563 4124 1666 4179 alia
1717 4124 1997 4181 instabant
2046 4143 2135 4183 ne-

545 4218 687 4287 gotia
716 4217 818 4286 (b).
854 4216 979 4271 licet
1020 4232 1195 4285 neque
1236 4219 1370 4272 tanti
1412 4217 1691 4288 ponderis,
1738 4233 1920 4287 neque
1968 4228 2129 4274 tanta:

543 4322 723 4375 opera:
756 4307 969 4372 futura;
998 4308 1193 4377 quibus
1229 4318 1405 4362 tamen
1440 4324 1468 4361 a
1499 4310 1767 4380 principio
1828 4326 2127 4366 occurren-

542 4395 672 4449 dnnt
723 4405 862 4462 erat,
911 4409 978 4451 ne
1037 4396 1236 4450 malum
1292 4397 1601 4469 neglectum
1653 4399 1816 4455 latius
1862 4408 2128 4471 serperet.

546 4485 862 4555 llnjusmodi
925 4497 1082 4542 erant
1159 4486 1362 4543 Meletii
1411 4499 1464 4543 et
1515 4491 1750 4547 Colluthi
1836 4491 2124 4547 factiones.
2160 4514 2205 4569 ι)

542 4581 671 4636 Erat
716 4583 842 4636 item
887 4598 985 4654 per
1031 4583 1228 4639 multas
1277 4582 1517 4640 Orientis
1564 4587 1814 4657 regiones
1867 4598 2011 4643 mota
2060 4587 2128 4643 de

543 4671 825 4728 Paschalis
857 4684 1099 4744 tempore
1134 4677 1511 4732 controversia
1539 4694 1555 4744 ;
1605 4678 1759 4747 cujus
1792 4678 1844 4733 in
1879 4680 2124 4735 Alexan-

542 4764 693 4817 driua
730 4768 938 4835 synodo
972 4773 1360 4838 componeudzc
1390 4771 1724 4841 provinciam
1755 4770 1920 4827 llosio
1957 4771 2119 4827 tradit

541 4853 837 4924 Augustus.
889 4854 983 4911 His
1029 4862 1095 4913 de
1142 4865 1325 4916 causis
1368 4860 1753 4917 Alexandriam
1806 4863 2121 4932 detnigrans

543 4945 757 5009 llosius,
792 4959 977 5003 coacta
1035 4951 1196 5005 isthic
1259 4956 1493 5022 synodo,
1531 4950 1781 5019 .Colluthi
1826 4955 2111 5007 audaciam

541 5050 597 5097 et
628 5045 985 5099 temeritatem
1010 5058 1354 5118 compressu,
1387 5048 1709 5103 constitutos
1742 5048 1808 5103 ab
1834 5064 1899 5103 eo
1950 5049 2113 5103 cleri—

541 5149 636 5189 cos
665 5138 1119 5209 presbyterosque
1171 5140 1238 5194 ad
1273 5142 1557 5212 pristinam
1610 5142 1807 5198 reverti
1844 5140 2116 5196 conditio-

542 5242 663 5283 nem
690 5229 881 5297 jussit:
910 5244 978 5285 ex
1003 5245 1234 5301 quorum
1266 5243 1385 5289 erat
1409 5249 1639 5290 numero
1685 5234 1941 5304 lsehyras
1994 5234 2122 5302 qui-

540 5326 661 5376 dam
694 5321 1039 5391 Mareoticus,
1067 5326 1157 5396 qui
1190 5341 1411 5397 operam
1442 5336 1627 5397 postca
1653 5341 1809 5382 suam
1844 5326 1896 5379 in
1936 5326 2108 5379 Atha-

541 5414 673 5468 nasii
706 5416 1003 5485 perniciem
1040 5419 1257 5475 Arianis
1290 5420 1509 5475 locavit.
1534 5418 1722 5489 Neque
1755 5420 1900 5474 enim
1932 5420 2119 5473 turba-

540 5522 656 5558 rum
712 5509 873 5562 linem
915 5510 1161 5566 fecerunt
1204 5511 1536 5567 Collnthiani
1594 5528 1607 5564 :
1655 5510 1748 5567 sed
1792 5518 1952 5580 pacto
2001 5524 2111 5565 non

536 5728 565 5767 ο
726 5644 920 5701 Euseb.
952 5649 988 5702 l.
1034 5665 1125 5714 Ill;
1158 5650 1371 5706 Socrat.
1404 5651 1442 5705 Ι.
1473 5664 1511 5716 ι,
1544 5663 1594 5704 c.
1622 5648 1681 5715 7;
1716 5646 1933 5703 Sozom.
1969 5647 2004 5703 Ι.
2045 5663 2116 5717 vt,

610 5785 685 5856 (ὁ)
715 5787 927 5843 Socrat.
956 5788 994 5844 I.
1028 5804 1108 5859 tn,
1133 5804 1185 5845 c.
1219 5792 1252 5843 6

2242 3240 2476 3295 maxime
2512 3240 2761 3309 lschyras
2800 3253 2829 3292 a
2879 3253 3158 3293 sacrorum
3219 3236 3369 3291 aditu
3413 3244 3469 3290 et
3523 3232 3704 3290 oﬂicio
3741 3247 3831 3290 reo

2239 3341 2419 3387 motus
2458 3332 2525 3387 ab
2562 3329 2750 3397 llosio,
2786 3346 2923 3387 rem.
2958 3340 3017 3385 ut
3058 3330 3333 3386 aestimare
3365 3338 3469 3395 est,
3497 3327 3829 3401 perindigne

2238 3424 2438 3479 tulerit.

2306 3535 2361 3591 4.
2405 3534 2624 3590 Littera:
2655 3535 2773 3590 Arii
2826 3536 2895 3591 ad
2946 3534 3355 3591 Constantinum
3397 3544 3447 3590 et
3482 3534 3829 3589 Constantini

2234 3629 2303 3681 ad
2333 3627 2542 3682 Arium.
2582 3659 2652 3668 —
2680 3629 2817 3684 Tum
2868 3630 3058 3693 Arius,
3096 3628 3276 3683 missis
3310 3627 3377 3682 ad
3404 3628 3826 3682 Constantinum

2236 3719 2458 3787 litteris,
2489 3730 2543 3774 et
2567 3731 2790 3788 questus
2817 3720 2881 3775 de
2913 3720 3075 3775 rebus
3103 3719 3155 3773 in
3185 3734 3245 3775 se
3277 3733 3514 3787 suosque
3543 3718 3825 3781 admissis,

2236 3822 2390 3861 suam
2444 3810 2759 3880 imperatori
2799 3810 2958 3866 fidem
3009 3810 3207 3879 aperit,
3261 3809 3354 3865 sed
3409 3809 3681 3863 simulatis
3702 3807 3828 3877 qui-

2237 3899 2462 3954 husdam
2490 3911 2542 3955 et
2571 3902 2763 3957 fucatis
2798 3902 3027 3957 vocibus
3070 3902 3175 3973 (ε),
3221 3911 3280 3955 ιιι
3312 3900 3522 3955 solebat
3551 3914 3674 3954 cum
3702 3914 3735 3955 e
3766 3913 3827 3953 re

2236 3990 2356 4047 fore
2383 4002 2653 4063 speraret.
2687 3994 2783 4050 Cui
2810 3994 3113 4063 imperator
3154 3993 3485 4058 rescribens,
3536 3992 3823 4047 adversam

2235 4086 2451 4141 Christo
2479 4096 2533 4140 et
2565 4086 2821 4142 Ecclesia:
2870 4087 3176 4143 doctrinam
3231 4087 3349 4152 ejus
3402 4083 3674 4155 coarguit,
3705 4085 3823 4139 Arii

2238 4176 2479 4247 depingit
2513 4192 2715 4243 mores,
2748 4178 2926 4248 carpit
2961 4192 3141 4232 rerum
3189 4174 3560 4230 novandarum
3611 4175 3826 4243 cupidi-

2238 4284 2382 4335 nem,
2409 4282 2636 4337 pronum
2671 4267 2737 4321 ad
2772 4268 3113 4323 iracundiam
3145 4276 3200 4321 et
3237 4266 3478 4321 furorem
3513 4265 3765 4318 animum
3802 4282 3817 4318 :

2237 4359 2619 4414 interminatur
2650 4358 2933 4422 ultionem,
2984 4358 3027 4412 si
3082 4372 3186 4411 non
3236 4356 3572 4425 resipiscat;
3606 4344 3822 4423 necip-

2236 4467 2354 4505 sum
2414 4452 2593 4517 modo,
2649 4452 2741 4505 sed
2786 4460 2842 4505 et
2890 4450 3182 4520 discipulos
3225 4448 3555 4520 plectendos.
3593 4447 3820 4501 Domum

2236 4558 2393 4600 versa
2426 4544 2479 4598 in
2508 4541 2858 4598 clementiam
2889 4542 3201 4608 severitate,
3232 4540 3426 4594 leniter
3476 4540 3732 4594 hortatur
3762 4549 3822 4593 ut

2235 4654 2293 4692 se
2324 4637 2614 4691 conveniat
2643 4658 2657 4689 ι
2696 4644 2944 4704 tumque,
2983 4634 3026 4689 si
3058 4635 3242 4688 minus
3273 4646 3405 4686 sana
3436 4632 3817 4699 sitsententia,

2232 4735 2301 4790 ab
2320 4748 2379 4788 se
2408 4735 2472 4788 ad
2501 4747 2681 4787 veram
2712 4738 3024 4787 revocatum
3058 4730 3123 4783 iri
3151 4747 3165 4795 ;
3199 4731 3281 4784 sin
3312 4742 3440 4782 vera
3474 4726 3817 4795 sinceraque,

2231 4829 2281 4881 id
2316 4828 2516 4897 ingenti
2551 4828 2649 4881 sibi
2684 4827 2879 4894 gaudio
2907 4822 3169 4878 futttrum.

2299 4963 2451 5021 Anno
2481 4965 2608 5021 325.
2646 4995 2716 5007 —
2746 4967 2795 5021 l.
2826 4963 3077 5034 Synodus
3118 4960 3339 5016 Nicwna
3368 4970 3712 5015 convocatur.
3747 4987 3820 4999 -

2230 5052 2336 5109 Sed
2360 5069 2483 5108 cum
2518 5052 2717 5108 frustra
2748 5054 3010 5108 cederent
3063 5051 3409 5107 Constantini
3459 5052 3687 5114 monita,
3719 5063 3819 5105 nec

2226 5144 2504 5215 quidpiam
2549 5144 2860 5200 ﬂecteretur
2889 5145 3006 5198 Arii
3038 5153 3485 5212 sectatorumque
3541 5142 3661 5211 ejus
3691 5158 3817 5210 per-

2229 5237 2434 5292 vicacia
2480 5253 2495 5299 ;
2551 5237 2877 5291 mcumenici
2920 5244 3130 5290 tantmn
3163 5233 3379 5289 concilii
3412 5248 3578 5303 Opera
3621 5234 3811 5286 inccn-

2228 5330 2373 5384 dium
2429 5328 2691 5397 ejusmodi
2744 5331 3009 5399 restingui
3065 5345 3225 5399 posse
3284 5338 3434 5382 ratus
3489 5327 3815 5396 imperator,

2228 5419 2493 5489 synodum
2524 5430 2784 5474 convocat
2814 5419 3008 5474 Nicaea:
3034 5421 3086 5473 in
3112 5418 3366 5489 Bithynia
3396 5416 3814 5471 celebrandam:

2229 5514 2383 5584 cujus
2411 5529 2508 5568 nos
2540 5513 2675 5567 Acta
2716 5531 2745 5567 a
2793 5514 2978 5568 multis
3021 5513 3220 5569 dudum
3250 5510 3494 5568 studiose
3517 5508 3815 5575 recensita,

2303 5649 2371 5718 (ο)
2402 5647 2534 5702 Ibid.

2302 5725 2377 5787 (τι)
2417 5722 2635 5791 ξυῑυιιι,
2668 5717 2759 5773 lib.
2788 5736 2847 5785 tt,
2871 5736 2990 5791 cap.
3018 5721 3109 5776 25.

2302 5794 2371 5860 (ε)
2406 5787 2585 5846 Gelas.
2615 5788 2652 5841 Ι.
2683 5802 2737 5843 tt.
