3998 6520
1441 406 1602 463 VITA
1641 405 1697 462 S.
1734 405 2130 462 ATHANASII.

92 509 224 579 paucis
262 527 650 586 narramus.
721 525 960 594 quibus
1010 539 1115 582 non
1171 533 1327 581 vacat
1354 540 1453 597 per
1480 526 1738 583 otiumea

94 603 274 673 pluribus
310 611 663 679 persequi.

140 697 182 751 2.
206 698 348 754 Anno
382 700 599 770 igitur
634 703 902 762 Christi
937 707 1068 773 325,
1113 707 1327 778 imperii
1388 706 1737 764 Constantini

98 791 254 847 decimo
288 806 451 848 nono
490 804 819 852 vertente
858 797 966 868 (a),
992 798 1213 855 Paulino
1244 809 1298 856 et
1327 799 1538 855 Juliano
1569 812 1737 865 coss.,

97 882 280 938 Nicaeam
307 883 655 942 conﬂuunt
691 904 779 943 ex
813 893 999 947 variis
1045 901 1199 947 terrae
1224 893 1470 962 partibus
1497 891 1737 962 episcopi

101 976 146 1030 ad
167 974 271 1040 518,
298 985 363 1029 ut
412 975 643 1032 ferunt
707 982 1030 1049 potissima
1075 983 1401 1054 scriptorum
1449 983 1737 1051 pars:alii

103 1069 340 1140 pauciores
381 1083 745 1127 numerant
778 1092 797 1141 ;
840 1075 1117 1131 Eusebius
1137 1085 1316 1131 autem
1349 1075 1422 1147 (b)
1448 1091 1612 1146 supra
1641 1077 1740 1131 du-

109 1170 252 1217 centos
278 1162 781 1233 quinquaginta;
808 1167 1171 1239 presbyteros
1208 1180 1413 1235 autem,
1454 1169 1737 1234 diaconos,

118 1253 357 1325 acolytbos
411 1261 475 1309 et
524 1255 720 1321 alios,
789 1258 1013 1327 ingenti
1061 1274 1309 1315 numero.
1358 1260 1436 1315 Ex
1465 1261 1737 1316 universis

118 1344 590 1417 Europa,Africze
666 1360 866 1419 atque
927 1351 1073 1406 Asiae
1103 1350 1385 1418 Ecclesiis,
1446 1352 1539 1423 qui
1598 1352 1740 1407 inter

116 1438 190 1492 Dei
222 1436 505 1492 ministros
544 1438 907 1508 principem
937 1441 1194 1495 tenebant
1223 1440 1422 1507 locum,
1460 1457 1566 1496 una
1612 1457 1737 1496 con-

114 1527 323 1580 veniunt.
357 1526 582 1583 Eadem
614 1530 926 1585 orationis
967 1530 1178 1597 domus,
1231 1545 1326 1587 ceu
1369 1533 1461 1587 Dei
1510 1532 1739 1588 consilio

112 1617 329 1681 dilatata,
352 1618 536 1690 Syros
567 1620 785 1685 simul,
806 1621 1039 1689 Cilices,
1060 1623 1362 1689 Phoenices,
1382 1625 1610 1692 Arabes,
1636 1623 1741 1678 Pa-

108 1708 370 1774 lestinos,
421 1708 703 1781 itemque
766 1709 1113 1781 Egyptios,
1172 1711 1469 1779 Thebzeos,
1522 1713 1736 1785 Libyes,

107 1800 334 1868 aliosque
357 1813 428 1854 ex
464 1799 911 1869 McSOpotamia
942 1800 1215 1870 profectos
1232 1816 1329 1857 suo
1356 1804 1571 1859 ambitu
1590 1820 1739 1859 rom-

104 1892 247 1960 plexa
286 1901 399 1947 est.
452 1890 590 1947 Non
635 1893 847 1959 Persa,
904 1911 1017 1950 non
1058 1895 1262 1967 Scytha
1314 1895 1506 1954 defuit.
1536 1897 1741 1953 Pontus

104 1988 242 2053 item,
275 1986 535 2052 Galatia,
582 1986 941 2059 Pamphylia
969 2000 1028 2046 et
1060 1990 1575 2061 Cappadocia,Asia
1606 2009 1740 2065 quo-

104 2091 197 2145 que
232 2086 286 2130 et
315 2076 605 2147 Phrygia,
671 2075 1057 2132 lectissimum
1098 2094 1371 2149 quemque
1426 2095 1648 2135 suorum
1678 2096 1743 2137 eo

105 2167 310 2222 misere.
367 2166 491 2221 lmo
550 2166 852 2233 Thraces,
912 2166 1259 2235 Macedones,
1306 2170 1490 2226 Achaei
1526 2180 1581 2225 et
1612 2170 1736 2241 Epi-

106 2265 247 2322 rota,
276 2266 451 2327 atque
488 2256 600 2327 qui
654 2257 933 2328 longiore
971 2258 1249 2313 distabant
1302 2259 1612 2325 intervallo,
1652 2275 1745 2316 ac-

103 2362 317 2403 cessere
352 2362 462 2402 nec
503 2348 714 2403 inviti.
745 2348 837 2403 Ab
865 2349 1133 2420 llispania
1167 2366 1383 2421 quoque
1412 2353 1495 2406 vir
1535 2352 1625 2409 ille
1653 2368 1747 2409 ce-

105 2438 512 2495 lebratissimus
566 2438 796 2495 Hosius
860 2456 973 2495 una
1014 2427 1133 2496 cum
1180 2442 1365 2498 multis
1394 2442 1518 2498 aliis
1548 2458 1614 2498 eo
1644 2444 1746 2500 iter

106 2532 356 2586 instituit.
386 2532 621 2587 Aberat
645 2531 890 2601 quidem
928 2534 1225 2589 senectutis
1254 2549 1418 2589 causa
1445 2533 1743 2606 Sylvester,

110 2622 479 2692 imperatoriae
523 2623 786 2678 antistes
826 2623 1094 2691 civitatis,
1134 2626 1227 2680 sed
1277 2625 1394 2696 ejus
1442 2628 1613 2681 vicem
1648 2626 1747 2680 im-

112 2715 325 2783 plebant
375 2716 716 2786 presbyteri
763 2714 893 2783 ejus
930 2715 1054 2772 Vito
1101 2726 1155 2772 et
1207 2717 1543 2777 Vincentius.
1578 2717 1749 2774 Inter-

116 2807 209 2862 fuit
232 2808 668 2864 Alexandrinus
702 2808 944 2879 praesul,
977 2809 1066 2878 qui
1096 2824 1235 2880 pene
1268 2808 1416 2865 solus
1443 2818 1600 2864 antea
1631 2809 1747 2864 Arii

116 2900 392 2954 molimina
444 2902 770 2972 depulerat
824 2919 841 2956 :
888 2901 1103 2957 itineris
1132 2916 1315 2957 comes
1358 2901 1463 2956 fuit
1502 2902 1749 2957 Athana-

119 2992 223 3044 sius
256 2992 334 3063 (c)
371 3004 493 3048 tum
529 2994 843 3057 diaconus,
874 2993 1229 3049 consiliorum
1261 2994 1611 3059 administer,
1649 2994 1745 3065 qui

122 3092 339 3140 strenue
385 3102 508 3141 rem
562 3087 931 3142 catholicam
987 3087 1366 3157 propugnavit.
1417 3087 1495 3142 Eo
1544 3088 1749 3156 pariter

125 3180 379 3232 convenit
435 3180 772 3249 imperator
829 3178 1250 3241 Constantinus,
1300 3179 1402 3234 hoc
1450 3180 1654 3244 animo,
1690 3188 1748 3234 ut

129 3277 329 3323 tantam
360 3272 876 3326 sanctissimorum
909 3270 1204 3340 praesulum
1237 3269 1596 3340 frequentiam
1622 3284 1746 3324 ocu-

132 3360 196 3415 lis
226 3362 341 3432 ipse
364 3365 486 3437 sujs
517 3373 790 3420 coactam
822 3363 1189 3433 perspiceret,
1239 3378 1590 3433 praesensque
1632 3361 1748 3418 ma;

134 3468 234 3521 gno
254 3455 631 3513 concilimda:
676 3454 811 3526 paci
844 3463 1124 3509 momento
1164 3462 1326 3510 esset.
1381 3454 1513 3521 Quae
1544 3454 1746 3508 victum

137 3545 535 3616 honestumque
589 3547 814 3602 cultum
863 3554 1123 3614 spectant
1166 3546 1396 3615 Augusti
1446 3536 1750 3615 sumptibus

142 3637 296 3691 πατιυί
332 3640 427 3693 ιοιί
466 3638 921 3694 subministrata
972 3644 1121 3701 sunt,
1153 3649 1216 3690 ac
1248 3636 1507 3692 viaticum
1538 3634 1751 3692 abunde

144 3728 332 3797 cuique
364 3730 820 3802 suppeditatum.

205 3821 259 3876 3.
289 3819 535 3876 Niueam
596 3823 831 3877 vixdum
889 3828 1250 3891 pervenerant
1310 3820 1575 3892 episcopi,
1625 3836 1749 3877 cum

146 3926 353 3973 mature
383 3921 435 3974 in
473 3912 719 3974 ecclesia
738 3911 1103 3984 conveniunt.
1130 3910 1387 3980 Actisque
1424 3911 1529 3966 Deo
1562 3911 1752 3982 gratiis

147 4010 210 4063 de
234 4011 343 4065 alta
372 4026 507 4083 pace
546 4003 917 4065 Constantini
981 4003 1229 4059 victoriis
1286 4013 1465 4073 parta,
1499 4005 1566 4059 de
1618 4019 1752 4058 con-

146 4118 304 4159 verso
332 4100 690 4159 Constantini
720 4097 919 4153 animo
948 4097 1015 4150 ad
1046 4095 1158 4150 veri
1196 4094 1447 4149 Numinis
1490 4094 1754 4165 cognitio-

146 4211 293 4263 nem,
324 4196 534 4251 ctelesti
574 4207 639 4248 se
662 4191 885 4247 lumine
924 4187 1174 4257 perfundi
1202 4186 1407 4241 obnixe
1440 4196 1751 4255 precantur,

146 4303 253 4354 quo
288 4303 477 4343 veram
518 4284 747 4357 possint
789 4280 1061 4337 doctrinae
1114 4280 1381 4335 rationem
1437 4278 1658 4348 assequi
1690 4293 1754 4334 ac

145 4375 309 4431 deﬂui
319 4392 397 4433 re.

216 4464 275 4518 4.
311 4463 415 4529 Qui
448 4461 689 4534 episcoyi
725 4458 954 4515 Ariani:
1002 4464 1266 4527 lauerant.
1304 4486 1377 4499 —
1421 4457 1537 4513 Etsi
1590 4472 1756 4527 porro

149 4556 531 4625 episcoporum
587 4554 833 4609 maxima
878 4565 1006 4621 pars
1044 4550 1112 4605 ad
1143 4551 1414 4622 synodum
1444 4566 1588 4607 vera:
1629 4549 1752 4605 ﬁdei

152 4649 368 4703 tuenda:
396 4649 582 4703 studio
610 4646 976 4709 commeavit,
1013 4658 1124 4697 non
1161 4643 1391 4699 defuere
1422 4652 1603 4698 tamen
1658 4642 1752 4711 qui

150 4752 252 4794 nec
277 4741 509 4795 obscure
552 4738 781 4793 Arianis
829 4733 1096 4789 faverent.
1150 4734 1379 4801 Horum,
1422 4746 1482 4788 ut
1531 4733 1739 4787 dictum

152 4841 257 4895 est,
279 4834 537 4902 princeps
563 4839 688 4887 erat
710 4829 988 4887 Eusebius
1017 4825 1473 4881 Nicomediensis.
1507 4824 1613 4879 Alii
1655 4838 1754 4877 au-

155 4933 285 4989 tem,
337 4925 609 4980 Eusebius
646 4919 928 4991 Pamphili
982 4918 1357 4982 Caesariensis,
1400 4915 1751 4985 Patropbilus

156 5011 667 5085 Scythopolitanus,
698 5010 1027 5067 Theodotus
1069 5009 1438 5070 Laodicenus,
1491 5008 1751 5063 Paulinus

158 5103 376 5174 Tyrius,
422 5105 772 5163 Athanasius
810 5101 1248 5165 Anazarbensis,
1307 5099 1602 5170 Gregorius
1651 5098 1759 5154 Be-

160 5200 411 5266 rytensis,
432 5199 632 5253 Aetius
654 5189 1014 5268 Lyddensis:
1047 5193 1136 5262 qui
1169 5206 1362 5247 omnes
1396 5191 1464 5262 Sy
1478 5188 1542 5254 ri,
1580 5190 1759 5245 Palae-

163 5291 285 5344 stini
344 5301 398 5347 et
445 5291 754 5347 thuices
815 5294 1000 5342 erant.
1067 5282 1303 5348 Ceteri,
1357 5281 1756 5350 Menophantus

164 5378 483 5453 Ephesinns,
561 5380 872 5436 Narcissus
933 5376 1341 5447 Neronopoleos
1413 5374 1465 5429 in
1533 5372 1752 5438 Cilicia,

224 5562 305 5631 (π)
334 5563 550 5621 Socrat.
572 5565 616 5618 l.
651 5577 694 5625 ι,
723 5574 778 5613 c.
812 5556 871 5631 8.

315 5616 614 5691 Ᾰιιιῖιῖξὶιδ
632 5616 832 5703 Afros.
856 5624 928 5678 De
952 5623 1066 5703 Vita
1086 5622 1445 5703 Constantini,
1469 5620 1502 5676 l.
1527 5635 1606 5687 Ill,
1627 5616 1751 5689 c.17.

215 5692 285 5773 (te),
309 5708 520 5762 Athan.
552 5700 730 5773 Apol.
773 5706 965 5773 contra
1005 5696 1214 5773 Arianr
1246 5692 1382 5773 ηεῇβ.

210 5759 286 5843 id}
316 5759 537 5844 Ruﬁni;
589 5759 835 5831 Sozam.
880 5765 916 5819 l.
946 5781 985 5834 ι,
1034 5780 1083 5820 c.
1132 5766 1230 5832 17;
1285 5762 1609 5820 Thcodorct.
1648 5759 1685 5814 ι.
1713 5774 1753 5824 ι,

139 5847 263 5904 οἳ.

3275 415 3419 455 LXVII

1766 533 1815 591 Α
1844 525 2155 597 Theognius
2207 521 2324 578 sive
2356 519 2616 591 Diognius
2668 516 2939 585 Nicmnus,
2993 516 3159 571 Maris
3200 515 3422 571 Chalce-

1842 620 2142 685 donensis;
2183 616 2437 672 Theonas
2487 614 2617 669 item
2655 612 3011 677 Marmaricae,
3044 618 3101 667 et
3138 608 3421 665 Secundus

1842 707 2211 773 Ptolemaidis,
2273 707 2434 762 ambo
2489 705 2599 775 jam
2651 713 2777 760 ante
2831 702 3071 773 quinque
3128 717 3307 758 annos
3363 702 3417 756 in

1840 799 2205 854 Alexandrina
2240 799 2451 869 synodo
2484 797 2745 852 abdicati.

1913 889 1967 944 5.
1997 888 2183 942 Libelli
2209 886 2554 942 Constantino
2585 885 2771 940 oblati.
2810 914 2882 925 --
2928 882 3042 938 Nec
3066 882 3290 939 defuere
3323 882 3417 953 qui

1842 980 2041 1035 oblatis
2088 980 2455 1034 Constantino
2504 978 2702 1034 libellis
2742 975 3008 1046 quosdam
3038 975 3415 1046 episcoporum

1842 1088 1964 1128 reos
2007 1081 2250 1142 agerent.
2277 1071 2536 1128 Arianine
2564 1087 2629 1125 an
2659 1069 2927 1125 Catholici
2972 1068 3007 1122 ii
3047 1067 3270 1132 fuerint,
3302 1066 3420 1122 nul-

1843 1165 1946 1219 lius
2007 1161 2219 1231 antiqui
2274 1162 2558 1232 scriptoris
2607 1162 2685 1231 (d)
2727 1159 3036 1215 testimonio
3078 1166 3420 1228 compertum

1840 1264 1978 1320 est;
2033 1254 2130 1308 sed
2179 1253 2517 1307 arbitrantur
2564 1262 2685 1322 post
2733 1250 3027 1305 Baronium
3086 1249 3421 1305 recentiores

1842 1360 1979 1416 pene
2024 1358 2233 1409 omnes,
2285 1343 2339 1397 id
2382 1342 2457 1397 rei
2500 1342 2713 1397 nonnisi
2766 1342 2984 1396 Arianis
3011 1340 3278 1410 episcopis
3326 1354 3420 1394 as-

1842 1437 1979 1492 cribi
2017 1452 2194 1508 posse,
2250 1436 2342 1507 qni
2383 1434 2579 1489 infesto
2615 1449 2828 1503 semper
2856 1435 2908 1488 in
2944 1433 3181 1503 reliquos
3213 1431 3417 1496 animo,

1845 1530 2048 1585 nullum
2081 1545 2187 1583 non
2240 1527 2598 1598 querimoniae
2654 1536 3036 1597 argumentum
3080 1537 3420 1593 aucuparen-

1843 1632 1949 1677 tur.
1981 1621 2177 1677 Verum
2216 1620 2261 1675 si
2310 1634 2369 1675 se
2393 1620 2467 1673 ita
2497 1633 2589 1673 res
2641 1616 2868 1681 habuit,-
2898 1615 3027 1685 quid
3068 1630 3248 1668 causae
3297 1628 3419 1668 esse

1843 1713 2013 1784 possit
2071 1711 2215 1782 quod
2257 1710 2510 1776 Rufinus,
2549 1709 2923 1763 Theodoretus
2967 1716 3015 1761 et
3083 1704 3422 1761 Sozomenns

1844 1807 2169 1861 Arianorum
2197 1819 2393 1859 nomen
2420 1804 2680 1858 taceant?
2705 1816 2773 1854 an
2808 1814 2996 1855 eorum
3027 1796 3419 1855 existimationi

1844 1896 2149 1953 consultum
2180 1894 2424 1961 voluere,
2454 1895 2544 1965 qui
2578 1893 2713 1948 nihil
2750 1886 2856 1948 non
2892 1905 3175 1961 aspersum
3226 1890 3281 1943 in
3328 1904 3421 1943 ec-

1844 1988 2165 2045 clesiasticae
2198 1988 2462 2042 doctrinm
2490 1994 2835 2055 corruptores
2860 1983 3061 2053 passim
3088 1997 3187 2051 per
3213 1982 3417 2051 scripta

1845 2095 1944 2135 sua
1986 2078 2384 2148 conspergunt?
2460 2077 2616 2132 Unde
2660 2077 2712 2131 in
2768 2076 2978 2130 incerto
3022 2088 3108 2127 res
3148 2080 3419 2130 versatur.

1846 2169 2166 2240 Hujusmodi
2198 2167 2409 2223 libellos
2442 2166 2831 2222 Constantinus
2862 2167 2916 2219 in
2951 2163 3270 2219 fasciculum
3300 2162 3420 2217 col-

1848 2261 2063 2331 ligatos,
2097 2259 2404 2328 annuloque
2431 2273 2531 2313 suo
2557 2258 2895 2327 obsignatas,
2931 2255 3201 2310 asservari
3237 2253 3417 2322 jussit.

1844 2349 2205 2420 Posteaquam
2242 2363 2369 2403 vero
2398 2363 2583 2417 pacem
2618 2347 2875 2416 praesules
2906 2347 3049 2401 inter
3076 2345 3421 2411 conciliarat,

1846 2441 1903 2497 in
1953 2442 2188 2497 medium
2231 2440 2427 2496 allatas
2474 2440 2596 2510 igne
2644 2439 2961 2506 absumpsit,
3017 2436 3238 2506 juratus
3285 2436 3423 2491 nihil

1846 2548 2033 2590 eorum
2077 2549 2136 2588 se
2164 2533 2359 2603 legisse
2388 2552 2405 2587 :
2437 2534 2591 2588 nefas
2620 2532 2772 2586 aiens
2798 2532 3177 2601 episcoporum
3227 2530 3422 2586 delicta

1847 2626 1901 2680 in
1934 2624 2273 2680 saecularium
2292 2624 2541 2679 notitiam
2579 2623 2855 2678 devenire.

1918 2717 1971 2772 6.
2000 2715 2301 2787 Imperator
2338 2717 2540 2787 synodo
2572 2717 2808 2793 interest.
2857 2743 2928 2754 —-
2955 2712 3069 2768 Sub
3098 2714 3215 2770 haec
3249 2714 3421 2784 impe-

1848 2816 1998 2862 rator
2032 2808 2173 2863 diem
2206 2806 2362 2872 dixit,
2408 2821 2515 2876 quo
2551 2807 2926 2876 episcOporum
2971 2817 3272 2860 conventus
3316 2805 3420 2859 ini-

1848 2909 2058 2965 rentur,
2105 2901 2369 2956 decimam
2427 2915 2627 2954 nonatn
2668 2900 2876 2954 scilicet
2921 2898 3065 2954 Junii
3119 2901 3245 2956 anni
3288 2900 3419 2955 325.

1847 2990 2033 3046 Coacti
2066 3007 2193 3046 vero
2229 2991 2475 3046 condicta
2507 2992 2596 3045 die
2625 2990 2677 3044 in
2717 2989 2926 3044 Palatio
2955 2989 3218 3060 episcopi,
3252 2992 3425 3059 impc-

1848 3093 2089 3138 ratorem
2156 3082 2324 3137 tacite
2386 3083 2846 3151 praestolabantur
2901 3097 3026 3135 mox
3085 3082 3421 3136 adfuturum.

1847 3173 2140 3229 Accedenti
2174 3186 2525 3228 assurrexere
2553 3186 2764 3237 omnes,
2798 3171 2925 3225 dum
2972 3172 3115 3225 inter
3141 3171 3424 3239 episcopos
3469 3219 3471 3221 ,

1772 3230 1816 3290 C
1852 3265 1942 3320 ille
1990 3264 2131 3318 ultro
2182 3264 2433 3332 citroque
2500 3262 2710 3331 positos
2767 3274 3074 3330 permeans,
3133 3260 3186 3314 in
3256 3273 3422 3313 aurea

1849 3359 2002 3423 sella,
2038 3372 2138 3413 nec
2167 3357 2269 3412 nisi
2303 3357 2466 3426 petita
2493 3356 2560 3411 ab
2594 3355 2661 3410 iis
2687 3355 2842 3409 venia
2872 3394 2888 3420 ,
2916 3352 3151 3408 sederet.
3184 3352 3419 3406 Primam

1848 3452 2143 3508 secundum
2180 3448 2602 3504 Constantinum
2658 3447 2840 3502 sedem
2880 3460 3175 3515 occupasse
3204 3443 3420 3499 nomine

1853 3542 2114 3616 Sylvestri
2143 3555 2291 3609 papae
2320 3539 2560 3605 Hosium,
2596 3546 2827 3592 testatur
2859 3536 3113 3592 Gelasius
3140 3518 3234 3607 (ὲ).
3270 3534 3424 3590 uosii

1850 3634 2082 3690 comites
2132 3630 2286 3686 fuere
2314 3629 2442 3685 Vito
2472 3638 2526 3683 et
2553 3627 2871 3683 Vincentius
2917 3625 3221 3698 presbyteri
3250 3640 3278 3677 a
3304 3623 3445 3697 Syl-r

1850 3736 2035 3782 vestro
2084 3724 2212 3779 item
2252 3720 2439 3793 legati.
2486 3720 2553 3774 Et
2585 3734 2718 3774 sane
2773 3718 2915 3788 quod
2954 3718 3156 3788 primas
3188 3716 3428 3770 tennerit

1853 3817 2067 3883 Hosius,
2127 3816 2338 3870 videtur
2392 3811 2724 3868 Athanasius
2766 3811 2995 3864 innuere
3034 3823 3153 3861 cum
3192 3807 3269 3860 ait
3298 3805 3370 3875 (Γ)
3409 3819 3425 3858 :

1858 3928 1876 3961 ‹
1915 3907 2010 3964 Cui
2040 3908 2250 3977 synodo
2278 3920 2384 3959 non
2420 3902 2634 3971 prmfuit
2669 3916 2831 3957 senex
2863 3899 2951 3954 ille
2990 3897 3223 3953 Hosius?
3250 3916 3270 3948 ι
3315 3896 3427 3951 Nec

1854 4010 2031 4055 tamen
2066 4013 2153 4053 res
2184 3997 2345 4052 dubio
2375 4004 2557 4049 vacat.
2599 3993 2737 4048 Tum
2773 3992 2865 4063 qui
2894 4006 2923 4045 a
2952 3991 3157 4046 dextris
3181 3987 3426 4055 sedebat,

1853 4092 2153 4147 orationem
2186 4090 2249 4143 ad
2284 4088 2665 4156 imperatorem
2700 4083 2909 4149 habuit,
2941 4097 3059 4151 qua)
3081 4081 3425 4151 potissimum

1854 4182 2175 4238 versabatur
2223 4180 2276 4234 in
2334 4178 2637 4234 referendis
2677 4174 2790 4230 Deo
2850 4174 3041 4243 gratiis
3090 4171 3161 4226 ob
3208 4172 3429 4226 collatas

1854 4277 2098 4344 Augusto
2141 4270 2294 4325 dotes
2348 4284 2411 4323 ac
2460 4266 2742 4321 victorias.
2798 4263 2880 4317 Ab
2932 4261 3215 4317 Eustathio
3240 4260 3433 4314 Antio-

1855 4365 2027 4419 cheno
2056 4369 2266 4417 oratum
2297 4359 2373 4412 ait
2404 4355 2779 4411 Theodoretus
2821 4351 2897 4423 (g)
2949 4369 2962 4405 :
3010 4366 3194 4405 verum
3240 4348 3291 4403 id
3326 4348 3430 4403 So-

1856 4466 2115 4507 zomenus
2154 4450 2233 4520 (h)
2284 4446 2536 4508 Eusebio,
2578 4444 2796 4499 Nicetas
2847 4456 2973 4495 vero
3032 4455 3097 4495 ex
3144 4440 3431 4493 Theodoro

1785 4570 1831 4625 ι)
1861 4540 2223 4612 Mopsuestia,
2250 4535 2557 4591 Alexandro
2595 4531 2843 4587 ascribit.
2878 4529 3016 4583 llinc
3044 4528 3228 4581 multis
3258 4528 3431 4595 impe-

1861 4644 2007 4690 rator
2036 4628 2295 4703 prmsules
2323 4625 2641 4694 alloquitur.
2675 4623 2731 4675 In
2763 4620 2903 4674 votis
2949 4632 3071 4673 esse
3104 4618 3231 4680 sibi,
3277 4631 3435 4672 com-

1856 4738 2042 4796 pressa
2078 4723 2127 4775 vi
2159 4731 2511 4790 tyrannorum
2548 4728 2789 4783 paceque
2840 4711 2956 4767 orbi
2991 4710 3268 4775 restituta,
3302 4723 3434 4763 con-

1857 4814 2098 4872 cordiam
2130 4812 2180 4866 in
2212 4809 2455 4864 Ecclesia
2481 4809 2748 4870 obtinere,
2775 4802 3031 4858 intestina
3063 4801 3259 4871 deponi
3287 4801 3433 4865 odia,

1857 4906 2319 4971 dissidiorumque
2348 4901 2508 4954 linem
2539 4913 2662 4954 esse
2688 4916 2701 4952 :
2727 4913 2848 4953 eum
2882 4911 2939 4951 se
2963 4894 3200 4951 fructum
3224 4908 3435 4950 summe

1859 5014 2081 5069 sperare
2106 5012 2173 5052 ex
2223 5002 2303 5049 tot
2342 5000 2726 5062 tantorumque
2770 4989 3150 5061 episcoporum
3199 4988 3433 5044 adventu

1860 5100 2303 5147 conseculurum.

1935 5184 1985 5240 7.
2022 5183 2183 5238 Arius
2212 5196 2336 5235 suos
2370 5185 2664 5249 propugnat
2689 5193 2914 5232 errans.
2959 5175 3281 5230 Athanasius
3313 5191 3441 5229 con-

1863 5288 1946 5332 ινα
1983 5278 2170 5331 Arium
2204 5276 2456 5343 disputat.
2481 5302 2552 5313 —-
2586 5269 2681 5327 llis
2707 5268 3028 5340 praemissis,
3078 5266 3277 5336 jubent
3324 5264 3439 5333 epi-

1862 5370 2013 5439 sc0pi
2055 5368 2244 5422 Arium
2293 5380 2353 5420 se
2378 5364 2574 5420 sistere
2624 5363 2679 5418 in
2732 5361 2991 5427 medium,
3023 5359 3090 5415 de
3117 5356 3364 5414 doctrina
3392 5363 3447 5409 et

1956 5546 2006 5616 ε)
2034 5545 2161 5616 ωδ.Δ
2187 5559 2250 5606 ιι,
2283 5556 2335 5616 c_.
2368 5543 2423 5598 5.

1961 5612 2004 5685 ι’)
2032 5613 2251 5684 Apolog.
2301 5613 2375 5668 De
2412 5613 2559 5685 fuga,
2600 5630 2655 5667 ιι.
2689 5612 2744 5667 5.

1939 5685 2014 5754 (ῃ)
2040 5685 2160 5742 Lib.
2196 5701 2237 5747 ι,
2262 5697 2313 5737 c.
2343 5685 2397 5740 8.

1943 5760 2018 5830 (lt)
2047 5757 2159 5812 Lib.
2187 5770 2227 5819 ι,
2253 5770 2301 5809 c.
2334 5755 2420 5810 i9.
