  <div class='ocr_page' id='page_1' title='image "/cluster/home/n/w/nwhite01/storage/ocr_20150623/25/hvd.32044004972428/073.png"; bbox 0 0 4038 6522; ppageno 0'>
   <div class='ocr_carea' id='block_1_1' title="bbox 642 424 808 468">
    <p class='ocr_par' dir='ltr' id='par_1_1' title="bbox 642 424 808 468">
     <span class='ocr_line' id='line_1_1' title="bbox 642 424 808 468; baseline -0.03 0"><span class='ocrx_word' id='word_1_1' title='bbox 642 424 808 468; x_wconf 69' lang='lat' dir='ltr'><strong>LXVIII</strong></span> 
     </span>
    </p>
   </div>
   <div class='ocr_carea' id='block_1_2' title="bbox 2011 390 2546 450">
    <p class='ocr_par' dir='ltr' id='par_1_2' title="bbox 2011 390 2546 450">
     <span class='ocr_line' id='line_1_2' title="bbox 2011 390 2546 450; baseline -0.006 -2"><span class='ocrx_word' id='word_1_2' title='bbox 2011 390 2521 450; x_wconf 75' lang='lat' dir='ltr'><strong>PROLEGOMENA</strong></span> <span class='ocrx_word' id='word_1_3' title='bbox 2533 428 2546 445; x_wconf 91' lang='lat'><strong>.</strong></span> 
     </span>
    </p>
   </div>
   <div class='ocr_carea' id='block_1_3' title="bbox 644 502 3899 588">
    <p class='ocr_par' dir='ltr' id='par_1_3' title="bbox 644 502 3899 588">
     <span class='ocr_line' id='line_1_3' title="bbox 644 502 3899 588; baseline -0.006 -9"><span class='ocrx_word' id='word_1_4' title='bbox 644 524 750 579; x_wconf 78' lang='lat' dir='ltr'><strong>fide</strong></span> <span class='ocrx_word' id='word_1_5' title='bbox 774 534 869 577; x_wconf 88' lang='lat' dir='ltr'><strong>sua</strong></span> <span class='ocrx_word' id='word_1_6' title='bbox 898 531 1314 588; x_wconf 89' lang='lat' dir='ltr'><strong>responsurum.</strong></span> <span class='ocrx_word' id='word_1_7' title='bbox 1344 515 1395 573; x_wconf 89' lang='lat' dir='ltr'><strong>ls</strong></span> <span class='ocrx_word' id='word_1_8' title='bbox 1424 530 1534 571; x_wconf 92' lang='lat' dir='ltr'><strong>non</strong></span> <span class='ocrx_word' id='word_1_9' title='bbox 1564 511 1831 580; x_wconf 90' lang='lat' dir='ltr'><strong>intrepide</strong></span> <span class='ocrx_word' id='word_1_10' title='bbox 1860 510 2019 565; x_wconf 91' lang='lat' dir='ltr'><strong>modo</strong></span> <span class='ocrx_word' id='word_1_11' title='bbox 2054 509 2107 564; x_wconf 90' lang='lat' dir='ltr'><strong>in</strong></span> <span class='ocrx_word' id='word_1_12' title='bbox 2132 508 2218 579; x_wconf 89' lang='lat' dir='ltr'><strong>jus</strong></span> <span class='ocrx_word' id='word_1_13' title='bbox 2247 518 2290 573; x_wconf 74' lang='grc' dir='ltr'>Α</span> <span class='ocrx_word' id='word_1_14' title='bbox 2322 517 2498 562; x_wconf 90' lang='lat' dir='ltr'><strong>ratum</strong></span> <span class='ocrx_word' id='word_1_15' title='bbox 2536 513 2724 577; x_wconf 84' lang='lat' dir='ltr'><strong>postea</strong></span> <span class='ocrx_word' id='word_1_16' title='bbox 2751 503 2893 560; x_wconf 81' lang='lat' dir='ltr'><strong>fuit:</strong></span> <span class='ocrx_word' id='word_1_17' title='bbox 2925 505 3212 561; x_wconf 88' lang='lat' dir='ltr'><strong>damnatas</strong></span> <span class='ocrx_word' id='word_1_18' title='bbox 3241 503 3384 560; x_wconf 91' lang='lat' dir='ltr'><strong>enim</strong></span> <span class='ocrx_word' id='word_1_19' title='bbox 3424 502 3719 573; x_wconf 85' lang='lat' dir='ltr'><strong>opiniones</strong></span> <span class='ocrx_word' id='word_1_20' title='bbox 3743 505 3899 560; x_wconf 89' lang='lat' dir='ltr'><strong>modo</strong></span> 
     </span>
    </p>
   </div>
   <div class='ocr_carea' id='block_1_4' title="bbox 643 596 2219 678">
    <p class='ocr_par' dir='ltr' id='par_1_4' title="bbox 643 596 2219 678">
     <span class='ocr_line' id='line_1_4' title="bbox 643 596 2219 678; baseline -0.011 -11"><span class='ocrx_word' id='word_1_21' title='bbox 643 611 907 675; x_wconf 87' lang='lat' dir='ltr'><strong>ambulat,</strong></span> <span class='ocrx_word' id='word_1_22' title='bbox 944 608 1038 665; x_wconf 90' lang='lat' dir='ltr'><strong>sed</strong></span> <span class='ocrx_word' id='word_1_23' title='bbox 1064 614 1317 678; x_wconf 74' lang='lat' dir='ltr'><strong>proterve</strong></span> <span class='ocrx_word' id='word_1_24' title='bbox 1347 613 1529 660; x_wconf 92' lang='lat' dir='ltr'><strong>tuetur</strong></span> <span class='ocrx_word' id='word_1_25' title='bbox 1558 613 1795 657; x_wconf 84' lang='lat' dir='ltr'><strong>errores.</strong></span> <span class='ocrx_word' id='word_1_26' title='bbox 1832 596 1950 653; x_wconf 80' lang='lat' dir='ltr'><strong>Non</strong></span> <span class='ocrx_word' id='word_1_27' title='bbox 1984 598 2219 667; x_wconf 84' lang='lat' dir='ltr'><strong>impera-</strong></span> 
     </span>
    </p>
   </div>
   <div class='ocr_carea' id='block_1_5' title="bbox 645 687 2220 771">
    <p class='ocr_par' dir='ltr' id='par_1_5' title="bbox 645 687 2220 771">
     <span class='ocr_line' id='line_1_5' title="bbox 645 687 2220 771; baseline -0.011 -13"><span class='ocrx_word' id='word_1_28' title='bbox 645 704 778 759; x_wconf 86' lang='lat' dir='ltr'><strong>toris</strong></span> <span class='ocrx_word' id='word_1_29' title='bbox 814 700 1067 771; x_wconf 79' lang='lat' dir='ltr'><strong>dignitas,</strong></span> <span class='ocrx_word' id='word_1_30' title='bbox 1101 714 1205 752; x_wconf 92' lang='lat' dir='ltr'><strong>non</strong></span> <span class='ocrx_word' id='word_1_31' title='bbox 1241 696 1378 749; x_wconf 93' lang='lat' dir='ltr'><strong>tanti</strong></span> <span class='ocrx_word' id='word_1_32' title='bbox 1418 702 1596 750; x_wconf 70' lang='lat' dir='ltr'><strong>enatus</strong></span> <span class='ocrx_word' id='word_1_33' title='bbox 1628 687 1957 753; x_wconf 89' lang='lat' dir='ltr'><strong>reverentia,</strong></span> <span class='ocrx_word' id='word_1_34' title='bbox 1985 687 2220 741; x_wconf 82' lang='lat' dir='ltr'><strong>hominis</strong></span> 
     </span>
    </p>
   </div>
   <div class='ocr_carea' id='block_1_6' title="bbox 642 778 2221 861">
    <p class='ocr_par' dir='ltr' id='par_1_6' title="bbox 642 778 2221 861">
     <span class='ocr_line' id='line_1_6' title="bbox 642 778 2221 861; baseline -0.011 -13"><span class='ocrx_word' id='word_1_35' title='bbox 642 802 794 849; x_wconf 84' lang='lat' dir='ltr'><strong>arcet</strong></span> <span class='ocrx_word' id='word_1_36' title='bbox 824 790 1232 861; x_wconf 86' lang='lat' dir='ltr'><strong>impudentiam.</strong></span> <span class='ocrx_word' id='word_1_37' title='bbox 1267 787 1595 855; x_wconf 87' lang='lat' dir='ltr'><strong>Blasphema</strong></span> <span class='ocrx_word' id='word_1_38' title='bbox 1633 781 1747 835; x_wconf 91' lang='lat' dir='ltr'><strong>Arii</strong></span> <span class='ocrx_word' id='word_1_39' title='bbox 1779 779 1923 834; x_wconf 87' lang='lat' dir='ltr'><strong>dicta</strong></span> <span class='ocrx_word' id='word_1_40' title='bbox 1954 793 2061 833; x_wconf 91' lang='lat' dir='ltr'><strong>non</strong></span> <span class='ocrx_word' id='word_1_41' title='bbox 2101 778 2221 833; x_wconf 87' lang='lat' dir='ltr'><strong>sine</strong></span> 
     </span>
    </p>
   </div>
   <div class='ocr_carea' id='block_1_7' title="bbox 650 867 2217 949">
    <p class='ocr_par' dir='ltr' id='par_1_7' title="bbox 650 867 2217 949">
     <span class='ocr_line' id='line_1_7' title="bbox 650 867 2217 949; baseline -0.011 -12"><span class='ocrx_word' id='word_1_42' title='bbox 650 881 934 949; x_wconf 78' lang='lat' dir='ltr'><strong>stomacho</strong></span> <span class='ocrx_word' id='word_1_43' title='bbox 965 880 1300 947; x_wconf 87' lang='lat' dir='ltr'><strong>horroreque</strong></span> <span class='ocrx_word' id='word_1_44' title='bbox 1358 874 1587 929; x_wconf 88' lang='lat' dir='ltr'><strong>audiunt</strong></span> <span class='ocrx_word' id='word_1_45' title='bbox 1630 871 1892 941; x_wconf 80' lang='lat' dir='ltr'><strong>cpiscOpi.</strong></span> <span class='ocrx_word' id='word_1_46' title='bbox 1936 869 2007 922; x_wconf 91' lang='lat' dir='ltr'><strong>At</strong></span> <span class='ocrx_word' id='word_1_47' title='bbox 2055 882 2142 933; x_wconf 91' lang='lat' dir='ltr'><strong>ne,</strong></span> <span class='ocrx_word' id='word_1_48' title='bbox 2174 867 2217 921; x_wconf 90' lang='lat' dir='ltr'><strong>si</strong></span> 
     </span>
    </p>
   </div>
   <div class='ocr_carea' id='block_1_8' title="bbox 642 959 2217 1044">
    <p class='ocr_par' dir='ltr' id='par_1_8' title="bbox 642 959 2217 1044">
     <span class='ocr_line' id='line_1_8' title="bbox 642 959 2217 1044; baseline -0.01 -16"><span class='ocrx_word' id='word_1_49' title='bbox 642 980 970 1044; x_wconf 65' lang='lat' dir='ltr'><strong>praematuro</strong></span> <span class='ocrx_word' id='word_1_50' title='bbox 1010 968 1329 1023; x_wconf 67' lang='lat' dir='ltr'><strong>ulciscenda:</strong></span> <span class='ocrx_word' id='word_1_51' title='bbox 1356 980 1500 1019; x_wconf 62' lang='lat' dir='ltr'><strong>verte</strong></span> <span class='ocrx_word' id='word_1_52' title='bbox 1528 962 1792 1018; x_wconf 75' lang='lat' dir='ltr'><strong>doctrina:</strong></span> <span class='ocrx_word' id='word_1_53' title='bbox 1825 961 2008 1015; x_wconf 90' lang='lat' dir='ltr'><strong>studio</strong></span> <span class='ocrx_word' id='word_1_54' title='bbox 2033 959 2217 1025; x_wconf 91' lang='lat' dir='ltr'><strong>Arius,</strong></span> 
     </span>
    </p>
   </div>
   <div class='ocr_carea' id='block_1_9' title="bbox 645 1050 2219 1123">
    <p class='ocr_par' dir='ltr' id='par_1_9' title="bbox 645 1050 2219 1123">
     <span class='ocr_line' id='line_1_9' title="bbox 645 1050 2219 1123; baseline -0.011 -4"><span class='ocrx_word' id='word_1_55' title='bbox 645 1064 878 1119; x_wconf 87' lang='lat' dir='ltr'><strong>necdum</strong></span> <span class='ocrx_word' id='word_1_56' title='bbox 926 1062 1235 1116; x_wconf 81' lang='lat' dir='ltr'><strong>confutatus</strong></span> <span class='ocrx_word' id='word_1_57' title='bbox 1285 1058 1660 1119; x_wconf 87' lang='lat' dir='ltr'><strong>damnaretur,</strong></span> <span class='ocrx_word' id='word_1_58' title='bbox 1714 1052 2055 1123; x_wconf 74' lang='lat' dir='ltr'><strong>querelarum</strong></span> <span class='ocrx_word' id='word_1_59' title='bbox 2119 1050 2219 1119; x_wconf 89' lang='lat' dir='ltr'><strong>ipsi</strong></span> 
     </span>
    </p>
   </div>
   <div class='ocr_carea' id='block_1_10' title="bbox 642 1145 2220 1224">
    <p class='ocr_par' dir='ltr' id='par_1_10' title="bbox 642 1145 2220 1224">
     <span class='ocr_line' id='line_1_10' title="bbox 642 1145 2220 1224; baseline -0.011 -13"><span class='ocrx_word' id='word_1_60' title='bbox 642 1162 951 1224; x_wconf 87' lang='lat' dir='ltr'><strong>superesset</strong></span> <span class='ocrx_word' id='word_1_61' title='bbox 985 1153 1154 1214; x_wconf 89' lang='lat' dir='ltr'><strong>locus,</strong></span> <span class='ocrx_word' id='word_1_62' title='bbox 1189 1164 1289 1219; x_wconf 89' lang='lat' dir='ltr'><strong>par</strong></span> <span class='ocrx_word' id='word_1_63' title='bbox 1309 1163 1431 1203; x_wconf 90' lang='lat' dir='ltr'><strong>esse</strong></span> <span class='ocrx_word' id='word_1_64' title='bbox 1468 1146 1667 1211; x_wconf 91' lang='lat' dir='ltr'><strong>visum,</strong></span> <span class='ocrx_word' id='word_1_65' title='bbox 1693 1145 1870 1213; x_wconf 90' lang='lat' dir='ltr'><strong>primo</strong></span> <span class='ocrx_word' id='word_1_66' title='bbox 1902 1153 2220 1197; x_wconf 84' lang='lat' dir='ltr'><strong>controver-</strong></span> 
     </span>
    </p>
   </div>
   <div class='ocr_carea' id='block_1_11' title="bbox 642 1235 2219 1304">
    <p class='ocr_par' dir='ltr' id='par_1_11' title="bbox 642 1235 2219 1304">
     <span class='ocr_line' id='line_1_11' title="bbox 642 1235 2219 1304; baseline -0.008 -4"><span class='ocrx_word' id='word_1_67' title='bbox 642 1246 781 1301; x_wconf 90' lang='lat' dir='ltr'><strong>siam</strong></span> <span class='ocrx_word' id='word_1_68' title='bbox 818 1244 954 1298; x_wconf 91' lang='lat' dir='ltr'><strong>inire</strong></span> <span class='ocrx_word' id='word_1_69' title='bbox 987 1257 1108 1296; x_wconf 93' lang='lat' dir='ltr'><strong>cum</strong></span> <span class='ocrx_word' id='word_1_70' title='bbox 1145 1238 1533 1294; x_wconf 71' lang='lat' dir='ltr'><strong>hazresiarcha.</strong></span> <span class='ocrx_word' id='word_1_71' title='bbox 1578 1235 1675 1290; x_wconf 84' lang='lat' dir='ltr'><strong>Hic</strong></span> <span class='ocrx_word' id='word_1_72' title='bbox 1704 1236 2066 1304; x_wconf 88' lang='lat' dir='ltr'><strong>complurium</strong></span> <span class='ocrx_word' id='word_1_73' title='bbox 2120 1250 2219 1289; x_wconf 89' lang='lat' dir='ltr'><strong>an-</strong></span> 
     </span>
    </p>
   </div>
   <div class='ocr_carea' id='block_1_12' title="bbox 642 1326 2218 1398">
    <p class='ocr_par' dir='ltr' id='par_1_12' title="bbox 642 1326 2218 1398">
     <span class='ocr_line' id='line_1_12' title="bbox 642 1326 2218 1398; baseline -0.008 -8"><span class='ocrx_word' id='word_1_74' title='bbox 642 1336 868 1390; x_wconf 88' lang='lat' dir='ltr'><strong>tistitum</strong></span> <span class='ocrx_word' id='word_1_75' title='bbox 892 1332 1118 1386; x_wconf 92' lang='lat' dir='ltr'><strong>emicuit</strong></span> <span class='ocrx_word' id='word_1_76' title='bbox 1160 1332 1243 1385; x_wconf 86' lang='lat' dir='ltr'><strong>vis</strong></span> <span class='ocrx_word' id='word_1_77' title='bbox 1277 1329 1507 1398; x_wconf 77' lang='lat' dir='ltr'><strong>ingenii,</strong></span> <span class='ocrx_word' id='word_1_78' title='bbox 1542 1341 1689 1381; x_wconf 75' lang='lat' dir='ltr'><strong>verae</strong></span> <span class='ocrx_word' id='word_1_79' title='bbox 1737 1326 1858 1381; x_wconf 82' lang='lat' dir='ltr'><strong>fidei</strong></span> <span class='ocrx_word' id='word_1_80' title='bbox 1900 1334 2218 1385; x_wconf 78' lang='lat' dir='ltr'><strong>amor,stu-</strong></span> 
     </span>
    </p>
   </div>
   <div class='ocr_carea' id='block_1_13' title="bbox 639 1417 2221 1490">
    <p class='ocr_par' dir='ltr' id='par_1_13' title="bbox 639 1417 2221 1490">
     <span class='ocr_line' id='line_1_13' title="bbox 639 1417 2221 1490; baseline -0.008 -9"><span class='ocrx_word' id='word_1_81' title='bbox 639 1427 788 1481; x_wconf 89' lang='lat' dir='ltr'><strong>dium</strong></span> <span class='ocrx_word' id='word_1_82' title='bbox 811 1423 1196 1480; x_wconf 68' lang='lat' dir='ltr'><strong>ecclesiastica:</strong></span> <span class='ocrx_word' id='word_1_83' title='bbox 1243 1422 1415 1490; x_wconf 84' lang='lat' dir='ltr'><strong>pacis,</strong></span> <span class='ocrx_word' id='word_1_84' title='bbox 1451 1417 1696 1473; x_wconf 82' lang='lat' dir='ltr'><strong>Marcelli</strong></span> <span class='ocrx_word' id='word_1_85' title='bbox 1724 1418 1776 1472; x_wconf 93' lang='lat' dir='ltr'><strong>in</strong></span> <span class='ocrx_word' id='word_1_86' title='bbox 1806 1417 2001 1486; x_wconf 88' lang='lat' dir='ltr'><strong>primis</strong></span> <span class='ocrx_word' id='word_1_87' title='bbox 2040 1417 2221 1487; x_wconf 87' lang='lat' dir='ltr'><strong>Ancy-</strong></span> 
     </span>
    </p>
   </div>
   <div class='ocr_carea' id='block_1_14' title="bbox 640 1508 2220 1579">
    <p class='ocr_par' dir='ltr' id='par_1_14' title="bbox 640 1508 2220 1579">
     <span class='ocr_line' id='line_1_14' title="bbox 640 1508 2220 1579; baseline -0.009 -7"><span class='ocrx_word' id='word_1_88' title='bbox 640 1517 779 1579; x_wconf 88' lang='lat' dir='ltr'><strong>rani,</strong></span> <span class='ocrx_word' id='word_1_89' title='bbox 811 1515 1048 1569; x_wconf 83' lang='lat' dir='ltr'><strong>maxime</strong></span> <span class='ocrx_word' id='word_1_90' title='bbox 1089 1523 1268 1567; x_wconf 90' lang='lat' dir='ltr'><strong>tamen</strong></span> <span class='ocrx_word' id='word_1_91' title='bbox 1301 1511 1543 1566; x_wconf 89' lang='lat' dir='ltr'><strong>omnium</strong></span> <span class='ocrx_word' id='word_1_92' title='bbox 1598 1508 1887 1565; x_wconf 80' lang='lat' dir='ltr'><strong>Athanasii</strong></span> <span class='ocrx_word' id='word_1_93' title='bbox 1935 1524 1948 1561; x_wconf 90' lang='lat'><strong>:</strong></span> <span class='ocrx_word' id='word_1_94' title='bbox 2005 1508 2097 1576; x_wconf 89' lang='lat' dir='ltr'><strong>qui</strong></span> <span class='ocrx_word' id='word_1_95' title='bbox 2140 1515 2220 1559; x_wconf 92' lang='lat' dir='ltr'><strong>ta-</strong></span> 
     </span>
    </p>
   </div>
   <div class='ocr_carea' id='block_1_15' title="bbox 640 1598 2219 1665">
    <p class='ocr_par' dir='ltr' id='par_1_15' title="bbox 640 1598 2219 1665">
     <span class='ocr_line' id='line_1_15' title="bbox 640 1598 2219 1665; baseline -0.007 -3"><span class='ocrx_word' id='word_1_96' title='bbox 640 1608 804 1664; x_wconf 91' lang='lat' dir='ltr'><strong>metsi</strong></span> <span class='ocrx_word' id='word_1_97' title='bbox 857 1607 1125 1661; x_wconf 90' lang='lat' dir='ltr'><strong>diaconus</strong></span> <span class='ocrx_word' id='word_1_98' title='bbox 1172 1604 1345 1658; x_wconf 89' lang='lat' dir='ltr'><strong>solum</strong></span> <span class='ocrx_word' id='word_1_99' title='bbox 1400 1611 1542 1664; x_wconf 86' lang='lat' dir='ltr'><strong>erat,</strong></span> <span class='ocrx_word' id='word_1_100' title='bbox 1596 1608 1675 1665; x_wconf 91' lang='lat' dir='ltr'><strong>et,</strong></span> <span class='ocrx_word' id='word_1_101' title='bbox 1734 1608 1792 1654; x_wconf 92' lang='lat' dir='ltr'><strong>ut</strong></span> <span class='ocrx_word' id='word_1_102' title='bbox 1844 1600 1920 1653; x_wconf 86' lang='lat' dir='ltr'><strong>ait</strong></span> <span class='ocrx_word' id='word_1_103' title='bbox 1966 1598 2219 1652; x_wconf 86' lang='lat' dir='ltr'><strong>Theodo-</strong></span> 
     </span>
    </p>
   </div>
   <div class='ocr_carea' id='block_1_16' title="bbox 642 1688 2219 1767">
    <p class='ocr_par' dir='ltr' id='par_1_16' title="bbox 642 1688 2219 1767">
     <span class='ocr_line' id='line_1_16' title="bbox 642 1688 2219 1767; baseline -0.005 -17"><span class='ocrx_word' id='word_1_104' title='bbox 642 1694 909 1767; x_wconf 89' lang='lat' dir='ltr'><strong>retus(a),</strong></span> <span class='ocrx_word' id='word_1_105' title='bbox 957 1694 1218 1765; x_wconf 90' lang='lat' dir='ltr'><strong>juvenilis</strong></span> <span class='ocrx_word' id='word_1_106' title='bbox 1261 1694 1457 1758; x_wconf 71' lang='lat' dir='ltr'><strong>aetatis,</strong></span> <span class='ocrx_word' id='word_1_107' title='bbox 1512 1689 1712 1745; x_wconf 91' lang='lat' dir='ltr'><strong>nemini</strong></span> <span class='ocrx_word' id='word_1_108' title='bbox 1748 1689 1838 1742; x_wconf 91' lang='lat' dir='ltr'><strong>uni</strong></span> <span class='ocrx_word' id='word_1_109' title='bbox 1869 1688 2219 1757; x_wconf 84' lang='lat' dir='ltr'><strong>quantumvis</strong></span> 
     </span>
    </p>
   </div>
   <div class='ocr_carea' id='block_1_17' title="bbox 643 1779 2214 1859">
    <p class='ocr_par' dir='ltr' id='par_1_17' title="bbox 643 1779 2214 1859">
     <span class='ocr_line' id='line_1_17' title="bbox 643 1779 2214 1859; baseline -0.004 -19"><span class='ocrx_word' id='word_1_110' title='bbox 643 1787 935 1859; x_wconf 76' lang='lat' dir='ltr'><strong>grandzevo</strong></span> <span class='ocrx_word' id='word_1_111' title='bbox 971 1788 1247 1841; x_wconf 88' lang='lat' dir='ltr'><strong>secundus</strong></span> <span class='ocrx_word' id='word_1_112' title='bbox 1287 1794 1406 1839; x_wconf 88' lang='lat' dir='ltr'><strong>erat</strong></span> <span class='ocrx_word' id='word_1_113' title='bbox 1453 1782 1632 1836; x_wconf 90' lang='lat' dir='ltr'><strong>studio</strong></span> <span class='ocrx_word' id='word_1_114' title='bbox 1675 1781 1792 1835; x_wconf 90' lang='lat' dir='ltr'><strong>Arii</strong></span> <span class='ocrx_word' id='word_1_115' title='bbox 1846 1779 2165 1835; x_wconf 90' lang='lat' dir='ltr'><strong>confutandi</strong></span> <span class='ocrx_word' id='word_1_116' title='bbox 2199 1795 2214 1833; x_wconf 89' lang='lat'><strong>:</strong></span> 
     </span>
    </p>
   </div>
   <div class='ocr_carea' id='block_1_18' title="bbox 2321 592 3899 666">
    <p class='ocr_par' dir='ltr' id='par_1_18' title="bbox 2321 592 3899 666">
     <span class='ocr_line' id='line_1_18' title="bbox 2321 592 3899 666; baseline -0.004 -14"><span class='ocrx_word' id='word_1_117' title='bbox 2321 598 2482 661; x_wconf 92' lang='lat' dir='ltr'><strong>clam,</strong></span> <span class='ocrx_word' id='word_1_118' title='bbox 2534 597 2692 651; x_wconf 87' lang='lat' dir='ltr'><strong>modo</strong></span> <span class='ocrx_word' id='word_1_119' title='bbox 2737 596 2952 666; x_wconf 86' lang='lat' dir='ltr'><strong>publice</strong></span> <span class='ocrx_word' id='word_1_120' title='bbox 2987 595 3325 662; x_wconf 89' lang='lat' dir='ltr'><strong>defendunt;</strong></span> <span class='ocrx_word' id='word_1_121' title='bbox 3363 603 3418 649; x_wconf 90' lang='lat' dir='ltr'><strong>et</strong></span> <span class='ocrx_word' id='word_1_122' title='bbox 3441 592 3748 664; x_wconf 85' lang='lat' dir='ltr'><strong>conspicati</strong></span> <span class='ocrx_word' id='word_1_123' title='bbox 3779 608 3899 647; x_wconf 91' lang='lat' dir='ltr'><strong>cum</strong></span> 
     </span>
    </p>
   </div>
   <div class='ocr_carea' id='block_1_19' title="bbox 2321 684 3907 761">
    <p class='ocr_par' dir='ltr' id='par_1_19' title="bbox 2321 684 3907 761">
     <span class='ocr_line' id='line_1_19' title="bbox 2321 684 3907 761; baseline -0.006 -16"><span class='ocrx_word' id='word_1_124' title='bbox 2321 691 2510 761; x_wconf 90' lang='lat' dir='ltr'><strong>peritis</strong></span> <span class='ocrx_word' id='word_1_125' title='bbox 2534 698 2589 745; x_wconf 94' lang='lat' dir='ltr'><strong>et</strong></span> <span class='ocrx_word' id='word_1_126' title='bbox 2614 689 2900 760; x_wconf 83' lang='lat' dir='ltr'><strong>sagacibus</strong></span> <span class='ocrx_word' id='word_1_127' title='bbox 2931 687 3030 744; x_wconf 83' lang='lat' dir='ltr'><strong>sibi</strong></span> <span class='ocrx_word' id='word_1_128' title='bbox 3062 704 3174 742; x_wconf 86' lang='lat' dir='ltr'><strong>rem</strong></span> <span class='ocrx_word' id='word_1_129' title='bbox 3206 702 3349 749; x_wconf 88' lang='lat' dir='ltr'><strong>esse,</strong></span> <span class='ocrx_word' id='word_1_130' title='bbox 3396 684 3545 739; x_wconf 91' lang='lat' dir='ltr'><strong>nullo</strong></span> <span class='ocrx_word' id='word_1_131' title='bbox 3574 698 3684 739; x_wconf 91' lang='lat' dir='ltr'><strong>non</strong></span> <span class='ocrx_word' id='word_1_132' title='bbox 3730 684 3907 736; x_wconf 83' lang='lat' dir='ltr'><strong>artifi-</strong></span> 
     </span>
    </p>
   </div>
   <div class='ocr_carea' id='block_1_20' title="bbox 2322 776 3907 842">
    <p class='ocr_par' dir='ltr' id='par_1_20' title="bbox 2322 776 3907 842">
     <span class='ocr_line' id='line_1_20' title="bbox 2322 776 3907 842; baseline -0.005 -5"><span class='ocrx_word' id='word_1_133' title='bbox 2322 783 2407 837; x_wconf 92' lang='lat' dir='ltr'><strong>cio</strong></span> <span class='ocrx_word' id='word_1_134' title='bbox 2439 791 2672 837; x_wconf 89' lang='lat' dir='ltr'><strong>utuntur</strong></span> <span class='ocrx_word' id='word_1_135' title='bbox 2725 796 2793 835; x_wconf 89' lang='lat' dir='ltr'><strong>ne</strong></span> <span class='ocrx_word' id='word_1_136' title='bbox 2831 795 2992 836; x_wconf 89' lang='lat' dir='ltr'><strong>causa</strong></span> <span class='ocrx_word' id='word_1_137' title='bbox 3036 779 3256 842; x_wconf 85' lang='lat' dir='ltr'><strong>cadant.</strong></span> <span class='ocrx_word' id='word_1_138' title='bbox 3313 777 3437 832; x_wconf 71' lang='lat' dir='ltr'><strong>llaec</strong></span> <span class='ocrx_word' id='word_1_139' title='bbox 3466 792 3532 831; x_wconf 81' lang='lat' dir='ltr'><strong>ex</strong></span> <span class='ocrx_word' id='word_1_140' title='bbox 3561 776 3907 829; x_wconf 88' lang='lat' dir='ltr'><strong>Theodoreto</strong></span> 
     </span>
    </p>
   </div>
   <div class='ocr_carea' id='block_1_21' title="bbox 2319 867 3909 941">
    <p class='ocr_par' dir='ltr' id='par_1_21' title="bbox 2319 867 3909 941">
     <span class='ocr_line' id='line_1_21' title="bbox 2319 867 3909 941; baseline -0.005 -14"><span class='ocrx_word' id='word_1_141' title='bbox 2319 872 2412 928; x_wconf 90' lang='lat' dir='ltr'><strong>lib.</strong></span> <span class='ocrx_word' id='word_1_142' title='bbox 2443 888 2485 939; x_wconf 86' lang='grc' dir='ltr'><strong>ι,</strong></span> <span class='ocrx_word' id='word_1_143' title='bbox 2511 888 2563 927; x_wconf 93' lang='lat' dir='ltr'><strong>c.</strong></span> <span class='ocrx_word' id='word_1_144' title='bbox 2597 873 2650 937; x_wconf 87' lang='lat'><strong>7,</strong></span> <span class='ocrx_word' id='word_1_145' title='bbox 2692 874 2780 941; x_wconf 91' lang='lat' dir='ltr'><strong>qui</strong></span> <span class='ocrx_word' id='word_1_146' title='bbox 2809 874 2994 927; x_wconf 88' lang='lat' dir='ltr'><strong>eadem</strong></span> <span class='ocrx_word' id='word_1_147' title='bbox 3028 872 3164 940; x_wconf 90' lang='lat' dir='ltr'><strong>ipsa,</strong></span> <span class='ocrx_word' id='word_1_148' title='bbox 3184 886 3241 926; x_wconf 21' lang='lat' dir='ltr'><strong>rc.</strong></span> <span class='ocrx_word' id='word_1_149' title='bbox 3272 871 3419 937; x_wconf 62' lang='lat' dir='ltr'><strong>8,,ex</strong></span> <span class='ocrx_word' id='word_1_150' title='bbox 3448 867 3743 923; x_wconf 83' lang='lat' dir='ltr'><strong>Eustathio</strong></span> <span class='ocrx_word' id='word_1_151' title='bbox 3777 880 3909 921; x_wconf 90' lang='lat' dir='ltr'><strong>con-</strong></span> 
     </span>
    </p>
   </div>
   <div class='ocr_carea' id='block_1_22' title="bbox 2321 957 3887 1033">
    <p class='ocr_par' dir='ltr' id='par_1_22' title="bbox 2321 957 3887 1033">
     <span class='ocr_line' id='line_1_22' title="bbox 2321 957 3887 1033; baseline -0.004 -16"><span class='ocrx_word' id='word_1_152' title='bbox 2321 964 2521 1017; x_wconf 84' lang='lat' dir='ltr'><strong>ﬁrmat.</strong></span> <span class='ocrx_word' id='word_1_153' title='bbox 2566 962 2977 1019; x_wconf 86' lang='lat' dir='ltr'><strong>llallucinantur</strong></span> <span class='ocrx_word' id='word_1_154' title='bbox 3016 977 3201 1033; x_wconf 89' lang='lat' dir='ltr'><strong>porro,</strong></span> <span class='ocrx_word' id='word_1_155' title='bbox 3252 963 3342 1031; x_wconf 89' lang='lat' dir='ltr'><strong>qui</strong></span> <span class='ocrx_word' id='word_1_156' title='bbox 3375 960 3619 1016; x_wconf 92' lang='lat' dir='ltr'><strong>libellum</strong></span> <span class='ocrx_word' id='word_1_157' title='bbox 3650 957 3887 1028; x_wconf 73' lang='lat' dir='ltr'><strong>capite?</strong></span> 
     </span>
    </p>
   </div>
   <div class='ocr_carea' id='block_1_23' title="bbox 2323 1034 3901 1121">
    <p class='ocr_par' dir='ltr' id='par_1_23' title="bbox 2323 1034 3901 1121">
     <span class='ocr_line' id='line_1_23' title="bbox 2323 1034 3901 1121; baseline -0.003 -13"><span class='ocrx_word' id='word_1_158' title='bbox 2323 1066 2705 1121; x_wconf 91' lang='lat' dir='ltr'><strong>memoratum,</strong></span> <span class='ocrx_word' id='word_1_159' title='bbox 2750 1054 3022 1109; x_wconf 90' lang='lat' dir='ltr'><strong>diversum</strong></span> <span class='ocrx_word' id='word_1_160' title='bbox 3072 1067 3193 1108; x_wconf 91' lang='lat' dir='ltr'><strong>esse</strong></span> <span class='ocrx_word' id='word_1_161' title='bbox 3241 1034 3434 1121; x_wconf 69' lang='lat' dir='ltr'><strong>putant</strong></span> <span class='ocrx_word' id='word_1_162' title='bbox 3459 1053 3529 1105; x_wconf 90' lang='lat' dir='ltr'><strong>ab</strong></span> <span class='ocrx_word' id='word_1_163' title='bbox 3555 1050 3666 1104; x_wconf 91' lang='lat' dir='ltr'><strong>alio</strong></span> <span class='ocrx_word' id='word_1_164' title='bbox 3695 1050 3764 1104; x_wconf 90' lang='lat' dir='ltr'><strong>de</strong></span> <span class='ocrx_word' id='word_1_165' title='bbox 3794 1062 3901 1118; x_wconf 90' lang='lat' dir='ltr'><strong>quo</strong></span> 
     </span>
    </p>
   </div>
   <div class='ocr_carea' id='block_1_24' title="bbox 2318 1143 3909 1216">
    <p class='ocr_par' dir='ltr' id='par_1_24' title="bbox 2318 1143 3909 1216">
     <span class='ocr_line' id='line_1_24' title="bbox 2318 1143 3909 1216; baseline -0.003 -15"><span class='ocrx_word' id='word_1_166' title='bbox 2318 1162 2371 1201; x_wconf 94' lang='lat' dir='ltr'><strong>c.</strong></span> <span class='ocrx_word' id='word_1_167' title='bbox 2401 1147 2458 1211; x_wconf 90' lang='lat'><strong>8,</strong></span> <span class='ocrx_word' id='word_1_168' title='bbox 2494 1162 2617 1201; x_wconf 88' lang='lat' dir='ltr'><strong>nam</strong></span> <span class='ocrx_word' id='word_1_169' title='bbox 2646 1146 2877 1216; x_wconf 90' lang='lat' dir='ltr'><strong>idipsum</strong></span> <span class='ocrx_word' id='word_1_170' title='bbox 2909 1146 3201 1216; x_wconf 86' lang='lat' dir='ltr'><strong>utrobique</strong></span> <span class='ocrx_word' id='word_1_171' title='bbox 3233 1145 3467 1205; x_wconf 86' lang='lat' dir='ltr'><strong>narrari,</strong></span> <span class='ocrx_word' id='word_1_172' title='bbox 3496 1143 3712 1209; x_wconf 86' lang='lat' dir='ltr'><strong>nemini</strong></span> <span class='ocrx_word' id='word_1_173' title='bbox 3739 1158 3909 1198; x_wconf 85' lang='lat' dir='ltr'><strong>accu-</strong></span> 
     </span>
    </p>
   </div>
   <div class='ocr_carea' id='block_1_25' title="bbox 2321 1236 3914 1308">
    <p class='ocr_par' dir='ltr' id='par_1_25' title="bbox 2321 1236 3914 1308">
     <span class='ocr_line' id='line_1_25' title="bbox 2321 1236 3914 1308; baseline -0.001 -16"><span class='ocrx_word' id='word_1_174' title='bbox 2321 1238 2490 1293; x_wconf 87' lang='lat' dir='ltr'><strong>ratius</strong></span> <span class='ocrx_word' id='word_1_175' title='bbox 2538 1238 2736 1308; x_wconf 79' lang='lat' dir='ltr'><strong>legenti</strong></span> <span class='ocrx_word' id='word_1_176' title='bbox 2772 1239 2992 1293; x_wconf 90' lang='lat' dir='ltr'><strong>dubium</strong></span> <span class='ocrx_word' id='word_1_177' title='bbox 3024 1236 3122 1308; x_wconf 86' lang='lat' dir='ltr'><strong>(e).</strong></span> <span class='ocrx_word' id='word_1_178' title='bbox 3176 1236 3274 1291; x_wconf 83' lang='lat' dir='ltr'><strong>Hic</strong></span> <span class='ocrx_word' id='word_1_179' title='bbox 3311 1237 3427 1305; x_wconf 91' lang='lat' dir='ltr'><strong>ipse</strong></span> <span class='ocrx_word' id='word_1_180' title='bbox 3471 1236 3693 1291; x_wconf 79' lang='lat' dir='ltr'><strong>libellus</strong></span> <span class='ocrx_word' id='word_1_181' title='bbox 3731 1246 3914 1291; x_wconf 80' lang='lat' dir='ltr'><strong>exstat</strong></span> 
     </span>
    </p>
   </div>
   <div class='ocr_carea' id='block_1_26' title="bbox 2321 1324 3909 1398">
    <p class='ocr_par' dir='ltr' id='par_1_26' title="bbox 2321 1324 3909 1398">
     <span class='ocr_line' id='line_1_26' title="bbox 2321 1324 3909 1398; baseline -0.003 -13"><span class='ocrx_word' id='word_1_182' title='bbox 2321 1330 2371 1385; x_wconf 93' lang='lat' dir='ltr'><strong>in</strong></span> <span class='ocrx_word' id='word_1_183' title='bbox 2404 1330 2628 1398; x_wconf 89' lang='lat' dir='ltr'><strong>epistola</strong></span> <span class='ocrx_word' id='word_1_184' title='bbox 2676 1328 2899 1384; x_wconf 86' lang='lat' dir='ltr'><strong>Eusebii</strong></span> <span class='ocrx_word' id='word_1_185' title='bbox 2947 1327 3311 1383; x_wconf 73' lang='lat' dir='ltr'><strong>Caesariensis</strong></span> <span class='ocrx_word' id='word_1_186' title='bbox 3349 1344 3364 1392; x_wconf 93' lang='lat'><strong>;</strong></span> <span class='ocrx_word' id='word_1_187' title='bbox 3420 1334 3618 1396; x_wconf 88' lang='lat' dir='ltr'><strong>estque</strong></span> <span class='ocrx_word' id='word_1_188' title='bbox 3644 1324 3769 1381; x_wconf 85' lang='lat' dir='ltr'><strong>fidei</strong></span> <span class='ocrx_word' id='word_1_189' title='bbox 3803 1326 3909 1381; x_wconf 78' lang='lat' dir='ltr'><strong>for—</strong></span> 
     </span>
    </p>
   </div>
   <div class='ocr_carea' id='block_1_27' title="bbox 2322 1418 3913 1487">
    <p class='ocr_par' dir='ltr' id='par_1_27' title="bbox 2322 1418 3913 1487">
     <span class='ocr_line' id='line_1_27' title="bbox 2322 1418 3913 1487; baseline -0.003 -12"><span class='ocrx_word' id='word_1_190' title='bbox 2322 1421 2488 1476; x_wconf 86' lang='lat' dir='ltr'><strong>mula.</strong></span> <span class='ocrx_word' id='word_1_191' title='bbox 2524 1421 2798 1476; x_wconf 67' lang='lat' dir='ltr'><strong>Praeterea</strong></span> <span class='ocrx_word' id='word_1_192' title='bbox 2844 1420 3155 1487; x_wconf 89' lang='lat' dir='ltr'><strong>epistolam,</strong></span> <span class='ocrx_word' id='word_1_193' title='bbox 3210 1428 3349 1474; x_wconf 90' lang='lat' dir='ltr'><strong>teste</strong></span> <span class='ocrx_word' id='word_1_194' title='bbox 3391 1418 3710 1482; x_wconf 86' lang='lat' dir='ltr'><strong>Ambrosio,</strong></span> <span class='ocrx_word' id='word_1_195' title='bbox 3753 1418 3913 1473; x_wconf 89' lang='lat' dir='ltr'><strong>obtu-</strong></span> 
     </span>
    </p>
   </div>
   <div class='ocr_carea' id='block_1_28' title="bbox 2320 1509 3911 1583">
    <p class='ocr_par' dir='ltr' id='par_1_28' title="bbox 2320 1509 3911 1583">
     <span class='ocr_line' id='line_1_28' title="bbox 2320 1509 3911 1583; baseline -0.001 -18"><span class='ocrx_word' id='word_1_196' title='bbox 2320 1512 2499 1568; x_wconf 91' lang='lat' dir='ltr'><strong>lerunt</strong></span> <span class='ocrx_word' id='word_1_197' title='bbox 2544 1514 2759 1579; x_wconf 90' lang='lat' dir='ltr'><strong>Ariani,</strong></span> <span class='ocrx_word' id='word_1_198' title='bbox 2798 1528 2905 1583; x_wconf 90' lang='lat' dir='ltr'><strong>qua</strong></span> <span class='ocrx_word' id='word_1_199' title='bbox 2941 1514 3290 1569; x_wconf 87' lang='lat' dir='ltr'><strong>confutarent</strong></span> <span class='ocrx_word' id='word_1_200' title='bbox 3336 1510 3430 1563; x_wconf 85' lang='grc' dir='ltr'>τοῦ</span> <span class='ocrx_word' id='word_1_201' title='bbox 3470 1509 3767 1581; x_wconf 77' lang='grc' dir='ltr'><strong>ὁμοουσίου</strong></span> <span class='ocrx_word' id='word_1_202' title='bbox 3814 1524 3911 1564; x_wconf 85' lang='lat' dir='ltr'><strong>vo-</strong></span> 
     </span>
    </p>
   </div>
   <div class='ocr_carea' id='block_1_29' title="bbox 2318 1602 3910 1673">
    <p class='ocr_par' dir='ltr' id='par_1_29' title="bbox 2318 1602 3910 1673">
     <span class='ocr_line' id='line_1_29' title="bbox 2318 1602 3910 1673; baseline -0.002 -14"><span class='ocrx_word' id='word_1_203' title='bbox 2318 1619 2455 1660; x_wconf 84' lang='lat' dir='ltr'><strong>cem.</strong></span> <span class='ocrx_word' id='word_1_204' title='bbox 2481 1606 2637 1672; x_wconf 87' lang='lat' dir='ltr'><strong>Quod</strong></span> <span class='ocrx_word' id='word_1_205' title='bbox 2664 1606 2710 1660; x_wconf 89' lang='lat' dir='ltr'><strong>si</strong></span> <span class='ocrx_word' id='word_1_206' title='bbox 2745 1605 2862 1673; x_wconf 85' lang='lat' dir='ltr'><strong>ejus</strong></span> <span class='ocrx_word' id='word_1_207' title='bbox 2896 1619 3058 1660; x_wconf 91' lang='lat' dir='ltr'><strong>nemo</strong></span> <span class='ocrx_word' id='word_1_208' title='bbox 3099 1612 3297 1672; x_wconf 67' lang='lat' dir='ltr'><strong>praeter</strong></span> <span class='ocrx_word' id='word_1_209' title='bbox 3326 1603 3676 1659; x_wconf 88' lang='lat' dir='ltr'><strong>Ambrosium</strong></span> <span class='ocrx_word' id='word_1_210' title='bbox 3714 1602 3910 1657; x_wconf 85' lang='lat' dir='ltr'><strong>memi-</strong></span> 
     </span>
    </p>
   </div>
   <div class='ocr_carea' id='block_1_30' title="bbox 2319 1693 3535 1763">
    <p class='ocr_par' dir='ltr' id='par_1_30' title="bbox 2319 1693 3535 1763">
     <span class='ocr_line' id='line_1_30' title="bbox 2319 1693 3535 1763; baseline -0.004 -12"><span class='ocrx_word' id='word_1_211' title='bbox 2319 1698 2418 1763; x_wconf 92' lang='lat' dir='ltr'><strong>nit,</strong></span> <span class='ocrx_word' id='word_1_212' title='bbox 2453 1696 2503 1749; x_wconf 90' lang='lat' dir='ltr'><strong>id</strong></span> <span class='ocrx_word' id='word_1_213' title='bbox 2539 1711 2604 1750; x_wconf 83' lang='lat' dir='ltr'><strong>ex</strong></span> <span class='ocrx_word' id='word_1_214' title='bbox 2634 1694 2853 1749; x_wconf 89' lang='lat' dir='ltr'><strong>amissis</strong></span> <span class='ocrx_word' id='word_1_215' title='bbox 2883 1695 3033 1749; x_wconf 84' lang='lat' dir='ltr'><strong>Actis</strong></span> <span class='ocrx_word' id='word_1_216' title='bbox 3066 1693 3304 1748; x_wconf 71' lang='lat' dir='ltr'><strong>Niczenis</strong></span> <span class='ocrx_word' id='word_1_217' title='bbox 3330 1694 3535 1748; x_wconf 88' lang='lat' dir='ltr'><strong>evenit.</strong></span> 
     </span>
    </p>
   </div>
   <div class='ocr_carea' id='block_1_31' title="bbox 2389 1783 3915 1854">
    <p class='ocr_par' dir='ltr' id='par_1_31' title="bbox 2389 1783 3915 1854">
     <span class='ocr_line' id='line_1_31' title="bbox 2389 1783 3915 1854; baseline -0.003 -15"><span class='ocrx_word' id='word_1_218' title='bbox 2389 1786 2441 1841; x_wconf 93' lang='lat'><strong>9.</strong></span> <span class='ocrx_word' id='word_1_219' title='bbox 2475 1786 2615 1852; x_wconf 81' lang='lat' dir='ltr'><strong>Quid</strong></span> <span class='ocrx_word' id='word_1_220' title='bbox 2632 1801 2724 1854; x_wconf 83' lang='lat' dir='ltr'><strong>pro</strong></span> <span class='ocrx_word' id='word_1_221' title='bbox 2740 1784 2833 1838; x_wconf 80' lang='grc' dir='ltr'>τοῦ</span> <span class='ocrx_word' id='word_1_222' title='bbox 2859 1783 3147 1854; x_wconf 80' lang='grc' dir='ltr'>ὁμοουσίου</span> <span class='ocrx_word' id='word_1_223' title='bbox 3171 1798 3290 1836; x_wconf 77' lang='lat' dir='ltr'><strong>voce</strong></span> <span class='ocrx_word' id='word_1_224' title='bbox 3308 1783 3595 1836; x_wconf 79' lang='lat' dir='ltr'><strong>statuenda</strong></span> <span class='ocrx_word' id='word_1_225' title='bbox 3630 1788 3915 1835; x_wconf 75' lang='lat' dir='ltr'><strong>actum.—</strong></span> 
     </span>
    </p>
   </div>
   <div class='ocr_carea' id='block_1_32' title="bbox 641 1870 3910 1946">
    <p class='ocr_par' dir='ltr' id='par_1_32' title="bbox 641 1870 3910 1946">
     <span class='ocr_line' id='line_1_32' title="bbox 641 1870 3910 1946; baseline -0.001 -14"><span class='ocrx_word' id='word_1_226' title='bbox 641 1895 747 1943; x_wconf 81' lang='lat' dir='ltr'><strong>qua</strong></span> <span class='ocrx_word' id='word_1_227' title='bbox 780 1880 845 1934; x_wconf 88' lang='lat' dir='ltr'><strong>de</strong></span> <span class='ocrx_word' id='word_1_228' title='bbox 878 1894 938 1934; x_wconf 91' lang='lat' dir='ltr'><strong>re</strong></span> <span class='ocrx_word' id='word_1_229' title='bbox 971 1878 1271 1932; x_wconf 90' lang='lat' dir='ltr'><strong>audiendus</strong></span> <span class='ocrx_word' id='word_1_230' title='bbox 1295 1876 1590 1946; x_wconf 78' lang='lat' dir='ltr'><strong>Gregorius</strong></span> <span class='ocrx_word' id='word_1_231' title='bbox 1627 1871 2051 1927; x_wconf 81' lang='lat' dir='ltr'><strong>Nazianzenus:</strong></span> <span class='ocrx_word' id='word_1_232' title='bbox 2098 1890 2117 1925; x_wconf 86' lang='grc'><em>‹</em></span> <span class='ocrx_word' id='word_1_233' title='bbox 2160 1872 2215 1927; x_wconf 88' lang='lat' dir='ltr'><strong>ln</strong></span> <span class='ocrx_word' id='word_1_234' title='bbox 2249 1870 2290 1924; x_wconf 88' lang='grc' dir='ltr'>Β</span> <span class='ocrx_word' id='word_1_235' title='bbox 2321 1878 2435 1935; x_wconf 84' lang='lat' dir='ltr'><strong>sub</strong></span> <span class='ocrx_word' id='word_1_236' title='bbox 2463 1879 2603 1942; x_wconf 77' lang='lat' dir='ltr'><strong>haec,</strong></span> <span class='ocrx_word' id='word_1_237' title='bbox 2642 1892 2764 1932; x_wconf 89' lang='lat' dir='ltr'><strong>cum</strong></span> <span class='ocrx_word' id='word_1_238' title='bbox 2796 1884 3149 1946; x_wconf 85' lang='lat' dir='ltr'><strong>peroptarent</strong></span> <span class='ocrx_word' id='word_1_239' title='bbox 3170 1874 3364 1929; x_wconf 85' lang='lat' dir='ltr'><strong>Patres</strong></span> <span class='ocrx_word' id='word_1_240' title='bbox 3405 1885 3589 1930; x_wconf 90' lang='lat' dir='ltr'><strong>certas</strong></span> <span class='ocrx_word' id='word_1_241' title='bbox 3615 1876 3910 1945; x_wconf 86' lang='lat' dir='ltr'><strong>quasdam,</strong></span> 
     </span>
    </p>
   </div>
   <div class='ocr_carea' id='block_1_33' title="bbox 640 1963 2220 2038">
    <p class='ocr_par' dir='ltr' id='par_1_33' title="bbox 640 1963 2220 2038">
     <span class='ocr_line' id='line_1_33' title="bbox 640 1963 2220 2038; baseline -0.004 -14"><span class='ocrx_word' id='word_1_242' title='bbox 640 1977 828 2024; x_wconf 88' lang='lat' dir='ltr'><strong>sancta</strong></span> <span class='ocrx_word' id='word_1_243' title='bbox 872 1967 1079 2038; x_wconf 84' lang='lat' dir='ltr'><strong>synodo</strong></span> <span class='ocrx_word' id='word_1_244' title='bbox 1132 1963 1348 2020; x_wconf 69' lang='lat' dir='ltr'><strong>Nicaena</strong></span> <span class='ocrx_word' id='word_1_245' title='bbox 1401 1974 1563 2033; x_wconf 88' lang='lat' dir='ltr'><strong>atque</strong></span> <span class='ocrx_word' id='word_1_246' title='bbox 1609 1963 1703 2017; x_wconf 93' lang='lat' dir='ltr'><strong>illo</strong></span> <span class='ocrx_word' id='word_1_247' title='bbox 1751 1972 2113 2018; x_wconf 88' lang='lat' dir='ltr'><strong>trecentorum</strong></span> <span class='ocrx_word' id='word_1_248' title='bbox 2164 1973 2220 2017; x_wconf 90' lang='lat' dir='ltr'><strong>et</strong></span> 
     </span>
    </p>
   </div>
   <div class='ocr_carea' id='block_1_34' title="bbox 644 2056 2219 2130">
    <p class='ocr_par' dir='ltr' id='par_1_34' title="bbox 644 2056 2219 2130">
     <span class='ocr_line' id='line_1_34' title="bbox 644 2056 2219 2130; baseline -0.003 -16"><span class='ocrx_word' id='word_1_249' title='bbox 644 2059 1019 2130; x_wconf 78' lang='lat' dir='ltr'><strong>duodeviginti</strong></span> <span class='ocrx_word' id='word_1_250' title='bbox 1048 2057 1467 2114; x_wconf 86' lang='lat' dir='ltr'><strong>lectissimorum</strong></span> <span class='ocrx_word' id='word_1_251' title='bbox 1506 2056 1746 2110; x_wconf 88' lang='lat' dir='ltr'><strong>virorum</strong></span> <span class='ocrx_word' id='word_1_252' title='bbox 1805 2069 2053 2120; x_wconf 91' lang='lat' dir='ltr'><strong>numero,</strong></span> <span class='ocrx_word' id='word_1_253' title='bbox 2082 2068 2219 2125; x_wconf 89' lang='lat' dir='ltr'><strong>quos</strong></span> 
     </span>
    </p>
   </div>
   <div class='ocr_carea' id='block_1_35' title="bbox 638 2146 2216 2219">
    <p class='ocr_par' dir='ltr' id='par_1_35' title="bbox 638 2146 2216 2219">
     <span class='ocr_line' id='line_1_35' title="bbox 638 2146 2216 2219; baseline -0.001 -15"><span class='ocrx_word' id='word_1_254' title='bbox 638 2149 876 2219; x_wconf 85' lang='lat' dir='ltr'><strong>Spiritus</strong></span> <span class='ocrx_word' id='word_1_255' title='bbox 916 2159 1141 2205; x_wconf 90' lang='lat' dir='ltr'><strong>sanctus</strong></span> <span class='ocrx_word' id='word_1_256' title='bbox 1172 2151 1224 2204; x_wconf 93' lang='lat' dir='ltr'><strong>in</strong></span> <span class='ocrx_word' id='word_1_257' title='bbox 1255 2165 1424 2203; x_wconf 89' lang='lat' dir='ltr'><strong>unum</strong></span> <span class='ocrx_word' id='word_1_258' title='bbox 1455 2157 1736 2218; x_wconf 83' lang='lat' dir='ltr'><strong>coegerat,</strong></span> <span class='ocrx_word' id='word_1_259' title='bbox 1766 2148 1949 2217; x_wconf 87' lang='lat' dir='ltr'><strong>quoad</strong></span> <span class='ocrx_word' id='word_1_260' title='bbox 1984 2146 2216 2203; x_wconf 81' lang='lat' dir='ltr'><strong>facultas</strong></span> 
     </span>
    </p>
   </div>
   <div class='ocr_carea' id='block_1_36' title="bbox 639 2240 2212 2312">
    <p class='ocr_par' dir='ltr' id='par_1_36' title="bbox 639 2240 2212 2312">
     <span class='ocr_line' id='line_1_36' title="bbox 639 2240 2212 2312; baseline -0.001 -16"><span class='ocrx_word' id='word_1_261' title='bbox 639 2242 778 2308; x_wconf 91' lang='lat' dir='ltr'><strong>tulit,</strong></span> <span class='ocrx_word' id='word_1_262' title='bbox 811 2243 1058 2298; x_wconf 88' lang='lat' dir='ltr'><strong>morbum</strong></span> <span class='ocrx_word' id='word_1_263' title='bbox 1090 2243 1435 2312; x_wconf 87' lang='lat' dir='ltr'><strong>compressit.</strong></span> <span class='ocrx_word' id='word_1_264' title='bbox 1471 2241 1720 2296; x_wconf 89' lang='lat' dir='ltr'><strong>Nondum</strong></span> <span class='ocrx_word' id='word_1_265' title='bbox 1764 2240 1857 2295; x_wconf 90' lang='lat' dir='ltr'><strong>ille</strong></span> <span class='ocrx_word' id='word_1_266' title='bbox 1887 2240 2107 2309; x_wconf 90' lang='lat' dir='ltr'><strong>quidem</strong></span> <span class='ocrx_word' id='word_1_267' title='bbox 2160 2240 2212 2294; x_wconf 94' lang='lat' dir='ltr'><strong>in</strong></span> 
     </span>
    </p>
   </div>
   <div class='ocr_carea' id='block_1_37' title="bbox 636 2332 2216 2404">
    <p class='ocr_par' dir='ltr' id='par_1_37' title="bbox 636 2332 2216 2404">
     <span class='ocr_line' id='line_1_37' title="bbox 636 2332 2216 2404; baseline -0.001 -15"><span class='ocrx_word' id='word_1_268' title='bbox 636 2335 1014 2404; x_wconf 85' lang='lat' dir='ltr'><strong>episcoporum</strong></span> <span class='ocrx_word' id='word_1_269' title='bbox 1069 2350 1354 2390; x_wconf 89' lang='lat' dir='ltr'><strong>numerum</strong></span> <span class='ocrx_word' id='word_1_270' title='bbox 1412 2334 1679 2397; x_wconf 89' lang='lat' dir='ltr'><strong>allectus,</strong></span> <span class='ocrx_word' id='word_1_271' title='bbox 1746 2346 1936 2387; x_wconf 88' lang='lat' dir='ltr'><strong>verum</strong></span> <span class='ocrx_word' id='word_1_272' title='bbox 2011 2332 2216 2403; x_wconf 89' lang='lat' dir='ltr'><strong>primas</strong></span> 
     </span>
    </p>
   </div>
   <div class='ocr_carea' id='block_1_38' title="bbox 636 2423 2212 2497">
    <p class='ocr_par' dir='ltr' id='par_1_38' title="bbox 636 2423 2212 2497">
     <span class='ocr_line' id='line_1_38' title="bbox 636 2423 2212 2497; baseline -0.001 -18"><span class='ocrx_word' id='word_1_273' title='bbox 636 2427 814 2481; x_wconf 83' lang='lat' dir='ltr'><strong>tenuit</strong></span> <span class='ocrx_word' id='word_1_274' title='bbox 863 2428 1005 2482; x_wconf 91' lang='lat' dir='ltr'><strong>inter</strong></span> <span class='ocrx_word' id='word_1_275' title='bbox 1054 2442 1148 2482; x_wconf 91' lang='lat' dir='ltr'><strong>eos</strong></span> <span class='ocrx_word' id='word_1_276' title='bbox 1190 2428 1284 2497; x_wconf 93' lang='lat' dir='ltr'><strong>qui</strong></span> <span class='ocrx_word' id='word_1_277' title='bbox 1336 2442 1444 2481; x_wconf 91' lang='lat' dir='ltr'><strong>una</strong></span> <span class='ocrx_word' id='word_1_278' title='bbox 1482 2441 1548 2483; x_wconf 86' lang='lat' dir='ltr'><strong>eo</strong></span> <span class='ocrx_word' id='word_1_279' title='bbox 1586 2426 2065 2493; x_wconf 86' lang='lat' dir='ltr'><strong>commigrassent.</strong></span> <span class='ocrx_word' id='word_1_280' title='bbox 2097 2423 2212 2479; x_wconf 86' lang='lat' dir='ltr'><strong>Non</strong></span> 
     </span>
    </p>
   </div>
   <div class='ocr_carea' id='block_1_39' title="bbox 642 2517 2217 2588">
    <p class='ocr_par' dir='ltr' id='par_1_39' title="bbox 642 2517 2217 2588">
     <span class='ocr_line' id='line_1_39' title="bbox 642 2517 2217 2588; baseline 0.001 -17"><span class='ocrx_word' id='word_1_281' title='bbox 642 2518 821 2573; x_wconf 85' lang='lat' dir='ltr'><strong>minus</strong></span> <span class='ocrx_word' id='word_1_282' title='bbox 854 2519 998 2572; x_wconf 90' lang='lat' dir='ltr'><strong>enim</strong></span> <span class='ocrx_word' id='word_1_283' title='bbox 1033 2518 1253 2583; x_wconf 90' lang='lat' dir='ltr'><strong>virtute,</strong></span> <span class='ocrx_word' id='word_1_284' title='bbox 1277 2533 1441 2587; x_wconf 90' lang='lat' dir='ltr'><strong>quam</strong></span> <span class='ocrx_word' id='word_1_285' title='bbox 1482 2518 1751 2588; x_wconf 87' lang='lat' dir='ltr'><strong>graduum</strong></span> <span class='ocrx_word' id='word_1_286' title='bbox 1788 2517 2075 2587; x_wconf 77' lang='lat' dir='ltr'><strong>dignitate,</strong></span> <span class='ocrx_word' id='word_1_287' title='bbox 2121 2518 2217 2572; x_wconf 80' lang='lat' dir='ltr'><strong>ho-</strong></span> 
     </span>
    </p>
   </div>
   <div class='ocr_carea' id='block_1_40' title="bbox 642 2607 2217 2680">
    <p class='ocr_par' dir='ltr' id='par_1_40' title="bbox 642 2607 2217 2680">
     <span class='ocr_line' id='line_1_40' title="bbox 642 2607 2217 2680; baseline -0.001 -18"><span class='ocrx_word' id='word_1_288' title='bbox 642 2610 795 2665; x_wconf 90' lang='lat' dir='ltr'><strong>noris</strong></span> <span class='ocrx_word' id='word_1_289' title='bbox 866 2610 1177 2680; x_wconf 61' lang='lat' dir='ltr'><strong>praestantia</strong></span> <span class='ocrx_word' id='word_1_290' title='bbox 1199 2610 1545 2665; x_wconf 85' lang='lat' dir='ltr'><strong>censebatur.</strong></span> <span class='ocrx_word' id='word_1_291' title='bbox 1613 2628 1632 2661; x_wconf 73' lang='grc' dir='ltr'><strong><em>ι</em></strong></span> <span class='ocrx_word' id='word_1_292' title='bbox 1708 2607 1818 2663; x_wconf 86' lang='lat' dir='ltr'><strong>Nec</strong></span> <span class='ocrx_word' id='word_1_293' title='bbox 1878 2609 2041 2662; x_wconf 90' lang='lat' dir='ltr'><strong>modo</strong></span> <span class='ocrx_word' id='word_1_294' title='bbox 2103 2607 2217 2662; x_wconf 89' lang='lat' dir='ltr'><strong>Arii</strong></span> 
     </span>
    </p>
   </div>
   <div class='ocr_carea' id='block_1_41' title="bbox 639 2698 2215 2772">
    <p class='ocr_par' dir='ltr' id='par_1_41' title="bbox 639 2698 2215 2772">
     <span class='ocr_line' id='line_1_41' title="bbox 639 2698 2215 2772; baseline 0 -21"><span class='ocrx_word' id='word_1_295' title='bbox 639 2699 730 2755; x_wconf 91' lang='lat' dir='ltr'><strong>ille</strong></span> <span class='ocrx_word' id='word_1_296' title='bbox 781 2699 879 2772; x_wconf 88' lang='lat' dir='ltr'><strong>(b),</strong></span> <span class='ocrx_word' id='word_1_297' title='bbox 932 2702 1027 2756; x_wconf 89' lang='lat' dir='ltr'><strong>sed</strong></span> <span class='ocrx_word' id='word_1_298' title='bbox 1080 2702 1243 2754; x_wconf 87' lang='lat' dir='ltr'><strong>etiam</strong></span> <span class='ocrx_word' id='word_1_299' title='bbox 1306 2708 1769 2771; x_wconf 83' lang='lat' dir='ltr'><strong>propugnatorum</strong></span> <span class='ocrx_word' id='word_1_300' title='bbox 1819 2700 1935 2768; x_wconf 86' lang='lat' dir='ltr'><strong>ejus</strong></span> <span class='ocrx_word' id='word_1_301' title='bbox 1976 2698 2215 2761; x_wconf 88' lang='lat' dir='ltr'><strong>Eusebii,</strong></span> 
     </span>
    </p>
   </div>
   <div class='ocr_carea' id='block_1_42' title="bbox 638 2789 2217 2862">
    <p class='ocr_par' dir='ltr' id='par_1_42' title="bbox 638 2789 2217 2862">
     <span class='ocr_line' id='line_1_42' title="bbox 638 2789 2217 2862; baseline -0.003 -17"><span class='ocrx_word' id='word_1_302' title='bbox 638 2790 905 2862; x_wconf 85' lang='lat' dir='ltr'><strong>Theognii</strong></span> <span class='ocrx_word' id='word_1_303' title='bbox 945 2799 998 2845; x_wconf 93' lang='lat' dir='ltr'><strong>et</strong></span> <span class='ocrx_word' id='word_1_304' title='bbox 1029 2789 1195 2845; x_wconf 83' lang='lat' dir='ltr'><strong>Maris</strong></span> <span class='ocrx_word' id='word_1_305' title='bbox 1226 2792 1435 2845; x_wconf 86' lang='lat' dir='ltr'><strong>insidiis</strong></span> <span class='ocrx_word' id='word_1_306' title='bbox 1468 2801 1637 2859; x_wconf 84' lang='lat' dir='ltr'><strong>atque</strong></span> <span class='ocrx_word' id='word_1_307' title='bbox 1689 2791 1974 2843; x_wconf 89' lang='lat' dir='ltr'><strong>conatibus</strong></span> <span class='ocrx_word' id='word_1_308' title='bbox 2007 2803 2104 2859; x_wconf 89' lang='lat' dir='ltr'><strong>pro</strong></span> <span class='ocrx_word' id='word_1_309' title='bbox 2138 2789 2217 2841; x_wconf 87' lang='lat' dir='ltr'><strong>vi-</strong></span> 
     </span>
    </p>
   </div>
   <div class='ocr_carea' id='block_1_43' title="bbox 640 2882 2218 2951">
    <p class='ocr_par' dir='ltr' id='par_1_43' title="bbox 640 2882 2218 2951">
     <span class='ocr_line' id='line_1_43' title="bbox 640 2882 2218 2951; baseline -0.001 -14"><span class='ocrx_word' id='word_1_310' title='bbox 640 2884 730 2939; x_wconf 90' lang='lat' dir='ltr'><strong>rili</strong></span> <span class='ocrx_word' id='word_1_311' title='bbox 761 2885 1022 2941; x_wconf 90' lang='lat' dir='ltr'><strong>occurrit.</strong></span> <span class='ocrx_word' id='word_1_312' title='bbox 1046 2884 1164 2951; x_wconf 89' lang='lat' dir='ltr'><strong>Quo</strong></span> <span class='ocrx_word' id='word_1_313' title='bbox 1189 2883 1417 2949; x_wconf 87' lang='lat' dir='ltr'><strong>factum,</strong></span> <span class='ocrx_word' id='word_1_314' title='bbox 1449 2893 1509 2938; x_wconf 92' lang='lat' dir='ltr'><strong>ut</strong></span> <span class='ocrx_word' id='word_1_315' title='bbox 1537 2891 1647 2937; x_wconf 88' lang='lat' dir='ltr'><strong>tota</strong></span> <span class='ocrx_word' id='word_1_316' title='bbox 1675 2882 1756 2937; x_wconf 89' lang='lat' dir='ltr'><strong>vis</strong></span> <span class='ocrx_word' id='word_1_317' title='bbox 1780 2882 1903 2935; x_wconf 89' lang='lat' dir='ltr'><strong>mali</strong></span> <span class='ocrx_word' id='word_1_318' title='bbox 1942 2883 1997 2936; x_wconf 92' lang='lat' dir='ltr'><strong>in</strong></span> <span class='ocrx_word' id='word_1_319' title='bbox 2024 2882 2218 2951; x_wconf 89' lang='lat' dir='ltr'><strong>capitis</strong></span> 
     </span>
    </p>
   </div>
   <div class='ocr_carea' id='block_1_44' title="bbox 636 2973 2217 3047">
    <p class='ocr_par' dir='ltr' id='par_1_44' title="bbox 636 2973 2217 3047">
     <span class='ocr_line' id='line_1_44' title="bbox 636 2973 2217 3047; baseline -0.001 -16"><span class='ocrx_word' id='word_1_320' title='bbox 636 2977 756 3047; x_wconf 87' lang='lat' dir='ltr'><strong>ejus</strong></span> <span class='ocrx_word' id='word_1_321' title='bbox 809 2975 1107 3047; x_wconf 90' lang='lat' dir='ltr'><strong>periculum</strong></span> <span class='ocrx_word' id='word_1_322' title='bbox 1156 2985 1349 3045; x_wconf 87' lang='lat' dir='ltr'><strong>postea</strong></span> <span class='ocrx_word' id='word_1_323' title='bbox 1401 2976 1735 3037; x_wconf 90' lang='lat' dir='ltr'><strong>immineret,</strong></span> <span class='ocrx_word' id='word_1_324' title='bbox 1806 2973 2027 3042; x_wconf 88' lang='lat' dir='ltr'><strong>ipseque</strong></span> <span class='ocrx_word' id='word_1_325' title='bbox 2077 2990 2217 3030; x_wconf 90' lang='lat' dir='ltr'><strong>unus</strong></span> 
     </span>
    </p>
   </div>
   <div class='ocr_carea' id='block_1_45' title="bbox 639 3066 2215 3139">
    <p class='ocr_par' dir='ltr' id='par_1_45' title="bbox 639 3066 2215 3139">
     <span class='ocr_line' id='line_1_45' title="bbox 639 3066 2215 3139; baseline -0.003 -16"><span class='ocrx_word' id='word_1_326' title='bbox 639 3068 878 3123; x_wconf 83' lang='lat' dir='ltr'><strong>omnium</strong></span> <span class='ocrx_word' id='word_1_327' title='bbox 928 3070 1189 3139; x_wconf 90' lang='lat' dir='ltr'><strong>impetum</strong></span> <span class='ocrx_word' id='word_1_328' title='bbox 1235 3068 1538 3138; x_wconf 87' lang='lat' dir='ltr'><strong>exciperet.</strong></span> <span class='ocrx_word' id='word_1_329' title='bbox 1579 3068 1653 3122; x_wconf 88' lang='lat' dir='ltr'><strong>De</strong></span> <span class='ocrx_word' id='word_1_330' title='bbox 1693 3066 1978 3121; x_wconf 85' lang='lat' dir='ltr'><strong>Athanasii</strong></span> <span class='ocrx_word' id='word_1_331' title='bbox 2028 3076 2215 3121; x_wconf 92' lang='lat' dir='ltr'><strong>contra</strong></span> 
     </span>
    </p>
   </div>
   <div class='ocr_carea' id='block_1_46' title="bbox 636 3158 2218 3232">
    <p class='ocr_par' dir='ltr' id='par_1_46' title="bbox 636 3158 2218 3232">
     <span class='ocr_line' id='line_1_46' title="bbox 636 3158 2218 3232; baseline -0.002 -17"><span class='ocrx_word' id='word_1_332' title='bbox 636 3161 825 3216; x_wconf 85' lang='lat' dir='ltr'><strong>Arium</strong></span> <span class='ocrx_word' id='word_1_333' title='bbox 870 3162 1240 3232; x_wconf 77' lang='lat' dir='ltr'><strong>disputatione</strong></span> <span class='ocrx_word' id='word_1_334' title='bbox 1280 3161 1395 3215; x_wconf 64' lang='lat' dir='ltr'><strong>haec</strong></span> <span class='ocrx_word' id='word_1_335' title='bbox 1448 3160 1784 3231; x_wconf 87' lang='lat' dir='ltr'><strong>accepimus,</strong></span> <span class='ocrx_word' id='word_1_336' title='bbox 1818 3173 1917 3229; x_wconf 91' lang='lat' dir='ltr'><strong>pro</strong></span> <span class='ocrx_word' id='word_1_337' title='bbox 1951 3158 2218 3228; x_wconf 86' lang='lat' dir='ltr'><strong>gravitate</strong></span> 
     </span>
    </p>
   </div>
   <div class='ocr_carea' id='block_1_47' title="bbox 637 3248 2219 3324">
    <p class='ocr_par' dir='ltr' id='par_1_47' title="bbox 637 3248 2219 3324">
     <span class='ocr_line' id='line_1_47' title="bbox 637 3248 2219 3324; baseline -0.003 -17"><span class='ocrx_word' id='word_1_338' title='bbox 637 3261 787 3309; x_wconf 89' lang='lat' dir='ltr'><strong>certe</strong></span> <span class='ocrx_word' id='word_1_339' title='bbox 823 3253 1206 3324; x_wconf 85' lang='lat' dir='ltr'><strong>dignitateque</strong></span> <span class='ocrx_word' id='word_1_340' title='bbox 1243 3254 1318 3307; x_wconf 90' lang='lat' dir='ltr'><strong>rei</strong></span> <span class='ocrx_word' id='word_1_341' title='bbox 1358 3252 1715 3321; x_wconf 88' lang='lat' dir='ltr'><strong>paucissima.</strong></span> <span class='ocrx_word' id='word_1_342' title='bbox 1742 3250 1876 3305; x_wconf 83' lang='lat' dir='ltr'><strong>Nam</strong></span> <span class='ocrx_word' id='word_1_343' title='bbox 1912 3264 2033 3319; x_wconf 61' lang='lat' dir='ltr'><strong>quae</strong></span> <span class='ocrx_word' id='word_1_344' title='bbox 2058 3248 2219 3317; x_wconf 88' lang='lat' dir='ltr'><strong>vulgo</strong></span> 
     </span>
    </p>
   </div>
   <div class='ocr_carea' id='block_1_48' title="bbox 637 3340 2219 3413">
    <p class='ocr_par' dir='ltr' id='par_1_48' title="bbox 637 3340 2219 3413">
     <span class='ocr_line' id='line_1_48' title="bbox 637 3340 2219 3413; baseline -0.001 -17"><span class='ocrx_word' id='word_1_345' title='bbox 637 3342 812 3399; x_wconf 81' lang='lat' dir='ltr'><strong>fertur</strong></span> <span class='ocrx_word' id='word_1_346' title='bbox 839 3345 1125 3399; x_wconf 84' lang='lat' dir='ltr'><strong>Athanasii</strong></span> <span class='ocrx_word' id='word_1_347' title='bbox 1167 3359 1288 3398; x_wconf 89' lang='lat' dir='ltr'><strong>cum</strong></span> <span class='ocrx_word' id='word_1_348' title='bbox 1328 3342 1460 3396; x_wconf 85' lang='lat' dir='ltr'><strong>Ario</strong></span> <span class='ocrx_word' id='word_1_349' title='bbox 1504 3343 1815 3411; x_wconf 87' lang='lat' dir='ltr'><strong>disputatio</strong></span> <span class='ocrx_word' id='word_1_350' title='bbox 1851 3340 1945 3413; x_wconf 89' lang='lat' dir='ltr'><strong>(c),</strong></span> <span class='ocrx_word' id='word_1_351' title='bbox 1986 3340 2219 3396; x_wconf 63' lang='lat' dir='ltr'><strong>Graeculi</strong></span> 
     </span>
    </p>
   </div>
   <div class='ocr_carea' id='block_1_49' title="bbox 638 3430 2221 3503">
    <p class='ocr_par' dir='ltr' id='par_1_49' title="bbox 638 3430 2221 3503">
     <span class='ocr_line' id='line_1_49' title="bbox 638 3430 2221 3503; baseline -0.003 -14"><span class='ocrx_word' id='word_1_352' title='bbox 638 3444 1004 3489; x_wconf 89' lang='lat' dir='ltr'><strong>commentum</strong></span> <span class='ocrx_word' id='word_1_353' title='bbox 1030 3444 1135 3500; x_wconf 88' lang='lat' dir='ltr'><strong>est,</strong></span> <span class='ocrx_word' id='word_1_354' title='bbox 1174 3434 1253 3488; x_wconf 91' lang='lat' dir='ltr'><strong>uti</strong></span> <span class='ocrx_word' id='word_1_355' title='bbox 1278 3433 1522 3503; x_wconf 87' lang='lat' dir='ltr'><strong>pluribus</strong></span> <span class='ocrx_word' id='word_1_356' title='bbox 1547 3444 1630 3488; x_wconf 90' lang='lat' dir='ltr'><strong>est</strong></span> <span class='ocrx_word' id='word_1_357' title='bbox 1662 3448 1690 3486; x_wconf 94' lang='lat' dir='ltr'><strong>a</strong></span> <span class='ocrx_word' id='word_1_358' title='bbox 1713 3432 1870 3487; x_wconf 90' lang='lat' dir='ltr'><strong>nobis</strong></span> <span class='ocrx_word' id='word_1_359' title='bbox 1909 3430 2045 3487; x_wconf 89' lang='lat' dir='ltr'><strong>alias</strong></span> <span class='ocrx_word' id='word_1_360' title='bbox 2070 3446 2221 3486; x_wconf 87' lang='lat' dir='ltr'><strong>com-</strong></span> 
     </span>
    </p>
   </div>
   <div class='ocr_carea' id='block_1_50' title="bbox 637 3527 948 3597">
    <p class='ocr_par' dir='ltr' id='par_1_50' title="bbox 637 3527 948 3597">
     <span class='ocr_line' id='line_1_50' title="bbox 637 3527 948 3597; baseline 0.006 -17"><span class='ocrx_word' id='word_1_361' title='bbox 637 3527 948 3597; x_wconf 88' lang='lat' dir='ltr'><strong>probatum.</strong></span> 
     </span>
    </p>
   </div>
   <div class='ocr_carea' id='block_1_51' title="bbox 708 3616 2219 3686">
    <p class='ocr_par' dir='ltr' id='par_1_51' title="bbox 708 3616 2219 3686">
     <span class='ocr_line' id='line_1_51' title="bbox 708 3616 2219 3686; baseline -0.003 -13"><span class='ocrx_word' id='word_1_362' title='bbox 708 3617 764 3673; x_wconf 91' lang='lat'><strong>8.</strong></span> <span class='ocrx_word' id='word_1_363' title='bbox 826 3616 1128 3672; x_wconf 76' lang='lat' dir='ltr'><strong>Eusebiam’</strong></span> <span class='ocrx_word' id='word_1_364' title='bbox 1167 3616 1401 3671; x_wconf 85' lang='lat' dir='ltr'><strong>libellum</strong></span> <span class='ocrx_word' id='word_1_365' title='bbox 1436 3617 1563 3686; x_wconf 79' lang='lat' dir='ltr'><strong>ﬁdei</strong></span> <span class='ocrx_word' id='word_1_366' title='bbox 1620 3617 1870 3686; x_wconf 72' lang='lat' dir='ltr'><strong>oﬂ’erunt.</strong></span> <span class='ocrx_word' id='word_1_367' title='bbox 1908 3647 1976 3657; x_wconf 93' lang='lat'>—</span> <span class='ocrx_word' id='word_1_368' title='bbox 2005 3617 2076 3671; x_wconf 88' lang='lat' dir='ltr'><strong>At</strong></span> <span class='ocrx_word' id='word_1_369' title='bbox 2108 3616 2219 3670; x_wconf 84' lang='lat' dir='ltr'><strong>Eu-</strong></span> 
     </span>
    </p>
   </div>
   <div class='ocr_carea' id='block_1_52' title="bbox 639 3708 2221 3779">
    <p class='ocr_par' dir='ltr' id='par_1_52' title="bbox 639 3708 2221 3779">
     <span class='ocr_line' id='line_1_52' title="bbox 639 3708 2221 3779; baseline -0.003 -13"><span class='ocrx_word' id='word_1_370' title='bbox 639 3710 824 3766; x_wconf 88' lang='lat' dir='ltr'><strong>sebius</strong></span> <span class='ocrx_word' id='word_1_371' title='bbox 850 3709 1313 3774; x_wconf 84' lang='lat' dir='ltr'><strong>Nicomediensis,</strong></span> <span class='ocrx_word' id='word_1_372' title='bbox 1357 3710 1539 3765; x_wconf 90' lang='lat' dir='ltr'><strong>studio</strong></span> <span class='ocrx_word' id='word_1_373' title='bbox 1583 3708 1821 3779; x_wconf 83' lang='lat' dir='ltr'><strong>ﬂagrans</strong></span> <span class='ocrx_word' id='word_1_374' title='bbox 1870 3709 2085 3763; x_wconf 72' lang='lat' dir='ltr'><strong>tuenda:</strong></span> <span class='ocrx_word' id='word_1_375' title='bbox 2116 3708 2221 3762; x_wconf 82' lang='lat' dir='ltr'><strong>im-</strong></span> 
     </span>
    </p>
   </div>
   <div class='ocr_carea' id='block_1_53' title="bbox 638 3800 2215 3869">
    <p class='ocr_par' dir='ltr' id='par_1_53' title="bbox 638 3800 2215 3869">
     <span class='ocr_line' id='line_1_53' title="bbox 638 3800 2215 3869; baseline -0.002 -15"><span class='ocrx_word' id='word_1_376' title='bbox 638 3802 883 3869; x_wconf 76' lang='lat' dir='ltr'><strong>pietatis,</strong></span> <span class='ocrx_word' id='word_1_377' title='bbox 916 3800 1237 3868; x_wconf 87' lang='lat' dir='ltr'><strong>interposita</strong></span> <span class='ocrx_word' id='word_1_378' title='bbox 1269 3800 1548 3855; x_wconf 88' lang='lat' dir='ltr'><strong>clientium</strong></span> <span class='ocrx_word' id='word_1_379' title='bbox 1576 3800 1750 3868; x_wconf 84' lang='lat' dir='ltr'><strong>gratia</strong></span> <span class='ocrx_word' id='word_1_380' title='bbox 1777 3808 1835 3854; x_wconf 92' lang='lat' dir='ltr'><strong>et</strong></span> <span class='ocrx_word' id='word_1_381' title='bbox 1875 3815 2067 3869; x_wconf 86' lang='lat' dir='ltr'><strong>opera,</strong></span> <span class='ocrx_word' id='word_1_382' title='bbox 2119 3800 2215 3853; x_wconf 78' lang='lat' dir='ltr'><strong>im-</strong></span> 
     </span>
    </p>
   </div>
   <div class='ocr_carea' id='block_1_54' title="bbox 637 3891 2216 3963">
    <p class='ocr_par' dir='ltr' id='par_1_54' title="bbox 637 3891 2216 3963">
     <span class='ocr_line' id='line_1_54' title="bbox 637 3891 2216 3963; baseline -0.002 -17"><span class='ocrx_word' id='word_1_383' title='bbox 637 3893 876 3963; x_wconf 88' lang='lat' dir='ltr'><strong>peratori</strong></span> <span class='ocrx_word' id='word_1_384' title='bbox 913 3900 1105 3945; x_wconf 89' lang='lat' dir='ltr'><strong>auctor</strong></span> <span class='ocrx_word' id='word_1_385' title='bbox 1136 3900 1266 3960; x_wconf 78' lang='lat' dir='ltr'><strong>erat</strong></span> <span class='ocrx_word' id='word_1_386' title='bbox 1304 3891 1403 3963; x_wconf 80' lang='grc' dir='ltr'><strong>(ά),</strong></span> <span class='ocrx_word' id='word_1_387' title='bbox 1437 3903 1495 3947; x_wconf 83' lang='grc' dir='ltr'><strong>ιιι</strong></span> <span class='ocrx_word' id='word_1_388' title='bbox 1545 3892 1659 3947; x_wconf 87' lang='lat' dir='ltr'><strong>Arii</strong></span> <span class='ocrx_word' id='word_1_389' title='bbox 1720 3892 2075 3962; x_wconf 82' lang='lat' dir='ltr'><strong>patrocinium</strong></span> <span class='ocrx_word' id='word_1_390' title='bbox 2124 3907 2216 3947; x_wconf 83' lang='lat' dir='ltr'><strong>su-</strong></span> 
     </span>
    </p>
   </div>
   <div class='ocr_carea' id='block_1_55' title="bbox 639 3982 2215 4054">
    <p class='ocr_par' dir='ltr' id='par_1_55' title="bbox 639 3982 2215 4054">
     <span class='ocr_line' id='line_1_55' title="bbox 639 3982 2215 4054; baseline -0.001 -15"><span class='ocrx_word' id='word_1_391' title='bbox 639 3984 875 4054; x_wconf 87' lang='lat' dir='ltr'><strong>sciperet</strong></span> <span class='ocrx_word' id='word_1_392' title='bbox 898 3999 912 4047; x_wconf 89' lang='lat'><strong>;</strong></span> <span class='ocrx_word' id='word_1_393' title='bbox 950 3982 1041 4038; x_wconf 91' lang='lat' dir='ltr'><strong>sed</strong></span> <span class='ocrx_word' id='word_1_394' title='bbox 1063 3992 1249 4038; x_wconf 88' lang='lat' dir='ltr'><strong>contra</strong></span> <span class='ocrx_word' id='word_1_395' title='bbox 1277 3999 1441 4053; x_wconf 91' lang='lat' dir='ltr'><strong>quam</strong></span> <span class='ocrx_word' id='word_1_396' title='bbox 1472 3987 1723 4053; x_wconf 89' lang='lat' dir='ltr'><strong>sperabat</strong></span> <span class='ocrx_word' id='word_1_397' title='bbox 1748 3998 1832 4039; x_wconf 91' lang='lat' dir='ltr'><strong>res</strong></span> <span class='ocrx_word' id='word_1_398' title='bbox 1852 3998 1910 4037; x_wconf 90' lang='lat' dir='ltr'><strong>se</strong></span> <span class='ocrx_word' id='word_1_399' title='bbox 1932 3983 2215 4038; x_wconf 90' lang='lat' dir='ltr'><strong>dederunt.</strong></span> 
     </span>
    </p>
   </div>
   <div class='ocr_carea' id='block_1_56' title="bbox 638 4073 2217 4145">
    <p class='ocr_par' dir='ltr' id='par_1_56' title="bbox 638 4073 2217 4145">
     <span class='ocr_line' id='line_1_56' title="bbox 638 4073 2217 4145; baseline -0.001 -16"><span class='ocrx_word' id='word_1_400' title='bbox 638 4073 773 4129; x_wconf 85' lang='lat' dir='ltr'><strong>Nam</strong></span> <span class='ocrx_word' id='word_1_401' title='bbox 804 4076 871 4129; x_wconf 90' lang='lat' dir='ltr'><strong>de</strong></span> <span class='ocrx_word' id='word_1_402' title='bbox 896 4074 1002 4129; x_wconf 84' lang='lat' dir='ltr'><strong>ﬁde</strong></span> <span class='ocrx_word' id='word_1_403' title='bbox 1030 4077 1118 4130; x_wconf 92' lang='lat' dir='ltr'><strong>ubi</strong></span> <span class='ocrx_word' id='word_1_404' title='bbox 1145 4076 1300 4145; x_wconf 80' lang='lat' dir='ltr'><strong>queri</strong></span> <span class='ocrx_word' id='word_1_405' title='bbox 1340 4085 1576 4145; x_wconf 70' lang='lat' dir='ltr'><strong>caeptum</strong></span> <span class='ocrx_word' id='word_1_406' title='bbox 1611 4085 1715 4140; x_wconf 92' lang='lat' dir='ltr'><strong>est,</strong></span> <span class='ocrx_word' id='word_1_407' title='bbox 1752 4076 2075 4144; x_wconf 91' lang='lat' dir='ltr'><strong>rescriptum</strong></span> <span class='ocrx_word' id='word_1_408' title='bbox 2110 4075 2217 4128; x_wconf 87' lang='lat' dir='ltr'><strong>Eu-</strong></span> 
     </span>
    </p>
   </div>
   <div class='ocr_carea' id='block_1_57' title="bbox 639 4165 2218 4237">
    <p class='ocr_par' dir='ltr' id='par_1_57' title="bbox 639 4165 2218 4237">
     <span class='ocr_line' id='line_1_57' title="bbox 639 4165 2218 4237; baseline -0.001 -15"><span class='ocrx_word' id='word_1_409' title='bbox 639 4167 775 4222; x_wconf 85' lang='lat' dir='ltr'><strong>sebii</strong></span> <span class='ocrx_word' id='word_1_410' title='bbox 812 4165 1034 4221; x_wconf 70' lang='lat' dir='ltr'><strong>affertur</strong></span> <span class='ocrx_word' id='word_1_411' title='bbox 1064 4169 1115 4221; x_wconf 92' lang='lat' dir='ltr'><strong>in</strong></span> <span class='ocrx_word' id='word_1_412' title='bbox 1156 4167 1421 4231; x_wconf 88' lang='lat' dir='ltr'><strong>medium,</strong></span> <span class='ocrx_word' id='word_1_413' title='bbox 1460 4167 1788 4237; x_wconf 84' lang='lat' dir='ltr'><strong>blasphemis</strong></span> <span class='ocrx_word' id='word_1_414' title='bbox 1817 4167 1981 4222; x_wconf 90' lang='lat' dir='ltr'><strong>dictis</strong></span> <span class='ocrx_word' id='word_1_415' title='bbox 2012 4166 2218 4235; x_wconf 85' lang='lat' dir='ltr'><strong>plenis-</strong></span> 
     </span>
    </p>
   </div>
   <div class='ocr_carea' id='block_1_58' title="bbox 640 4259 2215 4330">
    <p class='ocr_par' dir='ltr' id='par_1_58' title="bbox 640 4259 2215 4330">
     <span class='ocr_line' id='line_1_58' title="bbox 640 4259 2215 4330; baseline -0.002 -16"><span class='ocrx_word' id='word_1_416' title='bbox 640 4259 874 4314; x_wconf 86' lang='lat' dir='ltr'><strong>simum:</strong></span> <span class='ocrx_word' id='word_1_417' title='bbox 907 4260 1049 4328; x_wconf 91' lang='lat' dir='ltr'><strong>quod</strong></span> <span class='ocrx_word' id='word_1_418' title='bbox 1080 4259 1254 4329; x_wconf 88' lang='lat' dir='ltr'><strong>palam</strong></span> <span class='ocrx_word' id='word_1_419' title='bbox 1309 4260 1574 4330; x_wconf 89' lang='lat' dir='ltr'><strong>episcopis</strong></span> <span class='ocrx_word' id='word_1_420' title='bbox 1620 4259 1972 4314; x_wconf 85' lang='lat' dir='ltr'><strong>audientibus</strong></span> <span class='ocrx_word' id='word_1_421' title='bbox 2012 4259 2215 4313; x_wconf 86' lang='lat' dir='ltr'><strong>recita-</strong></span> 
     </span>
    </p>
   </div>
   <div class='ocr_carea' id='block_1_59' title="bbox 641 4346 2215 4417">
    <p class='ocr_par' dir='ltr' id='par_1_59' title="bbox 641 4346 2215 4417">
     <span class='ocr_line' id='line_1_59' title="bbox 641 4346 2215 4417; baseline -0.003 -15"><span class='ocrx_word' id='word_1_422' title='bbox 641 4357 776 4417; x_wconf 90' lang='lat' dir='ltr'><strong>tum,</strong></span> <span class='ocrx_word' id='word_1_423' title='bbox 816 4349 1026 4404; x_wconf 80' lang='lat' dir='ltr'><strong>caeteris</strong></span> <span class='ocrx_word' id='word_1_424' title='bbox 1067 4349 1267 4415; x_wconf 90' lang='lat' dir='ltr'><strong>dolori,</strong></span> <span class='ocrx_word' id='word_1_425' title='bbox 1295 4350 1531 4404; x_wconf 84' lang='lat' dir='ltr'><strong>Eusebio</strong></span> <span class='ocrx_word' id='word_1_426' title='bbox 1577 4360 1756 4404; x_wconf 86' lang='lat' dir='ltr'><strong>autem</strong></span> <span class='ocrx_word' id='word_1_427' title='bbox 1806 4362 2019 4402; x_wconf 91' lang='lat' dir='ltr'><strong>summo</strong></span> <span class='ocrx_word' id='word_1_428' title='bbox 2050 4346 2215 4403; x_wconf 89' lang='lat' dir='ltr'><strong>dede-</strong></span> 
     </span>
    </p>
   </div>
   <div class='ocr_carea' id='block_1_60' title="bbox 639 4437 2217 4510">
    <p class='ocr_par' dir='ltr' id='par_1_60' title="bbox 639 4437 2217 4510">
     <span class='ocr_line' id='line_1_60' title="bbox 639 4437 2217 4510; baseline -0.001 -18"><span class='ocrx_word' id='word_1_429' title='bbox 639 4439 756 4493; x_wconf 91' lang='lat' dir='ltr'><strong>cori</strong></span> <span class='ocrx_word' id='word_1_430' title='bbox 804 4454 868 4493; x_wconf 90' lang='lat' dir='ltr'><strong>ac</strong></span> <span class='ocrx_word' id='word_1_431' title='bbox 921 4442 1106 4510; x_wconf 91' lang='lat' dir='ltr'><strong>pudori</strong></span> <span class='ocrx_word' id='word_1_432' title='bbox 1139 4440 1258 4495; x_wconf 93' lang='lat' dir='ltr'><strong>fuit.</strong></span> <span class='ocrx_word' id='word_1_433' title='bbox 1310 4439 1513 4509; x_wconf 88' lang='lat' dir='ltr'><strong>Etjam</strong></span> <span class='ocrx_word' id='word_1_434' title='bbox 1539 4439 1810 4509; x_wconf 86' lang='lat' dir='ltr'><strong>patefacta</strong></span> <span class='ocrx_word' id='word_1_435' title='bbox 1839 4437 2129 4507; x_wconf 91' lang='lat' dir='ltr'><strong>impiorum</strong></span> <span class='ocrx_word' id='word_1_436' title='bbox 2164 4445 2217 4491; x_wconf 92' lang='lat' dir='ltr'><strong>et</strong></span> 
     </span>
    </p>
   </div>
   <div class='ocr_carea' id='block_1_61' title="bbox 2318 1963 3909 2033">
    <p class='ocr_par' dir='ltr' id='par_1_61' title="bbox 2318 1963 3909 2033">
     <span class='ocr_line' id='line_1_61' title="bbox 2318 1963 3909 2033; baseline -0.001 -13"><span class='ocrx_word' id='word_1_437' title='bbox 2318 1965 2677 2033; x_wconf 87' lang='lat' dir='ltr'><strong>omniumque</strong></span> <span class='ocrx_word' id='word_1_438' title='bbox 2707 1963 2917 2018; x_wconf 88' lang='lat' dir='ltr'><strong>calculo</strong></span> <span class='ocrx_word' id='word_1_439' title='bbox 2943 1973 2998 2016; x_wconf 90' lang='lat' dir='ltr'><strong>et</strong></span> <span class='ocrx_word' id='word_1_440' title='bbox 3028 1963 3254 2017; x_wconf 88' lang='lat' dir='ltr'><strong>consilio</strong></span> <span class='ocrx_word' id='word_1_441' title='bbox 3300 1964 3573 2019; x_wconf 85' lang='lat' dir='ltr'><strong>admissas</strong></span> <span class='ocrx_word' id='word_1_442' title='bbox 3620 1978 3909 2019; x_wconf 86' lang='lat' dir='ltr'><strong>sacrarum</strong></span> 
     </span>
    </p>
   </div>
   <div class='ocr_carea' id='block_1_62' title="bbox 2322 2054 3914 2127">
    <p class='ocr_par' dir='ltr' id='par_1_62' title="bbox 2322 2054 3914 2127">
     <span class='ocr_line' id='line_1_62' title="bbox 2322 2054 3914 2127; baseline 0 -17"><span class='ocrx_word' id='word_1_443' title='bbox 2322 2055 2655 2111; x_wconf 88' lang='lat' dir='ltr'><strong>Litterarum</strong></span> <span class='ocrx_word' id='word_1_444' title='bbox 2678 2070 2843 2111; x_wconf 91' lang='lat' dir='ltr'><strong>voces</strong></span> <span class='ocrx_word' id='word_1_445' title='bbox 2872 2064 3115 2110; x_wconf 88' lang='lat' dir='ltr'><strong>statuere</strong></span> <span class='ocrx_word' id='word_1_446' title='bbox 3145 2069 3207 2109; x_wconf 91' lang='lat' dir='ltr'><strong>ac</strong></span> <span class='ocrx_word' id='word_1_447' title='bbox 3240 2054 3586 2126; x_wconf 82' lang='lat' dir='ltr'><strong>promulgare</strong></span> <span class='ocrx_word' id='word_1_448' title='bbox 3612 2055 3706 2125; x_wconf 70' lang='grc' dir='ltr'><strong>(ᾗ,</strong></span> <span class='ocrx_word' id='word_1_449' title='bbox 3752 2058 3914 2127; x_wconf 80' lang='lat' dir='ltr'><strong>queis</strong></span> 
     </span>
    </p>
   </div>
   <div class='ocr_carea' id='block_1_63' title="bbox 2320 2146 3912 2217">
    <p class='ocr_par' dir='ltr' id='par_1_63' title="bbox 2320 2146 3912 2217">
     <span class='ocr_line' id='line_1_63' title="bbox 2320 2146 3912 2217; baseline 0 -14"><span class='ocrx_word' id='word_1_450' title='bbox 2320 2149 2503 2203; x_wconf 90' lang='lat' dir='ltr'><strong>omnis</strong></span> <span class='ocrx_word' id='word_1_451' title='bbox 2536 2146 2749 2203; x_wconf 88' lang='lat' dir='ltr'><strong>dissidii</strong></span> <span class='ocrx_word' id='word_1_452' title='bbox 2782 2147 3061 2202; x_wconf 81' lang='lat' dir='ltr'><strong>levaretur</strong></span> <span class='ocrx_word' id='word_1_453' title='bbox 3091 2147 3335 2207; x_wconf 86' lang='lat' dir='ltr'><strong>occasio.</strong></span> <span class='ocrx_word' id='word_1_454' title='bbox 3367 2148 3544 2217; x_wconf 92' lang='lat' dir='ltr'><strong>primo</strong></span> <span class='ocrx_word' id='word_1_455' title='bbox 3570 2147 3817 2203; x_wconf 77' lang='lat' dir='ltr'><strong>afferunt</strong></span> <span class='ocrx_word' id='word_1_456' title='bbox 3858 2149 3912 2203; x_wconf 90' lang='lat' dir='ltr'><strong>in</strong></span> 
     </span>
    </p>
   </div>
   <div class='ocr_carea' id='block_1_64' title="bbox 2322 2237 3953 2305">
    <p class='ocr_par' dir='ltr' id='par_1_64' title="bbox 2322 2237 3953 2305">
     <span class='ocr_line' id='line_1_64' title="bbox 2322 2237 3953 2305; baseline 0 -10"><span class='ocrx_word' id='word_1_457' title='bbox 2322 2241 2557 2295; x_wconf 91' lang='lat' dir='ltr'><strong>medium</strong></span> <span class='ocrx_word' id='word_1_458' title='bbox 2586 2253 2707 2294; x_wconf 90' lang='lat' dir='ltr'><strong>eam</strong></span> <span class='ocrx_word' id='word_1_459' title='bbox 2732 2237 3041 2305; x_wconf 89' lang='lat' dir='ltr'><strong>formulam,</strong></span> <span class='ocrx_word' id='word_1_460' title='bbox 3066 2253 3131 2293; x_wconf 83' lang='lat' dir='ltr'><strong>ex</strong></span> <span class='ocrx_word' id='word_1_461' title='bbox 3159 2239 3264 2293; x_wconf 90' lang='lat' dir='ltr'><strong>Deo</strong></span> <span class='ocrx_word' id='word_1_462' title='bbox 3289 2238 3485 2294; x_wconf 88' lang='lat' dir='ltr'><strong>Filium</strong></span> <span class='ocrx_word' id='word_1_463' title='bbox 3519 2254 3664 2294; x_wconf 88' lang='lat' dir='ltr'><strong>esse.</strong></span> <span class='ocrx_word' id='word_1_464' title='bbox 3702 2240 3910 2295; x_wconf 83' lang='lat' dir='ltr'><strong>Verum</strong></span> <span class='ocrx_word' id='word_1_465' title='bbox 3952 2240 3953 2243; x_wconf 57' lang='grc'><em>“</em></span> 
     </span>
    </p>
   </div>
   <div class='ocr_carea' id='block_1_65' title="bbox 2320 2332 3912 2402">
    <p class='ocr_par' dir='ltr' id='par_1_65' title="bbox 2320 2332 3912 2402">
     <span class='ocr_line' id='line_1_65' title="bbox 2320 2332 3912 2402; baseline 0.001 -14"><span class='ocrx_word' id='word_1_466' title='bbox 2320 2332 2619 2388; x_wconf 87' lang='lat' dir='ltr'><strong>Eusebiani</strong></span> <span class='ocrx_word' id='word_1_467' title='bbox 2649 2332 2699 2386; x_wconf 91' lang='lat' dir='ltr'><strong>id</strong></span> <span class='ocrx_word' id='word_1_468' title='bbox 2720 2346 2853 2387; x_wconf 87' lang='lat' dir='ltr'><strong>cum</strong></span> <span class='ocrx_word' id='word_1_469' title='bbox 2886 2346 3052 2400; x_wconf 89' lang='lat' dir='ltr'><strong>prava</strong></span> <span class='ocrx_word' id='word_1_470' title='bbox 3079 2333 3486 2401; x_wconf 86' lang='lat' dir='ltr'><strong>inveterataque</strong></span> <span class='ocrx_word' id='word_1_471' title='bbox 3517 2346 3619 2387; x_wconf 92' lang='lat' dir='ltr'><strong>sua</strong></span> <span class='ocrx_word' id='word_1_472' title='bbox 3642 2333 3912 2402; x_wconf 83' lang='lat' dir='ltr'><strong>Opinione</strong></span> 
     </span>
    </p>
   </div>
   <div class='ocr_carea' id='block_1_66' title="bbox 2320 2423 3912 2493">
    <p class='ocr_par' dir='ltr' id='par_1_66' title="bbox 2320 2423 3912 2493">
     <span class='ocr_line' id='line_1_66' title="bbox 2320 2423 3912 2493; baseline 0.001 -13"><span class='ocrx_word' id='word_1_473' title='bbox 2320 2424 2613 2480; x_wconf 89' lang='lat' dir='ltr'><strong>convenire</strong></span> <span class='ocrx_word' id='word_1_474' title='bbox 2640 2424 2765 2490; x_wconf 91' lang='lat' dir='ltr'><strong>rati,</strong></span> <span class='ocrx_word' id='word_1_475' title='bbox 2801 2437 2907 2478; x_wconf 92' lang='lat' dir='ltr'><strong>non</strong></span> <span class='ocrx_word' id='word_1_476' title='bbox 2943 2438 3088 2493; x_wconf 67' lang='lat' dir='ltr'><strong>aegre</strong></span> <span class='ocrx_word' id='word_1_477' title='bbox 3127 2424 3472 2479; x_wconf 90' lang='lat' dir='ltr'><strong>admisissent</strong></span> <span class='ocrx_word' id='word_1_478' title='bbox 3499 2423 3628 2480; x_wconf 92' lang='lat' dir='ltr'><strong>huic</strong></span> <span class='ocrx_word' id='word_1_479' title='bbox 3653 2424 3912 2481; x_wconf 68' lang='lat' dir='ltr'><strong>formulze</strong></span> 
     </span>
    </p>
   </div>
   <div class='ocr_carea' id='block_1_67' title="bbox 2321 2515 3913 2586">
    <p class='ocr_par' dir='ltr' id='par_1_67' title="bbox 2321 2515 3913 2586">
     <span class='ocr_line' id='line_1_67' title="bbox 2321 2515 3913 2586; baseline 0.001 -15"><span class='ocrx_word' id='word_1_480' title='bbox 2321 2532 2517 2573; x_wconf 89' lang='lat' dir='ltr'><strong>nomen</strong></span> <span class='ocrx_word' id='word_1_481' title='bbox 2547 2517 2699 2581; x_wconf 90' lang='lat' dir='ltr'><strong>dare,</strong></span> <span class='ocrx_word' id='word_1_482' title='bbox 2732 2516 2951 2586; x_wconf 82' lang='lat' dir='ltr'><strong>quando</strong></span> <span class='ocrx_word' id='word_1_483' title='bbox 2982 2517 3032 2571; x_wconf 92' lang='lat' dir='ltr'><strong>id</strong></span> <span class='ocrx_word' id='word_1_484' title='bbox 3053 2515 3207 2585; x_wconf 83' lang='lat' dir='ltr'><strong>juxta</strong></span> <span class='ocrx_word' id='word_1_485' title='bbox 3243 2517 3309 2572; x_wconf 92' lang='lat' dir='ltr'><strong>de</strong></span> <span class='ocrx_word' id='word_1_486' title='bbox 3340 2517 3579 2571; x_wconf 86' lang='lat' dir='ltr'><strong>conditis</strong></span> <span class='ocrx_word' id='word_1_487' title='bbox 3613 2517 3783 2572; x_wconf 86' lang='lat' dir='ltr'><strong>rebus</strong></span> <span class='ocrx_word' id='word_1_488' title='bbox 3824 2518 3913 2572; x_wconf 83' lang='lat' dir='ltr'><strong>di-</strong></span> 
     </span>
    </p>
   </div>
   <div class='ocr_carea' id='block_1_68' title="bbox 2320 2606 3912 2680">
    <p class='ocr_par' dir='ltr' id='par_1_68' title="bbox 2320 2606 3912 2680">
     <span class='ocr_line' id='line_1_68' title="bbox 2320 2606 3912 2680; baseline -0.003 -13"><span class='ocrx_word' id='word_1_489' title='bbox 2320 2621 2476 2667; x_wconf 90' lang='lat' dir='ltr'><strong>catur</strong></span> <span class='ocrx_word' id='word_1_490' title='bbox 2528 2610 2670 2680; x_wconf 91' lang='lat' dir='ltr'><strong>quod</strong></span> <span class='ocrx_word' id='word_1_491' title='bbox 2705 2624 2773 2664; x_wconf 81' lang='lat' dir='ltr'><strong>ex</strong></span> <span class='ocrx_word' id='word_1_492' title='bbox 2830 2611 2939 2665; x_wconf 92' lang='lat' dir='ltr'><strong>Deo</strong></span> <span class='ocrx_word' id='word_1_493' title='bbox 2988 2609 3116 2664; x_wconf 92' lang='lat' dir='ltr'><strong>sint.</strong></span> <span class='ocrx_word' id='word_1_494' title='bbox 3164 2608 3558 2663; x_wconf 83' lang='lat' dir='ltr'><strong>Animadversa</strong></span> <span class='ocrx_word' id='word_1_495' title='bbox 3612 2606 3813 2663; x_wconf 86' lang='lat' dir='ltr'><strong>fraude</strong></span> <span class='ocrx_word' id='word_1_496' title='bbox 3845 2624 3912 2663; x_wconf 90' lang='lat' dir='ltr'><strong>ac</strong></span> 
     </span>
    </p>
   </div>
   <div class='ocr_carea' id='block_1_69' title="bbox 2322 2698 3915 2770">
    <p class='ocr_par' dir='ltr' id='par_1_69' title="bbox 2322 2698 3915 2770">
     <span class='ocr_line' id='line_1_69' title="bbox 2322 2698 3915 2770; baseline 0.001 -15"><span class='ocrx_word' id='word_1_497' title='bbox 2322 2700 2550 2757; x_wconf 91' lang='lat' dir='ltr'><strong>subdolo</strong></span> <span class='ocrx_word' id='word_1_498' title='bbox 2581 2699 2942 2770; x_wconf 87' lang='lat' dir='ltr'><strong>lucifugarum</strong></span> <span class='ocrx_word' id='word_1_499' title='bbox 2968 2698 3223 2765; x_wconf 83' lang='lat' dir='ltr'><strong>consilio,</strong></span> <span class='ocrx_word' id='word_1_500' title='bbox 3256 2699 3514 2769; x_wconf 61' lang='lat' dir='ltr'><strong>prasnles</strong></span> <span class='ocrx_word' id='word_1_501' title='bbox 3543 2699 3749 2755; x_wconf 88' lang='lat' dir='ltr'><strong>multas</strong></span> <span class='ocrx_word' id='word_1_502' title='bbox 3774 2700 3915 2757; x_wconf 70' lang='lat' dir='ltr'><strong>alia:</strong></span> 
     </span>
    </p>
   </div>
   <div class='ocr_carea' id='block_1_70' title="bbox 2321 2789 3915 2855">
    <p class='ocr_par' dir='ltr' id='par_1_70' title="bbox 2321 2789 3915 2855">
     <span class='ocr_line' id='line_1_70' title="bbox 2321 2789 3915 2855; baseline -0.001 -8"><span class='ocrx_word' id='word_1_503' title='bbox 2321 2793 2558 2849; x_wconf 93' lang='lat' dir='ltr'><strong>indidem</strong></span> <span class='ocrx_word' id='word_1_504' title='bbox 2611 2802 2890 2847; x_wconf 87' lang='lat' dir='ltr'><strong>mutuatas</strong></span> <span class='ocrx_word' id='word_1_505' title='bbox 2944 2806 3107 2848; x_wconf 88' lang='lat' dir='ltr'><strong>voces</strong></span> <span class='ocrx_word' id='word_1_506' title='bbox 3136 2789 3388 2855; x_wconf 80' lang='lat' dir='ltr'><strong>efferunt,</strong></span> <span class='ocrx_word' id='word_1_507' title='bbox 3421 2791 3658 2845; x_wconf 86' lang='lat' dir='ltr'><strong>Verbum</strong></span> <span class='ocrx_word' id='word_1_508' title='bbox 3695 2791 3915 2846; x_wconf 79' lang='lat' dir='ltr'><strong>scilicet</strong></span> 
     </span>
    </p>
   </div>
   <div class='ocr_carea' id='block_1_71' title="bbox 2320 2881 3913 2953">
    <p class='ocr_par' dir='ltr' id='par_1_71' title="bbox 2320 2881 3913 2953">
     <span class='ocr_line' id='line_1_71' title="bbox 2320 2881 3913 2953; baseline 0 -15"><span class='ocrx_word' id='word_1_509' title='bbox 2320 2899 2441 2940; x_wconf 90' lang='lat' dir='ltr'><strong>esse</strong></span> <span class='ocrx_word' id='word_1_510' title='bbox 2474 2884 2754 2951; x_wconf 91' lang='lat' dir='ltr'><strong>virtutem,</strong></span> <span class='ocrx_word' id='word_1_511' title='bbox 2788 2897 3083 2952; x_wconf 87' lang='lat' dir='ltr'><strong>veramque</strong></span> <span class='ocrx_word' id='word_1_512' title='bbox 3134 2881 3311 2935; x_wconf 89' lang='lat' dir='ltr'><strong>Patris</strong></span> <span class='ocrx_word' id='word_1_513' title='bbox 3344 2882 3661 2951; x_wconf 88' lang='lat' dir='ltr'><strong>imaginem,</strong></span> <span class='ocrx_word' id='word_1_514' title='bbox 3706 2882 3813 2953; x_wconf 89' lang='lat' dir='ltr'><strong>ipsi</strong></span> <span class='ocrx_word' id='word_1_515' title='bbox 3860 2884 3913 2938; x_wconf 92' lang='lat' dir='ltr'><strong>in</strong></span> 
     </span>
    </p>
   </div>
   <div class='ocr_carea' id='block_1_72' title="bbox 2318 2972 3913 3043">
    <p class='ocr_par' dir='ltr' id='par_1_72' title="bbox 2318 2972 3913 3043">
     <span class='ocr_line' id='line_1_72' title="bbox 2318 2972 3913 3043; baseline -0.001 -13"><span class='ocrx_word' id='word_1_516' title='bbox 2318 2976 2571 3030; x_wconf 87' lang='lat' dir='ltr'><strong>omnibus</strong></span> <span class='ocrx_word' id='word_1_517' title='bbox 2597 2975 2854 3040; x_wconf 82' lang='lat' dir='ltr'><strong>similent,</strong></span> <span class='ocrx_word' id='word_1_518' title='bbox 2903 2989 2968 3030; x_wconf 92' lang='lat' dir='ltr'><strong>ac</strong></span> <span class='ocrx_word' id='word_1_519' title='bbox 2998 2988 3217 3043; x_wconf 86' lang='lat' dir='ltr'><strong>semper</strong></span> <span class='ocrx_word' id='word_1_520' title='bbox 3263 2988 3403 3027; x_wconf 87' lang='lat' dir='ltr'><strong>esse.</strong></span> <span class='ocrx_word' id='word_1_521' title='bbox 3435 2972 3575 3027; x_wconf 88' lang='lat' dir='ltr'><strong>Tum</strong></span> <span class='ocrx_word' id='word_1_522' title='bbox 3604 2974 3913 3030; x_wconf 82' lang='lat' dir='ltr'><strong>Eusebiani</strong></span> 
     </span>
    </p>
   </div>
   <div class='ocr_carea' id='block_1_73' title="bbox 2320 3065 3913 3135">
    <p class='ocr_par' dir='ltr' id='par_1_73' title="bbox 2320 3065 3913 3135">
     <span class='ocr_line' id='line_1_73' title="bbox 2320 3065 3913 3135; baseline 0.001 -14"><span class='ocrx_word' id='word_1_523' title='bbox 2320 3067 2642 3135; x_wconf 89' lang='lat' dir='ltr'><strong>deprehensi</strong></span> <span class='ocrx_word' id='word_1_524' title='bbox 2673 3073 2797 3122; x_wconf 87' lang='lat' dir='ltr'><strong>sunt</strong></span> <span class='ocrx_word' id='word_1_525' title='bbox 2819 3065 2924 3120; x_wconf 90' lang='lat' dir='ltr'><strong>sibi</strong></span> <span class='ocrx_word' id='word_1_526' title='bbox 2949 3074 3140 3119; x_wconf 93' lang='lat' dir='ltr'><strong>mutuo</strong></span> <span class='ocrx_word' id='word_1_527' title='bbox 3169 3065 3344 3120; x_wconf 92' lang='lat' dir='ltr'><strong>oculis</strong></span> <span class='ocrx_word' id='word_1_528' title='bbox 3367 3079 3639 3132; x_wconf 87' lang='lat' dir='ltr'><strong>annuere,</strong></span> <span class='ocrx_word' id='word_1_529' title='bbox 3672 3081 3741 3122; x_wconf 88' lang='lat' dir='ltr'><strong>ac</strong></span> <span class='ocrx_word' id='word_1_530' title='bbox 3764 3083 3913 3124; x_wconf 81' lang='lat' dir='ltr'><strong>mus-</strong></span> 
     </span>
    </p>
   </div>
   <div class='ocr_carea' id='block_1_74' title="bbox 2323 3156 3912 3230">
    <p class='ocr_par' dir='ltr' id='par_1_74' title="bbox 2323 3156 3912 3230">
     <span class='ocr_line' id='line_1_74' title="bbox 2323 3156 3912 3230; baseline 0.001 -18"><span class='ocrx_word' id='word_1_531' title='bbox 2323 3159 2492 3213; x_wconf 87' lang='lat' dir='ltr'><strong>sitare</strong></span> <span class='ocrx_word' id='word_1_532' title='bbox 2518 3158 2657 3212; x_wconf 91' lang='lat' dir='ltr'><strong>inter</strong></span> <span class='ocrx_word' id='word_1_533' title='bbox 2690 3171 2770 3223; x_wconf 89' lang='lat' dir='ltr'><strong>se,</strong></span> <span class='ocrx_word' id='word_1_534' title='bbox 2800 3171 2960 3228; x_wconf 90' lang='lat' dir='ltr'><strong>posse</strong></span> <span class='ocrx_word' id='word_1_535' title='bbox 2991 3156 3203 3211; x_wconf 89' lang='lat' dir='ltr'><strong>scilicet</strong></span> <span class='ocrx_word' id='word_1_536' title='bbox 3248 3157 3336 3213; x_wconf 90' lang='lat' dir='ltr'><strong>his</strong></span> <span class='ocrx_word' id='word_1_537' title='bbox 3374 3157 3604 3212; x_wconf 75' lang='lat' dir='ltr'><strong>vocibus</strong></span> <span class='ocrx_word' id='word_1_538' title='bbox 3640 3158 3912 3230; x_wconf 72' lang='lat' dir='ltr'><strong>suﬁragia</strong></span> 
     </span>
    </p>
   </div>
   <div class='ocr_carea' id='block_1_75' title="bbox 2323 3248 3915 3317">
    <p class='ocr_par' dir='ltr' id='par_1_75' title="bbox 2323 3248 3915 3317">
     <span class='ocr_line' id='line_1_75' title="bbox 2323 3248 3915 3317; baseline 0.002 -12"><span class='ocrx_word' id='word_1_539' title='bbox 2323 3249 2540 3315; x_wconf 85' lang='lat' dir='ltr'><strong>ascribi,</strong></span> <span class='ocrx_word' id='word_1_540' title='bbox 2587 3264 2712 3303; x_wconf 88' lang='lat' dir='ltr'><strong>cum</strong></span> <span class='ocrx_word' id='word_1_541' title='bbox 2763 3248 2866 3301; x_wconf 88' lang='lat' dir='ltr'><strong>alia</strong></span> <span class='ocrx_word' id='word_1_542' title='bbox 2909 3256 3108 3317; x_wconf 66' lang='lat' dir='ltr'><strong>praeter</strong></span> <span class='ocrx_word' id='word_1_543' title='bbox 3159 3248 3392 3303; x_wconf 81' lang='lat' dir='ltr'><strong>Verbum</strong></span> <span class='ocrx_word' id='word_1_544' title='bbox 3444 3249 3615 3303; x_wconf 90' lang='lat' dir='ltr'><strong>multa</strong></span> <span class='ocrx_word' id='word_1_545' title='bbox 3669 3251 3915 3308; x_wconf 86' lang='lat' dir='ltr'><strong>virtutes</strong></span> 
     </span>
    </p>
   </div>
   <div class='ocr_carea' id='block_1_76' title="bbox 2324 3341 3916 3416">
    <p class='ocr_par' dir='ltr' id='par_1_76' title="bbox 2324 3341 3916 3416">
     <span class='ocr_line' id='line_1_76' title="bbox 2324 3341 3916 3416; baseline 0.001 -19"><span class='ocrx_word' id='word_1_546' title='bbox 2324 3342 2689 3413; x_wconf 88' lang='lat' dir='ltr'><strong>appellentur,</strong></span> <span class='ocrx_word' id='word_1_547' title='bbox 2739 3355 2959 3396; x_wconf 87' lang='lat' dir='ltr'><strong>erucam</strong></span> <span class='ocrx_word' id='word_1_548' title='bbox 3009 3341 3156 3395; x_wconf 89' lang='lat' dir='ltr'><strong>enim</strong></span> <span class='ocrx_word' id='word_1_549' title='bbox 3207 3351 3263 3396; x_wconf 92' lang='lat' dir='ltr'><strong>et</strong></span> <span class='ocrx_word' id='word_1_550' title='bbox 3315 3342 3579 3398; x_wconf 89' lang='lat' dir='ltr'><strong>bruchum</strong></span> <span class='ocrx_word' id='word_1_551' title='bbox 3648 3359 3916 3416; x_wconf 89' lang='lat' dir='ltr'><strong>magnam</strong></span> 
     </span>
    </p>
   </div>
   <div class='ocr_carea' id='block_1_77' title="bbox 2324 3433 3921 3508">
    <p class='ocr_par' dir='ltr' id='par_1_77' title="bbox 2324 3433 3921 3508">
     <span class='ocr_line' id='line_1_77' title="bbox 2324 3433 3921 3508; baseline 0.003 -20"><span class='ocrx_word' id='word_1_552' title='bbox 2324 3434 2418 3488; x_wconf 87' lang='lat' dir='ltr'><strong>Dei</strong></span> <span class='ocrx_word' id='word_1_553' title='bbox 2449 3434 2701 3488; x_wconf 85' lang='lat' dir='ltr'><strong>virtutem</strong></span> <span class='ocrx_word' id='word_1_554' title='bbox 2732 3433 3032 3502; x_wconf 87' lang='lat' dir='ltr'><strong>nuncupari</strong></span> <span class='ocrx_word' id='word_1_555' title='bbox 3067 3434 3119 3487; x_wconf 92' lang='lat' dir='ltr'><strong>in</strong></span> <span class='ocrx_word' id='word_1_556' title='bbox 3146 3435 3323 3489; x_wconf 83' lang='lat' dir='ltr'><strong>sacris</strong></span> <span class='ocrx_word' id='word_1_557' title='bbox 3354 3434 3582 3490; x_wconf 90' lang='lat' dir='ltr'><strong>Litteris</strong></span> <span class='ocrx_word' id='word_1_558' title='bbox 3614 3436 3657 3493; x_wconf 85' lang='grc'><strong>¹.</strong></span> <span class='ocrx_word' id='word_1_559' title='bbox 3711 3437 3921 3508; x_wconf 82' lang='lat' dir='ltr'><strong>Imagi-</strong></span> 
     </span>
    </p>
   </div>
   <div class='ocr_carea' id='block_1_78' title="bbox 2323 3524 3920 3597">
    <p class='ocr_par' dir='ltr' id='par_1_78' title="bbox 2323 3524 3920 3597">
     <span class='ocr_line' id='line_1_78' title="bbox 2323 3524 3920 3597; baseline 0.004 -16"><span class='ocrx_word' id='word_1_560' title='bbox 2323 3541 2443 3581; x_wconf 91' lang='lat' dir='ltr'><strong>nem</strong></span> <span class='ocrx_word' id='word_1_561' title='bbox 2472 3539 2685 3594; x_wconf 89' lang='lat' dir='ltr'><strong>quoqne</strong></span> <span class='ocrx_word' id='word_1_562' title='bbox 2719 3524 2810 3580; x_wconf 91' lang='lat' dir='ltr'><strong>Dei</strong></span> <span class='ocrx_word' id='word_1_563' title='bbox 2839 3525 3024 3580; x_wconf 90' lang='lat' dir='ltr'><strong>vocari</strong></span> <span class='ocrx_word' id='word_1_564' title='bbox 3072 3540 3229 3595; x_wconf 88' lang='lat' dir='ltr'><strong>posse</strong></span> <span class='ocrx_word' id='word_1_565' title='bbox 3264 3526 3482 3590; x_wconf 88' lang='lat' dir='ltr'><strong>Filium,</strong></span> <span class='ocrx_word' id='word_1_566' title='bbox 3536 3532 3766 3597; x_wconf 86' lang='lat' dir='ltr'><strong>quando</strong></span> <span class='ocrx_word' id='word_1_567' title='bbox 3813 3548 3920 3588; x_wconf 87' lang='lat' dir='ltr'><strong>nos</strong></span> 
     </span>
    </p>
   </div>
   <div class='ocr_carea' id='block_1_79' title="bbox 2325 3618 3917 3692">
    <p class='ocr_par' dir='ltr' id='par_1_79' title="bbox 2325 3618 3917 3692">
     <span class='ocr_line' id='line_1_79' title="bbox 2325 3618 3917 3692; baseline 0.004 -20"><span class='ocrx_word' id='word_1_568' title='bbox 2325 3618 2572 3672; x_wconf 88' lang='lat' dir='ltr'><strong>homines</strong></span> <span class='ocrx_word' id='word_1_569' title='bbox 2606 3618 2896 3687; x_wconf 89' lang='lat' dir='ltr'><strong>imaginem</strong></span> <span class='ocrx_word' id='word_1_570' title='bbox 2926 3627 2981 3671; x_wconf 92' lang='lat' dir='ltr'><strong>et</strong></span> <span class='ocrx_word' id='word_1_571' title='bbox 3010 3618 3236 3687; x_wconf 88' lang='lat' dir='ltr'><strong>gloriam</strong></span> <span class='ocrx_word' id='word_1_572' title='bbox 3263 3633 3390 3674; x_wconf 86' lang='lat' dir='ltr'><strong>esse</strong></span> <span class='ocrx_word' id='word_1_573' title='bbox 3419 3619 3514 3673; x_wconf 84' lang='lat' dir='ltr'><strong>Dei</strong></span> <span class='ocrx_word' id='word_1_574' title='bbox 3542 3622 3620 3675; x_wconf 90' lang='lat' dir='ltr'><strong>ait</strong></span> <span class='ocrx_word' id='word_1_575' title='bbox 3665 3622 3917 3692; x_wconf 85' lang='lat' dir='ltr'><strong>Aposto-</strong></span> 
     </span>
    </p>
   </div>
   <div class='ocr_carea' id='block_1_80' title="bbox 2322 3708 3921 3783">
    <p class='ocr_par' dir='ltr' id='par_1_80' title="bbox 2322 3708 3921 3783">
     <span class='ocr_line' id='line_1_80' title="bbox 2322 3708 3921 3783; baseline 0.006 -22"><span class='ocrx_word' id='word_1_576' title='bbox 2322 3708 2404 3761; x_wconf 90' lang='lat' dir='ltr'><strong>lus</strong></span> <span class='ocrx_word' id='word_1_577' title='bbox 2429 3710 2609 3767; x_wconf 79' lang='grc' dir='ltr'><strong>’.1ηιο</strong></span> <span class='ocrx_word' id='word_1_578' title='bbox 2662 3708 2996 3776; x_wconf 84' lang='lat' dir='ltr'><strong>perridicule</strong></span> <span class='ocrx_word' id='word_1_579' title='bbox 3042 3710 3331 3775; x_wconf 89' lang='lat' dir='ltr'><strong>dicebant,</strong></span> <span class='ocrx_word' id='word_1_580' title='bbox 3386 3713 3543 3767; x_wconf 90' lang='lat' dir='ltr'><strong>nobis</strong></span> <span class='ocrx_word' id='word_1_581' title='bbox 3592 3728 3824 3783; x_wconf 88' lang='lat' dir='ltr'><strong>quoque</strong></span> <span class='ocrx_word' id='word_1_582' title='bbox 3864 3717 3921 3771; x_wconf 87' lang='lat' dir='ltr'><strong>id</strong></span> 
     </span>
    </p>
   </div>
   <div class='ocr_carea' id='block_1_81' title="bbox 2322 3799 3920 3870">
    <p class='ocr_par' dir='ltr' id='par_1_81' title="bbox 2322 3799 3920 3870">
     <span class='ocr_line' id='line_1_81' title="bbox 2322 3799 3920 3870; baseline 0.006 -16"><span class='ocrx_word' id='word_1_583' title='bbox 2322 3799 2517 3854; x_wconf 86' lang='lat' dir='ltr'><strong>ascribi</strong></span> <span class='ocrx_word' id='word_1_584' title='bbox 2566 3814 2726 3869; x_wconf 88' lang='lat' dir='ltr'><strong>posse</strong></span> <span class='ocrx_word' id='word_1_585' title='bbox 2762 3801 2909 3868; x_wconf 86' lang='lat' dir='ltr'><strong>quod</strong></span> <span class='ocrx_word' id='word_1_586' title='bbox 2957 3813 3172 3870; x_wconf 88' lang='lat' dir='ltr'><strong>semper</strong></span> <span class='ocrx_word' id='word_1_587' title='bbox 3218 3801 3411 3863; x_wconf 79' lang='lat' dir='ltr'><strong>simus,</strong></span> <span class='ocrx_word' id='word_1_588' title='bbox 3456 3804 3762 3859; x_wconf 90' lang='lat' dir='ltr'><strong>secundum</strong></span> <span class='ocrx_word' id='word_1_589' title='bbox 3796 3805 3920 3863; x_wconf 69' lang='lat' dir='ltr'><strong>haec</strong></span> 
     </span>
    </p>
   </div>
   <div class='ocr_carea' id='block_1_82' title="bbox 2322 3890 3916 3965">
    <p class='ocr_par' dir='ltr' id='par_1_82' title="bbox 2322 3890 3916 3965">
     <span class='ocr_line' id='line_1_82' title="bbox 2322 3890 3916 3965; baseline 0.004 -19"><span class='ocrx_word' id='word_1_590' title='bbox 2322 3890 2563 3961; x_wconf 86' lang='lat' dir='ltr'><strong>Apostoli</strong></span> <span class='ocrx_word' id='word_1_591' title='bbox 2599 3891 2760 3946; x_wconf 89' lang='lat' dir='ltr'><strong>verba</strong></span> <span class='ocrx_word' id='word_1_592' title='bbox 2801 3909 2815 3946; x_wconf 92' lang='lat'><strong>:</strong></span> <span class='ocrx_word' id='word_1_593' title='bbox 2876 3911 2895 3944; x_wconf 86' lang='grc'><em>‹</em></span> <span class='ocrx_word' id='word_1_594' title='bbox 2953 3892 3178 3963; x_wconf 88' lang='lat' dir='ltr'><strong>Semper</strong></span> <span class='ocrx_word' id='word_1_595' title='bbox 3219 3895 3362 3948; x_wconf 93' lang='lat' dir='ltr'><strong>enim</strong></span> <span class='ocrx_word' id='word_1_596' title='bbox 3396 3910 3493 3950; x_wconf 89' lang='lat' dir='ltr'><strong>nos</strong></span> <span class='ocrx_word' id='word_1_597' title='bbox 3532 3896 3789 3953; x_wconf 86' lang='lat' dir='ltr'><strong>viventes</strong></span> <span class='ocrx_word' id='word_1_598' title='bbox 3812 3899 3859 3965; x_wconf 85' lang='grc'><strong>³,</strong></span> <span class='ocrx_word' id='word_1_599' title='bbox 3896 3919 3916 3952; x_wconf 74' lang='grc' dir='ltr'><strong><em>ι</em></strong></span> 
     </span>
    </p>
   </div>
   <div class='ocr_carea' id='block_1_83' title="bbox 2320 3984 3921 4055">
    <p class='ocr_par' dir='ltr' id='par_1_83' title="bbox 2320 3984 3921 4055">
     <span class='ocr_line' id='line_1_83' title="bbox 2320 3984 3921 4055; baseline 0.005 -17"><span class='ocrx_word' id='word_1_600' title='bbox 2320 3993 2429 4038; x_wconf 90' lang='lat' dir='ltr'><strong>etc.</strong></span> <span class='ocrx_word' id='word_1_601' title='bbox 2465 3984 2662 4039; x_wconf 89' lang='lat' dir='ltr'><strong>Verum</strong></span> <span class='ocrx_word' id='word_1_602' title='bbox 2689 3985 2933 4055; x_wconf 92' lang='lat' dir='ltr'><strong>episcopi</strong></span> <span class='ocrx_word' id='word_1_603' title='bbox 2975 3985 3201 4041; x_wconf 87' lang='lat' dir='ltr'><strong>insidias</strong></span> <span class='ocrx_word' id='word_1_604' title='bbox 3232 3995 3286 4040; x_wconf 89' lang='lat' dir='ltr'><strong>et</strong></span> <span class='ocrx_word' id='word_1_605' title='bbox 3313 3985 3585 4041; x_wconf 90' lang='lat' dir='ltr'><strong>vafritiem</strong></span> <span class='ocrx_word' id='word_1_606' title='bbox 3621 3998 3921 4047; x_wconf 83' lang='lat' dir='ltr'><strong>veterato-</strong></span> 
     </span>
    </p>
   </div>
   <div class='ocr_carea' id='block_1_84' title="bbox 2320 4076 3920 4149">
    <p class='ocr_par' dir='ltr' id='par_1_84' title="bbox 2320 4076 3920 4149">
     <span class='ocr_line' id='line_1_84' title="bbox 2320 4076 3920 4149; baseline 0.006 -20"><span class='ocrx_word' id='word_1_607' title='bbox 2320 4091 2438 4129; x_wconf 91' lang='lat' dir='ltr'><strong>rum</strong></span> <span class='ocrx_word' id='word_1_608' title='bbox 2469 4076 2791 4145; x_wconf 91' lang='lat' dir='ltr'><strong>conspicati,</strong></span> <span class='ocrx_word' id='word_1_609' title='bbox 2846 4091 2915 4131; x_wconf 91' lang='lat' dir='ltr'><strong>eo</strong></span> <span class='ocrx_word' id='word_1_610' title='bbox 2950 4079 3167 4132; x_wconf 89' lang='lat' dir='ltr'><strong>demum</strong></span> <span class='ocrx_word' id='word_1_611' title='bbox 3222 4078 3479 4147; x_wconf 89' lang='lat' dir='ltr'><strong>appulere</strong></span> <span class='ocrx_word' id='word_1_612' title='bbox 3518 4079 3799 4148; x_wconf 86' lang='lat' dir='ltr'><strong>animum,</strong></span> <span class='ocrx_word' id='word_1_613' title='bbox 3834 4093 3920 4149; x_wconf 91' lang='lat' dir='ltr'><strong>ut,</strong></span> 
     </span>
    </p>
   </div>
   <div class='ocr_carea' id='block_1_85' title="bbox 2318 4166 3923 4244">
    <p class='ocr_par' dir='ltr' id='par_1_85' title="bbox 2318 4166 3923 4244">
     <span class='ocr_line' id='line_1_85' title="bbox 2318 4166 3923 4244; baseline 0.008 -27"><span class='ocrx_word' id='word_1_614' title='bbox 2318 4166 2544 4234; x_wconf 64' lang='lat' dir='ltr'><strong>praecisa</strong></span> <span class='ocrx_word' id='word_1_615' title='bbox 2570 4166 2893 4237; x_wconf 87' lang='lat' dir='ltr'><strong>subterfugii</strong></span> <span class='ocrx_word' id='word_1_616' title='bbox 2918 4168 3225 4232; x_wconf 89' lang='lat' dir='ltr'><strong>occasione,</strong></span> <span class='ocrx_word' id='word_1_617' title='bbox 3250 4183 3435 4224; x_wconf 88' lang='lat' dir='ltr'><strong>vocem</strong></span> <span class='ocrx_word' id='word_1_618' title='bbox 3462 4170 3764 4241; x_wconf 76' lang='grc' dir='ltr'><strong>ὁμοοὺσιον</strong></span> <span class='ocrx_word' id='word_1_619' title='bbox 3789 4191 3923 4244; x_wconf 91' lang='lat' dir='ltr'><strong>pro-</strong></span> 
     </span>
    </p>
   </div>
   <div class='ocr_carea' id='block_1_86' title="bbox 2320 4257 3922 4329">
    <p class='ocr_par' dir='ltr' id='par_1_86' title="bbox 2320 4257 3922 4329">
     <span class='ocr_line' id='line_1_86' title="bbox 2320 4257 3922 4329; baseline 0.008 -20"><span class='ocrx_word' id='word_1_620' title='bbox 2320 4257 2525 4311; x_wconf 91' lang='lat' dir='ltr'><strong>ferrent</strong></span> <span class='ocrx_word' id='word_1_621' title='bbox 2562 4258 2616 4311; x_wconf 91' lang='lat' dir='ltr'><strong>in</strong></span> <span class='ocrx_word' id='word_1_622' title='bbox 2654 4259 2918 4322; x_wconf 89' lang='lat' dir='ltr'><strong>medium,</strong></span> <span class='ocrx_word' id='word_1_623' title='bbox 2957 4271 3065 4328; x_wconf 90' lang='lat' dir='ltr'><strong>qua</strong></span> <span class='ocrx_word' id='word_1_624' title='bbox 3100 4261 3273 4329; x_wconf 89' lang='lat' dir='ltr'><strong>posita</strong></span> <span class='ocrx_word' id='word_1_625' title='bbox 3309 4261 3747 4320; x_wconf 88' lang='lat' dir='ltr'><strong>.circuitionibus</strong></span> <span class='ocrx_word' id='word_1_626' title='bbox 3775 4267 3922 4322; x_wconf 89' lang='lat' dir='ltr'><strong>nihil</strong></span> 
     </span>
    </p>
   </div>
   <div class='ocr_carea' id='block_1_87' title="bbox 2318 4348 3924 4421">
    <p class='ocr_par' dir='ltr' id='par_1_87' title="bbox 2318 4348 3924 4421">
     <span class='ocr_line' id='line_1_87' title="bbox 2318 4348 3924 4421; baseline 0.005 -18"><span class='ocrx_word' id='word_1_627' title='bbox 2318 4349 2517 4404; x_wconf 88' lang='lat' dir='ltr'><strong>residui</strong></span> <span class='ocrx_word' id='word_1_628' title='bbox 2554 4348 2709 4402; x_wconf 88' lang='lat' dir='ltr'><strong>foret.</strong></span> <span class='ocrx_word' id='word_1_629' title='bbox 2748 4350 2949 4403; x_wconf 86' lang='lat' dir='ltr'><strong>Contra</strong></span> <span class='ocrx_word' id='word_1_630' title='bbox 2990 4350 3303 4415; x_wconf 89' lang='lat' dir='ltr'><strong>Eusebiani,</strong></span> <span class='ocrx_word' id='word_1_631' title='bbox 3332 4353 3425 4421; x_wconf 89' lang='lat' dir='ltr'><strong>qui</strong></span> <span class='ocrx_word' id='word_1_632' title='bbox 3452 4367 3515 4407; x_wconf 88' lang='lat' dir='ltr'><strong>ea</strong></span> <span class='ocrx_word' id='word_1_633' title='bbox 3544 4368 3683 4409; x_wconf 90' lang='lat' dir='ltr'><strong>voce</strong></span> <span class='ocrx_word' id='word_1_634' title='bbox 3723 4356 3924 4412; x_wconf 82' lang='lat' dir='ltr'><strong>adem-</strong></span> 
     </span>
    </p>
   </div>
   <div class='ocr_carea' id='block_1_88' title="bbox 2318 4441 3924 4512">
    <p class='ocr_par' dir='ltr' id='par_1_88' title="bbox 2318 4441 3924 4512">
     <span class='ocr_line' id='line_1_88' title="bbox 2318 4441 3924 4512; baseline 0.01 -21"><span class='ocrx_word' id='word_1_635' title='bbox 2318 4450 2437 4508; x_wconf 86' lang='lat' dir='ltr'><strong>ptas</strong></span> <span class='ocrx_word' id='word_1_636' title='bbox 2465 4441 2747 4495; x_wconf 86' lang='lat' dir='ltr'><strong>erroribns</strong></span> <span class='ocrx_word' id='word_1_637' title='bbox 2781 4441 2897 4495; x_wconf 90' lang='lat' dir='ltr'><strong>suis</strong></span> <span class='ocrx_word' id='word_1_638' title='bbox 2929 4441 3169 4495; x_wconf 89' lang='lat' dir='ltr'><strong>latebras</strong></span> <span class='ocrx_word' id='word_1_639' title='bbox 3212 4443 3604 4512; x_wconf 88' lang='lat' dir='ltr'><strong>perspicerent,</strong></span> <span class='ocrx_word' id='word_1_640' title='bbox 3662 4452 3924 4507; x_wconf 86' lang='lat' dir='ltr'><strong>auctori-</strong></span> 
     </span>
    </p>
   </div>
   <div class='ocr_carea' id='block_1_89' title="bbox 639 4526 3933 4609">
    <p class='ocr_par' dir='ltr' id='par_1_89' title="bbox 639 4526 3933 4609">
     <span class='ocr_line' id='line_1_89' title="bbox 639 4526 3933 4609; baseline 0.005 -29"><span class='ocrx_word' id='word_1_641' title='bbox 639 4526 755 4583; x_wconf 88' lang='lat' dir='ltr'><strong>Arii</strong></span> <span class='ocrx_word' id='word_1_642' title='bbox 782 4530 1094 4597; x_wconf 79' lang='lat' dir='ltr'><strong>sequacium</strong></span> <span class='ocrx_word' id='word_1_643' title='bbox 1120 4530 1416 4598; x_wconf 91' lang='lat' dir='ltr'><strong>sententia,</strong></span> <span class='ocrx_word' id='word_1_644' title='bbox 1450 4532 1647 4600; x_wconf 91' lang='lat' dir='ltr'><strong>impius</strong></span> <span class='ocrx_word' id='word_1_645' title='bbox 1675 4529 1886 4584; x_wconf 91' lang='lat' dir='ltr'><strong>libellus</strong></span> <span class='ocrx_word' id='word_1_646' title='bbox 1909 4529 2210 4598; x_wconf 84' lang='lat' dir='ltr'><strong>discerptus</strong></span> <span class='ocrx_word' id='word_1_647' title='bbox 2245 4554 2287 4608; x_wconf 70' lang='grc' dir='ltr'>ο</span> <span class='ocrx_word' id='word_1_648' title='bbox 2322 4540 2483 4585; x_wconf 89' lang='lat' dir='ltr'><strong>tatem</strong></span> <span class='ocrx_word' id='word_1_649' title='bbox 2536 4539 2814 4602; x_wconf 90' lang='lat' dir='ltr'><strong>opponunt</strong></span> <span class='ocrx_word' id='word_1_650' title='bbox 2858 4533 3051 4601; x_wconf 84' lang='lat' dir='ltr'><strong>synodi</strong></span> <span class='ocrx_word' id='word_1_651' title='bbox 3086 4533 3465 4601; x_wconf 63' lang='lat' dir='ltr'><strong>Antiochense,</strong></span> <span class='ocrx_word' id='word_1_652' title='bbox 3524 4537 3583 4592; x_wconf 90' lang='lat' dir='ltr'><strong>in</strong></span> <span class='ocrx_word' id='word_1_653' title='bbox 3649 4555 3761 4609; x_wconf 88' lang='lat' dir='ltr'><strong>qua</strong></span> <span class='ocrx_word' id='word_1_654' title='bbox 3807 4558 3933 4605; x_wconf 11' lang='lat' dir='ltr'><strong>vox,</strong></span> 
     </span>
    </p>
   </div>
   <div class='ocr_carea' id='block_1_90' title="bbox 639 4620 2208 4691">
    <p class='ocr_par' dir='ltr' id='par_1_90' title="bbox 639 4620 2208 4691">
     <span class='ocr_line' id='line_1_90' title="bbox 639 4620 2208 4691; baseline -0.001 -17"><span class='ocrx_word' id='word_1_655' title='bbox 639 4628 745 4675; x_wconf 88' lang='lat' dir='ltr'><strong>est.</strong></span> <span class='ocrx_word' id='word_1_656' title='bbox 776 4620 974 4675; x_wconf 87' lang='lat' dir='ltr'><strong>Verum</strong></span> <span class='ocrx_word' id='word_1_657' title='bbox 998 4623 1186 4678; x_wconf 87' lang='lat' dir='ltr'><strong>Ariani</strong></span> <span class='ocrx_word' id='word_1_658' title='bbox 1219 4632 1511 4691; x_wconf 85' lang='lat' dir='ltr'><strong>conspecta</strong></span> <span class='ocrx_word' id='word_1_659' title='bbox 1545 4621 1947 4675; x_wconf 86' lang='lat' dir='ltr'><strong>Catholicorum</strong></span> <span class='ocrx_word' id='word_1_660' title='bbox 1975 4620 2041 4675; x_wconf 87' lang='lat' dir='ltr'><strong>&#39;et</strong></span> <span class='ocrx_word' id='word_1_661' title='bbox 2071 4620 2208 4689; x_wconf 81' lang='lat' dir='ltr'><strong>frugi</strong></span> 
     </span>
    </p>
   </div>
   <div class='ocr_carea' id='block_1_91' title="bbox 639 4708 2211 4782">
    <p class='ocr_par' dir='ltr' id='par_1_91' title="bbox 639 4708 2211 4782">
     <span class='ocr_line' id='line_1_91' title="bbox 639 4708 2211 4782; baseline 0.001 -21"><span class='ocrx_word' id='word_1_662' title='bbox 639 4708 918 4763; x_wconf 86' lang='lat' dir='ltr'><strong>hominum</strong></span> <span class='ocrx_word' id='word_1_663' title='bbox 973 4712 1363 4782; x_wconf 82' lang='lat' dir='ltr'><strong>indignatione,</strong></span> <span class='ocrx_word' id='word_1_664' title='bbox 1410 4727 1532 4766; x_wconf 77' lang='lat' dir='ltr'><strong>mox</strong></span> <span class='ocrx_word' id='word_1_665' title='bbox 1571 4712 1759 4765; x_wconf 89' lang='lat' dir='ltr'><strong>Arium</strong></span> <span class='ocrx_word' id='word_1_666' title='bbox 1800 4709 2211 4779; x_wconf 86' lang='lat' dir='ltr'><strong>Eusebiumque</strong></span> 
     </span>
    </p>
   </div>
   <div class='ocr_carea' id='block_1_92' title="bbox 641 4803 2209 4875">
    <p class='ocr_par' dir='ltr' id='par_1_92' title="bbox 641 4803 2209 4875">
     <span class='ocr_line' id='line_1_92' title="bbox 641 4803 2209 4875; baseline 0.003 -22"><span class='ocrx_word' id='word_1_667' title='bbox 641 4815 763 4854; x_wconf 83' lang='lat' dir='ltr'><strong>cum</strong></span> <span class='ocrx_word' id='word_1_668' title='bbox 803 4803 963 4857; x_wconf 90' lang='lat' dir='ltr'><strong>sociis</strong></span> <span class='ocrx_word' id='word_1_669' title='bbox 1002 4805 1313 4858; x_wconf 87' lang='lat' dir='ltr'><strong>damnatum</strong></span> <span class='ocrx_word' id='word_1_670' title='bbox 1341 4805 1405 4859; x_wconf 92' lang='lat' dir='ltr'><strong>iri</strong></span> <span class='ocrx_word' id='word_1_671' title='bbox 1441 4805 1835 4875; x_wconf 88' lang='lat' dir='ltr'><strong>prospicientes</strong></span> <span class='ocrx_word' id='word_1_672' title='bbox 1884 4820 2078 4860; x_wconf 89' lang='lat' dir='ltr'><strong>novam</strong></span> <span class='ocrx_word' id='word_1_673' title='bbox 2128 4805 2209 4857; x_wconf 79' lang='lat' dir='ltr'><strong>in-</strong></span> 
     </span>
    </p>
   </div>
   <div class='ocr_carea' id='block_1_93' title="bbox 643 4893 2206 4966">
    <p class='ocr_par' dir='ltr' id='par_1_93' title="bbox 643 4893 2206 4966">
     <span class='ocr_line' id='line_1_93' title="bbox 643 4893 2206 4966; baseline 0.001 -21"><span class='ocrx_word' id='word_1_674' title='bbox 643 4900 773 4945; x_wconf 89' lang='lat' dir='ltr'><strong>eunt</strong></span> <span class='ocrx_word' id='word_1_675' title='bbox 838 4893 1154 4949; x_wconf 88' lang='lat' dir='ltr'><strong>insidiarum</strong></span> <span class='ocrx_word' id='word_1_676' title='bbox 1219 4899 1397 4963; x_wconf 87' lang='lat' dir='ltr'><strong>viam;</strong></span> <span class='ocrx_word' id='word_1_677' title='bbox 1471 4906 1837 4966; x_wconf 81' lang='lat' dir='ltr'><strong>rogantesque</strong></span> <span class='ocrx_word' id='word_1_678' title='bbox 1907 4897 2206 4959; x_wconf 86' lang='lat' dir='ltr'><strong>silentium,</strong></span> 
     </span>
    </p>
   </div>
   <div class='ocr_carea' id='block_1_94' title="bbox 640 4984 2207 5055">
    <p class='ocr_par' dir='ltr' id='par_1_94' title="bbox 640 4984 2207 5055">
     <span class='ocr_line' id='line_1_94' title="bbox 640 4984 2207 5055; baseline 0 -18"><span class='ocrx_word' id='word_1_679' title='bbox 640 4984 896 5039; x_wconf 78' lang='lat' dir='ltr'><strong>emcntito</strong></span> <span class='ocrx_word' id='word_1_680' title='bbox 924 4985 1076 5054; x_wconf 81' lang='lat' dir='ltr'><strong>pacis</strong></span> <span class='ocrx_word' id='word_1_681' title='bbox 1113 4988 1525 5055; x_wconf 70' lang='lat' dir='ltr'><strong>concordia:th</strong></span> <span class='ocrx_word' id='word_1_682' title='bbox 1562 4986 1804 5048; x_wconf 87' lang='lat' dir='ltr'><strong>nomine,</strong></span> <span class='ocrx_word' id='word_1_683' title='bbox 1856 4984 2066 5052; x_wconf 90' lang='lat' dir='ltr'><strong>priores</strong></span> <span class='ocrx_word' id='word_1_684' title='bbox 2104 4986 2207 5053; x_wconf 63' lang='lat' dir='ltr'><strong>ilbi</strong></span> 
     </span>
    </p>
   </div>
   <div class='ocr_carea' id='block_1_95' title="bbox 641 5075 2209 5148">
    <p class='ocr_par' dir='ltr' id='par_1_95' title="bbox 641 5075 2209 5148">
     <span class='ocr_line' id='line_1_95' title="bbox 641 5075 2209 5148; baseline -0.001 -18"><span class='ocrx_word' id='word_1_685' title='bbox 641 5075 880 5130; x_wconf 89' lang='lat' dir='ltr'><strong>oblatum</strong></span> <span class='ocrx_word' id='word_1_686' title='bbox 918 5078 1175 5145; x_wconf 87' lang='lat' dir='ltr'><strong>libellum,</strong></span> <span class='ocrx_word' id='word_1_687' title='bbox 1220 5080 1309 5148; x_wconf 87' lang='lat' dir='ltr'><strong>qni</strong></span> <span class='ocrx_word' id='word_1_688' title='bbox 1359 5078 1611 5132; x_wconf 80' lang='lat' dir='ltr'><strong>erunibus</strong></span> <span class='ocrx_word' id='word_1_689' title='bbox 1663 5076 1956 5132; x_wconf 65' lang='lat' dir='ltr'><strong>offensioni</strong></span> <span class='ocrx_word' id='word_1_690' title='bbox 2011 5076 2209 5143; x_wconf 85' lang='lat' dir='ltr'><strong>fuerat,</strong></span> 
     </span>
    </p>
   </div>
   <div class='ocr_carea' id='block_1_96' title="bbox 640 5166 2206 5238">
    <p class='ocr_par' dir='ltr' id='par_1_96' title="bbox 640 5166 2206 5238">
     <span class='ocr_line' id='line_1_96' title="bbox 640 5166 2206 5238; baseline 0 -19"><span class='ocrx_word' id='word_1_691' title='bbox 640 5166 899 5221; x_wconf 90' lang='lat' dir='ltr'><strong>damnant</strong></span> <span class='ocrx_word' id='word_1_692' title='bbox 955 5178 1007 5222; x_wconf 90' lang='lat' dir='ltr'><strong>et</strong></span> <span class='ocrx_word' id='word_1_693' title='bbox 1053 5170 1402 5238; x_wconf 89' lang='lat' dir='ltr'><strong>proscribunt</strong></span> <span class='ocrx_word' id='word_1_694' title='bbox 1434 5186 1447 5235; x_wconf 91' lang='lat'>;</span> <span class='ocrx_word' id='word_1_695' title='bbox 1502 5168 1780 5235; x_wconf 90' lang='lat' dir='ltr'><strong>aliumque</strong></span> <span class='ocrx_word' id='word_1_696' title='bbox 1811 5181 1935 5218; x_wconf 79' lang='lat' dir='ltr'><strong>mox</strong></span> <span class='ocrx_word' id='word_1_697' title='bbox 1963 5166 2206 5220; x_wconf 90' lang='lat' dir='ltr'><strong>libellum</strong></span> 
     </span>
    </p>
   </div>
   <div class='ocr_carea' id='block_1_97' title="bbox 636 5256 2207 5327">
    <p class='ocr_par' dir='ltr' id='par_1_97' title="bbox 636 5256 2207 5327">
     <span class='ocr_line' id='line_1_97' title="bbox 636 5256 2207 5327; baseline -0.002 -15"><span class='ocrx_word' id='word_1_698' title='bbox 636 5261 872 5314; x_wconf 87' lang='lat' dir='ltr'><strong>omnium</strong></span> <span class='ocrx_word' id='word_1_699' title='bbox 900 5262 1126 5316; x_wconf 90' lang='lat' dir='ltr'><strong>consilio</strong></span> <span class='ocrx_word' id='word_1_700' title='bbox 1155 5265 1477 5315; x_wconf 86' lang='lat' dir='ltr'><strong>adornatum</strong></span> <span class='ocrx_word' id='word_1_701' title='bbox 1505 5260 1757 5313; x_wconf 90' lang='lat' dir='ltr'><strong>muniunt</strong></span> <span class='ocrx_word' id='word_1_702' title='bbox 1783 5256 2056 5327; x_wconf 81' lang='lat' dir='ltr'><strong>suffragiis</strong></span> <span class='ocrx_word' id='word_1_703' title='bbox 2075 5259 2207 5311; x_wconf 89' lang='lat' dir='ltr'><strong>suis.</strong></span> 
     </span>
    </p>
   </div>
   <div class='ocr_carea' id='block_1_98' title="bbox 638 5348 2219 5417">
    <p class='ocr_par' dir='ltr' id='par_1_98' title="bbox 638 5348 2219 5417">
     <span class='ocr_line' id='line_1_98' title="bbox 638 5348 2219 5417; baseline -0.001 -12"><span class='ocrx_word' id='word_1_704' title='bbox 638 5352 743 5407; x_wconf 88' lang='lat' dir='ltr'><strong>Sed</strong></span> <span class='ocrx_word' id='word_1_705' title='bbox 774 5354 966 5409; x_wconf 68' lang='lat' dir='ltr'><strong>istbtec</strong></span> <span class='ocrx_word' id='word_1_706' title='bbox 1001 5354 1251 5408; x_wconf 87' lang='lat' dir='ltr'><strong>simulate</strong></span> <span class='ocrx_word' id='word_1_707' title='bbox 1284 5364 1337 5409; x_wconf 92' lang='lat' dir='ltr'><strong>et</strong></span> <span class='ocrx_word' id='word_1_708' title='bbox 1378 5353 1639 5406; x_wconf 88' lang='lat' dir='ltr'><strong>insidiose</strong></span> <span class='ocrx_word' id='word_1_709' title='bbox 1671 5349 1812 5402; x_wconf 82' lang='lat' dir='ltr'><strong>facta</strong></span> <span class='ocrx_word' id='word_1_710' title='bbox 1845 5363 1984 5413; x_wconf 89' lang='lat' dir='ltr'><strong>esse,</strong></span> <span class='ocrx_word' id='word_1_711' title='bbox 2022 5348 2219 5417; x_wconf 76' lang='lat' dir='ltr'><strong>explo-‘</strong></span> 
     </span>
    </p>
   </div>
   <div class='ocr_carea' id='block_1_99' title="bbox 1200 5486 2204 5554">
    <p class='ocr_par' dir='ltr' id='par_1_99' title="bbox 1200 5486 2204 5554">
     <span class='ocr_line' id='line_1_99' title="bbox 1200 5486 2204 5554; baseline 0 -13"><span class='ocrx_word' id='word_1_712' title='bbox 1200 5493 1220 5521; x_wconf 83' lang='grc'>²</span> <span class='ocrx_word' id='word_1_713' title='bbox 1254 5490 1425 5545; x_wconf 89' lang='lat' dir='ltr'><strong>ICor.</strong></span> <span class='ocrx_word' id='word_1_714' title='bbox 1465 5505 1537 5553; x_wconf 59' lang='grc' dir='ltr'><strong>ει,</strong></span> <span class='ocrx_word' id='word_1_715' title='bbox 1568 5490 1619 5542; x_wconf 87' lang='grc'><strong>7.</strong></span> <span class='ocrx_word' id='word_1_716' title='bbox 1724 5487 1743 5517; x_wconf 84' lang='grc'>³</span> <span class='ocrx_word' id='word_1_717' title='bbox 1774 5486 1815 5541; x_wconf 92' lang='lat' dir='ltr'><strong>ll</strong></span> <span class='ocrx_word' id='word_1_718' title='bbox 1850 5486 1977 5541; x_wconf 87' lang='lat' dir='ltr'><strong>Cor.</strong></span> <span class='ocrx_word' id='word_1_719' title='bbox 2012 5502 2087 5554; x_wconf 85' lang='lat' dir='ltr'><strong>tv,</strong></span> <span class='ocrx_word' id='word_1_720' title='bbox 2119 5488 2204 5541; x_wconf 81' lang='grc' dir='ltr'><strong>Η.</strong></span> 
     </span>
    </p>
   </div>
   <div class='ocr_carea' id='block_1_100' title="bbox 709 5601 2211 5686">
    <p class='ocr_par' dir='ltr' id='par_1_100' title="bbox 709 5601 2211 5686">
     <span class='ocr_line' id='line_1_100' title="bbox 709 5601 2211 5686; baseline 0.001 -32"><span class='ocrx_word' id='word_1_721' title='bbox 709 5602 784 5673; x_wconf 82' lang='grc' dir='ltr'><strong>(α)</strong></span> <span class='ocrx_word' id='word_1_722' title='bbox 816 5602 1023 5686; x_wconf 42' lang='lat' dir='ltr'><strong>:l‘he‘od.</strong></span> <span class='ocrx_word' id='word_1_723' title='bbox 1077 5605 1121 5686; x_wconf 37' lang='lat' dir='ltr'><strong>l.‘</strong></span> <span class='ocrx_word' id='word_1_724' title='bbox 1148 5621 1259 5671; x_wconf 88' lang='lat' dir='ltr'><strong>t,c.</strong></span> <span class='ocrx_word' id='word_1_725' title='bbox 1288 5604 1356 5672; x_wconf 89' lang='lat'><strong>8;</strong></span> <span class='ocrx_word' id='word_1_726' title='bbox 1394 5603 1619 5658; x_wconf 84' lang='lat' dir='ltr'><strong>Sozom.</strong></span> <span class='ocrx_word' id='word_1_727' title='bbox 1677 5601 1715 5658; x_wconf 83' lang='lat'><strong>1.</strong></span> <span class='ocrx_word' id='word_1_728' title='bbox 1749 5619 1787 5667; x_wconf 84' lang='grc' dir='ltr'><strong>ι,</strong></span> <span class='ocrx_word' id='word_1_729' title='bbox 1832 5617 1882 5657; x_wconf 90' lang='lat' dir='ltr'><strong>c.</strong></span> <span class='ocrx_word' id='word_1_730' title='bbox 1919 5603 2018 5668; x_wconf 75' lang='lat' dir='ltr'><strong>l7;</strong></span> <span class='ocrx_word' id='word_1_731' title='bbox 2051 5602 2211 5673; x_wconf 85' lang='lat' dir='ltr'><strong>Greg.</strong></span> 
     </span>
    </p>
   </div>
   <div class='ocr_carea' id='block_1_101' title="bbox 637 5671 1171 5728">
    <p class='ocr_par' dir='ltr' id='par_1_101' title="bbox 637 5671 1171 5728">
     <span class='ocr_line' id='line_1_101' title="bbox 637 5671 1171 5728; baseline 0.006 -3"><span class='ocrx_word' id='word_1_732' title='bbox 637 5671 771 5726; x_wconf 86' lang='lat' dir='ltr'><strong>Naz.</strong></span> <span class='ocrx_word' id='word_1_733' title='bbox 816 5673 870 5726; x_wconf 88' lang='lat' dir='ltr'><strong>in</strong></span> <span class='ocrx_word' id='word_1_734' title='bbox 899 5676 1171 5728; x_wconf 80' lang='lat' dir='ltr'><strong>Encomio.</strong></span> 
     </span>
    </p>
   </div>
   <div class='ocr_carea' id='block_1_102' title="bbox 711 5741 1921 5886">
    <p class='ocr_par' dir='ltr' id='par_1_102' title="bbox 711 5741 1921 5886">
     <span class='ocr_line' id='line_1_102' title="bbox 711 5741 1384 5814; baseline 0.01 -21"><span class='ocrx_word' id='word_1_735' title='bbox 711 5743 785 5813; x_wconf 75' lang='grc' dir='ltr'><strong>(υ)</strong></span> <span class='ocrx_word' id='word_1_736' title='bbox 815 5741 1028 5800; x_wconf 90' lang='lat' dir='ltr'><strong>Socrat.</strong></span> <span class='ocrx_word' id='word_1_737' title='bbox 1057 5744 1091 5797; x_wconf 94' lang='lat' dir='ltr'><strong>l.</strong></span> <span class='ocrx_word' id='word_1_738' title='bbox 1118 5761 1155 5809; x_wconf 81' lang='grc' dir='ltr'><strong>ι,</strong></span> <span class='ocrx_word' id='word_1_739' title='bbox 1185 5761 1304 5814; x_wconf 91' lang='lat' dir='ltr'><strong>cap.</strong></span> <span class='ocrx_word' id='word_1_740' title='bbox 1331 5745 1384 5800; x_wconf 92' lang='lat'><strong>8.</strong></span> 
     </span>
     <span class='ocr_line' id='line_1_103' title="bbox 712 5811 1921 5886; baseline 0 -21"><span class='ocrx_word' id='word_1_741' title='bbox 712 5818 782 5885; x_wconf 74' lang='grc' dir='ltr'><strong>(ε)</strong></span> <span class='ocrx_word' id='word_1_742' title='bbox 816 5811 958 5864; x_wconf 88' lang='lat' dir='ltr'><strong>lutcr</strong></span> <span class='ocrx_word' id='word_1_743' title='bbox 986 5816 1188 5883; x_wconf 83' lang='lat' dir='ltr'><strong>spuria,</strong></span> <span class='ocrx_word' id='word_1_744' title='bbox 1222 5827 1349 5870; x_wconf 82' lang='lat' dir='ltr'><strong>tom.</strong></span> <span class='ocrx_word' id='word_1_745' title='bbox 1382 5816 1419 5870; x_wconf 88' lang='lat' dir='ltr'><strong>ll</strong></span> <span class='ocrx_word' id='word_1_746' title='bbox 1464 5813 1628 5886; x_wconf 78' lang='lat' dir='ltr'><strong>[nunc</strong></span> <span class='ocrx_word' id='word_1_747' title='bbox 1654 5821 1782 5867; x_wconf 82' lang='lat' dir='ltr'><strong>tom.</strong></span> <span class='ocrx_word' id='word_1_748' title='bbox 1812 5812 1921 5885; x_wconf 66' lang='lat' dir='ltr'><strong>IV].</strong></span> 
     </span>
    </p>
   </div>
   <div class='ocr_carea' id='block_1_103' title="bbox 750 5488 1099 5554">
    <p class='ocr_par' dir='ltr' id='par_1_103' title="bbox 750 5488 1099 5554">
     <span class='ocr_line' id='line_1_104' title="bbox 750 5488 1099 5554; baseline 0.006 -11"><span class='ocrx_word' id='word_1_749' title='bbox 750 5488 866 5545; x_wconf 81' lang='lat' dir='ltr'><strong>Joel</strong></span> <span class='ocrx_word' id='word_1_750' title='bbox 909 5504 973 5554; x_wconf 87' lang='lat' dir='ltr'><strong>ll,</strong></span> <span class='ocrx_word' id='word_1_751' title='bbox 1006 5490 1099 5546; x_wconf 74' lang='grc'><strong>25.</strong></span> 
     </span>
    </p>
   </div>
   <div class='ocr_carea' id='block_1_104' title="bbox 2313 4620 3921 4702">
    <p class='ocr_par' dir='ltr' id='par_1_104' title="bbox 2313 4620 3921 4702">
     <span class='ocr_line' id='line_1_105' title="bbox 2313 4620 3921 4702; baseline 0.008 -28"><span class='ocrx_word' id='word_1_752' title='bbox 2313 4621 2616 4690; x_wconf 87' lang='lat' dir='ltr'><strong>hujusmodi</strong></span> <span class='ocrx_word' id='word_1_753' title='bbox 2664 4621 2965 4690; x_wconf 88' lang='lat' dir='ltr'><strong>proscripta</strong></span> <span class='ocrx_word' id='word_1_754' title='bbox 3020 4620 3230 4678; x_wconf 90' lang='lat' dir='ltr'><strong>fuisset.</strong></span> <span class='ocrx_word' id='word_1_755' title='bbox 3278 4623 3370 4688; x_wconf 91' lang='lat' dir='ltr'><strong>At,</strong></span> <span class='ocrx_word' id='word_1_756' title='bbox 3408 4634 3531 4681; x_wconf 87' lang='lat' dir='ltr'><strong>cum</strong></span> <span class='ocrx_word' id='word_1_757' title='bbox 3584 4643 3696 4683; x_wconf 89' lang='lat' dir='ltr'><strong>non</strong></span> <span class='ocrx_word' id='word_1_758' title='bbox 3733 4647 3921 4702; x_wconf 88' lang='lat' dir='ltr'><strong>usque</strong></span> 
     </span>
    </p>
   </div>
   <div class='ocr_carea' id='block_1_105' title="bbox 2313 4712 3924 4786">
    <p class='ocr_par' dir='ltr' id='par_1_105' title="bbox 2313 4712 3924 4786">
     <span class='ocr_line' id='line_1_106' title="bbox 2313 4712 3924 4786; baseline 0.008 -19"><span class='ocrx_word' id='word_1_759' title='bbox 2313 4714 2450 4767; x_wconf 88' lang='lat' dir='ltr'><strong>adeo</strong></span> <span class='ocrx_word' id='word_1_760' title='bbox 2496 4712 2806 4768; x_wconf 87' lang='lat' dir='ltr'><strong>oblitterata</strong></span> <span class='ocrx_word' id='word_1_761' title='bbox 2850 4722 2993 4770; x_wconf 91' lang='lat' dir='ltr'><strong>esset</strong></span> <span class='ocrx_word' id='word_1_762' title='bbox 3043 4716 3162 4786; x_wconf 90' lang='lat' dir='ltr'><strong>ejus</strong></span> <span class='ocrx_word' id='word_1_763' title='bbox 3206 4717 3401 4786; x_wconf 88' lang='lat' dir='ltr'><strong>synodi</strong></span> <span class='ocrx_word' id='word_1_764' title='bbox 3451 4720 3747 4784; x_wconf 87' lang='lat' dir='ltr'><strong>memoria,</strong></span> <span class='ocrx_word' id='word_1_765' title='bbox 3783 4735 3924 4779; x_wconf 88' lang='lat' dir='ltr'><strong>ante</strong></span> 
     </span>
    </p>
   </div>
   <div class='ocr_carea' id='block_1_106' title="bbox 2314 4808 3921 4882">
    <p class='ocr_par' dir='ltr' id='par_1_106' title="bbox 2314 4808 3921 4882">
     <span class='ocr_line' id='line_1_107' title="bbox 2314 4808 3921 4882; baseline 0.007 -25"><span class='ocrx_word' id='word_1_766' title='bbox 2314 4819 2485 4860; x_wconf 90' lang='lat' dir='ltr'><strong>annos</strong></span> <span class='ocrx_word' id='word_1_767' title='bbox 2523 4813 2734 4860; x_wconf 90' lang='lat' dir='ltr'><strong>tantum</strong></span> <span class='ocrx_word' id='word_1_768' title='bbox 2773 4816 2884 4862; x_wconf 89' lang='lat' dir='ltr'><strong>tres</strong></span> <span class='ocrx_word' id='word_1_769' title='bbox 2926 4822 3092 4877; x_wconf 88' lang='lat' dir='ltr'><strong>supra</strong></span> <span class='ocrx_word' id='word_1_770' title='bbox 3138 4808 3532 4879; x_wconf 86' lang='lat' dir='ltr'><strong>quinquaginta</strong></span> <span class='ocrx_word' id='word_1_771' title='bbox 3584 4811 3921 4882; x_wconf 56' lang='lat' dir='ltr'><strong>celebratae,</strong></span> 
     </span>
    </p>
   </div>
   <div class='ocr_carea' id='block_1_107' title="bbox 2317 4897 3928 4970">
    <p class='ocr_par' dir='ltr' id='par_1_107' title="bbox 2317 4897 3928 4970">
     <span class='ocr_line' id='line_1_108' title="bbox 2317 4897 3928 4970; baseline 0.009 -23"><span class='ocrx_word' id='word_1_772' title='bbox 2317 4912 2418 4949; x_wconf 90' lang='lat' dir='ltr'><strong>non</strong></span> <span class='ocrx_word' id='word_1_773' title='bbox 2451 4897 2695 4967; x_wconf 86' lang='lat' dir='ltr'><strong>fugiebat</strong></span> <span class='ocrx_word' id='word_1_774' title='bbox 2729 4899 3035 4969; x_wconf 88' lang='lat' dir='ltr'><strong>episcopos,</strong></span> <span class='ocrx_word' id='word_1_775' title='bbox 3069 4914 3412 4970; x_wconf 88' lang='lat' dir='ltr'><strong>nequaquam</strong></span> <span class='ocrx_word' id='word_1_776' title='bbox 3448 4902 3516 4957; x_wconf 90' lang='lat' dir='ltr'><strong>de</strong></span> <span class='ocrx_word' id='word_1_777' title='bbox 3546 4905 3928 4961; x_wconf 85' lang='lat' dir='ltr'><strong>consubstan-</strong></span> 
     </span>
    </p>
   </div>
   <div class='ocr_carea' id='block_1_108' title="bbox 2321 4985 3927 5054">
    <p class='ocr_par' dir='ltr' id='par_1_108' title="bbox 2321 4985 3927 5054">
     <span class='ocr_line' id='line_1_109' title="bbox 2321 4985 3927 5054; baseline 0.009 -17"><span class='ocrx_word' id='word_1_778' title='bbox 2321 4985 2548 5041; x_wconf 90' lang='lat' dir='ltr'><strong>tialitate</strong></span> <span class='ocrx_word' id='word_1_779' title='bbox 2581 4986 2739 5044; x_wconf 87' lang='lat' dir='ltr'><strong>Verbi</strong></span> <span class='ocrx_word' id='word_1_780' title='bbox 2767 4999 2945 5044; x_wconf 89' lang='lat' dir='ltr'><strong>actum</strong></span> <span class='ocrx_word' id='word_1_781' title='bbox 2978 4991 3138 5045; x_wconf 91' lang='lat' dir='ltr'><strong>isthic</strong></span> <span class='ocrx_word' id='word_1_782' title='bbox 3167 4990 3355 5054; x_wconf 89' lang='lat' dir='ltr'><strong>fuisse,</strong></span> <span class='ocrx_word' id='word_1_783' title='bbox 3387 4991 3481 5046; x_wconf 90' lang='lat' dir='ltr'><strong>sed</strong></span> <span class='ocrx_word' id='word_1_784' title='bbox 3513 4992 3583 5047; x_wconf 91' lang='lat' dir='ltr'><strong>de</strong></span> <span class='ocrx_word' id='word_1_785' title='bbox 3622 4998 3927 5053; x_wconf 83' lang='lat' dir='ltr'><strong>sententia</strong></span> 
     </span>
    </p>
   </div>
   <div class='ocr_carea' id='block_1_109' title="bbox 2320 5076 3927 5159">
    <p class='ocr_par' dir='ltr' id='par_1_109' title="bbox 2320 5076 3927 5159">
     <span class='ocr_line' id='line_1_110' title="bbox 2320 5076 3927 5159; baseline 0.011 -31"><span class='ocrx_word' id='word_1_786' title='bbox 2320 5076 2467 5130; x_wconf 89' lang='lat' dir='ltr'><strong>Pauli</strong></span> <span class='ocrx_word' id='word_1_787' title='bbox 2492 5078 2828 5135; x_wconf 89' lang='lat' dir='ltr'><strong>Samosateni</strong></span> <span class='ocrx_word' id='word_1_788' title='bbox 2854 5098 3018 5152; x_wconf 89' lang='lat' dir='ltr'><strong>prave</strong></span> <span class='ocrx_word' id='word_1_789' title='bbox 3047 5084 3452 5152; x_wconf 90' lang='lat' dir='ltr'><strong>interpretantis</strong></span> <span class='ocrx_word' id='word_1_790' title='bbox 3478 5099 3671 5139; x_wconf 90' lang='lat' dir='ltr'><strong>vocem</strong></span> <span class='ocrx_word' id='word_1_791' title='bbox 3702 5090 3927 5159; x_wconf 71' lang='grc' dir='ltr'><strong>ὁμοσύ-</strong></span> 
     </span>
    </p>
   </div>
   <div class='ocr_carea' id='block_1_110' title="bbox 2315 5168 3927 5235">
    <p class='ocr_par' dir='ltr' id='par_1_110' title="bbox 2315 5168 3927 5235">
     <span class='ocr_line' id='line_1_111' title="bbox 2315 5168 3927 5235; baseline 0.011 -18"><span class='ocrx_word' id='word_1_792' title='bbox 2315 5183 2448 5221; x_wconf 86' lang='grc' dir='ltr'>σιον.</span> <span class='ocrx_word' id='word_1_793' title='bbox 2476 5168 2836 5234; x_wconf 89' lang='lat' dir='ltr'><strong>Quamobrem</strong></span> <span class='ocrx_word' id='word_1_794' title='bbox 2868 5189 2975 5228; x_wconf 91' lang='lat' dir='ltr'><strong>uno</strong></span> <span class='ocrx_word' id='word_1_795' title='bbox 2993 5175 3231 5227; x_wconf 90' lang='lat' dir='ltr'><strong>omnium</strong></span> <span class='ocrx_word' id='word_1_796' title='bbox 3254 5175 3657 5230; x_wconf 90' lang='lat' dir='ltr'><strong>catholicorum</strong></span> <span class='ocrx_word' id='word_1_797' title='bbox 3678 5177 3927 5235; x_wconf 85' lang='lat' dir='ltr'><strong>Patrum</strong></span> 
     </span>
    </p>
   </div>
   <div class='ocr_carea' id='block_1_111' title="bbox 2316 5261 3926 5335">
    <p class='ocr_par' dir='ltr' id='par_1_111' title="bbox 2316 5261 3926 5335">
     <span class='ocr_line' id='line_1_112' title="bbox 2316 5261 3926 5335; baseline 0.01 -24"><span class='ocrx_word' id='word_1_798' title='bbox 2316 5261 2542 5315; x_wconf 84' lang='lat' dir='ltr'><strong>consilio</strong></span> <span class='ocrx_word' id='word_1_799' title='bbox 2574 5262 2711 5317; x_wconf 87' lang='lat' dir='ltr'><strong>hanc</strong></span> <span class='ocrx_word' id='word_1_800' title='bbox 2740 5278 2926 5317; x_wconf 89' lang='lat' dir='ltr'><strong>vocem</strong></span> <span class='ocrx_word' id='word_1_801' title='bbox 2970 5274 3282 5335; x_wconf 87' lang='lat' dir='ltr'><strong>usurpatam</strong></span> <span class='ocrx_word' id='word_1_802' title='bbox 3319 5274 3578 5334; x_wconf 88' lang='lat' dir='ltr'><strong>oportere</strong></span> <span class='ocrx_word' id='word_1_803' title='bbox 3613 5268 3926 5328; x_wconf 83' lang='lat' dir='ltr'><strong>decretum</strong></span> 
     </span>
    </p>
   </div>
   <div class='ocr_carea' id='block_1_112' title="bbox 2316 5347 2435 5403">
    <p class='ocr_par' dir='ltr' id='par_1_112' title="bbox 2316 5347 2435 5403">
     <span class='ocr_line' id='line_1_113' title="bbox 2316 5347 2435 5403; baseline 0.025 -3"><span class='ocrx_word' id='word_1_804' title='bbox 2316 5347 2435 5403; x_wconf 88' lang='lat' dir='ltr'><strong>fuit.</strong></span> 
     </span>
    </p>
   </div>
   <div class='ocr_carea' id='block_1_113' title="bbox 2392 5604 3220 5677">
    <p class='ocr_par' dir='ltr' id='par_1_113' title="bbox 2392 5604 3220 5677">
     <span class='ocr_line' id='line_1_114' title="bbox 2392 5604 3220 5677; baseline -0.001 -19"><span class='ocrx_word' id='word_1_805' title='bbox 2392 5604 2469 5675; x_wconf 85' lang='lat' dir='ltr'><strong>(d)</strong></span> <span class='ocrx_word' id='word_1_806' title='bbox 2512 5606 2715 5662; x_wconf 90' lang='lat' dir='ltr'><strong>Theod.</strong></span> <span class='ocrx_word' id='word_1_807' title='bbox 2746 5607 2841 5661; x_wconf 91' lang='lat' dir='ltr'><strong>lib.</strong></span> <span class='ocrx_word' id='word_1_808' title='bbox 2872 5622 2910 5667; x_wconf 91' lang='lat' dir='ltr'><strong>l,</strong></span> <span class='ocrx_word' id='word_1_809' title='bbox 2940 5621 3055 5677; x_wconf 82' lang='lat' dir='ltr'><strong>cap.</strong></span> <span class='ocrx_word' id='word_1_810' title='bbox 3086 5605 3133 5677; x_wconf 71' lang='lat'><strong>7,</strong></span> <span class='ocrx_word' id='word_1_811' title='bbox 3166 5605 3220 5659; x_wconf 91' lang='lat'><strong>8.</strong></span> 
     </span>
    </p>
   </div>
   <div class='ocr_carea' id='block_1_114' title="bbox 2392 5675 3339 5747">
    <p class='ocr_par' dir='ltr' id='par_1_114' title="bbox 2392 5675 3339 5747">
     <span class='ocr_line' id='line_1_115' title="bbox 2392 5675 3339 5747; baseline 0 -19"><span class='ocrx_word' id='word_1_812' title='bbox 2392 5677 2458 5747; x_wconf 79' lang='grc' dir='ltr'><strong>(ε)</strong></span> <span class='ocrx_word' id='word_1_813' title='bbox 2494 5679 2693 5731; x_wconf 87' lang='lat' dir='ltr'><strong>Athan.</strong></span> <span class='ocrx_word' id='word_1_814' title='bbox 2731 5678 2802 5729; x_wconf 83' lang='lat' dir='ltr'><strong>De</strong></span> <span class='ocrx_word' id='word_1_815' title='bbox 2826 5675 3044 5730; x_wconf 81' lang='lat' dir='ltr'><strong>decretis</strong></span> <span class='ocrx_word' id='word_1_816' title='bbox 3082 5675 3339 5728; x_wconf 70' lang='lat' dir='ltr'><strong>.‘V&#39;icrcuis.</strong></span> 
     </span>
    </p>
   </div>
   <div class='ocr_carea' id='block_1_115' title="bbox 2391 5746 2961 5817">
    <p class='ocr_par' dir='ltr' id='par_1_115' title="bbox 2391 5746 2961 5817">
     <span class='ocr_line' id='line_1_116' title="bbox 2391 5746 2961 5817; baseline -0.002 -15"><span class='ocrx_word' id='word_1_817' title='bbox 2391 5746 2458 5817; x_wconf 64' lang='grc' dir='ltr'><strong>(Γ)</strong></span> <span class='ocrx_word' id='word_1_818' title='bbox 2495 5747 2568 5800; x_wconf 83' lang='lat' dir='ltr'><strong>Id.</strong></span> <span class='ocrx_word' id='word_1_819' title='bbox 2601 5748 2755 5812; x_wconf 59' lang='lat' dir='ltr'><strong>ibid,</strong></span> <span class='ocrx_word' id='word_1_820' title='bbox 2792 5764 2844 5801; x_wconf 89' lang='lat' dir='ltr'><strong>ll.</strong></span> <span class='ocrx_word' id='word_1_821' title='bbox 2880 5749 2961 5801; x_wconf 83' lang='grc'><strong>19.</strong></span> 
     </span>
    </p>
   </div>
  </div>
