4038 6536
165 13 323 32 μην-μ.
446 23 555 30 ..μ-.,
840 29 910 34 __
1385 21 1452 26 ..-

1101 33 1172 42 -Ἷ

1486 401 1648 457 VlTA
1689 402 1744 458 S.
1789 401 2178 458 ATllANASll.
3343 431 3473 473 LII!

240 500 302 599 l0.
336 501 561 560 Hosius
653 508 983 565 Nicwnum
1058 510 1354 582 Symbolum
1425 515 1675 567 adornat.
1724 546 1793 554 —
1825 527 1872 583 Α
1901 524 2024 569 nata
2065 528 2149 571 est
2187 519 2349 587 impia
2379 518 2464 572 illa
2493 530 2548 575 et
2575 522 2900 590 perridicula
2925 524 3038 578 Aril
3078 524 3286 592 Thalia,
3318 531 3477 599 Cujus

199 597 477 652 Adornandaz
540 615 759 666 porro
801 605 938 658 fidei
978 604 1216 659 formulae
1264 605 1541 675 provincia
1601 622 1798 676 magno
1903 608 2214 678 blaSphema
2243 611 2388 665 dicta
2424 613 2701 668 neauditn
2728 614 2946 682 quidem
2985 618 3230 673 ferebant
3274 597 3472 676 Nicarni

196 687 305 743 llosio
336 688 748 748 Cetdttbensi
817 698 1048 751 tradita.
1082 695 1130 751 ls
1169 698 1420 752 omnibus
1455 707 1598 752 retro
1629 714 1799 752 διες-ιι-
1901 698 2112 766 Patres,
2142 702 2210 756 ita
2243 702 2448 756 scilicet
2493 703 2828 758 stomachum
2876 706 3105 761 faciebat
3147 709 3244 778 (g).
3303 711 3475 765 Exse-

195 781 239 835 lis
259 781 595 838 celebratum
632 786 801 841 illud
834 789 1112 844 Nicarnum
1149 787 1461 859 Symbolum
1500 789 1797 844 concinna-
1901 790 2089 843 crandi
2121 802 2301 845 autem
2331 793 2574 861 opusculi
2604 808 2707 847 non
2743 795 2973 850 lectione
2997 799 3154 852 modo
3189 801 3476 856 interdixit

192 878 257 940 vit,
280 875 406 945 quod
465 880 782 934 omnium
853 882 996 936 votis
1048 889 1327 950 exceptum
1354 881 1454 951 (τι),
1501 893 1798 936 cunetante
1901 877 2309 945 Constantinus,
2354 898 2539 936 verum
2574 870 2745 938 edixit
2787 901 3025 956 quoque,
3067 892 3269 944 nemini
3305 892 3473 948 licere

197 969 364 1023 nemine
400 985 526 1024 uno
559 970 1032 1028 Catholicorum
1064 972 1371 1044 suffragium
1393 974 1594 1030 addere
1617 990 1796 1038 suum,
1902 969 2231 1025 horrendum
2264 973 2564 1042 ltnjustnodi
2613 976 2809 1031 librum
2854 995 3017 1048 penes
3074 996 3134 1035 se
3165 957 3502 1039 asservare.

190 1060 561 1129 promulgatum
584 1074 721 1119 est.
770 1064 852 1119 Et
881 1080 1018 1121 sane
1050 1079 1176 1121 voce
1208 1067 1499 1137 ὁμοουσίου
1531 1067 1710 1122 omnis
1735 1069 1800 1122 de
1903 1060 1975 1115 Ut
2006 1075 2185 1118 autem
2224 1080 2325 1117 una
2361 1083 2483 1120 cum
2538 1068 2662 1121 mali
2720 1072 3054 1138 auctoribus,
3113 1076 3476 1130 seetatoribus

199 1163 350 1207 natura
406 1154 548 1209 Filii
611 1173 818 1227 prava
863 1160 1051 1229 opinio
1088 1161 1368 1226 evel-litor,
1405 1163 1580 1216 omnis
1613 1161 1792 1216 ambi-
1903 1155 2068 1208 etiam
2103 1167 2360 1210 aeternam
2391 1159 2574 1227 probri
2611 1171 2664 1216 et
2697 1162 2930 1217 infamia:
2981 1176 3164 1218 notam
3211 1167 3475 1231 inureret,

193 1246 330 1311 ευῖιοε
361 1256 708 1303 τοεεωιυιι,
765 1251 917 1304 nam
959 1260 1042 1306 es;
1076 1251 1376 1322 huiusmodi
1408 1252 1640 1308 formula
1675 1269 1776 1308 an-
1899 1241 2061 1312 jussit
2106 1244 2159 1297 in
2198 1256 2477 1314 posterum
2517 1247 2749 1305 Arianos
2791 1252 3106 1322 compellari
3143 1253 3475 1326 Porphyriu-

197 1350 246 1389 uo
265 1335 380 1399 39.5,
411 1337 508 1392 die
551 1336 627 1392 19
673 1337 875 1392 Junii.
1906 1352 2027 1400 nos,
2072 1336 2360 1408 Porphyrii
2397 1341 2654 1396 videlicet
2703 1345 2941 1414 nomine,
2991 1347 3082 1416 qui
3119 1347 3293 1401 fuerat
3347 1351 3475 1403 olitn

247 1430 317 1482 ll.
375 1427 866 1484 Eusebianorum
922 1434 1204 1500 protervia.
1280 1432 1502 1488 Demum
1558 1435 1800 1488 simulate
1904 1429 2228 1484 Christianae
2276 1431 2400 1486 lidei
2452 1432 2888 1502 infensissimus;
2948 1439 3100 1507 quasi
3158 1441 3365 1495 scilicet
3409 1458 3477 1496 ne

192 1522 522 1576 mbun’bunt.
559 1553 646 1563 --
685 1522 910 1578 Verum
969 1524 1274 1592 Eusebiani,
1327 1541 1450 1581 cum
1502 1542 1609 1581 non
1650 1528 1798 1581 arbi-
1903 1520 2045 1576 inter
2071 1522 2415 1579 Christianos
2444 1527 2660 1595 quidem
2688 1511 3114 1585 connumerandi
3141 1545 3347 1598 essent,
3384 1536 3473 1602 qui

191 1623 304 1666 irato
327 1628 426 1667 suo
459 1611 734 1667 formula
771 1615 1137 1680 concinnata,
1173 1617 1264 1671 sed
1306 1618 1662 1687 inopportnna
1714 1634 1800 1672 es-
1903 1615 2111 1670 Christi
2148 1616 2512 1684 divinitatem,
2551 1618 2962 1676 fundamentum
2999 1623 3324 1678 Christiance
3344 1625 3475 1679 reli-

187 1717 250 1760 set
292 1706 405 1760 suis
446 1708 736 1789 consiliis
794 1718 858 1764 et
938 1711 1208 1779 cogitatis,
1249 1712 1554 1766 detrectare
1613 1712 1756 1765 illam
1782 1753 1796 1777 ,
1904 1709 2105 1778 gioois,
2140 1708 2468 1779 impugnare
2503 1713 2951 1782 aggrederentur.

185 1816 356 1868 negare
407 1801 732 1873 sntl'ragia,
800 1812 865 1856 ut
915 1803 1275 1859 insolentibus
1313 1816 1682 1860 constructam
1706 1823 1800 1860 νο·
1976 1801 2064 1859 15.
2100 1800 2336 1856 Theonas
2382 1813 2432 1856 et
2478 1801 2751 1859 Secundus
2798 1822 2918 1860 cum
2949 1807 3080 1862 Aria
3135 1809 3480 1864 (lanianti.—

179 1897 310 1950 cibus
359 1898 680 1967 despicere
749 1897 859 1969 (ὁ).
908 1898 1306 1969 Septemdecim
1356 1912 1515 1958 erant
1571 1918 1797 1957 numero
1833 1883 1872 1936 Β
1905 1894 2152 1948 Damnati
2181 1904 2237 1949 et
2267 1895 2493 1958 depositi
2535 1912 2655 1951 cum
2693 1899 2824 1952 Ario
2866 1899 3018 1954 fuere
3049 1900 3300 1954 Theonas
3341 1901 3476 1954 Mar-

177 1989 252 2055 qui
281 1988 590 2043 adversum
644 2002 984 2060 pugnarent
1019 2002 1073 2046 et
1097 1993 1454 2061 obsisterent;
1490 1995 1579 2063 qui
1621 2005 1796 2048 tamen
1904 1990 2120 2042 marica:
2167 1997 2223 2042 et
2261 1990 2542 2044 Secundus
2584 1988 2956 2057 Ptolemaidis,
2995 1993 3086 2062 qui
3123 1994 3335 2048 Arianae
3370 1993 3479 2048 ha:-

177 2081 516 2148 impcratoris
573 2082 760 2137 minis
810 2082 980 2138 fracti
1034 2100 1094 2140 ac
1149 2086 1445 2154 perterriti,
1491 2087 1666 2141 exsilii
1709 2089 1800 2142 de-
1902 2096 2082 2137 rescos
2100 2082 2168 2136 ab
2186 2090 2379 2136 exortu
2407 2093 2833 2152 prepugnatores
2853 2084 3104 2137 acerrimi
3133 2085 3345 2137 fuerant
3375 2084 3474 2154 (Ii),

177 2171 402 2226 rlinandi
459 2189 652 2228 causa
721 2175 1181 2245 subscripserunt
1209 2177 1303 2245 (ο).
1353 2176 1576 2232 Residui
1618 2187 1797 2233 tamen
1900 2187 1964 2227 ac
1991 2187 2242 2242 preterve
2265 2175 2329 2226 ad
2359 2173 2520 2227 linem
2551 2189 2721 2243 usque
2758 2175 2935 2228 errori
2963 2175 3228 2230 inhaesere
3255 2191 3270 2223 :
3297 2193 3471 2245 (litare

175 2263 399 2331 quinque
440 2265 857 2322 obstinatiorc
913 2271 1096 2323 animo
1144 2278 1318 2338 coepta
1361 2272 1796 2342 propugnabant,
1901 2265 1955 2319 in
1987 2265 2232 2319 ordinem
2260 2265 2485 2329 redacti,
2520 2283 2624 2320 una
2654 2283 2774 2321 cum
2802 2267 3051 2322 factionis
3080 2269 3325 2338 principe
3343 2269 3476 2324 Ario

176 2358 420 2410 nimirum
472 2358 776 2414 Eusebius
831 2359 1294 2426 Nicomedia-usis,
1321 2362 1594 2433 Theognis
1628 2363 1800 2419 Nicae-
1902 2358 2219 2427 ableganlur
2253 2359 2304 2413 in
2345 2358 2644 2430 Illyricum.
2675 2360 2778 2413 Alii
2809 2360 2932 2414 item
2966 2375 3074 2414 non
3109 2361 3264 2430 pauci
3299 2362 3473 2415 luere-

177 2462 284 2510 nas,
335 2447 516 2504 Maris
575 2450 1119 2518 Chalcedonensis,’
1147 2452 1398 2508 Thconas
1442 2452 1797 2521 Marmaricae,
1904 2466 2027 2506 seos
2057 2451 2273 2505 nomine
2307 2451 2656 2504 anathemate
2695 2450 2939 2518 percussi
2971 2458 3141 2504 sunt:
3175 2451 3316 2504 inter
3341 2466 3476 2518 quos

175 2537 446 2594 Serundus
463 2538 860 2596 Ptolentaidis
885 2559 900 2596 :
928 2542 1020 2611 qui
1053 2544 1289 2607 tandem,
1323 2545 1562 2613 exceptis
1581 2544 1798 2598 The0na
1905 2543 2200 2613 principem
2251 2544 2498 2598 obtinent
2547 2541 2725 2596 locum
2771 2542 2971 2608 l’istns,
3007 2543 3203 2598 exinde
3245 2542 3314 2596 ab
3355 2543 3478 2596 Ari-

176 2642 221 2682 et
253 2630 547 2696 Secundo,
589 2634 846 2687 aliorum
876 2649 1097 2688 cessere
1117 2636 1336 2689 monitis
1364 2649 1418 2690 et
1445 2636 1796 2706 argumentis.
1903 2633 2022 2689 anis
2057 2634 2110 2689 in
2164 2635 2474 2705 episcopum
2523 2635 2942 2691 Alexandrinum
2985 2635 3223 2690 delectus
3244 2677 3257 2699 ,
3291 2647 3344 2690 et
3372 2637 3478 2690 Eu-

240 2724 323 2777 l2.
369 2726 592 2782 Verum
657 2727 939 2782 simulate
967 2725 1254 2780 Eusebium
1297 2738 1458 2797 atque
1497 2727 1672 2782 socios
1705 2726 1800 2780 Ni-
1904 2725 2055 2780 zoius
2089 2735 2199 2780 tum
2233 2728 2514 2790 diaconus,
2556 2735 2740 2795 postea
2777 2727 3070 2794 episcopus
3099 2726 3476 2780 Antiocheuns

179 2828 329 2869 cauta:
375 2819 604 2889 synodo
657 2831 876 2871 natuen
938 2826 992 2870 et
1033 2816 1348 2887 sullragium
1389 2818 1619 2883 dedisse,
1674 2831 1799 2871 cum
1905 2819 2216 2871 earumdem
2269 2817 2636 2893 lucifugarum
2673 2817 2905 2870 consilio
2935 2827 2990 2870 et
3015 2832 3181 2886 opera
3210 2820 3476 2872 constitu-

183 2912 466 2978 rqualium
512 2911 826 2964 hominum
866 2910 1220 2975 testimoniis,
1259 2919 1370 2964 tum
1407 2912 1473 2966 iis
1519 2926 1638 2980 qua:
1671 2927 1800 2966 con-
1906 2918 2010 2962 tus.
2045 2907 2154 2963 Nec
2196 2895 2805 2974 audiendus'Baronius,
2839 2908 2927 2976 qui
2970 2907 3278 2963 Secundum
3325 2917 3477 2978 putat

187 3015 365 3057 secuta
415 3015 557 3058 sunt
592 3003 1120 3058 consceleratorum
1158 3004 1326 3073 gestis
1365 3005 1641 3074 propalam
1677 3005 1794 3059 fuit.
1904 3003 2120 3056 demum
2151 3002 2403 3058 cessisse.
2440 3004 2509 3056 At
2539 3002 2682 3055 enim
2707 3016 2774 3055 ex
2815 3001 2944 3055 solis
2969 2998 3202 3056 Niczenis
3231 3001 3474 3056 subscri-

187 3093 282 3150 Eos
314 3094 995 3164 ConstantiteAugustaa
1022 3095 1249 3149 consilio
1298 3097 1366 3149 ad
1407 3096 1800 3150 dissimulatio—
1907 3095 2184 3163 ptionibus
2218 3094 2270 3147 id
2303 3103 2578 3147 mutuatur
2599 3093 2998 3148 illustrissimus
3022 3093 3310 3145 Annalium
3334 3093 3474 3146 scri-

185 3202 298 3240 nem
352 3187 765 3243 consentiendi
848 3185 1118 3240 adductos
1173 3187 1337 3239 tradit
1409 3184 1798 3255 Philostorgius
1830 3235 1870 3256 η
1909 3199 2028 3256 ptor
2056 3203 2071 3238 :
2102 3201 2220 3254 qua:
2263 3183 2716 3253 subscriptiones,
2751 3200 2872 3238 cum
2915 3194 3102 3252 aperte
3136 3185 3268 3238 vitio
3319 3186 3466 3241 labo-

188 3279 412 3332 Arianus
444 3281 552 3348 (ά).
590 3278 883 3334 Eusebius
919 3289 1100 3330 autem
1145 3276 1497 3332 Caesariensis
1533 3278 1693 3331 missa
1733 3277 1797 3330 ad
1830 3276 1871 3294 υ
1906 3287 2044 3344 rent,
2086 3293 2195 3332 non
2245 3278 2378 3332 lauti
2429 3286 2555 3331 sunt
2595 3287 2651 3330 ut
2689 3277 3014 3346 scriptorum
3044 3277 3286 3332 omnium
3323 3285 3475 3335 testi-

191 3384 306 3424 sucs
333 3373 569 3440 epistola
621 3387 870 3426 causam
923 3368 1081 3424 alfert
1113 3385 1210 3424 cur
1246 3371 1312 3424 ad
1344 3371 1797 3424 subscribendum
1905 3369 2100 3422 muniis
2130 3379 2545 3437 antepomtntur.

194 3466 452 3531 appulerit
505 3481 774 3519 animum
799 3504 816 3529 ,
877 3463 1156 3532 multaque
1207 3463 1334 3534 περὶ
1375 3463 1469 3516 τοῦ
1515 3461 1798 3534 ὀμοουσίου
1982 3463 2065 3516 l6.
2103 3461 2369 3516 lllcletiani
2398 3478 2502 3532 qua
2527 3461 2826 3515 conditione
2869 3462 3163 3530 recepti.—
3191 3460 3364 3517 Unum
3392 3477 3480 3518 re-

195 3560 452 3623 edisserit,
489 3574 622 3628 quae
667 3560 880 3612 nedum
913 3555 1206 3609 Arianismi
1237 3560 1302 3610 ab
1338 3570 1403 3610 eo
1434 3558 1798 3626 suspicionem
1905 3552 2083 3604 stabat
2116 3551 2502 3606 Alexandrinae
2545 3551 2977 3620 redintegrandte
3023 3553 3142 3621 paci
3191 3566 3479 3623 perneces-

197 3650 526 3715 tiimoreaut,
555 3651 792 3705 dubiam
829 3647 956 3716 ejus
978 3647 1043 3701 de
1070 3644 1227 3701 Verbi
1254 3647 1610 3715 generatione
1633 3650 1799 3702 fuisse
1906 3645 2132 3706 sarium,
2165 3643 2421 3697 videlicet
2454 3654 2506 3697 ut
2558 3644 2624 3698 de
2675 3643 2976 3699 Meletianis
3024 3645 3152 3714 quid
3205 3647 3477 3716 agendum

201 3739 348 3796 tidem
389 3745 758 3799 continuem.
1906 3737 2224 3790 deliniretur
2253 3735 2336 3807 (ξ).
2365 3735 2498 3802 Quae
2530 3753 2616 3790 res
2663 3737 2707 3792 si
2759 3752 2826 3792 ex
2875 3738 3071 3807 regula:
3093 3739 3478 3794 ecclesiastica;

263 3836 352 3889 l3.
384 3837 554 3889 Arius
580 3837 887 3890 dantnatus
924 3841 972 3885 et
1017 3831 1068 3885 in
1105 3831 1343 3885 exsilium
1371 3829 1578 3901 pulsus.
1609 3859 1668 3870 ——
1703 3830 1800 3885 llis
1908 3846 2008 3884 usu
2040 3845 2102 3883 ac
2135 3826 2452 3899 pra'scripto
2483 3831 2702 3884 decreta
2737 3831 2948 3898 fuisset,
2977 3832 3192 3887 nonnisi
3233 3831 3478 3887 Meletia-

208 3925 460 3992 peractis,
493 3944 562 3982 eo
625 3928 854 3982 demum
904 3935 1125 3978 ventum
1175 3935 1278 3989 est,
1315 3936 1371 3977 ut
1405 3926 1562 3979 Arius
1609 3926 1799 3996 synodi

198 4016 394 4083 iudicio
414 4020 778 4074 anathemate
802 4017 1088 4082 feriretur,
1113 4018 1202 4085 qui
1237 4017 1501 4086 pervicaci
1531 4018 1710 4070 animo
1733 4018 1800 4069 ad

207 4110 371 4166 liuent
409 4130 590 4182 usque
634 4126 862 4167 errores
892 4110 1264 4179 propugnabat
1286 4107 1377 4180 (e).
1411 4108 1524 4162 Non
1556 4108 1644 4163 ille
1681 4123 1800 4162 tuo-

206 4206 336 4258 nitis
370 4207 758 4274 imperatoris,
789 4218 904 4257 non
942 4201 1162 4256 Patrum
1203 4201 1595 4270 Athanasiique
1637 4216 1799 4271 argu-

197 4303 400 4352 mentis
425 4301 625 4354 cessit.
661 4296 774 4352 Sed
807 4310 942 4351 cum
973 4294 1120 4348 nulla
1152 4310 1278 4364 spes
1297 4304 1447 4348 esset
1475 4294 1591 4363 ejus
1623 4295 1688 4347 ad
1712 4310 1801 4346 sa-

197 4405 319 4443 nam
381 4407 621 4447 mentem
671 4389 1002 4449 reducendi,
1039 4389 1472 4457 obstinatiusque
1531 4389 1619 4442 ille
1666 4389 1800 4442 blas-

197 4485 400 4546 pbema
443 4486 592 4539 dicta
627 4485 909 4538 hactenus
942 4480 1185 4534 inaudita
1215 4477 1516 4548 proferret;
1557 4480 1798 4534 omnium

1904 3941 2095 3978 normn
2123 3925 2466 3979 abdicatione
2500 3926 2838 3980 conficienda
2876 3935 3012 3980 erat.
3038 3924 3233 3981 Verum
3264 3935 3321 3980 ut
3347 3941 3476 3994 prn-

1905 4018 2184 4087 perantins
2218 4019 2561 4073 dissidiorum
2599 4019 2717 4072 linis
2737 4020 3039 4084 accederet,
3069 4034 3133 4074 ea
3163 4018 3283 4090 lege
3311 4029 3476 4089 atque

1905 4108 2088 4163 omine
2122 4110 2358 4177 episcopi
2396 4127 2490 4178 per
2542 4109 2820 4164 Meletiuut
2876 4109 3111 4179 promoti
3153 4109 3205 4163 in
3257 4109 3478 4162 sedibus

1905 4203 2201 4257 constitere
2232 4204 2363 4268 suis,
2396 4212 2453 4256 ut
2475 4203 2619 4256 nullo
2653 4204 2933 4273 fungentes
2961 4201 3252 4272 episcopali
3302 4200 3480 4256 ollicio

1920 4311 2150 4349 vacuum
2183 4311 2375 4350 nomen
2410 4298 2728 4363 retinerent,
2757 4297 2880 4351 aliis
2916 4296 2984 4349 ab
3013 4295 3320 4350 Alexandro
3347 4309 3480 4348 con-

1906 4387 2114 4443 Stitutis
2161 4388 2527 4442 Ecclesiarum
2556 4389 2740 4443 tnuuia
2778 4387 3124 4442 obeuntibus.
3160 4385 3480 4453 llnjustnodi

1904 4493 2083 4535 autem
2136 4481 2438 4535 Meletianis
2498 4483 2734 4536 oblatam
2793 4480 3176 4543 conditionem,
3247 4495 3350 4532 non
3408 4493 3474 4532 ex

196 4577 428 4630 ωιουιις
471 4580 777 4629 nuntii-aius
821 4583 879 4627 et
919 4572 1207 4626 abdicatus
1241 4580 1350 4635 est,
1397 4583 1558 4638 atque
1594 4587 1623 4623 a
1654 4572 1793 4625 Con-
1834 4591 1876 4644 ι)
1911 4575 2184 4629 sententia
2238 4575 2522 4627 Athanasii
2574 4574 2738 4626 fuisse
2788 4580 3050 4624 memorat
3110 4570 3225 4638 ipse
3253 4569 3342 4638 (j),
3379 4586 3480 4625 nec

196 4669 441 4722 stantini)
480 4669 534 4721 in
588 4667 874 4737 Illyricum
913 4663 1203 4730 relegatus.
1237 4661 1344 4717 Nec
1393 4665 1580 4716 desunt
1615 4674 1792 4716 tamen

196 4760 286 4824 qui
325 4762 522 4814 Arium
568 4760 844 4827 tantisper
897 4755 1202 4809 declinandi
1257 4753 1436 4808 exsilii
1478 4770 1642 4808 causa
1676 4770 1795 4808 ces-

193 4853 364 4916 sisse,
391 4869 456 4907 ac
491 4852 819 4922 suffragium
853 4847 1092 4902 Nicaena:
1124 4846 1372 4901 formula:
1414 4845 1667 4901 simulate
1694 4847 1792 4901 de-

196 4949 358 5003 disse
380 4959 607 5004 narrent
641 4948 749 5019 (0;
780 4955 953 5016 atque
987 4944 1130 5008 ideo,
1171 4944 1384 4998 caeteris
1409 4944 1655 5012 integris,
1685 4943 1801 4999 solo

197 5039 596 5097 Alexandriam
626 5043 881 5110 ingressu
913 5037 1267 5091 interdictum
1306 5037 1494 5091 fuisse.
1527 5035 1633 5091 Sed
1661 5052 1800 5107 pra:-

200 5142 311 5185 stat
356 5136 602 5204 epistolis
651 5133 893 5188 Sicana:
940 5138 997 5183 et
1047 5129 1426 5184 Alexandrina:
1464 5130 1654 5200 synodi
1702 5131 1799 5184 ba-

203 5223 335 5280 bere
370 5230 548 5283 fidem.
585 5228 755 5282 Hisce
792 5236 1035 5290 namque
1067 5222 1232 5276 Arius
1256 5225 1544 5276 damnatus
1577 5222 1796 5277 abdica-

207 5326 400 5391 tnsque
428 5327 648 5380 fertur:
676 5319 830 5388 quod
863 5317 1033 5370 etiam
1066 5323 1294 5370 testatur
1320 5315 1675 5370 Athanasius.

279 5414 366 5468 ﬂ.
394 5415 583 5470 Thalia
626 5414 920 5467 damnata.
956 5437 1026 5448 ——
1057 5406 1193 5462 Tum
1225 5407 1524 5477 proscripta
1555 5415 1609 5460 et
1641 5408 1798 5462 datu-

272 5531 350 5603 (a)
383 5535 586 5590 Athan.
620 5530 775 5586 "ist.
809 5527 1009 5603 Arion.
1035 5526 1104 5578 ad
1136 5525 1442 5603 monachos,
1472 5524 1648 5603 n._§2.

272 5596 346 5674 (ο)
375 5605 556 5661 Ruﬁn.
585 5607 625 5659 Ι.
662 5619 704 5667 ι,
729 5617 782 5655 c.
823 5599 892 5661 5;
921 5598 1141 5674 bosom.
1177 5596 1270 5650 lib.
1297 5611 1337 5661 ι,
1367 5611 1488 5666 cap.
1522 5597 1612 5650 18.

363 5678 581 5760 Sperat.
611 5676 714 5729 lib.
757 5689 802 5735 ι,
824 5683 956 5768 cap.
1439 5737 1450 5749 O
1605 5736 1615 5748 _
1738 5737 1749 5748 ο

286 5749 340 5806 εἰ)
378 5749 614 5805 Philost.
669 5745 714 5798 Ι.
776 5757 796 5795 ι
826 5781 840 5804 ,
878 5741 1079 5792 Athan.
1143 5734 1218 5790 De
1254 5737 1478 5791 decretis
1540 5734 1747 5793 Niciam

378 5749 614 5805 Philost.
669 5745 714 5798 Ι.
776 5757 840 5804 l',
878 5734 1079 5792 Athan.
1143 5734 1218 5790 De
1254 5737 1478 5791 decretis
1540 5734 1800 5801 Nicaznis,

185 5822 572 5964 lIol't‘in-crat.
614 5889 718 5942 lib.
759 5899 804 5950 ι,
844 5895 970 5946 cap.
1001 5879 1068 5941 8;
1107 5878 1319 5934 Sozom.
1352 5878 1446 5934 lib.
1483 5894 1520 5948 ι,
1556 5893 1674 5945 cap.
1711 5879 1803 5931 ill.

377 5990 673 6049 PnttOL.
722 5979 856 6038 Gn.
910 5973 1112 6034 XXV.

1906 4666 2100 4730 semel,
2143 4682 2243 4720 nec
2277 4665 2396 4718 sine
2422 4664 2654 4733 quadam
2685 4662 3016 4731 indignantis
3052 4661 3219 4714 animi
3273 4662 3480 4730 signili-

1903 4759 2136 4813 catione.

1973 4853 2228 4906 Adimere
2304 4858 2483 4904 autem
2543 4847 2756 4904 Meletio
2834 4848 3042 4902 fraudis
3135 4847 3478 4902 occasionem

1903 4945 2088 5000 volens
2137 4944 2443 4998 Alemnder
2507 4942 2791 5010 episc0pns
2834 4940 2937 5011 (lt),
2994 4938 3329 4993 breviarium
3385 4953 3479 4992 seu

1904 5036 2227 5092 laterculum
2265 5032 2566 5103 postulavit
2620 5046 2834 5095 eorum,
2867 5046 3003 5100 quos
3053 5032 3169 5100 ipse
3225 5030 3393 5083 variis
3426 5030 3478 5082 in

1907 5131 2044 5184 locis
2094 5129 2161 5184 ad
2213 5126 2582 5196 episcopatum
2639 5124 3035 5193 promovisset;
3082 5131 3140 5175 ut
3189 5139 3256 5176 ne
3295 5130 3480 5188 postea

1907 5225 1973 5277 ad
2027 5223 2301 5279 libidinem
2353 5235 2504 5274 suam
2563 5219 2746 5272 varios
2807 5217 3118 5284 subiiceret,
3166 5229 3326 5283 quos,
3378 5212 3481 5264 etsi

1909 5330 2185 5386 nunquam
2225 5312 2603 5372 coastituerat,
2639 5311 2985 5364 constituisse
3018 5324 3077 5362 se
3133 5306 3477 5360 mentiretur.

1907 5407 2102 5462 Exstat
2128 5403 2434 5473 ltujusmodi
2467 5402 2760 5456 laterculos
2788 5401 2845 5456 itt
2889 5397 3148 5468 Apologia
3189 5392 3477 5448 Athanasii

1973 5524 2043 5601 (I)_
2074 5526 2283 5601 Sperat.
2432 5536 2489 5601 .1,
2515 5535 2632 5589 cap.
2669 5519 2726 5575 9.

1975 5592 2054 5665 (gi)
2097 5592 2465 5665 Socrat._ibid.
2679 5659 2704 5665 Α
2770 5653 2886 5665 --η
2959 5661 2968 5665 _
3021 5649 3053 5665 ν

1978 5601 2028 5665 (g
2097 5597 2309 5648 Socr-at.
2338 5597 2465 5644 ibid.
3042 5649 3053 5662 _

1978 5597 2057 5738 (Ιις
2089 5663 2416 5738 Ϊὴροι1.1ἰ1ι.
2451 5677 2488 5725 ι,
2525 5659 2738 5738 ρέιρ.η8;
2770 5653 2996 5738 Philost.
3021 5649 3190 5738 1th,},
3218 5644 3360 5738 12⁸8.

2083 5716 2292 5807 socrztt.
2319 5733 2354 5784 l.
2388 5747 2425 5794 ι,
2461 5716 2509 5807 ὁ.
2643 5716 2870 5807 Soiom;
2895 5723 2988 5778 lib.
3025 5735 3066 5788 ι,
3093 5733 3214 5791 cap.
3241 5716 3336 5772 24.

2079 5805 2233 5867 Apol.
2261 5811 2441 5875 contra
2474 5802 2683 5875 ,ἁνία-ξι...
2723 5815 2772 5849 n.
2804 5794 2893 5849 59.

1989 5868 2062 5947 (lt)
2096 5876 2295 5928 Athan.
2326 5874 2476 5937 ibitl.,
2511 5887 2562 5923 n.
2594 5868 2678 5920 71.

3179 5981 3212 6022 c
