4038 6520
612 432 741 471 σιλξι

1966 415 2498 471 PROLEGOMEFIA.

633 545 821 583 contra
865 531 1113 586 Arianoa.
1160 532 1569 602 Archiepiscopi
1618 548 1813 585 nomen
1873 532 2011 599 apud
2079 546 2205 583 suos
2235 536 2280 591 Α
2311 547 2432 593 nus,
2466 546 2657 597 magna
2710 530 2874 583 voluit
2909 533 3225 588 celebritate
3260 534 3448 588 feriari
3489 535 3582 605 (ε).
3627 535 3878 589 Commo-

636 625 936 678 obtiuuisse
971 624 1263 689 Meletium,
1303 626 1445 679 haud
1476 624 1902 694 improbabiliter
1921 622 2200 691 conjecta-

636 730 755 767 mus
784 730 848 768 ex
874 715 1023 769 hisce
1047 714 1296 769 laterculi
1327 715 1507 769 verbis
1544 730 1557 766 :
1586 732 1604 765 (
1636 712 1875 767 Joannes
1899 713 1991 781 qui
2020 712 2204 782 jussus

635 806 739 861 fuit
762 823 880 860 cum
911 806 1319 876 archiepiscopo
1350 807 1564 876 degere.
1594 824 1613 859 ι
1637 805 1753 870 Qua
1785 805 1849 858 de
1882 818 1937 858 re
1962 802 2114 873 plura
2148 805 2198 858 in

636 897 1107 967 praeliminaribus.

706 990 794 1045 17.
828 989 904 1043 De
929 988 1189 1043 Paschate
1210 988 1493 1042 decretum.
1516 1015 1582 1027 -
1613 985 1740 1041 Haec
1764 986 1923 1051 scita,
1952 986 2068 1041 haec
2096 986 2207 1055 pla-

634 1084 742 1137 cita
775 1082 965 1153 synodi
1000 1081 1171 1135 fuere.
1202 1080 1283 1135 Ad
1317 1080 1432 1133 haec
1459 1094 1587 1133 vero
1618 1088 1793 1132 actum
1817 1079 1881 1131 de
1916 1079 2197 1133 celebran-

632 1174 684 1227 di
731 1173 1011 1227 Paschalis
1050 1172 1136 1225 die
1165 1171 1263 1242 (a).
1317 1168 1561 1240 Namque
1596 1169 1851 1224 Ecclesia:
1902 1170 2204 1240 permultae,

631 1264 798 1318 veteri
828 1272 1084 1319 renovato
1118 1277 1323 1330 errore,
1346 1263 1534 1317 eodem
1577 1276 1684 1331 quo
1738 1260 1905 1317 Judaei
1970 1272 2207 1329 tempore

629 1356 936 1427 paschalem
978 1356 1207 1425 agebant
1250 1354 1668 1418 solemnitatem,
1698 1368 1795 1407 nec
1843 1353 1960 1407 sine
2001 1351 2204 1421 ingenti

630 1457 950 1503 exterarum
1010 1446 1325 1501 offensione.
1392 1444 1563 1511 Quam
1630 1443 1909 1515 precisam
1967 1442 2206 1497 volentes

628 1538 1073 1593 consuetudinem
1123 1535 1323 1591 Nicmni
1362 1534 1571 1599 Patres,
1622 1549 1851 1589 sanxere
1892 1542 1952 1587 ut
2008 1532 2205 1601 ubique

632 1639 904 1682 terrarum
947 1642 1054 1683 una
1089 1630 1386 1697 eademque
1417 1628 1533 1682 dies
1568 1636 1709 1681 esset
1734 1626 2054 1681 celebrando
2100 1625 2203 1679 Pa-

636 1720 813 1774 scbati
848 1720 1142 1787 assignata,
1167 1734 1358 1789 nempe
1390 1717 1717 1788 aequinoctio
1740 1726 2015 1771 transacto
2040 1731 2205 1770 verno

630 1812 805 1880 prima
868 1820 989 1881 post
1038 1822 1284 1881 quartam
1340 1810 1602 1865 decimam
1645 1810 1825 1863 lunam
1886 1808 2201 1875 Dominiea;

2308 624 2434 673 dum
2491 620 2678 673 incidit
2732 621 2841 688 ipsa
2900 621 2950 673 in
3009 622 3150 675 diem
3186 624 3359 689 illam,
3390 641 3494 695 qua
3526 626 3591 679 de
3622 626 3880 679 vices'nno

2309 712 2443 766 inito
2495 712 2703 779 imperii
2754 714 2836 763 sui
2878 727 3019 767 anno
3048 715 3243 769 festum
3291 718 3503 785 agebat.
3537 717 3623 779 Et,
3651 733 3771 786 quae
3800 718 3885 771 la:-

2310 807 2440 858 titia:
2476 804 2713 859 accessio
2750 804 2912 868 foret,
2939 805 3314 859 Constantium
3355 808 3521 860 filium
3558 808 3747 861 eadem
3785 809 3872 861 die

2306 899 2577 957 Caesarem
2605 898 2923 967 proclamari
2944 900 3123 967 jussit.
3156 898 3393 967 Eratque
3422 898 3614 967 ingens
3642 913 3880 952 concur-

2307 1005 2422 1052 sus,
2455 1004 2661 1040 summa
2699 986 3003 1056 frequentia
3044 989 3358 1057 praesulum,
3389 989 3713 1053 aulicorum,
3745 987 3885 1055 opti-

2309 1088 2530 1133 matum.
2568 1076 2624 1132 In
2653 1089 2800 1132 tanto
2830 1091 2971 1134 costu
3003 1080 3309 1133 orationem
3373 1079 3562 1133 habuit
3616 1078 3885 1133 Eusebius

2307 1170 2373 1223 ad
2405 1168 2818 1223 Constantinum
2849 1179 2903 1223 et
2932 1170 2998 1221 ad
3031 1168 3293 1238 reliquam
3352 1169 3650 1239 primatum
3702 1167 3886 1220 multi-

2309 1261 2566 1315 tudinem.
2597 1260 2726 1315 Post
2760 1260 2875 1315 hazc
2916 1260 3218 1329 imperator
3248 1261 3312 1314 ad
3356 1261 3534 1314 lautas
3581 1259 3773 1330 epulas
3804 1266 3887 1311 to—

2310 1362 2419 1407 tum
2450 1363 2770 1408 conventum
2803 1353 3074 1407 evocavit.
3103 1353 3234 1421 Quae
3271 1369 3355 1407 res
3385 1368 3494 1423 quo
3524 1354 3630 1429 ritu
3688 1362 3743 1406 et
3798 1367 3887 1405 or-

2308 1446 2433 1500 dine
2460 1454 2632 1515 gesta,
2659 1460 2768 1500 non
2813 1444 3158 1515 indiligenter
3194 1442 3458 1500 Eusebius
3484 1443 3682 1499 ibidem
3708 1457 3888 1513 perse-

2306 1537 2512 1607 quitur.

2374 1629 2464 1681 21.
2485 1625 3302 1697 Constantinipietas—Insigne
3324 1626 3453 1681 illud
3477 1624 3577 1680 fuit
3595 1626 3887 1693 imperato-

2307 1719 2400 1773 riae
2435 1719 2654 1789 pietatis
2673 1720 3075 1788 argumentum,
3099 1717 3243 1786 quod
3275 1718 3650 1790 episcoporum
3681 1717 3884 1785 quibus

2307 1812 2481 1866 fuerat
2514 1826 2612 1881 pro
2648 1810 2853 1865 Christi
2911 1810 3131 1864 nomine
3180 1810 3370 1864 dexter
3420 1810 3612 1864 oculus
3665 1810 3885 1864 exscul-

631 1900 786 1970 cujus
843 1902 947 1956 diei
1004 1900 1481 1971 prasignillcandte
1547 1900 1837 1954 couunissa
1910 1914 2039 1953 cura
2103 1897 2743 1985 fiiithtus,vulnerum
2764 1900 2991 1970 vestigia
3027 1899 3415 1955 Constantinus
3441 1898 3701 1969 frequens
3724 1914 3879 1953 oscu-

630 1992 995 2049 Alexandrino
1028 1993 1300 2063 episcopo,
1334 1992 1481 2061 quod
1505 1990 1755 2062 [Egyptia
1790 2004 1922 2061 gens
1973 1990 2203 2043 habere-

630 2094 720 2139 tur
749 2094 1021 2139 astrorum
1054 2097 1245 2138 cursus
1284 2082 1630 2153 peritissima.
1675 2080 1785 2135 Nec
1822 2090 1969 2134 tanta
1996 2094 2082 2133 res
2112 2094 2201 2133 ac-

632 2176 919 2230 curatione
968 2185 1089 2231 acta
1144 2176 1267 2242 fuit,
1323 2178 1449 2244 quin
1506 2190 1568 2230 ea
1626 2174 2012 2229 reformatione
2064 2188 2199 2242 Opus

629 2267 818 2336 fuerit,
844 2284 1008 2339 quam
1034 2268 1240 2324 invexit
1258 2268 1453 2325 saaculo
1478 2269 1749 2338 praeterito
1771 2266 2062 2339 Gregorius
2081 2264 2199 2329 Xlll

626 2360 894 2430 pontifex.

701 2448 787 2503 18.
829 2447 1069 2504 Canones
1111 2448 1344 2505 Nicwni.
1374 2479 1443 2488 —
1489 2448 1619 2516 Qua:
1675 2448 2010 2519 disciplinam
2071 2448 2197 2501 item

627 2540 949 2610 spectabant
991 2542 1449 2606 ecclesiasticam,
1487 2542 1673 2613 viginti
1726 2541 2027 2595 canonibus
2073 2556 2203 2594 saa-

627 2631 736 2683 cita
772 2638 940 2685 sunt:
967 2632 1018 2686 in
1068 2632 1265 2703 quibus
1307 2633 1643 2702 exponendis
1695 2648 1877 2686 moras
1914 2632 2200 2686 extrahere

627 2722 798 2775 nostri
836 2738 941 2778 non
1008 2731 1092 2779 est
1147 2724 1402 2791 instituti,
1447 2740 1569 2780 cum
1612 2739 1699 2779 res
1746 2740 1774 2778 a
1818 2723 2002 2778 multis
2061 2724 2202 2777 viris

630 2814 806 2869 doctis
832 2826 1087 2871 accurate
1121 2827 1175 2871 et
1208 2817 1456 2886 pluribus
1493 2832 1725 2887 expensa
1764 2816 1943 2872 fuerit.

704 2909 791 2965 19.
840 2909 1091 2980 Epistolaz
1128 2908 1459 2963 Constantini
1509 2920 1555 2963 et
1593 2909 1831 2964 Nicwna:
1883 2910 2094 2980 synodi.
2127 2940 2195 2953 —-

623 3006 922 3075 Imperator
946 3004 1358 3069 Constantinus,
1403 3003 1485 3056 cui
1519 3017 1623 3056 una
1654 3003 2039 3058 ecclesiasticzc
2063 3018 2198 3057 cou-

622 3101 820 3154 cordia:
865 3112 995 3150 cura
1043 3105 1184 3159 erat,
1229 3098 1389 3150 rebus
1426 3111 1492 3150 ex
1528 3106 1657 3150 voto
1710 3106 1764 3151 et
1810 3098 2042 3151 arbitrio
2096 3112 2197 3151 suo

624 3189 817 3260 gestis,
868 3187 1049 3242 missis
1086 3186 1282 3243 litteris
1332 3186 1571 3257 gestiens
1626 3186 1888 3256 lzetusque
1928 3197 2049 3241 acta
2096 3200 2193 3256 per

620 3281 883 3351 synodum
932 3278 1199 3349 significat
1248 3279 1447 3347 ubique
1492 3279 1589 3345 (b).
1623 3278 1877 3332 Ecclesiis
1930 3279 2187 3343 maxime,

620 3387 741 3442 qua:
770 3369 1101 3425 dissidebant
1136 3370 1199 3420 de
1231 3366 1514 3423 Paschatis
1565 3368 1949 3433 celebratione,
1996 3378 2191 3424 auctor

622 3461 725 3515 fuit
752 3471 810 3513 ut
846 3468 1053 3515 starent
1088 3460 1276 3529 synodi
1312 3459 1548 3528 placitis,
1577 3469 1631 3514 et
1653 3460 1999 3515 dissidiornm
2030 3462 2188 3516 finem

622 3554 886 3609 facerent.
919 3551 1320 3607 Alexandrinos
1355 3561 1536 3605 autem
1563 3551 1878 3607 cohortatus
1907 3562 2011 3618 est,
2056 3561 2113 3606 ut
2144 3554 2188 3608 si

624 3647 717 3717 qui
759 3654 939 3701 essent
972 3645 1191 3697 Ariana:
1230 3643 1490 3697 doctrina:
1522 3652 1843 3705 seetatores,
1876 3661 1996 3698 eam
2025 3660 2187 3715 quam

624 3736 948 3792 maturrime
1001 3734 1385 3804 repudiarent;
1427 3734 1787 3802 praestabilius
1831 3750 1950 3791 esse
1978 3738 2189 3805 episco-

624 3833 707 3902 pis
741 3829 860 3897 plus
892 3828 1155 3882 trecentis
1179 3830 1577 3895 obtemperare,
1603 3843 1763 3897 quam
1802 3830 1959 3883 unico
1997 3831 2189 3899 impie-

624 3920 758 3975 tatis
782 3918 989 3971 auctori
1015 3935 1027 3983 ;
1072 3918 1124 3970 id
1154 3932 1213 3970 se
1253 3931 1472 3985 sperare
1500 3918 1677 3987 gaudii
1715 3933 1779 3972 ex
1811 3935 1998 3974 eorum
2026 3921 2187 3976 obse-

623 4010 842 4076 quentia
892 4015 1330 4060 conseruturum.
1372 4006 1561 4061 Exstat
1596 4008 1781 4062 itidem
1826 4010 1929 4064 alia
1974 4021 2188 4066 sancto-

626 4111 745 4149 rum
783 4095 1002 4149 Patrum
1032 4094 1257 4163 epistola
1289 4096 1353 4149 ad
1399 4096 1817 4164 Alexandrinos,
1849 4115 1954 4170 qua
1982 4102 2188 4171 signiti-

623 4195 753 4239 cant
786 4186 1012 4255 impiam
1053 4186 1162 4238 Arii
1211 4188 1558 4251 sententiam,
1608 4201 1873 4259 prasente
1926 4193 2190 4248 Constan-

625 4278 759 4340 tino,
801 4278 1091 4345 prtesulum
1151 4280 1392 4333 omnium
1438 4282 1687 4347 consilio,
1744 4285 2024 4352 praemisso
2058 4301 2190 4341 exa-

623 4369 768 4422 mine
804 4378 857 4423 et
885 4368 1131 4438 diligenti
1168 4371 1557 4439 perquisitione
1600 4374 1952 4444 reprobatam
1984 4384 2040 4431 et
2063 4392 2189 4447 pro-

588 4462 875 4530 .scriptam
929 4460 1117 4527 fuisse,
1183 4462 1499 4532 Ariumque,
1560 4465 1699 4534 quod
1759 4468 2015 4521 audacius
2072 4467 2190 4521 bla-

618 4553 837 4621 sphema
870 4553 1011 4608 dicta
1048 4563 1427 4624 propugnaret,
1486 4555 1674 4610 exsilio
1725 4556 2008 4611 multatum
2037 4574 2049 4608 :
2080 4560 2187 4614 im-

618 4649 818 4715 pietate
867 4661 1023 4715 pares
1073 4647 1349 4702 'l‘heonam
1398 4659 1454 4703 et
1503 4648 1809 4704 Secundum
1840 4652 1955 4719 pari
1983 4651 2184 4709 ultione

617 4739 829 4807 plexos,
864 4738 1181 4794 Meletianos
1224 4739 1278 4793 in
1310 4740 1555 4795 ordinem
1595 4741 1868 4807 redactos,
1901 4741 2185 4800 Paschalis

615 4831 924 4885 celebrandi
964 4832 1102 4884 diem
1149 4847 1257 4886 uno
1289 4833 1530 4887 omnium
1565 4844 1689 4888 voto
1720 4835 2095 4905 assignatam;
2139 4839 2185 4892 si

614 4924 744 4992 quid
781 4923 1008 4976 ulterius
1039 4922 1323 4978 definitum
1361 4924 1547 4990 fuerit,
1586 4927 1637 4980 id
1687 4927 1834 4996 ipsos
1870 4929 2185 4984 Alexandro

613 5024 873 5067 narrante
911 5026 1250 5084 accepturos,
1282 5018 1368 5071 cui
1400 5024 1458 5069 ut
1495 5018 1812 5087 remigranti
1845 5020 1951 5074 laeti
1988 5036 2181 5075 occur-

616 5116 816 5169 rerent,
853 5106 1058 5176 ipsique
1087 5118 1341 5178 gererent
1364 5124 1572 5163 morem
1615 5124 1958 5179 summopere
1994 5112 2181 5165 cohor-

615 5202 891 5257 tabantur.
928 5202 1116 5256 Soluta
1146 5203 1361 5255 demum
1393 5204 1631 5274 synodus
1679 5206 1778 5257 fuit
1815 5204 1900 5258 die
1925 5204 2179 5258 vicesima

610 5302 761 5345 sexta
794 5294 1043 5363 Augusti,
1073 5309 1216 5348 anno
1242 5293 1369 5356 525,
1404 5295 1661 5348 vicesimo
1683 5295 1892 5360 imperii
1916 5295 2183 5348 Constan-

612 5385 731 5439 lini.

679 5476 766 5530 ΞΟ.
799 5478 1085 5531 Celebritas
1119 5476 1318 5530 Nicww
1344 5492 1556 5545 magna.
1589 5504 1657 5512 —
1683 5474 1953 5545 Prospero
1982 5487 2178 5531 eventu

608 5584 790 5624 rerum
851 5569 1344 5626 ecclesiasticarum
1409 5568 1543 5621 mire
1595 5568 1836 5635 gaudens
1872 5568 2179 5623 Constanti-

679 5702 754 5770 (a)
782 5702 989 5771 Socrat.
1023 5703 1120 5757 lib.
1150 5718 1189 5765 I,
1222 5717 1340 5771 cap.
1371 5707 1421 5755 9.

702 5773 749 5825 bl
777 5770 985 5825 Socrat.
1019 5774 1148 5825 ibid.

702 5774 727 5822 b
777 5773 985 5825 Socrat.
1019 5774 1148 5825 ibid.

677 5773 749 5912 te;
783 5842 997 5896 Sozom.
1033 5842 1123 5895 lib.
1164 5858 1200 5907 I,
1226 5844 1479 5917 eap._25;
1515 5841 1706 5898 Euseb.
1742 5840 1883 5899 Hist.
1910 5848 2038 5902 eccl.

2302 1994 2508 2049 laretur
2558 1987 2783 2048 honoris
2836 2007 3002 2047 causa
3048 1990 3153 2062 (ά),
3208 1992 3522 2047 muneribus
3574 1990 3885 2045 cumularet

2298 2102 2507 2151 omnes,
2531 2086 2854 2156 juberetque
2884 2094 3077 2139 statam
3097 2084 3347 2140 frumenti
3380 2099 3693 2141 mensuram
3728 2096 3884 2152 quot—

2299 2181 2452 2235 annis
2491 2180 2542 2233 in
2592 2178 2815 2248 singulis
2862 2178 3083 2233 urbibus
3131 2178 3404 2245 distribui,
3463 2182 3513 2233 in
3560 2181 3881 2237 alimentum

2302 2273 2614 2338 viduarum,
2647 2273 2936 2342 virginum,
2984 2271 3502 2327 ecclesiasticorum.
3544 2274 3677 2340 Quae
3728 2284 3882 2328 tanta

2301 2366 2521 2433 largitio
2551 2368 2615 2419 ad
2654 2365 2937 2435 imperium
2975 2379 3144 2435 usque
3178 2363 3373 2419 Juliani
3420 2365 3698 2433 Apostatae
3750 2382 3878 2434 per-

2299 2430 2546 2510 dur—avit.‘
2586 2430 2837 2509 Instante.
2864 2430 3579 2523 tept‘se‘iporumdigressu,
3628 2430 3883 2523 pluribus

2298 2550 2617 2604 cohortatus
2643 2557 2954 2613 omnesest,
2992 2534 3177 2617 pacem
3215 2556 3273 2601 ut
3310 2542 3586 2625 curarent,
3624 2547 3883 2601 dissidio-

2298 2658 2416 2696 rum
2461 2652 2515 2696 et
2552 2642 2792 2696 rixarum
2828 2641 2989 2694 linem
3038 2638 3302 2704 facerent,
3348 2640 3469 2693 odia
3505 2639 3885 2707 invidiamque

2297 2742 2582 2803 ponerent,
2614 2734 2807 2788 delicta
2856 2742 3044 2786 mutuo
3087 2733 3475 2797 condonarent,
3513 2742 3769 2786 caverent
3810 2748 3883 2786 ne

2289 2825 2592 2895 jurgiorum
2625 2834 2679 2878 et
2716 2823 3171 2893 disceptationum
3225 2822 3527 2893 frequentia
3568 2824 3740 2878 risum
3776 2840 3879 2891 pa-

2295 2928 2483 2973 rarent
2522 2918 2759 2973 inimicis
2799 2916 3128 2972 Christiana:
3174 2916 3470 2986 religionis,
3509 2930 3610 2971 neu
3651 2918 3707 2972 in
3744 2932 3883 2972 con-

2296 3021 2554 3082 temptqu
2582 3026 2670 3067 res
2704 3011 3108 3068 ecclesiasticas
3155 3012 3506 3066 deducerent.
3546 3011 3685 3065 Tum
3714 3012 3884 3065 enixe

2294 3105 2541 3176 rogabat,
2570 3113 2629 3158 ut
2657 3102 2791 3159 fusis
2820 3106 3077 3173 precibus
3112 3104 3213 3158 sibi
3262 3104 3478 3173 suisque
3512 3118 3715 3156 numen
3751 3118 3887 3173 pro-

2218 3244 2263 3304 ο
2292 3197 2485 3267 pitium
2514 3210 2634 3251 esse
2664 3197 3039 3265 impetrarent.
3083 3196 3158 3251 Ita
3206 3196 3459 3250 dimissus
3488 3205 3571 3249 est
3602 3197 3885 3264 amplissi-

2298 3305 2417 3344 mus
2445 3288 2531 3343 ille
2561 3298 2756 3351 cmtus,
2788 3288 2989 3341 nullius
3020 3304 3126 3343 non
3161 3287 3280 3351 mvi,
3314 3286 3511 3340 nullius
3547 3302 3651 3340 non
3686 3288 3877 3357 populi

2296 3380 2545 3434 laudibus
2570 3380 2897 3435 celebratus.
2925 3379 3175 3450 Regressi
3213 3394 3341 3433 vero
3374 3378 3594 3447 singuli,
3626 3380 3679 3433 in
3716 3395 3880 3434 suam

2296 3473 2521 3541 quisque
2562 3473 2859 3537 civitatein,
2898 3474 3023 3543 quid
3070 3482 3299 3543 gestum,
3352 3472 3545 3542 quidve
3587 3472 3884 3527 definitum

2298 3578 2326 3617 a
2356 3565 2563 3635 synodo
2593 3564 2802 3629 fuisset,
2834 3574 3347 3621 commemorarunt.

2363 3658 2453 3710 29..
2492 3658 2681 3712 Ariani
2728 3669 2776 3713 et
2822 3658 3097 3713 Meletiaui
3149 3674 3250 3713 non
3297 3657 3591 3728 quiescunt.
3619 3686 3693 3698 —
3725 3655 3889 3711 Post-

2295 3764 2453 3819 quam
2481 3750 2652 3805 soluta
2690 3753 2897 3823 synodo
2935 3751 3315 3805 Alexandriam
3362 3750 3711 3819 remigrasset
3742 3751 3882 3804 Ale-

2298 3842 2527 3909 xander,
2566 3858 2629 3895 ac
2659 3844 2879 3897 decreta
2925 3852 3235 3897 sanctorum
3270 3840 3485 3894 Patrum
3532 3841 3885 3909 protulisset,

2294 3937 2688 4001 optatissimam
2728 3936 2831 3991 sibi
2878 3949 3063 4004 pacem
3115 3931 3400 3987 conciliare
3429 3947 3533 3986 non
3570 3933 3876 4004 potuit(e).

2294 4029 2635 4098 Fiagrantem
2656 4026 2799 4080 enim
2821 4026 3228 4081 Meletianornm
3258 4023 3480 4078 dissidio
3507 4024 3878 4079 Arianorum-

2294 4135 2397 4189 que
2423 4119 2603 4174 furore
2633 4117 2951 4188 Egyptum,
2993 4133 3098 4171 non
3130 4116 3318 4185 synodi
3346 4118 3586 4181 decreta,
3616 4132 3727 4172 non
3774 4120 3885 4171 im-

2296 4217 2565 4281 peratoria
2610 4211 2788 4265 edicta
2836 4218 3307 4278 compescuerunt.
3359 4208 3604 4263 Meletius
3646 4211 3887 4282 quippe,

2297 4313 2485 4357 contra
2531 4317 2695 4372 quam
2742 4310 2999 4355 statutum
3033 4302 3227 4366 fuerat,
3266 4302 3318 4354 in
3351 4301 3725 4371 episcopatum
3770 4304 3890 4375 Ly-

2295 4390 2545 4458 copoleos
2572 4390 2638 4441 ad
2662 4389 2743 4443 sui
2774 4390 2923 4444 vices
2964 4389 3263 4457 implendas
3288 4391 3553 4457 promovit
3583 4390 3891 4461 Joannem,

2294 4489 2651 4546 cognomento
2680 4478 2954 4548 Archaph,
2976 4479 3243 4533 hominem
3276 4480 3375 4533 sibi
3410 4481 3890 4549 addictissimmn,

2221 4601 2265 4657 Β
2298 4572 2389 4641 qui
2430 4571 2644 4626 Meletio
2676 4570 2928 4626 defuncto
2956 4570 3208 4626 factionis
3240 4572 3493 4641 princeps
3526 4572 3650 4628 fuit.
3686 4574 3895 4647 Neque

2294 4663 2465 4734 magis
2496 4662 2678 4716 Ariani
2729 4662 2918 4734 synodi
2963 4662 3175 4731 placitis
3230 4666 3582 4733 acquievere;
3639 4684 3896 4739 namque

2294 4772 2356 4810 ex
2387 4754 2655 4809 damnatis
2694 4755 2968 4810 erroribus
2992 4758 3105 4811 suis
3136 4759 3187 4810 in
3233 4757 3467 4812 furorem
3500 4768 3555 4814 et
3589 4765 3893 4820 vesaniam

2296 4846 2425 4909 acti,
2457 4854 2604 4914 gesta
2642 4846 2831 4915 synodi
2864 4846 3148 4899 traducere
3180 4846 3232 4899 in
3256 4847 3389 4912 dies,
3420 4849 3471 4901 in
3497 4860 3896 4922 contemptum

2294 4948 2459 5005 atque
2485 4937 2775 4991 ludibrium
2802 4952 2963 4992 voces
2988 4953 3052 4991 ex
3082 4938 3253 4992 sacris
3284 4938 3479 4994 litteris
3511 4959 3619 4996 non
3662 4957 3900 5003 mutua-

2296 5037 2387 5083 tas.
2409 5029 2609 5095 passim
2644 5042 2865 5093 vocare,
2899 5028 3271 5098 redintegrare
3292 5035 3732 5101 controversias,
3765 5040 3901 5092 nul-

2289 5118 2397 5172 lum
2429 5120 2586 5172 finem
2634 5120 2816 5173 facere
2869 5120 3284 5175 discordiarum.
3324 5121 3380 5175 Si
3437 5122 3571 5178 fides
3635 5126 3901 5198 Epipha-

2292 5210 2381 5263 nio
2405 5208 2494 5281 (Γ),
2527 5210 2770 5266 Meletius
2796 5213 2978 5265 missis
3002 5213 3068 5266 ad
3110 5214 3492 5281 imperatorem
3526 5222 3899 5287 oratoribus,

2288 5298 2495 5354 Joanne
2534 5302 2743 5357 scilicet
2773 5318 2935 5371 supra
2982 5312 3303 5369 memorato,
3340 5305 3608 5361 Callinico
3640 5308 3899 5378 Pelusii,

2294 5402 2339 5446 ει
2377 5392 2678 5462 Paphnutio
2712 5396 2946 5463 quodam
2988 5397 3349 5465 anachoreta,
3391 5399 3784 5459 Alexandrum
3842 5410 3900 5462 in

2287 5485 2489 5539 crimen
2539 5488 2784 5540 vocabat.
2829 5485 3027 5541 Verum
3082 5490 3399 5557 imperator,
3440 5493 3527 5544 cui
3584 5508 3902 5565 perspecta

2284 5586 2401 5628 erat
2431 5576 2527 5629 viri
2559 5578 2842 5648 integritas
2874 5588 2928 5631 et
2974 5581 3353 5644 sanctimonia,
3388 5584 3744 5642 turbulentos
3788 5590 3905 5644 hu-

2352 5712 2427 5778 (d)
2462 5711 2670 5783 Sperat.
2696 5714 2783 5767 tib.
2814 5730 2853 5776 I,
2879 5731 2995 5783 cap.
3025 5724 3074 5769 I.

2349 5784 2418 5849 te)
2463 5781 2721 5848 lipipban.
2754 5781 2953 5840 lituos.
2974 5803 3163 5843 LXVIII.

2351 5851 2414 5920 (Ῑ)
2448 5850 2577 5906 Ibid.
