  <div class='ocr_page' id='page_1' title='image "/cluster/home/n/w/nwhite01/storage/ocr_20150623/25/hvd.32044004972428/076.png"; bbox 0 0 4038 6546; ppageno 0'>
   <div class='ocr_carea' id='block_1_1' title="bbox 1508 454 2207 511">
    <p class='ocr_par' dir='ltr' id='par_1_1' title="bbox 1508 454 2207 511">
     <span class='ocr_line' id='line_1_1' title="bbox 1508 454 2207 511; baseline 0 -1"><span class='ocrx_word' id='word_1_1' title='bbox 1508 455 1669 510; x_wconf 77' lang='lat' dir='ltr'><strong>VITA</strong></span> <span class='ocrx_word' id='word_1_2' title='bbox 1711 455 1767 510; x_wconf 88' lang='lat' dir='ltr'><strong>S.</strong></span> <span class='ocrx_word' id='word_1_3' title='bbox 1814 454 2207 511; x_wconf 69' lang='lat' dir='ltr'><strong>ATIIANASII.</strong></span> 
     </span>
    </p>
   </div>
   <div class='ocr_carea' id='block_1_2' title="bbox 3336 480 3464 522">
    <p class='ocr_par' dir='ltr' id='par_1_2' title="bbox 3336 480 3464 522">
     <span class='ocr_line' id='line_1_2' title="bbox 3336 480 3464 522; baseline 0 -1"><span class='ocrx_word' id='word_1_4' title='bbox 3336 480 3464 522; x_wconf 70' lang='lat' dir='ltr'><strong>LXXI</strong></span> 
     </span>
    </p>
   </div>
   <div class='ocr_carea' id='block_1_3' title="bbox 132 554 3465 657">
    <p class='ocr_par' dir='ltr' id='par_1_3' title="bbox 132 554 3465 657">
     <span class='ocr_line' id='line_1_3' title="bbox 132 554 3465 657; baseline 0.009 -46"><span class='ocrx_word' id='word_1_5' title='bbox 132 554 319 624; x_wconf 76' lang='lat' dir='ltr'><strong>iusmmli</strong></span> <span class='ocrx_word' id='word_1_6' title='bbox 368 566 602 634; x_wconf 74' lang='lat' dir='ltr'><strong>viros,</strong></span> <span class='ocrx_word' id='word_1_7' title='bbox 686 589 821 629; x_wconf 83' lang='lat' dir='ltr'><strong>nec</strong></span> <span class='ocrx_word' id='word_1_8' title='bbox 884 576 1131 638; x_wconf 74' lang='lat' dir='ltr'><strong>auditos,</strong></span> <span class='ocrx_word' id='word_1_9' title='bbox 1194 588 1253 627; x_wconf 93' lang='lat' dir='ltr'><strong>re</strong></span> <span class='ocrx_word' id='word_1_10' title='bbox 1309 573 1509 630; x_wconf 90' lang='lat' dir='ltr'><strong>infecta</strong></span> <span class='ocrx_word' id='word_1_11' title='bbox 1575 577 1798 630; x_wconf 82' lang='lat' dir='ltr'><strong>dimisit.</strong></span> <span class='ocrx_word' id='word_1_12' title='bbox 1831 585 1871 638; x_wconf 81' lang='grc' dir='ltr'><strong>Α</strong></span> <span class='ocrx_word' id='word_1_13' title='bbox 1908 578 1976 628; x_wconf 86' lang='lat' dir='ltr'><strong>ab</strong></span> <span class='ocrx_word' id='word_1_14' title='bbox 2014 576 2245 630; x_wconf 83' lang='lat' dir='ltr'><strong>Ecclesia</strong></span> <span class='ocrx_word' id='word_1_15' title='bbox 2286 568 2595 633; x_wconf 71' lang='lat' dir='ltr'><strong>descivisse.</strong></span> <span class='ocrx_word' id='word_1_16' title='bbox 2634 578 2755 635; x_wconf 69' lang='lat' dir='ltr'><strong>Ilaec</strong></span> <span class='ocrx_word' id='word_1_17' title='bbox 2796 580 2882 637; x_wconf 92' lang='lat' dir='ltr'><strong>ille</strong></span> <span class='ocrx_word' id='word_1_18' title='bbox 2913 583 3164 638; x_wconf 87' lang='lat' dir='ltr'><strong>Arianico</strong></span> <span class='ocrx_word' id='word_1_19' title='bbox 3208 593 3264 641; x_wconf 94' lang='lat' dir='ltr'><strong>et</strong></span> <span class='ocrx_word' id='word_1_20' title='bbox 3298 586 3465 657; x_wconf 88' lang='lat' dir='ltr'><strong>impio</strong></span> 
     </span>
    </p>
   </div>
   <div class='ocr_carea' id='block_1_4' title="bbox 184 651 1800 737">
    <p class='ocr_par' dir='ltr' id='par_1_4' title="bbox 184 651 1800 737">
     <span class='ocr_line' id='line_1_4' title="bbox 184 651 1800 737; baseline 0.009 -31"><span class='ocrx_word' id='word_1_21' title='bbox 184 651 255 707; x_wconf 64' lang='lat' dir='ltr'><strong>i3.</strong></span> <span class='ocrx_word' id='word_1_22' title='bbox 289 654 618 715; x_wconf 72' lang='lat' dir='ltr'><strong>Eusebius</strong></span> <span class='ocrx_word' id='word_1_23' title='bbox 653 674 724 716; x_wconf 82' lang='lat' dir='ltr'><strong>et</strong></span> <span class='ocrx_word' id='word_1_24' title='bbox 766 666 1088 737; x_wconf 70' lang='lat' dir='ltr'><strong>Tlteognius</strong></span> <span class='ocrx_word' id='word_1_25' title='bbox 1119 667 1379 720; x_wconf 74' lang='lat' dir='ltr'><strong>exsulant.</strong></span> <span class='ocrx_word' id='word_1_26' title='bbox 1416 696 1484 707; x_wconf 89' lang='lat'><strong>——</strong></span> <span class='ocrx_word' id='word_1_27' title='bbox 1507 666 1690 735; x_wconf 85' lang='lat' dir='ltr'><strong>Neque</strong></span> <span class='ocrx_word' id='word_1_28' title='bbox 1724 680 1800 721; x_wconf 85' lang='lat' dir='ltr'><strong>ta-</strong></span> 
     </span>
    </p>
   </div>
   <div class='ocr_carea' id='block_1_5' title="bbox 142 748 1799 827">
    <p class='ocr_par' dir='ltr' id='par_1_5' title="bbox 142 748 1799 827">
     <span class='ocr_line' id='line_1_5' title="bbox 142 748 1799 827; baseline 0.011 -32"><span class='ocrx_word' id='word_1_29' title='bbox 142 758 227 797; x_wconf 86' lang='lat' dir='ltr'><strong>men</strong></span> <span class='ocrx_word' id='word_1_30' title='bbox 255 748 436 802; x_wconf 87' lang='lat' dir='ltr'><strong>tantis</strong></span> <span class='ocrx_word' id='word_1_31' title='bbox 475 752 795 824; x_wconf 78' lang='lat' dir='ltr'><strong>Augusti</strong></span> <span class='ocrx_word' id='word_1_32' title='bbox 841 760 1065 821; x_wconf 89' lang='lat' dir='ltr'><strong>studiis,</strong></span> <span class='ocrx_word' id='word_1_33' title='bbox 1100 767 1244 811; x_wconf 89' lang='lat' dir='ltr'><strong>tanta</strong></span> <span class='ocrx_word' id='word_1_34' title='bbox 1290 767 1481 812; x_wconf 87' lang='lat' dir='ltr'><strong>navata</strong></span> <span class='ocrx_word' id='word_1_35' title='bbox 1509 774 1672 827; x_wconf 86' lang='lat' dir='ltr'><strong>opera</strong></span> <span class='ocrx_word' id='word_1_36' title='bbox 1706 775 1799 813; x_wconf 80' lang='lat' dir='ltr'><strong>ex-</strong></span> 
     </span>
    </p>
   </div>
   <div class='ocr_carea' id='block_1_6' title="bbox 144 837 1800 906">
    <p class='ocr_par' dir='ltr' id='par_1_6' title="bbox 144 837 1800 906">
     <span class='ocr_line' id='line_1_6' title="bbox 144 837 1800 906; baseline 0.009 -17"><span class='ocrx_word' id='word_1_37' title='bbox 144 837 363 893; x_wconf 82' lang='lat' dir='ltr'><strong>stinctum</strong></span> <span class='ocrx_word' id='word_1_38' title='bbox 397 843 671 899; x_wconf 83' lang='lat' dir='ltr'><strong>malum</strong></span> <span class='ocrx_word' id='word_1_39' title='bbox 718 847 873 901; x_wconf 85' lang='lat' dir='ltr'><strong>fuit.</strong></span> <span class='ocrx_word' id='word_1_40' title='bbox 925 849 1148 904; x_wconf 79' lang='lat' dir='ltr'><strong>Vixdum</strong></span> <span class='ocrx_word' id='word_1_41' title='bbox 1172 851 1315 904; x_wconf 89' lang='lat' dir='ltr'><strong>enim</strong></span> <span class='ocrx_word' id='word_1_42' title='bbox 1342 850 1502 904; x_wconf 90' lang='lat' dir='ltr'><strong>trium</strong></span> <span class='ocrx_word' id='word_1_43' title='bbox 1537 852 1800 906; x_wconf 85' lang='lat' dir='ltr'><strong>mensium</strong></span> 
     </span>
    </p>
   </div>
   <div class='ocr_carea' id='block_1_7' title="bbox 148 930 1800 1013">
    <p class='ocr_par' dir='ltr' id='par_1_7' title="bbox 148 930 1800 1013">
     <span class='ocr_line' id='line_1_7' title="bbox 148 930 1800 1013; baseline 0.011 -32"><span class='ocrx_word' id='word_1_44' title='bbox 148 930 345 995; x_wconf 78' lang='lat' dir='ltr'><strong>spatium</strong></span> <span class='ocrx_word' id='word_1_45' title='bbox 407 935 495 989; x_wconf 83' lang='lat' dir='ltr'><strong>ab</strong></span> <span class='ocrx_word' id='word_1_46' title='bbox 546 937 908 995; x_wconf 86' lang='lat' dir='ltr'><strong>celebrata</strong></span> <span class='ocrx_word' id='word_1_47' title='bbox 962 942 1164 1013; x_wconf 86' lang='lat' dir='ltr'><strong>synodo</strong></span> <span class='ocrx_word' id='word_1_48' title='bbox 1208 942 1452 1011; x_wconf 89' lang='lat' dir='ltr'><strong>elapsum</strong></span> <span class='ocrx_word' id='word_1_49' title='bbox 1501 954 1643 1009; x_wconf 88' lang='lat' dir='ltr'><strong>erat,</strong></span> <span class='ocrx_word' id='word_1_50' title='bbox 1676 960 1800 999; x_wconf 91' lang='lat' dir='ltr'><strong>cum</strong></span> 
     </span>
    </p>
   </div>
   <div class='ocr_carea' id='block_1_8' title="bbox 152 1021 1800 1105">
    <p class='ocr_par' dir='ltr' id='par_1_8' title="bbox 152 1021 1800 1105">
     <span class='ocr_line' id='line_1_8' title="bbox 152 1021 1800 1105; baseline 0.009 -29"><span class='ocrx_word' id='word_1_51' title='bbox 152 1021 385 1079; x_wconf 75' lang='lat' dir='ltr'><strong>Eusebius</strong></span> <span class='ocrx_word' id='word_1_52' title='bbox 427 1025 969 1087; x_wconf 81' lang='lat' dir='ltr'><strong>Nicomediensis</strong></span> <span class='ocrx_word' id='word_1_53' title='bbox 1003 1044 1056 1088; x_wconf 91' lang='lat' dir='ltr'><strong>et</strong></span> <span class='ocrx_word' id='word_1_54' title='bbox 1088 1033 1391 1105; x_wconf 86' lang='lat' dir='ltr'><strong>Theognius</strong></span> <span class='ocrx_word' id='word_1_55' title='bbox 1422 1034 1670 1091; x_wconf 67' lang='lat' dir='ltr'><strong>Nicaenus</strong></span> <span class='ocrx_word' id='word_1_56' title='bbox 1702 1038 1800 1105; x_wconf 82' lang='grc' dir='ltr'><strong>(α),</strong></span> 
     </span>
    </p>
   </div>
   <div class='ocr_carea' id='block_1_9' title="bbox 155 1118 1803 1193">
    <p class='ocr_par' dir='ltr' id='par_1_9' title="bbox 155 1118 1803 1193">
     <span class='ocr_line' id='line_1_9' title="bbox 155 1118 1803 1193; baseline 0.008 -24"><span class='ocrx_word' id='word_1_57' title='bbox 155 1118 263 1186; x_wconf 79' lang='lat' dir='ltr'><strong>quod</strong></span> <span class='ocrx_word' id='word_1_58' title='bbox 292 1119 542 1175; x_wconf 82' lang='lat' dir='ltr'><strong>Arianis</strong></span> <span class='ocrx_word' id='word_1_59' title='bbox 577 1127 892 1193; x_wconf 85' lang='lat' dir='ltr'><strong>partibus</strong></span> <span class='ocrx_word' id='word_1_60' title='bbox 929 1144 1034 1182; x_wconf 90' lang='lat' dir='ltr'><strong>non</strong></span> <span class='ocrx_word' id='word_1_61' title='bbox 1078 1129 1302 1184; x_wconf 83' lang='lat' dir='ltr'><strong>obscure</strong></span> <span class='ocrx_word' id='word_1_62' title='bbox 1330 1129 1633 1191; x_wconf 88' lang='lat' dir='ltr'><strong>studerent,</strong></span> <span class='ocrx_word' id='word_1_63' title='bbox 1659 1130 1803 1184; x_wconf 89' lang='lat' dir='ltr'><strong>acci-</strong></span> 
     </span>
    </p>
   </div>
   <div class='ocr_carea' id='block_1_10' title="bbox 161 1211 1804 1290">
    <p class='ocr_par' dir='ltr' id='par_1_10' title="bbox 161 1211 1804 1290">
     <span class='ocr_line' id='line_1_10' title="bbox 161 1211 1804 1290; baseline 0.009 -29"><span class='ocrx_word' id='word_1_64' title='bbox 161 1218 222 1262; x_wconf 92' lang='lat' dir='ltr'><strong>los</strong></span> <span class='ocrx_word' id='word_1_65' title='bbox 260 1211 325 1265; x_wconf 75' lang='lat' dir='ltr'><strong>ab</strong></span> <span class='ocrx_word' id='word_1_66' title='bbox 385 1212 792 1282; x_wconf 74' lang='lat' dir='ltr'><strong>imperatore</strong></span> <span class='ocrx_word' id='word_1_67' title='bbox 854 1219 1096 1274; x_wconf 85' lang='lat' dir='ltr'><strong>Arianos</strong></span> <span class='ocrx_word' id='word_1_68' title='bbox 1150 1221 1431 1284; x_wconf 87' lang='lat' dir='ltr'><strong>adiissent,</strong></span> <span class='ocrx_word' id='word_1_69' title='bbox 1464 1213 1804 1290; x_wconf 67' lang='lat' dir='ltr'><strong>excepissent</strong></span> 
     </span>
    </p>
   </div>
   <div class='ocr_carea' id='block_1_11' title="bbox 166 1298 1802 1376">
    <p class='ocr_par' dir='ltr' id='par_1_11' title="bbox 166 1298 1802 1376">
     <span class='ocr_line' id='line_1_11' title="bbox 166 1298 1802 1376; baseline 0.009 -24"><span class='ocrx_word' id='word_1_70' title='bbox 166 1298 276 1353; x_wconf 79' lang='lat' dir='ltr'><strong>domi</strong></span> <span class='ocrx_word' id='word_1_71' title='bbox 298 1301 682 1373; x_wconf 82' lang='lat' dir='ltr'><strong>diversores,</strong></span> <span class='ocrx_word' id='word_1_72' title='bbox 727 1308 1015 1363; x_wconf 82' lang='lat' dir='ltr'><strong>iniissent</strong></span> <span class='ocrx_word' id='word_1_73' title='bbox 1037 1324 1155 1364; x_wconf 91' lang='lat' dir='ltr'><strong>cum</strong></span> <span class='ocrx_word' id='word_1_74' title='bbox 1187 1310 1291 1365; x_wconf 87' lang='lat' dir='ltr'><strong>illis</strong></span> <span class='ocrx_word' id='word_1_75' title='bbox 1312 1311 1802 1376; x_wconf 88' lang='lat' dir='ltr'><strong>societatem,rele-</strong></span> 
     </span>
    </p>
   </div>
   <div class='ocr_carea' id='block_1_12' title="bbox 174 1394 1804 1461">
    <p class='ocr_par' dir='ltr' id='par_1_12' title="bbox 174 1394 1804 1461">
     <span class='ocr_line' id='line_1_12' title="bbox 174 1394 1804 1461; baseline 0.009 -16"><span class='ocrx_word' id='word_1_76' title='bbox 174 1394 256 1461; x_wconf 75' lang='lat' dir='ltr'><strong>gati</strong></span> <span class='ocrx_word' id='word_1_77' title='bbox 296 1410 325 1447; x_wconf 87' lang='lat' dir='ltr'><strong>a</strong></span> <span class='ocrx_word' id='word_1_78' title='bbox 374 1394 811 1454; x_wconf 85' lang='lat' dir='ltr'><strong>Constantino</strong></span> <span class='ocrx_word' id='word_1_79' title='bbox 851 1413 990 1454; x_wconf 89' lang='lat' dir='ltr'><strong>sunt</strong></span> <span class='ocrx_word' id='word_1_80' title='bbox 1036 1403 1084 1456; x_wconf 92' lang='lat' dir='ltr'><strong>in</strong></span> <span class='ocrx_word' id='word_1_81' title='bbox 1129 1402 1375 1457; x_wconf 83' lang='lat' dir='ltr'><strong>Galliam.</strong></span> <span class='ocrx_word' id='word_1_82' title='bbox 1416 1402 1804 1460; x_wconf 82' lang='lat' dir='ltr'><strong>Constantinus</strong></span> 
     </span>
    </p>
   </div>
   <div class='ocr_carea' id='block_1_13' title="bbox 183 1491 1802 1560">
    <p class='ocr_par' dir='ltr' id='par_1_13' title="bbox 183 1491 1802 1560">
     <span class='ocr_line' id='line_1_13' title="bbox 183 1491 1802 1560; baseline 0.006 -18"><span class='ocrx_word' id='word_1_83' title='bbox 183 1500 325 1544; x_wconf 78' lang='lat' dir='ltr'><strong>autem</strong></span> <span class='ocrx_word' id='word_1_84' title='bbox 379 1491 436 1545; x_wconf 91' lang='lat' dir='ltr'><strong>in</strong></span> <span class='ocrx_word' id='word_1_85' title='bbox 498 1492 778 1560; x_wconf 81' lang='lat' dir='ltr'><strong>epistola</strong></span> <span class='ocrx_word' id='word_1_86' title='bbox 840 1497 914 1548; x_wconf 88' lang='lat' dir='ltr'><strong>ad</strong></span> <span class='ocrx_word' id='word_1_87' title='bbox 972 1495 1403 1552; x_wconf 86' lang='lat' dir='ltr'><strong>Nicomedienses</strong></span> <span class='ocrx_word' id='word_1_88' title='bbox 1436 1497 1595 1551; x_wconf 87' lang='lat' dir='ltr'><strong>aliam</strong></span> <span class='ocrx_word' id='word_1_89' title='bbox 1629 1498 1802 1553; x_wconf 73' lang='lat' dir='ltr'><strong>exsilii</strong></span> 
     </span>
    </p>
   </div>
   <div class='ocr_carea' id='block_1_14' title="bbox 188 1583 1804 1661">
    <p class='ocr_par' dir='ltr' id='par_1_14' title="bbox 188 1583 1804 1661">
     <span class='ocr_line' id='line_1_14' title="bbox 188 1583 1804 1661; baseline 0.006 -26"><span class='ocrx_word' id='word_1_90' title='bbox 188 1598 399 1647; x_wconf 78' lang='lat' dir='ltr'><strong>causam,</strong></span> <span class='ocrx_word' id='word_1_91' title='bbox 438 1583 834 1641; x_wconf 81' lang='lat' dir='ltr'><strong>subobscure</strong></span> <span class='ocrx_word' id='word_1_92' title='bbox 882 1594 1092 1653; x_wconf 89' lang='lat' dir='ltr'><strong>tamen,</strong></span> <span class='ocrx_word' id='word_1_93' title='bbox 1128 1588 1351 1653; x_wconf 90' lang='lat' dir='ltr'><strong>indicat,</strong></span> <span class='ocrx_word' id='word_1_94' title='bbox 1396 1603 1655 1657; x_wconf 90' lang='lat' dir='ltr'><strong>reumque</strong></span> <span class='ocrx_word' id='word_1_95' title='bbox 1692 1590 1804 1661; x_wconf 88' lang='lat' dir='ltr'><strong>agit</strong></span> 
     </span>
    </p>
   </div>
   <div class='ocr_carea' id='block_1_15' title="bbox 190 1676 1802 1754">
    <p class='ocr_par' dir='ltr' id='par_1_15' title="bbox 190 1676 1802 1754">
     <span class='ocr_line' id='line_1_15' title="bbox 190 1676 1802 1754; baseline 0.004 -25"><span class='ocrx_word' id='word_1_96' title='bbox 190 1676 454 1731; x_wconf 82' lang='lat' dir='ltr'><strong>Eusebium</strong></span> <span class='ocrx_word' id='word_1_97' title='bbox 496 1677 669 1746; x_wconf 89' lang='lat' dir='ltr'><strong>pacti</strong></span> <span class='ocrx_word' id='word_1_98' title='bbox 709 1694 854 1732; x_wconf 89' lang='lat' dir='ltr'><strong>cum</strong></span> <span class='ocrx_word' id='word_1_99' title='bbox 886 1678 1074 1748; x_wconf 88' lang='lat' dir='ltr'><strong>aliquo</strong></span> <span class='ocrx_word' id='word_1_100' title='bbox 1103 1679 1202 1735; x_wconf 89' lang='lat' dir='ltr'><strong>sibi</strong></span> <span class='ocrx_word' id='word_1_101' title='bbox 1222 1680 1541 1735; x_wconf 75' lang='lat' dir='ltr'><strong>adversante</strong></span> <span class='ocrx_word' id='word_1_102' title='bbox 1569 1688 1802 1754; x_wconf 84' lang='lat' dir='ltr'><strong>tyranno</strong></span> 
     </span>
    </p>
   </div>
   <div class='ocr_carea' id='block_1_16' title="bbox 194 1771 1801 1842">
    <p class='ocr_par' dir='ltr' id='par_1_16' title="bbox 194 1771 1801 1842">
     <span class='ocr_line' id='line_1_16' title="bbox 194 1771 1801 1842; baseline 0.004 -18"><span class='ocrx_word' id='word_1_103' title='bbox 194 1771 412 1829; x_wconf 62' lang='lat' dir='ltr'><strong>foderis.</strong></span> <span class='ocrx_word' id='word_1_104' title='bbox 449 1771 545 1825; x_wconf 88' lang='lat' dir='ltr'><strong>cui</strong></span> <span class='ocrx_word' id='word_1_105' title='bbox 606 1773 1023 1829; x_wconf 83' lang='lat' dir='ltr'><strong>ministerium</strong></span> <span class='ocrx_word' id='word_1_106' title='bbox 1061 1784 1115 1829; x_wconf 91' lang='lat' dir='ltr'><strong>et</strong></span> <span class='ocrx_word' id='word_1_107' title='bbox 1144 1790 1297 1842; x_wconf 89' lang='lat' dir='ltr'><strong>opem</strong></span> <span class='ocrx_word' id='word_1_108' title='bbox 1353 1791 1505 1831; x_wconf 89' lang='lat' dir='ltr'><strong>suam</strong></span> <span class='ocrx_word' id='word_1_109' title='bbox 1562 1792 1801 1832; x_wconf 86' lang='lat' dir='ltr'><strong>commo-</strong></span> 
     </span>
    </p>
   </div>
   <div class='ocr_carea' id='block_1_17' title="bbox 192 1860 1796 1937">
    <p class='ocr_par' dir='ltr' id='par_1_17' title="bbox 192 1860 1796 1937">
     <span class='ocr_line' id='line_1_17' title="bbox 192 1860 1796 1937; baseline 0.004 -24"><span class='ocrx_word' id='word_1_110' title='bbox 192 1863 348 1915; x_wconf 73' lang='lat' dir='ltr'><strong>dasset</strong></span> <span class='ocrx_word' id='word_1_111' title='bbox 376 1860 491 1915; x_wconf 92' lang='lat' dir='ltr'><strong>ille.</strong></span> <span class='ocrx_word' id='word_1_112' title='bbox 522 1860 793 1928; x_wconf 88' lang='lat' dir='ltr'><strong>llujusce</strong></span> <span class='ocrx_word' id='word_1_113' title='bbox 815 1863 899 1918; x_wconf 91' lang='lat' dir='ltr'><strong>rei</strong></span> <span class='ocrx_word' id='word_1_114' title='bbox 924 1878 1089 1933; x_wconf 85' lang='lat' dir='ltr'><strong>penes</strong></span> <span class='ocrx_word' id='word_1_115' title='bbox 1106 1879 1163 1919; x_wconf 83' lang='lat' dir='ltr'><strong>se</strong></span> <span class='ocrx_word' id='word_1_116' title='bbox 1194 1864 1465 1920; x_wconf 90' lang='lat' dir='ltr'><strong>luculenta</strong></span> <span class='ocrx_word' id='word_1_117' title='bbox 1492 1882 1611 1921; x_wconf 90' lang='lat' dir='ltr'><strong>esse</strong></span> <span class='ocrx_word' id='word_1_118' title='bbox 1635 1883 1796 1937; x_wconf 86' lang='lat' dir='ltr'><strong>argu-</strong></span> 
     </span>
    </p>
   </div>
   <div class='ocr_carea' id='block_1_18' title="bbox 194 1956 1802 2027">
    <p class='ocr_par' dir='ltr' id='par_1_18' title="bbox 194 1956 1802 2027">
     <span class='ocr_line' id='line_1_18' title="bbox 194 1956 1802 2027; baseline 0.003 -21"><span class='ocrx_word' id='word_1_119' title='bbox 194 1962 354 2006; x_wconf 67' lang='lat' dir='ltr'><strong>menta</strong></span> <span class='ocrx_word' id='word_1_120' title='bbox 388 1963 648 2007; x_wconf 83' lang='lat' dir='ltr'><strong>testatur</strong></span> <span class='ocrx_word' id='word_1_121' title='bbox 696 1956 1041 2024; x_wconf 89' lang='lat' dir='ltr'><strong>imperator,</strong></span> <span class='ocrx_word' id='word_1_122' title='bbox 1075 1956 1288 2023; x_wconf 87' lang='lat' dir='ltr'><strong>quando</strong></span> <span class='ocrx_word' id='word_1_123' title='bbox 1321 1956 1664 2027; x_wconf 85' lang='lat' dir='ltr'><strong>presbyteros</strong></span> <span class='ocrx_word' id='word_1_124' title='bbox 1691 1960 1802 2011; x_wconf 87' lang='lat' dir='ltr'><strong>dia-</strong></span> 
     </span>
    </p>
   </div>
   <div class='ocr_carea' id='block_1_19' title="bbox 191 2045 1798 2117">
    <p class='ocr_par' dir='ltr' id='par_1_19' title="bbox 191 2045 1798 2117">
     <span class='ocr_line' id='line_1_19' title="bbox 191 2045 1798 2117; baseline 0.002 -19"><span class='ocrx_word' id='word_1_125' title='bbox 191 2059 445 2115; x_wconf 79' lang='lat' dir='ltr'><strong>conosqne</strong></span> <span class='ocrx_word' id='word_1_126' title='bbox 476 2045 742 2101; x_wconf 86' lang='lat' dir='ltr'><strong>Eusebio</strong></span> <span class='ocrx_word' id='word_1_127' title='bbox 783 2047 896 2100; x_wconf 88' lang='lat' dir='ltr'><strong>hac</strong></span> <span class='ocrx_word' id='word_1_128' title='bbox 929 2047 982 2099; x_wconf 93' lang='lat' dir='ltr'><strong>in</strong></span> <span class='ocrx_word' id='word_1_129' title='bbox 1034 2062 1088 2101; x_wconf 93' lang='lat' dir='ltr'><strong>re</strong></span> <span class='ocrx_word' id='word_1_130' title='bbox 1126 2047 1474 2102; x_wconf 89' lang='lat' dir='ltr'><strong>administros</strong></span> <span class='ocrx_word' id='word_1_131' title='bbox 1503 2048 1798 2117; x_wconf 86' lang='lat' dir='ltr'><strong>deprehen-</strong></span> 
     </span>
    </p>
   </div>
   <div class='ocr_carea' id='block_1_20' title="bbox 193 2136 1798 2203">
    <p class='ocr_par' dir='ltr' id='par_1_20' title="bbox 193 2136 1798 2203">
     <span class='ocr_line' id='line_1_20' title="bbox 193 2136 1798 2203; baseline 0.003 -14"><span class='ocrx_word' id='word_1_132' title='bbox 193 2139 349 2190; x_wconf 78' lang='lat' dir='ltr'><strong>derat.</strong></span> <span class='ocrx_word' id='word_1_133' title='bbox 388 2136 488 2190; x_wconf 66' lang='lat' dir='ltr'><strong>Ha:</strong></span> <span class='ocrx_word' id='word_1_134' title='bbox 528 2151 733 2191; x_wconf 61' lang='lat' dir='ltr'><strong>causa:</strong></span> <span class='ocrx_word' id='word_1_135' title='bbox 784 2136 974 2191; x_wconf 82' lang='lat' dir='ltr'><strong>exsilii</strong></span> <span class='ocrx_word' id='word_1_136' title='bbox 1026 2152 1146 2192; x_wconf 91' lang='lat' dir='ltr'><strong>cum</strong></span> <span class='ocrx_word' id='word_1_137' title='bbox 1184 2136 1420 2203; x_wconf 88' lang='lat' dir='ltr'><strong>Eusebii,</strong></span> <span class='ocrx_word' id='word_1_138' title='bbox 1460 2147 1571 2193; x_wconf 93' lang='lat' dir='ltr'><strong>tum</strong></span> <span class='ocrx_word' id='word_1_139' title='bbox 1623 2141 1798 2194; x_wconf 85' lang='lat' dir='ltr'><strong>consi-</strong></span> 
     </span>
    </p>
   </div>
   <div class='ocr_carea' id='block_1_21' title="bbox 192 2227 1797 2299">
    <p class='ocr_par' dir='ltr' id='par_1_21' title="bbox 192 2227 1797 2299">
     <span class='ocr_line' id='line_1_21' title="bbox 192 2227 1797 2299; baseline 0.003 -20"><span class='ocrx_word' id='word_1_140' title='bbox 192 2227 369 2281; x_wconf 66' lang='grc' dir='ltr'><strong>ὕοι-πω</strong></span> <span class='ocrx_word' id='word_1_141' title='bbox 397 2228 543 2282; x_wconf 86' lang='lat' dir='ltr'><strong>socii</strong></span> <span class='ocrx_word' id='word_1_142' title='bbox 578 2227 880 2297; x_wconf 86' lang='lat' dir='ltr'><strong>Theognii</strong></span> <span class='ocrx_word' id='word_1_143' title='bbox 918 2247 930 2281; x_wconf 90' lang='lat'><strong>:</strong></span> <span class='ocrx_word' id='word_1_144' title='bbox 966 2228 1018 2281; x_wconf 91' lang='lat' dir='ltr'><strong>in</strong></span> <span class='ocrx_word' id='word_1_145' title='bbox 1061 2244 1289 2298; x_wconf 89' lang='lat' dir='ltr'><strong>quorum</strong></span> <span class='ocrx_word' id='word_1_146' title='bbox 1319 2229 1493 2284; x_wconf 81' lang='lat' dir='ltr'><strong>vicem</strong></span> <span class='ocrx_word' id='word_1_147' title='bbox 1528 2228 1797 2299; x_wconf 84' lang='lat' dir='ltr'><strong>Amphion</strong></span> 
     </span>
    </p>
   </div>
   <div class='ocr_carea' id='block_1_22' title="bbox 190 2307 1798 2390">
    <p class='ocr_par' dir='ltr' id='par_1_22' title="bbox 190 2307 1798 2390">
     <span class='ocr_line' id='line_1_22' title="bbox 190 2307 1798 2390; baseline 0.003 -19"><span class='ocrx_word' id='word_1_148' title='bbox 190 2318 391 2386; x_wconf 55' lang='lat' dir='ltr'><strong>Nicaea,</strong></span> <span class='ocrx_word' id='word_1_149' title='bbox 427 2318 726 2373; x_wconf 87' lang='lat' dir='ltr'><strong>Chrestus</strong></span> <span class='ocrx_word' id='word_1_150' title='bbox 758 2307 1106 2374; x_wconf 52' lang='lat' dir='ltr'><strong>Nicomedia;</strong></span> <span class='ocrx_word' id='word_1_151' title='bbox 1136 2320 1417 2390; x_wconf 87' lang='lat' dir='ltr'><strong>episcopus</strong></span> <span class='ocrx_word' id='word_1_152' title='bbox 1472 2322 1798 2376; x_wconf 90' lang='lat' dir='ltr'><strong>constitutus</strong></span> 
     </span>
    </p>
   </div>
   <div class='ocr_carea' id='block_1_23' title="bbox 188 2412 1798 2484">
    <p class='ocr_par' dir='ltr' id='par_1_23' title="bbox 188 2412 1798 2484">
     <span class='ocr_line' id='line_1_23' title="bbox 188 2412 1798 2484; baseline 0.001 -19"><span class='ocrx_word' id='word_1_153' title='bbox 188 2412 301 2466; x_wconf 86' lang='lat' dir='ltr'><strong>fuit.</strong></span> <span class='ocrx_word' id='word_1_154' title='bbox 342 2413 449 2480; x_wconf 85' lang='lat' dir='ltr'><strong>Qui</strong></span> <span class='ocrx_word' id='word_1_155' title='bbox 496 2414 575 2467; x_wconf 87' lang='lat' dir='ltr'><strong>sit</strong></span> <span class='ocrx_word' id='word_1_156' title='bbox 618 2423 820 2468; x_wconf 89' lang='lat' dir='ltr'><strong>autem</strong></span> <span class='ocrx_word' id='word_1_157' title='bbox 860 2413 953 2468; x_wconf 92' lang='lat' dir='ltr'><strong>ille</strong></span> <span class='ocrx_word' id='word_1_158' title='bbox 986 2422 1267 2484; x_wconf 86' lang='lat' dir='ltr'><strong>tyrannus,</strong></span> <span class='ocrx_word' id='word_1_159' title='bbox 1305 2428 1534 2483; x_wconf 88' lang='lat' dir='ltr'><strong>quocum</strong></span> <span class='ocrx_word' id='word_1_160' title='bbox 1567 2414 1798 2468; x_wconf 60' lang='lat' dir='ltr'><strong>societao</strong></span> 
     </span>
    </p>
   </div>
   <div class='ocr_carea' id='block_1_24' title="bbox 188 2505 1792 2576">
    <p class='ocr_par' dir='ltr' id='par_1_24' title="bbox 188 2505 1792 2576">
     <span class='ocr_line' id='line_1_24' title="bbox 188 2505 1792 2576; baseline 0.002 -20"><span class='ocrx_word' id='word_1_161' title='bbox 188 2513 285 2558; x_wconf 82' lang='lat' dir='ltr'><strong>tem</strong></span> <span class='ocrx_word' id='word_1_162' title='bbox 322 2506 447 2559; x_wconf 88' lang='lat' dir='ltr'><strong>iniit</strong></span> <span class='ocrx_word' id='word_1_163' title='bbox 478 2506 800 2571; x_wconf 84' lang='lat' dir='ltr'><strong>Eusebius,</strong></span> <span class='ocrx_word' id='word_1_164' title='bbox 825 2520 934 2559; x_wconf 91' lang='lat' dir='ltr'><strong>non</strong></span> <span class='ocrx_word' id='word_1_165' title='bbox 961 2512 1147 2573; x_wconf 89' lang='lat' dir='ltr'><strong>aperte</strong></span> <span class='ocrx_word' id='word_1_166' title='bbox 1174 2505 1442 2575; x_wconf 83' lang='lat' dir='ltr'><strong>significat</strong></span> <span class='ocrx_word' id='word_1_167' title='bbox 1466 2505 1792 2576; x_wconf 84' lang='lat' dir='ltr'><strong>imperator:</strong></span> 
     </span>
    </p>
   </div>
   <div class='ocr_carea' id='block_1_25' title="bbox 188 2595 1341 2669">
    <p class='ocr_par' dir='ltr' id='par_1_25' title="bbox 188 2595 1341 2669">
     <span class='ocr_line' id='line_1_25' title="bbox 188 2595 1341 2669; baseline 0 -17"><span class='ocrx_word' id='word_1_168' title='bbox 188 2596 273 2652; x_wconf 81' lang='lat' dir='ltr'><strong>sed</strong></span> <span class='ocrx_word' id='word_1_169' title='bbox 300 2597 437 2651; x_wconf 85' lang='lat' dir='ltr'><strong>nihil</strong></span> <span class='ocrx_word' id='word_1_170' title='bbox 474 2598 731 2652; x_wconf 84' lang='lat' dir='ltr'><strong>dubium</strong></span> <span class='ocrx_word' id='word_1_171' title='bbox 768 2598 839 2651; x_wconf 88' lang='lat' dir='ltr'><strong>de</strong></span> <span class='ocrx_word' id='word_1_172' title='bbox 870 2595 1081 2651; x_wconf 86' lang='lat' dir='ltr'><strong>Licinio</strong></span> <span class='ocrx_word' id='word_1_173' title='bbox 1116 2598 1201 2652; x_wconf 89' lang='lat' dir='ltr'><strong>hic</strong></span> <span class='ocrx_word' id='word_1_174' title='bbox 1233 2596 1341 2669; x_wconf 87' lang='lat' dir='ltr'><strong>agi.</strong></span> 
     </span>
    </p>
   </div>
   <div class='ocr_carea' id='block_1_26' title="bbox 250 2686 1795 2757">
    <p class='ocr_par' dir='ltr' id='par_1_26' title="bbox 250 2686 1795 2757">
     <span class='ocr_line' id='line_1_26' title="bbox 250 2686 1795 2757; baseline 0.002 -17"><span class='ocrx_word' id='word_1_175' title='bbox 250 2686 344 2740; x_wconf 75' lang='lat' dir='ltr'><strong>2t.</strong></span> <span class='ocrx_word' id='word_1_176' title='bbox 372 2687 530 2741; x_wconf 77' lang='lat' dir='ltr'><strong>Mitto</strong></span> <span class='ocrx_word' id='word_1_177' title='bbox 559 2698 782 2743; x_wconf 63' lang='lat' dir='ltr'><strong>extera</strong></span> <span class='ocrx_word' id='word_1_178' title='bbox 810 2702 935 2757; x_wconf 69' lang='lat' dir='ltr'><strong>quae</strong></span> <span class='ocrx_word' id='word_1_179' title='bbox 966 2689 1033 2742; x_wconf 91' lang='lat' dir='ltr'><strong>de</strong></span> <span class='ocrx_word' id='word_1_180' title='bbox 1076 2702 1263 2743; x_wconf 91' lang='lat' dir='ltr'><strong>eorum</strong></span> <span class='ocrx_word' id='word_1_181' title='bbox 1297 2688 1491 2745; x_wconf 78' lang='lat' dir='ltr'><strong>exsilio</strong></span> <span class='ocrx_word' id='word_1_182' title='bbox 1525 2688 1795 2754; x_wconf 86' lang='lat' dir='ltr'><strong>feruntur,</strong></span> 
     </span>
    </p>
   </div>
   <div class='ocr_carea' id='block_1_27' title="bbox 190 2780 1796 2850">
    <p class='ocr_par' dir='ltr' id='par_1_27' title="bbox 190 2780 1796 2850">
     <span class='ocr_line' id='line_1_27' title="bbox 190 2780 1796 2850; baseline 0.002 -19"><span class='ocrx_word' id='word_1_183' title='bbox 190 2782 325 2848; x_wconf 70' lang='lat' dir='ltr'><strong>quod</strong></span> <span class='ocrx_word' id='word_1_184' title='bbox 355 2782 440 2835; x_wconf 83' lang='lat' dir='ltr'><strong>vel</strong></span> <span class='ocrx_word' id='word_1_185' title='bbox 480 2796 697 2848; x_wconf 85' lang='lat' dir='ltr'><strong>magna</strong></span> <span class='ocrx_word' id='word_1_186' title='bbox 739 2780 1079 2847; x_wconf 82' lang='lat' dir='ltr'><strong>suspicione,</strong></span> <span class='ocrx_word' id='word_1_187' title='bbox 1109 2780 1192 2833; x_wconf 87' lang='lat' dir='ltr'><strong>vel</strong></span> <span class='ocrx_word' id='word_1_188' title='bbox 1224 2791 1408 2850; x_wconf 87' lang='lat' dir='ltr'><strong>aperte</strong></span> <span class='ocrx_word' id='word_1_189' title='bbox 1451 2781 1690 2837; x_wconf 80' lang='lat' dir='ltr'><strong>falsitate</strong></span> <span class='ocrx_word' id='word_1_190' title='bbox 1717 2783 1796 2836; x_wconf 86' lang='lat' dir='ltr'><strong>la-</strong></span> 
     </span>
    </p>
   </div>
   <div class='ocr_carea' id='block_1_28' title="bbox 188 2873 1797 2940">
    <p class='ocr_par' dir='ltr' id='par_1_28' title="bbox 188 2873 1797 2940">
     <span class='ocr_line' id='line_1_28' title="bbox 188 2873 1797 2940; baseline 0.002 -15"><span class='ocrx_word' id='word_1_191' title='bbox 188 2874 401 2927; x_wconf 75' lang='lat' dir='ltr'><strong>imrent.</strong></span> <span class='ocrx_word' id='word_1_192' title='bbox 431 2873 778 2940; x_wconf 78' lang='lat' dir='ltr'><strong>Cuiusmodi</strong></span> <span class='ocrx_word' id='word_1_193' title='bbox 822 2883 911 2927; x_wconf 84' lang='lat' dir='ltr'><strong>est</strong></span> <span class='ocrx_word' id='word_1_194' title='bbox 959 2873 1109 2935; x_wconf 90' lang='lat' dir='ltr'><strong>illud,</strong></span> <span class='ocrx_word' id='word_1_195' title='bbox 1164 2874 1451 2928; x_wconf 81' lang='lat' dir='ltr'><strong>Eusebium</strong></span> <span class='ocrx_word' id='word_1_196' title='bbox 1506 2875 1797 2929; x_wconf 83' lang='lat' dir='ltr'><strong>sciliretet</strong></span> 
     </span>
    </p>
   </div>
   <div class='ocr_carea' id='block_1_29' title="bbox 192 2964 1797 3037">
    <p class='ocr_par' dir='ltr' id='par_1_29' title="bbox 192 2964 1797 3037">
     <span class='ocr_line' id='line_1_29' title="bbox 192 2964 1797 3037; baseline 0.003 -19"><span class='ocrx_word' id='word_1_197' title='bbox 192 2964 559 3037; x_wconf 83' lang='lat' dir='ltr'><strong>Theognium,</strong></span> <span class='ocrx_word' id='word_1_198' title='bbox 598 2975 905 3035; x_wconf 81' lang='lat' dir='ltr'><strong>postquam</strong></span> <span class='ocrx_word' id='word_1_199' title='bbox 950 2966 1178 3021; x_wconf 73' lang='lat' dir='ltr'><strong>Niczenzn</strong></span> <span class='ocrx_word' id='word_1_200' title='bbox 1222 2968 1432 3037; x_wconf 85' lang='lat' dir='ltr'><strong>synodo</strong></span> <span class='ocrx_word' id='word_1_201' title='bbox 1460 2970 1797 3037; x_wconf 80' lang='lat' dir='ltr'><strong>subscripse-</strong></span> 
     </span>
    </p>
   </div>
   <div class='ocr_carea' id='block_1_30' title="bbox 192 3059 1796 3123">
    <p class='ocr_par' dir='ltr' id='par_1_30' title="bbox 192 3059 1796 3123">
     <span class='ocr_line' id='line_1_30' title="bbox 192 3059 1796 3123; baseline 0.002 -10"><span class='ocrx_word' id='word_1_202' title='bbox 192 3070 333 3123; x_wconf 74' lang='lat' dir='ltr'><strong>rant,</strong></span> <span class='ocrx_word' id='word_1_203' title='bbox 390 3061 713 3115; x_wconf 87' lang='lat' dir='ltr'><strong>subornato</strong></span> <span class='ocrx_word' id='word_1_204' title='bbox 764 3059 967 3112; x_wconf 83' lang='lat' dir='ltr'><strong>exinde</strong></span> <span class='ocrx_word' id='word_1_205' title='bbox 1022 3060 1232 3113; x_wconf 90' lang='lat' dir='ltr'><strong>notario</strong></span> <span class='ocrx_word' id='word_1_206' title='bbox 1274 3062 1489 3114; x_wconf 89' lang='lat' dir='ltr'><strong>nomina</strong></span> <span class='ocrx_word' id='word_1_207' title='bbox 1525 3062 1796 3117; x_wconf 85' lang='lat' dir='ltr'><strong>abrasisse</strong></span> 
     </span>
    </p>
   </div>
   <div class='ocr_carea' id='block_1_31' title="bbox 190 3151 1796 3225">
    <p class='ocr_par' dir='ltr' id='par_1_31' title="bbox 190 3151 1796 3225">
     <span class='ocr_line' id='line_1_31' title="bbox 190 3151 1796 3225; baseline 0.003 -20"><span class='ocrx_word' id='word_1_208' title='bbox 190 3169 309 3215; x_wconf 81' lang='lat' dir='ltr'><strong>sua,</strong></span> <span class='ocrx_word' id='word_1_209' title='bbox 353 3169 417 3208; x_wconf 81' lang='lat' dir='ltr'><strong>ac</strong></span> <span class='ocrx_word' id='word_1_210' title='bbox 454 3154 669 3207; x_wconf 85' lang='lat' dir='ltr'><strong>deinde</strong></span> <span class='ocrx_word' id='word_1_211' title='bbox 736 3161 998 3207; x_wconf 88' lang='lat' dir='ltr'><strong>strenuos</strong></span> <span class='ocrx_word' id='word_1_212' title='bbox 1035 3151 1124 3205; x_wconf 83' lang='grc' dir='ltr'><strong>τοῦ</strong></span> <span class='ocrx_word' id='word_1_213' title='bbox 1156 3152 1493 3225; x_wconf 77' lang='grc' dir='ltr'><strong>ἐτεροουσὶου</strong></span> <span class='ocrx_word' id='word_1_214' title='bbox 1522 3170 1796 3222; x_wconf 69' lang='lat' dir='ltr'><strong>prmcones</strong></span> 
     </span>
    </p>
   </div>
   <div class='ocr_carea' id='block_1_32' title="bbox 190 3245 1864 3319">
    <p class='ocr_par' dir='ltr' id='par_1_32' title="bbox 190 3245 1864 3319">
     <span class='ocr_line' id='line_1_32' title="bbox 190 3245 1864 3319; baseline 0.002 -20"><span class='ocrx_word' id='word_1_215' title='bbox 190 3245 361 3302; x_wconf 78' lang='lat' dir='ltr'><strong>fuisse</strong></span> <span class='ocrx_word' id='word_1_216' title='bbox 387 3249 487 3318; x_wconf 87' lang='lat' dir='ltr'><strong>(b).</strong></span> <span class='ocrx_word' id='word_1_217' title='bbox 507 3249 636 3314; x_wconf 88' lang='lat' dir='ltr'><strong>Qua</strong></span> <span class='ocrx_word' id='word_1_218' title='bbox 664 3246 738 3301; x_wconf 92' lang='lat' dir='ltr'><strong>de</strong></span> <span class='ocrx_word' id='word_1_219' title='bbox 763 3259 932 3300; x_wconf 89' lang='lat' dir='ltr'><strong>causa</strong></span> <span class='ocrx_word' id='word_1_220' title='bbox 958 3245 1283 3315; x_wconf 88' lang='lat' dir='ltr'><strong>imperatore</strong></span> <span class='ocrx_word' id='word_1_221' title='bbox 1312 3245 1644 3317; x_wconf 86' lang='lat' dir='ltr'><strong>Theognium</strong></span> <span class='ocrx_word' id='word_1_222' title='bbox 1674 3264 1793 3302; x_wconf 91' lang='lat' dir='ltr'><strong>cum</strong></span> <span class='ocrx_word' id='word_1_223' title='bbox 1823 3260 1864 3319; x_wconf 73' lang='grc' dir='ltr'>ο</span> 
     </span>
    </p>
   </div>
   <div class='ocr_carea' id='block_1_33' title="bbox 191 3337 1795 3407">
    <p class='ocr_par' dir='ltr' id='par_1_33' title="bbox 191 3337 1795 3407">
     <span class='ocr_line' id='line_1_33' title="bbox 191 3337 1795 3407; baseline 0 -16"><span class='ocrx_word' id='word_1_224' title='bbox 191 3338 429 3395; x_wconf 82' lang='lat' dir='ltr'><strong>Eusebio</strong></span> <span class='ocrx_word' id='word_1_225' title='bbox 469 3339 902 3407; x_wconf 74' lang='lat' dir='ltr'><strong>expostulante,</strong></span> <span class='ocrx_word' id='word_1_226' title='bbox 930 3337 1270 3406; x_wconf 87' lang='lat' dir='ltr'><strong>respondisse</strong></span> <span class='ocrx_word' id='word_1_227' title='bbox 1310 3338 1666 3393; x_wconf 89' lang='lat' dir='ltr'><strong>audacissime</strong></span> <span class='ocrx_word' id='word_1_228' title='bbox 1691 3339 1795 3392; x_wconf 80' lang='lat' dir='ltr'><strong>Eu-</strong></span> 
     </span>
    </p>
   </div>
   <div class='ocr_carea' id='block_1_34' title="bbox 190 3429 1798 3500">
    <p class='ocr_par' dir='ltr' id='par_1_34' title="bbox 190 3429 1798 3500">
     <span class='ocr_line' id='line_1_34' title="bbox 190 3429 1798 3500; baseline 0 -15"><span class='ocrx_word' id='word_1_229' title='bbox 190 3433 438 3499; x_wconf 87' lang='lat' dir='ltr'><strong>sebium,</strong></span> <span class='ocrx_word' id='word_1_230' title='bbox 490 3442 728 3487; x_wconf 87' lang='lat' dir='ltr'><strong>ostensa</strong></span> <span class='ocrx_word' id='word_1_231' title='bbox 764 3446 872 3500; x_wconf 89' lang='lat' dir='ltr'><strong>qua</strong></span> <span class='ocrx_word' id='word_1_232' title='bbox 908 3429 1230 3483; x_wconf 85' lang='lat' dir='ltr'><strong>induebatur</strong></span> <span class='ocrx_word' id='word_1_233' title='bbox 1282 3440 1428 3485; x_wconf 91' lang='lat' dir='ltr'><strong>veste</strong></span> <span class='ocrx_word' id='word_1_234' title='bbox 1467 3445 1481 3483; x_wconf 90' lang='lat'><strong>:</strong></span> <span class='ocrx_word' id='word_1_235' title='bbox 1527 3449 1544 3482; x_wconf 83' lang='grc'><strong><em>‹</em></strong></span> <span class='ocrx_word' id='word_1_236' title='bbox 1583 3430 1641 3485; x_wconf 90' lang='lat' dir='ltr'><strong>Si</strong></span> <span class='ocrx_word' id='word_1_237' title='bbox 1684 3432 1798 3485; x_wconf 71' lang='lat' dir='ltr'><strong>haec</strong></span> 
     </span>
    </p>
   </div>
   <div class='ocr_carea' id='block_1_35' title="bbox 193 3520 1799 3593">
    <p class='ocr_par' dir='ltr' id='par_1_35' title="bbox 193 3520 1799 3593">
     <span class='ocr_line' id='line_1_35' title="bbox 193 3520 1799 3593; baseline 0.002 -19"><span class='ocrx_word' id='word_1_238' title='bbox 193 3524 373 3577; x_wconf 80' lang='lat' dir='ltr'><strong>vestis</strong></span> <span class='ocrx_word' id='word_1_239' title='bbox 408 3524 775 3593; x_wconf 85' lang='lat' dir='ltr'><strong>inspectante</strong></span> <span class='ocrx_word' id='word_1_240' title='bbox 810 3535 899 3575; x_wconf 91' lang='lat' dir='ltr'><strong>me</strong></span> <span class='ocrx_word' id='word_1_241' title='bbox 942 3520 1110 3575; x_wconf 87' lang='lat' dir='ltr'><strong>divisa</strong></span> <span class='ocrx_word' id='word_1_242' title='bbox 1142 3529 1305 3583; x_wconf 80' lang='lat' dir='ltr'><strong>esset,</strong></span> <span class='ocrx_word' id='word_1_243' title='bbox 1350 3537 1623 3590; x_wconf 82' lang='lat' dir='ltr'><strong>nunquam</strong></span> <span class='ocrx_word' id='word_1_244' title='bbox 1659 3522 1799 3577; x_wconf 86' lang='lat' dir='ltr'><strong>dice-</strong></span> 
     </span>
    </p>
   </div>
   <div class='ocr_carea' id='block_1_36' title="bbox 194 3608 1790 3680">
    <p class='ocr_par' dir='ltr' id='par_1_36' title="bbox 194 3608 1790 3680">
     <span class='ocr_line' id='line_1_36' title="bbox 194 3608 1790 3680; baseline 0.002 -18"><span class='ocrx_word' id='word_1_245' title='bbox 194 3628 305 3663; x_wconf 81' lang='lat' dir='ltr'><strong>rem</strong></span> <span class='ocrx_word' id='word_1_246' title='bbox 338 3623 647 3680; x_wconf 89' lang='lat' dir='ltr'><strong>utramque</strong></span> <span class='ocrx_word' id='word_1_247' title='bbox 692 3620 909 3680; x_wconf 88' lang='lat' dir='ltr'><strong>partem</strong></span> <span class='ocrx_word' id='word_1_248' title='bbox 950 3608 1187 3677; x_wconf 82' lang='lat' dir='ltr'><strong>ejusdem</strong></span> <span class='ocrx_word' id='word_1_249' title='bbox 1236 3625 1361 3666; x_wconf 86' lang='lat' dir='ltr'><strong>esse</strong></span> <span class='ocrx_word' id='word_1_250' title='bbox 1400 3611 1738 3669; x_wconf 65' lang='lat' dir='ltr'><strong>substantiae.</strong></span> <span class='ocrx_word' id='word_1_251' title='bbox 1773 3633 1790 3665; x_wconf 70' lang='grc' dir='ltr'><strong><em>ι</em></strong></span> 
     </span>
    </p>
   </div>
   <div class='ocr_carea' id='block_1_37' title="bbox 189 3704 1798 3771">
    <p class='ocr_par' dir='ltr' id='par_1_37' title="bbox 189 3704 1798 3771">
     <span class='ocr_line' id='line_1_37' title="bbox 189 3704 1798 3771; baseline 0.002 -12"><span class='ocrx_word' id='word_1_252' title='bbox 189 3707 321 3771; x_wconf 60' lang='grc' dir='ltr'><strong>ουκ</strong></span> <span class='ocrx_word' id='word_1_253' title='bbox 354 3722 528 3762; x_wconf 83' lang='lat' dir='ltr'><strong>causa</strong></span> <span class='ocrx_word' id='word_1_254' title='bbox 559 3708 778 3761; x_wconf 87' lang='lat' dir='ltr'><strong>irarum</strong></span> <span class='ocrx_word' id='word_1_255' title='bbox 807 3715 864 3759; x_wconf 90' lang='lat' dir='ltr'><strong>et</strong></span> <span class='ocrx_word' id='word_1_256' title='bbox 897 3704 1117 3758; x_wconf 89' lang='lat' dir='ltr'><strong>ultionis</strong></span> <span class='ocrx_word' id='word_1_257' title='bbox 1159 3705 1345 3758; x_wconf 91' lang='lat' dir='ltr'><strong>fuerit.</strong></span> <span class='ocrx_word' id='word_1_258' title='bbox 1382 3704 1580 3759; x_wconf 77' lang='lat' dir='ltr'><strong>Verum</strong></span> <span class='ocrx_word' id='word_1_259' title='bbox 1612 3708 1798 3762; x_wconf 75' lang='lat' dir='ltr'><strong>istltzec</strong></span> 
     </span>
    </p>
   </div>
   <div class='ocr_carea' id='block_1_38' title="bbox 190 3794 1794 3865">
    <p class='ocr_par' dir='ltr' id='par_1_38' title="bbox 190 3794 1794 3865">
     <span class='ocr_line' id='line_1_38' title="bbox 190 3794 1794 3865; baseline 0 -17"><span class='ocrx_word' id='word_1_260' title='bbox 190 3808 574 3852; x_wconf 77' lang='lat' dir='ltr'><strong>commentum</strong></span> <span class='ocrx_word' id='word_1_261' title='bbox 617 3812 746 3851; x_wconf 89' lang='lat' dir='ltr'><strong>esse</strong></span> <span class='ocrx_word' id='word_1_262' title='bbox 782 3796 901 3865; x_wconf 88' lang='lat' dir='ltr'><strong>ipse</strong></span> <span class='ocrx_word' id='word_1_263' title='bbox 929 3794 1021 3864; x_wconf 87' lang='lat' dir='ltr'><strong>qui</strong></span> <span class='ocrx_word' id='word_1_264' title='bbox 1054 3805 1271 3848; x_wconf 83' lang='lat' dir='ltr'><strong>enarrat</strong></span> <span class='ocrx_word' id='word_1_265' title='bbox 1322 3794 1655 3851; x_wconf 87' lang='lat' dir='ltr'><strong>Sozomenus</strong></span> <span class='ocrx_word' id='word_1_266' title='bbox 1699 3798 1794 3849; x_wconf 89' lang='lat' dir='ltr'><strong>ait.</strong></span> 
     </span>
    </p>
   </div>
   <div class='ocr_carea' id='block_1_39' title="bbox 193 3887 1800 3959">
    <p class='ocr_par' dir='ltr' id='par_1_39' title="bbox 193 3887 1800 3959">
     <span class='ocr_line' id='line_1_39' title="bbox 193 3887 1800 3959; baseline 0.002 -18"><span class='ocrx_word' id='word_1_267' title='bbox 193 3887 438 3959; x_wconf 76' lang='lat' dir='ltr'><strong>Longius</strong></span> <span class='ocrx_word' id='word_1_268' title='bbox 490 3905 525 3945; x_wconf 85' lang='lat' dir='ltr'><strong>a</strong></span> <span class='ocrx_word' id='word_1_269' title='bbox 570 3888 947 3944; x_wconf 87' lang='lat' dir='ltr'><strong>similitudine</strong></span> <span class='ocrx_word' id='word_1_270' title='bbox 999 3889 1112 3942; x_wconf 87' lang='lat' dir='ltr'><strong>veri</strong></span> <span class='ocrx_word' id='word_1_271' title='bbox 1161 3889 1388 3953; x_wconf 71' lang='lat' dir='ltr'><strong>absunt,</strong></span> <span class='ocrx_word' id='word_1_272' title='bbox 1444 3906 1562 3958; x_wconf 65' lang='lat' dir='ltr'><strong>quae</strong></span> <span class='ocrx_word' id='word_1_273' title='bbox 1616 3903 1800 3945; x_wconf 78' lang='lat' dir='ltr'><strong>narrat</strong></span> 
     </span>
    </p>
   </div>
   <div class='ocr_carea' id='block_1_40' title="bbox 198 3975 1800 4056">
    <p class='ocr_par' dir='ltr' id='par_1_40' title="bbox 198 3975 1800 4056">
     <span class='ocr_line' id='line_1_40' title="bbox 198 3975 1800 4056; baseline 0.002 -24"><span class='ocrx_word' id='word_1_274' title='bbox 198 3979 648 4052; x_wconf 82' lang='lat' dir='ltr'><strong>Philostorgius,</strong></span> <span class='ocrx_word' id='word_1_275' title='bbox 703 3981 735 4033; x_wconf 84' lang='grc' dir='ltr'><strong>ὁ</strong></span> <span class='ocrx_word' id='word_1_276' title='bbox 781 3979 1109 4051; x_wconf 70' lang='grc' dir='ltr'><strong>φιλοψευδὴς</strong></span> <span class='ocrx_word' id='word_1_277' title='bbox 1158 3975 1312 4045; x_wconf 76' lang='grc' dir='ltr'>οὗτος</span> <span class='ocrx_word' id='word_1_278' title='bbox 1366 3983 1458 4035; x_wconf 76' lang='grc' dir='ltr'><strong>καὶ</strong></span> <span class='ocrx_word' id='word_1_279' title='bbox 1505 3984 1800 4056; x_wconf 82' lang='grc' dir='ltr'>κακοστόρ-</span> 
     </span>
    </p>
   </div>
   <div class='ocr_carea' id='block_1_41' title="bbox 198 4071 1797 4141">
    <p class='ocr_par' dir='ltr' id='par_1_41' title="bbox 198 4071 1797 4141">
     <span class='ocr_line' id='line_1_41' title="bbox 198 4071 1797 4141; baseline 0.003 -19"><span class='ocrx_word' id='word_1_280' title='bbox 198 4089 345 4138; x_wconf 50' lang='grc' dir='ltr'><strong>τις,</strong></span> <span class='ocrx_word' id='word_1_281' title='bbox 394 4073 700 4127; x_wconf 78' lang='lat' dir='ltr'><strong>Eusebium</strong></span> <span class='ocrx_word' id='word_1_282' title='bbox 736 4086 957 4140; x_wconf 87' lang='lat' dir='ltr'><strong>nempe.</strong></span> <span class='ocrx_word' id='word_1_283' title='bbox 998 4071 1331 4141; x_wconf 88' lang='lat' dir='ltr'><strong>Theognium</strong></span> <span class='ocrx_word' id='word_1_284' title='bbox 1366 4082 1417 4125; x_wconf 86' lang='lat' dir='ltr'><strong>et</strong></span> <span class='ocrx_word' id='word_1_285' title='bbox 1457 4072 1646 4138; x_wconf 80' lang='lat' dir='ltr'><strong>Marin,</strong></span> <span class='ocrx_word' id='word_1_286' title='bbox 1688 4075 1797 4127; x_wconf 80' lang='lat' dir='ltr'><strong>dati</strong></span> 
     </span>
    </p>
   </div>
   <div class='ocr_carea' id='block_1_42' title="bbox 202 4163 1800 4234">
    <p class='ocr_par' dir='ltr' id='par_1_42' title="bbox 202 4163 1800 4234">
     <span class='ocr_line' id='line_1_42' title="bbox 202 4163 1800 4234; baseline 0.003 -19"><span class='ocrx_word' id='word_1_287' title='bbox 202 4164 443 4234; x_wconf 68' lang='lat' dir='ltr'><strong>suffragii</strong></span> <span class='ocrx_word' id='word_1_288' title='bbox 477 4163 849 4234; x_wconf 71' lang='lat' dir='ltr'><strong>pmnitentes,</strong></span> <span class='ocrx_word' id='word_1_289' title='bbox 901 4163 1286 4232; x_wconf 89' lang='lat' dir='ltr'><strong>imperatorem</strong></span> <span class='ocrx_word' id='word_1_290' title='bbox 1337 4164 1555 4226; x_wconf 86' lang='lat' dir='ltr'><strong>adiisse,</strong></span> <span class='ocrx_word' id='word_1_291' title='bbox 1606 4164 1800 4234; x_wconf 82' lang='lat' dir='ltr'><strong>hisque</strong></span> 
     </span>
    </p>
   </div>
   <div class='ocr_carea' id='block_1_43' title="bbox 204 4254 1799 4326">
    <p class='ocr_par' dir='ltr' id='par_1_43' title="bbox 204 4254 1799 4326">
     <span class='ocr_line' id='line_1_43' title="bbox 204 4254 1799 4326; baseline 0.003 -20"><span class='ocrx_word' id='word_1_292' title='bbox 204 4258 568 4326; x_wconf 77' lang='lat' dir='ltr'><strong>coznpellasse</strong></span> <span class='ocrx_word' id='word_1_293' title='bbox 592 4256 767 4311; x_wconf 91' lang='lat' dir='ltr'><strong>dictis</strong></span> <span class='ocrx_word' id='word_1_294' title='bbox 809 4278 821 4309; x_wconf 85' lang='lat'>;</span> <span class='ocrx_word' id='word_1_295' title='bbox 871 4273 891 4306; x_wconf 71' lang='grc' dir='ltr'><strong><em>ι</em></strong></span> <span class='ocrx_word' id='word_1_296' title='bbox 939 4254 1131 4323; x_wconf 90' lang='lat' dir='ltr'><strong>Iniqui,</strong></span> <span class='ocrx_word' id='word_1_297' title='bbox 1170 4255 1483 4323; x_wconf 89' lang='lat' dir='ltr'><strong>imperator,</strong></span> <span class='ocrx_word' id='word_1_298' title='bbox 1520 4270 1580 4310; x_wconf 90' lang='lat' dir='ltr'><strong>ea</strong></span> <span class='ocrx_word' id='word_1_299' title='bbox 1636 4256 1686 4309; x_wconf 88' lang='lat' dir='ltr'><strong>in</strong></span> <span class='ocrx_word' id='word_1_300' title='bbox 1740 4272 1799 4310; x_wconf 93' lang='lat' dir='ltr'><strong>re</strong></span> 
     </span>
    </p>
   </div>
   <div class='ocr_carea' id='block_1_44' title="bbox 210 4345 1797 4419">
    <p class='ocr_par' dir='ltr' id='par_1_44' title="bbox 210 4345 1797 4419">
     <span class='ocr_line' id='line_1_44' title="bbox 210 4345 1797 4419; baseline 0.004 -20"><span class='ocrx_word' id='word_1_301' title='bbox 210 4345 431 4415; x_wconf 76' lang='lat' dir='ltr'><strong>inimus,</strong></span> <span class='ocrx_word' id='word_1_302' title='bbox 481 4351 634 4419; x_wconf 89' lang='lat' dir='ltr'><strong>quod</strong></span> <span class='ocrx_word' id='word_1_303' title='bbox 689 4350 770 4402; x_wconf 90' lang='lat' dir='ltr'><strong>tui</strong></span> <span class='ocrx_word' id='word_1_304' title='bbox 813 4358 962 4401; x_wconf 91' lang='lat' dir='ltr'><strong>metu</strong></span> <span class='ocrx_word' id='word_1_305' title='bbox 1012 4348 1260 4416; x_wconf 90' lang='lat' dir='ltr'><strong>perculsi,</strong></span> <span class='ocrx_word' id='word_1_306' title='bbox 1300 4350 1558 4417; x_wconf 90' lang='lat' dir='ltr'><strong>impietati</strong></span> <span class='ocrx_word' id='word_1_307' title='bbox 1604 4366 1797 4406; x_wconf 88' lang='lat' dir='ltr'><strong>nomen</strong></span> 
     </span>
    </p>
   </div>
   <div class='ocr_carea' id='block_1_45' title="bbox 210 4439 1799 4511">
    <p class='ocr_par' dir='ltr' id='par_1_45' title="bbox 210 4439 1799 4511">
     <span class='ocr_line' id='line_1_45' title="bbox 210 4439 1799 4511; baseline 0.002 -17"><span class='ocrx_word' id='word_1_308' title='bbox 210 4442 654 4511; x_wconf 73' lang='lat' dir='ltr'><strong>ascripserimus.</strong></span> <span class='ocrx_word' id='word_1_309' title='bbox 702 4460 719 4491; x_wconf 80' lang='grc' dir='ltr'><strong><em>ι</em></strong></span> <span class='ocrx_word' id='word_1_310' title='bbox 756 4440 876 4507; x_wconf 90' lang='lat' dir='ltr'><strong>Quo</strong></span> <span class='ocrx_word' id='word_1_311' title='bbox 913 4439 1112 4493; x_wconf 90' lang='lat' dir='ltr'><strong>factum</strong></span> <span class='ocrx_word' id='word_1_312' title='bbox 1142 4452 1197 4494; x_wconf 90' lang='lat' dir='ltr'><strong>ut</strong></span> <span class='ocrx_word' id='word_1_313' title='bbox 1224 4441 1520 4509; x_wconf 87' lang='lat' dir='ltr'><strong>imperator</strong></span> <span class='ocrx_word' id='word_1_314' title='bbox 1558 4444 1637 4497; x_wconf 91' lang='lat' dir='ltr'><strong>ira</strong></span> <span class='ocrx_word' id='word_1_315' title='bbox 1677 4458 1799 4511; x_wconf 87' lang='lat' dir='ltr'><strong>per-</strong></span> 
     </span>
    </p>
   </div>
   <div class='ocr_carea' id='block_1_46' title="bbox 214 4529 1796 4590">
    <p class='ocr_par' dir='ltr' id='par_1_46' title="bbox 214 4529 1796 4590">
     <span class='ocr_line' id='line_1_46' title="bbox 214 4529 1796 4590; baseline 0.005 -8"><span class='ocrx_word' id='word_1_316' title='bbox 214 4540 352 4585; x_wconf 79' lang='lat' dir='ltr'><strong>ctns</strong></span> <span class='ocrx_word' id='word_1_317' title='bbox 386 4532 643 4587; x_wconf 85' lang='lat' dir='ltr'><strong>homines</strong></span> <span class='ocrx_word' id='word_1_318' title='bbox 667 4531 725 4585; x_wconf 87' lang='lat' dir='ltr'><strong>in</strong></span> <span class='ocrx_word' id='word_1_319' title='bbox 753 4529 1001 4585; x_wconf 83' lang='lat' dir='ltr'><strong>Galatias</strong></span> <span class='ocrx_word' id='word_1_320' title='bbox 1027 4545 1119 4585; x_wconf 89' lang='lat' dir='ltr'><strong>seu</strong></span> <span class='ocrx_word' id='word_1_321' title='bbox 1146 4529 1351 4587; x_wconf 85' lang='lat' dir='ltr'><strong>Gallias</strong></span> <span class='ocrx_word' id='word_1_322' title='bbox 1378 4532 1631 4589; x_wconf 87' lang='lat' dir='ltr'><strong>occiduas</strong></span> <span class='ocrx_word' id='word_1_323' title='bbox 1656 4536 1796 4590; x_wconf 88' lang='lat' dir='ltr'><strong>rele-</strong></span> 
     </span>
    </p>
   </div>
   <div class='ocr_carea' id='block_1_47' title="bbox 218 4624 1798 4695">
    <p class='ocr_par' dir='ltr' id='par_1_47' title="bbox 218 4624 1798 4695">
     <span class='ocr_line' id='line_1_47' title="bbox 218 4624 1798 4695; baseline 0.006 -23"><span class='ocrx_word' id='word_1_324' title='bbox 218 4625 357 4689; x_wconf 60' lang='lat' dir='ltr'><strong>girit</strong></span> <span class='ocrx_word' id='word_1_325' title='bbox 385 4627 476 4695; x_wconf 77' lang='grc' dir='ltr'><strong>(ε),</strong></span> <span class='ocrx_word' id='word_1_326' title='bbox 510 4635 566 4678; x_wconf 89' lang='lat' dir='ltr'><strong>et</strong></span> <span class='ocrx_word' id='word_1_327' title='bbox 606 4624 851 4677; x_wconf 89' lang='lat' dir='ltr'><strong>Arianos</strong></span> <span class='ocrx_word' id='word_1_328' title='bbox 882 4637 979 4677; x_wconf 88' lang='lat' dir='ltr'><strong>sua</strong></span> <span class='ocrx_word' id='word_1_329' title='bbox 1013 4636 1280 4692; x_wconf 88' lang='lat' dir='ltr'><strong>quemque</strong></span> <span class='ocrx_word' id='word_1_330' title='bbox 1321 4627 1494 4693; x_wconf 88' lang='lat' dir='ltr'><strong>patria</strong></span> <span class='ocrx_word' id='word_1_331' title='bbox 1536 4627 1798 4682; x_wconf 83' lang='lat' dir='ltr'><strong>excedere</strong></span> 
     </span>
    </p>
   </div>
   <div class='ocr_carea' id='block_1_48' title="bbox 213 4711 1798 4785">
    <p class='ocr_par' dir='ltr' id='par_1_48' title="bbox 213 4711 1798 4785">
     <span class='ocr_line' id='line_1_48' title="bbox 213 4711 1798 4785; baseline 0.003 -19"><span class='ocrx_word' id='word_1_332' title='bbox 213 4711 451 4776; x_wconf 71' lang='lat' dir='ltr'><strong>jusserit.</strong></span> <span class='ocrx_word' id='word_1_333' title='bbox 492 4714 559 4769; x_wconf 87' lang='lat' dir='ltr'><strong>Et</strong></span> <span class='ocrx_word' id='word_1_334' title='bbox 598 4715 713 4769; x_wconf 87' lang='lat' dir='ltr'><strong>alio</strong></span> <span class='ocrx_word' id='word_1_335' title='bbox 762 4713 884 4767; x_wconf 90' lang='lat' dir='ltr'><strong>loco</strong></span> <span class='ocrx_word' id='word_1_336' title='bbox 936 4714 1327 4780; x_wconf 85' lang='lat' dir='ltr'><strong>nugacissimus</strong></span> <span class='ocrx_word' id='word_1_337' title='bbox 1383 4713 1523 4768; x_wconf 89' lang='lat' dir='ltr'><strong>idem</strong></span> <span class='ocrx_word' id='word_1_338' title='bbox 1566 4717 1798 4785; x_wconf 86' lang='lat' dir='ltr'><strong>scriptor</strong></span> 
     </span>
    </p>
   </div>
   <div class='ocr_carea' id='block_1_49' title="bbox 221 4804 1796 4877">
    <p class='ocr_par' dir='ltr' id='par_1_49' title="bbox 221 4804 1796 4877">
     <span class='ocr_line' id='line_1_49' title="bbox 221 4804 1796 4877; baseline 0.006 -22"><span class='ocrx_word' id='word_1_339' title='bbox 221 4806 312 4869; x_wconf 69' lang='lat' dir='ltr'><strong>ait,</strong></span> <span class='ocrx_word' id='word_1_340' title='bbox 339 4806 651 4863; x_wconf 85' lang='lat' dir='ltr'><strong>Secundum</strong></span> <span class='ocrx_word' id='word_1_341' title='bbox 691 4821 820 4860; x_wconf 91' lang='lat' dir='ltr'><strong>cum</strong></span> <span class='ocrx_word' id='word_1_342' title='bbox 865 4804 1033 4860; x_wconf 86' lang='lat' dir='ltr'><strong>sociis</strong></span> <span class='ocrx_word' id='word_1_343' title='bbox 1062 4806 1215 4875; x_wconf 82' lang='lat' dir='ltr'><strong>jussu</strong></span> <span class='ocrx_word' id='word_1_344' title='bbox 1262 4808 1602 4877; x_wconf 87' lang='lat' dir='ltr'><strong>imperatoris</strong></span> <span class='ocrx_word' id='word_1_345' title='bbox 1640 4826 1796 4864; x_wconf 89' lang='lat' dir='ltr'><strong>revo-</strong></span> 
     </span>
    </p>
   </div>
   <div class='ocr_carea' id='block_1_50' title="bbox 221 4896 1797 4968">
    <p class='ocr_par' dir='ltr' id='par_1_50' title="bbox 221 4896 1797 4968">
     <span class='ocr_line' id='line_1_50' title="bbox 221 4896 1797 4968; baseline 0.007 -21"><span class='ocrx_word' id='word_1_346' title='bbox 221 4908 393 4952; x_wconf 75' lang='lat' dir='ltr'><strong>catum</strong></span> <span class='ocrx_word' id='word_1_347' title='bbox 449 4901 518 4954; x_wconf 86' lang='lat' dir='ltr'><strong>ab</strong></span> <span class='ocrx_word' id='word_1_348' title='bbox 583 4898 809 4961; x_wconf 80' lang='lat' dir='ltr'><strong>exsilio,</strong></span> <span class='ocrx_word' id='word_1_349' title='bbox 873 4896 1073 4952; x_wconf 89' lang='lat' dir='ltr'><strong>litteris</strong></span> <span class='ocrx_word' id='word_1_350' title='bbox 1132 4913 1566 4968; x_wconf 86' lang='lat' dir='ltr'><strong>quaquaversum</strong></span> <span class='ocrx_word' id='word_1_351' title='bbox 1618 4904 1797 4958; x_wconf 90' lang='lat' dir='ltr'><strong>missis</strong></span> 
     </span>
    </p>
   </div>
   <div class='ocr_carea' id='block_1_51' title="bbox 225 4988 1795 5063">
    <p class='ocr_par' dir='ltr' id='par_1_51' title="bbox 225 4988 1795 5063">
     <span class='ocr_line' id='line_1_51' title="bbox 225 4988 1795 5063; baseline 0.003 -22"><span class='ocrx_word' id='word_1_352' title='bbox 225 4991 595 5061; x_wconf 66' lang='lat' dir='ltr'><strong>proscripsisse</strong></span> <span class='ocrx_word' id='word_1_353' title='bbox 625 4991 687 5043; x_wconf 79' lang='grc' dir='ltr'><strong>τὸ</strong></span> <span class='ocrx_word' id='word_1_354' title='bbox 722 4988 1035 5059; x_wconf 81' lang='grc' dir='ltr'><strong>ὀμοούσιον,</strong></span> <span class='ocrx_word' id='word_1_355' title='bbox 1064 5000 1118 5042; x_wconf 92' lang='lat' dir='ltr'><strong>et</strong></span> <span class='ocrx_word' id='word_1_356' title='bbox 1145 4988 1202 5042; x_wconf 83' lang='grc' dir='ltr'><strong>τὸ</strong></span> <span class='ocrx_word' id='word_1_357' title='bbox 1240 4990 1573 5061; x_wconf 78' lang='grc' dir='ltr'><strong>ἑτεροούσιον</strong></span> <span class='ocrx_word' id='word_1_358' title='bbox 1596 5008 1795 5063; x_wconf 88' lang='lat' dir='ltr'><strong>propu-</strong></span> 
     </span>
    </p>
   </div>
   <div class='ocr_carea' id='block_1_52' title="bbox 230 5077 1793 5153">
    <p class='ocr_par' dir='ltr' id='par_1_52' title="bbox 230 5077 1793 5153">
     <span class='ocr_line' id='line_1_52' title="bbox 230 5077 1793 5153; baseline 0.007 -27"><span class='ocrx_word' id='word_1_359' title='bbox 230 5086 405 5136; x_wconf 64' lang='lat' dir='ltr'><strong>gnasse</strong></span> <span class='ocrx_word' id='word_1_360' title='bbox 453 5097 466 5131; x_wconf 77' lang='grc' dir='ltr'>ε</span> <span class='ocrx_word' id='word_1_361' title='bbox 521 5078 731 5147; x_wconf 81' lang='lat' dir='ltr'><strong>quibus</strong></span> <span class='ocrx_word' id='word_1_362' title='bbox 790 5077 991 5130; x_wconf 89' lang='lat' dir='ltr'><strong>litteris</strong></span> <span class='ocrx_word' id='word_1_363' title='bbox 1050 5077 1412 5134; x_wconf 79' lang='lat' dir='ltr'><strong>Alexandrum</strong></span> <span class='ocrx_word' id='word_1_364' title='bbox 1476 5080 1793 5153; x_wconf 71' lang='lat' dir='ltr'><strong>suffragium</strong></span> 
     </span>
    </p>
   </div>
   <div class='ocr_carea' id='block_1_53' title="bbox 232 5165 1795 5234">
    <p class='ocr_par' dir='ltr' id='par_1_53' title="bbox 232 5165 1795 5234">
     <span class='ocr_line' id='line_1_53' title="bbox 232 5165 1795 5234; baseline 0.01 -22"><span class='ocrx_word' id='word_1_365' title='bbox 232 5165 527 5234; x_wconf 75' lang='lat' dir='ltr'><strong>ascripsisse</strong></span> <span class='ocrx_word' id='word_1_366' title='bbox 555 5170 660 5233; x_wconf 89' lang='lat' dir='ltr'><strong>ait,</strong></span> <span class='ocrx_word' id='word_1_367' title='bbox 706 5167 1018 5234; x_wconf 89' lang='lat' dir='ltr'><strong>Ariumque</strong></span> <span class='ocrx_word' id='word_1_368' title='bbox 1050 5168 1114 5221; x_wconf 89' lang='lat' dir='ltr'><strong>ad</strong></span> <span class='ocrx_word' id='word_1_369' title='bbox 1138 5170 1571 5225; x_wconf 90' lang='lat' dir='ltr'><strong>communionem</strong></span> <span class='ocrx_word' id='word_1_370' title='bbox 1616 5176 1795 5228; x_wconf 87' lang='lat' dir='ltr'><strong>admi-</strong></span> 
     </span>
    </p>
   </div>
   <div class='ocr_carea' id='block_1_54' title="bbox 234 5255 1795 5335">
    <p class='ocr_par' dir='ltr' id='par_1_54' title="bbox 234 5255 1795 5335">
     <span class='ocr_line' id='line_1_54' title="bbox 234 5255 1795 5335; baseline 0.009 -28"><span class='ocrx_word' id='word_1_371' title='bbox 234 5255 380 5325; x_wconf 71' lang='lat' dir='ltr'><strong>sisse;</strong></span> <span class='ocrx_word' id='word_1_372' title='bbox 411 5265 500 5317; x_wconf 87' lang='lat' dir='ltr'><strong>sed</strong></span> <span class='ocrx_word' id='word_1_373' title='bbox 542 5272 737 5333; x_wconf 85' lang='lat' dir='ltr'><strong>postea</strong></span> <span class='ocrx_word' id='word_1_374' title='bbox 782 5260 1176 5325; x_wconf 78' lang='lat' dir='ltr'><strong>Alexandrum,</strong></span> <span class='ocrx_word' id='word_1_375' title='bbox 1212 5279 1331 5317; x_wconf 89' lang='lat' dir='ltr'><strong>cum</strong></span> <span class='ocrx_word' id='word_1_376' title='bbox 1353 5265 1419 5319; x_wconf 92' lang='lat' dir='ltr'><strong>ab</strong></span> <span class='ocrx_word' id='word_1_377' title='bbox 1453 5264 1795 5335; x_wconf 84' lang='lat' dir='ltr'><strong>imperatoris</strong></span> 
     </span>
    </p>
   </div>
   <div class='ocr_carea' id='block_1_55' title="bbox 234 5353 1795 5423">
    <p class='ocr_par' dir='ltr' id='par_1_55' title="bbox 234 5353 1795 5423">
     <span class='ocr_line' id='line_1_55' title="bbox 234 5353 1795 5423; baseline 0.01 -29"><span class='ocrx_word' id='word_1_378' title='bbox 234 5360 357 5403; x_wconf 76' lang='lat' dir='ltr'><strong>netu</strong></span> <span class='ocrx_word' id='word_1_379' title='bbox 395 5358 718 5423; x_wconf 83' lang='lat' dir='ltr'><strong>respiraret,</strong></span> <span class='ocrx_word' id='word_1_380' title='bbox 765 5354 838 5407; x_wconf 88' lang='lat' dir='ltr'><strong>ad</strong></span> <span class='ocrx_word' id='word_1_381' title='bbox 892 5353 1122 5421; x_wconf 89' lang='lat' dir='ltr'><strong>priscam</strong></span> <span class='ocrx_word' id='word_1_382' title='bbox 1161 5355 1388 5408; x_wconf 88' lang='lat' dir='ltr'><strong>rediisse</strong></span> <span class='ocrx_word' id='word_1_383' title='bbox 1430 5367 1702 5423; x_wconf 86' lang='lat' dir='ltr'><strong>mentem;</strong></span> <span class='ocrx_word' id='word_1_384' title='bbox 1741 5367 1795 5411; x_wconf 92' lang='lat' dir='ltr'><strong>et</strong></span> 
     </span>
    </p>
   </div>
   <div class='ocr_carea' id='block_1_56' title="bbox 229 5446 1800 5503">
    <p class='ocr_par' dir='ltr' id='par_1_56' title="bbox 229 5446 1800 5503">
     <span class='ocr_line' id='line_1_56' title="bbox 229 5446 1800 5503; baseline 0.009 -16"><span class='ocrx_word' id='word_1_385' title='bbox 229 5447 336 5495; x_wconf 80' lang='lat' dir='ltr'><strong>mtc</strong></span> <span class='ocrx_word' id='word_1_386' title='bbox 366 5446 576 5501; x_wconf 87' lang='lat' dir='ltr'><strong>demum</strong></span> <span class='ocrx_word' id='word_1_387' title='bbox 616 5447 824 5503; x_wconf 88' lang='lat' dir='ltr'><strong>Arium</strong></span> <span class='ocrx_word' id='word_1_388' title='bbox 879 5458 1007 5497; x_wconf 90' lang='lat' dir='ltr'><strong>cum</strong></span> <span class='ocrx_word' id='word_1_389' title='bbox 1034 5446 1277 5499; x_wconf 89' lang='lat' dir='ltr'><strong>sectariis</strong></span> <span class='ocrx_word' id='word_1_390' title='bbox 1306 5448 1372 5499; x_wconf 91' lang='lat' dir='ltr'><strong>ab</strong></span> <span class='ocrx_word' id='word_1_391' title='bbox 1408 5448 1718 5503; x_wconf 86' lang='lat' dir='ltr'><strong>Alexandro</strong></span> <span class='ocrx_word' id='word_1_392' title='bbox 1746 5459 1800 5503; x_wconf 91' lang='lat' dir='ltr'><strong>et</strong></span> 
     </span>
    </p>
   </div>
   <div class='ocr_carea' id='block_1_57' title="bbox 273 5623 1788 5697">
    <p class='ocr_par' dir='ltr' id='par_1_57' title="bbox 273 5623 1788 5697">
     <span class='ocr_line' id='line_1_57' title="bbox 273 5623 1788 5697; baseline -0.002 -13"><span class='ocrx_word' id='word_1_393' title='bbox 273 5630 339 5697; x_wconf 63' lang='grc' dir='ltr'><em>(η</em></span> <span class='ocrx_word' id='word_1_394' title='bbox 372 5632 591 5690; x_wconf 89' lang='lat' dir='ltr'><strong>Socrat.</strong></span> <span class='ocrx_word' id='word_1_395' title='bbox 638 5630 750 5683; x_wconf 91' lang='lat' dir='ltr'><strong>lib.</strong></span> <span class='ocrx_word' id='word_1_396' title='bbox 824 5642 866 5689; x_wconf 88' lang='lat' dir='ltr'><strong>I,</strong></span> <span class='ocrx_word' id='word_1_397' title='bbox 919 5638 1039 5692; x_wconf 86' lang='lat' dir='ltr'><strong>cap.</strong></span> <span class='ocrx_word' id='word_1_398' title='bbox 1099 5623 1131 5677; x_wconf 92' lang='lat'><strong>9</strong></span> <span class='ocrx_word' id='word_1_399' title='bbox 1174 5635 1225 5678; x_wconf 94' lang='lat' dir='ltr'><strong>ct</strong></span> <span class='ocrx_word' id='word_1_400' title='bbox 1257 5626 1356 5692; x_wconf 63' lang='lat' dir='ltr'><strong>I4;</strong></span> <span class='ocrx_word' id='word_1_401' title='bbox 1386 5624 1599 5681; x_wconf 86' lang='lat' dir='ltr'><strong>Sozom.</strong></span> <span class='ocrx_word' id='word_1_402' title='bbox 1630 5627 1721 5685; x_wconf 90' lang='lat' dir='ltr'><strong>lib.</strong></span> <span class='ocrx_word' id='word_1_403' title='bbox 1751 5642 1788 5695; x_wconf 76' lang='grc' dir='ltr'><strong>ι,</strong></span> 
     </span>
    </p>
   </div>
   <div class='ocr_carea' id='block_1_58' title="bbox 206 5704 755 5839">
    <p class='ocr_par' dir='ltr' id='par_1_58' title="bbox 206 5704 755 5839">
     <span class='ocr_line' id='line_1_58' title="bbox 206 5704 425 5763; baseline -0.037 2"><span class='ocrx_word' id='word_1_404' title='bbox 206 5711 310 5763; x_wconf 64' lang='grc' dir='ltr'><strong>(πμ.</strong></span> <span class='ocrx_word' id='word_1_405' title='bbox 340 5704 425 5757; x_wconf 70' lang='grc'>21.</span> 
     </span>
     <span class='ocr_line' id='line_1_59' title="bbox 258 5771 755 5839; baseline -0.022 -6"><span class='ocrx_word' id='word_1_406' title='bbox 258 5774 323 5839; x_wconf 71' lang='grc' dir='ltr'><strong>(θ)</strong></span> <span class='ocrx_word' id='word_1_407' title='bbox 351 5774 575 5829; x_wconf 81' lang='lat' dir='ltr'><strong>Sozom.</strong></span> <span class='ocrx_word' id='word_1_408' title='bbox 611 5771 755 5825; x_wconf 87' lang='lat' dir='ltr'><strong>ibid.</strong></span> 
     </span>
    </p>
   </div>
   <div class='ocr_carea' id='block_1_59' title="bbox 253 5837 918 5912">
    <p class='ocr_par' dir='ltr' id='par_1_59' title="bbox 253 5837 918 5912">
     <span class='ocr_line' id='line_1_60' title="bbox 253 5837 918 5912; baseline -0.03 -6"><span class='ocrx_word' id='word_1_409' title='bbox 253 5837 315 5912; x_wconf 67' lang='lat' dir='ltr'><strong>lci</strong></span> <span class='ocrx_word' id='word_1_410' title='bbox 348 5845 699 5912; x_wconf 78' lang='lat' dir='ltr'><strong>Philnstorg.</strong></span> <span class='ocrx_word' id='word_1_411' title='bbox 741 5837 846 5892; x_wconf 90' lang='lat' dir='ltr'><strong>lib.</strong></span> <span class='ocrx_word' id='word_1_412' title='bbox 878 5851 918 5888; x_wconf 85' lang='lat' dir='ltr'><strong>I.</strong></span> 
     </span>
    </p>
   </div>
   <div class='ocr_carea' id='block_1_60' title="bbox 249 5905 1107 5984">
    <p class='ocr_par' dir='ltr' id='par_1_60' title="bbox 249 5905 1107 5984">
     <span class='ocr_line' id='line_1_61' title="bbox 249 5905 1107 5984; baseline -0.028 -3"><span class='ocrx_word' id='word_1_413' title='bbox 249 5910 316 5984; x_wconf 66' lang='lat' dir='ltr'><strong>(di</strong></span> <span class='ocrx_word' id='word_1_414' title='bbox 341 5915 572 5977; x_wconf 82' lang='lat' dir='ltr'><strong>Sozam.</strong></span> <span class='ocrx_word' id='word_1_415' title='bbox 610 5905 713 5969; x_wconf 72' lang='lat' dir='ltr'><strong>tib.</strong></span> <span class='ocrx_word' id='word_1_416' title='bbox 752 5924 826 5973; x_wconf 74' lang='grc' dir='ltr'><strong>ιν,</strong></span> <span class='ocrx_word' id='word_1_417' title='bbox 864 5919 987 5975; x_wconf 84' lang='lat' dir='ltr'><strong>cap.</strong></span> <span class='ocrx_word' id='word_1_418' title='bbox 1026 5905 1107 5957; x_wconf 82' lang='lat' dir='ltr'><strong>t7.</strong></span> 
     </span>
    </p>
   </div>
   <div class='ocr_carea' id='block_1_61' title="bbox 1903 668 2414 722">
    <p class='ocr_par' dir='ltr' id='par_1_61' title="bbox 1903 668 2414 722">
     <span class='ocr_line' id='line_1_62' title="bbox 1903 668 2414 722; baseline 0.004 -2"><span class='ocrx_word' id='word_1_419' title='bbox 1903 682 2000 720; x_wconf 85' lang='lat' dir='ltr'><strong>ore</strong></span> <span class='ocrx_word' id='word_1_420' title='bbox 2033 668 2287 721; x_wconf 89' lang='lat' dir='ltr'><strong>mentitus</strong></span> <span class='ocrx_word' id='word_1_421' title='bbox 2310 677 2414 722; x_wconf 84' lang='lat' dir='ltr'><strong>est.</strong></span> 
     </span>
    </p>
   </div>
   <div class='ocr_carea' id='block_1_62' title="bbox 1974 756 3464 820">
    <p class='ocr_par' dir='ltr' id='par_1_62' title="bbox 1974 756 3464 820">
     <span class='ocr_line' id='line_1_63' title="bbox 1974 756 3464 820; baseline 0.009 -13"><span class='ocrx_word' id='word_1_422' title='bbox 1974 756 2119 809; x_wconf 72' lang='lat' dir='ltr'><strong>ANNO</strong></span> <span class='ocrx_word' id='word_1_423' title='bbox 2157 756 2281 811; x_wconf 70' lang='lat'><strong>326.</strong></span> <span class='ocrx_word' id='word_1_424' title='bbox 2305 786 2374 797; x_wconf 79' lang='lat'><strong>~—</strong></span> <span class='ocrx_word' id='word_1_425' title='bbox 2401 758 2450 811; x_wconf 80' lang='grc'>1.</span> <span class='ocrx_word' id='word_1_426' title='bbox 2496 760 2778 813; x_wconf 77' lang='lat' dir='ltr'><strong>Alexandri</strong></span> <span class='ocrx_word' id='word_1_427' title='bbox 2812 760 3153 817; x_wconf 73' lang='lat' dir='ltr'><strong>Alexandrini</strong></span> <span class='ocrx_word' id='word_1_428' title='bbox 3181 766 3365 820; x_wconf 77' lang='lat' dir='ltr'><strong>obitus.</strong></span> <span class='ocrx_word' id='word_1_429' title='bbox 3394 794 3464 807; x_wconf 84' lang='lat'><strong>--</strong></span> 
     </span>
    </p>
   </div>
   <div class='ocr_carea' id='block_1_63' title="bbox 1901 843 3462 920">
    <p class='ocr_par' dir='ltr' id='par_1_63' title="bbox 1901 843 3462 920">
     <span class='ocr_line' id='line_1_64' title="bbox 1901 843 3462 920; baseline 0.009 -23"><span class='ocrx_word' id='word_1_430' title='bbox 1901 843 2047 898; x_wconf 90' lang='lat' dir='ltr'><strong>lnter</strong></span> <span class='ocrx_word' id='word_1_431' title='bbox 2072 846 2184 899; x_wconf 66' lang='lat' dir='ltr'><strong>haec</strong></span> <span class='ocrx_word' id='word_1_432' title='bbox 2209 848 2529 913; x_wconf 81' lang='lat' dir='ltr'><strong>Alexander,</strong></span> <span class='ocrx_word' id='word_1_433' title='bbox 2556 859 2713 903; x_wconf 66' lang='lat' dir='ltr'><strong>aetate</strong></span> <span class='ocrx_word' id='word_1_434' title='bbox 2735 866 2795 905; x_wconf 91' lang='lat' dir='ltr'><strong>ac</strong></span> <span class='ocrx_word' id='word_1_435' title='bbox 2818 852 2965 905; x_wconf 89' lang='lat' dir='ltr'><strong>senio</strong></span> <span class='ocrx_word' id='word_1_436' title='bbox 2994 853 3292 920; x_wconf 77' lang='lat' dir='ltr'><strong>confectus,</strong></span> <span class='ocrx_word' id='word_1_437' title='bbox 3320 857 3462 911; x_wconf 88' lang='lat' dir='ltr'><strong>diem</strong></span> 
     </span>
    </p>
   </div>
   <div class='ocr_carea' id='block_1_64' title="bbox 1903 938 3465 1007">
    <p class='ocr_par' dir='ltr' id='par_1_64' title="bbox 1903 938 3465 1007">
     <span class='ocr_line' id='line_1_65' title="bbox 1903 938 3465 1007; baseline 0.006 -16"><span class='ocrx_word' id='word_1_438' title='bbox 1903 938 2037 991; x_wconf 87' lang='lat' dir='ltr'><strong>obiit</strong></span> <span class='ocrx_word' id='word_1_439' title='bbox 2084 954 2414 1007; x_wconf 88' lang='lat' dir='ltr'><strong>supremum.</strong></span> <span class='ocrx_word' id='word_1_440' title='bbox 2458 941 2697 995; x_wconf 89' lang='lat' dir='ltr'><strong>Instante</strong></span> <span class='ocrx_word' id='word_1_441' title='bbox 2739 942 2885 996; x_wconf 90' lang='lat' dir='ltr'><strong>obitu</strong></span> <span class='ocrx_word' id='word_1_442' title='bbox 2930 945 3279 1000; x_wconf 84' lang='lat' dir='ltr'><strong>Athanasium</strong></span> <span class='ocrx_word' id='word_1_443' title='bbox 3322 948 3465 1003; x_wconf 85' lang='lat' dir='ltr'><strong>desi-</strong></span> 
     </span>
    </p>
   </div>
   <div class='ocr_carea' id='block_1_65' title="bbox 1904 1027 3463 1105">
    <p class='ocr_par' dir='ltr' id='par_1_65' title="bbox 1904 1027 3463 1105">
     <span class='ocr_line' id='line_1_66' title="bbox 1904 1027 3463 1105; baseline 0.01 -27"><span class='ocrx_word' id='word_1_444' title='bbox 1904 1036 2029 1095; x_wconf 85' lang='lat' dir='ltr'><strong>gnat</strong></span> <span class='ocrx_word' id='word_1_445' title='bbox 2080 1027 2181 1081; x_wconf 90' lang='lat' dir='ltr'><strong>sibi</strong></span> <span class='ocrx_word' id='word_1_446' title='bbox 2237 1044 2623 1083; x_wconf 82' lang='lat' dir='ltr'><strong>successorem.</strong></span> <span class='ocrx_word' id='word_1_447' title='bbox 2675 1030 2809 1084; x_wconf 88' lang='lat' dir='ltr'><strong>Cum</strong></span> <span class='ocrx_word' id='word_1_448' title='bbox 2866 1033 3008 1086; x_wconf 90' lang='lat' dir='ltr'><strong>enim</strong></span> <span class='ocrx_word' id='word_1_449' title='bbox 3065 1034 3463 1105; x_wconf 80' lang='lat' dir='ltr'><strong>ingravescente</strong></span> 
     </span>
    </p>
   </div>
   <div class='ocr_carea' id='block_1_66' title="bbox 1905 1119 3463 1196">
    <p class='ocr_par' dir='ltr' id='par_1_66' title="bbox 1905 1119 3463 1196">
     <span class='ocr_line' id='line_1_67' title="bbox 1905 1119 3463 1196; baseline 0.005 -25"><span class='ocrx_word' id='word_1_450' title='bbox 1905 1119 2090 1172; x_wconf 92' lang='lat' dir='ltr'><strong>morbo</strong></span> <span class='ocrx_word' id='word_1_451' title='bbox 2130 1119 2385 1187; x_wconf 77' lang='lat' dir='ltr'><strong>pmlatim</strong></span> <span class='ocrx_word' id='word_1_452' title='bbox 2427 1122 2718 1175; x_wconf 76' lang='lat' dir='ltr'><strong>deficerent</strong></span> <span class='ocrx_word' id='word_1_453' title='bbox 2754 1124 2922 1188; x_wconf 87' lang='lat' dir='ltr'><strong>vires,</strong></span> <span class='ocrx_word' id='word_1_454' title='bbox 2952 1125 3242 1196; x_wconf 90' lang='lat' dir='ltr'><strong>derepente</strong></span> <span class='ocrx_word' id='word_1_455' title='bbox 3292 1128 3463 1182; x_wconf 74' lang='lat' dir='ltr'><strong>Alitu-</strong></span> 
     </span>
    </p>
   </div>
   <div class='ocr_carea' id='block_1_67' title="bbox 1905 1212 3461 1289">
    <p class='ocr_par' dir='ltr' id='par_1_67' title="bbox 1905 1212 3461 1289">
     <span class='ocr_line' id='line_1_68' title="bbox 1905 1212 3461 1289; baseline 0.006 -25"><span class='ocrx_word' id='word_1_456' title='bbox 1905 1212 2110 1264; x_wconf 86' lang='lat' dir='ltr'><strong>nasium</strong></span> <span class='ocrx_word' id='word_1_457' title='bbox 2168 1212 2447 1280; x_wconf 81' lang='lat' dir='ltr'><strong>compellat</strong></span> <span class='ocrx_word' id='word_1_458' title='bbox 2487 1214 2584 1284; x_wconf 78' lang='grc' dir='ltr'>(ά).</span> <span class='ocrx_word' id='word_1_459' title='bbox 2628 1215 2931 1285; x_wconf 72' lang='lat' dir='ltr'><strong>Respondet</strong></span> <span class='ocrx_word' id='word_1_460' title='bbox 2982 1219 3193 1272; x_wconf 83' lang='lat' dir='ltr'><strong>vocanti</strong></span> <span class='ocrx_word' id='word_1_461' title='bbox 3246 1221 3461 1289; x_wconf 83' lang='lat' dir='ltr'><strong>quidam</strong></span> 
     </span>
    </p>
   </div>
   <div class='ocr_carea' id='block_1_68' title="bbox 1906 1303 3462 1383">
    <p class='ocr_par' dir='ltr' id='par_1_68' title="bbox 1906 1303 3462 1383">
     <span class='ocr_line' id='line_1_69' title="bbox 1906 1303 3462 1383; baseline 0.009 -28"><span class='ocrx_word' id='word_1_462' title='bbox 1906 1312 2089 1357; x_wconf 85' lang='lat' dir='ltr'><strong>nostro</strong></span> <span class='ocrx_word' id='word_1_463' title='bbox 2114 1303 2350 1371; x_wconf 81' lang='lat' dir='ltr'><strong>gentilis.</strong></span> <span class='ocrx_word' id='word_1_464' title='bbox 2387 1304 2555 1370; x_wconf 89' lang='lat' dir='ltr'><strong>Quem</strong></span> <span class='ocrx_word' id='word_1_465' title='bbox 2590 1307 2720 1359; x_wconf 87' lang='lat' dir='ltr'><strong>nihil</strong></span> <span class='ocrx_word' id='word_1_466' title='bbox 2772 1308 2963 1363; x_wconf 82' lang='lat' dir='ltr'><strong>affatus</strong></span> <span class='ocrx_word' id='word_1_467' title='bbox 3004 1310 3112 1376; x_wconf 89' lang='lat' dir='ltr'><strong>ille,</strong></span> <span class='ocrx_word' id='word_1_468' title='bbox 3146 1312 3462 1383; x_wconf 86' lang='lat' dir='ltr'><strong>interposita</strong></span> 
     </span>
    </p>
   </div>
   <div class='ocr_carea' id='block_1_69' title="bbox 1905 1395 3460 1471">
    <p class='ocr_par' dir='ltr' id='par_1_69' title="bbox 1905 1395 3460 1471">
     <span class='ocr_line' id='line_1_70' title="bbox 1905 1395 3460 1471; baseline 0.006 -23"><span class='ocrx_word' id='word_1_469' title='bbox 1905 1410 2076 1457; x_wconf 87' lang='lat' dir='ltr'><strong>mora,</strong></span> <span class='ocrx_word' id='word_1_470' title='bbox 2132 1395 2481 1449; x_wconf 81' lang='lat' dir='ltr'><strong>Athanasium</strong></span> <span class='ocrx_word' id='word_1_471' title='bbox 2533 1399 2771 1464; x_wconf 85' lang='lat' dir='ltr'><strong>repetitis</strong></span> <span class='ocrx_word' id='word_1_472' title='bbox 2824 1402 3029 1457; x_wconf 85' lang='lat' dir='ltr'><strong>vicibus</strong></span> <span class='ocrx_word' id='word_1_473' title='bbox 3094 1403 3460 1471; x_wconf 82' lang='lat' dir='ltr'><strong>vociferatur,</strong></span> 
     </span>
    </p>
   </div>
   <div class='ocr_carea' id='block_1_70' title="bbox 1904 1487 3464 1567">
    <p class='ocr_par' dir='ltr' id='par_1_70' title="bbox 1904 1487 3464 1567">
     <span class='ocr_line' id='line_1_71' title="bbox 1904 1487 3464 1567; baseline 0.008 -28"><span class='ocrx_word' id='word_1_474' title='bbox 1904 1487 2178 1541; x_wconf 89' lang='lat' dir='ltr'><strong>absentem</strong></span> <span class='ocrx_word' id='word_1_475' title='bbox 2214 1487 2456 1542; x_wconf 88' lang='lat' dir='ltr'><strong>indicans</strong></span> <span class='ocrx_word' id='word_1_476' title='bbox 2490 1488 2653 1541; x_wconf 89' lang='lat' dir='ltr'><strong>alium</strong></span> <span class='ocrx_word' id='word_1_477' title='bbox 2707 1506 2767 1546; x_wconf 89' lang='lat' dir='ltr'><strong>se</strong></span> <span class='ocrx_word' id='word_1_478' title='bbox 2813 1506 3003 1547; x_wconf 88' lang='lat' dir='ltr'><strong>vocare</strong></span> <span class='ocrx_word' id='word_1_479' title='bbox 3044 1512 3056 1547; x_wconf 89' lang='lat'>:</span> <span class='ocrx_word' id='word_1_480' title='bbox 3100 1496 3193 1564; x_wconf 87' lang='lat' dir='ltr'><strong>qui</strong></span> <span class='ocrx_word' id='word_1_481' title='bbox 3245 1511 3300 1550; x_wconf 91' lang='lat' dir='ltr'><strong>re</strong></span> <span class='ocrx_word' id='word_1_482' title='bbox 3331 1513 3464 1567; x_wconf 63' lang='lat' dir='ltr'><strong>prte-</strong></span> 
     </span>
    </p>
   </div>
   <div class='ocr_carea' id='block_1_71' title="bbox 1905 1580 3458 1652">
    <p class='ocr_par' dir='ltr' id='par_1_71' title="bbox 1905 1580 3458 1652">
     <span class='ocr_line' id='line_1_72' title="bbox 1905 1580 3458 1652; baseline 0.008 -21"><span class='ocrx_word' id='word_1_483' title='bbox 1905 1589 2058 1632; x_wconf 88' lang='lat' dir='ltr'><strong>cauta</strong></span> <span class='ocrx_word' id='word_1_484' title='bbox 2096 1587 2256 1647; x_wconf 79' lang='lat' dir='ltr'><strong>atque</strong></span> <span class='ocrx_word' id='word_1_485' title='bbox 2288 1580 2533 1649; x_wconf 68' lang='lat' dir='ltr'><strong>prmvisa,</strong></span> <span class='ocrx_word' id='word_1_486' title='bbox 2576 1590 2635 1633; x_wconf 90' lang='lat' dir='ltr'><strong>ut</strong></span> <span class='ocrx_word' id='word_1_487' title='bbox 2672 1590 2875 1637; x_wconf 82' lang='lat' dir='ltr'><strong>tantum</strong></span> <span class='ocrx_word' id='word_1_488' title='bbox 2922 1600 3115 1640; x_wconf 90' lang='lat' dir='ltr'><strong>munus</strong></span> <span class='ocrx_word' id='word_1_489' title='bbox 3144 1587 3458 1652; x_wconf 85' lang='lat' dir='ltr'><strong>declinaret,</strong></span> 
     </span>
    </p>
   </div>
   <div class='ocr_carea' id='block_1_72' title="bbox 1904 1668 3460 1739">
    <p class='ocr_par' dir='ltr' id='par_1_72' title="bbox 1904 1668 3460 1739">
     <span class='ocr_line' id='line_1_73' title="bbox 1904 1668 3460 1739; baseline 0.006 -18"><span class='ocrx_word' id='word_1_490' title='bbox 1904 1683 2022 1722; x_wconf 91' lang='lat' dir='ltr'><strong>sese</strong></span> <span class='ocrx_word' id='word_1_491' title='bbox 2059 1670 2413 1737; x_wconf 88' lang='lat' dir='ltr'><strong>proripuerat.</strong></span> <span class='ocrx_word' id='word_1_492' title='bbox 2462 1668 2779 1739; x_wconf 86' lang='lat' dir='ltr'><strong>Prophetica</strong></span> <span class='ocrx_word' id='word_1_493' title='bbox 2818 1682 2997 1727; x_wconf 85' lang='lat' dir='ltr'><strong>autem</strong></span> <span class='ocrx_word' id='word_1_494' title='bbox 3030 1688 3208 1730; x_wconf 90' lang='lat' dir='ltr'><strong>mente</strong></span> <span class='ocrx_word' id='word_1_495' title='bbox 3248 1677 3460 1731; x_wconf 90' lang='lat' dir='ltr'><strong>demum</strong></span> 
     </span>
    </p>
   </div>
   <div class='ocr_carea' id='block_1_73' title="bbox 1903 1762 3460 1836">
    <p class='ocr_par' dir='ltr' id='par_1_73' title="bbox 1903 1762 3460 1836">
     <span class='ocr_line' id='line_1_74' title="bbox 1903 1762 3460 1836; baseline 0.006 -22"><span class='ocrx_word' id='word_1_496' title='bbox 1903 1762 2206 1816; x_wconf 83' lang='lat' dir='ltr'><strong>Alexander</strong></span> <span class='ocrx_word' id='word_1_497' title='bbox 2245 1782 2257 1817; x_wconf 86' lang='lat'><strong>:</strong></span> <span class='ocrx_word' id='word_1_498' title='bbox 2305 1781 2321 1813; x_wconf 77' lang='grc' dir='ltr'>ι</span> <span class='ocrx_word' id='word_1_499' title='bbox 2375 1762 2638 1833; x_wconf 83' lang='lat' dir='ltr'><strong>Effugisse</strong></span> <span class='ocrx_word' id='word_1_500' title='bbox 2683 1774 2737 1819; x_wconf 91' lang='lat' dir='ltr'><strong>te</strong></span> <span class='ocrx_word' id='word_1_501' title='bbox 2782 1766 2984 1835; x_wconf 88' lang='lat' dir='ltr'><strong>credis,</strong></span> <span class='ocrx_word' id='word_1_502' title='bbox 3033 1768 3132 1836; x_wconf 89' lang='lat' dir='ltr'><strong>ait,</strong></span> <span class='ocrx_word' id='word_1_503' title='bbox 3174 1768 3460 1835; x_wconf 84' lang='lat' dir='ltr'><strong>Athanasi,</strong></span> 
     </span>
    </p>
   </div>
   <div class='ocr_carea' id='block_1_74' title="bbox 1907 1854 3463 1929">
    <p class='ocr_par' dir='ltr' id='par_1_74' title="bbox 1907 1854 3463 1929">
     <span class='ocr_line' id='line_1_75' title="bbox 1907 1854 3463 1929; baseline 0.006 -22"><span class='ocrx_word' id='word_1_504' title='bbox 1907 1872 2003 1910; x_wconf 84' lang='lat' dir='ltr'><strong>nec</strong></span> <span class='ocrx_word' id='word_1_505' title='bbox 2044 1864 2221 1910; x_wconf 85' lang='lat' dir='ltr'><strong>tamen</strong></span> <span class='ocrx_word' id='word_1_506' title='bbox 2274 1854 2521 1922; x_wconf 72' lang='lat' dir='ltr'><strong>effugies;</strong></span> <span class='ocrx_word' id='word_1_507' title='bbox 2568 1874 2587 1907; x_wconf 78' lang='grc' dir='ltr'><strong><em>ι</em></strong></span> <span class='ocrx_word' id='word_1_508' title='bbox 2626 1856 2708 1911; x_wconf 90' lang='lat' dir='ltr'><strong>his</strong></span> <span class='ocrx_word' id='word_1_509' title='bbox 2746 1857 3076 1927; x_wconf 79' lang='lat' dir='ltr'><strong>signiﬁcans,</strong></span> <span class='ocrx_word' id='word_1_510' title='bbox 3127 1861 3463 1929; x_wconf 80' lang='lat' dir='ltr'><strong>gravissimis</strong></span> 
     </span>
    </p>
   </div>
   <div class='ocr_carea' id='block_1_75' title="bbox 1833 1920 3465 2019">
    <p class='ocr_par' dir='ltr' id='par_1_75' title="bbox 1833 1920 3465 2019">
     <span class='ocr_line' id='line_1_76' title="bbox 1833 1920 3465 2019; baseline 0.006 -19"><span class='ocrx_word' id='word_1_511' title='bbox 1833 1920 1872 1978; x_wconf 74' lang='grc' dir='ltr'><strong><em>Β</em></strong></span> <span class='ocrx_word' id='word_1_512' title='bbox 1900 1962 2023 2001; x_wconf 80' lang='lat' dir='ltr'><strong>cum</strong></span> <span class='ocrx_word' id='word_1_513' title='bbox 2052 1947 2435 2001; x_wconf 88' lang='lat' dir='ltr'><strong>certaminibus</strong></span> <span class='ocrx_word' id='word_1_514' title='bbox 2469 1958 2524 2000; x_wconf 88' lang='lat' dir='ltr'><strong>et</strong></span> <span class='ocrx_word' id='word_1_515' title='bbox 2549 1948 2941 2005; x_wconf 87' lang='lat' dir='ltr'><strong>calamitatibus</strong></span> <span class='ocrx_word' id='word_1_516' title='bbox 2966 1953 3297 2019; x_wconf 79' lang='lat' dir='ltr'><strong>deputatum.</strong></span> <span class='ocrx_word' id='word_1_517' title='bbox 3326 1954 3465 2009; x_wconf 87' lang='lat' dir='ltr'><strong>Sunt</strong></span> 
     </span>
    </p>
   </div>
   <div class='ocr_carea' id='block_1_76' title="bbox 1900 2039 3459 2112">
    <p class='ocr_par' dir='ltr' id='par_1_76' title="bbox 1900 2039 3459 2112">
     <span class='ocr_line' id='line_1_77' title="bbox 1900 2039 3459 2112; baseline 0.003 -20"><span class='ocrx_word' id='word_1_518' title='bbox 1900 2054 2059 2108; x_wconf 92' lang='lat' dir='ltr'><strong>porro</strong></span> <span class='ocrx_word' id='word_1_519' title='bbox 2101 2039 2193 2109; x_wconf 92' lang='lat' dir='ltr'><strong>qui</strong></span> <span class='ocrx_word' id='word_1_520' title='bbox 2234 2039 2585 2105; x_wconf 78' lang='lat' dir='ltr'><strong>existiment,</strong></span> <span class='ocrx_word' id='word_1_521' title='bbox 2636 2054 2697 2097; x_wconf 87' lang='lat' dir='ltr'><strong>ea</strong></span> <span class='ocrx_word' id='word_1_522' title='bbox 2750 2052 3065 2112; x_wconf 91' lang='lat' dir='ltr'><strong>tempestate</strong></span> <span class='ocrx_word' id='word_1_523' title='bbox 3109 2043 3459 2099; x_wconf 88' lang='lat' dir='ltr'><strong>Athanasium</strong></span> 
     </span>
    </p>
   </div>
   <div class='ocr_carea' id='block_1_77' title="bbox 1903 2130 3458 2203">
    <p class='ocr_par' dir='ltr' id='par_1_77' title="bbox 1903 2130 3458 2203">
     <span class='ocr_line' id='line_1_78' title="bbox 1903 2130 3458 2203; baseline 0.003 -20"><span class='ocrx_word' id='word_1_524' title='bbox 1903 2146 2079 2186; x_wconf 88' lang='lat' dir='ltr'><strong>rerum</strong></span> <span class='ocrx_word' id='word_1_525' title='bbox 2122 2130 2613 2187; x_wconf 83' lang='lat' dir='ltr'><strong>ecclesiasticarum</strong></span> <span class='ocrx_word' id='word_1_526' title='bbox 2651 2147 2810 2187; x_wconf 83' lang='lat' dir='ltr'><strong>causa</strong></span> <span class='ocrx_word' id='word_1_527' title='bbox 2860 2134 2911 2187; x_wconf 91' lang='lat' dir='ltr'><strong>in</strong></span> <span class='ocrx_word' id='word_1_528' title='bbox 2960 2135 3299 2203; x_wconf 89' lang='lat' dir='ltr'><strong>imperatoris</strong></span> <span class='ocrx_word' id='word_1_529' title='bbox 3336 2135 3458 2189; x_wconf 91' lang='lat' dir='ltr'><strong>aula</strong></span> 
     </span>
    </p>
   </div>
   <div class='ocr_carea' id='block_1_78' title="bbox 1898 2224 3459 2283">
    <p class='ocr_par' dir='ltr' id='par_1_78' title="bbox 1898 2224 3459 2283">
     <span class='ocr_line' id='line_1_79' title="bbox 1898 2224 3459 2283; baseline 0.003 -6"><span class='ocrx_word' id='word_1_530' title='bbox 1898 2235 2170 2279; x_wconf 81' lang='lat' dir='ltr'><strong>versatum</strong></span> <span class='ocrx_word' id='word_1_531' title='bbox 2217 2224 2399 2280; x_wconf 87' lang='lat' dir='ltr'><strong>fuisse.</strong></span> <span class='ocrx_word' id='word_1_532' title='bbox 2454 2226 2645 2279; x_wconf 91' lang='lat' dir='ltr'><strong>Incidit</strong></span> <span class='ocrx_word' id='word_1_533' title='bbox 2694 2226 2980 2281; x_wconf 73' lang='lat' dir='ltr'><strong>Alexandri</strong></span> <span class='ocrx_word' id='word_1_534' title='bbox 3025 2243 3171 2283; x_wconf 92' lang='lat' dir='ltr'><strong>mors</strong></span> <span class='ocrx_word' id='word_1_535' title='bbox 3220 2229 3270 2281; x_wconf 92' lang='lat' dir='ltr'><strong>in</strong></span> <span class='ocrx_word' id='word_1_536' title='bbox 3318 2228 3459 2282; x_wconf 91' lang='lat' dir='ltr'><strong>diem</strong></span> 
     </span>
    </p>
   </div>
   <div class='ocr_carea' id='block_1_79' title="bbox 1899 2316 3457 2387">
    <p class='ocr_par' dir='ltr' id='par_1_79' title="bbox 1899 2316 3457 2387">
     <span class='ocr_line' id='line_1_80' title="bbox 1899 2316 3457 2387; baseline 0.004 -20"><span class='ocrx_word' id='word_1_537' title='bbox 1899 2318 2207 2371; x_wconf 83' lang='lat' dir='ltr'><strong>vicesimam</strong></span> <span class='ocrx_word' id='word_1_538' title='bbox 2260 2326 2468 2371; x_wconf 81' lang='lat' dir='ltr'><strong>sextam</strong></span> <span class='ocrx_word' id='word_1_539' title='bbox 2520 2316 2798 2373; x_wconf 88' lang='lat' dir='ltr'><strong>Februarii</strong></span> <span class='ocrx_word' id='word_1_540' title='bbox 2850 2318 3073 2387; x_wconf 88' lang='lat' dir='ltr'><strong>mensis,</strong></span> <span class='ocrx_word' id='word_1_541' title='bbox 3131 2333 3271 2375; x_wconf 91' lang='lat' dir='ltr'><strong>anno</strong></span> <span class='ocrx_word' id='word_1_542' title='bbox 3330 2319 3457 2385; x_wconf 73' lang='lat'><strong>526,</strong></span> 
     </span>
    </p>
   </div>
   <div class='ocr_carea' id='block_1_80' title="bbox 1899 2407 3457 2478">
    <p class='ocr_par' dir='ltr' id='par_1_80' title="bbox 1899 2407 3457 2478">
     <span class='ocr_line' id='line_1_81' title="bbox 1899 2407 3457 2478; baseline 0.003 -19"><span class='ocrx_word' id='word_1_543' title='bbox 1899 2409 2135 2477; x_wconf 83' lang='lat' dir='ltr'><strong>quinque</strong></span> <span class='ocrx_word' id='word_1_544' title='bbox 2188 2409 2396 2462; x_wconf 91' lang='lat' dir='ltr'><strong>scilicet</strong></span> <span class='ocrx_word' id='word_1_545' title='bbox 2450 2418 2573 2478; x_wconf 90' lang='lat' dir='ltr'><strong>post</strong></span> <span class='ocrx_word' id='word_1_546' title='bbox 2628 2407 2742 2476; x_wconf 87' lang='lat' dir='ltr'><strong>ejus</strong></span> <span class='ocrx_word' id='word_1_547' title='bbox 2788 2407 3169 2464; x_wconf 78' lang='lat' dir='ltr'><strong>Alexandriam</strong></span> <span class='ocrx_word' id='word_1_548' title='bbox 3223 2410 3457 2465; x_wconf 91' lang='lat' dir='ltr'><strong>reditum</strong></span> 
     </span>
    </p>
   </div>
   <div class='ocr_carea' id='block_1_81' title="bbox 1902 2499 3455 2571">
    <p class='ocr_par' dir='ltr' id='par_1_81' title="bbox 1902 2499 3455 2571">
     <span class='ocr_line' id='line_1_82' title="bbox 1902 2499 3455 2571; baseline 0.004 -19"><span class='ocrx_word' id='word_1_549' title='bbox 1902 2500 2175 2555; x_wconf 88' lang='lat' dir='ltr'><strong>mensibus</strong></span> <span class='ocrx_word' id='word_1_550' title='bbox 2212 2499 2312 2571; x_wconf 80' lang='grc' dir='ltr'>(ε).</span> <span class='ocrx_word' id='word_1_551' title='bbox 2353 2499 2427 2554; x_wconf 87' lang='lat' dir='ltr'><strong>Ita</strong></span> <span class='ocrx_word' id='word_1_552' title='bbox 2461 2500 2699 2569; x_wconf 88' lang='lat' dir='ltr'><strong>quidam,</strong></span> <span class='ocrx_word' id='word_1_553' title='bbox 2740 2500 2933 2570; x_wconf 88' lang='lat' dir='ltr'><strong>quibus</strong></span> <span class='ocrx_word' id='word_1_554' title='bbox 2974 2513 3235 2559; x_wconf 89' lang='lat' dir='ltr'><strong>consonat</strong></span> <span class='ocrx_word' id='word_1_555' title='bbox 3279 2501 3455 2558; x_wconf 81' lang='lat' dir='ltr'><strong>Theo-</strong></span> 
     </span>
    </p>
   </div>
   <div class='ocr_carea' id='block_1_82' title="bbox 1896 2592 3457 2666">
    <p class='ocr_par' dir='ltr' id='par_1_82' title="bbox 1896 2592 3457 2666">
     <span class='ocr_line' id='line_1_83' title="bbox 1896 2592 3457 2666; baseline 0.003 -21"><span class='ocrx_word' id='word_1_556' title='bbox 1896 2592 2139 2659; x_wconf 88' lang='lat' dir='ltr'><strong>doretus,</strong></span> <span class='ocrx_word' id='word_1_557' title='bbox 2158 2593 2265 2646; x_wconf 88' lang='lat' dir='ltr'><strong>vita</strong></span> <span class='ocrx_word' id='word_1_558' title='bbox 2296 2592 2537 2648; x_wconf 90' lang='lat' dir='ltr'><strong>functum</strong></span> <span class='ocrx_word' id='word_1_559' title='bbox 2572 2592 2812 2648; x_wconf 85' lang='lat' dir='ltr'><strong>referens</strong></span> <span class='ocrx_word' id='word_1_560' title='bbox 2858 2594 3097 2665; x_wconf 84' lang='lat' dir='ltr'><strong>quinque</strong></span> <span class='ocrx_word' id='word_1_561' title='bbox 3136 2606 3257 2666; x_wconf 91' lang='lat' dir='ltr'><strong>post</strong></span> <span class='ocrx_word' id='word_1_562' title='bbox 3287 2594 3457 2650; x_wconf 56' lang='lat' dir='ltr'><strong>Nicr-</strong></span> 
     </span>
    </p>
   </div>
   <div class='ocr_carea' id='block_1_83' title="bbox 1900 2685 3459 2756">
    <p class='ocr_par' dir='ltr' id='par_1_83' title="bbox 1900 2685 3459 2756">
     <span class='ocr_line' id='line_1_84' title="bbox 1900 2685 3459 2756; baseline 0.002 -17"><span class='ocrx_word' id='word_1_563' title='bbox 1900 2700 2025 2739; x_wconf 86' lang='lat' dir='ltr'><strong>nam</strong></span> <span class='ocrx_word' id='word_1_564' title='bbox 2073 2685 2337 2756; x_wconf 85' lang='lat' dir='ltr'><strong>synodum</strong></span> <span class='ocrx_word' id='word_1_565' title='bbox 2374 2685 2669 2740; x_wconf 89' lang='lat' dir='ltr'><strong>mensibus.</strong></span> <span class='ocrx_word' id='word_1_566' title='bbox 2727 2685 2877 2751; x_wconf 86' lang='lat' dir='ltr'><strong>Quod</strong></span> <span class='ocrx_word' id='word_1_567' title='bbox 2917 2696 3093 2742; x_wconf 87' lang='lat' dir='ltr'><strong>autem</strong></span> <span class='ocrx_word' id='word_1_568' title='bbox 3138 2688 3294 2743; x_wconf 89' lang='lat' dir='ltr'><strong>habet</strong></span> <span class='ocrx_word' id='word_1_569' title='bbox 3334 2688 3459 2756; x_wconf 87' lang='lat' dir='ltr'><strong>Epi-</strong></span> 
     </span>
    </p>
   </div>
   <div class='ocr_carea' id='block_1_84' title="bbox 1897 2775 3457 2849">
    <p class='ocr_par' dir='ltr' id='par_1_84' title="bbox 1897 2775 3457 2849">
     <span class='ocr_line' id='line_1_85' title="bbox 1897 2775 3457 2849; baseline 0.003 -21"><span class='ocrx_word' id='word_1_570' title='bbox 1897 2775 2148 2844; x_wconf 87' lang='lat' dir='ltr'><strong>phanius,</strong></span> <span class='ocrx_word' id='word_1_571' title='bbox 2198 2775 2539 2831; x_wconf 86' lang='lat' dir='ltr'><strong>demortuum</strong></span> <span class='ocrx_word' id='word_1_572' title='bbox 2591 2776 2954 2831; x_wconf 84' lang='lat' dir='ltr'><strong>Alexandrum</strong></span> <span class='ocrx_word' id='word_1_573' title='bbox 3006 2778 3193 2833; x_wconf 88' lang='lat' dir='ltr'><strong>eodem</strong></span> <span class='ocrx_word' id='word_1_574' title='bbox 3224 2795 3331 2849; x_wconf 80' lang='lat' dir='ltr'><strong>quo</strong></span> <span class='ocrx_word' id='word_1_575' title='bbox 3363 2780 3457 2833; x_wconf 77' lang='lat' dir='ltr'><strong>Ni-</strong></span> 
     </span>
    </p>
   </div>
   <div class='ocr_carea' id='block_1_85' title="bbox 1898 2852 3455 2941">
    <p class='ocr_par' dir='ltr' id='par_1_85' title="bbox 1898 2852 3455 2941">
     <span class='ocr_line' id='line_1_86' title="bbox 1898 2852 3455 2941; baseline 0.004 -21"><span class='ocrx_word' id='word_1_576' title='bbox 1898 2883 2043 2921; x_wconf 83' lang='lat' dir='ltr'><strong>caena</strong></span> <span class='ocrx_word' id='word_1_577' title='bbox 2074 2867 2259 2922; x_wconf 85' lang='lat' dir='ltr'><strong>habita</strong></span> <span class='ocrx_word' id='word_1_578' title='bbox 2302 2852 2539 2939; x_wconf 87' lang='lat' dir='ltr'><strong>synodus</strong></span> <span class='ocrx_word' id='word_1_579' title='bbox 2582 2877 2665 2921; x_wconf 89' lang='lat' dir='ltr'><strong>est</strong></span> <span class='ocrx_word' id='word_1_580' title='bbox 2719 2883 2881 2936; x_wconf 84' lang='lat' dir='ltr'><strong>anno,</strong></span> <span class='ocrx_word' id='word_1_581' title='bbox 2916 2869 3187 2941; x_wconf 70' lang='lat' dir='ltr'><strong>intelligas</strong></span> <span class='ocrx_word' id='word_1_582' title='bbox 3222 2871 3455 2927; x_wconf 85' lang='lat' dir='ltr'><strong>nondum</strong></span> 
     </span>
    </p>
   </div>
   <div class='ocr_carea' id='block_1_86' title="bbox 1849 2960 3059 3030">
    <p class='ocr_par' dir='ltr' id='par_1_86' title="bbox 1849 2960 3059 3030">
     <span class='ocr_line' id='line_1_87' title="bbox 1849 2960 3059 3030; baseline 0.003 -15"><span class='ocrx_word' id='word_1_583' title='bbox 1849 2983 1859 2994; x_wconf 87' lang='lat'><strong><em>-</em></strong></span> <span class='ocrx_word' id='word_1_584' title='bbox 1898 2960 2079 3029; x_wconf 86' lang='lat' dir='ltr'><strong>elapso</strong></span> <span class='ocrx_word' id='word_1_585' title='bbox 2108 2976 2250 3015; x_wconf 90' lang='lat' dir='ltr'><strong>anno</strong></span> <span class='ocrx_word' id='word_1_586' title='bbox 2280 2971 2398 3030; x_wconf 90' lang='lat' dir='ltr'><strong>post</strong></span> <span class='ocrx_word' id='word_1_587' title='bbox 2419 2965 2682 3030; x_wconf 87' lang='lat' dir='ltr'><strong>synodum</strong></span> <span class='ocrx_word' id='word_1_588' title='bbox 2715 2963 3059 3019; x_wconf 87' lang='lat' dir='ltr'><strong>celebratam.</strong></span> 
     </span>
    </p>
   </div>
   <div class='ocr_carea' id='block_1_87' title="bbox 1967 3051 3459 3125">
    <p class='ocr_par' dir='ltr' id='par_1_87' title="bbox 1967 3051 3459 3125">
     <span class='ocr_line' id='line_1_88' title="bbox 1967 3051 3459 3125; baseline 0.005 -22"><span class='ocrx_word' id='word_1_589' title='bbox 1967 3051 2020 3103; x_wconf 74' lang='grc' dir='ltr'>ξ)...</span> <span class='ocrx_word' id='word_1_590' title='bbox 2050 3051 2104 3104; x_wconf 83' lang='grc' dir='ltr'><em>Μ</em></span> <span class='ocrx_word' id='word_1_591' title='bbox 2110 3054 2316 3106; x_wconf 81' lang='lat' dir='ltr'><strong>eletiani</strong></span> <span class='ocrx_word' id='word_1_592' title='bbox 2338 3052 2594 3107; x_wconf 83' lang='lat' dir='ltr'><strong>Tlteonam</strong></span> <span class='ocrx_word' id='word_1_593' title='bbox 2609 3064 2848 3121; x_wconf 79' lang='lat' dir='ltr'><strong>coeptant</strong></span> <span class='ocrx_word' id='word_1_594' title='bbox 2863 3056 2915 3107; x_wconf 87' lang='lat' dir='ltr'><strong>in</strong></span> <span class='ocrx_word' id='word_1_595' title='bbox 2928 3058 3214 3125; x_wconf 73' lang='lat' dir='ltr'><strong>episcopum</strong></span> <span class='ocrx_word' id='word_1_596' title='bbox 3232 3058 3459 3111; x_wconf 68' lang='lat' dir='ltr'><strong>Alexan-</strong></span> 
     </span>
    </p>
   </div>
   <div class='ocr_carea' id='block_1_88' title="bbox 1897 3144 3447 3216">
    <p class='ocr_par' dir='ltr' id='par_1_88' title="bbox 1897 3144 3447 3216">
     <span class='ocr_line' id='line_1_89' title="bbox 1897 3144 3447 3216; baseline 0.005 -20"><span class='ocrx_word' id='word_1_597' title='bbox 1897 3145 2127 3196; x_wconf 83' lang='lat' dir='ltr'><strong>drinum.</strong></span> <span class='ocrx_word' id='word_1_598' title='bbox 2162 3173 2231 3183; x_wconf 92' lang='lat'><strong><em>—</em></strong></span> <span class='ocrx_word' id='word_1_599' title='bbox 2261 3144 2315 3198; x_wconf 89' lang='lat' dir='ltr'><strong>Si</strong></span> <span class='ocrx_word' id='word_1_600' title='bbox 2355 3144 2488 3199; x_wconf 87' lang='lat' dir='ltr'><strong>fides</strong></span> <span class='ocrx_word' id='word_1_601' title='bbox 2519 3146 2942 3216; x_wconf 67' lang='lat' dir='ltr'><strong>Epiphaniam,</strong></span> <span class='ocrx_word' id='word_1_602' title='bbox 2981 3149 3310 3203; x_wconf 79' lang='lat' dir='ltr'><strong>excubantes</strong></span> <span class='ocrx_word' id='word_1_603' title='bbox 3338 3149 3447 3203; x_wconf 72' lang='grc' dir='ltr'><strong>Με-</strong></span> 
     </span>
    </p>
   </div>
   <div class='ocr_carea' id='block_1_89' title="bbox 1898 3233 3452 3305">
    <p class='ocr_par' dir='ltr' id='par_1_89' title="bbox 1898 3233 3452 3305">
     <span class='ocr_line' id='line_1_90' title="bbox 1898 3233 3452 3305; baseline 0.006 -18"><span class='ocrx_word' id='word_1_604' title='bbox 1898 3233 2080 3288; x_wconf 90' lang='lat' dir='ltr'><strong>letiani</strong></span> <span class='ocrx_word' id='word_1_605' title='bbox 2106 3236 2172 3289; x_wconf 89' lang='lat' dir='ltr'><strong>ad</strong></span> <span class='ocrx_word' id='word_1_606' title='bbox 2203 3249 2547 3304; x_wconf 87' lang='lat' dir='ltr'><strong>quascunque</strong></span> <span class='ocrx_word' id='word_1_607' title='bbox 2583 3234 2789 3290; x_wconf 82' lang='lat' dir='ltr'><strong>oblatas</strong></span> <span class='ocrx_word' id='word_1_608' title='bbox 2817 3237 3091 3291; x_wconf 89' lang='lat' dir='ltr'><strong>turbarum</strong></span> <span class='ocrx_word' id='word_1_609' title='bbox 3117 3241 3452 3305; x_wconf 89' lang='lat' dir='ltr'><strong>occasiones,</strong></span> 
     </span>
    </p>
   </div>
   <div class='ocr_carea' id='block_1_90' title="bbox 1897 3324 3452 3397">
    <p class='ocr_par' dir='ltr' id='par_1_90' title="bbox 1897 3324 3452 3397">
     <span class='ocr_line' id='line_1_91' title="bbox 1897 3324 3452 3397; baseline 0.004 -18"><span class='ocrx_word' id='word_1_610' title='bbox 1897 3324 2147 3380; x_wconf 90' lang='lat' dir='ltr'><strong>defuncto</strong></span> <span class='ocrx_word' id='word_1_611' title='bbox 2208 3326 2558 3391; x_wconf 76' lang='lat' dir='ltr'><strong>Alexandro,</strong></span> <span class='ocrx_word' id='word_1_612' title='bbox 2619 3326 2950 3397; x_wconf 86' lang='lat' dir='ltr'><strong>absenteque</strong></span> <span class='ocrx_word' id='word_1_613' title='bbox 3002 3328 3336 3392; x_wconf 83' lang='lat' dir='ltr'><strong>Athanasio.</strong></span> <span class='ocrx_word' id='word_1_614' title='bbox 3400 3332 3452 3385; x_wconf 88' lang='lat' dir='ltr'><strong>itt</strong></span> 
     </span>
    </p>
   </div>
   <div class='ocr_carea' id='block_1_91' title="bbox 1896 3418 3452 3494">
    <p class='ocr_par' dir='ltr' id='par_1_91' title="bbox 1896 3418 3452 3494">
     <span class='ocr_line' id='line_1_92' title="bbox 1896 3418 3452 3494; baseline 0.006 -23"><span class='ocrx_word' id='word_1_615' title='bbox 1896 3418 2137 3488; x_wconf 67' lang='lat' dir='ltr'><strong>praasulis</strong></span> <span class='ocrx_word' id='word_1_616' title='bbox 2174 3418 2524 3472; x_wconf 81' lang='lat' dir='ltr'><strong>Alexandrini</strong></span> <span class='ocrx_word' id='word_1_617' title='bbox 2584 3435 2777 3475; x_wconf 91' lang='lat' dir='ltr'><strong>munus</strong></span> <span class='ocrx_word' id='word_1_618' title='bbox 2829 3423 3127 3490; x_wconf 76' lang='lat' dir='ltr'><strong>provehunt</strong></span> <span class='ocrx_word' id='word_1_619' title='bbox 3171 3427 3452 3494; x_wconf 68' lang='lat' dir='ltr'><strong>quemdam</strong></span> 
     </span>
    </p>
   </div>
   <div class='ocr_carea' id='block_1_92' title="bbox 1896 3512 3456 3589">
    <p class='ocr_par' dir='ltr' id='par_1_92' title="bbox 1896 3512 3456 3589">
     <span class='ocr_line' id='line_1_93' title="bbox 1896 3512 3456 3589; baseline 0.006 -22"><span class='ocrx_word' id='word_1_620' title='bbox 1896 3527 2005 3567; x_wconf 58' lang='lat' dir='ltr'><strong>sua!</strong></span> <span class='ocrx_word' id='word_1_621' title='bbox 2062 3512 2319 3568; x_wconf 81' lang='lat' dir='ltr'><strong>factionis</strong></span> <span class='ocrx_word' id='word_1_622' title='bbox 2372 3515 2677 3578; x_wconf 91' lang='lat' dir='ltr'><strong>hominem,</strong></span> <span class='ocrx_word' id='word_1_623' title='bbox 2744 3516 2960 3570; x_wconf 90' lang='lat' dir='ltr'><strong>nomine</strong></span> <span class='ocrx_word' id='word_1_624' title='bbox 3015 3516 3308 3583; x_wconf 88' lang='lat' dir='ltr'><strong>Tbeonam,</strong></span> <span class='ocrx_word' id='word_1_625' title='bbox 3349 3535 3456 3589; x_wconf 88' lang='lat' dir='ltr'><strong>quo</strong></span> 
     </span>
    </p>
   </div>
   <div class='ocr_carea' id='block_1_93' title="bbox 1898 3607 3455 3680">
    <p class='ocr_par' dir='ltr' id='par_1_93' title="bbox 1898 3607 3455 3680">
     <span class='ocr_line' id='line_1_94' title="bbox 1898 3607 3455 3680; baseline 0.004 -19"><span class='ocrx_word' id='word_1_626' title='bbox 1898 3608 2069 3662; x_wconf 89' lang='lat' dir='ltr'><strong>tribus</strong></span> <span class='ocrx_word' id='word_1_627' title='bbox 2090 3607 2289 3678; x_wconf 89' lang='lat' dir='ltr'><strong>elapsis</strong></span> <span class='ocrx_word' id='word_1_628' title='bbox 2327 3613 2601 3664; x_wconf 86' lang='lat' dir='ltr'><strong>mensibus</strong></span> <span class='ocrx_word' id='word_1_629' title='bbox 2624 3610 2913 3675; x_wconf 83' lang='lat' dir='ltr'><strong>exstincto,</strong></span> <span class='ocrx_word' id='word_1_630' title='bbox 2950 3621 3235 3680; x_wconf 87' lang='lat' dir='ltr'><strong>promotus</strong></span> <span class='ocrx_word' id='word_1_631' title='bbox 3262 3614 3455 3668; x_wconf 79' lang='lat' dir='ltr'><strong>exinde</strong></span> 
     </span>
    </p>
   </div>
   <div class='ocr_carea' id='block_1_94' title="bbox 1897 3698 3455 3771">
    <p class='ocr_par' dir='ltr' id='par_1_94' title="bbox 1897 3698 3455 3771">
     <span class='ocr_line' id='line_1_95' title="bbox 1897 3698 3455 3771; baseline 0.003 -18"><span class='ocrx_word' id='word_1_632' title='bbox 1897 3698 1997 3755; x_wconf 92' lang='lat' dir='ltr'><strong>fuit</strong></span> <span class='ocrx_word' id='word_1_633' title='bbox 2026 3701 2375 3756; x_wconf 86' lang='lat' dir='ltr'><strong>Athanasius.</strong></span> <span class='ocrx_word' id='word_1_634' title='bbox 2403 3701 2494 3757; x_wconf 73' lang='lat' dir='ltr'><strong>Nae</strong></span> <span class='ocrx_word' id='word_1_635' title='bbox 2528 3702 2569 3756; x_wconf 88' lang='lat' dir='ltr'><strong>si</strong></span> <span class='ocrx_word' id='word_1_636' title='bbox 2594 3700 3001 3757; x_wconf 82' lang='lat' dir='ltr'><strong>Meletianorum</strong></span> <span class='ocrx_word' id='word_1_637' title='bbox 3043 3713 3319 3771; x_wconf 87' lang='lat' dir='ltr'><strong>spectetur</strong></span> <span class='ocrx_word' id='word_1_638' title='bbox 3357 3720 3455 3758; x_wconf 86' lang='lat' dir='ltr'><strong>au-</strong></span> 
     </span>
    </p>
   </div>
   <div class='ocr_carea' id='block_1_95' title="bbox 1899 3794 3455 3865">
    <p class='ocr_par' dir='ltr' id='par_1_95' title="bbox 1899 3794 3455 3865">
     <span class='ocr_line' id='line_1_96' title="bbox 1899 3794 3455 3865; baseline 0.003 -19"><span class='ocrx_word' id='word_1_639' title='bbox 1899 3794 1999 3846; x_wconf 80' lang='lat' dir='ltr'><strong>dax</strong></span> <span class='ocrx_word' id='word_1_640' title='bbox 2031 3794 2261 3857; x_wconf 92' lang='lat' dir='ltr'><strong>animus,</strong></span> <span class='ocrx_word' id='word_1_641' title='bbox 2287 3803 2341 3848; x_wconf 90' lang='lat' dir='ltr'><strong>et</strong></span> <span class='ocrx_word' id='word_1_642' title='bbox 2369 3794 2737 3848; x_wconf 84' lang='lat' dir='ltr'><strong>novandarum</strong></span> <span class='ocrx_word' id='word_1_643' title='bbox 2765 3810 2942 3849; x_wconf 92' lang='lat' dir='ltr'><strong>rerum</strong></span> <span class='ocrx_word' id='word_1_644' title='bbox 2968 3796 3307 3865; x_wconf 88' lang='lat' dir='ltr'><strong>percupidus,</strong></span> <span class='ocrx_word' id='word_1_645' title='bbox 3342 3796 3455 3850; x_wconf 71' lang='lat' dir='ltr'><strong>Iuno</strong></span> 
     </span>
    </p>
   </div>
   <div class='ocr_carea' id='block_1_96' title="bbox 1898 3888 3454 3956">
    <p class='ocr_par' dir='ltr' id='par_1_96' title="bbox 1898 3888 3454 3956">
     <span class='ocr_line' id='line_1_97' title="bbox 1898 3888 3454 3956; baseline 0.001 -15"><span class='ocrx_word' id='word_1_646' title='bbox 1898 3888 2057 3941; x_wconf 81' lang='lat' dir='ltr'><strong>fidem</strong></span> <span class='ocrx_word' id='word_1_647' title='bbox 2081 3902 2338 3956; x_wconf 89' lang='lat' dir='ltr'><strong>superare</strong></span> <span class='ocrx_word' id='word_1_648' title='bbox 2372 3902 2474 3941; x_wconf 91' lang='lat' dir='ltr'><strong>non</strong></span> <span class='ocrx_word' id='word_1_649' title='bbox 2502 3888 2807 3941; x_wconf 80' lang='lat' dir='ltr'><strong>videantur.</strong></span> <span class='ocrx_word' id='word_1_650' title='bbox 2836 3894 2905 3942; x_wconf 89' lang='lat' dir='ltr'><strong>At</strong></span> <span class='ocrx_word' id='word_1_651' title='bbox 2927 3890 3122 3941; x_wconf 90' lang='lat' dir='ltr'><strong>mirum</strong></span> <span class='ocrx_word' id='word_1_652' title='bbox 3167 3888 3363 3941; x_wconf 91' lang='lat' dir='ltr'><strong>nullam</strong></span> <span class='ocrx_word' id='word_1_653' title='bbox 3388 3889 3454 3944; x_wconf 86' lang='lat' dir='ltr'><strong>de</strong></span> 
     </span>
    </p>
   </div>
   <div class='ocr_carea' id='block_1_97' title="bbox 1897 3979 3458 4050">
    <p class='ocr_par' dir='ltr' id='par_1_97' title="bbox 1897 3979 3458 4050">
     <span class='ocr_line' id='line_1_98' title="bbox 1897 3979 3458 4050; baseline 0.001 -16"><span class='ocrx_word' id='word_1_654' title='bbox 1897 3980 2202 4048; x_wconf 88' lang='lat' dir='ltr'><strong>hujusmodi</strong></span> <span class='ocrx_word' id='word_1_655' title='bbox 2232 3980 2473 4044; x_wconf 90' lang='lat' dir='ltr'><strong>homine,</strong></span> <span class='ocrx_word' id='word_1_656' title='bbox 2510 3979 2593 4033; x_wconf 91' lang='lat' dir='ltr'><strong>vel</strong></span> <span class='ocrx_word' id='word_1_657' title='bbox 2623 3979 2763 4048; x_wconf 87' lang='lat' dir='ltr'><strong>apud</strong></span> <span class='ocrx_word' id='word_1_658' title='bbox 2797 3979 3175 4045; x_wconf 90' lang='lat' dir='ltr'><strong>Athanasium,</strong></span> <span class='ocrx_word' id='word_1_659' title='bbox 3207 3980 3292 4034; x_wconf 85' lang='lat' dir='ltr'><strong>vel</strong></span> <span class='ocrx_word' id='word_1_660' title='bbox 3315 3980 3458 4050; x_wconf 87' lang='lat' dir='ltr'><strong>apud</strong></span> 
     </span>
    </p>
   </div>
   <div class='ocr_carea' id='block_1_98' title="bbox 1898 4073 3456 4143">
    <p class='ocr_par' dir='ltr' id='par_1_98' title="bbox 1898 4073 3456 4143">
     <span class='ocr_line' id='line_1_99' title="bbox 1898 4073 3456 4143; baseline -0.002 -15"><span class='ocrx_word' id='word_1_661' title='bbox 1898 4074 2133 4143; x_wconf 66' lang='lat' dir='ltr'><strong>aequales</strong></span> <span class='ocrx_word' id='word_1_662' title='bbox 2171 4073 2356 4128; x_wconf 82' lang='lat' dir='ltr'><strong>haberi</strong></span> <span class='ocrx_word' id='word_1_663' title='bbox 2399 4073 2746 4135; x_wconf 88' lang='lat' dir='ltr'><strong>mentionem,</strong></span> <span class='ocrx_word' id='word_1_664' title='bbox 2787 4088 2910 4127; x_wconf 91' lang='lat' dir='ltr'><strong>cum</strong></span> <span class='ocrx_word' id='word_1_665' title='bbox 2944 4074 3175 4127; x_wconf 79' lang='lat' dir='ltr'><strong>maxime</strong></span> <span class='ocrx_word' id='word_1_666' title='bbox 3206 4074 3456 4141; x_wconf 89' lang='lat' dir='ltr'><strong>frequen-</strong></span> 
     </span>
    </p>
   </div>
   <div class='ocr_carea' id='block_1_99' title="bbox 1900 4165 3452 4221">
    <p class='ocr_par' dir='ltr' id='par_1_99' title="bbox 1900 4165 3452 4221">
     <span class='ocr_line' id='line_1_100' title="bbox 1900 4165 3452 4221; baseline 0 -1"><span class='ocrx_word' id='word_1_667' title='bbox 1900 4166 2121 4221; x_wconf 78' lang='lat' dir='ltr'><strong>tissimae</strong></span> <span class='ocrx_word' id='word_1_668' title='bbox 2180 4165 2446 4219; x_wconf 87' lang='lat' dir='ltr'><strong>adfuerint</strong></span> <span class='ocrx_word' id='word_1_669' title='bbox 2506 4166 2647 4219; x_wconf 92' lang='lat' dir='ltr'><strong>illius</strong></span> <span class='ocrx_word' id='word_1_670' title='bbox 2725 4166 3054 4219; x_wconf 89' lang='lat' dir='ltr'><strong>memorandi</strong></span> <span class='ocrx_word' id='word_1_671' title='bbox 3118 4166 3452 4221; x_wconf 85' lang='lat' dir='ltr'><strong>occasiones.</strong></span> 
     </span>
    </p>
   </div>
   <div class='ocr_carea' id='block_1_100' title="bbox 1899 4258 3456 4327">
    <p class='ocr_par' dir='ltr' id='par_1_100' title="bbox 1899 4258 3456 4327">
     <span class='ocr_line' id='line_1_101' title="bbox 1899 4258 3456 4327; baseline 0.001 -17"><span class='ocrx_word' id='word_1_672' title='bbox 1899 4258 2097 4311; x_wconf 83' lang='lat' dir='ltr'><strong>Verum</strong></span> <span class='ocrx_word' id='word_1_673' title='bbox 2141 4260 2373 4312; x_wconf 87' lang='lat' dir='ltr'><strong>fortasse</strong></span> <span class='ocrx_word' id='word_1_674' title='bbox 2413 4258 2537 4326; x_wconf 85' lang='lat' dir='ltr'><strong>quia</strong></span> <span class='ocrx_word' id='word_1_675' title='bbox 2567 4258 2859 4312; x_wconf 88' lang='lat' dir='ltr'><strong>secundum</strong></span> <span class='ocrx_word' id='word_1_676' title='bbox 2900 4259 3289 4327; x_wconf 89' lang='lat' dir='ltr'><strong>promotionem</strong></span> <span class='ocrx_word' id='word_1_677' title='bbox 3325 4274 3456 4312; x_wconf 88' lang='lat' dir='ltr'><strong>non-</strong></span> 
     </span>
    </p>
   </div>
   <div class='ocr_carea' id='block_1_101' title="bbox 1900 4350 3453 4419">
    <p class='ocr_par' dir='ltr' id='par_1_101' title="bbox 1900 4350 3453 4419">
     <span class='ocr_line' id='line_1_102' title="bbox 1900 4350 3453 4419; baseline -0.001 -15"><span class='ocrx_word' id='word_1_678' title='bbox 1900 4351 2000 4405; x_wconf 91' lang='lat' dir='ltr'><strong>nisi</strong></span> <span class='ocrx_word' id='word_1_679' title='bbox 2031 4366 2231 4419; x_wconf 89' lang='lat' dir='ltr'><strong>paucos</strong></span> <span class='ocrx_word' id='word_1_680' title='bbox 2256 4365 2475 4405; x_wconf 90' lang='lat' dir='ltr'><strong>menses</strong></span> <span class='ocrx_word' id='word_1_681' title='bbox 2500 4360 2775 4419; x_wconf 89' lang='lat' dir='ltr'><strong>superstes</strong></span> <span class='ocrx_word' id='word_1_682' title='bbox 2804 4350 2922 4416; x_wconf 88' lang='lat' dir='ltr'><strong>fuit,</strong></span> <span class='ocrx_word' id='word_1_683' title='bbox 2959 4350 3098 4404; x_wconf 90' lang='lat' dir='ltr'><strong>nulla</strong></span> <span class='ocrx_word' id='word_1_684' title='bbox 3144 4361 3233 4402; x_wconf 91' lang='lat' dir='ltr'><strong>aut</strong></span> <span class='ocrx_word' id='word_1_685' title='bbox 3265 4350 3453 4419; x_wconf 78' lang='lat' dir='ltr'><strong>exigua</strong></span> 
     </span>
    </p>
   </div>
   <div class='ocr_carea' id='block_1_102' title="bbox 1898 4443 2775 4512">
    <p class='ocr_par' dir='ltr' id='par_1_102' title="bbox 1898 4443 2775 4512">
     <span class='ocr_line' id='line_1_103' title="bbox 1898 4443 2775 4512; baseline 0.002 -15"><span class='ocrx_word' id='word_1_686' title='bbox 1898 4444 2195 4512; x_wconf 88' lang='lat' dir='ltr'><strong>permansit</strong></span> <span class='ocrx_word' id='word_1_687' title='bbox 2231 4443 2463 4498; x_wconf 91' lang='lat' dir='ltr'><strong>hominis</strong></span> <span class='ocrx_word' id='word_1_688' title='bbox 2495 4444 2775 4499; x_wconf 91' lang='lat' dir='ltr'><strong>memoria.</strong></span> 
     </span>
    </p>
   </div>
   <div class='ocr_carea' id='block_1_103' title="bbox 1971 4534 3478 4605">
    <p class='ocr_par' dir='ltr' id='par_1_103' title="bbox 1971 4534 3478 4605">
     <span class='ocr_line' id='line_1_104' title="bbox 1971 4534 3478 4605; baseline 0.001 -16"><span class='ocrx_word' id='word_1_689' title='bbox 1971 4537 2024 4590; x_wconf 85' lang='grc'><strong>’5.</strong></span> <span class='ocrx_word' id='word_1_690' title='bbox 2058 4536 2381 4589; x_wconf 78' lang='lat' dir='ltr'><strong>Athanasius</strong></span> <span class='ocrx_word' id='word_1_691' title='bbox 2415 4534 2684 4605; x_wconf 82' lang='lat' dir='ltr'><strong>deligitur.</strong></span> <span class='ocrx_word' id='word_1_692' title='bbox 2714 4564 2781 4575; x_wconf 91' lang='lat'><strong><em>—</em></strong></span> <span class='ocrx_word' id='word_1_693' title='bbox 2809 4534 2936 4599; x_wconf 69' lang='lat' dir='ltr'><strong>Quae</strong></span> <span class='ocrx_word' id='word_1_694' title='bbox 2967 4549 3148 4597; x_wconf 88' lang='lat' dir='ltr'><strong>causa,</strong></span> <span class='ocrx_word' id='word_1_695' title='bbox 3178 4548 3295 4600; x_wconf 60' lang='lat' dir='ltr'><strong>quae</strong></span> <span class='ocrx_word' id='word_1_696' title='bbox 3322 4536 3478 4590; x_wconf 81' lang='lat' dir='ltr'><strong>rati0°</strong></span> 
     </span>
    </p>
   </div>
   <div class='ocr_carea' id='block_1_104' title="bbox 1831 4608 3466 4694">
    <p class='ocr_par' dir='ltr' id='par_1_104' title="bbox 1831 4608 3466 4694">
     <span class='ocr_line' id='line_1_105' title="bbox 1831 4608 3466 4694; baseline 0 -13"><span class='ocrx_word' id='word_1_697' title='bbox 1831 4608 1873 4662; x_wconf 81' lang='grc' dir='ltr'><strong>Ῑ)</strong></span> <span class='ocrx_word' id='word_1_698' title='bbox 1902 4627 2255 4681; x_wconf 88' lang='lat' dir='ltr'><strong>Athanasium</strong></span> <span class='ocrx_word' id='word_1_699' title='bbox 2286 4627 2607 4694; x_wconf 87' lang='lat' dir='ltr'><strong>compulerit</strong></span> <span class='ocrx_word' id='word_1_700' title='bbox 2645 4624 2709 4677; x_wconf 91' lang='lat' dir='ltr'><strong>ad</strong></span> <span class='ocrx_word' id='word_1_701' title='bbox 2737 4626 3083 4693; x_wconf 64' lang='lat' dir='ltr'><strong>jredeundum</strong></span> <span class='ocrx_word' id='word_1_702' title='bbox 3119 4639 3184 4678; x_wconf 74' lang='lat' dir='ltr'><strong>ex</strong></span> <span class='ocrx_word' id='word_1_703' title='bbox 3218 4639 3466 4681; x_wconf 82' lang='lat' dir='ltr'><strong>secessus</strong></span> 
     </span>
    </p>
   </div>
   <div class='ocr_carea' id='block_1_105' title="bbox 1905 4714 3468 4789">
    <p class='ocr_par' dir='ltr' id='par_1_105' title="bbox 1905 4714 3468 4789">
     <span class='ocr_line' id='line_1_106' title="bbox 1905 4714 3468 4789; baseline -0.001 -17"><span class='ocrx_word' id='word_1_704' title='bbox 1905 4720 2024 4773; x_wconf 92' lang='lat' dir='ltr'><strong>loco</strong></span> <span class='ocrx_word' id='word_1_705' title='bbox 2052 4719 2158 4789; x_wconf 78' lang='lat'><strong>(9).;</strong></span> <span class='ocrx_word' id='word_1_706' title='bbox 2191 4733 2360 4773; x_wconf 87' lang='lat' dir='ltr'><strong>suone</strong></span> <span class='ocrx_word' id='word_1_707' title='bbox 2397 4717 2486 4771; x_wconf 89' lang='lat' dir='ltr'><strong>ille</strong></span> <span class='ocrx_word' id='word_1_708' title='bbox 2521 4715 2770 4781; x_wconf 89' lang='lat' dir='ltr'><strong>consilio,</strong></span> <span class='ocrx_word' id='word_1_709' title='bbox 2804 4715 2979 4770; x_wconf 88' lang='lat' dir='ltr'><strong>oblata</strong></span> <span class='ocrx_word' id='word_1_710' title='bbox 3019 4714 3261 4771; x_wconf 84' lang='lat' dir='ltr'><strong>muneris</strong></span> <span class='ocrx_word' id='word_1_711' title='bbox 3300 4716 3468 4772; x_wconf 89' lang='lat' dir='ltr'><strong>decli-</strong></span> 
     </span>
    </p>
   </div>
   <div class='ocr_carea' id='block_1_106' title="bbox 1906 4808 3467 4879">
    <p class='ocr_par' dir='ltr' id='par_1_106' title="bbox 1906 4808 3467 4879">
     <span class='ocr_line' id='line_1_107' title="bbox 1906 4808 3467 4879; baseline 0.003 -16"><span class='ocrx_word' id='word_1_712' title='bbox 1906 4812 2071 4864; x_wconf 81' lang='lat' dir='ltr'><strong>nandi</strong></span> <span class='ocrx_word' id='word_1_713' title='bbox 2103 4825 2218 4879; x_wconf 91' lang='lat' dir='ltr'><strong>spe,</strong></span> <span class='ocrx_word' id='word_1_714' title='bbox 2246 4825 2313 4863; x_wconf 89' lang='lat' dir='ltr'><strong>an</strong></span> <span class='ocrx_word' id='word_1_715' title='bbox 2345 4808 2524 4863; x_wconf 89' lang='lat' dir='ltr'><strong>divino</strong></span> <span class='ocrx_word' id='word_1_716' title='bbox 2562 4808 2819 4863; x_wconf 90' lang='lat' dir='ltr'><strong>instinctu</strong></span> <span class='ocrx_word' id='word_1_717' title='bbox 2849 4810 2913 4862; x_wconf 91' lang='lat' dir='ltr'><strong>ad</strong></span> <span class='ocrx_word' id='word_1_718' title='bbox 2936 4808 3168 4864; x_wconf 80' lang='lat' dir='ltr'><strong>oliicium</strong></span> <span class='ocrx_word' id='word_1_719' title='bbox 3211 4823 3467 4867; x_wconf 89' lang='lat' dir='ltr'><strong>evocatus</strong></span> 
     </span>
    </p>
   </div>
   <div class='ocr_carea' id='block_1_107' title="bbox 1904 4899 3468 4969">
    <p class='ocr_par' dir='ltr' id='par_1_107' title="bbox 1904 4899 3468 4969">
     <span class='ocr_line' id='line_1_108' title="bbox 1904 4899 3468 4969; baseline 0.001 -14"><span class='ocrx_word' id='word_1_720' title='bbox 1904 4901 2213 4964; x_wconf 86' lang='lat' dir='ltr'><strong>accesserit,</strong></span> <span class='ocrx_word' id='word_1_721' title='bbox 2244 4901 2447 4969; x_wconf 89' lang='lat' dir='ltr'><strong>pariter</strong></span> <span class='ocrx_word' id='word_1_722' title='bbox 2477 4900 2763 4954; x_wconf 86' lang='lat' dir='ltr'><strong>incertum.</strong></span> <span class='ocrx_word' id='word_1_723' title='bbox 2808 4899 2994 4953; x_wconf 78' lang='lat' dir='ltr'><strong>Redux</strong></span> <span class='ocrx_word' id='word_1_724' title='bbox 3036 4909 3217 4954; x_wconf 85' lang='lat' dir='ltr'><strong>autem</strong></span> <span class='ocrx_word' id='word_1_725' title='bbox 3254 4914 3468 4957; x_wconf 89' lang='lat' dir='ltr'><strong>summa</strong></span> 
     </span>
    </p>
   </div>
   <div class='ocr_carea' id='block_1_108' title="bbox 1903 4992 3469 5064">
    <p class='ocr_par' dir='ltr' id='par_1_108' title="bbox 1903 4992 3469 5064">
     <span class='ocr_line' id='line_1_109' title="bbox 1903 4992 3469 5064; baseline -0.001 -17"><span class='ocrx_word' id='word_1_726' title='bbox 1903 4995 2220 5064; x_wconf 89' lang='lat' dir='ltr'><strong>populorum</strong></span> <span class='ocrx_word' id='word_1_727' title='bbox 2266 4993 2449 5048; x_wconf 75' lang='lat' dir='ltr'><strong>lzetitia</strong></span> <span class='ocrx_word' id='word_1_728' title='bbox 2478 4994 2769 5061; x_wconf 81' lang='lat' dir='ltr'><strong>excipitur.</strong></span> <span class='ocrx_word' id='word_1_729' title='bbox 2822 4992 2959 5047; x_wconf 89' lang='lat' dir='ltr'><strong>llinc</strong></span> <span class='ocrx_word' id='word_1_730' title='bbox 3005 5008 3318 5059; x_wconf 89' lang='lat' dir='ltr'><strong>concursus,</strong></span> <span class='ocrx_word' id='word_1_731' title='bbox 3356 4994 3469 5047; x_wconf 76' lang='lat' dir='ltr'><strong>cln-</strong></span> 
     </span>
    </p>
   </div>
   <div class='ocr_carea' id='block_1_109' title="bbox 1906 5086 3459 5158">
    <p class='ocr_par' dir='ltr' id='par_1_109' title="bbox 1906 5086 3459 5158">
     <span class='ocr_line' id='line_1_110' title="bbox 1906 5086 3459 5158; baseline -0.001 -17"><span class='ocrx_word' id='word_1_732' title='bbox 1906 5105 2043 5152; x_wconf 87' lang='lat' dir='ltr'><strong>mor,</strong></span> <span class='ocrx_word' id='word_1_733' title='bbox 2076 5097 2200 5141; x_wconf 89' lang='lat' dir='ltr'><strong>vota</strong></span> <span class='ocrx_word' id='word_1_734' title='bbox 2234 5087 2446 5158; x_wconf 89' lang='lat' dir='ltr'><strong>publica</strong></span> <span class='ocrx_word' id='word_1_735' title='bbox 2473 5087 2645 5157; x_wconf 88' lang='lat' dir='ltr'><strong>plebis</strong></span> <span class='ocrx_word' id='word_1_736' title='bbox 2670 5088 2951 5141; x_wconf 65' lang='lat' dir='ltr'><strong>catholicae</strong></span> <span class='ocrx_word' id='word_1_737' title='bbox 2975 5086 3329 5142; x_wconf 86' lang='lat' dir='ltr'><strong>Athanasium</strong></span> <span class='ocrx_word' id='word_1_738' title='bbox 3353 5089 3459 5140; x_wconf 86' lang='lat' dir='ltr'><strong>sibi</strong></span> 
     </span>
    </p>
   </div>
   <div class='ocr_carea' id='block_1_110' title="bbox 1904 5178 3470 5250">
    <p class='ocr_par' dir='ltr' id='par_1_110' title="bbox 1904 5178 3470 5250">
     <span class='ocr_line' id='line_1_111' title="bbox 1904 5178 3470 5250; baseline -0.002 -18"><span class='ocrx_word' id='word_1_739' title='bbox 1904 5180 2212 5250; x_wconf 86' lang='lat' dir='ltr'><strong>episcopum</strong></span> <span class='ocrx_word' id='word_1_740' title='bbox 2239 5180 2602 5247; x_wconf 84' lang='lat' dir='ltr'><strong>elllagitantis.</strong></span> <span class='ocrx_word' id='word_1_741' title='bbox 2639 5178 2751 5234; x_wconf 85' lang='lat' dir='ltr'><strong>Hoc</strong></span> <span class='ocrx_word' id='word_1_742' title='bbox 2789 5180 2970 5234; x_wconf 88' lang='lat' dir='ltr'><strong>animo</strong></span> <span class='ocrx_word' id='word_1_743' title='bbox 3000 5179 3283 5233; x_wconf 89' lang='lat' dir='ltr'><strong>multitudo</strong></span> <span class='ocrx_word' id='word_1_744' title='bbox 3310 5179 3470 5231; x_wconf 85' lang='lat' dir='ltr'><strong>innu-</strong></span> 
     </span>
    </p>
   </div>
   <div class='ocr_carea' id='block_1_111' title="bbox 1904 5268 3465 5337">
    <p class='ocr_par' dir='ltr' id='par_1_111' title="bbox 1904 5268 3465 5337">
     <span class='ocr_line' id='line_1_112' title="bbox 1904 5268 3465 5337; baseline -0.001 -14"><span class='ocrx_word' id='word_1_745' title='bbox 1904 5286 2055 5325; x_wconf 88' lang='lat' dir='ltr'><strong>mera</strong></span> <span class='ocrx_word' id='word_1_746' title='bbox 2079 5272 2302 5325; x_wconf 85' lang='lat' dir='ltr'><strong>confluit</strong></span> <span class='ocrx_word' id='word_1_747' title='bbox 2338 5273 2389 5324; x_wconf 92' lang='lat' dir='ltr'><strong>in</strong></span> <span class='ocrx_word' id='word_1_748' title='bbox 2426 5271 2731 5336; x_wconf 88' lang='lat' dir='ltr'><strong>ecclesiam,</strong></span> <span class='ocrx_word' id='word_1_749' title='bbox 2766 5270 2854 5325; x_wconf 91' lang='lat' dir='ltr'><strong>ubi</strong></span> <span class='ocrx_word' id='word_1_750' title='bbox 2907 5280 3016 5324; x_wconf 91' lang='lat' dir='ltr'><strong>tum</strong></span> <span class='ocrx_word' id='word_1_751' title='bbox 3046 5280 3201 5324; x_wconf 88' lang='lat' dir='ltr'><strong>erant</strong></span> <span class='ocrx_word' id='word_1_752' title='bbox 3230 5268 3465 5337; x_wconf 63' lang='grc' dir='ltr'><strong>Ᾱιῖεγριὶἰ</strong></span> 
     </span>
    </p>
   </div>
   <div class='ocr_carea' id='block_1_112' title="bbox 1902 5363 3464 5431">
    <p class='ocr_par' dir='ltr' id='par_1_112' title="bbox 1902 5363 3464 5431">
     <span class='ocr_line' id='line_1_113' title="bbox 1902 5363 3464 5431; baseline -0.001 -16"><span class='ocrx_word' id='word_1_753' title='bbox 1902 5364 2139 5431; x_wconf 84' lang='lat' dir='ltr'><strong>episcopi</strong></span> <span class='ocrx_word' id='word_1_754' title='bbox 2170 5365 2357 5418; x_wconf 90' lang='lat' dir='ltr'><strong>eadem</strong></span> <span class='ocrx_word' id='word_1_755' title='bbox 2381 5364 2447 5418; x_wconf 92' lang='lat' dir='ltr'><strong>de</strong></span> <span class='ocrx_word' id='word_1_756' title='bbox 2481 5379 2640 5418; x_wconf 87' lang='lat' dir='ltr'><strong>causa</strong></span> <span class='ocrx_word' id='word_1_757' title='bbox 2664 5366 2856 5419; x_wconf 86' lang='lat' dir='ltr'><strong>coacti.</strong></span> <span class='ocrx_word' id='word_1_758' title='bbox 2886 5364 3019 5416; x_wconf 88' lang='lat' dir='ltr'><strong>Tum</strong></span> <span class='ocrx_word' id='word_1_759' title='bbox 3060 5363 3208 5431; x_wconf 85' lang='lat' dir='ltr'><strong>plebs</strong></span> <span class='ocrx_word' id='word_1_760' title='bbox 3247 5363 3464 5414; x_wconf 87' lang='lat' dir='ltr'><strong>incensa</strong></span> 
     </span>
    </p>
   </div>
   <div class='ocr_carea' id='block_1_113' title="bbox 1909 5448 3465 5524">
    <p class='ocr_par' dir='ltr' id='par_1_113' title="bbox 1909 5448 3465 5524">
     <span class='ocr_line' id='line_1_114' title="bbox 1909 5448 3465 5524; baseline -0.007 -13"><span class='ocrx_word' id='word_1_761' title='bbox 1909 5454 2165 5523; x_wconf 84' lang='lat' dir='ltr'><strong>cupidine</strong></span> <span class='ocrx_word' id='word_1_762' title='bbox 2196 5454 2364 5524; x_wconf 91' lang='lat' dir='ltr'><strong>optati</strong></span> <span class='ocrx_word' id='word_1_763' title='bbox 2392 5456 2661 5523; x_wconf 88' lang='lat' dir='ltr'><strong>potiundi,</strong></span> <span class='ocrx_word' id='word_1_764' title='bbox 2694 5456 2838 5511; x_wconf 89' lang='lat' dir='ltr'><strong>edito</strong></span> <span class='ocrx_word' id='word_1_765' title='bbox 2864 5453 3097 5507; x_wconf 86' lang='lat' dir='ltr'><strong>clamore</strong></span> <span class='ocrx_word' id='word_1_766' title='bbox 3130 5465 3339 5519; x_wconf 81' lang='lat' dir='ltr'><strong>rogare,</strong></span> <span class='ocrx_word' id='word_1_767' title='bbox 3366 5448 3465 5501; x_wconf 88' lang='lat' dir='ltr'><strong>ob-</strong></span> 
     </span>
    </p>
   </div>
   <div class='ocr_carea' id='block_1_114' title="bbox 1972 5629 3467 5700">
    <p class='ocr_par' dir='ltr' id='par_1_114' title="bbox 1972 5629 3467 5700">
     <span class='ocr_line' id='line_1_115' title="bbox 1972 5629 3467 5700; baseline -0.001 -15"><span class='ocrx_word' id='word_1_768' title='bbox 1972 5629 2044 5700; x_wconf 88' lang='lat' dir='ltr'><strong>(e)</strong></span> <span class='ocrx_word' id='word_1_769' title='bbox 2076 5630 2282 5687; x_wconf 86' lang='lat' dir='ltr'><strong>Theod.</strong></span> <span class='ocrx_word' id='word_1_770' title='bbox 2332 5632 2425 5686; x_wconf 89' lang='lat' dir='ltr'><strong>lib.</strong></span> <span class='ocrx_word' id='word_1_771' title='bbox 2470 5648 2510 5692; x_wconf 89' lang='lat' dir='ltr'><strong>I,</strong></span> <span class='ocrx_word' id='word_1_772' title='bbox 2546 5647 2666 5699; x_wconf 90' lang='lat' dir='ltr'><strong>cap.</strong></span> <span class='ocrx_word' id='word_1_773' title='bbox 2711 5632 2810 5697; x_wconf 65' lang='lat'><strong>26;</strong></span> <span class='ocrx_word' id='word_1_774' title='bbox 2845 5633 3041 5686; x_wconf 89' lang='lat' dir='ltr'><strong>Athan.</strong></span> <span class='ocrx_word' id='word_1_775' title='bbox 3093 5629 3243 5699; x_wconf 81' lang='lat' dir='ltr'><strong>Apol.</strong></span> <span class='ocrx_word' id='word_1_776' title='bbox 3278 5636 3467 5683; x_wconf 81' lang='lat' dir='ltr'><strong>contra</strong></span> 
     </span>
    </p>
   </div>
   <div class='ocr_carea' id='block_1_115' title="bbox 1900 5700 2793 5763">
    <p class='ocr_par' dir='ltr' id='par_1_115' title="bbox 1900 5700 2793 5763">
     <span class='ocr_line' id='line_1_116' title="bbox 1900 5700 2793 5763; baseline 0.003 -11"><span class='ocrx_word' id='word_1_777' title='bbox 1900 5700 2107 5763; x_wconf 68' lang='lat' dir='ltr'><strong>Arium,</strong></span> <span class='ocrx_word' id='word_1_778' title='bbox 2139 5720 2191 5755; x_wconf 83' lang='grc' dir='ltr'><strong>ιι.</strong></span> <span class='ocrx_word' id='word_1_779' title='bbox 2225 5702 2309 5757; x_wconf 83' lang='grc'>59.</span> <span class='ocrx_word' id='word_1_780' title='bbox 2338 5700 2470 5756; x_wconf 82' lang='lat' dir='ltr'><strong>Vide</strong></span> <span class='ocrx_word' id='word_1_781' title='bbox 2492 5705 2543 5756; x_wconf 89' lang='lat' dir='ltr'><strong>in</strong></span> <span class='ocrx_word' id='word_1_782' title='bbox 2572 5702 2793 5756; x_wconf 72' lang='lat' dir='ltr'><strong>Manilo.</strong></span> 
     </span>
    </p>
   </div>
   <div class='ocr_carea' id='block_1_116' title="bbox 1970 5772 2403 5841">
    <p class='ocr_par' dir='ltr' id='par_1_116' title="bbox 1970 5772 2403 5841">
     <span class='ocr_line' id='line_1_117' title="bbox 1970 5772 2403 5841; baseline 0.009 -17"><span class='ocrx_word' id='word_1_783' title='bbox 1970 5772 2034 5841; x_wconf 72' lang='lat'>(0</span> <span class='ocrx_word' id='word_1_784' title='bbox 2062 5773 2199 5827; x_wconf 67' lang='lat' dir='ltr'><strong>Hier.</strong></span> <span class='ocrx_word' id='word_1_785' title='bbox 2216 5788 2403 5828; x_wconf 71' lang='lat' dir='ltr'><strong>vam.</strong></span> 
     </span>
    </p>
   </div>
   <div class='ocr_carea' id='block_1_117' title="bbox 1972 5842 2625 5909">
    <p class='ocr_par' dir='ltr' id='par_1_117' title="bbox 1972 5842 2625 5909">
     <span class='ocr_line' id='line_1_118' title="bbox 1972 5842 2625 5909; baseline -0.003 -12"><span class='ocrx_word' id='word_1_786' title='bbox 1972 5844 2043 5909; x_wconf 71' lang='grc' dir='ltr'><strong>(μ)</strong></span> <span class='ocrx_word' id='word_1_787' title='bbox 2074 5842 2268 5894; x_wconf 80' lang='lat' dir='ltr'><strong>Athan.</strong></span> <span class='ocrx_word' id='word_1_788' title='bbox 2302 5843 2453 5908; x_wconf 77' lang='lat' dir='ltr'><strong>ihid.,</strong></span> <span class='ocrx_word' id='word_1_789' title='bbox 2487 5860 2537 5897; x_wconf 90' lang='lat' dir='ltr'><strong>tt.</strong></span> <span class='ocrx_word' id='word_1_790' title='bbox 2573 5844 2625 5895; x_wconf 84' lang='lat'><strong>6.</strong></span> 
     </span>
    </p>
   </div>
  </div>
