4038 6572
576 479 726 519 LXXII

1918 455 2282 506 PliULlahUM
2293 455 2449 502 ENA.

581 579 764 635 testari
813 577 1107 646 praesules,
1157 537 1510 631 Athanasium
1563 584 1889 642 exposcere;
1953 568 2145 622 deinde
2181 567 2228 621 A
2258 582 2401 618 mmn
2479 563 2793 633 Gregorium
2834 559 3226 616 Nazianzenum
3263 561 3317 616 in
3385 562 3522 617 hanc
3566 576 3678 617 rem
3725 575 3818 615 au-

582 673 754 728 versis
807 671 873 725 ad
923 670 1198 725 Christum
1258 670 1510 738 precibus
1553 668 1862 726 obsecrare,
1919 657 2145 714 concedi

584 764 684 819 sibi
730 763 1053 832 postulatum
1096 763 1267 816 virum
1305 778 1320 816 :
1366 776 1471 814 non
1513 772 1766 829 passurus
1813 769 1872 808 se
1915 752 2145 807 ecclesia

583 854 863 924 episcopos
925 852 1225 918 excedere,
1299 852 1471 906 donec
1537 849 1762 903 allectus
1818 845 2147 900 Athanasius

584 954 730 1001 esset
765 965 778 1000 :
817 945 988 999 virum
1029 944 1168 1015 frugi
1229 942 1609 1005 vociferantes,
1647 938 1978 1010 religiosum,
2020 950 2149 990 vere

584 1034 974 1098 Christianum,
1031 1041 1291 1096 ascetam,
1335 1046 1463 1086 vere
1508 1030 1836 1099 episcOpum.
1887 1028 1979 1082 llis
2028 1041 2150 1095 per-

586 1126 721 1181 moti
768 1126 1004 1196 }Egyptii
1069 1125 1346 1194 episcopi,
1408 1123 1765 1176 Athanasium
1841 1119 1892 1173 in
1965 1118 2147 1172 sedem

585 1217 1004 1271 Alexandrinam
1035 1217 1358 1284 provehunt,
1401 1225 1456 1270 et
1480 1215 1700 1284 quidem
1749 1211 1950 1282 ingenti
1986 1225 2149 1280 popu-

585 1307 759 1362 lorum
790 1307 972 1377 plausu
1015 1307 1325 1376 laetitiaque.
1355 1305 1479 1360 Haec
1518 1305 1572 1360 in
1609 1304 1862 1375 synodica
1911 1299 2148 1370 Egyptii

587 1402 861 1471 praesules,
887 1401 1084 1457 oculati
1113 1411 1297 1465 testes,
1323 1399 1413 1468 qui
1447 1399 1559 1454 suis
1583 1398 1684 1467 ipsi
1714 1397 1960 1450 manibus
1982 1393 2152 1446 Atha-

589 1495 796 1548 nasium
833 1495 885 1548 in
918 1493 1207 1564 episcopali
1241 1493 1438 1547 throno
1489 1490 1843 1546 collocarunt.
1888 1489 1956 1540 At
1996 1499 2152 1540 secus

591 1586 813 1640 lllttlfltm
853 1601 963 1640 rem
997 1585 1281 1640 Eusebiani
1321 1583 1502 1639 missis
1535 1583 1600 1636 ad
1638 1583 2019 1649 imperatorem
2060 1578 2147 1631 lit-

593 1678 721 1730 teris
773 1676 1166 1746 significarunt.
1219 1673 1450 1729 Aiehant
1493 1672 1688 1742 quippe
1719 1670 1793 1741 (a)
1845 1668 2152 1722 Mrletianos

588 1784 711 1824 cum
773 1769 1063 1824 Catholicis
1124 1767 1253 1823 inita
1314 1767 1589 1832 societate,
1659 1779 1762 1817 una
1833 1760 2154 1816 confluxisse

588 1860 968 1916 Alexandriam
1021 1875 1087 1914 ex
1138 1857 1411 1912 Thebaide
1473 1866 1527 1910 et
1584 1855 1819 1924 IEgypto
1871 1853 2152 1921 episcopos

2253 660 2367 712 dire
2397 657 2485 729 (ε).
2525 675 2542 707 ‹
2585 657 2675 710 Sic
2699 670 2860 726 porro
2888 655 3152 710 educatus
3183 663 3237 708 et
3275 654 3579 718 institutus,
3622 663 3683 708 ut
3723 669 3816 710 eos

2253 766 2396 805 nunc
2435 763 2647 819 quoque
2677 758 2948 817 oporteret
2981 749 3067 818 qui
3109 748 3278 818 plebis
3323 747 3595 803 antistites
3628 745 3818 816 futuri,

2255 857 2614 911 magnumque
2633 841 2835 896 Christi
2873 856 3068 911 corpus
3102 840 3387 896 tractaturi
3420 850 3570 896 sunt.
3607 839 3819 894 Secun-

2255 936 2379 991 dum
2437 932 2701 989 ineffabile
2725 933 2825 990 Dei
2850 934 3131 989 consilium
3157 947 3218 987 ac
3241 933 3634 1003 praescientiam
3653 972 3668 996 ,
3705 945 3824 1000 qua:

2255 1043 2567 1098 magnarum
2606 1043 2786 1083 rerum
2817 1027 3096 1082 materiam
3140 1027 3228 1082 diu
3261 1036 3386 1080 ante
3429 1034 3726 1095 praeparat,
3768 1025 3820 1078 in

2257 1117 2573 1188 praeclarum
2616 1119 2759 1172 hunc
2796 1119 3140 1174 sacerdotum
3191 1117 3440 1174 ordinem
3496 1124 3819 1184 cooptatur,

2256 1222 2418 1281 atque
2447 1212 2498 1266 in
2532 1227 2717 1268 eorum
2760 1213 2851 1282 qui
2894 1211 3345 1284 appropinquanti
3377 1210 3489 1266 Deo
3519 1211 3816 1281 appropin-

2256 1312 2424 1373 quant
2467 1319 2747 1358 numerum
2783 1305 3072 1370 allegitur:
3128 1304 3442 1373 cunctisque
3490 1303 3821 1358 ecclesiasti-

2256 1411 2441 1449 corum
2504 1397 2763 1465 graduum
2832 1397 3146 1452 muneribus
3208 1396 3541 1466 perfunctus,
3588 1395 3823 1450 Alexan-

2258 1491 2411 1545 drino
2438 1489 2654 1559 populo,
2687 1491 2826 1560 quod
2854 1489 2990 1544 idem
3014 1499 3096 1544 est
3124 1505 3188 1544 ac
3210 1489 3252 1543 si
3275 1489 3530 1542 dixissem
3564 1487 3818 1542 universo

2260 1593 2522 1637 terrarum
2564 1583 2706 1646 orbi,
2739 1582 3053 1652 praeficitur.
3101 1581 3288 1652 Neque
3319 1591 3408 1635 sat
3443 1581 3674 1637 definire
3703 1597 3825 1652 pos-

2260 1689 2400 1739 sum,
2441 1673 2730 1729 virtutisne
2778 1673 3076 1742 praemium,
3124 1688 3191 1726 an
3234 1672 3490 1727 Ecclesiae
3523 1672 3728 1726 fontem
3764 1687 3825 1726 ac

2259 1765 2423 1819 vitam
2457 1765 2760 1834 hujusmodi
2817 1766 3134 1835 dignitatem
3169 1765 3460 1834 acceperit.
3494 1763 3648 1819 lianc
3679 1764 3822 1819 enim

2259 1857 2544 1925 oportebat
2567 1857 2810 1912 veritatis
2839 1856 2928 1911 siti
2962 1856 3324 1928 languentem,
3364 1873 3427 1912 ac
3474 1873 3642 1927 prope
3690 1874 3825 1913 con-

589 1959 818 2020 quatuor
846 1959 899 2005 et
942 1949 1352 2019 quinquaginta,
1390 1949 1480 2015 qui
1507 1948 1605 2017 (sic
1630 1945 1912 2017 illi)jurati
1944 1953 2148 1998 statue-
2181 1936 2223 1992 Β
2254 1951 2471 2015 fectam,
2507 1949 2746 2006 lsmaelis
2790 1951 2984 2015 instar,
3027 1961 3153 2020 potu
3209 1953 3466 2016 recreari,
3526 1962 3620 2006 aut
3679 1953 3829 2007 velut

591 2049 714 2094 runt
737 2041 974 2094 omnium
1021 2038 1227 2094 calculo
1260 2049 1315 2092 et
1369 2037 1638 2105 suffragiis
1667 2037 2006 2103 deligendum
2061 2034 2152 2104 qui

589 2133 1006 2186 Alexandrinam
1046 2139 1338 2202 occuparet
1392 2129 1612 2194 sedem;
1662 2144 1843 2181 verum
1893 2142 2153 2194 sex,sep-

591 2235 764 2279 temve
807 2224 1089 2294 episcopos
1133 2239 1162 2278 a
1210 2233 1354 2278 coetu
1388 2223 1677 2291 digressos,
1727 2219 2154 2290 imprudentibus

590 2316 878 2384 invitisque
942 2316 1152 2371 ca'teris
1226 2314 1514 2375 omnibus,
1590 2313 1727 2367 clam
1807 2311 2154 2366 coastituisse

589 2408 940 2462 Athanasium
997 2409 1343 2477 episc0pum;
1387 2422 1503 2475 qua:
1547 2421 1706 2459 causa
1763 2413 1905 2459 esset
1941 2413 1997 2457 ut
2051 2403 2153 2458 fre-

590 2516 760 2569 quens
788 2500 1037 2570 populus,
1069 2500 1360 2568 clericique
1386 2498 1634 2568 permulti
1667 2498 1782 2568 ejus
1817 2496 2154 2551 communio-

583 2607 713 2646 nem
771 2601 1171 2646 aversarentur.
1224 2590 1348 2645 Haec
1389 2591 1484 2644 illi.
1529 2591 1720 2645 Verum
1771 2589 1936 2643 multo
1983 2589 2156 2657 impu-

576 2684 803 2740 dentius
829 2683 1220 2751 Philostorgius
1244 2682 1341 2755 (ὁ),
1385 2683 1741 2736 Athanasium
1776 2681 2157 2736 narrateccle-

591 2773 941 2830 siam'Sancti
977 2775 1216 2846 Dionysii
1241 2773 1525 2841 invasisse,
1555 2786 1715 2842 atque
1757 2773 1894 2828 duos
1942 2775 2154 2842 episco-

580 2881 690 2934 ,νος
711 2867 870 2920 isthic
909 2876 1156 2935 repertos
1181 2867 1229 2920 vi
1255 2865 1577 2934 compulisse
1611 2874 1670 2918 ut
1711 2865 2016 2933 episc0pale
2052 2863 2154 2918 sibi

595 2974 788 3012 munus
817 2957 1111 3024 deferrent,
1135 2965 1360 3014 creteros
1389 2965 1568 3012 autem
1607 2954 1732 3009 facti
1791 2955 2158 3023 indignatione
2194 2953 2200 2960 ’

594 3061 863 3117 permotos
911 3047 1196 3102 damnasse
1242 3046 1536 3113 hominem,
1588 3045 2056 3114 Athanasiumque
2101 3045 2154 3098 vi

595 3137 956 3193 multitudinis
994 3153 1058 3193 ac
1101 3137 1280 3208 populi
1335 3137 1585 3206 prmsidio
1624 3138 1985 3208 superiorem,
2018 3137 2158 3191 litte-

595 3229 688 3292 ris,
715 3243 812 3284 ceu
843 3230 1008 3284 totius
1035 3229 1262 3284 consilio
1293 3215 1555 3294 civitatis,
1592 3229 1906 3300 imperatori
1953 3243 2012 3284 se
2050 3229 2159 3283 ele-

593 3331 737 3376 ctum
771 3321 937 3376 fuisse
975 3321 1352 3388 significasse:
1386 3335 1494 3392 quo
1520 3320 1716 3375 factum
1751 3332 1810 3375 ut
1837 3321 1888 3376 vi
1927 3335 2159 3390 occupa-

598 3423 705 3465 tam
751 3414 930 3466 sedem
976 3423 1202 3467 teneret.
1255 3412 1379 3468 Haec
1428 3413 1681 3467 nimirum
1715 3413 2162 3468 mendacissimus

597 3498 1010 3571 Pbilostorgius,
1061 3502 1152 3571 qui
1209 3503 1407 3556 nedum
1459 3504 1765 3570 veritatem,
1820 3518 1887 3558 ne
1917 3505 2162 3561 veritatis

581 3595 1078 3663 -quidem’umbram
1101 3602 1156 3648 et
1177 3595 1409 3664 speciem
1441 3604 1697 3649 sectatur.

661 3685 720 3740 4.
749 3685 960 3739 Annum
998 3686 1181 3755 itaque
1205 3687 1438 3755 c00ptati
1463 3688 1513 3740 in
1548 3689 1852 3760 episcOpum
1876 3689 2160 3745 Athanasii

585 3775 933 3846 .assignamus
972 3775 1098 3842 526,
1143 3775 1340 3844 elapsis
1388 3777 1708 3846 quibusdam
1761 3778 1828 3833 ab
1866 3778 2158 3834 Alexandri

595 3867 744 3922 obitu
796 3866 1090 3922 mensibus.
1122 3868 1300 3938 Atque
1353 3869 1426 3923 ita
1474 3870 1639 3939 probe
1683 3879 1897 3925 constat
1954 3872 2093 3941 quod
2127 3886 2160 3927 a

597 3958 798 4029 Cyrillo
828 3957 896 4028 (c)
933 3967 990 4014 et
1029 3959 1147 4015 aliis
1178 3961 1429 4027 traditur,
1475 3962 1826 4016 Athanasium
1869 3962 2077 4018 scilicet
2104 3963 2159 4019 in

595 4049 889 4118 episcopali
914 4051 1040 4104 sede
1080 4059 1248 4105 totum
1276 4066 1370 4107 sex
1408 4068 1570 4121 super
1607 4055 1959 4124 quadraginta
1985 4072 2157 4111 anno-

595 4156 715 4195 rum
744 4141 978 4209 spatium
1022 4157 1296 4200 emensum
1327 4145 1544 4202 obiisse.
1583 4145 1656 4202 At
1696 4149 1838 4204 enim
1887 4151 1932 4205 si
1981 4152 2160 4220 ponti-

595 4231 788 4287 ficatus
817 4232 1097 4289 Athanasii
1126 4236 1404 4292 exordium
1433 4237 1663 4294 ducatur
1709 4242 1777 4295 ab
1840 4257 1982 4296 anno
2028 4243 2154 4308 526,

596 4336 688 4382 aut
729 4328 950 4384 dimidio
983 4330 1200 4385 circiter
1226 4341 1317 4386 aut
1352 4344 1616 4398 vertente,
1660 4338 1724 4390 ad
1766 4337 1891 4401 575,
1944 4339 2032 4393 die
2067 4355 2157 4394 se-

597 4421 771 4474 cunda
800 4421 951 4486 lllaii,
983 4439 1090 4493 quo
1130 4433 1372 4495 tempore
1396 4427 1596 4483 obiisse
1629 4429 1854 4486 inferius
1882 4447 2160 4486 common-

576 4518 828 4574 ‘stratur,
854 4523 1231 4582 computantur
1263 4518 1388 4571 anni
1422 4533 1517 4573 sex
1547 4527 1602 4574 et
1625 4522 1986 4591 quadraginta
2030 4538 2154 4576 cum

595 4600 914 4671 quibusdam
941 4607 1234 4663 mensibus.

666 4699 719 4752 5.
749 4697 804 4751 ln
837 4700 1118 4756 Athanasii
1146 4705 1533 4772 promotionem
1564 4706 1678 4762 haec
1715 4706 1878 4761 habet
1899 4704 2156 4762 Sozome-

597 4803 698 4843 nus
736 4789 810 4859 (d)
850 4807 864 4843 :
910 4809 929 4842 ί
961 4791 1070 4862 Ego
1108 4809 1239 4849 sane
1291 4797 1462 4850 virum
1508 4799 1810 4865 hujusmodi
1859 4813 1964 4853 non
2019 4799 2153 4854 citra

597 4883 690 4936 Dei
723 4892 906 4937 nutum
935 4887 1002 4939 ad
1038 4889 1395 4942 sacerdotium
1419 4893 1730 4959 pervenisse
1755 4892 2032 4959 existimo,
2071 4903 2154 4948 ut-

593 4983 716 5042 pote
743 4973 1044 5043 eloquentia
1066 4977 1219 5044 juxta
1263 4990 1424 5048 atque
1454 4981 1803 5050 intelligentia
1847 4984 2154 5050 praeditum,

593 5077 647 5120 et
674 5067 740 5120 ad
773 5072 1173 5125 occurrendum
1200 5073 1410 5126 insidiis
1423 5074 1851 5129 adversariorum
1878 5077 2156 5142 paratissi-

592 5175 769 5224 mum,
798 5161 1096 5230 cujusmodi
1120 5164 1295 5219 virum
1333 5165 1421 5220 illa
1451 5176 1692 5234 tempora
1727 5182 1887 5235 quam
1921 5168 2154 5222 maxime

591 5250 954 5316 postulabant.
979 5252 1102 5307 Fuit
1133 5266 1280 5310 certe
1321 5258 1390 5309 ad
1433 5259 1720 5311 conciones
1750 5257 2152 5314 ecclesiasticas

593 5352 647 5396 et
675 5343 745 5399 ad
763 5347 1049 5402 sacerdotii
1084 5363 1279 5403 munus
1306 5347 1610 5402 obeundum
1640 5347 1971 5417 aptissimus,
1996 5358 2157 5415 atque

590 5435 656 5486 ab
711 5440 932 5492 ineunte
989 5448 1149 5493 aetate
1212 5441 1263 5492 in
1321 5439 1583 5508 ejusmodi
1642 5439 1803 5493 rebus
1873 5439 2150 5493 αὐτοδίδα-

589 5543 732 5590 κτος.
765 5547 782 5580 ι

657 5617 709 5671 6.
738 5617 912 5674 Lubet
940 5619 1221 5673 Athanasii
1274 5631 1574 5688 praeconem
1622 5618 1861 5672 omnium
1909 5618 2154 5675 clarissi-

657 5751 732 5821 (a)
761 5756 979 5823 §iizom.
1016 5753 1110 5807 lib.
1131 5771 1197 5815 ιι,
1232 5767 1351 5823 cap.
1379 5751 1476 5813 l7;
1507 5752 1702 5807 Athan.
1730 5754 1883 5820 ibid.,
1910 5772 1962 5808 n.
1996 5755 2050 5808 6.

661 5825 734 5890 to)
763 5822 881 5874 Lib.
918 5839 976 5883 ιι,
1002 5838 1050 5876 c.
1088 5825 1174 5878 tt.

657 5892 725 5962 (ε)
754 5893 916 5961 Epist.
946 5893 993 5944 l.

2254 2042 2448 2108 Eliam,
2479 2051 2668 2096 arente
2707 2057 2804 2111 per
2828 2042 3128 2097 siccitatem
3162 2051 3327 2109 terra,
3353 2058 3418 2096 ex
3457 2052 3702 2097 torrente
3739 2058 3823 2096 re-

2255 2131 2506 2196 focillari,
2538 2130 2865 2201 paulumque
2923 2133 3277 2200 respirantem
3331 2133 3398 2186 ad
3444 2132 3612 2187 vitam
3667 2149 3829 2189 revo-

2253 2221 2386 2288 cari,
2429 2236 2492 2275 ac
2528 2235 2714 2274 semen
2769 2220 2964 2294 lsraeli_
3001 2221 3233 2292 relinqui
3265 2239 3279 2276 :
3317 2239 3380 2277 ne
3408 2234 3466 2276 ut
3510 2225 3747 2278 Sodoma
3778 2237 3831 2280 et

2261 2317 2570 2372 Gomorrha
2601 2315 2956 2382 elficeremur,
2981 2331 3206 2385 quarum
3241 2317 3470 2372 celebris
3499 2319 3718 2388 quidem
3749 2329 3833 2374 est

2255 2407 2595 2477 improbitas,
2661 2407 2931 2463 celebrior
3010 2418 3193 2462 autem
3264 2407 3551 2474 interitus;
3631 2409 3833 2464 incolis

2257 2514 2449 2569 nempe
2507 2500 2632 2566 igne
2695 2510 2749 2554 et
2807 2499 3068 2569 sulphure
3146 2502 3417 2570 Oppressis
3473 2511 3528 2555 et
3594 2502 3829 2556 obrutis.

2254 2591 2544 2662 Propterea
2578 2590 2733 2645 nobis
2766 2589 3075 2660 jacentibus
3125 2605 3292 2644 cornu
3356 2591 3547 2645 salutis
3586 2602 3832 2646 erectum

2254 2693 2356 2738 est.
2392 2702 2410 2735 ι
2449 2681 2513 2736 Et
2544 2681 2732 2752 paucis
2767 2680 3105 2750 interjectis:
3143 2698 3162 2731 ‹
3200 2680 3290 2735 Sic
3326 2680 3491 2750 igitur
3539 2690 3592 2734 et
3636 2680 3705 2733 ob
3737 2695 3834 2735 eas

2254 2788 2466 2837 causas,
2498 2773 2663 2826 totius
2699 2770 2878 2841 populi
2927 2768 3219 2840 suffragiis,
3266 2785 3373 2824 non
3419 2777 3596 2823 autem
3633 2784 3837 2824 secun-

2256 2870 2382 2924 dum
2410 2883 2633 2937 pravam
2662 2865 2894 2920 formam
2916 2905 2930 2930 ,
2957 2880 3077 2934 qua:
3103 2874 3284 2934 postea
3313 2863 3564 2930 obtinuit,
3595 2878 3695 2933 per
3720 2865 3834 2919 vim

2256 2970 2348 3014 aut
2377 2960 2612 3024 eadem;
2650 2959 2744 3013 sed
2797 2957 3093 3027 apostolico
3147 2972 3209 3011 ac
3253 2956 3519 3025 spirituali
3559 2973 3732 3022 more,
3764 2959 3834 3012 ad

2258 3049 2421 3105 Marci
2465 3051 2722 3104 thronum
2773 3047 3090 3117 provehitur
3130 3063 3145 3100 :
3189 3062 3297 3099 non
3357 3045 3537 3099 minus
3593 3046 3832 3112 pietatis,

2257 3159 2419 3214 quam
2457 3143 2604 3198 sedis
2657 3155 2964 3196 successor.
3015 3137 3086 3193 Ut
3119 3139 3262 3192 enim
3313 3137 3356 3191 si
3417 3138 3556 3190 hanc
3593 3147 3834 3204 spectes,

2259 3235 2654 3290 remotissimus
2688 3233 2753 3285 ab
2778 3246 2843 3286 eo
2877 3230 3089 3284 futurus
3119 3239 3241 3294 est;
3275 3229 3347 3281 ita
3386 3228 3432 3282 si
3479 3227 3624 3282 illius
3655 3228 3836 3280 ratio-

2260 3342 2382 3381 nem
2431 3326 2650 3389 habeas,
2695 3323 2875 3377 statim
2920 3322 2994 3376 illi
3045 3321 3320 3390 proximus
3355 3320 3677 3384 invenietur,
3714 3333 3840 3388 quae

2259 3413 2471 3483 quidem
2525 3412 2740 3482 pr0prie
2805 3410 3074 3466 successio
3145 3410 3503 3465 existimamla
3554 3421 3660 3465 est.
3712 3429 3731 3462 ι
3767 3411 3840 3464 Et

2259 3505 2572 3574 quibusdam
2632 3504 2962 3574 interpositis
3014 3504 3124 3558 haec
3171 3504 3335 3558 habet
3390 3503 3456 3559 de
3512 3502 3658 3558 illius
3710 3505 3838 3558 vita:

2261 3598 2548 3651 instituto:
2595 3613 2614 3647 ε
2654 3595 2980 3650 Athanasius
3003 3595 3109 3649 vita
3141 3595 3354 3664 quidem
3396 3594 3648 3650 sublimis
3688 3607 3839 3659 erat,

2259 3705 2445 3744 verum
2476 3689 2654 3742 animo
2676 3690 2937 3744 demissus
2961 3699 3016 3744 et
3055 3689 3268 3744 humilis
3299 3705 3313 3743 :
3348 3699 3403 3743 et
3429 3698 3575 3742 tanta
3612 3691 3839 3758 quidem

2259 3792 2377 3838 erat
2407 3785 2627 3847 virtute,
2674 3793 2733 3836 ut
2765 3783 2832 3837 ad
2872 3797 2991 3837 eam
3024 3782 3279 3837 accedere
3313 3791 3490 3852 posset
3535 3797 3734 3847 llell'lt);
3771 3798 3840 3837 ea

2259 3874 2546 3940 comitate,
2580 3881 2640 3928 ut
2677 3873 2744 3928 ad
2787 3872 2902 3940 ejus
2941 3887 3288 3941 congressum
3344 3871 3518 3926 facilis
3571 3874 3839 3927 omnibus

2259 3973 2404 4021 esset
2456 3964 2651 4029 aditus,
2711 3972 3041 4030 mansuetus,
3093 3963 3259 4028 mitis,
3307 3962 3374 4017 ad
3418 3963 3838 4017 miserationem

2259 4071 2574 4127 propensus,
2615 4070 2862 4110 sermone
2903 4054 3194 4122 iucundus,
3242 4054 3480 4109 moribus
3514 4054 3838 4123 jucundior,

2260 4148 2398 4203 facie
2419 4157 2473 4203 et
2496 4147 2661 4201 multo
2686 4147 2853 4217 magis
2881 4154 3061 4199 mente
3085 4144 3377 4213 augelicus,
3406 4146 3459 4199 in
3488 4146 3840 4216 increpando

2259 4240 2419 4307 lenis,
2482 4241 2532 4293 in
2593 4239 2862 4293 laudando
2925 4237 3200 4293 erudiendi
3257 4236 3307 4290 vi
3363 4238 3623 4305 praeditus
3683 4256 3697 4292 :
3756 4240 3844 4295 sic

2258 4339 2549 4400 utrumque
2578 4341 2904 4397 temperans,
2929 4339 2988 4383 ut
3017 4337 3265 4382 neutrum
3295 4329 3485 4382 horum
3511 4343 3609 4398 per
3633 4330 3845 4386 immo-

2261 4423 2592 4478 derationem
2651 4421 3030 4486 labefactaret;
3075 4421 3170 4476 sed
3216 4430 3276 4475 ut
3319 4421 3620 4490 increpatio
3649 4433 3848 4493 pater-

2261 4531 2386 4570 nam
2430 4514 2765 4581 cbaritatem,
2828 4523 2882 4568 et
2932 4515 3168 4568 laudatio
3221 4513 3431 4581 imperii
3493 4515 3842 4583 gravitatem

2190 4638 2235 4693 D
2265 4609 2521 4663 retineret
2560 4625 2574 4660 :
2610 4623 2710 4661 nec
2757 4616 2851 4660 aut
2903 4605 3098 4662 lenitas
3147 4606 3378 4671 mollior,
3431 4614 3525 4659 aut
3564 4610 3849 4665 severitas

2263 4715 2418 4770 azquo
2471 4700 2699 4769 rigidior
2745 4709 2921 4762 essu;
2948 4701 3074 4769 quin
3111 4699 3286 4768 potius
3326 4697 3416 4753 illa
3469 4697 3755 4756 facilitatis
3791 4713 3849 4757 et

2263 4791 2633 4863 benignitatis,
2674 4791 2790 4845 hac
2819 4792 3115 4859 prudentiae
3155 4807 3347 4846 nomen
3390 4791 3640 4858 haberet,
3680 4806 3846 4851 utra-

2261 4899 2368 4957 que
2400 4900 2526 4941 vero
2553 4883 2830 4952 sapientiae
2873 4881 3081 4938 laudem
3135 4894 3582 4954 consequeretur.
3631 4887 3733 4942 Cui
3789 4866 3850 4945 id

2264 4993 2472 5034 morum
2525 4960 2767 5046 probitas
2826 4975 3153 5046 praastabat,
3204 4989 3262 5030 ut
3310 4977 3488 5031 minus
3536 4980 3846 5037 verborum

2262 5081 2410 5126 esset
2445 5085 2619 5140 opus;
2653 5070 2704 5124 id
2732 5068 2914 5133 verba,
2944 5077 3000 5122 ut
3021 5070 3236 5138 parcius
3272 5071 3418 5137 virga
3459 5081 3755 5138 uteretur;
3793 5076 3848 5128 id

2262 5163 2433 5233 virga,
2483 5170 2542 5216 ut
2588 5162 2826 5216 sectione
2869 5163 3043 5215 rarius
3071 5177 3202 5231 opus
3241 5163 3479 5217 haberet.
3525 5182 3546 5216 ι
3594 5164 3662 5219 Ει
3711 5181 3856 5234 post

2262 5269 2471 5323 pauca:
2511 5273 2530 5306 ι
2562 5253 2659 5308 llic
2681 5253 2821 5308 illius
2857 5254 2908 5308 in
2935 5253 3152 5323 jejuniis
3178 5262 3340 5323 atque
3374 5256 3717 5313 orationibus
3753 5275 3854 5314 as-

2259 5348 2569 5415 siduitatem
2623 5345 2868 5400 laudibus
2926 5354 3103 5409 ornet,
3155 5345 3243 5399 ille
3297 5346 3720 5416 insuperabilem
3788 5353 3855 5408 in

2215 5456 2237 5478 κ
2263 5439 2460 5507 vigiliis
2489 5449 2538 5493 et
2567 5435 2876 5508 psalmodiis
2921 5438 3159 5505 vigorem
3191 5451 3206 5491 ς
3237 5435 3374 5492 alius
3417 5440 3695 5508 egentium
3736 5457 3854 5497 cu-

2263 5547 2376 5585 ram
2407 5541 2461 5586 et
2492 5529 2822 5600 praesidium,
2853 5528 2984 5582 alius
3008 5537 3226 5583 enarret
3253 5538 3308 5583 ut
3333 5530 3583 5598 superbis
3610 5533 3856 5590 restite—

2264 5623 2335 5678 rit
2367 5635 2423 5675 e':
2451 5620 2514 5674 ad
2555 5617 2787 5672 humiles
2838 5633 2957 5672 sese
2991 5619 3283 5674 demiserit.
3331 5619 3580 5691 Virgines
3623 5638 3864 5694 pronu-

2338 5754 2414 5826 (d)
2451 5753 2569 5809 Lib.
2594 5754 2791 5826 lt,'cap.
2817 5753 2905 5810 17.

2338 5825 2404 5893 (ε)
2437 5826 2590 5878 Num.
2624 5825 2673 5876 4.
