4038 6530
1526 412 1685 468 \'.TA
1728 416 1783 467 ὃ.
1828 415 2206 473 ΑΤΙΙᾹΝᾹΞΗ.

3332 437 3499 476 ικκιιι

190 506 278 607 bunt
295 510 543 572 laudent
576 538 596 585 ;
636 538 806 592 qua:
849 528 1176 582 matrimonii
1208 528 1335 599 jugo
1360 533 1667 585 constricta:
1692 544 1838 598 sunt,
1869 540 1914 594 Α
1944 535 2284 605 ascripsisse,
2314 544 2473 605 atque
2514 536 2686 592 eidem
2742 540 3013 595 mordicus
3057 541 3280 607 haerere,
3328 555 3496 595 ratam

190 603 583 664 moderatorem
609 630 634 678 ;
706 619 831 685 qui
873 621 1171 675 solitariam
1205 632 1368 691 agunt
1404 623 1595 688 vitam,
1626 627 1828 681 excita-

190 703 315 750 torem
356 708 420 752 et
479 715 938 777 erectorem;
986 713 1072 781 qui
1114 713 1163 766 in
1204 714 1452 768 sodalitio
1499 716 1711 781 vivunt,
1759 719 1837 773 le-

193 788 518 859 gislatorem;
623 799 966 870 simplices
1041 803 1417 872 deductorem;
1486 810 1838 876 speculationi

194 880 316 937 dediti
349 884 744 959 theologum
776 910 793 957 ;
842 894 1055 950 hilares
1088 895 1331 964 frenum;
1367 899 1668 955 Calamitosi
1705 918 1839 955 con-

197 974 497 1042 solatorem;
578 986 876 1042 canities
934 988 1213 1054 baculum;
1268 990 1523 1057 juventus
1589 995 1837 1064 paedago-

199 1082 320 1132 tum;
347 1084 707 1140 paupertas
745 1077 1123 1149 largitorem;
1157 1082 1356 1137 divitiae
1383 1082 1831 1154 dispensatorem.

200 1158 307 1223 Quin
327 1170 378 1215 et
415 1167 577 1219 mihi
620 1169 937 1226 videntur
966 1184 1019 1227 et
1052 1175 1217 1229 viduae
1258 1185 1540 1244 patronum
1587 1177 1834 1232 laudatu-

204 1265 276 1318 re,
300 1263 349 1307 et
382 1256 598 1324 pupilli
655 1269 936 1327 patrem,
973 1272 1030 1318 et
1058 1265 1325 1334 peregrini
1385 1267 1732 1336 hospitalem,
1781 1280 1835 1324 et

209 1344 372 1402 fratres
412 1349 687 1406 fratrum
746 1368 1071 1421 amantem,
1124 1359 1238 1412 sani
1284 1360 1608 1418 valetudinis
1652 1375 1835 1422 custo-

215 1439 325 1507 dem,
353 1457 559 1500 omnes
588 1447 870 1519 denique
905 1466 1032 1504 eum
1062 1453 1148 1521 qni
1173 1454 1353 1507 omnia
1379 1455 1628 1509 omnibus
1659 1455 1833 1512 factus

219 1542 300 1599 est,
317 1545 374 1587 ut
394 1550 605 1592 omnes
640 1539 744 1593 vel
793 1542 1237 1610 quamplurimos
1275 1544 1637 1601 lucrifaceret.
1671 1567 1691 1599 ι
1722 1546 1833 1603 Hoc

222 1626 480 1682 Athanasii
517 1631 909 1699 institutum,
948 1635 1063 1690 haec
1088 1636 1404 1706 episcopalis
1427 1637 1582 1694 ofﬁcii
1611 1640 1829 1709 gerendi

222 1720 333 1772 ratio
348 1720 445 1774 fuit

275 1813 413 1864 Arato
452 1829 743 1869 δίκαι-[εις
788 1816 933 1872 527.
980 1848 1052 1858 -
1097 1818 1145 1873 1.
1202 1820 1545 1891 Ἀρχόμενος
1604 1821 1716 1890 τῆς
1772 1822 1829 1876 ἐ-

221 1902 531 1973 ximam-ig.
580 1906 909 1963 Athanasii
952 1910 1010 1964 in
1053 1908 1365 1966 Thebaidem
1402 1914 1518 1968 iter.
1544 1943 1617 1955 --
1643 1912 1829 1983 Neque

221 1996 282 2051 ita
308 1999 481 2054 multo
522 2012 664 2071 post
724 2004 1090 2073 episcopatus
1129 2005 1209 2060 sui
1251 2006 1555 2069 exordium,
1596 2005 1829 2061 Thebai-

219 2090 288 2144 dis
312 2091 588 2147 ecclesias
630 2092 1073 2150 Meletianorum
1117 2097 1342 2153 dissidio
1395 2098 1829 2169 Arianorumque

218 2184 446 2239 moribus
492 2183 896 2257 deﬂagrantes
942 2188 1304 2257 perlustravit,
1357 2205 1463 2261 quo
1509 2191 1829 2248 vacillantes

218 2276 527 2346 debilesque
552 2280 761 2334 animo
788 2288 1076 2336 recrearet
1102 2296 1165 2336 ac
1195 2280 1435 2336 ﬁrmaret
1464 2281 1517 2336 in
1554 2297 1678 2338 vera
1699 2283 1826 2339 ﬁde.

215 2364 389 2438 Usque
432 2369 698 2440 Syenem
754 2380 970 2439 autem,
1018 2382 1316 2427 extremum
1372 2389 1564 2430 versus
1613 2373 1830 2431 Ethio-

212 2460 348 2529 piam
380 2460 707 2519 Thebaidis
739 2465 1035 2534 oppidum,
1063 2465 1339 2521 contendit
1391 2467 1619 2522 adverso
1648 2465 1830 2522 ﬁumi-

214 2567 294 2605 ne.
333 2551 595 2622 Cumque
618 2553 989 2610 Tabennesin
1023 2556 1236 2627 navigio
1274 2557 1688 2626 transmitteret,
1716 2558 1829 2615 exit

212 2644 425 2698 obviam
473 2645 842 2702 Pachomius
881 2646 958 2719 (a)
1009 2662 1200 2719 magna
1275 2649 1574 2705 comitante
1640 2665 1831 2706 mona-

213 2736 440 2791 chorum
466 2738 830 2809 frequentia,
861 2741 956 2809 qui
989 2740 1375 2797 adventantem
1407 2743 1643 2813 hymnis.
1682 2744 1829 2813 psal-

214 2828 344 2891 mis,
372 2838 570 2894 cantu,
597 2829 763 2883 nulla
792 2830 1162 2898 praetermissa
1190 2831 1371 2901 gaudii
1403 2833 1826 2903 signiﬁcatione,

213 2917 391 2971 virum
449 2933 767 2987 excepere.
809 2916 951 2973 Tum
1003 2918 1265 2990 Sarapion
1307 2919 1665 2993 Tentyrorum
1710 2923 1828 2994 epi-

212 3022 416 3079 scopus
449 3010 843 3064 Athanasium
885 3010 1192 3080 compellat.
1250 3030 1269 3063 r
1306 3013 1491 3079 Adest,
1539 3013 1738 3083 inquit,
1774 3014 1827 3068 in

214 3100 302 3156 his
335 3106 600 3166 sedibus,
635 3118 765 3157 meo
793 3103 1131 3173 episcOpatui
1157 3105 1508 3171 contributis,
1533 3107 1830 3162 monacho-

215 3208 341 3247 rum
378 3196 611 3265 quidam
645 3194 822 3249 Pater
843 3205 900 3249 et
938 3210 1066 3250 vere
1100 3196 1259 3252 homo
1287 3196 1417 3265 Dei;
1448 3212 1612 3268 quem
1652 3199 1831 3254 omni-
1855 3229 1902 3293 ο

213 3285 459 3354 bns,qui
496 3285 554 3338 in
595 3284 810 3339 ﬁnibus
860 3286 1001 3340 meis
1053 3286 1276 3356 degunt,
1329 3288 1595 3357 praeﬁcias
1642 3304 1831 3345 mona-

212 3370 366 3436 chis,
426 3380 485 3426 et
534 3372 935 3442 presbyterum
987 3374 1283 3429 constituas
1340 3377 1618 3443 pervelim.
1661 3395 1680 3430 ι
1712 3378 1831 3445 Quo

213 3461 559 3519 Pachomius
616 3465 836 3530 audito,
885 3480 1010 3519 sese
1049 3466 1100 3519 in
1140 3478 1282 3522 coetu
1316 3467 1544 3523 fratrum
1603 3472 1831 3539 abdidit,

212 3554 398 3609 donec
423 3556 848 3611 transmitteret
880 3556 1232 3612 Athanasius.
1270 3558 1317 3614 Is
1350 3567 1529 3615 tamen
1573 3576 1696 3617 cum
1736 3579 1836 3618 na-

214 3645 334 3699 vim
365 3647 773 3715 perlustrasset
805 3646 1004 3714 oculis,
1035 3648 1127 3701 Dei
1165 3648 1423 3704 famulum
1451 3655 1688 3723 agnovit,
1718 3656 1834 3710 edi-

211 3737 465 3809 dicitque
482 3740 609 3808 jam
636 3739 811 3794 multa
838 3754 966 3794 eum
994 3738 1269 3810 Evangelii
1309 3756 1465 3795 causa
1489 3744 1831 3810 sustinuisse,

211 3844 484 3903 veraeque
523 3834 713 3902 ipsum
751 3830 879 3887 ﬁdei
920 3841 1244 3887 sectatorem
1277 3850 1417 3899 esse,
1456 3835 1610 3904 cujus
1659 3837 1832 3907 gratia

213 3926 579 3991 postmodum
608 3924 663 3978 in
691 3922 1045 3979 calamitates
1076 3926 1255 3981 varias
1276 3928 1484 3983 incidit.

292 4017 455 4071 Asan
486 4032 763 4072 crucrrsu
796 4016 930 4070 528.
962 4045 1033 4056 —
1056 4017 1106 4072 1.
1137 4018 1295 4074 Arius
1317 4022 1379 4073 ab
1410 4021 1592 4075 exsilio
1622 4039 1833 4077 revoca-

220 4118 339 4164 tus.
398 4109 672 4166 Similiter
726 4106 994 4162 Eusebius
1039 4117 1087 4163 et
1139 4108 1456 4180 Theognius.
1498 4142 1567 4152 —
1607 4111 1834 4169 Vixdum

225 4203 419 4271 elapso
480 4213 611 4273 post
664 4201 953 4256 Nicenam
1008 4202 1270 4274 synodum
1346 4203 1562 4259 triennii
1624 4207 1835 4275 spatio,

225 4296 402 4350 Arius
460 4297 610 4351 redit
689 4295 760 4349 ab
830 4294 1024 4351 exsilio
1096 4304 1386 4366 antequam
1456 4295 1717 4351 Eusebius
1784 4304 1837 4351 et

227 4385 559 4458 Theognius
593 4401 731 4441 suas
780 4385 1061 4454 repetendi
1103 4386 1260 4440 sedes
1304 4385 1617 4441 facultatem
1668 4387 1837 4456 impe-

233 4490 446 4537 trarent
480 4483 581 4553 (ὁ).
614 4481 732 4535 Nec
766 4479 956 4533 statim
989 4477 1119 4532 Ario
1148 4479 1301 4547 ecpia
1336 4478 1476 4533 facta
1506 4479 1832 4549 remigrandi

1943 623 2090 678 illam
2129 626 2353 690 habere,
2388 628 2595 681 tametsi
2623 629 3052 683 condemnatioui
3075 631 3186 684 Arii
3214 646 3316 684 non
3345 643 3501 685 erant

1941 719 2236 786 astipulati.
2274 720 2343 773 At
2373 720 2586 788 quando
2614 718 2722 787 iam
2754 720 2918 777 Arius
2960 726 3027 775 ab
3061 722 3249 776 exsilio
3281 738 3499 777 revoca-

1943 817 2024 862 tus
2049 819 2210 873 esset,
2250 819 2434 878 rogant
2465 809 2514 863 id
2567 811 2705 879 apud
2756 810 3134 879 imperatorem
3177 823 3390 880 agatur,
3442 822 3499 879 ut

1939 900 2039 955 sibi
2063 915 2273 968 quoque
2310 901 2566 956 redeundi
2609 910 2928 971 potestatem
2970 900 3156 955 faciat.
3209 906 3497 971 lmpetrata

1939 989 2142 1045 reditus
2171 991 2443 1057 facultate,
2466 991 2822 1061 Amphionem
2851 991 2921 1045 illi
2942 1001 2994 1046 et
3016 992 3328 1054 Clircsltmi,
3361 1007 3495 1060 quo-

1937 1097 2055 1135 rum
2089 1081 2226 1136 alter
2268 1082 2479 1147 Nicaeae,
2531 1083 2856 1138 Nicomedia:
2912 1083 3069 1149 alter,
3117 1083 3169 1136 in
3224 1082 3496 1152 pulsorum

1936 1176 2110 1229 vicem
2149 1176 2423 1229 constituti
2472 1174 2705 1242 fuerant,
2738 1176 3028 1232 deturbant
3078 1176 3315 1230 sedibus.
3363 1173 3501 1229 Sunt

1934 1280 2099 1335 porro
2127 1265 2217 1335 qui
2243 1266 2443 1319 nullam
2483 1267 2788 1335 huiusmodi
2826 1267 3005 1321 libello
3038 1266 3195 1320 ﬁdem
3228 1280 3347 1321 esse
3382 1265 3498 1333 opi-

1934 1366 2170 1412 nantur:
2201 1372 2382 1412 verum
2424 1372 2490 1411 ne
2520 1359 2793 1412 minimam
2834 1358 3049 1426 quidem
3081 1357 3299 1427 praefert
3344 1357 3498 1411 libcl~

1934 1450 2037 1515 lus,
2074 1451 2174 1505 nisi
2210 1465 2325 1505 mea
2359 1466 2442 1506 me
2466 1450 2830 1522 fallitOpinio,
2858 1451 3070 1515 νοθείας
3102 1462 3196 1506 aut
3234 1452 3498 1520 suspicio-

1934 1542 2018 1597 nis
2055 1552 2257 1597 notam.

2001 1634 2151 1689 Auno
2191 1648 2438 1690 cmcnren
2465 1633 2589 1689 529.
2614 1664 2685 1674 —
2719 1635 2772 1689 1.
2814 1633 3117 1690 Eustathius
3151 1634 3497 1687 Antiocnenus

1932 1725 2154 1781 Arianos
2184 1736 2387 1781 strenue
2418 1736 2704 1797 oppugnat.
2734 1724 3147 1780 Eusebianorum
3183 1725 3303 1779 dolo
3340 1725 3496 1793 pelti-

1932 1829 2037 1873 tur.
2066 1848 2136 1860 —
2162 1818 2383 1873 Rcversi
2416 1819 2480 1872 ad
2506 1819 2685 1883 sedes,
2708 1834 2840 1889 quas
2864 1818 3051 1873 turbas
3082 1817 3348 1880 dederint,
3376 1832 3497 1887 quae

1932 1910 2228 1977 molimina,
2260 1926 2397 1979 quas
2428 1913 2726 1976 machinas,
2763 1926 2897 1981 quas
2940 1910 3164 1966 insidias
3196 1910 3500 1965 struxerint

1932 2001 1984 2056 in
2016 2008 2315 2056 assertores
2341 2010 2395 2055 et
2425 2000 2666 2054 vindices
2703 2000 2795 2053 τοῦ
2824 2000 3130 2073 ὁμοουσῐου,
3170 2000 3311 2054 haud
3346 2000 3500 2054 facile

1930 2102 2152 2145 narratu
2183 2100 2284 2147 est.
2319 2091 2599 2147 Eminebat
2625 2092 2771 2146 inter
2803 2107 2941 2147 verte
2971 2091 3094 2145 ﬁdei
3134 2101 3497 2162 pr0pugnato-

1931 2199 2020 2239 res
2055 2184 2371 2239 Eustathius
2416 2183 2788 2241 Antioclienus
2845 2181 2923 2256 (ά)
2969 2184 3050 2238 vir
3092 2184 3275 2239 multis
3321 2185 3498 2238 nomi-

1930 2279 2090 2334 nibus
2123 2278 2376 2349 insignis,
2404 2277 2689 2348 dignitate,
2720 2278 2943 2346 pietate,
2983 2275 3307 2331 eruditionis
3332 2275 3495 2339 fama,

1930 2371 2268 2441 confessionis
2318 2370 2488 2441 gloria
2537 2369 2738 2424 nemini
2795 2368 3085 2424 secundus.
3147 2366 3247 2422 Hic
3301 2368 3517 2421 ardens.

1930 2465 2110 2520 studio
2130 2479 2274 2520 verae
2297 2462 2556 2517 doctrina:
2582 2463 2982 2533 promovendae,
3012 2459 3238 2515 infestus
3262 2457 3495 2523 Arionis,

1930 2572 2066 2627 quos
2086 2555 2412 2612 interclusos
2435 2554 2695 2609 societate
2718 2564 2770 2608 et
2796 2552 3175 2608 communione
3197 2566 3290 2605 sua
3316 2551 3517 2605 edixe-

1930 2658 2036 2713 rat,
2086 2649 2137 2702 in
2189 2648 2372 2703 odium
2430 2647 2794 2718 invidiamque
2849 2645 3063 2700 Eusebii
3124 2654 3179 2699 et
3228 2643 3497 2698 sociorum

1930 2739 2186 2795 incurrit.
2224 2738 2304 2794 Ad
2355 2738 2490 2804 haec,
2527 2736 2691 2792 multa
2728 2744 2919 2790 contra
2970 2735 3202 2789 Arianos
3247 2747 3407 2802 opera
3447 2731 3497 2784 in

1929 2830 2104 2885 lucem
2131 2830 2330 2897 emisit,
2358 2845 2589 2901 quorum
2626 2828 2829 2883 mentio
2862 2826 3000 2897 apud
3030 2826 3418 2896 Hieronymum
3446 2833 3500 2875 ct

1930 2923 2351 2979 Theodoretum.
2386 2921 2519 2977 Cum
2565 2919 2799 2974 Eusebio
2842 2918 2970 2973 item
3018 2916 3335 2973 Caesariensi
3378 2915 3499 2968 iniit

1931 3014 2381 3078 controversiam,
2413 3025 2647 3080 eumque
2699 3020 2756 3064 ut
2787 3009 3021 3064 Niczena:
3067 3009 3189 3062 ﬁdei
3225 3008 3495 3061 infensum

1932 3106 2152 3175 scriptis
2204 3106 2316 3159 suis
2373 3102 2692 3174 exagitavit.
2753 3102 2848 3157 Ille
2908 3110 3096 3156 contra
3155 3098 3495 3152 Eustathiurn

1933 3213 2084 3253 reum
2110 3198 2219 3267 agit
2251 3196 2570 3251 Sabellianze
2595 3194 2887 3264 opinionis,
2913 3192 3055 3263 quod
3089 3189 3494 3245 Sabellianismi

1934 3288 2140 3344 crimen
2180 3287 2420 3343 solemne
2453 3285 2669 3340 Arianis
2702 3291 2821 3338 erat
2849 3283 2916 3338 iis
2955 3281 3174 3347 oﬁ‘erre,
3209 3280 3297 3349 qui
3341 3278 3502 3332 Aria-

1933 3398 2057 3437 nam
2105 3381 2352 3436 hteresim
2386 3378 2563 3434 infesti
2607 3377 2968 3432 adorirentur.
3019 3374 3201 3443 Neque
3242 3373 3293 3427 in
3332 3371 3498 3425 Euse-

1935 3471 2083 3527 bium
2112 3472 2393 3537 duntaxat,
2436 3470 2529 3526 sed
2559 3470 2720 3525 etiam
2752 3468 2807 3523 in
2856 3466 3226 3536 PatrOphilum
3264 3463 3498 3534 Scytho-

1935 3564 2231 3634 politanum
2262 3572 2316 3620 et
2364 3562 2647 3617 Paulinum
2697 3559 2918 3632 Tyrium
2965 3558 3229 3613 acerrime
3276 3556 3499 3611 invebe-

1934 3656 2115 3711 batur.
2150 3654 2244 3711 His
2273 3657 2484 3710 accensi
2510 3652 2759 3707 veritatis
2804 3652 3007 3715 hostes,
3046 3664 3153 3719 quo
3193 3648 3366 3701 virum
3402 3661 3502 3715 pa-

1936 3752 2041 3805 trio
2083 3751 2199 3806 solo
2230 3759 2286 3805 et
2323 3748 2569 3804 Ecclesia
2616 3747 2994 3810 exturbarent,
3042 3743 3268 3799 insidias
3310 3748 3504 3811 parant

1934 3852 1988 3899 et
2014 3844 2241 3898 crimina
2270 3841 2775 3898 comminiscuntur.
2813 3838 2965 3907 Quod
3003 3835 3287 3891 calumniae
3326 3847 3515 3903 genus.

1935 3936 2249 3989 adornatum
2318 3934 2371 3988 in
2424 3933 2761 3989 Eustathium
2822 3931 3004 3997 fuerit,
3048 3944 3232 3999 quaeve
3277 3925 3489 3980 occasio

1936 4029 2010 4082 illi
2060 4028 2406 4092 calamitatis,
2440 4042 2544 4081 non
2578 4025 2829 4081 convenit
2876 4025 3015 4079 inter
3055 4023 3361 4091 scriptores.
3400 4021 3497 4075 Ait

1936 4121 2267 4176 Athanasius
2295 4122 2387 4191 (ε),
2426 4122 2491 4174 ad
2532 4120 2907 4189 imperatorem
2942 4125 3252 4172 accusatum
3299 4115 3495 4170 Eusta-

1937 4215 2111 4270 thium
2152 4216 2405 4284 irrogata:
2437 4212 2594 4266 matri
2636 4210 2805 4280 ipsius
2844 4208 3205 4272 contumeliae,
3244 4208 3384 4261 nulla
3419 4206 3503 4261 in-

1938 4305 2202 4374 terposita
2251 4319 2403 4357 mora
2443 4303 2494 4356 in
2538 4301 2787 4355 exsilium
2821 4310 2999 4353 actum
3037 4300 3204 4353 fuisse
3237 4312 3356 4351 cum
3393 4312 3506 4350 ma-

1937 4410 2039 4461 gna
2094 4395 2472 4449 comitantium
2534 4394 2975 4463 presbyterorum
3034 4399 3088 4445 et
3153 4389 3504 4444 diaconorum

1939 4488 2264 4556 frequentia.
2304 4487 2558 4539 Socrates
2594 4495 2770 4537 autem
2812 4491 2866 4536 et
2894 4481 3225 4536 Sozomenus
3258 4488 3505 4547 narrant,

236 4575 665 4639 Alexandriam,
699 4587 769 4627 ne
810 4572 880 4626 de
923 4572 1156 4641 integro,
1187 4572 1511 4640 conspiratis
1541 4571 1830 4625 factionum
1866 4603 1911 4659 υ
1940 4580 2063 4633 odio
2102 4578 2391 4646 ﬂagrantes
2424 4574 2781 4639 Eusebianos,
2820 4573 3162 4627 Eustathium
3200 4571 3251 4623 in
3298 4573 3507 4641 synodo

238 4668 514 4731 partibus,
548 4664 755 4728 turbte,
793 4661 1118 4726 seditiones,
1165 4666 1430 4714 tumultus
1462 4661 1830 4715 oborirentur.

239 4756 408 4822 Queis
440 4773 609 4827 porro
652 4755 891 4817 artibus,
929 4765 1033 4821 qua
1066 4752 1296 4816 ratione,
1324 4751 1479 4820 cujus
1513 4766 1677 4820 opera
1708 4752 1836 4806 red-

236 4850 401 4903 eundi
470 4849 696 4904 veniam
760 4842 1091 4914 impetrarit,
1159 4842 1458 4913 ignoratur.
1536 4842 1718 4914 Neque
1764 4844 1835 4897 ita

243 4942 410 4996 multo
441 4952 569 5011 post
633 4937 912 4994 Eusebius
960 4949 1024 4989 ac
1059 4935 1403 5005 Theognius,
1466 4935 1837 4990 circumvento

244 5032 415 5088 solitis
449 5032 751 5087 fraudibus
784 5036 954 5096 atque
983 5025 1119 5081 dolis
1142 5026 1474 5097 imperatore
1502 5025 1605 5098 (c),
1630 5028 1837 5082 oblato-

244 5140 348 5189 que
376 5128 770 5197 episcOporum
805 5119 1164 5191 iprincipibus
1224 5120 1364 5175 ﬁctae
1414 5121 1751 5189 poenitentia:
1780 5120 1841 5173 li-

245 5214 397 5278 bello,
436 5216 599 5271 acciti
649 5223 710 5267 et
766 5212 824 5265 in
877 5208 1127 5279 proprias
1181 5209 1337 5264 sedes
1378 5210 1615 5264 restituti
1683 5218 1830 5265 sunt.

246 5301 423 5361 Exstat
465 5306 637 5362 libelli
684 5299 1012 5368 exemplum
1043 5299 1180 5368 apud
1213 5299 1518 5364 Socratem,
1565 5315 1672 5366 quo
1699 5315 1836 5369 quc-

240 5410 425 5453 runtur
451 5400 525 5455 illi
564 5415 628 5455 se
663 5396 884 5452 indicta
922 5407 1086 5445 causa
1134 5392 1204 5447 ab
1246 5394 1510 5463 epise0pis
1546 5393 1834 5449 damnatos

232 5486 282 5541 in
312 5494 686 5564 exsiliumque
711 5484 934 5558 pulsos,
968 5480 1224 5554 suﬁ‘ragia
1251 5492 1428 5538 tamen
1454 5482 1685 5538 Nicaeum
1707 5482 1831 5537 ﬁdei

286 5677 360 5745 fa)
416 5676 540 5733 Vita
560 5668 871 5745 Pacftomii
908 5665 963 5720 in
992 5662 1134 5717 Actis
1292 5664 1356 5745 Ιέ
1381 5663 1524 5718 Maii.

286 5678 337 5745 (α
416 5677 540 5733 Vita
560 5677 870 5729 Pachomii
908 5681 963 5720 in
992 5677 1134 5717 actu
1164 5677 1266 5719 SS.
1292 5677 1356 5719 M
1382 5677 1524 5718 Man.

282 5677 360 5822 (bi
394 5751 627 5806 Socrat.
688 5742 800 5796 lib.
854 5753 907 5801 ι,
974 5747 1094 5803 cap.
1154 5734 1264 5801 εις
1321 5734 1542 5793 Sozom.
1612 5732 1704 5789 lib.
1753 5746 1828 5797 ιι,

202 5823 751 5963 ⁸³ῗε)¹ἓ1ι11()ςῑοι·ε.
792 5878 832 5933 1.
869 5891 932 5943 tt,
957 5889 1071 5944 cap.
1102 5874 1150 5929 7.

1936 4670 2238 4723 Antiochia.-
2269 4668 2533 4721 celebrata
2571 4666 2875 4728 abdicasse,
2922 4678 3045 4716 cum
3079 4660 3505 4727 Sabellianismi,

1941 4773 2051 4815 tum
2088 4762 2228 4813 alius
2265 4760 2514 4814 criminis
2564 4773 2668 4811 non
2707 4753 3042 4811 memorandi
3084 4768 3268 4808 causa.
3302 4749 3509 4807 Verum

1935 4855 2076 4924 quod
2125 4853 2255 4906 illud
2306 4851 2468 4904 fuerit
2506 4850 2710 4903 crimen
2774 4847 2949 4917 aperit
2995 4844 3369 4900 Theodoretus
3414 4843 3509 4915 (f),

1941 4939 2232 4996 Eusebium
2274 4939 2479 4992 scilicet
2513 4937 2975 4991 Nicomediensem
3017 4935 3069 4989 in
3107 4933 3357 4989 veritatis
3389 4934 3512 4989 vin-

1939 5034 2087 5088 dices
2116 5032 2343 5086 insidias
2381 5030 2770 5094 machinatum,
2805 5027 3073 5083 desiderio
3106 5025 3320 5082 videndi
3352 5025 3511 5081 Jero-

1937 5126 2196 5197 solymam
2224 5123 2673 5193 magniﬁcumque
2705 5122 2959 5191 templum
2994 5120 3061 5175 ab
3093 5120 3332 5188 Augusto
3360 5118 3513 5172 exci-

1939 5227 2108 5273 tatum
2139 5217 2366 5286 flagrare
2394 5230 2451 5269 se
2482 5215 2850 5281 simulantem,
2890 5211 3245 5269 Constantino
3279 5208 3505 5264 vehicu-

1938 5309 2049 5362 lum
2086 5308 2452 5370 ministrante,
2485 5321 2550 5361 eo
2574 5304 2872 5375 profectum
2905 5318 3026 5358 esse
3051 5316 3155 5355 una
3186 5314 3305 5355 cum
3334 5297 3514 5351 Theo-

1939 5401 2066 5469 gnio
2114 5398 2333 5453 Nicmno
2386 5397 2801 5462 conspirationis
2847 5394 3017 5449 socio.
3070 5391 3276 5458 Quibus
3316 5386 3513 5441 Antio‘

1886 5556 1891 5561 δ
1940 5490 2116 5543 eliiam
2150 5486 2389 5557 perlatis,
2428 5487 2602 5539 amice
2630 5494 2683 5539 et
2710 5482 2939 5538 comiter
2965 5474 3278 5533 Eustathius
3303 5470 3523 5539 praebet

2003 5664 2079 5733 (ά)
2121 5661 2332 5717 Socrat.
2365 5661 2457 5714 lih.
2485 5677 2523 5726 ι,
2549 5675 2666 5729 cap.
2692 5658 2795 5723 24;
2823 5655 3035 5712 Sozom.
3054 5653 3146 5709 lib.
3172 5668 3233 5721 ti,
3258 5664 3378 5720 cap.
3406 5650 3512 5717 i9;

1936 5734 2260 5801 f’hilostorg.
2288 5735 2322 5786 Ι.
2348 5748 2407 5793 η,
2432 5748 2550 5799 cap.
2582 5734 2633 5801 7.

2011 5803 2079 5873 (e)
2117 5794 2257 5873 nisi.
2296 5794 2579 5873 Ariam'ad
2603 5796 2904 5854 Monac/tor.
2936 5810 2989 5849 n.
3017 5794 3069 5848 1.

2014 5870 2077 5941 υ)
2117 5872 2227 5925 μευ
2269 5889 2304 5935 1,
2339 5888 2388 5924 c.
2419 5870 2508 5924 ‘21.
