4038 6516
520 450 679 489 ιιςιν

1854 420 2385 480 PROLEGOMENA.

525 550 838 620 hospitium.
866 551 1012 616 Inde,
1041 551 1115 605 ait
1140 550 1529 611 Theodoretus,
1564 556 1685 603 cum
1705 548 1771 601 ad
1799 562 1951 601 sacra
1976 547 2090 599 loca
2125 551 2166 606 Α
2198 555 2335 611 pene
2364 536 2629 594 seditione
2651 530 3002 605 conﬂagravit
3022 527 3357 583 Autiochena
3387 524 3596 580 civitas.
3628 518 3764 576 Frc-

526 646 920 713 pervenissent,
971 647 1022 700 in
1065 656 1272 715 partem
1316 644 1525 698 consilii
1571 653 1625 697 et
1675 640 2094 711 conspirationis

524 746 724 817 vocant
754 737 1046 793 Eusebium
1089 737 1506 800 Caesariensem,
1548 734 1915 805 PatrOphilum
1956 731 2093 800 Scy-

525 829 939 898 thopolitanum,
968 831 1178 884 Aetium
1212 830 1569 902 Lyddensem,
1599 827 1931 883 Theodotum
1965 826 2096 880 Lao-

525 923 814 985 dicenutn;
858 926 947 993 qui
996 940 1102 978 una
1148 939 1338 980 omnes
1387 933 1677 993 properant
1720 921 2092 976 Antiochiam.

525 1013 601 1069 Ibi
629 1017 889 1071 conducta
913 1017 1251 1081 muliercula,
1284 1032 1402 1085 qua:
1426 1015 1671 1086 corporis
1693 1013 2097 1085 pulchritudine

524 1120 788 1177 qumstum
824 1110 1078 1175 faciebat,
1123 1121 1377 1165 auctores
1408 1121 1534 1164 sunt
1572 1119 1628 1163 ut
1672 1109 1749 1163 rei
1784 1122 1966 1162 secum
2001 1107 2097 1160 ha-

524 1202 651 1256 bita:
698 1214 947 1257 sanctum
995 1203 1278 1273 prmsuletn
1326 1212 1566 1258 accuset.
1611 1201 1667 1257 In
1715 1202 2097 1270 episcoporum

527 1304 726 1351 coetum
771 1297 1083 1351 intromissa
1133 1296 1347 1358 mulier,
1403 1295 1665 1349 infantem
1708 1294 1963 1348 uberibus
2005 1292 2099 1345 ad-

529 1399 732 1442 motum
756 1390 1068 1455 051endens,
1096 1389 1243 1443 illum
1269 1405 1333 1443 ex
1359 1388 1624 1442 Eustathii
1652 1388 1797 1443 coitu
1825 1386 2100 1456 peperisse

529 1476 776 1533 afﬁrmat.
820 1481 1133 1535 Eustathius
1173 1495 1323 1543 vero,
1363 1496 1466 1533 non
1510 1480 1730 1548 ignarus
1770 1476 2014 1533 conﬂata:
2047 1478 2098 1530 in

529 1584 589 1624 se
627 1572 1068 1640 conspirationis,
1116 1571 1398 1627 mulierem
1441 1572 1485 1626 si
1530 1586 1689 1641 quem
1734 1570 1959 1625 haberet
1994 1570 2099 1623 hu-

523 1665 759 1732 jnsmodi
785 1664 1042 1721 facinoris
1073 1666 1351 1720 conscium
1381 1666 1433 1719 in
1470 1668 1706 1720 medium
1738 1666 1985 1735 proferre
2006 1662 2095 1730 ju-

527 1755 640 1809 bet.
678 1754 923 1824 Cttmque
954 1756 1223 1811 neminem
1261 1757 1346 1811 illa
1397 1757 1597 1827 objecti
1632 1756 1876 1812 criminis
1908 1765 2097 1810 testem

531 1848 730 1899 habere
762 1862 823 1902 se
854 1847 1084 1913 diceret,
1122 1849 1221 1918 ipsi
1267 1849 1645 1918 jusjurandum
1688 1848 1977 1903 Eusebiani
2008 1848 2099 1901 de-

530 1939 722 1993 tulere.
747 1938 958 1995 Juravit
980 1940 1069 1995 illa
1098 1941 1360 1995 infantem
1392 1942 1665 1997 Eustathii
1695 1955 1849 2009 esse,
1888 1940 2102 1995 statim-

529 2045 635 2101 que
667 2032 877 2101 judices
922 2034 1247 2103 iniquissimi
1293 2035 1467 2088 virum
1511 2034 1772 2089 damnant
1814 2034 2104 2089 utadulte-

530 2136 673 2187 rum,
721 2123 1141 2180 reclamantibus
1187 2125 1313 2179 licet
1350 2125 1563 2181 caeteris
1596 2126 1864 2197 episc0pis
1911 2126 2001 2196 qui
2039 2141 2105 2180 eo

531 2212 634 2268 loci
667 2225 1055 2279 convenerant,
1079 2217 1189 2271 veri
1212 2218 1511 2282 tenacibus,
1535 2228 1588 2273 et
1608 2218 1746 2287 frugi
1774 2218 2102 2282 hominibus,

531 2304 620 2372 qui
645 2304 932 2361 Eustathio
959 2318 1206 2362 auctores
1233 2317 1393 2361 erant
1418 2318 1478 2361 ut
1502 2322 1567 2362 ne
1596 2307 1797 2378 iniqua:
1825 2307 2105 2363 sententia:

530 2400 919 2466 acquiesceret.
942 2400 1091 2455 Hanc
1108 2401 1237 2455 item
1255 2402 1687 2457 criminationem
1713 2410 2106 2457 commemorat

534 2491 916 2565 Hieranymus,
950 2496 1170 2566 Apolog.
1213 2511 1252 2549 ιι
1289 2497 1538 2550 adversus
1572 2494 1816 2564 Ruﬁnum
1852 2512 1870 2549 :
1908 2514 1926 2547 ι
1965 2496 2104 2563 lstze,

539 2585 737 2657 inquit,
792 2589 1055 2643 machinae
1120 2589 1523 2656 litereticorum,
1585 2590 1639 2643 id
1691 2599 1774 2644 est
1810 2589 2104 2660 magistro-

534 2694 656 2734 rum
687 2692 898 2736 tuorum
932 2693 1080 2749 sunt,
1110 2690 1168 2735 ut
1196 2681 1430 2737 convicti
1466 2684 1533 2738 de
1575 2682 1799 2751 perfidia
1840 2683 1907 2737 ad
1944 2682 2095 2736 male

532 2771 675 2828 dicta
704 2790 762 2829 se
793 2774 1097 2831 conferant.
1132 2774 1224 2831 Sic
1253 2775 1568 2831 Eustathius
1601 2777 1971 2832 Antiochenus
1994 2776 2109 2847 epi‘

534 2879 729 2933 scopus
760 2868 920 2934 filios,
946 2870 1071 2923 dum
1106 2869 1296 2933 nescit,
1326 2870 1553 2925 invenit.
1594 2888 1612 2921 ι

522 2987 525 2990 ν
602 2952 657 3006 2.
701 2953 802 3010 Per
838 2956 969 3012 mihi
1004 2960 1197 3012 mirum
1241 2967 1324 3013 est
1359 2970 1466 3012 tam
1499 2968 1738 3015 atrocem
1780 2960 2106 3015 calumniam

533 3045 890 3104 Athanasium
924 3051 1271 3120 praeteriisse,
1315 3052 1359 3108 si
1392 3067 1523 3107 vere
1568 3052 1746 3107 oblata
1794 3053 1975 3108 fuerit.
2012 3052 2107 3110 Sin

535 3144 843 3208 resciverit,
873 3145 1002 3214 quid
1029 3160 1208 3200 causa!
1237 3154 1321 3201 est
1352 3148 1496 3216 quod
1534 3154 1743 3199 tantum
1773 3145 2110 3200 Eusebiano-

2199 633 2415 689 mcbant
2458 628 2634 701 populi
2668 628 2947 697 perinique
2975 623 3107 679 tanti
3138 620 3238 676 viri
3276 635 3464 676 casum
3499 616 3764 671 ferentes.

2196 729 2437 798 Cumque
2481 724 2546 780 de
2590 735 2903 779 successore
2950 716 3235 785 deligendo
3283 723 3557 785 ageretur,
3619 719 3765 763 tanta

2197 819 2410 874 ﬂamma
2444 814 2798 871 dissensionis
2839 811 3065 874 exarsit,
3096 818 3155 862 ut
3200 820 3367 877 prope
3406 804 3567 858 fuerit
3604 803 3769 856 totius

2198 912 2435 968 civitatis
2482 908 2747 979 pernicies
2796 906 3192 971 excidiumque.
3245 901 3299 956 In
3350 902 3486 953 duas
3536 912 3773 965 namque

2201 1017 2379 1079 partes
2412 1006 2674 1059 distracta
2716 1002 2907 1057 civitas
2950 1008 3088 1061 erat,
3131 996 3250 1050 aliis
3288 992 3579 1048 Eusebium
3614 990 3772 1043 Pam-

2202 1103 2331 1171 phili
2372 1099 2628 1167 allegere,
2660 1097 2780 1150 aliis
2808 1094 3148 1148 Eustathium
3185 1088 3419 1143 retinere
3452 1084 3771 1139 nitentibus.

2202 1194 2430 1249 Stabant
2474 1191 2727 1258 utrinque
2766 1188 3001 1250 armati,
3041 1184 3290 1239 hostilem
3339 1179 3613 1250 spirantes
3658 1174 3775 1228 ani-

2201 1301 2371 1339 mum.
2402 1283 2629 1337 Militum
2654 1296 2873 1350 quoque
2900 1289 3104 1331 turmas
3132 1275 3362 1329 vidisses
3390 1271 3606 1339 utrique
3632 1266 3773 1337 parti

2200 1379 2505 1448 adjunctas.
2532 1374 2724 1430 Omnia
2759 1373 2826 1427 ad
2854 1386 3085 1442 pugnam
3114 1378 3169 1422 et
3207 1364 3533 1421 horrendam
3562 1360 3775 1416 cladem

2203 1481 2430 1541 parata;
2463 1478 2791 1536 ventumque
2823 1465 3015 1518 fuisset
3053 1462 3117 1515 ad
3145 1460 3374 1529 gladios,
3400 1457 3502 1512 nisi
3542 1457 3779 1522 impera-

2206 1566 2339 1621 toris
2374 1576 2548 1617 metus
2574 1561 2746 1631 plebis
2778 1559 3035 1628 impetum
3065 1554 3417 1608 coercuisset.
3447 1549 3554 1603 Sed
3582 1561 3775 1615 super-

2201 1658 2482 1712 venientes
2508 1653 2735 1723 Augusti
2765 1652 2959 1705 litterte
2990 1648 3306 1717 mitigarunt
3336 1644 3570 1696 animos.
3605 1640 3776 1694 Ense-

2202 1752 2350 1807 biani
2376 1751 2541 1821 igitur
2574 1745 2859 1801 Eustathio
2883 1741 3151 1797 Eulalinm
3179 1738 3505 1806 subrogant;
3538 1734 3630 1802 qui
3656 1747 3778 1785 cum

2201 1847 2399 1914 exiguo
2424 1851 2670 1910 tempore
2695 1844 2972 1907 superstes
2994 1832 3203 1893 fuisset,
3232 1830 3349 1899 ejus
3375 1828 3491 1881 loco
3521 1824 3781 1891 deligitur

2207 1937 2471 1993 Eusebius
2503 1930 2791 2003 Pamphili.
2828 1928 3026 1981 Verum
3072 1924 3258 1978 abnuit
3310 1921 3398 1976 ille
3438 1918 3623 1972 subire
3663 1930 3780 1967 mu-

2207 2047 2338 2094 nus;
2364 2044 2428 2084 ex
2454 2026 2691 2083 animine
2716 2019 3096 2091 temperantia,
3129 2027 3184 2069 ut
3212 2015 3387 2069 innuit
3411 2014 3687 2070 Socrates,
3712 2023 3780 2061 an

2206 2125 2352 2194 quod
2401 2123 2735 2190 prospiceret
2777 2129 3056 2182 nunquam
3116 2110 3215 2163 sibi
3260 2121 3446 2177 pacem
3495 2105 3610 2158 fore
3658 2115 3781 2155 cum

2206 2213 2559 2271 Antiocheuis
2617 2207 2922 2271 catholicis,
2986 2202 3039 2258 id
3088 2216 3434 2270 summopere
3486 2201 3778 2253 incertum.

2208 2311 2410 2366 Ariano
2442 2308 2622 2377 itaque
2654 2304 2767 2367 alii,
2803 2303 2889 2357 cui
2928 2316 3127 2355 nomen
3180 2296 3513 2365 Euphronio,
3566 2292 3782 2362 episco-

2208 2397 2326 2466 pale
2375 2410 2572 2450 munus
2602 2393 2842 2450 defertur
2873 2411 2885 2445 :
2923 2406 3030 2461 quo
3066 2398 3188 2457 post
3227 2401 3427 2439 annum
3476 2391 3530 2437 et
3576 2396 3782 2448 paucos

2208 2502 2423 2545 menses
2448 2488 2554 2542 vita
2583 2485 2787 2548 functo,
2811 2482 3065 2552 deligitur
3096 2478 3494 2534 Flacillusitem
3524 2476 3780 2539 Arianns,

2206 2594 2259 2639 et
2291 2597 2397 2638 uno
2440 2580 2626 2634 avulso
2666 2592 2772 2632 non
2810 2578 2994 2632 deficit
3028 2576 3187 2628 alter.
3217 2574 3347 2639 Quae
3377 2586 3538 2627 causa
3586 2569 3688 2623 fuit
3726 2577 3783 2623 ut

2209 2676 2387 2740 multi,
2425 2689 2548 2730 eum
2590 2671 2899 2743 populares,
2936 2678 3046 2722 tum
3106 2665 3318 2730 clerici,
3355 2664 3553 2735 quibus
3594 2662 3786 2732 religio

2209 2768 2477 2826 catholica
2508 2765 2682 2829 cordi,
2718 2780 2747 2819 a
2782 2763 3018 2819 canibus
3046 2761 3375 2815 Arianorum
3400 2758 3784 2819 abhorrentes,

2209 2878 2454 2919 seorsum
2488 2860 2747 2917 collectas
2780 2865 3025 2928 agerent.
3061 2854 3124 2910 lli
3160 2870 3224 2909 ex
3264 2852 3473 2907 ardenti
3510 2866 3639 2921 erga
3677 2848 3786 2903 Ett-

2210 2956 2474 3014 stathium
2528 2954 2709 3008 studio
2761 2964 3077 3019 amoreque,
3135 2945 3473 3001 Enstathiani
3532 2944 3788 3012 deinceps

2212 3052 2523 3107 audierunt.
2556 3045 2872 3114 Hujusmodi
2911 3057 3074 3111 porro
3118 3037 3391 3093 discordia
3420 3035 3791 3089 Antiochena-

2214 3162 2330 3202 rum
2356 3146 2421 3199 ad
2454 3145 2721 3214 integrum
2753 3140 2922 3195 ferme
2958 3135 3209 3191 sa'culum
3245 3140 3486 3188 extracta
3526 3129 3647 3183 fuit.

534 3250 655 3290 rum
691 3235 899 3292 facinus
942 3247 1153 3307 premat
1183 3238 1422 3300 silentio,
1464 3237 1555 3308 qui
1614 3238 1741 3293 huic
1782 3237 1990 3292 affinem
2024 3238 2109 3292 hi-
2138 3252 2181 3311 ο
2284 3240 2338 3295 2.
2377 3238 2671 3299 Caeterum,
2722 3233 2768 3288 si
2822 3229 3168 3285 Theudoreto
3197 3227 3267 3297 (b)
3326 3226 3479 3293 fides,
3526 3221 3789 3277 meretrix

536 3330 762 3385 storiam
809 3331 876 3385 de
924 3331 1198 3401 Euphrate
1241 3331 1550 3386 Coloniensi
1609 3330 1866 3401 Stephani
1918 3330 2108 3383 Antio-

538 3424 696 3478 cheni
720 3424 932 3478 insidiis
955 3439 1051 3493 per
1081 3426 1450 3480 intromissam
1478 3423 1850 3478 mulierculam
1876 3430 2107 3484 tentato,

541 3526 796 3573 accurate
825 3524 1088 3571 recenset.
1115 3515 1191 3571 Ex
1212 3517 1494 3572 Athanasii
1528 3516 1712 3585 utique
1739 3514 1955 3568 silentio
1981 3526 2112 3566 non-

541 3610 678 3664 nihil
712 3612 941 3664 fortasse
975 3620 1231 3664 nascatur
1271 3609 1616 3679 suspicionis,
1655 3609 1871 3678 quando
1899 3607 2113 3678 potissi-

541 3717 687 3759 mum
728 3703 1023 3767 cernimus,
1056 3701 1344 3771 plerosque
1386 3701 1541 3756 istius
1571 3702 1673 3755 (ενὶ
1714 3701 2011 3770 scriptores
2044 3699 2113 3754 li-

539 3796 737 3853 benter
789 3792 985 3849 afferre
1046 3791 1483 3848 muliercularum
1544 3781 1821 3856 histo'rias,
1881 3806 2112 3861 quarum

542 3889 815 3944 nonnullae
849 3889 962 3957 pari
1000 3888 1308 3956 suspicione
1350 3886 1619 3940 laborant.
1654 3886 1719 3941 Et
1753 3885 1895 3955 quod
1922 3893 2116 3954 augeat

543 3980 882 4049 scrupulum,
917 3978 1155 4034 Joannes
1188 3976 1613 4048 Chrysostomus
1660 3976 1713 4030 in
1758 3974 1969 4045 prolixo
1993 3974 2116 4043 [Eu-

542 4073 732 4128 stathii
774 4070 1051 4137 Eucomio,
1082 4070 1171 4125 ubi
1208 4070 1503 4141 permultas
1535 4068 1693 4124 affert
1728 4066 1847 4136 ejus
1882 4082 1979 4137 pro
2010 4066 2117 4122 fide

544 4165 907 4231 calamitates,
929 4182 1041 4221 rem
1065 4165 1221 4220 istam
1241 4164 1480 4235 praeterit
1496 4163 1729 4219 silentio.
1750 4161 1840 4215 Na:
1863 4163 2116 4216 Socrates

543 4269 828 4328 postquam
860 4257 1205 4313 Eustathium
1252 4254 1656 4312 Sabellianismi
1693 4269 1856 4309 causa
1892 4254 2115 4308 abdica-

544 4364 657 4407 tum
693 4354 954 4417 narravit,
1005 4354 1217 4424 adjicit,
1261 4352 1335 4417 ὡς
1378 4352 1476 4423 μὲν
1510 4345 1602 4406 οὖν
1633 4368 1779 4415 τινες
1823 4350 2009 4421 φασὶν,
2049 4349 2115 4404 δι’

543 4445 707 4510 ἄλλας
735 4445 835 4499 οὐκ
857 4446 1065 4514 ἀγαθὰς
1093 4446 1271 4510 αἰτίας
1290 4462 1302 4474 ·
1342 4444 1587 4515 φανερῶς
1628 4443 1683 4497 δὲ
1712 4445 1810 4496 οὐκ
1843 4444 2114 4515 εἰρήκασι.

545 4541 663 4599 Hoc
696 4551 798 4607 est,
852 4560 869 4592 ‹
905 4539 976 4597 Ut
1001 4556 1129 4595 vero
1150 4539 1369 4610 quidam
1399 4547 1642 4603 narrant,
1673 4538 1795 4592 aliis
1838 4537 1902 4591 de
1936 4535 2117 4590 causis

2210 3350 2330 3404 qua:
2362 3331 2699 3388 Eustathium
2732 3326 3027 3394 accusavit,
3057 3339 3180 3380 cum
3214 3324 3268 3377 in
3305 3318 3688 3391 gravissimum
3725 3329 3790 3371 ac

2211 3430 2525 3482 diuturnum
2561 3423 2807 3478 morbum
2854 3421 3154 3481 incidisset,
3190 3414 3515 3472 calumniam
3557 3410 3788 3475 detexit,

2215 3536 2277 3574 ac
2311 3532 2532 3574 scenam
2569 3525 2737 3571 totam
2773 3512 3016 3585 aperuit:
3052 3525 3153 3564 nec
3178 3509 3387 3563 duobus
3415 3501 3791 3566 lribusve,sed

2214 3609 2631 3683 quamplurimis
2676 3606 3055 3664 sacerdotibus
3098 3601 3361 3658 indicavit
3389 3613 3450 3652 ea
3503 3612 3626 3667 qua:
3669 3594 3791 3650 dolo

2217 3707 2431 3760 fuerant
2473 3703 2821 3765 concinnata,
2853 3701 2999 3755 fassa
3054 3712 3112 3751 se
3169 3694 3417 3751 mercede
3467 3692 3792 3747 conductam

2215 3799 2556 3857 Eustathium
2589 3797 2641 3851 in
2683 3797 2886 3851 crimen
2925 3806 3182 3856 vocasse;
3230 3803 3405 3858 neque
3439 3796 3619 3841 tamen
3658 3782 3793 3837 false

2211 3893 2446 3963 juratam
2467 3906 2545 3957 se,
2568 3889 2785 3960 quando
2810 3884 3125 3941 Eustathius
3146 3881 3362 3951 quidam
3382 3879 3606 3933 aerarius
3638 3875 3795 3930 faber

2219 3985 2443 4041 infantis
2482 3992 2636 4051 pater
2670 3988 2838 4037 esset.
2884 3976 3041 4044 Quod
3089 3975 3132 4029 si
3185 3988 3311 4028 vere
3347 3979 3586 4040 gestum,
3620 3968 3794 4020 miror

2216 4084 2327 4130 tam
2381 4084 2628 4145 apertum
2679 4069 3109 4125 Eusebianorum
3148 4063 3412 4134 ﬂagitium
3457 4058 3541 4114 vel
3592 4056 3795 4128 fugisse

2216 4168 2600 4230 Athanasium,
2638 4164 2718 4219 vel
2741 4160 3170 4232 prsetermissnm
3196 4158 3263 4212 ab
3291 4171 3356 4210 eo
3385 4154 3577 4208 fuisse.

2289 4264 2342 4317 '5.
2386 4259 2543 4315 Gesta
2581 4258 2998 4312 Eusebianorum
3030 4254 3083 4306 in
3117 4251 3389 4318 Asclepam
3427 4243 3715 4298 Uticensem
3746 4249 3795 4295 et

2219 4354 2556 4423 Eutrapium.
2576 4382 2645 4390 —
2672 4349 2774 4404 Per
2805 4348 2945 4402 idem
2985 4345 3100 4401 fere
3124 4353 3336 4412 tempus
3360 4336 3678 4395 Eusebiani,
3705 4333 3796 4404 qui

2218 4463 2363 4503 verae
2408 4446 2527 4500 fidei
2566 4442 2931 4500 assertoribus
2964 4435 3294 4508 inexpiabile
3337 4432 3536 4487 bellum
3581 4428 3797 4482 indixe-

2223 4550 2368 4606 rant,
2415 4538 2701 4605 Asclepam
2739 4535 3041 4591 Gazensem
3076 4530 3411 4599 episcopum,
3459 4524 3637 4577 virum
3674 4533 3800 4587 pro-

544 4637 724 4690 minus
745 4636 986 4691 honestis
1012 4634 1295 4689 abdicatus
1315 4644 1417 4695 est,
1440 4648 1575 4703 quas
1601 4641 1776 4687 tamen
1801 4639 1985 4702 aperte
2009 4645 2113 4684 non
2146 4602 2190 4657 D
2223 4602 2389 4689 hilare
2417 4642 2471 4686 ei
2503 4602 2686 4685 multis
2732 4627 2935 4699 ingenii
2977 4625 3195 4681 dotibus
3225 4629 3501 4681 οισιιειιυιη,
3536 4612 3800 4669 adoriun-

543 4732 846 4802 proferunt.
906 4750 925 4783 ›
982 4731 1189 4798 Quibus
1242 4731 1422 4785 verbis
1471 4731 1641 4783 innuit
1694 4746 1797 4784 non
1858 4727 2115 4783 concordi

544 4828 781 4882 Omnium
810 4826 1078 4879 sententia
1111 4839 1228 4879 eam
1260 4839 1371 4878 rem
1404 4835 1515 4878 tum
1548 4824 1838 4878 admissam
1867 4821 2056 4875 fuisse.

614 4920 764 4984 Auno
802 4933 1053 4975 amem-2n
1080 4918 1207 4973 550.
1245 4946 1315 4959 -
1359 4918 1409 4971 1.
1449 4916 1647 4972 Seditio
1691 4915 2005 4971 Antiochiw.
2049 4942 2119 4952 —

545 5014 811 5069 Abdicato
837 5013 999 5083 igitur
1024 5012 1333 5076 Eustathio,
1370 5026 1473 5066 non
1506 5012 1559 5064 in
1585 5026 1649 5065 eo
1677 5009 1827 5064 stetit
1858 5006 2120 5061 Eusebia-

540 5124 736 5164 norum
777 5106 960 5162 odium
1004 5104 1412 5178 ﬂagitiumque;
1446 5105 1538 5159 sed
1572 5104 1955 5172 imperatorem
1991 5113 2120 5152 con-

540 5202 846 5266 venientes,
874 5209 1125 5256 auctores
1154 5211 1282 5256 sunt
1313 5210 1372 5253 ttt
1399 5199 1450 5253 in
1476 5198 1727 5253 exsilium
1760 5194 1991 5263 pellatur
2020 5207 2119 5244 an-

543 5298 697 5353 tistes
726 5295 824 5368 (τι).
869 5295 943 5350 De
968 5294 1145 5350 exsilii
1176 5295 1300 5350 loco
1332 5309 1434 5345 non
1469 5308 1572 5345 una
1606 5288 1896 5345 sententia.
1930 5283 2121 5338 [liere-

542 5408 736 5465 nymus
768 5393 1156 5462 Trajanopolin
1194 5392 1246 5445 in
1284 5387 1541 5451 Thracia,
1585 5385 1962 5444 Theodoreus
1994 5395 2121 5436 vero

542 5488 594 5541 in
625 5488 915 5558 quamdam
956 5486 1159 5559 Illyrici
1187 5485 1374 5540 urbem
1404 5482 1698 5550 relegatum
1740 5484 1986 5529 narrant.
2019 5473 2120 5528 Se-

541 5598 633 5635 rus
673 5581 761 5634 alii
809 5581 1018 5643 dicunt,
1070 5595 1171 5634 nec
1216 5585 1458 5632 nostrum
1500 5581 1581 5627 est
1613 5586 1724 5625 rem
1770 5568 2013 5639 pluribus
2042 5568 2121 5621 in-

541 5676 831 5745 vestigare.
885 5674 1155 5729 Cmterum
1198 5672 1251 5723 in
1302 5665 1567 5721 Eustathii
1615 5662 1960 5718 abdicatione
2008 5666 2119 5715 tota

612 5811 685 5880 (α)
725 5810 1040 5879 Hieronym.
1090 5803 1533 5880 De_scriptoribus
1568 5798 1963 5880 ecclesiasticis;
2005 5796 2108 5852 So—

538 5870 680 5938 crat.’
704 5882 794 5934 lib.
824 5897 863 5943 ι,
890 5870 1007 5948 cap.
1034 5870 1370 5948 QizSozom.
1406 5873 1499 5929 lib.
1528 5887 1585 5939 tt,
1611 5885 1727 5940 cap.
1773 5870 1853 5926 l9.

611 5951 681 6015 (b)
722 5950 839 6007 Lib.
870 5966 907 6013 ι,
936 5966 1055 6017 cap.
1086 5947 1175 6001 22.

2225 4733 2312 4780 tur
2336 4724 2440 4797 (c);
2473 4734 2548 4788 et,
2578 4721 2721 4793 quod
2747 4723 3067 4774 adornatum
3095 4725 3213 4772 erat
3238 4714 3526 4767 adversum
3552 4708 3802 4762 insontes

2219 4828 2275 4874 et
2314 4817 2651 4873 orthodoxos
2684 4814 2874 4873 telum,
2907 4818 3238 4881 praepostere
3264 4809 3328 4861 de
3354 4802 3665 4860 Christiana
3695 4798 3801 4853 fide

2218 4912 2426 4966 sentire
2450 4908 2831 4963 criminantur.
2862 4904 2972 4960 Nec
3009 4918 3181 4964 mora,
3219 4900 3470 4955 abdicato
3503 4895 3803 4962 subrogant

2220 5003 2574 5071 Quintianum
2622 5002 2807 5056 nescio
2839 5015 3022 5068 quem,
3061 5011 3172 5051 sua:
3207 4992 3461 5049 factionis
3496 4988 3798 5049 hominem,

2221 5093 2615 5162 Asclepamque
2643 5093 2819 5162 patrio
2849 5090 2965 5145 solo
2996 5087 3379 5143 exterminant.
3410 5081 3547 5135 llinc
3575 5093 3802 5134 conver-

2222 5189 2298 5243 sis
2324 5188 2390 5239 ad
2415 5186 2732 5254 Eutropinm
2764 5181 3304 5252 Adrianopolitanum
3334 5178 3426 5229 τὸν
3455 5174 3802 5245 φιλόχριστον

2223 5280 2529 5344 conatibus,
2564 5277 2738 5331 virum
2767 5276 2908 5331 fictis
2942 5272 3261 5329 criminibus
3289 5270 3579 5322 deturbare
3618 5265 3803 5317 nitun-

2225 5382 2334 5425 tur.
2372 5370 2670 5440 Eutropius
2706 5378 2910 5428 autem,
2944 5376 3001 5418 nt
3023 5379 3216 5418 nomen
3251 5369 3430 5419 sonat,
3463 5371 3690 5411 summa
3722 5354 3804 5406 vir

2224 5465 2529 5538 probitatis,
2593 5464 2644 5517 in
2698 5462 2904 5515 crimen
2963 5459 3083 5511 ideo
3138 5463 3384 5516 vocatur,
3430 5449 3573 5519 quod
3632 5446 3804 5501 libere

2224 5559 2521 5616 Eusebium
2556 5562 2894 5625 coargueret,
2928 5562 2983 5604 et
3011 5550 3147 5602 istac
3175 5541 3579 5598 transeuntibus
3612 5546 3804 5591 auctor

2220 5662 2369 5709 esset
2398 5660 2455 5706 ut
2486 5666 2553 5705 ne
2589 5648 2770 5718 impiis
2796 5644 2915 5714 ejus
2948 5643 3104 5696 dictis
3125 5639 3391 5693 haberent
3424 5635 3604 5688 Iidem.
3647 5629 3803 5697 Quod

2291 5791 2358 5859 (c)
2392 5788 2587 5842 Athan.
2623 5784 2762 5839 Hist.
2799 5783 3116 5859 Arianorum
3162 5786 3228 5832 ad
3274 5775 3591 5836 monachos;
3630 5788 3685 5827 η.
3729 5771 3803 5835 5;

2220 5854 2426 5917 Theotl.
2459 5860 2550 5913 lib.
2584 5874 2623 5924 ι,
2654 5872 2769 5927 cap.
2796 5854 2885 5908 20.
