4038 6554
1562 427 1721 483 VITA
1764 426 1820 482 S.
1863 426 2252 482 ATIIANASII.

3412 443 3551 481 LXIV

245 544 287 599 in
319 558 482 597 causa
529 542 729 600 fuisse
769 548 1034 602 creditur
1062 555 1118 601 ut
1149 546 1431 610 Eusebius,
1458 546 1748 601 ulciscendi
1782 547 1862 600 sui
1896 550 1941 606 Α
1969 563 2085 615 qua!
2130 546 2259 601 nihil
2298 544 2517 600 haberet
2551 538 2751 597 ln'toto
2805 557 2970 611 regno
3015 542 3246 607 ﬁdelius,
3278 551 3338 597 ut
3366 558 3549 598 secum

246 635 508 706 cupidine,
548 634 899 697 Basilinam
933 638 1059 693 Julii
1097 638 1393 692 Constantii
1430 652 1649 691 uxorem
1683 636 1867 691 conci-

248 736 368 782 taret
390 728 445 780 in
477 736 774 781 sanctum
810 729 1125 797 praisulem,
1154 729 1305 799 cujus
1329 744 1513 797 opera,
1542 728 1729 782 eadem
1757 742 1862 796 qna

246 818 557 874 Eustathius
596 834 790 888 paena
846 821 1129 883 multatur,
1167 821 1296 873 urbe
1338 819 1519 887 pulsus
1578 819 1782 887 pariter
1812 825 1866 871 et

245 910 495 967 Ecclesia.
519 910 674 966 Cum
709 927 901 981 porro
925 913 1154 967 Basilina
1182 928 1320 966 anno
1345 912 1469 977 5⁵51,
1498 912 1681 981 paucis
1712 922 1856 979 post-

247 1020 385 1075 quam
410 1002 716 1058 Julianum
760 1016 1062 1075 pepererat
1105 1006 1399 1069 mensibus,
1432 1005 1572 1059 diem
1601 1004 1861 1059 clauserit

249 1111 569 1163 extremum,
616 1098 956 1168 Euphronii
993 1099 1242 1153 exsilium
1288 1107 1590 1168 opportune
1626 1097 1859 1153 conferri

243 1200 402 1260 potest
438 1191 494 1243 in
523 1206 762 1245 annum
796 1192 933 1246 550.
1524 1246 1529 1251 .

298 1282 349 1337 4.
390 1282 666 1351 Abyssini
710 1280 1047 1336 Frumentio
1088 1282 1294 1335 doctore
1338 1281 1533 1336 Christi
1560 1281 1716 1350 ﬁdem
1746 1300 1861 1337 am-

243 1372 560 1440 plectuntur.
603 1403 686 1412 —-
720 1371 858 1426 Jam
898 1374 968 1428 ad
1010 1372 1413 1428 conversionem
1462 1371 1855 1441 Abyssinorum

245 1461 553 1532 Ethiopum
574 1465 983 1519 enarrandam
1002 1474 1229 1518 evocant
1247 1478 1345 1517 nos
1360 1462 1651 1530 scriptores
1668 1479 1854 1518 oumes

244 1554 622 1619 ecclesiastici,
666 1557 774 1627 qui
806 1556 918 1611 sub
954 1556 1163 1609 initium
1195 1556 1536 1625 episcopatus
1568 1556 1850 1611 Athanasii

241 1646 441 1699 venisse
502 1644 948 1699 Alexandriam
1001 1644 1371 1698 Frumentium
1427 1644 1526 1714 (τι),
1580 1655 1743 1714 atque
1787 1645 1854 1699 ab

241 1738 532 1791 Athanasio
580 1737 889 1791 delectum
936 1736 1102 1791 fuisse
1148 1737 1476 1806 episcopum,
1524 1736 1850 1807 apostolum-

242 1844 334 1897 que
362 1826 481 1895 ejus
508 1828 782 1897 regionis
819 1836 1115 1882 testantur.
1147 1828 1276 1881 Eam
1312 1828 1593 1882 historiam
1625 1831 1691 1883 ad
1727 1844 1851 1882 ver-

1976 653 2257 707 usquequo
2287 636 2623 690 adolesceret
2654 633 2814 698 ﬁlius,
2852 633 3072 702 regendi
3102 633 3251 702 regni
3285 633 3546 688 sollicitu-

1973 730 2153 783 dinem
2182 729 2552 799 partirentur;
2585 736 2634 781 et
2667 725 2934 795 przecipue
2962 723 3361 790 Frumentium,
3392 725 3547 795 cujns

1971 821 2253 889 prudentia
2286 821 2349 873 ad
2383 817 2769 897 moderandum
2799 814 3069 869 sulliceret
3111 830 3333 885 regnum
3365 829 3381 868 :
3418 831 3542 871 nam

1970 913 2106 966 alius
2148 912 2303 966 ﬁdem
2342 926 2529 980 puram
2565 922 2620 965 et
2660 908 2898 963 sobriam
2943 916 3176 961 mentem
3226 907 3545 976 simpliciter

1968 1001 2279 1055 exhibebat.
2327 1001 2490 1069 quue
2530 1000 2654 1053 dum
2696 1007 2939 1069 agerent,
2972 1006 3028 1051 et
3077 998 3225 1067 regni
3269 999 3541 1067 guberna-

1967 1092 2087 1147 cula
2125 1091 2472 1146 Frumentius
2500 1092 2724 1145 haberet
2748 1091 2798 1144 in
2830 1091 3080 1145 manibus
3104 1130 3118 1155 ,
3154 1090 3265 1143 Deo
3299 1101 3539 1145 mentem

1964 1184 2079 1253 ejus
2102 1193 2155 1237 et
2184 1184 2393 1239 animos
2420 1183 2728 1251 instigante,
2760 1183 3039 1250 requirere
3064 1181 3331 1236 sollicitus
3351 1185 3539 1252 coepit,

1963 1278 2007 1332 si
2041 1277 2131 1347 qui
2156 1277 2297 1331 inter
2318 1277 2683 1346 negotiatores
2714 1275 2985 1329 Romanos
3004 1274 3303 1329 Christiani
3329 1285 3536 1339 essent,

1962 1379 2016 1423 et
2057 1369 2187 1439 ipsis
2233 1376 2550 1437 potestatem
2602 1366 2891 1419 maximam
2924 1366 3054 1419 dare
3102 1379 3164 1419 ac
3212 1380 3433 1419 monere
3481 1376 3539 1419 ut

1960 1460 2335 1516 conventicula
2369 1474 2466 1527 per
2496 1458 2608 1511 loca
2639 1455 2850 1525 singula
2883 1455 3142 1519 facerent,
3179 1455 3244 1510 ad
3275 1471 3395 1525 qua:
3424 1453 3535 1507 Rn-

1960 1567 2123 1607 mano
2156 1551 2262 1604 ritu
2296 1548 2564 1604 orationis
2592 1563 2752 1601 causa
2784 1544 3149 1600 conﬂuerent:
3192 1546 3284 1599 sed
3320 1554 3375 1600 et
3415 1546 3531 1612 ipsa

1959 1643 2127 1696 multo
2153 1644 2324 1709 magis
2348 1640 2535 1693 eadem
2568 1638 2767 1702 facere,
2792 1646 2844 1690 et
2878 1637 2949 1689 ita
2978 1646 3203 1690 cancros
3229 1637 3528 1703 cohortari,

1959 1733 2139 1787 favore
2165 1742 2219 1785 et
2252 1730 2532 1785 beneﬁciis
2564 1728 2815 1791 invitare,
2852 1733 3109 1795 praestare
3140 1726 3401 1795 quidquid
3428 1740 3527 1795 op-

1957 1834 2244 1894 portunum
2285 1821 2495 1883 fuisset,
2527 1820 2642 1873 loca
2676 1818 2923 1871 aediﬁciis
2965 1817 3178 1886 aliaque
3218 1818 3529 1873 necessaria

242 1921 351 1975 bum
384 1936 449 1976 ex
484 1921 705 1977 Ruﬁno
737 1931 1086 1984 mutuamur,
1118 1924 1206 1989 qui
1240 1937 1299 1976 se
1340 1922 1405 1975 ab
1435 1922 1677 1987 Edesio,
1711 1922 1841 1976 Fru-
1886 1905 1926 1959 Β
1954 1917 2218 1987 praebere,
2252 1924 2304 1970 et
2344 1914 2567 1969 omnino
2617 1912 2815 1980 gestire
2862 1919 2922 1963 ut
2967 1909 3399 1965 Christianorum
3450 1911 3524 1964 ibi

242 2014 413 2067 meutii
452 2015 675 2068 comite
710 2014 1297 2083 peregrinationisque
1330 2015 1500 2080 socio,
1537 2031 1648 2069 rem
1692 2030 1848 2070 acce-

243 2104 372 2173 pisse
411 2114 870 2159 commemorat.
916 2122 935 2155 ‹
972 2104 1023 2158 1η
1052 2121 1135 2172 ea,
1196 2106 1367 2176 inquit
1416 2107 1666 2173 Rufinus,
1718 2109 1846 2163 divi-

242 2196 375 2249 sione
412 2197 572 2251 orbis
633 2207 841 2261 terraz,
883 2213 1005 2266 qua:
1053 2199 1117 2251 ad
1167 2201 1568 2266 praedicandum
1622 2200 1842 2255 verbum

242 2284 324 2339 Dei
348 2296 495 2341 sorte
530 2302 637 2356 per
670 2288 977 2358 apostolos
1009 2289 1273 2343 celebrata
1301 2301 1403 2353 est,
1432 2308 1554 2345 cum
1581 2293 1698 2346 alia:
1725 2294 1845 2348 aliis

241 2379 521 2446 provincia:
557 2380 971 2446 obvenissent,
1000 2381 1217 2435 Thoma:
1246 2381 1489 2449 Parthia,
1516 2393 1567 2438 et
1594 2384 1843 2441 Matthreo

240 2466 531 2535 EthiOpia,
568 2472 746 2535 eique
786 2471 1084 2526 adhaerens
1118 2473 1339 2527 citerior
1375 2474 1521 2529 India
1560 2475 1843 2533 Bartholo-

240 2573 360 2612 ωπεο
382 2559 592 2614 dicitur
619 2571 787 2616 sorte
814 2560 1062 2616 decreta.
1090 2562 1231 2617 Inter
1261 2580 1421 2634 quam
1454 2565 1841 2638 Parthiamque

239 2649 421 2715 media,
447 2651 545 2703 sed
577 2649 753 2719 longo
784 2650 1022 2705 interior
1047 2662 1216 2707 tractu
1239 2654 1381 2709 ludia
1418 2657 1641 2712 ulterior
1670 2659 1836 2728 jacet,

238 2740 408 2791 multis
438 2740 730 2810 variisque
764 2740 976 2809 linguis
1002 2750 1055 2795 et
1084 2744 1334 2810 gentibus
1372 2747 1646 2815 habitata;
1678 2766 1836 2818 quam

237 2830 375 2884 velut
407 2832 569 2902 longe
611 2841 903 2886 remotam
942 2833 1118 2888 nullus
1153 2837 1460 2905 apostolica:
1501 2843 1839 2909 prazdicatio-

238 2920 314 2973 nis
355 2924 566 2977 vomeri
623 2923 1049 2992 impresserat:
1103 2941 1221 2996 qua:
1270 2937 1445 2983 tamen
1505 2936 1837 3004 temporibus

238 3012 573 3069 ConStantini
610 3016 708 3069 tali
742 3016 990 3086 quadam
1016 3032 1083 3073 ex
1107 3035 1267 3074 causa
1291 3024 1495 3076 semina
1523 3023 1641 3079 ﬁdei
1660 3027 1836 3094 prima

235 3109 485 3176 suscepit.
536 3108 910 3165 Metrodorus
961 3111 1177 3180 quidam
1238 3113 1607 3186 philosophus,
1668 3120 1838 3191 inspi-

237 3195 545 3252 ciendorum
599 3200 893 3265 locorum,
946 3210 1000 3254 et
1044 3202 1190 3256 orbis
1237 3209 1610 3274 perscrutandi
1657 3212 1831 3279 gratia

237 3287 547 3345 ulteriorem
582 3292 804 3346 dicitur
836 3290 1044 3345 Indiam
1076 3305 1411 3362 penetrasse.
1448 3297 1613 3367 Cujus
1643 3317 1830 3357 exem-

236 3373 320 3442 plo
354 3377 625 3431 invitatus
658 3377 950 3446 Meropius
975 3379 1195 3448 quidam
1227 3382 1421 3452 Tyrius
1452 3387 1827 3459 philosophus,

235 3465 393 3522 simili
424 3484 493 3523 ex
528 3484 703 3524 causa
737 3469 899 3523 adire
932 3467 1135 3525 Indiam
1174 3474 1360 3539 voluit,
1399 3476 1603 3533 habens
1642 3495 1829 3535 secum

236 3557 366 3613 duos
388 3560 684 3628 puerulos,
716 3575 862 3630 quos
896 3559 1209 3617 liberalibus
1241 3564 1458 3630 litteris,
1489 3577 1677 3638 utpote
1701 3587 1829 3640 pro-

234 3650 489 3719 pinquos,
517 3653 881 3707 instituebat.
913 3653 1150 3721 Quorum
1182 3673 1341 3721 unus,
1368 3660 1458 3727 qui
1483 3663 1824 3733 cratjunior,

233 3738 510 3808 £desius,
536 3744 683 3798 alter
696 3744 1055 3802 Frumentius
1076 3751 1391 3804 vocabatur.
1408 3752 1572 3821 Igitur
1599 3758 1828 3824 pervisis

232 3842 284 3884 et
309 3833 361 3885 in
396 3836 655 3890 notitiam
682 3837 866 3906 captis
896 3836 982 3892 bis
1009 3840 1203 3908 quibus
1234 3842 1449 3897 animus
1483 3846 1823 3915 pascebatur,

235 3938 356 3979 cum
390 3928 761 3999 phlIOSOleUS
801 3931 985 3985 redire
1028 3933 1308 4001 cepisset,
1344 3950 1498 4006 aqua:
1540 3939 1622 3992 vel
1660 3950 1825 3995 caete-

236 4032 414 4074 rorum
458 4024 909 4078 necessariorum
953 4041 1139 4091 causa,
1178 4030 1243 4081 ad
1290 4040 1500 4098 portum
1537 4035 1822 4101 quemdam

235 4114 389 4167 navis
415 4129 525 4184 qua
558 4114 875 4170 vehebatur
908 4119 1179 4187 applicuit.
1215 4120 1380 4176 Moris
1412 4133 1493 4177 est
1523 4125 1659 4179 inibi
1696 4127 1823 4182 bar-

234 4203 518 4271 barorum,
557 4218 619 4261 nt
668 4209 715 4262 si
763 4208 987 4278 quando
1028 4210 1204 4266 foedus
1254 4213 1355 4267 sibi
1396 4231 1519 4268 cum
1566 4216 1824 4274 Romanis

237 4297 511 4352 turbatum
553 4299 750 4354 vicina:
799 4301 1171 4356 nuntiaverint
1225 4314 1434 4373 gentes,
1484 4325 1672 4363 omnes
1730 4312 1821 4380 qui

235 4391 373 4456 apud
422 4406 518 4445 eos
568 4408 637 4445 ex
688 4391 953 4447 Romanis
996 4394 1195 4448 inventi
1243 4394 1438 4451 fuerint
1485 4399 1819 4469 juguleutur.

238 4476 516 4534 InVaditur
550 4482 709 4536 navis
738 4481 1072 4551 philosophi,
1102 4485 1285 4539 cuncti
1318 4501 1439 4540 cum
1473 4488 1589 4557 ipso
1617 4492 1823 4558 pariter

238 4574 616 4638 perimuntur:
648 4572 861 4643 pueruli
891 4576 1086 4642 reperti
1118 4575 1216 4631 sub
1253 4579 1451 4633 arbore
1477 4582 1816 4647 meditantes,

240 4673 291 4718 et
324 4665 587 4721 lectiones
616 4682 745 4721 suas
772 4676 1053 4736 parantes,
1086 4669 1443 4726 barbarorum
1472 4674 1821 4731 miseratione

241 4760 451 4824 servati,
477 4760 757 4814 ducuntur
787 4760 859 4812 ad
891 4774 1095 4828 regem.
1132 4759 1335 4815 Horum
1368 4764 1455 4819 ille
1482 4765 1735 4834 alterum,
1770 4768 1820 4823 id

242 4858 317 4900 est
366 4848 672 4915 Edesium,
730 4850 838 4904 sibi
898 4850 1205 4917 pincernam
1263 4853 1426 4919 fecit;
1502 4855 1822 4912 Frumentio

243 4949 383 5001 vero,
426 4954 591 5007 quem
646 4938 806 5008 quasi
851 4940 1222 5008 perspicacem
1278 4943 1711 5013 deprehenderat
1767 4958 1821 5003 et

242 5030 574 5095 prudentem,
613 5035 868 5084 rationes
898 5045 1027 5085 suas
1060 5033 1367 5103 scriniaque
1401 5037 1676 5092 commisit
1708 5059 1718 5094 :
1750 5054 1814 5094 ex

244 5131 339 5185 quo
369 5131 416 5174 et
448 5122 503 5176 in
537 5122 759 5176 honore
809 5135 1008 5191 magno
1041 5123 1179 5193 apud
1219 5140 1398 5194 regem
1439 5128 1634 5195 habiti,
1677 5141 1728 5186 et
1762 5132 1813 5185 in

242 5221 423 5265 ³11101⁸8.

299 5299 345 5353 5.
383 5301 741 5357 Frumentius
764 5300 830 5353 ab
864 5301 1152 5356 Athanasio
1180 5308 1515 5362 constituitur
1545 5310 1813 5379 episcopus

233 5388 622 5459 Abi/uiuorum.
644 5421 719 5430 ——
747 5409 765 5441 ‹
794 5392 861 5443 At
894 5405 1020 5444 vero
1045 5394 1279 5448 moriens
1311 5412 1402 5450 rex
1435 5413 1661 5451 uxorem
1688 5416 1812 5453 cum

228 5486 434 5548 parvulo
462 5486 579 5540 ﬁlio
606 5483 769 5553 regni
806 5481 1023 5549 reliquit
1048 5484 1344 5551 haeredem;
1373 5490 1811 5545 adolescentibus

223 5585 383 5629 autem
426 5578 561 5648 quid
612 5575 829 5630 vellent
880 5576 1070 5645 agendi
1102 5576 1246 5630 dedit
1301 5578 1525 5635 liberam
1581 5581 1810 5635 faculta-

220 5672 312 5719 tem
338 5687 349 5722 :
383 5685 522 5738 quos
563 5678 759 5721 tamen
788 5665 971 5733 regina
996 5668 1302 5735 suppliciter
1320 5684 1533 5736 exorat,
1558 5681 1811 5742 tanquam

1851 4621 1899 4681 D

1949 2025 2134 2065 semen
2168 2014 2501 2076 exsurgeret.
2532 2004 2639 2059 Sed
2666 2019 2787 2058 cum
2813 2004 2991 2069 regius
3015 2018 3147 2073 puer
3174 2002 3522 2069 adolevisset,

1948 2102 2037 2170 qui
2068 2099 2501 2168 procurationem
2537 2095 2685 2163 regni
2710 2094 2987 2163 gerebant,
3016 2093 3245 2165 expletis
3271 2095 3527 2150 omnibus

1946 2204 1999 2244 et
2030 2208 2095 2244 ex
2130 2192 2230 2244 ﬁde
2264 2190 2496 2253 traditis,
2526 2188 2750 2243 multum
2784 2188 2909 2242 licet
2939 2186 3307 2242 detinentibus
3347 2196 3401 2241 et
3434 2201 3522 2241 ro—

1944 2282 2195 2350 gantibus
2226 2290 2282 2335 ut
2309 2287 2595 2336 manerent
2626 2280 2807 2348 regina
2843 2278 2925 2330 vel
2958 2277 3087 2343 ﬁlio,
3121 2277 3187 2329 ad
3217 2278 3404 2331 orbem
3437 2285 3521 2329 ta-

1945 2390 2065 2429 men
2111 2384 2353 2430 nostrum
2395 2380 2761 2428 revertuntur.
2807 2368 3030 2424 Edesio
3076 2367 3366 2423 festinante
3405 2366 3518 2437 Ty-

1942 2483 2082 2533 rum,
2110 2475 2361 2537 parentes
2384 2464 2827 2535 pr0pinquosque
2854 2461 3094 2515 revisere
3115 2501 3130 2524 ,
3167 2458 3518 2512 Frumentius

1941 2560 2321 2615 Alexandriam
2353 2556 2549 2628 pergit,
2592 2555 2777 2610 dicens
2818 2565 3033 2624 aequum
3076 2567 3181 2606 non
3225 2564 3347 2604 esse
3379 2564 3516 2618 opus

1940 2653 2218 2708 occultare
2251 2650 2611 2706 Dominicum.
2663 2650 2830 2718 Igitur
2865 2663 2981 2702 rem
3014 2660 3229 2700 omnem
3269 2654 3327 2697 ut
3360 2655 3513 2712 gesta

1939 2756 2021 2802 est
2052 2745 2272 2814 exponit
2310 2744 2585 2814 episcopo,
2624 2758 2686 2797 ac
2724 2750 2905 2796 monet
2932 2749 2990 2795 ut
3018 2739 3300 2811 provideat
3331 2737 3517 2791 virum

1938 2839 2170 2907 aliquem
2226 2837 2474 2908 dignum,
2523 2851 2683 2905 quem
2731 2833 3074 2904 congregatis
3111 2830 3220 2901 jam
3261 2829 3513 2899 plurimis

1936 2929 2282 2994 Christianis,
2307 2938 2360 2984 et
2380 2928 2626 2983 ecclesiis
2645 2928 2972 2982 constructis
2996 2926 3050 2980 in
3069 2925 3354 2980 barbarico
3368 2923 3509 2987 loco,

1936 3024 2245 3093 episcopum
2290 3021 2489 3075 mittat.
2531 3019 2670 3073 Tum
2716 3035 2847 3075 vero
2892 3020 3225 3074 Athanasius
3264 3018 3410 3086 (nam
3463 3019 3511 3073 is

1936 3131 2105 3185 nuper
2156 3114 2520 3170 sacerdotium
2572 3112 2926 3182 susceperat)
2967 3110 3231 3166 attentius
3274 3122 3331 3166 et
3380 3126 3509 3178 pro-

1938 3208 2155 3278 pensius
2196 3204 2501 3268 Frumentii
2547 3204 2686 3259 dicta
2726 3214 2985 3272 gestaque
3032 3204 3408 3270 considerans,
3453 3202 3508 3257 in

1936 3299 2163 3355 concilio
2185 3296 2524 3354 sacerdotum
2555 3294 2629 3349 ait
2657 3313 2671 3349 :
2717 3313 2736 3346 ι
2778 3295 2843 3349 Et
2873 3309 3033 3363 quem
3066 3294 3231 3348 alium
3261 3294 3507 3353 invenie-

1939 3408 1957 3441 ι
1990 3404 2110 3443 mus
2138 3389 2312 3443 virum
2346 3385 2531 3450 talem,
2560 3386 2611 3440 in
2639 3398 2748 3455 quo
2779 3385 2850 3440 sit
2884 3384 3110 3455 spiritus
3139 3386 3231 3440 Dei
3274 3385 3416 3441 sicut
3450 3387 3505 3440 in

1938 3499 1956 3532 ι
1994 3489 2065 3545 te,
2097 3481 2185 3550 qui
2219 3481 2333 3534 haec
2362 3478 2531 3548 possit
2563 3476 2833 3547 implere?
2866 3497 2884 3529 ι
2917 3478 2986 3533 Et
3017 3478 3218 3533 tradito
3243 3478 3291 3532 ei
3323 3493 3506 3533 sacer-

1930 3573 2101 3638 dotio,
2132 3572 2311 3626 redire
2346 3586 2469 3627 eum
2499 3584 2623 3624 cum
2664 3568 2876 3624 Domini
2906 3570 3078 3640 gratia
3108 3570 3254 3624 unde
3282 3580 3506 3625 venerat

1924 3665 2099 3734 jubet.
2147 3663 2248 3731 Qui
2296 3678 2417 3717 cum
2458 3662 2745 3731 episcopus
2783 3661 3120 3730 perrexisset
3164 3659 3231 3714 ad
3274 3660 3501 3725 Indiam,

1933 3769 2078 3811 tanta
2112 3758 2159 3812 ei
2188 3757 2309 3810 data
2338 3769 2458 3810 esse
2492 3769 2522 3809 a
2547 3755 2655 3809 Deo
2682 3754 2940 3808 virtutum
2982 3754 3154 3822 gratia
3187 3752 3405 3817 dicitur,
3441 3759 3505 3806 ut

1928 3851 2082 3919 signa
2111 3863 2205 3918 per
2225 3862 2349 3903 eum
2393 3845 2687 3915 apostolica
2715 3845 2926 3908 ﬁerent,
2954 3852 3007 3898 et
3045 3843 3284 3898 inﬁnitus
3310 3858 3503 3899 nume-

1929 3953 2020 3992 rus
2048 3937 2400 3991 barbarorum
2445 3944 2859 3989 converteretur
2888 3934 2954 3990 ad
2985 3932 3167 3988 ﬁdem.
3195 3934 3269 3988 Ex
3298 3948 3406 4003 quo
3435 3934 3492 3987 in

1926 4029 2091 4083 Indiae
2128 4028 2373 4099 partibus
2398 4036 2452 4083 et
2480 4027 2660 4097 populi
2692 4026 3128 4082 Christianorum
3157 4034 3211 4080 et
3244 4025 3505 4081 Ecclesia:

1926 4119 2082 4173 factae
2108 4129 2255 4183 sunt,
2283 4126 2338 4172 et
2358 4116 2721 4173 sacerdotium
2747 4118 2934 4186 coepit.
2961 4114 3091 4181 Quae
3108 4130 3206 4170 nos
3229 4116 3300 4170 ita
3328 4124 3499 4185 gesta,

1927 4226 2032 4266 non
2073 4211 2327 4279 Opinione
2353 4208 2521 4280 vulgi,
2562 4210 2662 4265 Sed
2704 4209 2821 4279 ipso
2848 4207 3077 4264 IEdesio
3112 4209 3238 4281 Tyri
3271 4212 3502 4282 presby-

1929 4315 2042 4357 tero
2071 4301 2410 4370 postmodum
2447 4300 2612 4366 facto,
2654 4301 2747 4370 qui
2779 4299 3080 4367 Frumentii
3114 4314 3303 4356 comes
3350 4301 3502 4371 prius

1926 4390 2122 4456 fuerat,
2150 4392 2440 4455 referente,
2467 4392 2845 4459 cognovimus.
2878 4410 2898 4443 ι
2935 4390 3061 4446 Haec
3092 4391 3320 4447 Ruﬁnus
3345 4410 3359 4459 ;
3388 4393 3500 4458 cui,

1926 4492 1983 4537 ut
2029 4484 2211 4537 audita
2264 4484 2534 4551 narranti,
2582 4484 2725 4538 haud
2783 4483 2910 4539 licet
2964 4498 3162 4554 negare
3201 4483 3382 4539 ﬁdem.
3433 4486 3505 4538 At

1928 4576 2090 4629 multa
2119 4585 2247 4629 sunt
2281 4575 2336 4629 in
2366 4575 2564 4644 quibus
2622 4573 2708 4628 vel
2748 4589 2937 4631 errore
2981 4574 3097 4644 ipse
3151 4574 3369 4637 labitur,
3418 4576 3504 4628 vel

1927 4669 2084 4735 vulgo
2114 4679 2385 4737 receptam
2407 4682 2521 4721 aevo
2544 4681 2664 4733 suo,
2701 4666 2827 4721 licet
2853 4666 3069 4732 falsam,
3096 4666 3347 4735 sequitur
3385 4666 3504 4736 opi-

1926 4762 2160 4815 nionem.
2212 4760 2336 4815 llaec
2385 4760 2572 4830 paucis
2618 4759 3093 4814 commemoranda
3138 4759 3296 4813 nobis
3341 4767 3503 4826 sunt,

1924 4852 1990 4904 iis
2020 4849 2215 4903 additis
2246 4864 2386 4917 quae,
2434 4848 2671 4903 Tellezio
2703 4850 3032 4917 creterisque
3055 4848 3160 4905 PP.
3208 4850 3509 4907 Societatis

1926 4942 2052 4998 Jesu
2083 4942 2416 5008 auctoribus,
2450 4943 2777 5011 accepimus.
2806 4941 2937 5008 Quae
2973 4959 3002 4996 a
3049 4943 3363 5001 clarissimo
3394 4946 3512 5000 viro

1926 5037 2062 5092 Jobo
2088 5034 2371 5106 Ludolpho
2393 5037 2806 5091 accuratissime
2832 5037 3084 5101 collecta,
3110 5048 3167 5092 et
3199 5038 3508 5096 innumeris

1926 5141 2082 5184 aucta
2117 5132 2479 5185 monumentis
2511 5130 2651 5186 haud
2675 5130 2747 5185 ita
2777 5131 2983 5200 pridem
3014 5131 3066 5186 in
3092 5131 3271 5191 lucem
3294 5134 3509 5203 prodie-

1922 5232 2069 5277 I'Ulll.

1992 5313 2046 5368 6.
2086 5312 2289 5369 Indiam
2323 5314 2572 5381 Ruﬁnus,
2599 5314 3051 5385 quemadmodum
3074 5324 3129 5370 et
3153 5317 3241 5371 alii
3275 5316 3502 5383 scripto-

1924 5422 2012 5461 rcs
2048 5406 2425 5471 ecclesiastici,
2462 5423 2580 5461 eam
2624 5420 2778 5462 vocat
2834 5410 3132 5478 regionem,
3183 5423 3303 5474 qua:
3358 5406 3497 5461 Fru-

1921 5498 2107 5551 mentii
2150 5513 2252 5567 ope
2299 5497 2503 5553 Christi
2558 5499 2663 5554 ﬁde
2711 5500 2979 5554 illustrata
3031 5508 3133 5552 est.
3180 5498 3314 5551 ‘l‘um
3351 5500 3495 5552 enim

1922 5587 2300 5641 remotissimis
2329 5587 2632 5657 quibusque
2674 5589 2982 5656 regionibus
3012 5602 3200 5641 versus
3227 5587 3496 5642 orientem

1923 5694 1987 5732 ac
2023 5679 2301 5734 meridiem
2333 5678 2439 5733 late
2477 5681 2785 5748 patentibus
2826 5678 2985 5733 India:
3017 5692 3212 5733 nomen
3248 5688 3386 5734 erat.
3423 5679 3503 5734 At

271 5877 345 5950 (α)
382 5878 609 5936 Socrat.
646 5875 749 5930 lib.
779 5888 817 5927 ι.
850 5889 966 5936 cap.
994 5874 1089 5930 l9:
1120 5874 1336 5935 Sozom.
1366 5878 1460 5935 lib.
1491 5896 1549 5948 li,
1589 5896 1705 5950 cap.
1729 5882 1833 5950 ’ΞΗ
1867 5882 2131 5940 Theudor.
2158 5884 2250 5941 lib.
2278 5904 2314 5951 ι,
2343 5902 2461 5957 cap.
2489 5886 2580 5942 25.
