4038 6516
524 434 683 475 LXX"

1860 428 2389 486 PROLEGOMENA.

526 544 765 596 immane
815 550 1075 611 quantum
1144 543 1345 598 labitur
1400 544 1651 609 Ruﬁnus,
1700 561 1819 599 enm
1890 546 2093 600 Indiam
2130 557 2166 610 Α
2199 549 2426 604 :ilIerunt
2467 549 2643 603 Ruﬁni
2696 560 3122 623 casterornmquc
3180 556 3503 626 scriptorum
3554 558 3760 629 verba;

526 636 669 688 illam
699 634 1033 699 ulteriorem,
1076 645 1131 689 ut
1161 646 1336 700 vocat,
1372 638 1515 691 inter
1552 637 1751 691 Indiam
1785 639 2092 692 citeriorem

522 738 579 781 ct
626 726 902 781 Parthiam
948 728 1102 781 sitam
1144 729 1292 783 dicit.
1344 729 1850 797 Exploratissimnm
1899 730 2095 798 quippe

521 828 630 883 est,
681 820 983 888 regionem,
1013 834 1133 888 qua:
1162 817 1540 873 Frmnentium
1592 829 1745 874 nacta
1784 819 2088 888 apestolnm

522 924 626 977 est,
677 927 793 967 eam
838 926 958 966 esse
1006 911 1300 980 EthiOpite
1347 921 1579 981 partem,
1626 926 1746 980 qum
1781 910 2090 981 Abyssinia,

526 1004 871 1067 llabessinia,
905 1007 991 1059 vel
1041 1006 1267 1060 Abassia
1307 1005 1525 1059 dicitur.
1574 1003 1739 1072 llujus
1788 1004 1933 1072 regia
1968 1014 2094 1057 tunc

521 1107 641 1151 erat
686 1097 975 1163 Auxumis,
1032 1100 1163 1153 urbs
1207 1097 1479 1168 perampla
1525 1106 1579 1151 et
1624 1095 1896 1164 opulenta,
1938 1095 2093 1162 cuius

524 1188 789 1258 hodieque
826 1190 1017 1242 rudera
1059 1191 1327 1253 visuntur,
1376 1203 1475 1241 nec
1508 1186 1608 1240 nisi
1645 1186 1958 1257 oppidulum
2008 1195 2093 1239 est

519 1281 722 1334 Acsnm
775 1281 997 1345 dictum,
1060 1280 1113 1335 in
1155 1287 1348 1350 ‘regno
1399 1279 1575 1348 Tigrae
1627 1280 1814 1341 situm,
1879 1278 2091 1332 decimo

522 1384 717 1441 quarto
746 1384 799 1429 et
825 1375 1048 1429 dimidio
1084 1376 1250 1444 gradu
1284 1373 1584 1426 latitudinis
1622 1370 2087 1441 septentrionalis.

521 1464 914 1520 Obtruncatum
954 1467 1029 1520 ait
1056 1464 1277 1519 Ruﬁnus
1305 1463 1600 1533 Meropium
1630 1484 1643 1519 :
1676 1464 1729 1518 id
1756 1470 1953 1532 negant
1985 1460 2091 1515 Ha-

520 1555 747 1624 bessini,
793 1558 886 1611 sed
926 1557 1113 1611 morbo
1147 1556 1302 1610 aiunt
1326 1556 1678 1610 exstinctum.
1710 1553 2087 1608 Frumentium

519 1656 698 1701 autem
736 1657 791 1700 et
827 1646 1105 1701 Edesiutn
1147 1662 1244 1702 sua
1278 1663 1407 1703 voce
1437 1656 1749 1716 nuncupant
1795 1646 2089 1700 Fremona-

518 1745 628 1789 tum
675 1742 731 1791 et
760 1736 1077 1805 Sydracum.
1132 1736 1375 1792 Priorem
1422 1737 1697 1793 Salamam
1731 1751 1944 1806 quoque
1994 1752 2089 1805 ap-

516 1826 719 1892 pellare
755 1828 950 1891 solent,
978 1844 1084 1898 quo
1116 1831 1335 1884 nomine
1366 1829 1449 1883 his
1495 1827 1802 1883 celebratur
1827 1827 2086 1882 carmini-

516 1918 618 1972 bus
646 1932 713 1972 ex
746 1918 1054 1989 Ethiopico
1088 1919 1259 1974 versis
1286 1933 1315 1972 a
1349 1917 1670 1987 Ludolpho:

515 2009 750 2064 Salutem
779 2027 897 2064 voce
926 2010 1127 2063 (milia:
1161 2011 1278 2063 dico
1319 2011 1367 2063 ei
1390 2050 1403 2071 ,

514 2079 867 2148 Magniﬁcam
895 2090 941 2133 et
976 2080 1228 2134 extollens
1264 2095 1416 2142 eum,

514 2149 811 2209 Salamam,
831 2150 1056 2217 januam
1082 2150 1458 2202 misericordia
1488 2160 1533 2201 et
1568 2150 1857 2206 dementire
1890 2166 1909 2204 :

515 2220 619 2285 Qui
663 2221 795 2273 oriri
834 2220 957 2288 fecit
996 2221 1049 2273 in
1096 2218 1374 2287 rEt/n'opia
1413 2220 1626 2274 luminis
1665 2222 1860 2276 Christi
1915 2220 2086 2287 splen-

511 2356 646 2411 Cum
668 2366 823 2411 antea
846 2358 899 2411 in
926 2374 987 2411 ea
1015 2358 1184 2427 caligo
1212 2367 1258 2411 et
1279 2359 1502 2411 tenebras
1537 2292 1975 2429 fuissenifiorem’

512 2447 777 2502 Fremona
848 2448 976 2501 item
1028 2457 1207 2503 exstat
1253 2450 1509 2519 Oppidum
1563 2451 1617 2506 in
1665 2454 1854 2508 eodem
1908 2453 2085 2524 Tigraa

514 2553 681 2608 regno
748 2539 932 2604 situm,
985 2554 1052 2593 ex
1102 2538 1429 2596 Fremonato
1476 2555 1572 2596 seu
1631 2541 1947 2599 Frumentio
2012 2546 2081 2597 ita

511 2634 730 2687 dictum.
756 2630 1058 2685 Frumentii
1100 2641 1277 2687 autem
1324 2635 1579 2688 memoria
1620 2635 1760 2705 apud
1804 2635 2085 2704 Ethiopes

510 2725 813 2780 celebratur
843 2725 929 2779 die
978 2724 1183 2779 decima
1224 2733 1411 2780 octava
1467 2726 1801 2782 Decembris.
1853 2727 2082 2783 Unicmn

509 2817 621 2887 regi
670 2817 886 2873 obeunti
941 2815 1105 2870 ﬁlium
1149 2817 1316 2871 fuisse
1365 2829 1629 2874 memorat
1678 2820 1934 2887 Rufinus;
1991 2822 2083 2876 sed

508 2908 794 2965 Athanasii
865 2908 1287 2979 IEIhiopumqne
1343 2912 1668 2967 testimoniis
1723 2920 2081 2981 compertum,

508 3000 646 3055 duos
680 2998 848 3054 fuisse
872 2999 1085 3063 fratres,
1107 3002 1198 3070 qui
1233 3002 1372 3070 apud
1400 3002 1755 3057 Athanasium
1785 3003 1835 3056 in
1855 3003 2080 3072 epistola

507 3088 807 3143 Constantii
836 3089 901 3143 ad
927 3088 1146 3143 eosdem
1171 3088 1441 3158 principes
1467 3082 1846 3161 nnncupantui
1876 3092 2080 3146 Aizana

506 3192 560 3235 et
584 3179 797 3233 Zazana
824 3179 1134 3234 Auxumeos
1168 3180 1405 3250 tyranni,
1439 3180 1507 3235 ab
1527 3178 1873 3250 [Ethiopibus
1904 3191 2079 3236 autem

505 3273 719 3327 Abreha
754 3282 809 3326 et
833 3272 1096 3337 Atzbeha,
1117 3287 1224 3342 quo
1254 3272 1467 3327 nomine
1491 3273 1795 3341 principum
1824 3276 2079 3327 memoria
2110 3268 2150 3324 C

505 3366 761 3421 recolitur
794 3366 878 3421 die
921 3364 956 3420 4
985 3364 1255 3431 Octobris,
1316 3374 1477 3435 atque
1519 3365 1603 3421 his
1651 3367 1979 3422 carminibus
2014 3369 2081 3423 ab

503 3460 759 3532 Ethiope
779 3471 903 3517 vate
927 3461 1232 3516 celebratur
1260 3479 1273 3515 :

505 3551 740 3606 Salutem
768 3552 987 3605 Abrehw
1017 3560 1063 3603 et
1105 3550 1377 3609 Atzbehw,
1417 3549 1509 3616 qui
1549 3548 1795 3602 sederunt

502 3622 570 3675 In
598 3637 753 3689 regno
792 3638 914 3682 uno,
950 3629 1130 3674 mutuo
1167 3636 1221 3673 se
1267 3627 1524 3672 amantes.

506 3687 707 3746 Prisc-is
750 3691 1081 3756 hominibus,
1119 3690 1210 3759 qui
1256 3691 1311 3743 in
1350 3688 1785 3759 prwceptisilegis
1828 3687 2077 3744 Mosaicrc

1632 3758 2032 3830 [(tmbulabmtl.

506 3828 612 3886 Ore
691 3847 871 3885 eorum
934 3830 1277 3898 prwrlicalum
1344 3828 1444 3896 fuit
1514 3828 1725 3882 verbum
1764 3829 2069 3951 ἱΙῗτῖίυίιθειὶἰ

1828 3913 2028 3951 .trtslt.

1828 3917 1996 3950 .Imsu

504 3969 571 4023 Et
628 3972 871 4025 manibus
939 3985 1120 4025 eorum
1182 3982 1384 4036 quoque
1443 3897 2075 4111 wdi/icatapi'iglnilsigéi-

1754 4052 1858 4093 allo
1884 4058 2017 4110 ejus.

1731 4049 1858 4093 talio
1884 4049 2017 4110 ejus.

499 4130 579 4187 Ex
607 4132 906 4187 inveterata
938 4130 1169 4199 quadam
1200 4128 1672 4201 opinioneortum,
1703 4135 1845 4200 quod
1876 4133 2074 4188 dicitur

498 4226 690 4280 horum
732 4222 1035 4292 principum
1074 4237 1189 4276 αξνο
1240 4221 1409 4291 legem
1447 4220 1738 4278 Mosaicam
1770 4224 2071 4281 obtinuisse

499 4319 551 4369 in
587 4314 925 4369 Habessinia.
955 4311 1087 4366 Nam
1116 4321 1308 4381 putant
1340 4328 1523 4383 regum
1549 4330 1769 4370 suorum
1803 4318 2068 4388 originem

501 4406 627 4460 duci
673 4421 702 4459 a
744 4405 974 4473 quodam
1022 4403 1371 4472 Menileheco,
1420 4405 1733 4463 Salomonis
1764 4423 1827 4463 ex
1884 4411 2067 4479 regina

495 4498 640 4553 Saba
675 4496 787 4551 ﬁlio
818 4515 831 4551 :
863 4513 986 4567 qua:
1009 4513 1097 4553 res
1123 4499 1412 4569 sagacibns
1439 4498 1674 4555 fabulam
1710 4502 1872 4570 sapit.
1914 4502 2068 4569 Quod

494 4604 623 4644 vero
646 4590 784 4644 ritus
802 4588 1012 4645 Iudaici
1044 4606 1150 4645 non
1182 4592 1338 4661 pauci
1366 4594 1504 4661 apud
1535 4608 1630 4650 eos
1663 4595 1726 4648 ad
1750 4595 1866 4650 haec
1894 4610 2068 4663 usque
2100 4623 2147 4681 Ι)

494 4693 738 4752 tempora
796 4698 893 4739 usu
944 4685 1194 4749 veniant,
1248 4686 1299 4740 id
1340 4687 1481 4740 unde
1517 4702 1862 4760 progressum
1926 4688 2067 4741 haud

492 4773 710 4830 dillicile
744 4784 828 4831 est
853 4777 1126 4847 augurari.
1164 4777 1296 4831 Nam
1341 4787 1487 4832 tanta
1533 4780 1842 4835 Judreorum
1890 4778 2071 4833 multi-

495 4866 752 4936 tudojam
778 4868 907 4923 olim
947 4884 1011 4924 eo
1049 4869 1346 4935 confluxit,
1392 4880 1449 4925 ut
1501 4887 1606 4927 non
1654 4870 1819 4927 semel
1874 4870 2070 4938 Negusi

440 5030 447 5039 ο
490 4975 585 5015 seu
626 4960 967 5031 imperatoris
1017 4962 1201 5031 copias
1247 4963 1469 5031 adorti,
1513 4964 1567 5019 in
1608 4963 1899 5019 discrimen
1951 4977 2063 5015 rem

489 5049 855 5121 Ethiopicam
901 5054 1245 5115 adduxerim.
1298 5056 1628 5109 Memoratur
1672 5068 1805 5108 sane
1850 5052 2065 5106 Judams

489 5142 709 5212 quidam
745 5143 962 5199 Gedeon
1016 5147 1257 5211 nomine,
1316 5148 1409 5216 qni
1464 5162 1584 5200 cum
1643 5143 2064 5214 imperatoribus

490 5241 723 5301 quatuor
778 5243 996 5291 strenue
1034 5251 1175 5305 Saepe
1225 5251 1593 5304 congressus,
1647 5236 1861 5287 demum
1920 5247 2062 5286 anno

489 5323 630 5379 {624
660 5324 833 5381 victus
884 5336 1177 5397 captusque
1209 5343 1395 5397 pcenas
1427 5327 1592 5380 dedit.
1618 5325 1698 5378 Ab
1725 5324 1874 5377 hisce
1899 5323 2061 5392 igitur

488 5413 686 5471 ludatis
722 5417 935 5473 invecta
972 5428 1191 5489 putatur
1217 5416 1584 5481 circumcisio,
1623 5414 2058 5470 Sabbatiobser-

486 5508 650 5573 vatio,
680 5518 737 5563 et
763 5510 967 5565 similes
1001 5511 1158 5564 ritus.

559 5598 613 5650 7.
657 5597 774 5652 Jam
815 5600 957 5669 quod
984 5615 1183 5654 annum
1234 5599 1425 5654 delecti
1480 5598 1549 5653 ab
1595 5596 1893 5652 Athanasio
1923 5595 2060 5650 Fru-

487 5690 675 5743 mentii
723 5702 961 5760 spectat,
1018 5692 1159 5749 haud
1217 5691 1385 5745 levem
1437 5690 1818 5745 controversire
1871 5704 2055 5743 ansam

562 5805 638 5875 (ιι)
663 5808 858 5863 Athan.
879 5810 1097 5882 Apolog.
1119 5818 1298 5864 contra
1322 5808 1568 5877 Arianos,
1596 5827 1648 5865 u.
1676 5809 1767 5876 59;
1796 5773 2060 5879 Epipltan‘.

494 5874 695 5935 hit-res.
731 5896 919 5936 vaut.

2197 660 2317 696 cum
2353 644 2598 712 exemplo
2629 645 2910 699 Metrodori
2955 648 3279 716 philosophi,
3319 652 3410 719 qui
3456 652 3506 705 in
3543 654 3764 709 ulterio-

2200 751 2311 790 rem
2342 736 2543 789 Indiam
2568 739 2977 808 commigrarat,
3020 740 3205 792 dicunt
3237 741 3526 810 Meropinm
3558 754 3760 800 tantam

2197 828 2499 895 suscepisse
2534 829 2950 897 navigationem.
2998 832 3285 886 Metrodori
3332 843 3510 888 autem
3557 837 3763 891 reditus

2198 920 2248 972 in
2282 934 2480 972 annmu
2524 927 2581 971 ut
2621 920 2782 973 citius
2820 921 2923 974 524
2967 923 3199 977 conferri
3245 935 3497 991 oportere
3554 936 3762 980 certum

2194 1020 2297 1062 est.
2330 1008 2459 1060 Nam
2490 1023 2552 1062 ex
2595 1008 2680 1061 illa
2708 1013 3140 1080 peregrinatione
3171 1029 3419 1068 reversus
3444 1055 3457 1077 ,
3496 1014 3764 1069 Constan-

2197 1101 2367 1153 tinnm
2400 1100 2643 1170 Byzantii
2676 1102 2917 1165 offendit,
2948 1104 3033 1157 cui
3065 1120 3306 1172 gemmas
3338 1107 3673 1175 unionesqne
3698 1124 3762 1160 cx

2196 1192 2343 1246 lndia
2372 1194 2556 1247 furtim
2608 1194 2816 1249 ablatas
2851 1196 2990 1249 dono
3019 1198 3190 1251 dedit.
3235 1197 3333 1263 Qui
3371 1198 3763 1253 Constantinus

2195 1300 2338 1339 anno
2367 1293 2575 1339 tantum
2604 1285 2709 1340 524
2732 1286 2972 1342 Orientis
3003 1289 3229 1356 imperio
3254 1291 3478 1359 potitus,
3504 1307 3611 1345 non
3640 1303 3763 1346 ante

2194 1378 2370 1445 potuit
2409 1377 2653 1447 Byzantii
2694 1380 2993 1435 considere.
3036 1378 3091 1434 Si
3144 1396 3269 1435 vero
3322 1381 3591 1451 Meropins
3643 1392 3761 1451 post

2193 1467 2482 1522 Metrodori
2520 1470 2749 1522 reditum
2770 1469 3045 1538 profectus
3074 1479 3175 1536 est,
3210 1487 3355 1525 anno
3376 1482 3502 1541 puta
3540 1471 3646 1526 59.5
3680 1472 3760 1525 vel

2192 1558 2315 1623 59.6,
2357 1560 2447 1628 qui
2494 1560 2731 1629 potuerit
2783 1560 3129 1615 Frumentins
3165 1564 3263 1615 sub
3298 1562 3509 1615 initium
3554 1564 3761 1629 episco—

2192 1660 2349 1718 patus
2371 1650 2655 1706 Athanasii
2690 1652 3073 1706 Alexandriam
3100 1654 3331 1716 venisse,
3360 1654 3470 1722 qui,
3508 1656 3582 1706 nti
3619 1655 3759 1707 dixi-

2190 1756 2310 1796 mus
2344 1756 2527 1809 supra,
2574 1756 2715 1796 anno
2747 1742 2850 1796 326
2877 1742 3081 1797 electus
3122 1753 3203 1797 est
3246 1744 3568 1812 episcopus?
3623 1743 3765 1798 Nam

2189 1841 2387 1901 praeter
2437 1832 2565 1886 illud
2630 1832 2682 1886 in
2733 1834 3127 1901 peregrinando
3186 1832 3425 1903 elapsum
3500 1836 3761 1903 temporis

2114 1933 2154 1985 Β
2185 1925 2435 1994 spatium,
2475 1940 2644 1978 annos
2687 1939 2815 1978 sane
2863 1924 3128 1993 plurimos
3158 1926 3333 1995 egisse
3386 1925 3757 1980 Frumentimn

2189 2030 2410 2069 necesse
2444 2025 2561 2081 est,
2614 2015 2728 2069 sive
2771 2030 2891 2068 cum
2942 2014 3235 2085 Ethiopian
3273 2031 3429 2087 rege,
3464 2017 3578 2073 sive
3638 2026 3761 2085 post

2186 2104 2501 2159 defunctum
2529 2120 2707 2174 regem
2739 2121 2861 2158 cum
2906 2108 3127 2174 regina,
3180 2121 3351 2176 usque
3401 2108 3527 2161 dum
3573 2108 3758 2162 adole-

2186 2197 2394 2252 vissent
2448 2196 2565 2250 lilii.
2625 2196 2769 2250 Sane
2825 2196 2869 2250 si
2923 2207 3175 2266 suscepta
3225 2198 3588 2266 peregrinatio
3640 2210 3760 2264 post

2188 2288 2475 2343 Metrodori
2519 2288 2749 2340 reditqu
2798 2286 2917 2351 fuit,
2946 2286 3031 2341 vix
3071 2302 3210 2340 anno
3249 2287 3355 2341 540
3395 2296 3570 2356 potest
3617 2285 3758 2341 Fru-

2189 2380 2373 2434 mentii
2405 2379 2788 2433 Alexandriam
2824 2377 3097 2447 profectus
3142 2380 3449 2449 contigisse.
3482 2379 3658 2447 Atque
3686 2383 3767 2434 ita'

2186 2486 2293 2524 non
2330 2469 2490 2539 paulo
2524 2478 2645 2538 post
2688 2469 2920 2523 electum
2962 2468 3324 2523 Athanasium
3373 2469 3757 2523 Alexandriam

2186 2561 2426 2627 venerit;
2466 2560 2559 2614 sed
2587 2560 2767 2613 multis
2794 2568 2915 2630 post
2951 2561 3130 2613 annis.
3166 2560 3357 2613 Verum
3399 2561 3482 2613 his
3510 2560 3759 2614 omnibus

2185 2654 2514 2717 occurritur,
2561 2653 2602 2706 si
2634 2651 2953 2721 Meropium,
2988 2668 3090 2705 non
3120 2662 3428 2720 exspectato
3468 2652 3757 2707 Metrodori

2186 2743 2379 2806 reditu,
2425 2742 2789 2811 IEthiopicutn
2837 2743 2937 2798 iter
3011 2742 3305 2797 instituisse
3350 2744 3608 2797 dicamus.
3642 2741 3754 2797 Nec

2186 2832 2457 2902 quidpiam
2487 2833 2539 2887 in
2572 2833 2750 2887 Ruﬁni
2785 2834 3093 2889 narratione
3129 2843 3425 2903 comparet,
3463 2834 3604 2902 quod
3632 2832 3757 2889 huic

2185 2925 2463 2979 sententire
2492 2926 2827 2980 adversetur.
2877 2924 2934 2980 In
2978 2942 3176 2981 annum
3221 2942 3348 2997 ergo
3388 2927 3608 2981 circiter
3629 2928 3754 2992 350,

2184 3017 2267 3072 vel
2313 3017 2540 3072 fortasse
2588 3020 2869 3083 maturius,
2912 3018 3233 3073 conferenda
3280 3018 3573 3074 Frumentii
3617 3023 3759 3075 ordi-

2185 3108 2331 3161 natio
2348 3108 2581 3164 videtur.
2618 3108 2905 3164 Promotus
2928 3110 3014 3164 ille
3043 3112 3112 3164 ab
3147 3110 3443 3168 Athanasio
3466 3112 3516 3165 in
3546 3110 3757 3166 A‘lthio-

2186 3199 2284 3267 pia:
2308 3199 2640 3267 episcopum,
2688 3212 2899 3270 gentem
2948 3202 3090 3257 illam
3128 3203 3327 3259 Christi
3358 3205 3755 3273 doctrinajillu-

2182 3292 2397 3359 stravit,
2436 3290 2659 3361 ejusque
2683 3293 2955 3363 apostolus
2994 3295 3179 3350 haberi
3208 3297 3420 3352 meruit.

2250 3386 2401 3440 ANNO
2434 3399 2686 3439 cmcnsn
2718 3386 2842 3442 331.
2861 3387 3007 3441 -1.
3042 3386 3297 3443 Eusebius
3322 3400 3544 3443 conatur
3567 3390 3757 3442 Arium

2183 3471 2563 3526 Alexandriam
2629 3476 2911 3530 remittere.
2984 3476 3291 3532 Melctianos
3349 3480 3448 3532 sibi
3520 3481 3751 3534 asciscit.

2177 3597 2248 3606 —
2276 3567 2537 3623 Eusebius
2576 3585 2738 3637 porro
2768 3580 2821 3624 et
2847 3573 3087 3638 assecltc,
3116 3574 3269 3638 pulso
3296 3572 3576 3629 Eustathio
3600 3584 3757 3629 caete-

2180 3661 2364 3729 risque
2418 3662 2533 3715 veri
2584 3664 2992 3731 defensoribus,
3053 3666 3116 3719 ad
3174 3666 3274 3720 hoc
3326 3682 3520 3722 nervos
3563 3683 3753 3723 omnes

2180 3751 2459 3808 industria
2480 3755 2895 3821 contenderunt,
2916 3767 2973 3810 ut
2993 3756 3105 3814 Arii
3131 3757 3510 3812 Alexandriam
3546 3776 3755 3828 regres-

2177 3862 2293 3900 sum
2349 3848 2699 3918 impetrarent
2744 3847 2856 3919 (a);
2915 3865 3144 3919 cumque
3190 3852 3526 3905 occasionem
3576 3852 3652 3907 illi
3698 3862 3753 3907 et

2176 3954 2360 3993 ansam
2391 3940 2636 4010 gerendae
2682 3942 2758 3994 rei
2799 3943 3086 4011 percupide
3126 3943 3498 4007 observarent,
3547 3961 3749 4015 oppor-

2177 4041 2303 4085 tune
2334 4031 2532 4086 cecidit
2564 4043 2621 4086 ut
2652 4042 2759 4085 tum
2792 4032 3057 4087 Meletiani
3101 4049 3195 4101 per
3229 4033 3522 4104 Aigyputm
3559 4036 3746 4090 turbas

2175 4124 2385 4191 darent,
2438 4138 2503 4178 ac
2550 4134 2738 4178 contra
2772 4139 2929 4194 quam
2964 4124 3136 4178 fuerat
3176 4125 3228 4178 in
3282 4124 3493 4178 Nicaeus
3544 4128 3749 4197 synodo

2173 4215 2489 4281 deﬁnitum,
2542 4216 2704 4270 rebus
2747 4231 2866 4270 sese
2922 4216 3287 4271 immiscerent
3337 4216 3745 4273 ecclesiasticis.

2173 4305 2429 4362 Homines
2465 4308 2795 4362 Athanasius
2840 4308 3089 4376 precibus
3115 4348 3130 4372 ,
3165 4309 3553 4374 hortamentis,
3597 4325 3749 4365 com-

2172 4399 2555 4453 minationibus
2600 4403 2664 4451 ad
2712 4399 2943 4453 ollicium
3020 4414 3271 4454 revocare
3323 4400 3748 4470 societatemque

2171 4487 2569 4542 communionis
2596 4487 2733 4540 inire
2762 4489 3023 4541 tentabat.
3064 4489 3133 4541 At
3181 4487 3583 4542 Melctianorum
3621 4507 3751 4559 pro-

2174 4580 2344 4633 tervia
2376 4578 2574 4633 frustra
2618 4579 2781 4633 cessit
2828 4591 3074 4634 conatus.
3115 4582 3191 4636 Re
3237 4592 3511 4651 comperta
3577 4584 3747 4639 Euse-

2174 4673 2314 4734 bius,
2352 4681 2462 4725 tum
2495 4671 2748 4727 factionis
2784 4688 2894 4728 sua-
2933 4672 3089 4729 facile
3125 4674 3406 4743 princeps,
3462 4677 3628 4730 mittit
3677 4677 3745 4730 ad

2173 4762 2530 4830 Meletianos,
2596 4780 2732 4833 quos
2808 4767 3012 4837 magnis
3088 4766 3187 4823 sihi
3266 4767 3751 4836 pollicitationibus

2174 4857 2443 4923 devincit;
2503 4858 2749 4928 initaque
2812 4875 2933 4915 cum
2989 4860 3091 4914 illis
3138 4860 3435 4915 clanculum
3477 4862 3741 4926 amicitia,

2176 4948 2241 5001 de
2275 4948 2389 5002 Arii
2419 4949 2589 5002 reditu
2634 4951 2914 5005 constituit
2958 4951 3243 5021 agendum.
3298 4952 3583 5021 Postquam
3612 4967 3749 5022 ergo

2172 5037 2320 5104 prius
2349 5038 2535 5090 Ariani
2562 5054 2681 5091 cum
2707 5038 3004 5096 Meletianis
3026 5042 3326 5095 simultates
3351 5051 3536 5111 aperte
3555 5056 3742 5111 gesse-

2174 5137 2296 5180 rant
2321 5126 2418 5198 (b),
2472 5129 2560 5182 ubi
2600 5131 2948 5185 adverterunt
2994 5134 3202 5201 plebem
3249 5133 3529 5187 catholicis
3558 5149 3741 5187 sacer-

2174 5226 2387 5281 dotibus
2419 5240 2538 5281 esse
2572 5228 2838 5282 addictam
2861 5268 2877 5294 ,
2913 5228 3225 5284 stimulante
3258 5229 3445 5291 livore,
3472 5228 3738 5293 ejusmodi

2168 5318 2342 5374 foedus
2375 5320 2514 5375 inter
2543 5336 2601 5376 se
2643 5322 2911 5385 inierunt,
2962 5335 3379 5391 communesque
3425 5320 3747 5375 inimicitias
3790 5310 3801 5319 ³

2168 5426 2523 5483 susceperunt
2568 5414 2828 5468 adversus
2874 5414 3076 5468 clerum
3110 5412 3554 5468 Alexandrinum.
3608 5412 3738 5478 Quae

2169 5519 2257 5558 res
2293 5505 2431 5558 male
2459 5505 2619 5559 vertit
2656 5504 2953 5559 Meletianis
2989 5503 3056 5575 (c)
3087 5524 3098 5559 :
3135 5519 3199 5557 ex
3232 5504 3556 5557 Arianorum
3590 5503 3741 5557 enim

2166 5596 2552 5650 consuetudine
2578 5606 2632 5650 et
2663 5598 2925 5651 societate
2970 5611 3109 5650 verae
3140 5596 3260 5649 ﬁdei
3285 5596 3554 5665 jacturam
3588 5593 3733 5648 fece—

2166 5696 2311 5749 runt,
2348 5689 2544 5742 hausto
2576 5688 2775 5742 sensim
2807 5690 3008 5743 erroris
3046 5703 3288 5754 veneno,
3337 5689 3411 5743 ita
3449 5697 3508 5745 ut
3546 5696 3600 5742 et
3633 5687 3737 5758 ipsi

2245 5804 2318 5873 (b)
2350 5804 2565 5857 Sozom.
2596 5807 2634 5857 l.
2664 5822 2723 5869 tt,
2758 5820 2875 5874 cap.
2908 5806 2998 5860 91.

2252 5876 2318 5948 (c)
2356 5876 2552 5929 Athan.
2581 5876 2745 5941 ibid.,
2766 5892 2819 5929 ιι.
2851 5877 2937 5930 ϋυι.
