4038 6524
1520 443 1682 497 Vl’f'A
1725 441 1783 495 S.
1826 440 2217 498 ATllANASll.

3324 456 3504 497 LXXVII

219 581 411 634 persmpc
451 564 663 617 Ariani
718 568 849 620 sint
900 566 1176 636 appellati.
1234 564 1344 619 lloc
1382 566 1555 632 juncti
1603 564 1829 623 fmdere,
1863 559 2080 620 ANova
2134 578 2222 615 res
2274 571 2432 630 atque
2480 559 2794 614 admiranda
2859 558 3173 627 imperatori
3235 559 3349 614 visa
3399 572 3503 618 est.

219 674 393 721 operam
424 657 585 709 inter
612 674 685 711 se
713 660 1078 722 diviserunt;
1108 668 1161 711 ut
1193 657 1458 711 Meletiaui
1494 656 1822 709 callidissimi

223 751 427 804 homines
461 758 521 801 et
571 749 647 801 ad
704 750 1037 804 calumnias
1074 764 1284 818 semper
1316 748 1517 817 parati,
1575 764 1670 815 pro
1714 749 1824 799 suis

222 842 424 910 parlillus
456 840 797 894 criminum
831 841 1217 895 confictionem
1254 842 1607 906 susciperent,
1639 837 1819 891 Ariani

221 952 338 999 vero,
397 934 891 987 Eusebiauorum
958 936 1129 1003 gratia
1186 944 1239 986 et
1295 932 1614 986 auctoritate
1670 930 1817 994 freti,

215 1029 363 1099 jutlicii
399 1027 633 1080 ferendi
673 1027 791 1080 sibi
832 1036 1021 1095 partes
1047 1026 1399 1079 vindicarent.

268 1118 309 1174 Ξ.
339 1118 563 1170 Eusebii
603 1120 927 1171 calumnirc
953 1118 1008 1170 in
1040 1117 1410 1169 Athanasium.
1440 1116 1598 1168 Arius
1634 1126 1676 1169 et
1710 1114 1818 1167 Eu-

220 1209 329 1261 zoius
358 1207 605 1260 libellum
640 1208 786 1274 ﬁdei
808 1209 1041 1276 o/feruut
1066 1206 1509 1261 Constantiuo.-—
1528 1206 1592 1259 Et
1617 1206 1817 1276 princi-

218 1302 281 1369 pio
315 1300 535 1367 quidem
598 1298 905 1353 Eusebius
955 1298 1232 1352 Athanasii
1281 1300 1519 1351 animum
1567 1300 1813 1362 tentavit,

218 1388 590 1456 Optatissimum
635 1389 756 1443 sibi
798 1399 1008 1459 putans
1032 1404 1148 1443 esse
1168 1388 1266 1459 (α),
1298 1404 1363 1443 ac
1390 1389 1548 1443 rebus
1588 1390 1814 1442 Ariano-

218 1498 305 1535 rum
328 1481 598 1550 augendis
635 1481 1164 1535 commodissimum
1191 1521 1205 1544 ,
1237 1482 1280 1535 si
1315 1490 1492 1534 tantus
1524 1481 1608 1536 ille
1638 1483 1720 1535 vir
1746 1484 1811 1535 ad

217 1586 366 1625 eorum
412 1579 614 1639 partes
671 1574 1020 1639 accederet;
1072 1588 1132 1627 ac
1187 1572 1380 1627 litteris
1428 1573 1642 1641 quidem
1698 1574 1809 1627 suis

216 1666 403 1735 rogabat
450 1666 697 1718 Ariauis
766 1666 1024 1729 aditum,
1084 1664 1345 1717 tabellarii
1414 1673 1591 1716 autem
1646 1678 1806 1731 opera

216 1757 655 1811 iutermiuabatur
688 1757 926 1810 insidiis
964 1757 1314 1824 appetendum
1350 1756 1494 1819 fore,
1537 1755 1635 1809 nisi
1679 1770 1810 1809 con-

214 1852 395 1904 cederet
438 1849 834 1919 posmlatum.
893 1847 1094 1902 Verum
1164 1848 1520 1913 Athanasius,
1575 1848 1661 1900 ubi
1720 1864 1804 1900 res

216 1944 442 2012 agebatur
476 1941 899 1995 ecclesiastica
931 1940 1328 2003 labefactanda,
1379 1955 1475 1993 nec
1507 1942 1667 1993 minis
1707 1954 1806 1994 nec

213 2034 428 2105 pri-cibus
477 2046 892 2102 opportunus,
929 2032 1121 2099 optatis
1173 2031 1383 2085 Eusebii
1428 2032 1662 2085 abnuit:
1710 2047 1807 2085 nec

214 2128 340 2182 modo
363 2124 588 2180 Arianis
620 2142 737 2179 non
767 2125 988 2177 aditum
1015 2124 1304 2187 concessit,
1334 2138 1521 2177 verum
1548 2125 1711 2177 etiam
1753 2125 1805 2176 in

212 2235 364 2273 eorum
403 2219 609 2272 haeresi
648 2215 1032 2285 exstirpanda
1066 2230 1242 2284 opera:
1273 2230 1485 2284 semper
1518 2214 1802 2284 plurimum

210 2311 452 2380 studiique
479 2308 883 2377 consumpsit.
936 2305 1063 2371 Qua:
1104 2321 1187 2359 res
1216 2305 1431 2359 Eusebii
1476 2315 1531 2359 et
1571 2314 1805 2360 sectato-

209 2420 303 2455 rum
351 2401 466 2469 ejus
526 2400 797 2454 animum
867 2397 1207 2466 exasperavit
1263 2392 1313 2450 in
1362 2395 1677 2449 antistitem.
1742 2395 1805 2448 Et

209 2492 473 2559 conspicati
512 2506 626 2545 non
673 2503 861 2559 posse
900 2488 1073 2540 virum
1122 2488 1189 2541 ab
1235 2487 1483 2541 instituto
1537 2488 1803 2549 revocari,

206 2586 575 2653 promotionem
628 2583 757 2651 ejus
808 2582 870 2635 in
909 2579 1093 2633 sedem
1140 2579 1499 2648 episcopalem
1566 2580 1615 2633 in
1664 2579 1806 2633 invi-

206 2678 324 2730 diam
346 2685 546 2730 vocant
567 2693 584 2742 ;
617 2675 924 2742 juniorem
945 2690 1041 2744 pro
1064 2686 1212 2728 tanto
1238 2687 1481 2737 munere,
1504 2673 1803 2741 indignum,

207 2769 264 2819 ab
297 2766 554 2837 improbis
586 2766 891 2821 delectum
922 2767 1190 2829 ementiti,
1228 2765 1380 2832 cujus
1406 2763 1804 2817 criminationis

207 2858 395 2910 vanitas
434 2872 501 2911 ex
560 2855 862 2911 recensita
920 2856 1170 2923 superius
1233 2855 1465 2924 cooptati
1524 2854 1803 2909 Athanasii

207 2952 396 3005 ratione
442 2951 749 3019 perspicua
828 2957 940 3003 est.
1000 2947 1211 3001 fluebat
1258 2957 1445 3014 suapte
1490 2946 1805 3001 infirmitate

202 3042 476 3105 Calumnia,
506 3042 762 3097 teStibus
810 3040 1117 3093 innumeris
1159 3040 1233 3093 rei
1280 3040 1559 3094 veritatem
1590 3038 1803 3107 proclac

201 3134 478 3187 mantibus.
514 3132 809 3188 intellexit
852 3140 1035 3183 autem
1082 3130 1344 3185 Eusebius
1376 3130 1507 3184 nihil
1541 3128 1803 3199 ejusmodi

201 3225 647 3278 machinamentis
691 3221 1013 3293 perfectura
1045 3220 1130 3284 iri,
1169 3222 1270 3275 nisi
1318 3222 1613 3285 imperator
1646 3236 1796 3275 suam

201 3316 559 3385 interponeret
606 3314 1028 3369 auctoritatem.
1074 3311 1440 3378 Quamobrem
1482 3313 1589 3366 alio
1634 3312 1798 3366 vertit

197 3408 359 3459 studia
388 3416 441 3461 et
476 3416 745 3468 conatus,
781 3414 839 3459 et
864 3420 971 3473 qua
1001 3404 1207 3458 valebat
1239 3405 1381 3472 apud
1420 3404 1793 3459 Constantiam

195 3498 484 3566 Augustam
520 3500 867 3552 auctoritate
899 3504 951 3550 et
979 3497 1148 3565 gratia
1184 3511 1315 3551 usus
1342 3497 1436 3567 (b),
1495 3497 1797 3555 ministerio

197 3604 404 3658 quoque
419 3592 675 3645 adhibito
692 3590 984 3659 cujusdam
1014 3589 1310 3659 presbyteri
1336 3590 1476 3643 inter
1501 3591 1798 3645 familiares

197 3682 443 3751 Augustae
473 3683 812 3751 computati,
848 3680 1165 3735 muliebrem
1206 3682 1443 3735 animum
1476 3684 1540 3735 ad
1567 3682 1798 3735 Ariano-

197 3788 312 3826 rum
349 3774 726 3844 patrocinium
759 3773 984 3825 allicere
1017 3772 1277 3826 tentabat.
1336 3773 1401 3826 Et
1450 3788 1576 3827 vero
1620 3775 1797 3827 admi-

201 3866 366 3921 nister
394 3868 481 3921 ille
514 3866 885 3923 coosiliorum
921 3865 1134 3919 Eusebii
1164 3880 1305 3935 saepe
1334 3882 1456 3920 eum
1480 3866 1795 3920 Constantia

199 3959 262 4011 de
322 3960 453 4013 Ario
510 3973 830 4013 sermonem
886 3956 1111 4021 habuit,
1166 3959 1341 4011 virum
1400 3959 1549 4013 aiens
1600 3960 1795 4028 injuria

200 4046 443 4102 all'ectmn
487 4064 516 4102 a
552 4049 789 4119 synodo,
830 4062 932 4101 nec
967 4048 1038 4101 ita
1077 4048 1282 4103 sentire
1309 4058 1366 4101 ut
1402 4049 1542 4118 vulgi
1574 4065 1794 4104 rumore

204 4135 495 4201 ferebatur,
551 4138 650 4192 sed
702 4152 854 4191 sana:
907 4135 1029 4189 ﬁdei
1064 4138 1295 4214 haerere.
1353 4137 1447 4191 llis
1482 4138 1793 4192 Constantia

204 4226 357 4279 fidem
398 4228 633 4291 habuit;
666 4241 768 4279 nec
813 4238 995 4279 tamen
1024 4242 1086 4280 ea
1116 4230 1179 4281 de
1208 4243 1267 4283 re
1294 4229 1604 4297 imperatori
1631 4232 1792 4284 verba

205 4314 381 4369 facere
428 4329 514 4370 est
556 4333 714 4371 ausa.
753 4317 973 4369 Accidit
1018 4318 1163 4371 inter
1205 4320 1337 4393 haec,
1380 4327 1436 4374 ut
1491 4320 1544 4373 in
1574 4335 1792 4390 gravem

207 4406 292 4459 illa
327 4410 575 4464 morbum
604 4411 875 4463 incideret
908 4426 921 4461 :
959 4424 1156 4479 aegram
1203 4412 1498 4481 imperator
1535 4413 1792 4482 frequens

211 4503 405 4558 adibat.
433 4503 860 4574 Ingravescente
889 4504 1077 4557 morbo
1099 4541 1114 4567 ,
1154 4503 1547 4573 desperataque
1585 4507 1793 4560 valetu-

1934 653 2346 723 Respondctque
2394 654 2603 720 roganti
2640 670 2652 704 :
2686 670 2704 702 ι
2732 651 2785 704 Si
2824 651 3058 705 decretis
3088 651 3281 721 synodi
3320 652 3502 714 Arius,

1932 746 1975 799 si
2043 746 2305 798 doctrinae
2386 746 2736 814 astipulatur,
2809 743 3042 797 libenter
3097 743 3368 797 hominem
3437 745 3504 796 ad

1930 849 2273 906 conspectum
2340 839 2655 903 admittam,
2714 846 2767 891 et
2822 851 2943 889 cum
3014 836 3216 889 honore
3273 836 3507 891 Alexan-

1928 934 2100 985 driam
2150 935 2348 986 reverti
2399 932 2711 986 concedam.
2761 948 2780 982 ι
2834 927 3162 996 Litterisque.
3215 925 3500 979 confestim

1926 1032 2115 1076 evocat
2146 1023 2332 1075 Arium
2367 1022 2454 1093 (ε),
2500 1020 2991 1074 l’roerastiuantem
3023 1027 3080 1070 ut
3114 1018 3278 1081 videt,
3308 1031 3502 1070 secun-

1927 1115 2021 1167 das
2058 1113 2239 1177 mittit,
2274 1113 2342 1165 27
2404 1110 2718 1166 Novembris
2740 1110 2915 1172 datas,
2959 1109 3155 1177 quibus
3188 1107 3500 1161 cohortatur

1925 1218 1983 1259 ut
2013 1206 2310 1274 profectum
2350 1216 2619 1272 maturet,
2666 1219 2763 1259 nec
2793 1219 2976 1258 moras
3024 1204 3250 1257 ulterius
3296 1202 3495 1263 trahat,

1923 1298 2019 1353 sed
2046 1315 2343 1354 conscenso
2392 1300 2605 1368 publico
2658 1298 2905 1352 vehiculo
2960 1312 3019 1351 se
3052 1297 3362 1349 conveniat.
3402 1294 3501 1358 llis

1922 1392 2156 1459 acceptis
2209 1393 2388 1458 Arius,
2437 1391 2728 1445 comitante
2781 1388 2985 1443 Euzoio
3031 1389 3259 1442 diacono
3305 1388 3495 1455 impie-

1923 1484 2083 1545 tatis,
2103 1483 2501 1548 abdicationis,
2533 1480 2706 1535 exsilii
2732 1485 2902 1544 socio,
2934 1481 3317 1550 imperatorem
3357 1479 3492 1533 adit.

1918 1573 2252 1627 Accedentes
2284 1574 2578 1643 imperator
2621 1581 2995 1640 percontatur,
3032 1587 3288 1625 verumne
3334 1572 3490 1625 fidem

1918 1674 2210 1719 sectentur.
2244 1666 2471 1731 Sectari,
2506 1666 2754 1735 amplecti
2792 1682 2909 1720 eam
2939 1665 3286 1733 respondent.
3313 1664 3495 1718 Libel~

1916 1757 2023 1809 lum
2061 1758 2181 1810 fidei
2216 1758 2533 1824 darejubet.
2570 1758 2650 1812 llli
2685 1760 2927 1828 protinus
2979 1758 3213 1812 offerunt
3264 1757 3494 1812 medita-

1920 1858 2028 1900 tum
2054 1847 2369 1912 vaferrime,
2401 1858 2454 1900 et
2485 1848 2687 1903 dolosis
2717 1848 2898 1903 verbis
2926 1849 3342 1912 concinnatum,
3371 1863 3491 1917 qua:

1840 1927 1880 1980 Β
1913 1956 2009 1993 nec
2043 1949 2228 2005 aperte
2262 1940 2418 1993 fidem
2453 1940 2845 2008 impugnarent,
2893 1955 3064 2008 neque
3101 1927 3306 1993 erroris
3338 1939 3488 1993 virus

1909 2034 2279 2087 eliminarent.
2329 2031 2665 2086 Perorabant
2709 2042 2886 2086 autem
2933 2033 3033 2085 sub
3081 2031 3243 2085 libelli
3300 2031 3482 2095 finem,

1911 2136 2165 2195 rogantes
2190 2165 2204 2189 ,
2256 2124 2474 2194 quando
2508 2139 2637 2178 sana
2670 2132 2725 2177 et
2754 2125 2965 2179 sincera
2998 2134 3178 2177 essent
3207 2124 3480 2191 opitIiOm',

1907 2218 2111 2269 aditum
2151 2216 2251 2269 sibi
2307 2215 2372 2267 ad
2439 2215 2732 2268 Ecclesium
2782 2231 2887 2268 non
2944 2216 3146 2286 negari.
3209 2214 3320 2268 llac
3361 2216 3475 2269 Arii

1908 2307 2135 2361 formula
2195 2306 2385 2360 offensi
2446 2307 2596 2360 multi
2659 2317 2990 2361 sectatorum
3047 2307 3203 2376 ejus,
3267 2308 3481 2375 pristini

1910 2398 2110 2453 erroris
2142 2398 2570 2462 retinentissimi,
2627 2399 2821 2467 quibus
2856 2399 3099 2465 impietas
3144 2398 3305 2451 nullis
3347 2398 3483 2451 deli-

1909 2491 2019 2543 nita
2060 2490 2280 2555 verbis,
2343 2500 2398 2542 ut
2449 2490 2715 2559 principio
2769 2488 2943 2542 fuerat
2993 2490 3281 2558 publicata,
3334 2491 3480 2543 cordi

1906 2594 2041 2646 erat,
2084 2584 2149 2637 ab
2187 2599 2251 2638 eo
2304 2584 2637 2647 desciscunt,
2684 2583 2952 2647 aliamque
3001 2582 3270 2651 di~parem
3328 2583 3480 2636 fami-

1905 2673 2031 2729 liam
2074 2676 2378 2739 ordiuntur,
2437 2674 2591 2742 cujus
2644 2676 2936 2728 secuudum
2989 2674 3479 2743 haecautesignaui

1906 2769 2125 2822 fuerunt
2160 2768 2348 2821 Aetius
2378 2782 2432 2822 et
2456 2767 2772 2822 Eunomius.

1974 2862 2125 2916 ANNO
2155 2877 2404 2915 cracm-zn
2447 2861 2713 2914 δὸτι-1.
2742 2861 2898 2913 Arius
2921 2860 3293 2912 Alexandriam
3331 2860 3478 2926 petit.

1904 2954 2452 3023 Constantinusjubct
2481 2954 2640 3021 recipi
2662 2955 2953 3006 Arium.—
2972 2952 3235 3006 Cmterum
3264 2951 3476 3006 delusus

1905 3047 2018 3101 Arii
2058 3046 2356 3100 calliditate
2398 3045 2812 3106 Constantinus,
2864 3059 2927 3097 co
2976 3043 3179 3111 appulit
3217 3043 3477 3105 animum,

1906 3150 1964 3192 ut
1990 3155 2109 3192 eum
2131 3136 2509 3190 Alexandriam
2546 3135 2811 3205 proficisci
2848 3135 3017 3188 libens
3040 3136 3354 3187 concederet
3377 3132 3454 3202 (Δ)

1908 3232 2103 3287 Verum
2138 3229 2484 3292 Athanasius,
2544 3228 2633 3297 qui
2690 3226 2959 3282 hominem
2994 3227 3223 3295 pristino
3266 3241 3471 3293 semper

1903 3338 2088 3378 errore
2128 3322 2484 3390 implicatum,
2528 3320 2947 3387 simulatamque
2996 3334 3058 3371 ac
3091 3318 3213 3371 dolo
3264 3317 3472 3385 plenam

1901 3417 2018 3485 ejus
2054 3415 2173 3468 fidei
2203 3412 2604 3467 confessionem
2646 3414 2813 3478 probe
2847 3421 3022 3472 norat,
3072 3410 3278 3463 aditum
3325 3410 3371 3461 ei
3409 3410 3472 3460 ad

1901 3505 2305 3560 Catholicorum
2370 3502 2807 3556 communionem
2860 3499 3181 3553 interclusit.
3232 3498 3296 3552 Et.
3347 3512 3471 3550 vero

1901 3613 2006 3650 non
2056 3596 2175 3650 sine
2220 3608 2381 3647 causa
2415 3593 2688 3662 repulsam
2738 3594 2924 3644 tulisse
2966 3590 3151 3643 Arium
3195 3604 3313 3643 mox
3353 3603 3467 3655 pro-

1898 3688 2076 3757 palam
2122 3687 2239 3739 fuit.
2299 3685 2524 3739 Errores
2555 3685 2699 3737 enim
2749 3684 2836 3737 ille
2873 3698 2965 3752 per
3008 3682 3192 3735 urbem
3225 3679 3465 3733 dissemi-

1900 3793 2030 3832 nare
2056 3778 2122 3831 de
2159 3776 2369 3845 integro
2398 3783 2654 3837 conatus,
2698 3775 2883 3826 turbas
2915 3770 3249 3825 Alexandria:
3288 3768 3475 3831 dabat,

1898 3880 1952 3923 et
1988 3870 2038 3922 in
2075 3869 2364 3921 discrimen
2396 3866 2621 3919 vocabat
2652 3879 2835 3933 pacem
2875 3862 3181 3930 reipublicae
3214 3860 3471 3914 Christia-

1898 3976 1999 4013 nae.
2060 3957 2129 4013 Ut
2184 3957 2317 4010 vidit
2378 3954 2642 4008 Eusebius
2698 3953 2899 4006 frustra
2962 3950 3161 4004 tentari
3225 3948 3471 4000 Athana-

1897 4053 2034 4106 sium
2071 4050 2167 4121 (ε),
2210 4050 2309 4102 nisi
2350 4047 2691 4117 imperatoris
2726 4046 2904 4116 jussio
2937 4044 3239 4105 accederet,
3286 4051 3471 4093 auctor

1896 4144 1996 4211 ipsi
2059 4141 2253 4195 fuitut
2298 4141 2505 4194 litteras
2550 4140 2613 4191 ad
2664 4138 2959 4191 antistitem
3006 4136 3156 4188 daret
3206 4133 3473 4185 minarum

1894 4238 2099 4304 plenas,
2128 4248 2354 4301 quarum
2383 4242 2589 4301 partem
2628 4228 2782 4282 affert
2810 4225 3136 4281 Athanasius
3160 4224 3240 4276 sic
3270 4223 3471 4275 haben-

1896 4336 2044 4380 tem:
2078 4344 2096 4375 ι
2123 4325 2255 4379 Cum
2309 4324 2475 4393 igitur
2538 4321 2867 4374 voluntatem
2912 4333 3084 4371 meam
3136 4324 3469 4381 compertam

1894 4417 2116 4481 habeas,
2142 4415 2396 4467 omnibus
2432 4412 2521 4480 qui
2556 4412 2606 4463 in
2637 4408 2936 4464 Ecclesiam
2972 4404 3180 4457 admitti
3210 4400 3469 4468 efﬂagita-

1893 4509 2021 4570 rint,
2056 4507 2284 4560 liberum
2324 4504 2566 4574 praebeto
2595 4503 2914 4569 ingressum.
2943 4496 3001 4550 Si
3033 4508 3167 4563 quos
3200 4502 3375 4545 autem
3415 4490 3469 4541 in

212 4590 347 4659 dine,
379 4594 749 4651 Constantino
779 4593 1156 4664 presbyterum
1217 4594 1362 4648 illum
1415 4598 1789 4662 commendat,
1823 4627 1867 4681 Β
1899 4600 2156 4654 Εοειθεὶω
2186 4596 2623 4650 communionem
2662 4591 2869 4645 admitti
2898 4589 3179 4657 cupientes
3212 4592 3261 4636 te
3285 4580 3475 4650 prohi-

214 4693 400 4739 testata
458 4687 559 4741 viri
619 4687 951 4755 probitatem
1000 4686 1155 4750 juxta
1220 4694 1383 4754 atque
1431 4686 1787 4756 religionem,

216 4791 408 4833 necnon
446 4781 769 4835 benevolum
818 4780 966 4834 illius
1007 4778 1234 4848 imperio
1284 4779 1545 4837 animum.
1604 4779 1789 4849 Neque

220 4869 285 4923 ita
314 4875 473 4928 multo
497 4884 622 4945 post
649 4875 792 4928 diem
825 4873 916 4927 illa
954 4872 1152 4928 clausit
1192 4887 1526 4942 supremum.
1556 4872 1789 4945 Presby-

224 4970 293 5015 ler
314 4967 499 5022 exinde
551 4968 697 5021 inter
729 4964 1190 5020 familiarissimos
1234 4966 1578 5035 imperatoris
1611 4982 1787 5019 annu-

226 5068 437 5111 meratus
477 5069 562 5113 est
604 5077 619 5113 :
666 5068 722 5112 et
752 5055 1021 5125 majorem
1070 5057 1123 5111 in
1168 5058 1285 5112 dies
1321 5069 1511 5113 nactus
1558 5059 1787 5130 gratiam

225 5148 574 5221 fiduciamque,
595 5148 1205 5217 demunLCoustantino
1226 5166 1378 5204 suum
1398 5153 1463 5206 de
1486 5152 1791 5207 revocando

222 5244 331 5297 Aria
366 5249 646 5302 consilium
705 5242 923 5310 aperit,
970 5242 1098 5296 nihil
1144 5243 1347 5297 sentire
1393 5244 1571 5299 virum
1617 5245 1790 5311 aiens,

216 5354 353 5407 quam
373 5343 506 5410 quod
542 5342 595 5395 in
633 5336 858 5409 synodo
900 5335 1173 5389 decretum
1225 5332 1434 5399 fuisset,
1477 5337 1519 5390 si
1573 5337 1623 5389 in
1654 5353 1788 5389 con-

211 5446 424 5499 spectqu
495 5436 619 5503 ejus
662 5429 1028 5490 admittatur,‘
1080 5426 1491 5493 astipulaturum
1553 5426 1790 5481 Nicaanis

206 5528 453 5595 decretis;
488 5531 613 5585 sine
645 5538 820 5580 causa
858 5534 1006 5573 reum
1038 5520 1119 5588 agi
1152 5531 1205 5574 et
1232 5519 1284 5574 in
1322 5522 1529 5576 crimen
1578 5522 1784 5575 vocari.

259 5707 325 5778 (α)
380 5710 604 5766 Socrat.
656 5704 761 5757 lib.
804 5716 845 5764 ι,
887 5714 1007 5768 cap.
1044 5699 1143 5765 2'5;
1182 5700 1398 5756 Sozam.
1427 5700 1521 5756 lib.
1565 5715 1626 5767 ιι,
1656 5717 1775 5773 cap.

198 5775 284 5845 is;
312 5784 508 5835 Αιιωη,
542 5774 783 5845 Apolog.
812 5771 1279 5845 contrqflrt'gnos,
1309 5788 1375 5845 ιι.Δ
1397 5772 1487 5827 59.

257 5840 323 5917 lli)
353 5854 573 5907 Socrat.
596 5840 798 5917 'uu.f.,
826 5857 949 5917 cap.
979 5840 1047 5892 25
1070 5841 1331 5917 ;___Sozom.
1366 5842 1400 5896 Ι.
1435 5856 1511 5917 ιιζ
1538 5858 1661 5913 cap.
1687 5842 1778 5898 25.

258 5911 323 5993 (ι)
349 5924 569 5980 Socrat.
608 5916 793 5982 ibid.;
822 5912 1042 5968 Sozom.
1081 5911 1173 5966 lib.
1215 5927 1273 5976 ιι,
1303 5928 1421 5984 cap.
1447 5914 1540 5967 ‘27.

1902 4695 2110 4753 buisse,
2139 4700 2232 4743 aut
2263 4691 2462 4743 aditum
2511 4686 2618 4739 illis
2648 4682 3018 4737 interclusisse
3049 4678 3302 4739 didicero,
3342 4673 3469 4726 mit-

1898 4798 2006 4841 tam
2049 4783 2477 4853 quamprimum,
2523 4777 2613 4846 qui
2641 4785 2692 4830 te
2719 4776 2870 4841 jussu
2907 4786 3025 4826 meo
3062 4769 3294 4832 abdicet,
3319 4778 3373 4821 et
3406 4781 3481 4820 ex

1899 4877 2121 4934 sedibus
2160 4872 2452 4928 transferat
2494 4871 2620 4924 tuis.
2650 4890 2669 4923 ι
2712 4867 2806 4923 llis
2833 4866 2980 4921 addit
3007 4865 3346 4921 Sozomenus
3369 4861 3439 4932 (ἶ)
3460 4901 3480 4926 ,

1899 4968 2121 5026 Eusebii
2169 4976 2222 5020 et
2253 4964 2513 5035 Theognii
2550 4962 2963 5017 criminationes
2994 4958 3044 5011 in
3093 4954 3487 5019 Athanasium,

1896 5064 2038 5132 quod
2069 5060 2315 5114 videlicet
2338 5059 2615 5111 turbarum
2648 5066 2701 5109 et
2727 5052 3048 5107 tumultuum
3083 5059 3277 5104 auctor
3304 5057 3479 5111 esset,

1898 5154 2190 5221 multisque
2218 5151 2268 5203 in
2303 5149 2596 5203 Ecclesium
2632 5146 2838 5216 ingredi
2872 5142 3215 5212 cupientibus
3249 5140 3473 5195 claude-

1898 5256 1981 5299 ret
2035 5244 2264 5305 aditurn,
2317 5256 2474 5295 veras
2530 5252 2653 5293 esse
2710 5237 3055 5293 contendisse
3112 5232 3467 5293 Meletianos,

1895 5335 2121 5391 Joannis
2151 5348 2446 5403 sequaces;
2482 5332 2570 5401 qui
2599 5329 2807 5385 crebris
2834 5331 2899 5382 ad
2930 5329 3306 5394 imperatorem
3343 5322 3468 5374 itio-

1898 5428 2077 5490 nibus,
2119 5425 2381 5477 enu-ntito
2427 5422 2827 5478 Catholicorum
2872 5420 3111 5477 nomine,
3164 5409 3481 5468 Athanasio

1897 5531 1951 5576 et
1995 5518 2276 5574 catholicis
2332 5514 2603 5586 episcopis
2650 5513 2910 5575 crimina,
2968 5509 3162 5568 caedes,
3216 5502 3473 5569 vincula,

1981 5700 2035 5770 ά)
2060 5701 2273 5755 Socrat.
2294 5699 2387 5752 lib.
2421 5714 2457 5763 I,
2487 5714 2605 5766 cap.
2630 5698 2731 5760 εὴ
2771 5694 2984 5770 Sozam.
3018 5686 3110 5741 lib.
3131 5702 3197 5770 tr,
3226 5701 3344 5755 cap.
3368 5683 3442 5741 23

1981 5701 2035 5770 ά)
2060 5701 2273 5755 Socrat.
2294 5701 2387 5752 lib.
2421 5714 2457 5763 I,
2487 5714 2605 5766 cap.
2630 5701 2731 5760 27;
2771 5701 2984 5746 Sozam.
3018 5701 3110 5741 nu.
3139 5702 3197 5749 tt,

1957 5701 2029 5839 le)
2060 5773 2255 5823 Athan.
2289 5771 2509 5839 Apolog.
2545 5778 2727 5822 contra
2761 5764 3009 5825 Arianae,
3043 5775 3097 5813 ιι.
3126 5759 3220 5818 59.

1960 5838 2026 5912 (Ῑ)
2058 5840 2177 5895 Lib.
2214 5857 2271 5905 ιι,
2296 5855 2414 5909 cap.
2442 5838 2533 5891 22.
