4038 6516
609 416 811 457 LXXVI“

1948 391 2457 447 PROLEGOMENA
2473 431 2484 442 .

609 518 854 581 verbera,
899 516 1105 585 plagas,
1148 516 1397 571 incendia
1428 516 1780 571 ecclesiarum
1806 512 2173 569 aseribebant.
2206 514 2252 570 Α
2280 511 2577 564 audivisset
2606 512 2876 577 Augustus
2903 505 3006 576 (b),
3058 505 3129 559 illi
3162 506 3229 560 de
3270 519 3416 559 more
3449 504 3570 561 falsi
3608 506 3838 561 convicti

606 608 939 663 Athanasius
964 610 1200 678 acceptis
1226 611 1291 661 ab
1323 609 1650 677 imperatore
1689 606 1887 661 litteris
1926 604 2175 659 rescribit

610 706 709 773 ipsi
747 722 761 759 :
788 704 978 761 Joanni
1012 717 1067 760 et
1095 706 1253 762 sociis
1285 706 1401 773 ejus
1436 704 1747 774 illegitimas
1773 700 1962 769 objicit
1989 715 2174 755 sacer-

608 798 795 852 dotum
826 799 1229 868 promotiones,
1278 799 1511 852 studium
1564 794 1911 849 immutandac
1947 791 2173 846 Nicaenaa

611 889 756 954 fidei,
814 889 1114 943 doctrinam
1167 889 1388 943 minime
1446 901 1676 953 sanam,
1725 885 2083 940 contumelias
2122 893 2177 939 et

609 980 903 1034 seditiones
946 981 1202 1035 adversus
1254 979 1601 1035 orthodoxos.
1642 977 1788 1033 inter
1824 978 1988 1032 hasce
2030 977 2174 1031 ultro

612 1073 858 1140 citroque
888 1070 1094 1124 oblatas
1136 1071 1567 1132 criminationes,
1620 1070 1784 1124 animi
1841 1070 2081 1138 pendens
2123 1079 2177 1125 et

612 1163 699 1216 cui
742 1164 987 1216 crederet
1032 1162 1287 1232 ignorans
1329 1161 1736 1227 Constantinus.
1790 1176 1908 1215 eam
1960 1162 2175 1215 demum

612 1254 759 1307 dedit
787 1253 1087 1322 epistolam,
1117 1254 1268 1322 cujus
1294 1253 1539 1322 superius
1573 1262 1777 1321 partem
1810 1253 2172 1320 exaravimus,

613 1344 975 1400 deferentibus
1008 1346 1285 1416 Syncletio
1316 1356 1371 1400 et
1396 1346 1702 1401 Gaudentio
1738 1346 2017 1415 palatinis.

679 1435 733 1489 3.
788 1437 1107 1490 Athanasius
1150 1449 1299 1504 negat
1338 1438 1461 1491 Aria
1510 1440 1734 1492 aditum.
1772 1438 2173 1492 Meletianorum

619 1527 1008 1581 criminationes
1054 1528 1107 1580 in
1153 1529 1519 1582 Athanasium.
1572 1531 1888 1583 Athanasius
1921 1529 2171 1584 Nicome-

614 1616 753 1667 diam
767 1618 913 1685 petit.
935 1647 1004 1656 —
1029 1616 1301 1685 Ejusmodi
1329 1619 1521 1674 litteris
1548 1621 1679 1675 nihil
1709 1631 1979 1688 permotus
2000 1620 2170 1675 Atha-

616 1705 798 1758 nasius
828 1706 905 1772 (a)
931 1746 946 1771 ,
984 1706 1300 1774 imperatori
1363 1710 1636 1762 renuntiat
1674 1711 1872 1763 nullam
1904 1726 2022 1765 esse
2065 1712 2172 1766 hae-

616 1794 801 1849 reticis
821 1794 1041 1851 Christo
1064 1799 1473 1855 adversantibus
1497 1817 1616 1854 cum
1640 1802 1877 1857 Ecclesia
1904 1804 2171 1858 catholica

615 1886 931 1940 societatem
960 1927 974 1951 ,
1009 1904 1107 1941 nec
1136 1904 1293 1958 posse
1319 1907 1398 1953 se,
1436 1892 1585 1947 salvo
1611 1892 1783 1947 officio
1811 1935 1824 1957 ,
1871 1895 2173 1964 huiusmodi

620 1976 932 2032 hominibus
968 1980 1170 2032 aditum
1216 1982 1475 2049 prmbcre.
1514 1983 1804 2054 Imperator
1838 1996 2013 2041 autem
2047 1987 2175 2040 nihil

618 2068 756 2120 ultra
786 2078 1029 2137 questus,
1080 2072 1375 2127 Athanasio
1413 2074 1635 2129 liberam
1673 2077 1749 2130 rei
1792 2077 1858 2129 ad
1892 2078 2176 2132 arbitrium

616 2161 865 2225 gerendae
912 2162 1221 2218 facultatem
1253 2166 1518 2234 permisit.
1549 2168 1617 2221 At
1647 2168 1938 2232 Eusebius,
1975 2186 2077 2224 non
2111 2186 2177 2225 ex

617 2264 738 2307 voto
762 2256 985 2311 cadente
1041 2261 1289 2327 negotio,
1346 2261 1627 2315 consilium
1682 2263 1782 2316 init
1842 2265 2177 2333 opprimendi

615 2347 916 2413 Athanasii,
945 2360 1094 2403 ratus
1136 2366 1237 2405 non
1284 2366 1461 2419 posse,
1493 2369 1556 2408 eo
1586 2356 1860 2422 incolumi,
1895 2359 2173 2427 impetrari

617 2438 757 2502 quod
798 2438 849 2491 in
890 2441 1088 2507 optatis
1111 2450 1248 2495 erat.
1283 2441 1583 2499 Melelianis
1616 2446 1775 2514 igitur
1800 2464 1927 2502 usus
1961 2450 2181 2503 insidia-

617 2542 734 2579 rmn
773 2530 1130 2597 administris,
1167 2534 1412 2590 hortatur
1453 2548 1511 2592 ut
1548 2555 1812 2596 memores
1847 2544 2182 2597 veteratorize

618 2620 774 2685 artis,
811 2637 915 2689 qua
956 2623 1084 2677 olim
1118 2625 1358 2693 Petrum,
1402 2630 1662 2685 Achillam
1710 2642 1767 2686 et
1818 2634 2181 2688 Alexandrum

620 2726 717 2778 per
740 2714 1069 2769 calumniam
1101 2730 1387 2774 vocassent
1414 2722 1464 2775 in
1496 2724 1723 2787 crimen,
1759 2725 1870 2795 jam
1902 2726 2014 2793 pari
2050 2742 2181 2781 ausu

619 2802 1034 2870 aggrederentur
1059 2808 1434 2865 Athanasium.
1463 2811 1538 2866 llli
1572 2829 1670 2868 nec
1693 2815 1920 2883 impigre
1949 2816 2176 2871 Eusebii

614 2890 761 2959 jnssa
820 2908 1232 2965 exsequuntur:
1273 2905 1709 2975 excubantesque
1762 2908 1816 2959 in
1865 2909 2185 2965 occasiones

620 2983 942 3042 criminandi
975 2989 1271 3057 Athanasii,
1303 3010 1426 3047 cum
1456 2995 1633 3051 nullus
1671 3000 2005 3054 accusationi
2035 3000 2185 3056 locus

619 3074 705 3127 vel
750 3076 927 3132 aditus
970 3091 1151 3147 esset,
1192 3084 1406 3140 demum
1450 3088 1664 3142 Eusebii
1718 3092 1976 3155 consilio,
2019 3108 2182 3161 Opera

2279 601 2545 669 repulsam
2574 600 2761 654 tulere.
2794 600 3116 655 Athanasius
3148 607 3329 652 autem
3368 596 3663 652 honorifice
3694 611 3843 652 exce-

2278 704 2404 762 ptus
2444 692 2744 745 remittitur
2767 692 3178 753 Alexandriam,
3202 690 3397 745 litteris
3426 692 3664 743 munitus
3689 690 3841 760 impe-

2278 782 2493 835 ratoriis
2516 782 2580 833 ad
2601 782 2852 849 populum
2876 781 3332 847 Alexandrinum;
3361 782 3559 851 quibus
3584 780 3844 836 Constan-

2278 874 2423 927 tinus
2460 873 2870 928 Meletianorum
2923 873 3175 939 scelera,
3236 874 3443 937 turbas,
3495 873 3841 926 ambitionem

2277 966 2475 1019 acriter
2530 965 2841 1030 insectatur,
2892 966 3348 1034 Athanasiumque
3404 967 3750 1019 commendat
3790 974 3848 1019 ut

2278 1060 2421 1125 pium
2455 1065 2509 1109 et
2544 1057 2683 1127 frugi
2717 1057 2912 1122 virum,
2943 1057 3082 1126 a-qui
3118 1056 3351 1125 bonique
3372 1056 3695 1111 studiosum.

2347 1150 2400 1203 3.
2456 1148 2687 1218 lsrhyraa
2734 1150 2975 1203 historia.
3001 1148 3354 1202 —Reversus
3385 1148 3719 1201 Athanasius
3752 1147 3849 1201 ali-

2277 1242 2591 1310 quantisper
2622 1242 2674 1294 in
2704 1255 2835 1310 pace
2861 1239 3023 1309 degit.
3056 1238 3125 1292 At
3150 1238 3440 1301 Meletiani,
3481 1238 3534 1290 in
3566 1236 3851 1293 calumniis

2276 1344 2323 1385 el
2359 1333 2851 1402 conspirationibus
2904 1333 3228 1386 adornandis
3260 1330 3543 1401 pervigiles
3578 1331 3675 1401 (c),
3709 1330 3849 1383 haud

2277 1425 2443 1478 multo
2492 1425 2810 1495 interposito
2846 1426 3043 1495 spatio,
3086 1427 3226 1495 pacti
3263 1425 3381 1478 initi
3432 1440 3723 1488 memores,
3757 1424 3851 1477 ob-

2276 1515 2435 1569 latam
2475 1516 2721 1571 moliendi
2756 1532 2889 1571 nova
2924 1517 2976 1570 in
3011 1518 3361 1571 Athanasium
3403 1518 3745 1573 occasionem
3775 1534 3853 1572 ar'

2277 1604 2496 1672 ripiunt.
2535 1614 2587 1657 et
2635 1604 3001 1675 redintegrant
3040 1606 3102 1657 de
3145 1607 3311 1659 calice
3341 1605 3511 1661 fracto
3546 1607 3848 1676 querelam.

2275 1696 2351 1748 Eu
2391 1705 2558 1749 totam
2617 1695 2811 1749 fabulae
2860 1711 3096 1749 causam.
3130 1698 3180 1750 ln
3212 1697 3467 1763 Mareote,
3498 1685 3851 1754 Alexandrini

2278 1788 2389 1854 agri
2429 1790 2693 1856 portione,
2718 1787 2922 1841 viculus
2947 1798 3061 1841 erat
3097 1790 3311 1843 nomine
3346 1790 3455 1844 Pax
3476 1790 3853 1857 Secontaruri,

2279 1894 2385 1948 quo
2420 1880 2539 1933 loco
2571 1878 2751 1932 sedem
2778 1878 3008 1933 habebat
3043 1879 3291 1949 lschyras
3315 1882 3533 1951 quidam
3558 1883 3856 1953 profligatis

2277 1973 2521 2025 noribus
2554 1970 2736 2033 homo,
2786 1987 3011 2040 perosus
3051 1972 3226 2040 plebi;
3254 1973 3343 2041 qui
3378 1973 3505 2028 olim
3530 1988 3559 2027 a
3604 1973 3856 2031 Collutho

2275 2062 2559 2131 presbyter
2608 2075 2845 2129 creatus,
2887 2063 2951 2116 ad
2989 2062 3248 2118 laicorum
3284 2066 3653 2121 conditionem
3704 2066 3853 2124 llosii

2272 2152 2447 2221 jussu,
2501 2162 2557 2206 ut
2609 2153 2811 2207 dictum
2863 2162 2965 2215 est.
3015 2153 3269 2208 reductus
3308 2154 3507 2210 fuerat.
3554 2157 3605 2211 fs
3650 2159 3855 2215 nefario

2277 2258 2411 2298 ausu
2427 2258 2583 2298 sacra
2608 2244 2872 2315 attingere
2896 2254 2949 2297 et
2980 2261 3170 2299 munus
3200 2247 3532 2301 sacerdotale
3554 2249 3706 2303 obire
3723 2251 3855 2305 nihil

2277 2336 2581 2390 verebatur.
2637 2336 2703 2389 Et
2758 2353 2879 2390 cum
2917 2337 3058 2391 nulla
3100 2338 3149 2391 in
3186 2340 3355 2393 viculo
3390 2350 3631 2396 exstaret
3681 2344 3856 2398 eccle-

2279 2429 2380 2491 sia,
2417 2431 2471 2483 in
2505 2429 2729 2484 aedicula
2746 2431 2970 2500 orphani
2993 2432 3264 2500 cujusdam
3284 2432 3474 2489 Isionis
3502 2451 3613 2489 rem
3642 2452 3855 2492 sacram

2279 2521 2507 2590 agebat,
2539 2530 2685 2576 tanta
2716 2532 2893 2577 tamen
2919 2523 3137 2579 infamia
3156 2527 3292 2595 apud
3322 2528 3533 2581 accolas
3552 2530 3857 2587 rusticanos

2281 2617 2556 2681 laborans,
2610 2626 2669 2671 ut
2715 2619 2928 2674 nonnisi
2972 2628 3176 2688 septem
3230 2636 3298 2675 ex
3344 2621 3591 2678 affinibus
3628 2627 3857 2682 cmtibus

2283 2710 2399 2779 ejus
2428 2712 2767 2765 interessent.
2816 2712 2893 2767 Re
2921 2723 3195 2782 comperta
3241 2716 3544 2786 presbyter,
3598 2718 3684 2771 cui
3738 2728 3857 2773 erat

2282 2804 2545 2872 ejusmodi
2597 2806 2806 2861 viculus
2852 2807 3212 2875 contributus,
3262 2810 3559 2865 Athanasio
3596 2812 3856 2867 ecclesias

2283 2894 2350 2947 de
2378 2910 2522 2949 more
2547 2895 2894 2965 perlustranti
2942 2896 3152 2953 facinus
3194 2898 3505 2965 denuntiat;
3554 2902 3646 2970 qui
3674 2901 3855 2957 Maca-

2284 2989 2421 3041 rium
2458 2985 2707 3060 prcsbyle
2740 3005 2826 3042 um
2864 2992 3047 3059 mittit,
3088 2990 3365 3062 lschyram
3401 2994 3656 3047 accitum.
3716 2995 3853 3049 Eum

2284 3081 2600 3149 :cgritudine
2635 3082 2966 3137 laborantem
2990 3098 3052 3137 ac
3078 3084 3484 3140 decumbentem
3512 3087 3714 3156 reperit
3744 3086 3857 3139 Ma-

619 3164 811 3223 Isionis
841 3171 1154 3238 Athribeos,
1184 3175 1527 3235 Eudzemonis
1553 3178 1787 3247 Taneos,
1837 3194 1892 3237 et
1932 3183 2179 3239 Callinici
2210 3193 2250 3250 ο
2286 3172 2508 3228 carius:
2550 3172 2792 3243 patrique
2838 3175 2977 3229 illius
3017 3175 3190 3244 iubet.
3220 3185 3277 3231 ιιι
3317 3194 3346 3232 a
3386 3179 3477 3233 tali
3515 3195 3649 3234 ausu
3687 3180 3855 3235 ﬁlium

618 3255 842 3326 Pelusii,
873 3261 1304 3333 Meletianorurn,
1332 3270 1468 3323 hanc
1504 3272 1736 3340 priorem
1768 3275 1973 3343 fingunt
1998 3277 2182 3330 crimi-

618 3350 933 3418 nationem;
972 3357 1114 3424 quod
1139 3358 1351 3414 scilicet
1378 3361 1705 3416 Athanasius
1733 3364 1847 3432 lege
1881 3366 2003 3419 data
2044 3367 2183 3422 linea

619 3441 907 3511 sticharia,
937 3460 1031 3501 seu
1064 3459 1241 3505 vestes
1280 3468 1464 3507 sacras
1494 3455 1860 3511 ministrorum
1895 3458 2079 3515 altaris
2118 3461 2187 3516 ab

621 3529 895 3602 IEgyptiis
938 3538 1145 3605 primus
1187 3544 1474 3612 exegisset.
1526 3544 1635 3599 Nec
1678 3562 1851 3613 mora,
1883 3550 2084 3606 crimen
2120 3555 2186 3608 ad

620 3622 1001 3691 imperatorem
1056 3630 1315 3687 defertur.
1358 3633 1463 3689 Sed
1514 3639 1854 3693 commodum
1903 3644 2084 3697 evenit
2128 3654 2187 3700 ut

620 3714 728 3768 duo
753 3716 1104 3777 Alexandrini
1150 3726 1469 3794 presbyteri,
1501 3727 1698 3797 quibus
1737 3746 1930 3789 nomen
1978 3737 2105 3804 Apis
2132 3747 2187 3791 et

620 3805 908 3875 Macarius,
940 3812 1064 3867 istic
1094 3824 1207 3869 tum
1233 3832 1616 3889 versarentur;
1649 3841 1676 3878 a
1709 3828 1902 3895 quibus
1934 3828 2007 3881 rei
2041 3828 2185 3882 veri-

621 3905 785 3952 tatem
856 3916 979 3957 cum
1047 3905 1328 3965 didicisset
1400 3913 1712 3982 imperator,
1778 3918 2183 3974 Meletianorum

619 3988 955 4054 deprehensa
1003 4000 1273 4054 calumnia
1307 4012 1410 4057 est.
1459 4006 1765 4063 Secundum
1823 4011 1938 4066 haec
1978 4013 2187 4070 litteras

622 4080 787 4134 mittit
829 4082 1241 4157 Constantinus,
1272 4096 1427 4165 queis
1453 4096 1639 4153 Isionis
1674 4100 1872 4156 factum
1900 4104 2182 4170 damnans,

616 4172 967 4232 Athanasium
1010 4181 1164 4249 jubet
1202 4199 1259 4239 se
1305 4194 1612 4246 convenire.
1665 4194 1944 4262 Eusebius,
1979 4215 2037 4254 re
2083 4200 2184 4254 im-

619 4277 873 4334 prospere
909 4282 1078 4341 gesta,
1139 4292 1244 4331 non
1296 4280 1454 4335 finem
1499 4284 1629 4340 fecit
1670 4288 1985 4343 insidiarum
2030 4306 2046 4344 :
2083 4293 2178 4348 sed

617 4353 781 4412 lsioni
830 4371 883 4415 et
926 4367 1318 4425 consceleratis
1363 4383 1555 4429 auctor
1610 4386 1692 4432 est
1749 4378 2056 4435 Nicomedia
2114 4396 2181 4437 ne

615 4453 886 4520 secedant,
914 4460 1007 4513 sed
1048 4462 1429 4522 adventantem
1470 4468 1823 4525 Athanasium
1851 4474 2002 4528 novis
2045 4475 2175 4529 ado-

2287 3274 2552 3320 coerceat.
2579 3263 2765 3321 Morbo
2797 3267 3010 3322 demum
3044 3269 3249 3324 levatus
3277 3270 3542 3343 lschyras,
3570 3288 3696 3327 cum
3733 3289 3856 3343 pro-

2287 3357 2506 3412 hibente
2554 3367 2707 3427 patre
2748 3374 2905 3415 sacra
2952 3362 3101 3417 adire
3139 3362 3366 3417 facultas
3403 3380 3507 3419 non
3557 3376 3725 3431 esset,
3789 3367 3856 3419 ad
3939 3426 3953 3441 .

2287 3449 2596 3507 Meletianos
2619 3467 2675 3506 se
2705 3454 2964 3524 proripit:
2995 3455 3083 3524 qui
3117 3455 3256 3511 haud
3287 3457 3551 3512 illibenter
3584 3460 3859 3513 scelestis-

2287 3540 2483 3593 simum
2523 3541 2821 3609 hominem,
2852 3554 2903 3597 et
2934 3544 3171 3599 consiliis
3225 3557 3581 3616 Opportunum
3613 3549 3728 3603 suis
3773 3564 3858 3603 re-

2286 3635 2507 3704 cipiunt.
2562 3635 2628 3690 Et
2650 3638 3075 3708 quamprimum,
3123 3655 3192 3695 ne
3242 3640 3436 3694 frustra
3476 3640 3657 3695 forent
3710 3654 3856 3696 tanta

2286 3727 2593 3782 accessione
2641 3730 2810 3797 aucti,
2871 3729 3105 3785 hominis
3162 3732 3229 3785 ad
3280 3732 3590 3786 meditatum
3650 3733 3858 3789 facinus

2286 3832 2505 3886 cperam
2530 3821 2833 3889 requirunt,
2871 3822 3092 3877 insidias
3127 3823 3372 3893 aperiunt
3414 3826 3464 3879 in
3498 3825 3856 3881 Athanasium

2286 3919 2542 3976 structas,
2579 3913 2698 3980 ejus
2728 3915 3027 3970 ministerio
3066 3932 3201 3985 opus
3226 3932 3345 3972 esse
3375 3918 3477 3973 sibi
3516 3920 3690 3972 aiunt.
3746 3921 3857 3976 Etsi

2285 4002 2509 4071 perditis
2558 4005 2799 4059 moribus
2854 4015 2971 4061 erat
3019 4007 3202 4073 homo,
3252 4010 3408 4064 llllllO
3440 4018 3620 4062 tamen
3661 4025 3860 4078 negare

2285 4106 2529 4161 operam,
2574 4094 2903 4165 horroreque
2935 4097 3175 4152 criminis
3219 4098 3444 4153 resilire.
3481 4099 3553 4153 At
3586 4098 3858 4155 Meletiani

2289 4185 2337 4237 vi
2370 4184 2729 4255 compulsum,
2778 4198 2941 4257 atque
2970 4185 3143 4257 plagis
3175 4198 3478 4254 oneratum,
3514 4190 3582 4243 ad
3617 4192 3857 4260 iniquam

2285 4276 2590 4344 pactionem
2635 4276 2941 4342 deducunt;
2981 4294 3043 4333 ac
3077 4277 3858 4349 hujusmodi,criminationem

2285 4383 2387 4423 una
2414 4384 2599 4424 omnes
2615 4362 2821 4440 fingunt
2840 4378 2893 4425 et
2925 4371 3402 4426 comminiscuntur
3427 4371 3527 4442 (ά),
3557 4372 3857 4428 irruentem

2284 4458 2487 4513 scilicet
2527 4458 2814 4514 Macarium
2845 4476 3056 4515 sacrum
3082 4462 3300 4518 calicem
3331 4463 3860 4533 confregisse,men-

615 4542 827 4600 riamur
861 4550 1352 4614 criminationibus.
1402 4559 1479 4615 Εο
1522 4578 1642 4617 cum
1694 4565 2028 4632 pervenisset
2071 4566 2179 4630 me,
2214 4542 2257 4596 D
2287 4565 2399 4603 sam
2434 4550 2715 4616 evertisse,
2764 4550 2934 4607 libros
2987 4553 3367 4620 combussisse,
3417 4562 3489 4620 et,
3541 4565 3599 4609 ut
3634 4565 3861 4611 narrant

614 4636 883 4696 delatores
932 4647 1107 4713 parati
1155 4652 1508 4721 meditalique
1546 4656 1849 4721 accedunt;
1904 4672 1967 4713 ac
2011 4659 2184 4728 primo

612 4727 902 4787 Macarium
924 4735 1203 4794 Athanasii
1237 4742 1607 4813 presbyterum
1634 4746 1699 4800 de
1716 4747 1993 4803 confracto
2015 4727 2185 4805 calice

614 4834 769 4872 sacro
796 4824 1140 4893 insimulant,
1176 4833 1461 4902 ipsumque
1490 4836 1844 4892 Athanasium
1878 4839 1929 4891 in
1955 4840 2181 4908 capitale

613 4912 816 4967 crimen
873 4918 1220 4988 omniumque
1286 4926 1683 4981 atrocissimum
1748 4938 1970 4995 vocant;
2038 4930 2181 4998 quod

612 5002 866 5060 videlicet
898 5007 1079 5064 hostili
1112 5028 1237 5081 erga
1280 5016 1662 5085 imperatorem
1689 5021 1891 5083 animo,
1924 5021 1973 5073 in
1997 5021 2175 5076 subsi-

613 5092 760 5147 dium
790 5096 910 5151 belli
928 5101 1187 5157 scrinium
1213 5107 1447 5162 misisset
1474 5110 1589 5163 auri
1618 5110 1832 5178 plenum
1858 5112 2176 5168 Philumeno

613 5187 823 5242 cuidam
854 5191 1136 5259 imperium
1163 5196 1459 5257 affectanti.
1502 5200 1625 5255 llaec
1669 5217 1798 5256 sane
1831 5213 1984 5257 erant
2018 5203 2177 5260 ferini

615 5279 667 5332 in
699 5280 1051 5339 Athanasium
1072 5288 1179 5341 odii
1213 5290 1387 5358 signa.
1415 5291 1544 5354 Sed,
1578 5294 1890 5360 providente
1923 5293 2173 5361 Numine,

613 5372 875 5442 ejusmodi
900 5378 1136 5433 hostium
1180 5380 1317 5443 tela,
1372 5398 1489 5449 qum
1531 5384 1581 5436 in
1625 5384 1765 5437 sacri
1804 5384 1942 5437 illius
1987 5386 2176 5454 capitis

615 5466 914 5533 perieulum
970 5470 1346 5535 imminebant,
1403 5473 1550 5526 brevi
1601 5472 1820 5541 depulsa
1869 5486 2015 5529 sunt.
2078 5476 2175 5532 Ubi

614 5555 757 5607 enim
788 5556 1144 5614 Athanasium
1186 5560 1489 5629 hujusmodi
1534 5562 1738 5616 crimen
1778 5565 2174 5632 prepulsantem

620 5647 674 5703 in
737 5651 993 5707 suburbio
1035 5652 1377 5717 Nicomediae,
1438 5654 1522 5707 cui
1568 5669 1761 5708 nomen
1816 5655 2172 5713 Psammathia

687 5763 982 5896 5a)Athan.
1020 5768 1170 5832 Apol.
1204 5778 1384 5820 contra
1414 5769 1655 5835 Arianos,
1694 5786 1745 5824 ιι.
1782 5771 1867 5828 60.

713 5834 976 5896 b);\than.
1010 5838 1163 5896 ibid”
1189 5854 1242 5891 η.
1275 5838 1361 5896 60.
1397 5839 1483 5893 61.

713 5834 976 5897 b);\than.
1010 5838 1163 5901 ib!tl.,
1189 5854 1242 5891 η.
1275 5838 1361 5902 60,
1397 5839 1483 5893 61.

2287 4642 2398 4707 alii,
2456 4643 2764 4698 cathedram
2805 4644 3084 4714 dejecisse,
3124 4648 3512 4718 ecclesiamque
3545 4648 3788 4703 diruisse
3830 4665 3860 4703 a

2283 4732 2667 4787 fundamentis.
2693 4734 2749 4788 Si
2779 4732 2987 4790 Socrati
3020 4736 3175 4802 fides,
3196 4738 3557 4794 Nicomediam
3590 4740 3858 4810 lschyras,

2283 4840 2310 4878 a
2334 4841 2612 4880 sacrorum
2634 4826 2805 4881 oflicio
2825 4828 3147 4883 interclusus
3178 4830 3433 4900 profugit,
3453 4841 3507 4885 et
3538 4847 3659 4885 cum
3687 4832 3859 4887 Ense-

2280 4919 2369 4971 bio
2401 4919 2782 4972 concinnandae
2821 4920 3103 4975 calumnia:
3140 4923 3403 4976 rationem
3449 4922 3627 4976 inivit.
3662 4922 3859 4977 Verum

2280 5025 2401 5065 cum
2433 5009 2693 5076 ejusmodi
2721 5011 2981 5078 profectio
3005 5014 3071 5067 ab
3117 5013 3414 5066 Athanasio
3459 5013 3609 5082 juxta
3641 5025 3806 5083 atque
3830 5032 3858 5067 a

2281 5103 2495 5157 caeteris
2524 5103 2878 5169 scriptoribus
2920 5112 3181 5166 taceatur,
3230 5105 3349 5173 jure
3400 5105 3453 5157 in
3490 5107 3859 5173 suSpicionem

2282 5195 2400 5249 falsi
2433 5194 2634 5258 veniat,
2671 5194 2904 5247 maxime
2931 5195 3056 5263 quia
3100 5211 3219 5250 rem
3276 5194 3571 5263 szepissime
3618 5209 3861 5252 tractans

2282 5287 2631 5352 Athanasius,
2675 5287 2725 5339 id
2769 5302 2871 5340 non
2906 5288 3369 5355 prmtermissurus
3398 5296 3536 5350 erat,
3584 5291 3627 5341 si
3672 5305 3859 5343 revera

2284 5391 2489 5451 gestum
2523 5379 2728 5434 fuisset.
2760 5379 3224 5449 Meletianidgitur
3272 5381 3545 5451 lschyram
3584 5397 3709 5437 esse
3743 5398 3863 5451 pre-

2283 5476 2555 5543 sbyterum
2582 5472 2876 5539 praedicant
2902 5471 3119 5540 ubique,
3148 5481 3199 5525 ut
3246 5470 3503 5541 ejusmodi
3528 5474 3857 5528 calumniam

2284 5563 2614 5634 pervulganti
2671 5563 2932 5616 habeatur
2964 5561 3114 5615 fides.
3163 5563 3208 5614 Is
3244 5577 3368 5615 vero
3424 5566 3857 5618 cununentitium

2284 5658 2492 5711 facinus
2520 5655 2714 5724 ubique
2764 5656 3063 5707 denuntiat.
3118 5653 3313 5707 Verum
3369 5672 3396 5707 a
3439 5658 3862 5727 consanguineis

2362 5775 2428 5839 (τ)
2457 5776 2645 5827 Athan.
2675 5775 2898 5834 ibid.,n.
2938 5775 3005 5826 70
3030 5784 3081 5825 et
3110 5776 3194 5828 7L

2354 5846 2430 5907 (ά)
2460 5846 2640 5899 llilaiii
2672 5843 3005 5911 Fragment.,
3042 5862 3091 5912 p.
3138 5845 3289 5898 1511.
