4038 6534
1462 441 1620 495 VITA
1664 443 1720 500 S.
1762 445 2152 503 ATHANAS".

3278 461 3439 500 ιχιιι

174 536 447 637 Obiurgat-US,
515 556 970 625 pertmsusque
1015 557 1249 627 sceleris,
1311 562 1376 615 ad
1416 565 1769 620 Athanasium
1802 576 1843 630 Α
1877 581 2123 623 rumores
2171 566 2366 636 ubique
2415 575 2698 637 spargunt,
2739 577 2985 622 enectum
3036 568 3104 621 ab
3145 567 3442 623 Athanasio

175 628 249 683 adit
284 632 742 705 collacrymans.
804 643 1105 703 Hominem
1151 652 1219 706 ob
1265 662 1471 708 tantum
1516 655 1766 727 ﬂagitium

172 724 351 790 increpat
392 727 791 790 Athanasium
841 738 950 809 (a).
985 740 1075 796 llle
1101 744 1449 802 subornatum
1490 766 1548 805 se
1578 724 1631 807 et
1664 753 1769 807 cir-

170 826 451 873 cumventum
486 835 522 874 a
559 821 925 886 Meletianis
948 833 1024 887 ait
1044 834 1108 888 ad
1139 836 1400 906 ejusmodi
1432 844 1766 901 criminatio-

170 913 867 985 nemcomminiscendam,
906 924 1148 981 libellum
1191 933 1353 985 tradit
1381 936 1629 1000 antistiti,
1662 954 1767 1006 quo

168 1006 433 1097 setestatur:
460 1004 540 1056 ab
579 1004 813 1063 lsaaco
857 1011 1248 1085 Cleopatridis,
1286 1021 1569 1082 Heraclide
1604 1004 1762 1097 Nicii,

167 1098 201 1138 et
228 1088 382 1186 lsaaco
409 1090 825 1166 Letopoleos,
864 1103 1171 1164 Meletianis
1191 1112 1477 1183 episcopis,
1510 1118 1677 1186 plagis
1713 1088 1767 1175 et

168 1178 420 1238 Verberibus
470 1187 546 1239 ad
612 1189 675 1243 id
722 1191 1021 1252 facinoris
1064 1206 1420 1271 compulsum.
1475 1178 1549 1263 Aie
1599 1178 1762 1263 beam

165 1274 422 1341 obtestatus,
461 1283 795 1337 renuntiat
844 1302 911 1341 se
946 1292 1111 1355 probe
1150 1294 1291 1347 scire
1335 1300 1462 1351 nihil
1499 1300 1566 1354 ab
1590 1301 1762 1355 Atha-

164 1365 268 1419 nasio
292 1368 368 1421 vel
418 1385 449 1421 a
492 1369 786 1429 Macario
847 1382 1154 1437 admissum
1205 1386 1529 1457 hujusmodi.
1593 1393 1764 1462 lingat

163 1458 321 1511 demum
360 1460 469 1514 sibi
500 1462 847 1521 Athanasii
901 1474 1552 1535 conventibus‘inleresse
1578 1458 1758 1537 liceat.

161 1544 375 1613 Ejusmodi
410 1549 692 1606 libellum
744 1561 983 1613 curavit
1021 1563 1390 1621 Athanasiusa
1429 1572 1607 1625 multis
1643 1589 1762 1642 prc-

164 1639 347 1708 sbyteris
368 1641 818 1714 diaconisque,
850 1665 980 1704 cum
1012 1654 1385 1714 Alexandrinis
1424 1673 1528 1713 ltllll
1550 1662 1759 1720 Mareo—

161 1733 262 1795 ticis,
293 1735 585 1793 subscribi
625 1750 693 1793 et
755 1742 1052 1816 suﬂ‘ragiis
1098 1751 1311 1805 muniri.
1342 1752 1523 1823 Neque
1580 1766 1758 1813 tamen

160 1828 290 1881 statim
309 1828 463 1902 lst'by
475 1848 557 1886 rae
578 1848 928 1895 concessus
953 1842 1019 1896 ad
1046 1842 1325 1897 ecclesiam
1357 1844 1754 1904 Catholicorum

1870 658 2039 713 fuisse
2067 659 2383 722 Arsenium,
2422 673 2484 712 ac
2514 657 2755 713 veneﬁcii
2784 673 2946 711 causa
2972 660 3311 712 membratim
3342 662 3440 715 ob-

1870 758 2197 806 truncatum.
2228 751 2280 805 ln
2308 750 2530 806 sceleris
2561 750 2925 805 testimonium
2949 760 3193 804 truncam
3222 768 3439 806 manum

1869 840 2342 905 circumferebant,
2382 841 2556 896 obviis
2586 841 2951 905 ostentabant,
2983 852 3039 895 ut
3068 833 3440 898 universorum

1869 930 1922 984 in
1955 939 2229 985 auctorem
2263 932 2397 985 iram
2431 932 2809 985 accenderent.
2844 932 3066 985 Detnum
3104 946 3165 985 ea
3190 934 3301 1001 ipsa
3336 934 3442 987 cri-
3479 922 3487 935 ’ί

1868 1021 2009 1075 mina
2043 1021 2313 1091 Ischyram
2345 1032 2399 1077 et
2425 1024 2713 1077 Arsenium
2761 1023 3059 1090 spectantia
3098 1022 3352 1078 deferunt
3376 1028 3443 1078 ad

1866 1113 2301 1175 Constantinum,
2353 1116 2465 1182 qui,
2497 1116 2639 1183 quod
2685 1116 2980 1182 permirum
3030 1115 3293 1181 videatur,
3340 1117 3446 1170 etsi

1859 1203 1969 1272 jam
1999 1206 2359 1273 sycophantas
2393 1207 2710 1261 Meletianos
2741 1207 2914 1260 oculis
2947 1208 3063 1276 ipse
3101 1209 3214 1262 suis
3249 1209 3445 1277 depre-

1865 1294 2149 1362 henderat,
2203 1296 2361 1350 [idem
2412 1298 2583 1352 nihilo
2624 1298 2801 1350 minus
2843 1299 2956 1353 hare
3006 1302 3446 1357 renuntiantthus

1866 1385 2054 1440 habuit
2084 1400 2097 1439 :
2136 1388 2363 1457 ideoque
2398 1387 2607 1441 litteras
2635 1389 2780 1441 misit
2811 1390 3155 1445 Antiochiam
3193 1394 3259 1446 ad
3316 1393 3445 1447 Dal-

1863 1476 2086 1529 matium
2113 1492 2417 1545 censorem,
2443 1478 2529 1532 cui
2566 1478 2842 1533 homicidii
2866 1495 3089 1535 causam
3118 1484 3442 1539 audiendam

1863 1570 2251 1623 committebat.

1931 1661 2080 1714 ANNO
2110 1662 2233 1718 553.
2271 1693 2338 1703 -—
2364 1662 2416 1716 1.
2467 1661 2713 1731 Synodus
2744 1663 3003 1719 Ctesarea:
3039 1667 3305 1723 indicitur.
3338 1670 3446 1723 Ar-

1860 1753 1992 1805 senii
2018 1754 2197 1820 fabula
2229 1756 2650 1824 deprehenditur.
2669 1788 2729 1798 —
2756 1758 2821 1811 Et
2846 1775 2995 1824 vero,
3016 1769 3071 1814 ut
3102 1771 3283 1815 nostra
3321 1762 3445 1830 qui-

1860 1843 1981 1896 dem
2038 1844 2144 1897 lert
2197 1845 2401 1913 Opinio,
2447 1848 2637 1900 eodem
2693 1860 2933 1918 tempore
2974 1853 3238 1919 synodum
3269 1853 3444 1908 edixit

161 1920 285 1974 aditus
318 1922 413 1990 (ὑ).
443 1925 596 1981 Cum
629 1932 804 1984 enim
833 1932 955 2002 jam
987 1935 1074 1987 diu
1092 1936 1157 1989 ad
1181 1937 1565 2003 Colluthiauos,
1600 1953 1758 2011 atque
1790 1914 1831 1973 Β
1861 1935 2121 1989 C:esare:e
2170 1936 2221 1988 in
2254 1936 2533 1991 Palazstina
2568 1914 2969 2006 celebt'atidam,
3002 1914 3237 2011 triginta
3274 1945 3439 1998 nitui-

164 2014 305 2070 exinde
333 2020 397 2073 a'd
437 2019 808 2078 Meletianos
862 2026 1204 2092 descivisset,
1241 2032 1579 2087 diuturniore
1623 2051 1758 2104 opus

163 2116 244 2157 erat
286 2112 722 2179 eXperimento,
767 2126 836 2169 ut
873 2117 1089 2173 sincera
1135 2122 1231 2175 viri
1265 2125 1579 2191 paenitentia
1612 2144 1756 2183 COIII-

160 2198 461 2263 probaretur.

205 2289 245 2343 la
271 2295 499 2361 epistola
547 2296 867 2355 Mareotici
904 2301 1035 2357 cleri
1080 2306 1320 2373 quaedam
1376 2309 1757 2378 prmfertNan-

157 2383 206 2434 ttii
250 2386 414 2439 versio
458 2388 565 2457 (c),
627 2406 768 2459 qua:
834 2392 892 2445 in
945 2394 1088 2447 nullo
1120 2396 1263 2450 edito
1312 2399 1394 2451 vel
1438 2401 1635 2469 scripto
1665 2420 1757 2458 co-

157 2474 256 2535 tﬁce,
280 2492 437 2541 quem
473 2481 728 2549 quidem
774 2483 1092 2551 inspectare
1123 2487 1353 2554 licuerit,
1395 2492 1579 2546 Graece
1609 2510 1755 2549 coin-

158 2580 328 2635 parent.
358 2570 492 2625 [hec
541 2585 688 2628 sunt
728 2575 862 2643 ejus
908 2582 1071 2632 verba
1104 2597 1115 2632 :
1164 2597 1181 2630 ι
1223 2580 1357 2635 Nam
1394 2598 1514 2637 cum
1547 2585 1631 2640 ille
1657 2587 1754 2656 (ls-

158 2662 336 2732 chyras)
366 2673 495 2730 post
533 2666 937 2722 defectionem
990 2672 1054 2724 ad
1103 2671 1416 2730 Meletianns
1462 2678 1616 2732 nobis
1667 2695 1749 2734 re-

158 2758 392 2814 conciliari
418 2770 474 2815 et
499 2762 786 2833 conjungi
817 2763 1004 2827 vellet,
1021 2770 1468 2834 quemadmodqu
1486 2769 1750 2835 etPistus,

161 2851 228 2917 qui
272 2862 322 2905 et
370 2856 493 2923 ipse
545 2871 792 2926 quoque
848 2856 981 2909 talia
1012 2860 1078 2912 de
1115 2860 1410 2916 Athanasio
1463 2863 1514 2916 in
1563 2864 1751 2934 vulgus

157 2955 423 3012 sparserat;
455 2959 732 3002 neutrum
764 2956 979 3011 tamen,
1003 2965 1308 3021 quanquam
1343 2956 1559 3023 propria
1589 2973 1747 3011 manu

163 3044 458 3093 testarentur
493 3041 642 3094 nihil
684 3039 809 3093 tale
842 3039 1049 3094 factum
1073 3057 1217 3107 esse,
1257 3054 1311 3097 et
1340 3060 1398 3099 se
1425 3046 1748 3103 subornatos
1786 3094 1800 3107 .

160 3140 181 3176 a
201 3129 347 3183 certis
370 3130 711 3187 hominibus
738 3140 802 3186 ut
824 3131 958 3186 talia
1002 3133 1259 3200 dicerent,
1291 3137 1532 3208 recipere
1563 3141 1748 3195 volne-

158 3230 278 3271 runt.
325 3240 342 3272 ι
376 3223 479 3277 Vix
520 3238 671 3278 sane
712 3224 985 3278 credatur
1016 3225 1081 3280 de
1114 3225 1258 3281 Pisto
1301 3228 1483 3284 isthmc
1511 3231 1627 3285 sine
1654 3247 1746 3286 co-
1773 3258 1815 3318 α

159 3310 271 3365 dicis
304 3315 614 3383 cujuspiam
662 3315 854 3371 Graeci
910 3318 1229 3374 auctoritate
1268 3320 1472 3388 adjecta
1506 3322 1668 3378 fuisse
1712 3340 1740 3378 a

159 3400 364 3459 Nannio.
394 3405 528 3472 Quae
576 3410 623 3463 si
658 3424 798 3462 vera
836 3416 987 3473 sunt,
1028 3410 1222 3464 mirum
1245 3411 1317 3465 ita
1350 3415 1575 3483 carptim
1632 3429 1743 3470 rem

155 3498 471 3560 perstrictam
506 3498 715 3555 fuisse.

213 3588 263 3641 4.
308 3591 516 3645 Arrenii
550 3592 818 3646 historia.
840 3623 913 3633 —
944 3590 1130 3663 Neque
1171 3595 1389 3651 fuerunt
1416 3598 1603 3653 isthmc
1632 3599 1744 3653 Me-

152 3676 348 3735 letianis
370 3682 437 3737 ad
454 3684 769 3753 perniciem
803 3685 1451 3743 Athanasioinfcrendam
1492 3691 1625 3746 satis
1643 3691 1740 3763 (ά).

160 3768 368 3839 Verum,
400 3787 456 3829 ut
492 3776 801 3847 multiplici
858 3778 1089 3832 crimine
1123 3778 1333 3834 facilius
1362 3781 1532 3836 virum
1562 3785 1745 3853 Oppri-

153 3877 370 3933 merent,
398 3868 548 3924 aliud
576 3871 1086 3926 comminiscuntur
1113 3876 1344 3941 portenti
1385 3892 1517 3931 sane
1541 3891 1604 3929 ac
1624 3893 1745 3943 pro-

153 3956 265 4025 digii
321 3963 518 4017 simile.
580 3963 723 4025 Rem
787 3963 956 4019 altius
1012 3966 1177 4019 ordiri
1225 3981 1446 4023 necesse
1482 3980 1584 4023 est.
1618 3970 1747 4023 Erat

151 4051 355 4117 quidam
388 4059 661 4111 Arsenius
686 4058 991 4127 cpiscopus
1017 4060 1295 4129 Hypseles,
1324 4061 1625 4117 Meletianis
1650 4077 1745 4117 ue-

150 4146 469 4201 crassitudine
494 4151 755 4217 junctus,
792 4150 925 4204 licet
962 4152 1012 4204 iu
1042 4151 1313 4206 Breviario
1336 4169 1496 4222 supra
1539 4169 1746 4209 memo-

154 4246 260 4287 rato
312 4239 456 4294 inter
479 4241 817 4297 Meletianos
838 4242 1123 4310 episcopos
1148 4260 1253 4299 non
1286 4253 1628 4315 compareat;
1655 4244 1745 4315 qui

150 4336 208 4377 an
249 4327 316 4380 ad
348 4329 813 4399 Meletianosjam
848 4332 1141 4401 episcopus
1164 4334 1472 4401 desciverit,
1504 4351 1595 4400 an,
1615 4351 1745 4390 cnn-

153 4425 224 4469 tra
256 4436 417 4487 quam
448 4425 683 4477 vetitum
731 4425 788 4477 in
814 4423 1032 4477 Nicena
1073 4428 1279 4495 synodo
1329 4426 1536 4492 fuisset,
1564 4427 1631 4481 ab
1654 4428 1746 4481 iis-

152 4509 258 4562 dem
294 4512 461 4568 fuerit
510 4524 844 4585 cooptatus,
895 4517 1101 4584 pariter
1144 4517 1435 4572 incertum.
1467 4517 1601 4571 Eum
1643 4518 1744 4572 sibi

1862 2042 1977 2078 rum
2005 2028 2429 2102 mensibuspnle
2474 2030 2690 2099 Tyriam
2726 2034 3013 2103 synodum,
3041 2042 3099 2087 ut
3136 2035 3297 2089 habet
3339 2037 3439 2089 So-

1860 2135 2117 2174 zntnenus
2161 2120 2262 2190 (ε),
2298 2122 2545 2175 videlicet
2591 2139 2775 2177 mense
2828 2126 3046 2179 circiter
3081 2126 3271 2183 Martio
3307 2130 3436 2183 anni

1858 2213 1981 2266 535.
2010 2212 2140 2279 Quae
2172 2229 2257 2267 res
2288 2214 2414 2266 item
2452 2214 2952 2285 Philippopolitanze
2982 2219 3172 2287 synodi
3202 2219 3433 2288 epistola

1857 2308 2126 2371 lirmatur,
2168 2321 2286 2375 quae
2334 2307 2412 2361 sic
2464 2306 2624 2361 habet
2657 2325 2670 2359 :
2704 2325 2721 2357 ‹
2758 2306 2892 2361 Nam
2938 2320 3155 2378 propter
3190 2312 3303 2365 hzec
3332 2326 3431 2366 ne-

1855 2398 2092 2450 cessario
2142 2397 2429 2451 concilium
2461 2398 2599 2464 apud
2628 2398 2929 2454 Caesaream
2960 2399 3301 2456 Palzestiuam
3330 2402 3438 2473 pri-

1855 2505 1941 2542 mo
1974 2490 2183 2543 videtur
2221 2504 2342 2544 esse
2362 2491 2668 2543 condictum
2698 2507 2715 2548 :
2740 2500 2794 2546 et
2819 2507 2940 2547 cum
2965 2494 3187 2548 minime
3220 2495 3288 2549 ab
3317 2497 3435 2566 ipso

1855 2580 1937 2633 νει
1975 2580 2043 2633 ab
2076 2580 2400 2635 satellitibus
2426 2580 2492 2634 ad
2520 2582 2891 2650 supradictum
2921 2586 3210 2640 concilium
3238 2602 3435 2642 occur-

1853 2680 2091 2735 reretur,
2126 2682 2247 2741 post
2282 2672 2512 2726 alterum
2552 2687 2753 2728 annum
2804 2676 2855 2728 in
2891 2675 3035 2748 Tyro
3066 2686 3285 2747 propter
3318 2678 3434 2747 ejus

1852 2760 2095 2817 facinora
2128 2766 2442 2819 necessario
2469 2764 2662 2819 iterum
2683 2766 3007 2825 celebratur.
3036 2787 3054 2820 ι
3084 2768 3179 2823 Cui
3205 2772 3430 2842 synodo,

1851 2864 1908 2908 ut
1965 2855 2543 2918 videtur,\Dalmatius
2579 2856 2783 2913 Censor
2832 2859 2923 2929 (0,
2980 2863 3433 2931 quemadmodum

1850 2946 1977 3012 Tyri
2006 2948 2299 3018 Dionysius
2329 2950 2548 3013 Comes,
2576 2951 2931 3006 interfuturus
2957 2963 3095 3018 erat,
3128 2957 3304 3007 omnia
3332 2971 3430 3009 au-

1849 3040 2101 3095 ctoritate
2141 3050 2193 3095 et
2222 3042 2451 3095 arbitrio
2480 3057 2577 3095 suo
2607 3044 3001 3098 moderaturus.
3024 3044 3233 3099 Censor
3264 3046 3432 3099 Atha-

1850 3130 2005 3186 nasio
2047 3132 2189 3186 diem
2234 3134 2405 3198 dixit,
2446 3144 2504 3188 ut
2535 3150 2593 3189 se
2634 3136 2919 3189 adornaret
2958 3138 3023 3189 ad
3077 3151 3198 3189 eam
3250 3138 3432 3204 depel-

1850 3224 2064 3279 lendam
2114 3225 2567 3282 criminationem.
2612 3228 2710 3294 Qui
2752 3228 2949 3281 litteris
2997 3227 3245 3281 Dalmatii
3274 3244 3433 3282 acce-

1846 3319 1974 3387 ptis,
2019 3318 2170 3371 initio
2204 3317 2408 3374 fntilem
2447 3331 2499 3375 et
2544 3338 2570 3374 a
2606 3321 2717 3375 veri
2750 3320 3103 3375 similitudine
3129 3320 3429 3375 abhorren-

1854 3417 1962 3462 tem
1995 3408 2321 3462 calumniam
2354 3410 2484 3463 nihil
2526 3412 2774 3473 curabat,
2803 3419 2951 3463 tutus
2979 3412 3306 3465 conscientia
3359 3427 3429 3466 ne

1845 3502 2063 3570 cogitati
2097 3502 2337 3570 quidem,
2375 3502 2566 3557 nedum
2617 3503 2836 3557 admissi
2864 3502 3140 3558 facinoris.
3177 3506 3431 3560 Attamen

1847 3595 1938 3648 ubi
1958 3605 2288 3648 commotum
2314 3595 2392 3648 ira
2431 3595 2811 3664 imperatorem
2845 3610 2966 3649 esse
2992 3596 3309 3665 accepisset.
3362 3595 3431 3649 ad

1845 3687 2251 3741 comministros
2288 3688 2572 3756 episcopos
2606 3702 2702 3757 per
2734 3685 3025 3757 [Egyptum
3060 3703 3175 3741 rem
3223 3688 3432 3757 signiﬁ-

1846 3788 1933 3831 cat
1977 3777 2370 3847 diaconumque
2420 3780 2605 3845 mittit,
2634 3778 2724 3848 qui
2780 3780 3189 3848 pervestigaret,
3224 3779 3311 3832 ubi
3350 3779 3432 3832 lo-

1847 3883 2033 3921 cnrum
2075 3876 2220 3923 esset
2266 3870 2549 3937 Arsenius,
2573 3870 2663 3939 qui
2699 3885 2727 3922 a
2755 3870 2994 3939 quinque
3018 3868 3103 3924 vel
3137 3882 3233 3922 sex
3273 3868 3434 3923 annis

1848 3962 1900 4015 in
1938 3962 2219 4016 Athanasii
2244 3973 2591 4029 conspectum
2626 3976 2728 4015 non
2765 3972 3009 4017 venerat.
3039 3963 3313 4017 Diaconus
3334 3979 3432 4015 au—

1848 4062 1954 4107 tem
1980 4053 2253 4123 profectus
2281 4056 2349 4108 ad
2394 4055 2779 4109 monasterium
2812 4053 3287 4125 Ptemencyrceos,
3314 4069 3423 4121 quo

1849 4146 1968 4200 loco
2011 4146 2183 4200 latere
2214 4146 2505 4200 Arsenium
2556 4161 2747 4201 rumor
2795 4154 2932 4209 erat,
2969 4146 3199 4214 primtnn
3239 4144 3433 4198 incidit

1850 4238 1904 4292 in
1939 4240 2230 4308 quosdam,
2260 4239 2541 4309 Pecysium
2576 4254 2768 4308 nempe
2803 4240 3203 4309 presbyterum,
3238 4236 3432 4306 Sylva-

1852 4347 1979 4385 num
2024 4332 2191 4388 Heliae
2235 4333 2488 4388 monachi
2538 4330 2779 4401 ejusdem
2824 4330 3134 4385 monasterii
3179 4329 3429 4394 fratrem,

1851 4423 2397 4492 Tapenacerameum,
2421 4434 2471 4478 et
2527 4423 2748 4478 Paulum
2780 4423 3044 4494 Hypseles
3078 4421 3430 4485 monachum,

1851 4516 1940 4585 qui
1975 4517 2262 4569 Arsenium
2323 4516 2446 4569 istic
2481 4515 2684 4569 versari
2724 4515 2958 4568 confessi
2994 4522 3136 4567 sunt.
3171 4512 3249 4565 lie
3276 4526 3430 4565 com-

153 4596 410 4659 leietiani
454 4607 523 4661 ad
561 4605 909 4676 singularem
940 4615 1287 4674 atrocemque
1316 4607 1747 4661 criminationem
1782 4603 1826 4659 D
1856 4616 2027 4677 perta,
2069 4608 2266 4662 l’innes
2302 4610 2541 4674 ejusdem
2580 4606 2896 4661 monasterii
2943 4605 3225 4673 presbyter
3252 4600 3432 4655 homi-

156 4688 201 4740 in
253 4694 621 4751 Athanasium
675 4696 1060 4750 adornandum
1097 4698 1472 4750 atlministrum
1526 4706 1740 4766 parant.

156 4778 403 4853 Princeps
455 4784 904 4854 cnnspirationis
939 4785 1213 4839 ordiendae
1251 4784 1344 4839 fuit
1393 4784 1626 4840 Joannes
1656 4802 1746 4839 co-

156 4878 393 4939 gnomine
424 4878 710 4947 Arehaph,
753 4876 1167 4931 Meletianoruut
1216 4877 1623 4945 antesignanus.
1681 4878 1747 4931 Et

158 4969 267 5033 Quia
300 4987 454 5027 nemo
478 4973 624 5026 solet
656 4972 730 5026 ad
783 4969 1112 5023 maleﬁcium
1162 4970 1280 5025 sine
1314 4986 1408 5040 spe
1447 4982 1500 5026 et
1542 4972 1747 5027 emolu-

162 5069 321 5117 mento
345 5067 634 5126 accedere,
671 5063 935 5133 pactione
958 5062 1194 5131 pecunia:
1216 5063 1485 5119 hominem
1515 5066 1746 5134 perpulit

166 5152 217 5202 ad
245 5169 357 5211 sese
380 5158 812 5221 occultandum,
833 5169 900 5209 eo
922 5168 1114 5224 nempe
1141 5154 1389 5222 consilio,
1412 5164 1473 5211 ut
1505 5157 1605 5210 viri
1633 5173 1739 5212 non

166 5240 364 5301 ulterius
395 5248 541 5304 inter
589 5248 862 5304 homines
896 5245 1167 5298 versantis
1189 5245 1384 5298 caedem
1412 5256 1504 5301 aut
1535 5249 1741 5301 mutila-

162 5333 333 5391 tionem
360 5341 660 5413 evulgandi
716 5336 961 5391 facultas
997 5345 1162 5389 esset.
1198 5335 1549 5393 Latebrarum
1594 5340 1743 5396 locus

161 5436 521 5490 monasterium
554 5434 668 5490 fuit
703 5429 942 5486 nomine
978 5428 1397 5500 Ptemencyrcis,
1436 5434 1487 5486 in
1540 5432 1736 5489 Antco—

154 5520 296 5583 Polite
324 5544 489 5584 nomo
518 5529 728 5583 situm.
775 5523 1014 5574 Latente
1044 5522 1205 5590 igitur
1231 5524 1481 5592 Arsenio,
1512 5528 1740 5594 primum

206 5704 271 5772 (α)
312 5710 508 5763 Athan.
536 5704 706 5777 Apol.
730 5709 929 5777 contra
965 5698 1172 5766 Arium,
1198 5714 1250 5759 η.
1270 5699 1357 5756 65.

202 5768 265 5839 ibi
303 5783 507 5839 Athan.
549 5768 743 5849 ibid.,_
766 5788 828 5824 ιι.
870 5768 988 5849 η..

201 5850 259 5915 (ε)
287 5851 485 5907 Alban.
512 5852 681 5909 ihid.,
730 5845 785 5899 itt
822 5845 989 5915 notis.

199 5910 266 5982 Idi
289 5928 490 5979 Athan.
513 5923 689 5983 ihid.,
717 5932 781 5970 n.
827 5910 899 5965 63
934 5920 985 5965 et
1008 5924 1156 5982 seqq.

1850 4715 1973 4753 nem
2012 4700 2064 4752 in
2120 4700 2422 4751 naviculam
2460 4697 2654 4764 conjici
2702 4696 2930 4759 curavit,
2965 4703 3024 4747 ut
3061 4696 3301 4747 secundo
3324 4691 3422 4745 [lu-

1851 4794 1994 4845 mille
2040 4792 2104 4844 ad
2165 4791 2454 4845 inferiores
2483 4789 2703 4859 Egypti
2754 4798 2936 4857 partes
2967 4801 3071 4839 una
3118 4801 3242 4840 cum
3278 4784 3435 4839 Helia

1852 4886 2121 4939 monacho
2152 4885 2504 4940 concederet.
2558 4883 2686 4936 Post
2746 4881 2882 4945 haec,
2921 4879 3141 4949 elapsis,
3183 4886 3242 4931 ut
3278 4888 3436 4946 puta-

1852 4992 1995 5042 mus,
2045 4975 2369 5046 quibusdam
2435 4976 2508 5030 ab
2560 4973 2772 5027 Arsenii
2826 4970 3165 5043 profectione
3215 4969 3436 5032 diebus,

1849 5068 2135 5123 Athanasii
2166 5068 2431 5123 diaconus
2458 5084 2579 5121 cum
2614 5066 2905 5122 comitibus
2944 5063 3215 5118 nonnullis
3248 5077 3436 5117 rever-

1845 5176 1960 5224 sus,
2015 5165 2310 5231 derepente
2358 5163 2411 5215 in
2461 5159 2851 5215 monasterium
2898 5156 3171 5227 quaerendi
3221 5153 3434 5208 Arsenii

1845 5268 2009 5308 causa
2028 5269 2150 5309 sese
2183 5254 2444 5316 immisit;
2470 5268 2654 5320 quem,
2688 5262 2876 5321 utpote
2894 5250 3003 5305 alio
3034 5248 3432 5312 transmissum,

1846 5362 1967 5399 cum
1991 5363 2096 5400 non
2122 5345 2445 5414 reperirent,
2478 5343 2705 5399 Pinnem
2737 5346 3108 5412 presbyterum
3136 5354 3256 5392 cum
3281 5338 3432 5391 Helia

1847 5439 2116 5492 monacho
2172 5438 2386 5491 Arsenii
2441 5439 2639 5491 comite
2679 5434 3060 5490 Alexandriam
3120 5432 3431 5498 deportatos

1850 5531 1971 5585 duci
2005 5531 2274 5586 obtulere.
2310 5531 2373 5584 Et
2401 5546 2523 5584 cum
2555 5529 2701 5583 nulla
2727 5528 2954 5597 negandi
2988 5527 3066 5579 via
3098 5532 3264 5588 esset,
3297 5521 3430 5575 fassi

1887 5706 1990 5789 die}
2053 5706 2273 5760 Sozam.
2326 5706 2418 5761 lib.
2472 5723 2533 5772 tt,
2577 5721 2697 5776 cap.
2748 5705 2845 5769 25;
2890 5703 3058 5757 llilar.
3105 5700 3325 5771 Fragm.
3373 5716 3424 5768 p.

1856 5776 2219 5915 IdgﬁAtltan.
2277 5844 2494 5916 Apolog.
2521 5855 2702 5900 contra
2730 5845 2973 5910 Arinnos,
3010 5859 3061 5897 η.
3102 5840 3169 5897 65
3193 5852 3244 5897 et
3272 5856 3426 5907 seqq.
