4038 6522
592 402 736 443 LXXI

1932 394 2464 453 PROLEGOMENA.

595 521 721 566 sunt
770 523 823 568 tn
888 515 1028 571 vivis
1077 517 1363 573 Arsenium
1414 534 1477 574 ac
1526 521 1743 573 minime
1792 522 2168 576 obtruncatum
2200 522 2241 577 A
2274 533 2511 571 mensam
2534 529 2801 581 eversam,
2832 517 3055 573 calicem
3106 516 3336 570 fractum
3380 516 3637 571 vecordes
3668 520 3850 572 homi-

591 606 956 665 esse.Adh:ec
973 611 1151 665 omnia
1175 610 1287 679 jam
1330 625 1625 669 memorata
1657 615 1853 669 Pinnes
1886 617 1937 669 in
1980 631 2165 668 mona-

591 698 818 753 sterium
858 717 1135 772 regressus
1175 704 1365 759 Joanni
1404 708 1690 778 Arcbapho
1719 708 2017 777 rescripsit,
2054 723 2167 760 mo-

592 803 729 843 nens
756 800 815 844 ut
845 804 912 845 n'e
952 794 1130 861 modo,
1150 799 1463 868 pervulgata
1495 800 1570 853 rei
1601 800 1848 862 veritate,
1873 800 2167 853 Athanasio

593 883 798 937 credem
851 887 1124 944 ascribere
1176 892 1599 960 aggrederetur:
1650 907 1810 959 quam
1868 892 2166 959 epistolam,

596 974 887 1043 Paphnutii
925 982 1173 1035 monachi
1207 999 1366 1035 manu
1392 993 1693 1049 exaratam,
1734 983 1889 1037 nobis
1924 986 2167 1039 Athana-

598 1067 713 1122 sius
742 1068 1008 1138 integram
1053 1076 1306 1128 servavit.
1344 1074 1538 1128 Narrat
1567 1076 1689 1128 item
1716 1075 1931 1141 Pinnes,
1956 1075 2168 1129 Arscnii
2218 1062 2224 1069 ’

596 1162 768 1212 enecti
805 1161 1037 1216 fabulam
1071 1166 1142 1218 ita
1170 1181 1264 1234 per
1284 1176 1445 1221 totam
1474 1165 1761 1237 [Egyptum
1779 1168 2167 1235 percrebuisse,

597 1261 748 1305 utne
783 1254 921 1307 ultra
956 1256 1118 1309 celari
1153 1269 1356 1327 posset.
1410 1258 1533 1312 Hmc
1562 1274 1725 1313 causa
1751 1258 1916 1312 fuisse
1952 1268 2170 1325 putatur

595 1343 825 1401 Arsenio
858 1356 916 1397 ut
938 1346 1141 1417 Tyrum
1176 1351 1502 1418 profugeret,
1546 1366 1653 1419 quo
1684 1352 1753 1405 ibi
1779 1352 1962 1420 procul
1998 1350 2168 1419 patria

597 1443 651 1487 et
674 1436 994 1502 Athanasio,
1030 1440 1570 1496 tutinsdelitesceret.
1600 1446 1666 1497 At
1695 1443 1833 1497 forte
1867 1445 2045 1498 evenit
2073 1446 2171 1496 Ar-

599 1526 776 1581 chelai
806 1530 1107 1583 consularis
1140 1531 1347 1597 famuli,
1383 1542 1437 1586 nt
1470 1534 1519 1587 in
1551 1538 1773 1590 taberna
1807 1536 1976 1590 latere
2009 1537 2171 1590 Arse-

600 1618 745 1670 nium
770 1620 1087 1687 quibusdam
1121 1627 1559 1681 rennntiantibus
1590 1628 1917 1697 acciperent,
1952 1643 2171 1697 remque

599 1708 899 1764 indicarent
950 1713 1100 1769 hero.
1145 1716 1191 1768 ls
1230 1728 1438 1771 mature
1466 1720 1642 1772 virum
1683 1721 2173 1789 perquirit,reper—

598 1808 821 1867 tumque
859 1802 910 1853 in
949 1805 1251 1858 custodiam
1306 1807 1469 1860 tradit
1501 1809 1925 1873 asservandum;
1969 1816 2023 1860 et
2069 1807 2168 1860 sub

2270 624 2367 663 nes
2396 610 2553 665 modo
2592 612 2659 666 ab
2680 610 2997 674 Athanasio,
3042 626 3168 664 mox
3199 626 3226 662 a
3271 609 3505 663 Macario
3532 608 3766 672 effutire,
3791 620 3847 664 ut

2267 702 2356 757 illa
2388 703 2769 758 incertitudine
2803 704 3166 759 accusationis
3198 704 3248 756 in
3278 702 3645 774 sycophantiae
3667 703 3844 771 suspi-

2269 798 2479 850 cionem
2519 806 2865 850 vocarentur.
2896 795 3058 849 Jubet
3098 795 3272 863 palam
3312 796 3411 865 legi
3444 796 3765 864 epistolam;
3793 805 3849 849 nt

2271 902 2429 941 nemo
2456 903 2594 941 unus
2636 897 2837 957 gestam
2882 903 3020 951 rem,
3052 886 3570 955 Meletianorumqne
3621 888 3849 943 insidias

2270 981 2503 1047 ignoret.
2529 978 2849 1034 Plectendos
2881 979 3189 1043 denuntiat,
3228 982 3271 1035 si
3306 997 3441 1048 quos
3479 983 3627 1049 paria
3693 998 3850 1037 ausos

2270 1070 2725 1139 deprehenderet.
2792 1070 3214 1126 Gratulatoriam
3265 1073 3573 1128 Alexander
3622 1072 3855 1129 Thessa-

2270 1160 2566 1217 lonicensis
2594 1162 2894 1218 Athanasio
2952 1164 3239 1233 epistolam
3295 1165 3443 1219 misit
3481 1167 3575 1235 (a),
3620 1168 3854 1236 acceptis

2270 1267 2365 1321 per
2390 1253 2739 1324 Serapionem
2767 1255 3019 1310 Sozontis
3055 1256 3241 1321 ﬁlium,
3273 1257 3411 1312 bene
3430 1268 3699 1313 moratum
3728 1261 3855 1315 ado-

2271 1349 2594 1413 lescentem,
2622 1349 2863 1417 ejusdem
2902 1349 3133 1414 litteris;
3170 1351 3436 1407 scelerato
3464 1352 3660 1408 Joanni
3702 1355 3854 1408 aiens

2267 1434 2390 1504 jure
2420 1435 2655 1493 infamia:
2682 1448 2866 1493 notam
2905 1439 3163 1504 inustam,
3197 1450 3383 1510 utpote
3417 1443 3851 1512 turpissimarum

2274 1541 2455 1581 rerum
2491 1531 2710 1585 artiﬁci.

2347 1622 2401 1679 5.
2425 1623 2677 1679 Arsem'us
2728 1624 2908 1679 delicti
2942 1628 3147 1681 veniam
3169 1627 3317 1695 petit.
3350 1657 3410 1668 -
3438 1627 3853 1696 Apertissimum

2273 1730 2455 1777 autem
2506 1718 2638 1773 illud
2686 1717 2790 1772 fuit
2822 1720 3247 1789 conSpirationis
3299 1731 3701 1791 argumentum,
3736 1735 3854 1773 cum

2280 1806 2546 1862 Arsenius
2582 1805 2717 1874 ipse,
2751 1816 3035 1875 postquam
3076 1807 3249 1863 latens
3307 1810 3606 1877 deprensus
3659 1810 3854 1874 fuerat,

598 1889 715 1942 hzec
768 1892 1067 1950 Athanasio
1117 1896 1388 1965 signiﬁcat
1440 1900 1832 1967 deprehensum
1864 1899 2177 1953 Arseninm.
2209 1885 2254 1942 Β
2284 1897 2465 1953 missis
2488 1896 2553 1949 ad
2580 1895 2936 1951 Athanasium
2970 1896 3165 1952 litteris
3195 1897 3272 1970 (ά)
3298 1941 3312 1963 ,
3350 1898 3678 1968 signiﬁcavit
3707 1899 3856 1952 cordi

593 1979 762 2049 Cujus
798 1983 925 2037 item
980 1988 1053 2039 rei
1098 1989 1299 2043 oculati
1350 1990 1501 2044 fuere
1552 2000 1719 2068 testes
1764 1992 2179 2061 quidamipsins

593 2073 879 2129 Athanasii
911 2076 1226 2135 familiares.
1259 2082 1517 2136 Arsenius
1549 2098 1676 2137 vero
1702 2099 1768 2138 ne
1792 2085 2176 2153 deprehensus

594 2163 810 2227 quidem
851 2183 909 2222 se
936 2169 1221 2225 Arsenium
1254 2188 1376 2227 esse
1405 2172 1694 2240 fatebatur,
1727 2176 1897 2231 donec
1929 2177 1994 2230 ad
2032 2177 2179 2231 Pauli

594 2253 724 2327 Tyri
785 2259 1027 2329 episc0pi
1088 2263 1324 2317 tribunal
1360 2274 1619 2320 evocatus
1664 2276 1828 2337 atque
1876 2269 2178 2334 convictus,

594 2347 825 2416 negandi
852 2349 1013 2404 ﬁnem
1048 2350 1270 2406 faceret.
1294 2353 1405 2408 Hoc
1428 2364 1608 2409 autem
1634 2356 1724 2409 ille
1754 2359 1898 2427 pacti
1917 2375 2037 2413 cum
2070 2358 2180 2415 Eu-

593 2439 749 2494 sebio
780 2440 901 2495 initi
941 2457 1104 2498 causa
1151 2446 1366 2514 agebat,
1406 2462 1475 2502 ne
1519 2463 1579 2504 se
1624 2451 1956 2520 schphanta
1990 2452 2180 2524 depre~

597 2530 768 2587 henso
802 2542 911 2589 tota
966 2546 1318 2592 evanesceret
1364 2538 1568 2593 fabula.
1616 2540 1813 2597 PeCcat
1855 2553 2034 2598 autem
2089 2546 2181 2600 So-

596 2634 776 2679 crates
805 2626 905 2697 (a),
935 2629 1025 2696 qui
1079 2630 1240 2685 istam
1270 2632 1589 2701 deprehensi
1644 2634 1858 2690 Arsenii
1898 2636 2177 2693 historiam

598 2714 783 2787 Tyriae
814 2721 1007 2789 synodi
1049 2730 1291 2792 tempore
1322 2726 1618 2795 contigisse
1639 2737 1848 2784 narrat.
1885 2727 1993 2787 Nos
2009 2731 2180 2786 Atha-

598 2812 813 2866 nasium
850 2815 1131 2883 sequimur
1154 2818 1258 2871 fide
1298 2833 1430 2874 sane
1466 2820 1795 2890 digniorem.

667 2902 721 2956 2.
754 2902 1033 2959 Calumnia
1063 2908 1281 2962 detecta.
1306 2941 1375 2951 —
1402 2912 1547 2967 lnter
1576 2914 1690 2968 hate
1733 2914 1998 2971 Eusebius
2024 2915 2181 2973 Nico-

597 2998 914 3065 mediensis,
942 2999 1254 3071 Theognius
1277 3004 1549 3069 Nicmnus.
1576 3017 1631 3062 et
1668 3008 1986 3068 Theodorus
2015 3013 2180 3067 flera-

598 3088 820 3155 cleotes,
886 3104 1171 3164 postquam
1229 3101 1438 3154 crebris
1489 3101 1747 3158 itionibus
1802 3108 2180 3174 postulationi-

596 3180 823 3249 bttsque,
856 3184 1239 3250 intolerabilia,
1266 3198 1326 3242 ut
1347 3189 1584 3259 aiebant,
1609 3192 1891 3249 Athanasii
1935 3196 2173 3250 facinora

596 3272 650 3327 in
676 3275 882 3345 synodo
928 3276 1102 3345 aliqua
1136 3279 1362 3348 disquiri
1405 3295 1654 3351 oportere
1700 3284 2013 3355 imperatori
2044 3301 2170 3341 sua-

597 3365 795 3420 sissent
814 3367 906 3437 (b),
925 3368 1144 3439 jamque
1175 3372 1507 3429 celebrandae
1535 3377 1738 3445 synodo
1756 3379 2006 3447 deputata
2028 3389 2175 3434 esset

597 3458 842 3513 Cwsarea
872 3462 921 3515 in
942 3462 1262 3529 Palaestina;
1293 3480 1486 3521 versus
1509 3466 1783 3521 Orientem
1813 3474 2176 3539 properabant

598 3551 779 3605 animo
813 3542 1095 3607 Athanasii
1121 3556 1173 3608 in
1204 3556 1467 3625 ejusmodi
1498 3559 1703 3627 synodo
1739 3561 2043 3615 abdicandi.
2071 3562 2176 3618 Ve-

599 3658 717 3695 rum
759 3644 849 3698 ille
877 3661 1079 3715 gnarus
1118 3648 1435 3702 insidiarum
1464 3660 1519 3703 et
1568 3651 1720 3705 mala:
1756 3655 1951 3709 mentis
1983 3657 2177 3711 adver-

600 3735 892 3802 sariorum,
932 3739 1107 3794 iteret
1128 3741 1386 3809 jmlicium
1414 3744 1567 3798 istius
1595 3748 1806 3815 synodi,
1837 3765 1935 3803 nec
1960 3749 2175 3819 injuria,

600 3824 951 3881 detrectabat.
972 3829 1151 3893 Quare
1168 3842 1385 3898 peracta
1416 3838 1482 3887 de
1511 3836 1737 3890 Arsenio
1764 3842 2176 3909 perqttisitione,

598 3926 657 3969 et
719 3920 1003 3985 patefactis
1065 3921 1469 3979 Meletianorum
1509 3929 2021 4001 conspirationibus,
2079 3938 2182 3989 im-

599 4012 839 4077 peratori
898 4014 1173 4066 renuntiat
1225 4027 1497 4085 repertum
1552 4022 1866 4088 Arseninm,
1922 4037 1976 4081 et
2009 4036 2180 4083 totam

603 4104 1106 4160 homicidiiscenam
1139 4108 1204 4162 de
1237 4111 1412 4164 medio
1438 4113 1703 4170 sublatam
1734 4119 1901 4173 fuisse
1929 4137 1942 4173 :
1973 4137 2035 4176 ac
2062 4138 2180 4192 qua:

600 4195 669 4249 de
698 4195 932 4251 Macario
971 4200 1285 4270 presbytero
1319 4203 1445 4258 olim
1479 4207 1751 4264 Meletiani
1780 4214 1845 4265 ad
1867 4213 2044 4283 ipsum
2082 4216 2179 4269 de-

605 4290 873 4355 tulissent,
911 4303 1124 4345 revocat
1176 4294 1225 4347 in
1275 4301 1609 4355 memoriam.
1671 4304 2020 4361 Commodum
2057 4309 2181 4362 item

606 4383 821 4449 accidit,
864 4393 921 4436 ut
957 4383 1223 4440 Meletiani
1258 4390 1308 4442 in
1342 4391 1549 4447 iteratis
1582 4395 1788 4461 suis,de
1810 4399 1979 4452 calice
2010 4399 2183 4454 fracto

606 4484 662 4528 et
693 4475 759 4530 de
780 4491 964 4531 mensa
1012 4481 1267 4535 subversa
1306 4487 1776 4546 criminationibus
1821 4492 2179 4547 Athanasium

2282 2003 2402 2045 esse
2436 1987 2537 2043 sibi
2563 2002 2751 2056 pacem
2781 1996 2837 2042 et
2865 1989 3299 2043 communionem
3346 1987 3606 2044 Ecclesia:
3628 1990 3855 2044 catholi-

2281 2097 2380 2150 cae,
2406 2097 2604 2152 rogare
2646 2082 2849 2136 aditum
2885 2082 2986 2136 sibi
3022 2081 3163 2147 dari,
3196 2082 3436 2151 polliceri
3470 2083 3670 2137 nullam
3697 2082 3861 2136 initu-

2282 2189 2399 2227 rum
2433 2188 2494 2228 se
2521 2188 2643 2228 cum
2682 2172 3048 2227 schismaticis
3082 2174 3419 2241 societatem,
3452 2190 3628 2244 neque
3656 2174 3861 2243 impru-

2281 2266 2444 2321 dente
2481 2274 2573 2320 aut
2604 2267 2773 2322 invito
2818 2266 3141 2332 Athanasio,
3187 2269 3384 2323 scitum
3416 2268 3636 2339 aliquod
3658 2268 3739 2324 vel
3771 2269 3864 2324 de-

2279 2369 2488 2414 cretum
2524 2374 2628 2413 una
2660 2376 2783 2414 cum
2820 2360 2941 2415 aliis
2963 2361 3232 2430 episcopis
3255 2362 3544 2417 editurum.
3576 2361 3715 2416 Istas
3743 2362 3847 2415 Ar-

2280 2452 2467 2506 senius
2487 2452 2632 2506 dedit
2655 2451 2885 2518 litteras,
2904 2454 2995 2523 qui
3023 2453 3187 2506 multa
3224 2464 3343 2523 post
3368 2454 3483 2509 hare
3512 2470 3610 2509 nec
3628 2455 3861 2509 obscura

2278 2543 2516 2614 przetulit
2538 2546 2730 2599 mutati
2765 2553 2819 2598 et
2848 2545 3133 2600 catholicis
3160 2545 3326 2600 rebus
3355 2546 3558 2602 addiCti
3585 2546 3751 2601 animi
3783 2546 3862 2600 si-

2280 2654 2409 2708 gna.
2446 2638 2524 2693 Re
2561 2638 2773 2709 cognita
2816 2636 3054 2693 Joannes
3108 2639 3387 2707 Arehaph,
3435 2649 3494 2692 ut
3544 2639 3679 2693 vidit
3716 2648 3864 2709 gesta

2279 2747 2375 2786 sua
2406 2732 2457 2785 in
2492 2745 2585 2785 ore
2611 2732 2850 2786 omnium
2883 2731 3108 2795 versari,
3143 2732 3349 2785 traduci
3370 2733 3421 2785 in
3452 2731 3585 2791 dies.
3613 2747 3863 2800 magnam

2279 2823 2383 2879 sibi
2431 2823 2691 2877 invidiam
2734 2821 2991 2888 conflare,
3037 2823 3190 2892 quasi
3222 2824 3491 2893 ptenitens
3532 2822 3688 2887 facti,
3723 2839 3865 2878 com-

2280 2918 2594 2971 munionem
2632 2916 2915 2970 Athanasii
2953 2914 3247 2985 efﬂagitare
3290 2915 3460 2986 coepit
3510 2933 3523 2968 :
3563 2930 3628 2969 ac
3666 2915 3864 2972 litteris

2280 3008 2589 3077 imperatori
2610 3008 2930 3062 testiﬁcatur
2954 3005 3159 3074 se,jam
3187 3006 3334 3060 omni
3368 3006 3538 3074 posita
3560 3006 3863 3071 simultate,

2279 3113 2465 3168 pacem
2501 3098 3048 3166 communionemque
3086 3111 3208 3149 cum
3257 3096 3554 3150 Athanasio
3601 3106 3863 3163 exoptare

2280 3208 2344 3246 ac
2403 3192 2699 3260 requirere.
2734 3190 3006 3259 Pergrataa
3055 3188 3249 3243 littera:
3298 3187 3661 3243 Constantino
3692 3187 3861 3250 fuere.

2278 3285 2428 3351 pacis
2463 3284 2675 3338 scilicet
2704 3283 3106 3344 amantissimo;
3134 3281 3369 3348 dataque
3399 3280 3629 3349 epistola
3690 3280 3863 3335 virum

2276 3386 2484 3439 evocat,
2529 3374 2724 3444 publici
2757 3374 2987 3428 vehiculi
3013 3373 3221 3443 copiam
3252 3371 3399 3435 facit,
3430 3383 3485 3425 ut
3514 3371 3721 3439 majore
3744 3388 3868 3442 gau-

2278 3471 2364 3524 dio
2404 3479 2719 3539 praesentem
2750 3469 3007 3538 pacisque
3044 3467 3344 3522 studiosum
3376 3466 3673 3535 exciperet.
3708 3465 3857 3521 Talis

2280 3573 2388 3616 tum
2422 3561 2522 3616 fuit
2556 3562 2631 3615 rei
2665 3560 2866 3626 exitus,
2900 3569 2956 3617 et
2984 3560 3319 3631 aliquantum
3348 3559 3606 3629 temporis
3631 3562 3866 3630 sopitum

2280 3653 2550 3722 negotium
2578 3652 2700 3706 fuit.

2350 3748 2498 3799 Asse
2528 3759 2780 3798 etnotren
2837 3742 2959 3796 33L.
2988 3770 3059 3781 —-
3095 3741 3144 3795 l.
3176 3741 3438 3795 Antonius
3472 3739 3860 3794 Alexandriam

2282 3839 2439 3891 venit.
2470 3868 2539 3878 —
2588 3836 2691 3890 Per
2726 3835 2775 3889 id
2808 3835 3027 3889 circiter
3060 3844 3268 3902 tempus
3294 3832 3504 3895 Ariani,
3556 3832 3868 3886 rumoribus

2282 3931 2598 4000 Spargendis
2648 3944 2863 3996 semper
2899 3925 3276 3994 invigilantcs,
3311 3934 3514 3981 temere
3539 3924 3867 3993 jactitabant

2282 4025 2461 4091 magni
2488 4038 2582 4092 per
2606 4020 2896 4092 [Egyptum
2925 4020 3158 4073 nominis
3189 4018 3361 4072 virum
3415 4017 3716 4071 Antonium
3749 4034 3866 4072 mo-

2286 4115 2581 4169 nachorum
2618 4123 2826 4184 patrem
2874 4111 3134 4166 doctrina:
3180 4126 3288 4165 sua:
3322 4110 3500 4163 favere
3554 4117 3610 4162 et
3664 4110 3869 4180 astipu-

2286 4208 2382 4261 lari
2413 4209 2504 4276 (e).
2539 4206 2751 4261 Perlata
2791 4221 2874 4259 res
2929 4207 3165 4258 Antonio
3216 4203 3387 4258 dolori
3431 4202 3562 4268 fuit;
3601 4204 3870 4271 graviter-

2286 4317 2388 4369 que
2418 4316 2742 4354 succensens
2769 4300 3141 4360 novatoribns,
3201 4298 3413 4350 hortatu
3456 4296 3866 4363 episcoporum,

2286 4404 2341 4449 et
2374 4393 2606 4447 maxime
2640 4390 2944 4450 Athanasii.
2970 4389 3357 4443 Alexandriam
3382 4402 3439 4442 se
3470 4386 3708 4442 confert.
3730 4387 3864 4440 Tum

2286 4487 2447 4555 cmpit
2485 4486 2717 4538 Arianos
2762 4482 2971 4551 publice
3001 4496 3317 4550 coarguere,
3360 4478 3646 4532 hmreticos
3687 4479 3870 4546 appel-

608 4571 786 4633 tnodo,
818 4573 974 4626 modo
1024 4572 1314 4628 Macarium
1349 4579 1737 4637 insimularent.
1777 4586 1929 4650 Quod
1992 4586 2177 4654 utique

2284 4578 2414 4639 lare,
2435 4575 2680 4630 haeresim
2706 4589 2891 4626 eortnn
2924 4587 3117 4626 vocare
3144 4570 3456 4625 Antichristi
3487 4572 3863 4639 prodromnm,

605 4663 817 4729 signum
842 4672 960 4716 erat
993 4663 1324 4720 luculentum
1362 4672 1576 4724 conficti
1602 4682 1654 4725 et
1686 4675 1971 4741 excogitati
2001 4676 2182 4730 crimi-

607 4755 711 4809 nis.
752 4754 876 4808 Ilaec
909 4756 1077 4811 misso
1108 4758 1338 4815 Macario
1368 4763 1594 4817 diacono
1627 4767 1899 4834 significat
1951 4769 2184 4837 impera-

608 4848 710 4901 tori
737 4849 859 4916 :qni
878 4851 1056 4904 statim
1078 4849 1279 4918 judicio
1306 4859 1544 4909 censoris
1565 4859 1858 4925 prohibito,
1895 4861 2182 4915 Eusebium

606 4950 662 4995 et
694 4945 871 4998 socios
908 4945 958 4998 in
996 4945 1272 5002 Orientem
1307 4950 1590 5005 Athanasii
1626 4951 1866 5003 Ecclesia
1901 4952 2188 5006 deturban-

609 5031 660 5083 di
688 5032 937 5101 cupidine
954 5049 1308 5106 properantes
1339 5042 1636 5111 retrogredi
1663 5041 1851 5108 jubet;
1881 5041 2184 5113 litterisque

609 5123 791 5176 missis
816 5126 1172 5182 Athanasium
1191 5129 1529 5196 cohortatur,
1561 5141 1618 5184 ut
1640 5134 1835 5200 populo
1864 5148 1961 5187 suo
1997 5148 2180 5201 pacem

606 5228 662 5272 et
689 5224 1133 5291 tranquillitatem
1170 5227 1461 5281 conciliare
1492 5228 1729 5292 studeat,
1763 5228 1812 5280 id
1846 5242 1965 5280 cum
1995 5228 2182 5295 primis

610 5317 663 5371 in
696 5320 891 5386 optatis
922 5336 1041 5374 esse
1069 5322 1190 5374 sibi.
1216 5321 1268 5374 ln
1314 5320 1626 5375 Meletianos
1657 5328 1856 5381 autem,
1877 5334 2010 5386 quos
2040 5318 2189 5372 omni

610 5412 985 5467 exsecratione
1040 5414 1236 5482 dignos
1294 5412 1544 5480 appellat,
1602 5412 1872 5463 invehitur
1901 5409 2187 5463 acerrime.

614 5501 795 5557 Mirari
833 5521 889 5559 se
918 5507 1014 5569 ait,
1041 5520 1179 5572 quos
1207 5504 1279 5557 illi
1308 5506 1454 5558 viros
1473 5506 1825 5569 interemptos
1847 5503 2190 5572 jactitahant,

614 5612 710 5653 eos
754 5600 901 5668 ipsos
941 5600 1241 5655 incolumes
1288 5607 1415 5653 ante
1458 5597 1698 5651 omnium
1736 5597 1922 5653 oculos
1950 5597 2186 5661 versari;

713 5717 764 5788 a)
793 5716 1010 5773 Socrat.
1042 5717 1134 5770 lib.
1169 5732 1205 5781 ι,
1239 5732 1356 5784 cap.
1387 5710 1478 5788 29.

713 5717 764 5788 a)
793 5716 1010 5773 Socrat.
1042 5717 1134 5770 lib.
1169 5732 1205 5781 ι,
1239 5732 1356 5784 cap.
1387 5715 1478 5766 29.

689 5715 765 5854 Eb)
793 5790 994 5843 Athan.
1018 5788 1169 5855 Apol.
1218 5798 1401 5840 contra
1438 5783 1683 5848 Arianos,
1722 5799 1776 5836 n.
1818 5780 1887 5837 65
1929 5789 1982 5838 et
2027 5797 2182 5851 se1.;

620 5856 942 5914 Theodorei.
981 5859 1018 5915 l.
1049 5877 1084 5921 ι,
1115 5874 1234 5926 cap.
1270 5858 1361 5912 28.

2288 4669 2579 4740 prmdicare
2627 4667 2744 4721 Filii
2798 4665 3194 4729 aeternitatem,
3248 4662 3500 4717 deitatem
3531 4701 3545 4724 ,
3612 4662 3869 4730 populum

2290 4780 2422 4820 voce
2444 4763 2770 4831 monitisque
2792 4760 2843 4814 in
2866 4774 2994 4813 vera
3026 4757 3273 4812 doctrina
3297 4756 3645 4810 conﬁrmare.
3679 4755 3872 4824 Ingens

2290 4858 2392 4910 fuit
2427 4854 2786 4910 multitudinis
2840 4852 3026 4906 lmtitia
3053 4892 3067 4915 ,
3113 4848 3318 4920 grande
3352 4848 3536 4902 odium
3569 4849 3870 4902 canﬁatnm

2293 4948 2482 5004 haeresi
2512 4948 2745 5002 adventu
2773 4945 2872 4999 viri
2906 4944 3019 4999 Dei.
3049 4942 3418 4997 Accurrebant
3456 4941 3600 4994 cives
3648 4939 3871 4993 videndi

2291 5039 2509 5095 Antonii
2536 5039 2791 5109 cupidine
2836 5037 3147 5106 flagrantes.
3175 5033 3279 5103 Ipsi
3317 5032 3547 5103 gentiles
3577 5044 3871 5101 conspecta

2293 5133 2396 5184 viri
2422 5129 2722 5183 litterarum
2756 5127 2992 5198 imperiti
3022 5127 3071 5180 vi
3107 5125 3369 5180 orationis
3397 5163 3412 5186 ,
3463 5121 3752 5190 stupefacti
3799 5122 3876 5175 si-

2290 5223 2408 5291 gnis
2432 5220 2808 5291 miraculisque
2829 5221 2893 5273 ad
2923 5234 3109 5289 preces
3161 5218 3280 5287 ejus
3311 5216 3471 5270 editis
3522 5218 3669 5284 (nam
3719 5229 3876 5267 ener-

2286 5330 2544 5387 gumenos
2569 5357 2583 5381 ,
2620 5330 2685 5369 ac
2731 5324 2910 5368 mente
2936 5322 3120 5382 captos
3170 5313 3306 5366 bene
3334 5309 3530 5363 multos
3560 5307 3815 5377 curabat)
3856 5324 3870 5372 ;

2288 5418 2440 5464 tanto
2469 5422 2694 5461 numero
2732 5407 2797 5460 ad
2846 5406 3209 5460 Christianam
3252 5403 3411 5458 ﬁdem
3442 5400 3778 5462 confluxere,
3812 5409 3893 5502 ιιιι

2290 5499 2473 5569 plures
2504 5499 2689 5569 paucis
2723 5498 2937 5561 diebus,
2970 5512 3131 5565 quam
3169 5493 3303 5549 alias
3350 5508 3449 5563 per
3477 5494 3749 5560 integrum
3776 5506 3877 5543 an-

2294 5608 2448 5657 num,
2473 5607 2613 5646 verae
2652 5591 2774 5646 ﬁdei
2808 5590 2948 5643 viam
2992 5590 3427 5660 ingrederentur.
3462 5585 3528 5640 Et
3560 5599 3695 5642 vero
3723 5592 3876 5639 tanta

2362 5706 2434 5829 (lt?
2453 5707 2649 5761 Athan.
2685 5704 2842 5787 ibid,
2873 5721 2926 5757 ll.
2952 5703 3041 5756 66.

2363 5782 2380 5829 f
2427 5777 2668 5829 lAt-han.
2692 5776 2850 5829 tbtd..
2874 5790 2929 5827 η.
2959 5765 3041 5827 δικ

2426 5765 2442 5845 )
2469 5777 2668 5831 Athan.
2692 5765 2850 5839 ibidﬁ,
2874 5790 2929 5827 η.
2959 5765 3045 5827 62f.

2366 5842 2436 5918 (ρ)
2466 5847 2519 5901 lu
2552 5846 2671 5900 Vita
2706 5845 2941 5911 Antonii,
2976 5861 3029 5897 ιι.
3058 5842 3144 5896 69.
