4038 6534
1483 420 1641 475 VlTA
1683 420 1739 474 s.
1782 394 2167 474 A'l‘llAN.tSll.

3293 441 3455 479 LXXII

198 546 283 595 erat
307 537 565 607 opinione
601 540 1024 596 sanctimonia:
1069 554 1122 597 et
1161 542 1399 611 pietatis,
1428 553 1485 596 ut
1522 542 1784 605 universi,
1814 549 1859 601 Α
1888 544 2077 597 dercnt
2116 557 2266 611 ergo,
2300 556 2395 612 per
2420 542 2587 596 otium
2618 550 2675 595 et
2720 556 2908 610 pacem
2958 543 3259 598 Athanasio
3291 543 3458 599 licere

206 630 476 699 nepaganis
512 630 778 698 quidem
816 633 1097 703 exceptis,
1144 633 1416 688 hominem
1454 634 1565 701 Dei,
1617 634 1790 689 Anto-

208 727 313 777 nium
336 724 617 792 compella
630 734 803 779 rent.

253 816 292 867 2.
330 815 605 869 Antonius
653 826 833 870 cura:
886 818 1280 874 dwmoniacam.
1317 849 1384 858 —
1431 819 1562 875 Cum
1604 830 1783 877 autem

206 907 438 961 excederet
472 906 651 971 urbe,
686 909 1016 964 Athanasio
1048 912 1266 965 honoris
1294 926 1453 966 causa
1477 914 1783 980 comitante,

208 1000 310 1052 utad
333 1010 550 1065 portam
582 1003 894 1069 pervenit,
925 1013 1068 1057 retro
1097 1004 1334 1058 clamans
1363 1006 1555 1060 mulier
1590 1008 1785 1063 sistere

208 1092 381 1158 gradum
404 1092 687 1158 rogabat,
728 1100 793 1158 et
822 1107 1027 1147 sanare
1061 1094 1223 1147 filiam
1256 1110 1405 1149 suam
1427 1097 1672 1151 dzemone
1694 1115 1787 1154 ve-

208 1194 363 1237 xatam.
388 1180 668 1251 Rogante
703 1188 891 1238 etiam
938 1186 1235 1241 Athanasio
1260 1227 1275 1253 ,
1303 1189 1547 1242 substitit
1573 1189 1695 1255 ille;
1731 1199 1787 1244 et

209 1275 382 1343 propius
405 1282 743 1329 accedente
781 1292 916 1330 cum
948 1277 1058 1330 lilia
1089 1278 1314 1333 muliere
1334 1319 1349 1343 ,
1376 1280 1581 1334 daemon
1631 1280 1784 1350 puel-

209 1368 281 1419 lam
313 1368 455 1420 humi
511 1368 752 1437 dejicit.
796 1368 944 1422 Tum
992 1380 1237 1438 precatus
1290 1372 1574 1439 Antonius,
1609 1374 1785 1443 impu-

209 1476 293 1513 rum
333 1462 653 1514 daemonem
716 1460 928 1530 fugat,
966 1470 1018 1515 et
1060 1462 1379 1517 incolumem
1414 1464 1569 1517 matri
1622 1464 1784 1519 ﬁliam

209 1552 417 1606 restituit.
450 1552 833 1621 Cunctisque
862 1569 986 1607 cum
1025 1556 1321 1623 gratiarum
1353 1556 1565 1611 actione
1606 1558 1784 1612 Anto-

208 1645 317 1697 ttiuut
357 1644 684 1699 honoriﬁce
732 1647 1159 1711 deducentibus,
1193 1648 1435 1716 gestiens
1466 1649 1518 1702 in
1551 1660 1783 1704 amatam

204 1734 517 1788 solitudinem
554 1735 938 1803 remigravit.
983 1734 1234 1801 Quantam
1271 1746 1419 1791 certe
1464 1746 1586 1790 sunt
1635 1738 1787 1806 queis

208 1828 509 1889 inducantur,
552 1835 613 1878 ut
650 1835 868 1879 contra
896 1842 1057 1893 quam
1094 1828 1329 1881 sentiunt
1375 1828 1615 1881 nonnulli
1643 1829 1783 1882 docti

1887 634 2098 689 solitam
2125 638 2380 704 augenda:
2404 637 2480 689 rei
2530 634 2809 689 catholica!
2842 649 3065 701 operam
3102 650 3333 701 navare;
3366 637 3449 690 iu-

1890 729 2193 782 terturhare
2225 728 2449 781 consilia
2471 726 2588 795 eius
2607 726 3016 781 Meletianorum
3043 742 3144 796 ope
3175 738 3453 798 satagunt,

1888 818 2092 886 hosque
2116 835 2329 873 rursum
2353 828 2581 873 evocant
2607 819 2672 873 ad
2706 819 2985 887 pristinam
3020 820 3253 889 lingeudi
3276 830 3330 876 et
3360 837 3453 875 ca-

1889 908 2181 964 lumniandi
2224 922 2417 965 artem.
2444 911 2716 966 Meleu'ani
2754 913 2915 979 igitur
2948 913 3252 967 iustaurato
3284 912 3455 967 laede-

1891 1016 1947 1055 re
1992 1002 2094 1071 (’d),
2126 1002 2322 1070 elapsis
2350 1003 2567 1070 triginta
2599 1004 2667 1057 ab
2695 1004 2891 1058 indicta
2935 1002 3200 1057 Caesareae
3248 1005 3458 1073 synodo

1890 1095 2183 1157 mensibus,
2211 1096 2562 1150 Athanasium
2596 1098 2772 1151 denuo
2802 1112 2955 1151 reum
2992 1106 3160 1164 agunt
3190 1097 3329 1165 apud
3356 1097 3459 1149 im-

1888 1196 2211 1254 peratorem,
2245 1197 2299 1240 et
2322 1187 2645 1242 inveteratas
2674 1189 3089 1257 confutatasque
3120 1188 3457 1244 criminatio-

1889 1291 1985 1330 nes
2002 1286 2283 1331 renovant.
2308 1276 2543 1348 Prodigii
2576 1280 2751 1334 simile
2777 1288 2857 1334 est
2884 1320 2899 1343 ,
2934 1290 3040 1333 tam
3074 1279 3378 1334 versatilem
3402 1290 3458 1334 et

1887 1369 2230 1440 sycophantis
2242 1380 2598 1439 opportunum
2620 1371 2956 1426 Constantini
3000 1368 3235 1425 animum
3254 1369 3453 1437 fuisse;

1888 1471 1947 1516 ut
1971 1477 2089 1531 qua:
2120 1462 2278 1517 toties
2309 1462 2396 1518 ille
2424 1462 2553 1517 falsa
2577 1475 2631 1518 et
2660 1465 3028 1518 com‘mentitia
3068 1463 3455 1531 deprehendis-

1888 1561 1990 1617 set,
2019 1568 2081 1606 ea
2112 1552 2289 1608 denuo
2315 1554 2367 1606 in
2401 1554 2660 1622 judicium
2696 1556 2879 1606 vocari
2907 1553 3250 1606 concederet.
3281 1549 3453 1605 Euse-

1889 1644 2035 1699 biani
2090 1658 2240 1712 ergo,
2286 1654 2345 1699 ut
2372 1645 2445 1698 ait
2472 1645 2822 1709 Athanasius,
2852 1644 2917 1697 iis
2950 1643 3032 1696 usi
3079 1656 3253 1696 scena:
3290 1655 3451 1709 quam

1889 1737 2156 1803 parabant
2205 1737 2594 1801 histrionibus,
2633 1746 2883 1791 auctores
2922 1744 3048 1789 sunt
3104 1735 3453 1803 imperatori,

1891 1834 1949 1876 ut
1998 1826 2261 1895 synodum
2316 1826 2443 1896 Tyri
2492 1827 2679 1895 jubeat
2712 1829 3051 1897 congregari.
3104 1827 3239 1881 Tum
3276 1840 3456 1882 comes

205 1918 311 1981 viri,
338 1919 385 1971 iu
419 1934 640 1971 annum
686 1918 940 1971 circiter
975 1918 1078 1971 554
1106 1958 1120 1979 ,
1150 1918 1367 1971 Antonii
1401 1919 1783 1973 Alexandriam
1825 1890 1863 1944 Β
1891 1916 2177 1988 Dionysius
2211 1933 2276 1973 eo
2306 1920 2557 1983 mittitur,
2592 1919 2817 1988 imperio
2858 1934 2955 1973 suo
2980 1920 3156 1973 omnia
3207 1920 3457 1972 modera-

205 2008 566 2076 proiectionem
626 2009 1066 2078 consignemus.
1122 2008 1199 2064 Ne
1248 2012 1385 2064 ultra
1428 2027 1626 2065 annum
1680 2013 1786 2067 554

207 2101 266 2154 rel
289 2112 340 2153 ut
367 2103 582 2156 tardius
616 2102 739 2155 555
776 2101 1102 2156 differamus
1125 2142 1140 2166 ,
1170 2112 1311 2157 vetat
1356 2105 1499 2173 quod
1539 2106 1785 2157 Athana-

206 2194 293 2248 sius
317 2196 364 2247 in
385 2193 623 2249 Antonii
649 2191 812 2257 Vita,
849 2194 942 2247 ubi
972 2195 1209 2262 apprime
1235 2198 1493 2263 temporis
1524 2198 1784 2251 rationem

203 2286 341 2349 ducit,
374 2286 491 2354 ejus
538 2285 967 2339 Alexandriam
1002 2286 1304 2352 protectum
1343 2296 1583 2353 enarrat,
1609 2289 1788 2356 prius-

202 2393 331 2443 quam
369 2378 433 2430 de
466 2375 849 2431 Constantini
877 2376 946 2430 ad
976 2378 1222 2431 eumdem
1248 2380 1545 2433 Antonium
1608 2383 1787 2437 missis

204 2468 365 2524 litteris
410 2470 579 2524 verba
622 2468 830 2525 faciat.
869 2468 938 2523 Et
968 2472 1094 2540 quia
1133 2486 1197 2526 eo
1250 2480 1497 2541 tempore
1537 2474 1781 2528 Alexan-

214 2564 323 2615 dria:
363 2564 705 2617 versabatur
762 2564 1105 2618 Athanasius
1129 2604 1143 2628 ,
1182 2574 1239 2618 ut
1284 2565 1398 2635 ipse
1426 2580 1629 2633 narrat,
1680 2586 1785 2624 non

205 2664 349 2721 potest
374 2654 514 2709 ultra
544 2672 763 2710 annum
802 2655 917 2710 335
947 2655 1144 2711 dill'erri
1195 2659 1301 2712 iter
1358 2660 1619 2727 Antonii;
1662 2663 1786 2731 quia

204 2757 302 2813 post
322 2764 523 2803 annum
547 2748 734 2816 illum,
760 2749 900 2803 dum
919 2748 1536 2816 viveretConstantinus,
1557 2754 1788 2807 Alexan-

209 2839 359 2893 driam
385 2858 491 2897 non
529 2842 672 2896 vidit
698 2841 1068 2895 Athanasius.
1094 2842 1175 2895 Ad
1206 2840 1341 2906 haec,
1364 2854 1485 2911 post
1508 2844 1786 2899 Athanasii

201 2932 448 2999 exsilium,
482 2950 613 2988 cum
646 2932 928 3003 frequens
977 2932 1185 2987 litteras
1229 2934 1496 2989 Antonius
1544 2936 1609 2989 ad
1645 2934 1789 2989 Con-

201 3025 473 3078 stantinum
512 3025 734 3079 reditus
766 3023 946 3094 ipsius
976 3024 1298 3095 impetrandi
1321 3042 1484 3081 causa
1522 3028 1781 3094 mitteret,

202 3116 363 3170 nullus
398 3118 663 3172 residuus
716 3116 832 3171 fuit
881 3116 1105 3172 Arianis
1139 3117 1289 3174 locus
1329 3119 1638 3190 evulgandi,
1684 3121 1784 3176 sibi

201 3209 404 3278 suisque
443 3210 747 3266 erroribus
770 3208 1068 3279 astipulari
1090 3211 1412 3275 Antonium;
1450 3227 1571 3267 cum
1596 3223 1783 3268 centra
1815 3236 1861 3298 ο

198 3300 483 3355 clamarent
513 3302 626 3356 viri
658 3310 849 3371 gesta,
884 3310 942 3355 et
973 3300 1266 3358 Catholicis
1288 3304 1561 3359 addictum
1592 3307 1789 3376 prode-

199 3403 324 3447 rent.
358 3395 491 3461 Qua:
523 3410 665 3450 sane
695 3409 870 3449 causa
901 3394 1058 3449 nobis
1086 3404 1193 3461 est,
1238 3410 1305 3450 ne
1332 3395 1635 3465 profectum
1675 3398 1791 3468 ejus

198 3496 311 3553 pes:
330 3503 533 3541 annum
572 3487 686 3543 555
717 3486 1089 3542 conferamus.

263 3580 316 3632 5.
353 3579 626 3633 Eusebius
673 3578 1034 3633 Caasarienst's
1084 3579 1390 3633 inimicitias
1422 3581 1639 3650 suscipit
1688 3582 1789 3635 ad—

198 3688 364 3725 versus
394 3671 712 3743 Egyptios.
738 3702 811 3715 ——
842 3670 959 3725 Hoc
998 3670 1127 3725 item
1155 3684 1298 3725 anno
1318 3668 1584 3726 Eusebius
1615 3671 1792 3726 Caesa-

201 3765 389 3819 riensis
414 3767 468 3819 in
494 3765 690 3819 odium
729 3763 1188 3831 initnicitiamque
1217 3762 1476 3818 adversus
1507 3762 1791 3834 Egyptios

196 3858 478 3927 episcopos
506 3857 692 3927 palam
719 3854 992 3926 prorupit.
1024 3852 1141 3909 Etsi
1185 3855 1330 3909 enim
1372 3869 1403 3908 a
1445 3855 1631 3910 multis
1675 3855 1787 3925 jam

199 3952 351 4005 annis
384 3962 533 4007 esset
572 3949 799 4005 Arianis
829 3949 993 4002 rebus
1018 3961 1118 4001 nec
1159 3947 1387 4002 obscure
1425 3947 1639 4003 deditus
1668 3947 1745 4016 (η)
1774 3967 1786 4001 :

201 4054 252 4094 at
284 4059 391 4098 non
426 4044 500 4098 ita
538 4052 600 4097 ut
630 4041 1030 4097 catholicorum
1072 4039 1359 4109 przesulum
1405 4040 1581 4108 palam
1615 4041 1790 4095 h05tis

202 4134 429 4188 audiret.
467 4134 603 4202 Qua:
631 4149 799 4202 porro
845 4147 1011 4187 causa
1038 4130 1201 4187 fuerit
1233 4133 1543 4198 simultatis,
1569 4143 1627 4187 ut
1663 4134 1789 4188 nulli

203 4240 301 4279 non
336 4238 467 4282 tunc
527 4227 879 4296 exploratum
916 4232 971 4279 et
1026 4233 1213 4279 notum
1266 4224 1435 4280 fuisse
1490 4236 1791 4281 memorant

207 4314 443 4389 £gyptii
492 4319 785 4390 episcopi,
845 4317 924 4372 sic
976 4316 1087 4386 jam
1118 4333 1224 4373 non
1268 4319 1321 4373 in
1354 4330 1603 4390 promptu
1631 4319 1793 4374 fuerit

209 4415 485 4481 augurari.
553 4414 974 4469 Subodoramur
1033 4422 1210 4468 tamen
1245 4452 1261 4477 ,
1316 4413 1437 4469 ideo
1502 4414 1789 4469 Eusebium

214 4504 474 4576 Algyptiis
522 4506 961 4570 succensuisse,
1013 4505 1155 4574 quod
1206 4506 1457 4560 fortassis
1512 4521 1614 4559 una
1668 4521 1788 4560 cum

1891 2018 2045 2063 turus
2082 2011 2175 2078 (ε).
2211 2011 2535 2085 Satellitiutn
2566 2010 2799 2064 militare
2829 2010 3144 2064 Eusebianis
3168 2012 3348 2073 datur,
3400 2019 3456 2063 ut

1887 2103 2115 2157 arbitrio
2142 2119 2240 2157 suo
2268 2114 2532 2172 peragant
2580 2107 2781 2157 omnia.
2825 2104 2900 2157 Eo
2928 2104 3231 2156 concedunt
3258 2117 3453 2169 magno

1889 2209 2112 2248 numero
2154 2195 2478 2262 Eusebiani;
2511 2212 2741 2265 quorum
2780 2196 3142 2263 pritnipilarcs
3193 2194 3455 2249 Eusebius

1888 2285 2343 2353 Nicomediensis,
2397 2288 2661 2343 Eusebius
2726 2288 3080 2342 C:esariensis
3109 2325 3126 2352 ,
3169 2285 3456 2340 Narcissus

1888 2377 2393 2447 Neronopolitanus,
2434 2379 2689 2435 Placillus
2720 2380 3117 2445 Antiochenus,
3148 2380 3456 2446 Theugnius

1889 2468 2155 2535 Nicanus,
2204 2470 2368 2525 Maris
2398 2472 2853 2526 Chalcedonensis
2876 2514 2891 2536 ,
2924 2471 3233 2526 Theodorus
3282 2470 3454 2525 llcra-

1889 2559 2107 2627 cleotes,
2160 2562 2504 2634 Patrophilus
2553 2563 3052 2635 Scythopolitanus,
3097 2564 3449 2633 Theophilus,

1894 2650 2144 2710 Ursacius
2176 2654 2607 2723 Singidonensis,
2641 2656 2834 2712 Valens
2878 2656 3166 2721 Mursinus,
3208 2655 3457 2712 Macedo—

1890 2747 2013 2801 nius
2046 2746 2450 2817 Mopsuestenus
2475 2790 2490 2815 ,
2536 2750 2799 2819 Georgius
2844 2749 3178 2802 Laodicenus
3208 2788 3225 2813 ,
3269 2758 3324 2803 et
3361 2749 3452 2801 alii

1891 2840 2126 2907 plurimi.
2154 2839 2263 2896 Nec
2295 2852 2471 2896 tamen
2525 2844 2747 2897 deerant
2798 2843 2993 2910 quibus
3037 2842 3173 2911 aequi
3214 2841 3451 2909 bonique

1888 2932 2123 2985 studium
2157 2943 2339 2999 esset,
2384 2936 2477 2988 sed
2532 2934 2807 3003 perpauci.
2855 2934 2998 2987 lnter
3041 2947 3136 2989 eos
3181 2933 3453 2986 maximus

1890 3023 2426 3096 Hierosolymitanus,
2462 3026 2747 3081 Marcellus
2766 3028 3106 3096 Ancyranus,
3139 3005 3453 3080 Alexander

1891 3116 2433 3182 Thessalonicensis,
2498 3120 2756 3186 Asclepas
2820 3117 3101 3173 Gazensis.
3165 3117 3453 3187 Sexaginta

1892 3226 2082 3266 omnes
2104 3226 2330 3266 numero
2362 3224 2557 3279 praeter
2588 3211 2869 3282 Egyptios
2893 3220 3069 3278 erant,
3098 3218 3322 3265 auctore
3352 3210 3452 3264 So-

1893 3312 2041 3357 crate
2067 3302 2154 3373 (ι’).
2186 3301 2267 3355 Ab
2306 3302 2405 3357 hoc
2440 3311 2584 3355 cmtu
2616 3300 2894 3356 avertebat
2916 3301 3194 3355 Athanasii
3218 3301 3453 3354 animum

1892 3396 2236 3464 pristinarum
2268 3395 2569 3451 recordatio
2607 3396 3068 3464 conspirationum
3093 3408 3247 3456 ;,nec
3273 3402 3443 3445 tutum

1891 3502 2013 3543 esse
2047 3487 2416 3542 arbitrabatur
2466 3486 2714 3542 hostibus
2760 3501 2818 3540 se
2878 3486 3264 3549 committere,
3319 3500 3455 3553 quos

1892 3596 2057 3652 penes
2087 3591 2216 3635 tunc
2252 3595 2460 3635 summa
2487 3594 2666 3634 rerum
2698 3586 2877 3641 esset,
2914 3577 3002 3631 ubi
3030 3577 3172 3631 nulla
3203 3578 3337 3645 aequi
3368 3594 3457 3630 ra-

1893 3674 1969 3727 tio
1996 3673 2201 3740 futura,
2230 3672 2323 3727 sed
2364 3672 2545 3725 omnia
2580 3670 3008 3725 Eusebianorum
3041 3670 3267 3723 arbitrio
3288 3685 3455 3739 agen-

1892 3765 1979 3827 da,
2010 3762 2233 3833 jubente
2257 3762 2473 3825 comite,
2508 3761 2825 3831 cogentibus
2858 3761 3134 3815 militibus.
3165 3762 3236 3813 At
3265 3762 3345 3813 vel
3373 3762 3456 3813 in-

1892 3858 2035 3911 vitus
2060 3856 2169 3920 ille,
2201 3855 2397 3909 litteris
2423 3852 2733 3923 compulsus
2764 3852 3127 3921 imperatoris,
3158 3852 3340 3918 iniquo
3365 3849 3457 3919 ju-

1893 3949 2034 4003 dicio
2061 3963 2241 4001 secum
2274 3946 2361 4015 agi
2393 3960 2604 4014 passus,
2630 3958 2696 3999 eo
2734 3959 2855 3997 cum
2885 3942 3152 4013 IEgyptiis
3189 3941 3457 4010 episc0pis

1893 4042 2244 4111 quadraginta
2276 4054 2469 4093 novem
2500 4052 2559 4092 se
2592 4037 2837 4091 contulit.
2865 4034 3132 4089 Macarius
3173 4034 3299 4085 item
3335 4047 3460 4098 pre-

1893 4136 2080 4205 sbyter
2132 4133 2345 4186 vinctus
2370 4170 2385 4195 ,
2411 4130 2729 4197 catenisque
2758 4138 2984 4183 onustus
3006 4166 3021 4192 ,
3051 4125 3252 4195 Tyrum
3286 4124 3457 4177 addu-

1892 4238 2013 4280 ctus
2047 4240 2075 4278 a
2103 4223 2364 4277 militibus
2387 4230 2489 4284 est,
2526 4221 2595 4275 ob
2620 4220 2855 4274 delatum
2898 4220 3103 4273 crimen
3143 4217 3297 4271 fracti
3326 4217 3457 4269 cali-

1892 4319 1973 4372 cis
2001 4324 2055 4370 et
2076 4330 2279 4370 eversae
2315 4328 2533 4368 mensa}.
2567 4310 2699 4378 Quae
2743 4325 2829 4365 res
2864 4325 2956 4378 per
2985 4310 3199 4378 quidem
3238 4308 3457 4375 indigna

1893 4418 2031 4471 erat,
2084 4407 2416 4461 sacerdotem
2471 4403 2695 4457 necdum
2748 4400 3052 4454 convictum
3104 4409 3209 4452 tam
3272 4412 3461 4467 aspere

1893 4499 2064 4566 excipi
2101 4498 2151 4550 in
2178 4494 2459 4565 praesentia
2490 4496 2886 4560 episcoporum.

217 4598 503 4655 Athanasio
557 4600 886 4654 abnuissent
931 4599 997 4652 ad
1046 4599 1309 4668 synodum
1344 4598 1604 4653 Caesarea,
1644 4599 1786 4653 indi-
1822 4576 1865 4631 D
1965 4589 2019 4643 2.
2061 4586 2339 4639 Eusebium
2378 4583 2549 4650 arguit
2595 4580 2927 4634 Potammon.
2968 4577 3460 4631 —-Constantinus

220 4700 352 4744 ctam
385 4708 442 4747 se
466 4692 746 4756 conferre,
796 4691 931 4761 quia
960 4690 1225 4745 Eusebius
1254 4690 1364 4758 jam
1399 4690 1451 4743 in
1496 4691 1789 4743 Arianismi

222 4791 271 4831 et
299 4782 403 4835 odii
429 4798 557 4853 erga
583 4782 948 4836 Athanasium
982 4782 1339 4851 suspicionem
1365 4781 1621 4836 venisset.
1651 4782 1793 4835 Sane

228 4870 293 4923 ait
316 4872 691 4929 Theodoretus
708 4875 805 4946 (b),
825 4883 1133 4942 suspectam
1158 4872 1457 4929 Athanasio
1486 4871 1789 4928 Caesaream

230 4964 379 5020 luisse
408 4969 473 5024 ob
506 4970 650 5023 illius
681 4968 839 5022 urbis
878 4965 1199 5020 antistitem.

290 5061 427 5119 Amo
452 5064 577 5119 555.
610 5094 684 5102 -
707 5062 760 5115 1.
784 5058 1036 5129 Synodus
1068 5057 1245 5128 Tyria.
1264 5088 1333 5098 -—
1369 5057 1640 5113 Meletiani
1666 5072 1793 5112 vero

234 5155 485 5215 pztteﬁtctis
515 5156 736 5211 insidiis
768 5153 977 5223 pudore
1004 5150 1214 5216 allecti,
1251 5152 1427 5206 studia
1467 5162 1521 5207 et
1563 5152 1791 5207 consilia

230 5247 323 5300 alio
343 5257 721 5304 converterant
748 5244 863 5315 (c);
898 5258 963 5297 ac
990 5241 1218 5297 fortasse
1248 5244 1596 5314 conSpirandi
1631 5242 1791 5296 linem

226 5337 479 5411 fecissent,
518 5342 623 5397 nisi
668 5337 1043 5393 accessissent
1092 5334 1512 5391 Eusebiauorum
1561 5333 1792 5400 stimuli,

222 5440 396 5502 Quibus
448 5455 557 5495 non
608 5431 1037 5490 Meletianorum
1074 5425 1215 5480 fama
1260 5435 1316 5481 et
1364 5427 1640 5497 dignitas,
1702 5424 1798 5479 sed

216 5532 521 5592 Arianorum
549 5547 644 5589 res
675 5524 837 5582 cordi
870 5532 924 5576 et
950 5518 1293 5574 sollicitudini
1324 5530 1505 5575 erant.
1544 5520 1681 5577 Cum
1714 5518 1793 5573 vi-

278 5696 348 5761 (at
372 5696 571 5749 Athan.
611 5687 782 5760 Apol.
808 5693 994 5739 contra
1023 5682 1231 5750 Arium,
1263 5698 1316 5736 n.
1352 5682 1442 5739 78.

278 5769 347 5821 (bl
369 5764 489 5821 Lib.
523 5780 567 5821 ι.
607 5778 742 5821 cap.
773 5756 868 5809 28.

301 5769 347 5835 b)
369 5769 489 5821 Lib.
523 5780 567 5827 ι.
607 5778 742 5830 cap.
773 5769 868 5809 25.

277 5769 341 5907 is)
370 5839 577 5908 Athan.
613 5830 786 5908 ibid.,
828 5824 1005 5908 ".39,
1030 5825 1119 5878 Ἠ.

278 5896 351 5973 (α’)
377 5907 603 5963 Sozam.
637 5904 674 5956 Ι.
719 5914 786 5965 ιι,
816 5912 869 5952 c.
897 5896 987 5948 25.

1899 4678 2315 4737 reconcilianda:
2348 4674 2497 4744 pacis
2522 4672 2845 4741 percupidus
2875 4672 2983 4740 (g),
3020 4669 3216 4724 litteris
3254 4669 3320 4723 ad
3354 4670 3463 4740 Ty-

1903 4775 2036 4829 riam
2096 4770 2362 4842 synodum
2420 4763 2641 4829 missis,
2689 4761 3011 4832 signiiicavit
3061 4762 3466 4831 optatissimum

1901 4882 2021 4923 esse
2055 4862 2180 4926 sibi,
2210 4870 2267 4915 ut
2295 4857 2543 4913 simultas
2572 4854 2748 4909 omnis
2789 4862 2844 4909 et
2887 4853 3170 4907 altercatio
3199 4854 3254 4909 in
3286 4853 3474 4909 Eccle-

1902 4963 1981 5017 sia
2041 4955 2468 5024 comprimatur;
2518 4948 2612 5005 sed
2646 4948 2771 5017 quia
2826 4961 2931 5001 non
2980 4947 3274 5013 deessent,
3313 4948 3472 5015 queis

1905 5055 2092 5108 turbas
2117 5050 2247 5105 dare
2268 5055 2323 5101 et
2347 5042 2523 5100 omnia
2555 5043 2784 5094 miscere
2813 5039 3031 5093 animus
3057 5047 3228 5105 esset,
3263 5040 3473 5094 hortati

1903 5162 1963 5202 se
1992 5144 2273 5212 episcopos
2302 5138 2365 5192 ad
2391 5135 2653 5205 synodum
2687 5131 3059 5186 celebrandam
3113 5139 3469 5188 convocatos.

1903 5248 1964 5292 ut
1993 5232 2304 5291 dissidentia
2336 5228 2577 5283 membra
2610 5224 2677 5278 ad
2724 5222 3068 5279 concordiam
3115 5232 3459 5282 revocarent,

1902 5344 2064 5400 quam
2093 5327 2159 5381 de
2187 5323 2363 5379 medio
2402 5317 2695 5375 sustulerat
2722 5329 3014 5385 paucorum
3070 5312 3341 5365 hominum
3380 5325 3469 5400 ar-

1904 5399 2171 5490 rogantia.
2223 5415 2402 5470 Monet
2455 5419 2514 5465 ut
2565 5410 2705 5465 citra
2753 5407 2935 5463 odium
2984 5404 3319 5473 gratiamque
3360 5399 3463 5452 ali-

1903 5526 2102 5584 quam,
2135 5507 2291 5575 juxta
2352 5502 2607 5559 Ecclesiae
2659 5500 2871 5569 regulas
2908 5495 3223 5552 delictorum
3276 5504 3478 5562 prensa

1973 5670 2043 5740 (ι)
2073 5670 2273 5740 Athan.
2307 5664 2548 5740 ibid.,__n.
2586 5662 2668 5714 Ἠ.

1976 5735 2046 5810 (Ι)
2080 5739 2195 5793 Lib.
2224 5754 2261 5801 ι,
2284 5751 2403 5803 cap.

2086 5800 2408 5864 Theodorei.
2449 5808 2485 5859 Ι.
2520 5820 2555 5868 l,
2582 5818 2630 5856 c.
2653 5800 2739 5855 29.
