4038 6574
585 417 773 455 LXXXII

1915 400 2282 458 PROLEGOM
2291 401 2441 455 ENA.

584 534 821 580 sumant.
850 524 944 580 liis
970 525 1201 593 acceptis
1228 525 1696 597 litteris,episc0pi
1733 541 1953 582 causam
1983 528 2144 581 Atha-
2172 533 2220 588 Α
2248 527 2463 580 cabant.
2506 525 2735 579 Aiebant
2766 539 2978 595 nempe,
3023 538 3143 578 cum
3172 537 3360 579 omnes
3408 522 3650 594 episc0pi
3686 530 3813 581 ante

586 617 723 671 nasii
753 631 913 686 agere
942 625 1240 686 cmperuut.
1279 617 1550 673 Sedebant
1573 620 1809 688 episcopi
1849 619 2143 673 Athanasio

585 707 938 764 infensissimi
963 751 978 773 ,
1013 712 1155 764 inter
1203 725 1338 778 quos
1370 713 1638 766 eminebat
1682 711 1944 766 Eusebius
1967 712 2146 767 Caesa-

585 803 800 858 riensis.
854 802 1045 857 Stabat
1088 817 1267 856 coram
1313 802 1680 870 Athanasius,
1723 804 1810 858 cui
1861 805 2001 858 sedis
2036 820 2145 859 suze

575 894 702 965 jure
726 896 927 964 primas
961 894 1159 949 deferri
1190 897 1537 963 oportuisset,
1586 912 1690 950 una
1726 912 1845 950 cum
1877 896 2144 966 Egyptiis

579 987 874 1056 episcopis,
909 987 999 1055 qui
1032 987 1085 1040 in
1108 987 1206 1041 viae
1246 987 1579 1057 periculique
1627 988 1937 1043 societatem
1978 1002 2143 1042 vene-

579 1088 722 1132 rant.
758 1078 1044 1133 Eusebium
1069 1080 1212 1132 inter
1232 1080 1441 1146 judices
1462 1080 1799 1148 conspicatus
1821 1078 2139 1134 Potammon

580 1169 857 1224 Heraclea:
899 1170 953 1223 in
998 1168 1233 1241 Egypto
1266 1173 1546 1241 episcopus
1572 1174 1669 1243 (a),
1701 1173 1787 1226 cui
1836 1172 2014 1226 fuerat
2043 1174 2142 1227 sub

579 1259 909 1315 Maximiano
937 1276 1035 1330 pro
1066 1264 1168 1316 ﬁde
1190 1263 1392 1319 Christi
1440 1264 1623 1318 oculus
1651 1265 1981 1332 exsculptus,
2026 1264 2139 1317 col-

576 1353 887 1424 lacrymans
919 1363 974 1410 et
1004 1355 1193 1411 dolens
1234 1357 1316 1410 his
1346 1358 1615 1412 hominem
1646 1358 1804 1413 dictis
1833 1358 2137 1426 compellat.

576 1445 733 1510 Tene,
757 1448 947 1517 inquit,
979 1446 1190 1513 Eusebi,
1218 1450 1413 1512 sedere,
1439 1459 1485 1502 et
1520 1451 1769 1503 insontem
1793 1450 2141 1503 Athanasium

572 1548 623 1592 te
667 1539 900 1608 judicem
952 1540 1138 1609 ferre?
1174 1540 1302 1606 Quis
1342 1541 1521 1594 isthtec
1556 1540 1735 1594 toleret
1765 1540 1912 1594 ?Dic
1960 1542 2137 1607 sodes,

573 1646 744 1684 nonne
772 1648 973 1685 mecum
1005 1643 1349 1703 tyrannorum
1379 1644 1607 1704 tempore
1634 1636 1686 1688 in
1739 1636 1985 1689 custodia
2035 1636 2141 1705 fui-

575 1723 641 1775 sti
673 1722 697 1774 .’
749 1722 914 1792 Atque
947 1741 1038 1793 ego
1068 1726 1272 1796 quidem
1306 1726 1454 1778 oculo
1502 1742 1615 1779 sum
1643 1742 1733 1795 pro
1765 1728 1975 1781 veritate
2005 1726 2141 1779 mul-

571 1824 709 1868 tatus
735 1829 752 1867 :
778 1825 833 1867 tu
883 1816 1031 1869 nulla
1081 1818 1315 1883 corporis
1376 1826 1522 1884 parte
1552 1817 1824 1871 mutilatas
1864 1834 1938 1881 es,
1978 1836 2138 1889 neque

573 1905 628 1955 in
664 1905 787 1972 ﬁdei
844 1907 1200 1959 testimonium
1242 1906 1440 1975 aliquid
1485 1922 1691 1973 passus,
1722 1907 1811 1959 sed
1859 1907 2136 1961 incolumis

570 1996 869 2065 integerque
896 1997 1037 2050 ades.
1068 1995 1309 2062 Quanam
1340 1998 1543 2050 ratione
1572 2014 1635 2052 ea:
1664 2000 1905 2052 custodia
1928 1999 2135 2067 elapsus

568 2103 644 2151 es,
670 2090 772 2141 nisi
794 2090 920 2157 quia
966 2088 1231 2157 pollicitus
1252 2106 1306 2143 es
1339 2100 1386 2143 te
1415 2090 1672 2157 nefarium
1724 2091 1993 2158 quidpiam
2035 2092 2134 2143 ad-

570 2181 877 2245 missurum,
907 2180 984 2235 vel
1011 2182 1234 2251 fortasse
1265 2181 1575 2235 admisisti?
1623 2181 1716 2236 llis
1744 2181 2004 2236 Eusebius
2031 2199 2133 2235 au-

567 2272 696 2325 ditis
738 2273 1059 2337 excanduit;
1106 2282 1161 2325 et
1186 2287 1305 2325 mox
1348 2287 1675 2341 consurgens
1716 2282 1912 2327 castum
1971 2274 2135 2328 solvit

566 2364 683 2418 haec
714 2365 925 2418 locutus
957 2379 973 2417 :
1011 2363 1071 2418 Si
1097 2373 1245 2417 tanta
1273 2364 1357 2417 hic
1392 2365 1573 2434 procul
1607 2364 1801 2431 ﬁnibus
1834 2365 2019 2418 vestris
2049 2381 2136 2417 ar-

566 2456 809 2522 rogantia
839 2456 963 2507 estis
988 2470 1006 2518 ;
1030 2455 1172 2507 haud
1212 2456 1306 2508 abs
1354 2471 1408 2508 re
1439 2456 1494 2507 in
1527 2455 1723 2508 crimen
1758 2454 2062 2522 petulantia:
2084 2464 2132 2508 et

565 2543 823 2609 superbia:
852 2544 1113 2597 vocamini
1152 2560 1183 2597 a
1222 2545 1600 2598 contribulibus
1639 2545 1842 2599 uestris.
1887 2543 2001 2598 Non
2046 2547 2137 2599 de-

563 2645 692 2689 sunt
712 2645 912 2700 tamen,
940 2636 1031 2704 qui
1061 2635 1349 2690 Eusebium
1375 2651 1603 2705 purgare
1625 2645 1822 2691 curent
1842 2651 1871 2688 a
1900 2636 2133 2691 crimine

561 2727 647 2780 vel
677 2727 981 2796 suspicione
1006 2727 1170 2782 oblati
1196 2728 1299 2782 diis
1333 2729 1587 2783 sacrificii
1619 2746 1633 2782 :
1658 2745 1843 2783 verum
1882 2728 2037 2783 nobis
2066 2729 2132 2782 ad

563 2818 824 2873 ulteriora
855 2819 1265 2888 properantibus
1299 2822 1412 2875 haec
1460 2835 1567 2875 non
1604 2820 1730 2876 licet
1754 2820 2010 2875 subtilius
2036 2837 2133 2874 ex-

562 2910 802 2981 plorare.
830 2910 1098 2966 Craterum
1131 2926 1233 2987 non
1273 2911 1539 2967 Eusebius
1585 2921 1793 2966 tantum
1842 2922 2132 2966 accusatus

559 3014 680 3068 est;
712 3003 804 3057 sed
833 3014 989 3058 erant
1018 3003 1072 3058 in
1095 3014 1235 3059 cmtu
1260 3003 1688 3059 Eusebianorum
1707 3003 1795 3056 alii
1815 3003 2132 3057 criminibus

558 3094 778 3147 obnoxii
814 3096 943 3164 :qui
967 3110 1086 3149 cum
1124 3097 1411 3158 haereseos,
1456 3105 1567 3150 tum
1597 3095 1824 3148 aliorum
1859 3094 2001 3149 laede
2040 3110 2132 3164 ge-

559 3196 765 3239 storum
800 3202 963 3241 causa
999 3188 1136 3242 male
1163 3189 1486 3255 audiebant;
1538 3188 1637 3242 hos
1680 3189 1823 3241 inter
1855 3188 2125 3242 eminebat
2157 3216 2202 3277 ο

558 3278 921 3347 nequissimus
955 3278 1045 3333 ille
1071 3280 1338 3347 Georgius
1377 3276 1714 3332 Laodicenus
1741 3319 1755 3343 ,
1806 3279 1870 3332 ab
1897 3278 2129 3332 Alexan-

558 3369 659 3423 dro
684 3370 813 3424 olim
848 3372 1157 3435 abdicatus,
1186 3373 1277 3442 qui
1311 3373 1633 3441 turpissimre
1667 3372 1790 3427 vita
1820 3387 1981 3427 causa
2011 3388 2128 3427 om-

556 3464 719 3516 nibus
748 3478 971 3530 perosus
1007 3476 1145 3519 erat.

626 3554 680 3607 '5.
718 3552 849 3618 Quae
877 3555 1098 3609 erimina
1125 3556 1412 3609 Athanasio
1456 3557 1772 3625 o/feruntur.
1801 3587 1872 3597 —
1901 3555 2123 3610 Ventum

559 3644 752 3699 deinde
781 3646 845 3698 ad
886 3648 1114 3701 crimina
1137 3657 1257 3711 est;
1288 3648 1657 3717 acceduntque
1687 3664 1753 3703 ex
1784 3658 1932 3717 parte
1965 3648 2127 3703 Joan-

554 3738 638 3793 nis
663 3738 932 3807 Archaplti
960 3739 1226 3792 delatores
1246 3738 1537 3805 Meletiani,
1562 3739 1858 3794 Callinicus
1892 3739 2123 3802 Pelusii,

554 3843 609 3886 ct
655 3832 901 3901 lschyras
950 3830 1063 3884 sive
1108 3829 1383 3901 lschyrion
1431 3831 1528 3898 (b).
1586 3830 1683 3886 Hic
1732 3833 1797 3887 de
1846 3833 2127 3889 confracto

554 3923 728 3977 calice
755 3962 770 3985 ,
819 3924 885 3975 de
916 3936 1100 3975 mensa
1144 3932 1199 3975 ct
1230 3922 1486 3975 cathedra
1521 3923 1816 3993 episcopali
1849 3926 2127 3981 subversis

555 4016 923 4070 accusationes
983 4015 1388 4083 redintegravit.
1456 4014 1794 4082 Querebatur
1870 4019 1998 4073 item
2065 4034 2126 4073 se

554 4121 927 4174 saepenumero
955 4106 1242 4160 Athanasii
1266 4120 1428 4174 opera
1460 4107 1511 4160 in
1543 4107 1771 4163 vinculis
1807 4110 2120 4177 detentum;

553 4207 608 4251 et
637 4207 944 4251 accusatum
994 4197 1118 4251 ﬁcto
1165 4197 1394 4252 crimine
1438 4199 1579 4268 apud
1608 4198 1873 4269 Hyginum
1902 4201 2121 4272 [Egypti

550 4286 885 4358 praefectum,
926 4287 1066 4355 quod
1098 4288 1439 4359 imperatoris
1476 4292 1737 4360 imagines
1780 4293 1928 4348 saxis
1959 4309 2121 4363 appe-

550 4379 769 4443 tiisset,
828 4379 881 4433 in
930 4394 1204 4434 carcerem
1253 4380 1532 4435 detrusum
1579 4382 1764 4437 fuisse.
1827 4382 2121 4438 Callinicus

549 4469 859 4525 abdicatum
894 4487 952 4529 se
1000 4474 1067 4527 ab
1109 4473 1407 4527 Athanasio
1457 4486 1787 4543 conquestus
1832 4486 1937 4543 est,
1994 4477 2121 4531 licet

2246 617 2629 682 decrevissent,
2674 627 2729 670 ut
2754 631 2911 670 nemo
2938 616 3236 685 eligeretur
3290 623 3582 685 antequam
3627 614 3808 668 oblata

2245 709 2343 763 sibi
2388 710 2613 763 crimina
2662 723 2842 763 coram
2896 709 3160 774 dilueret;
3217 707 3580 761 Athanasium
3629 716 3807 759 tamen

2244 802 2603 870 quorumdam
2649 802 2887 871 perjurio
2944 801 3009 855 ad
3051 800 3417 870 episcopatum
3456 798 3805 869 pervenisse;

2244 909 2361 963 qua:
2390 910 2552 948 causa
2586 895 2715 962 ipsis
2764 893 2974 960 fuerat,
3007 902 3066 946 ut
3111 892 3295 947 fraude
3339 892 3700 947 circumventi
3744 891 3809 946 ab

2245 986 2413 1055 ipsius
2442 987 2704 1041 societate
2739 994 2793 1039 et
2822 985 3197 1040 communione
3226 985 3613 1040 desciscerent.
3645 985 3812 1038 Atha-

2243 1076 2456 1131 nasiutn
2483 1086 2687 1142 autem,
2721 1077 2915 1131 nedum
2968 1075 3148 1130 oblata
3188 1076 3413 1130 crimina
3444 1076 3808 1146 propulsaret,

2243 1170 2294 1223 vi
2329 1170 2475 1223 illata
2504 1170 2647 1238 ipsos
2685 1179 3030 1224 accusatores
3074 1170 3125 1223 in
3158 1184 3435 1224 carcerem
3471 1168 3803 1237 conjecisse.

2242 1260 2371 1315 Post
2393 1263 2505 1315 hate
2528 1262 2801 1315 accusatio
2825 1262 2888 1315 de
2912 1261 3143 1316 Arsenio
3168 1260 3360 1314 iterum
3386 1260 3611 1331 agitata.
3633 1257 3811 1329 Atque

2241 1361 2302 1407 ut
2324 1353 2539 1407 evenire
2560 1354 2720 1419 solet,
2753 1369 2873 1407 cum
2907 1354 2965 1417 ii,
2992 1354 3079 1422 qui
3109 1352 3402 1422 perniciem
3446 1351 3679 1418 alicujus
3704 1367 3811 1405 ma-

2243 1444 2552 1510 chinantur,
2594 1446 2765 1514 gratia
2796 1453 2850 1499 et
2884 1446 3212 1499 auctoritate
3243 1445 3442 1506 valent,
3474 1444 3661 1498 videre
3692 1452 3811 1498 erat

2241 1534 2472 1592 Eusebio
2510 1547 2853 1591 assentantes
2888 1537 3212 1604 nonnullos,
3255 1536 3347 1606 qui
3409 1535 3552 1590 inter
3603 1536 3811 1591 amicos

2239 1630 2518 1684 Athanasii
2568 1641 2693 1685 ante
2738 1629 3184 1693 numerabantur,
3231 1627 3343 1696 jam
3400 1627 3809 1698 inexspectatos

2241 1730 2580 1777 accusatores
2632 1721 2911 1776 accedere.
2964 1720 3156 1775 Lectus
3209 1730 3290 1775 est
3343 1735 3557 1790 quoque
3592 1720 3809 1776 libellus

2241 1812 2575 1882 popularium
2630 1812 3131 1876 exclamationum,
3178 1813 3333 1881 quasi
3388 1812 3598 1868 scilicet
3653 1814 3809 1883 plebs

2169 1875 2210 1928 Β
2238 1900 2598 1954 Alexandrina
2624 1940 2638 1964 ,
2691 1901 2814 1954 odio
2865 1900 3146 1955 Athanasii
3202 1901 3419 1956 incensa
3446 1941 3461 1966 ,
3504 1914 3808 1959 conventus

2235 1995 2637 2051 ecclesiasticos
2683 1996 3029 2049 detrectaret.
3062 1996 3387 2051 Athanasius
3417 2005 3599 2051 autem
3618 1993 3807 2065 jussus

2234 2101 2456 2141 causam
2489 2086 2670 2141 dicere
2697 2127 2712 2150 ,
2765 2102 2829 2141 ac
2880 2086 3192 2157 frequenter
3224 2088 3277 2143 in
3308 2089 3396 2160 jus
3425 2099 3653 2146 vocatus
3679 2129 3696 2156 ,
3736 2106 3807 2147 ex

2234 2178 2427 2234 oblatis
2453 2179 2773 2233 criminibus
2802 2178 2907 2233 alia
2940 2180 3174 2247 depulit;
3206 2196 3303 2249 pro
3345 2181 3467 2236 aliis
3510 2191 3724 2251 tempus
3753 2192 3808 2237 et

2234 2286 2438 2326 moram
2476 2271 2766 2341 postulavit
2801 2274 2867 2326 ad
2891 2274 3353 2342 perquisitionem.
3386 2273 3510 2328 Haec
3538 2289 3605 2329 ex
3635 2274 3809 2329 Sozo-

2234 2378 2394 2418 meno
2420 2363 2732 2428 hausimus;
2789 2361 2844 2416 in
2895 2365 3048 2433 cujus
3078 2364 3387 2419 narratione
3431 2365 3543 2420 veri
3573 2366 3802 2436 vestigia

2234 2465 2571 2525 comparent.
2603 2454 2872 2510 Meletiani
2901 2471 3134 2526 namque
3162 2471 3349 2512 omnes
3372 2456 3459 2512 hic
3489 2458 3801 2526 memorati,

2235 2563 2342 2602 uno
2366 2558 2592 2617 excepto
2623 2548 3218 2620 Euplo,enumerantur
3238 2565 3425 2606 omnes
3450 2551 3505 2606 in
3527 2552 3806 2609 breviario

2235 2636 2450 2691 Meletii.

2300 2727 2353 2781 4.
2393 2728 2504 2784 Etsi
2534 2743 2696 2799 porro
2733 2729 2961 2785 crimina
2996 2729 3162 2784 multa
3196 2729 3499 2786 olferehant
3540 2733 3801 2800 antistiti,

2234 2816 2338 2871 duo
2374 2820 2707 2887 potissimum
2749 2830 2907 2876 erant
2959 2822 3013 2875 in
3064 2819 3179 2889 ejus
3207 2822 3433 2875 exitium
3461 2834 3802 2895 comparata,

2233 2908 2287 2962 in
2337 2911 2533 2979 quibus
2568 2912 2983 2982 comprobandis
3016 2928 3237 2984 operam
3270 2917 3564 2984 ponebant.
3599 2918 3805 2974 Aderat

2232 3001 2502 3070 lschyras,
2536 3003 2628 3071 qui
2672 3002 3029 3058 Athanasium
3077 3005 3256 3069 modo,
3308 3006 3466 3061 modo
3500 3005 3803 3063 Macarium

2231 3093 2495 3147 confracti
2544 3094 2731 3149 calicis
2784 3095 3149 3151 insimulabat.
3204 3096 3451 3152 Praesens
3506 3099 3633 3154 item
3683 3109 3803 3155 erat

2232 3183 2505 3248 Joannes,
2554 3186 2644 3254 qui
2673 3186 2887 3241 Arsenii
2941 3202 3128 3242 necem
3168 3188 3463 3244 Athanasio
3508 3190 3803 3261 imputaret
3854 3204 3857 3207 '

2230 3292 2489 3346 perquam
2521 3278 3012 3347 impudentissime,
3040 3290 3355 3350 postquam,
3383 3298 3483 3337 nec
3532 3285 3652 3339 sine
3684 3284 3801 3356 ejus

2228 3369 2434 3436 pudore
2467 3378 2524 3422 et
2554 3367 2796 3436 infamia,
2820 3371 3151 3440 deprehensa
3180 3388 3243 3427 ac
3268 3374 3480 3430 detecta
3524 3377 3799 3433 calumnia

2227 3457 2429 3514 fuerat.

2296 3552 2351 3606 5.
2383 3551 2674 3607 Calumniaz
2702 3554 3035 3624 deteguntur.
3057 3586 3127 3596 —
3153 3554 3288 3610 Tutn
3321 3557 3653 3615 Athanasius
3683 3560 3803 3615 alii-

2227 3659 2331 3713 que
2372 3644 2627 3716 Aigyptii,
2658 3648 2751 3715 qui
2792 3648 3054 3718 principio
3081 3649 3373 3705 Eusebium
3403 3661 3456 3704 et
3498 3654 3679 3708 socios
3708 3669 3803 3707 su-

2225 3735 2408 3803 perius
2442 3748 2771 3792 memoratos
2796 3740 3005 3808 judices
3037 3741 3089 3793 in
3121 3755 3218 3795 sua
3247 3758 3411 3797 causa
3452 3756 3797 3813 recusarunt,

2226 3830 2365 3897 quod
2396 3829 2565 3897 probe
2599 3830 2824 3895 scirent,
2863 3832 3237 3902 neminemque
3265 3833 3510 3903 fugeret,
3538 3851 3635 3892 eos
3690 3853 3800 3893 non

2227 3920 2504 3977 Athanasii
2526 3923 2703 3989 modo,
2763 3922 2855 3979 sed
2890 3925 3314 3980 orthodoxorum
3350 3930 3588 3982 omnium
3623 3931 3801 3987 inimi-

2225 4027 2319 4068 cos
2360 4028 2479 4069 esse
2504 4053 2521 4078 ,
2552 4017 2705 4084 queis
2733 4017 2922 4086 quavis
2972 4018 3097 4073 data
3146 4021 3433 4076 occasione
3468 4021 3699 4078 insidias
3742 4032 3797 4079 et

2222 4103 2419 4159 bellum
2445 4118 2733 4174 pararent;
2763 4110 3083 4165 necessitate
3100 4121 3261 4182 atque
3284 4114 3479 4184 injuria
3499 4115 3795 4187 compulsi,

2223 4195 2629 4251 Meletianorum
2658 4200 3091 4257 criminationem
3134 4204 3189 4258 in
3230 4204 3591 4261 Athanasium
3632 4209 3797 4264 ador-

2221 4297 2408 4342 natam
2446 4289 2766 4359 propulsarc
2795 4293 3205 4363 aggrediuntur.
3262 4295 3461 4352 Verum
3499 4297 3795 4356 Eusebiani

2224 4381 2371 4436 dicta
2403 4382 2777 4452 episcoporum
2815 4385 3195 4456 interpellare,
3229 4402 3523 4461 eorumque
3549 4396 3796 4449 testimo-

2221 4475 2309 4528 nia
2340 4476 2624 4546 repudiare
2662 4478 2766 4532 nisi
2796 4489 2943 4535 sunt.
2979 4480 3115 4536 Tum
3142 4485 3288 4538 versi
3332 4484 3383 4537 in
3410 4485 3644 4553 judices,
3670 4488 3795 4557 qui-

550 4573 676 4617 ante
721 4563 1025 4620 Alexandro
1063 4567 1442 4621 communione
1469 4566 1690 4635 junctus
1734 4568 1957 4635 fuisset;
1987 4585 2117 4623 cau-
2146 4556 2191 4610 Ι)
2219 4569 2320 4623 bus
2364 4571 2631 4639 quoddam
2680 4571 2882 4628 inesset
2914 4575 3026 4629 veri
3057 4584 3111 4630 et
3152 4577 3293 4646 atqui
3326 4578 3561 4633 studium
3589 4619 3606 4645 ,
3655 4556 3794 4637 alios

548 4672 663 4711 sam
701 4659 900 4712 irarum
924 4657 1109 4723 fuisse,
1149 4659 1290 4727 quod
1328 4658 1623 4715 Callinicus
1659 4661 1772 4730 ipse
1810 4663 2112 4715 communi-

548 4758 792 4804 caturum
837 4765 894 4805 se
931 4767 1049 4805 cum
1072 4753 1364 4806 Athanasio
1394 4761 1667 4821 negasset,
1704 4754 1878 4807 donec
1918 4752 2109 4805 calicis

550 4840 811 4894 confracti
843 4843 1046 4896 crimen
1077 4854 1131 4897 et
1150 4845 1514 4913 suspicionem
1544 4844 1853 4914 depelleret.
1892 4844 2113 4914 lndigne

550 4931 693 4986 ferre
717 4947 775 4987 se
801 4932 1093 4990 Callinicus
1124 4937 1323 5001 aiebat,
1350 4936 1493 5005 quod
1525 4936 1762 4990 Marcum
1797 4939 2107 5006 quemdam,

551 5026 849 5096 presbyteri
886 5026 1059 5082 olIicio
1081 5029 1423 5084 deturbatum
1452 5069 1466 5094 ,
1501 5029 1555 5083 in
1606 5028 1801 5083 Pelusii
1831 5029 2113 5099 episcopao

551 5125 664 5169 tum
691 5120 1076 5186 promovisset;
1120 5134 1284 5189 seque
1313 5120 1604 5174 militarem
1638 5119 1963 5184 custodiam,
1995 5128 2111 5173 tor-

550 5216 730 5259 menta
755 5223 817 5262 ac
839 5209 1039 5278 judicia
1079 5210 1317 5280 ejusdem
1353 5209 1642 5265 Athanasii
1667 5210 1893 5272 artibus,
1924 5212 2109 5266 subire

549 5299 899 5368 compulsum.
951 5304 1191 5357 Aderant
1245 5312 1503 5371 praeterea
1559 5316 1625 5355 ex
1686 5301 2097 5356 Meletianorum

506 5390 513 5397 ’
546 5402 761 5447 caterva
815 5395 1012 5465 Euplus
1039 5434 1054 5459 ,
1100 5394 1421 5448 Pachomius
1448 5433 1465 5457 ,
1522 5391 1671 5447 Isaac
1701 5432 1716 5457 ,
1751 5394 1985 5448 Achillas
2055 5403 2111 5450 et

546 5482 828 5541 Hermann
872 5486 1154 5555 episcopi,
1189 5487 1279 5555 qui
1320 5483 1519 5538 inﬂicta
1552 5484 1654 5537 sibi
1699 5485 1767 5540 ab
1813 5484 2106 5543 Athanasio

544 5576 771 5630 verbera
822 5577 1239 5630 mentiebantur.
1274 5572 1474 5629 Omnes
1518 5589 1680 5641 porro
1714 5592 1820 5631 una
1867 5577 2105 5647 ejusdem

541 5667 732 5724 farinae
752 5677 1093 5723 accusatores
1126 5668 1515 5734 promotionem
1544 5666 1660 5736 ejus
1697 5669 1750 5725 in
1785 5671 1988 5727 crimen
2014 5688 2105 5729 vo-

613 5786 688 5847 (a)
722 5785 989 5850 Epiphan.
1031 5799 1160 5838 naer.
1188 5799 1334 5838 uix.

614 5852 689 5923 (ὁ)
726 5853 941 5909 Sozom.
970 5855 1060 5909 lib.
1096 5870 1157 5919 tt,
1188 5870 1305 5923 cap.
1329 5856 1419 5910 Ξδι

2217 4660 2411 4727 minis,
2443 4659 2576 4715 alios
2609 4663 2865 4718 conviciis
2892 4664 3185 4733 lacessere,
3219 4679 3277 4722 ut
3326 4670 3668 4730 deterrerent
3721 4676 3789 4729 ab

2215 4751 2468 4819 aequitate
2496 4754 2839 4810 vindicanda.
2870 4756 3062 4829 Neque
3117 4770 3293 4815 tamen
3321 4777 3528 4817 summa
3561 4764 3691 4822 licet
3736 4769 3789 4822 vi

2215 4845 2295 4898 usi
2328 4845 2423 4910 (ε),
2463 4845 2592 4901 licet
2622 4850 2842 4905 comitis
2882 4854 3202 4908 auctoritate
3248 4870 3310 4908 ac
3354 4855 3583 4910 militum
3624 4875 3790 4913 manu

2212 4936 2356 5004 freti,
2384 4938 2506 4994 licet
2540 4943 2791 4996 carnifice
2810 4944 3038 5011 quodam
3059 4956 3116 5000 et
3142 4949 3481 5017 compulsore
3508 4951 3787 5005 ministris

2212 5031 2315 5095 usi,
2344 5031 2466 5086 licet
2490 5034 2671 5087 omnia
2698 5036 3004 5105 prteterjus
3037 5038 3224 5109 fasque
3251 5053 3491 5111 agerent,
3529 5060 3789 5113 compro-

2212 5122 2344 5176 bare
2400 5133 2625 5189 potuere
2678 5125 2909 5181 crimina
2972 5128 3270 5185 Athanasio
3330 5132 3531 5189 oblata.
3592 5136 3786 5207 lschy-

2211 5226 2286 5265 ra':
2323 5228 2554 5282 namque
2583 5213 2852 5269 calumnia
2904 5219 2969 5272 de
3014 5220 3183 5276 calice
3217 5221 3387 5278 fracto
3438 5232 3492 5277 et
3532 5226 3597 5280 de
3632 5243 3787 5282 men-

2212 5319 2271 5359 sa
2324 5305 2620 5372 subversa,
2674 5309 3053 5380 episc0porum
3107 5316 3348 5370 omnium
3398 5314 3780 5388 Egyptiorum

2215 5396 2523 5453 testimonio
2585 5400 2807 5470 depulsa
2884 5413 3009 5470 est,
3084 5421 3183 5460 nec
3257 5408 3547 5476 quodpiam
3614 5422 3780 5479 gesta:

2212 5487 2436 5555 hujusce
2496 5492 2571 5548 rei
2633 5493 2811 5565 potuit
2866 5493 3149 5565 lschyras,
3208 5512 3579 5569 argumentum
3648 5514 3779 5570 pro-

2210 5579 2371 5637 ferre.

2281 5673 2334 5729 6.
2362 5675 2513 5741 Quod
2548 5676 2709 5731 aliam
2740 5692 2868 5733 vero
2907 5678 3314 5748 sycophantiam
3356 5691 3564 5748 spectat
3587 5682 3653 5739 de
3675 5682 3779 5738 Ar-

2280 5793 2351 5862 (c)
2376 5793 2573 5849 Athan.
2605 5795 2759 5863 Apol.
2789 5807 2969 5850 contra
3002 5795 3250 5860 Arianos,
3279 5813 3333 5851 n.
3370 5796 3476 5851 7-9.
