4038 6530
1532 418 1695 473 ἯΤΑ
1736 420 1792 473 S.
1836 421 2229 479 ATHAlVASll.

3296 446 3502 488 ιιιιιιιι

218 527 318 581 senii
341 540 476 583 nece
508 526 626 599 (α),
664 530 763 587 sic
804 532 904 585 illa
938 532 1205 586 referente
1228 532 1569 589 Tlteodoreto
1593 536 1825 600 detecta,
1860 543 1903 597 Α
1936 538 2088 592 Tunc
2118 540 2231 605 illa,
2262 547 2320 593 ut
2351 540 2636 595 mulierum
2672 557 2731 596 se
2764 537 3291 614 talium‘procacitas
3318 551 3502 618 habet,

219 634 291 675 nec
319 622 429 674 sine
468 620 712 691 ingenti
760 622 1185 679 Meletianorum
1216 626 1532 693 ignominia,
1569 625 1689 681 fuit.
1725 629 1827 682 De-

222 711 313 765 inde
340 709 626 767 famosam
665 712 843 769 illam
895 715 1105 770 thecam
1136 724 1190 769 et
1216 729 1437 769 manum
1490 716 1605 770 sale
1636 719 1828 771 condi-

223 814 304 857 tam
336 805 763 872 protulerunt,
802 815 926 859 tum
969 806 1144 876 erupit
1184 807 1544 876 speetantium
1578 807 1822 874 clamor;

222 897 313 951 aliis
334 910 525 949 verum
565 895 879 967 ﬂagitium
906 913 1029 952 esse
1076 897 1471 952 testimantibus
1500 916 1513 963 ;
1561 898 1703 966 aliis,
1734 900 1826 968 qui

222 990 355 1045 latere
405 990 743 1045 Arsenium
798 1000 1044 1058 norant,
1096 991 1292 1045 falsum
1343 992 1679 1061 putantibus.
1725 993 1825 1046 Vix

224 1083 400 1138 tandem
428 1083 812 1152 compressis
835 1083 1199 1149 clamoribus,
1243 1082 1453 1152 judices
1495 1085 1827 1139 Athanasius

222 1184 582 1245 percontatur,
642 1190 797 1228 num
849 1177 939 1230 cui
992 1185 1152 1231 notus
1179 1176 1459 1231 Arsenius.
1494 1176 1628 1233 Cum
1668 1177 1825 1232 multi

224 1268 623 1337 respondissent
655 1282 801 1321 eum
837 1281 901 1321 se
928 1268 1095 1338 probe
1117 1283 1296 1332 nosse,
1330 1268 1528 1322 adduci
1552 1270 1825 1323 hominem

222 1360 362 1431 jubet.
423 1358 699 1414 Rursum
762 1359 863 1413 ille
890 1398 906 1424 ,
964 1359 1080 1414 isne
1105 1361 1530 1415 essetArsenius
1558 1362 1824 1429 rogabat,

226 1468 351 1520 quem
380 1452 744 1522 peremisset
774 1453 926 1524 ipse,
966 1470 1121 1523 quem
1146 1458 1519 1525 perquirerent
1551 1456 1648 1519 illi,
1672 1456 1825 1522 cujus

225 1559 410 1598 manum
462 1543 594 1613 ipse
641 1545 958 1600 dexteram
1000 1555 1355 1617 amputasset.
1394 1546 1656 1604 Fatentur
1706 1548 1823 1616 illi,

223 1638 488 1692 Arsenium
526 1638 733 1707 ipsum
769 1653 928 1694 esse.
965 1638 1170 1705 Quibus
1198 1640 1564 1705 Athanasius,
1600 1643 1825 1697 reducto

224 1730 359 1799 pallio
381 1769 397 1794 ,
452 1738 784 1799 utramque
818 1744 1046 1784 manum
1073 1732 1309 1786 ostendit
1337 1772 1353 1799 ,
1406 1734 1651 1787 dextram
1684 1734 1826 1787 sini-

226 1833 500 1890 stramque.
539 1822 769 1887 Aliam,
816 1822 1021 1893 inquit,
1056 1833 1315 1893 praeterea
1348 1838 1509 1879 nemo
1544 1826 1821 1893 requirat;

226 1918 337 1970 duas
380 1916 534 1968 enim
591 1915 795 1970 solum
840 1930 1040 1969 manus
1069 1930 1101 1970 a
1152 1916 1434 1971 conditore
1484 1917 1594 1971 Deo
1635 1932 1824 1973 omnes

226 2006 531 2075 accepimus.
566 2005 866 2061 Socrates
902 2016 1084 2062 autem
1118 2007 1189 2063 ita
1228 2024 1341 2063 rem
1390 2017 1602 2063 narrat.
1648 2010 1821 2064 Atha-

226 2099 379 2153 nasius
432 2098 609 2168 pallio
673 2099 735 2153 in
798 2096 1054 2154 alterum'
1092 2100 1233 2156 latus
1286 2101 1552 2166 reducto,
1604 2118 1823 2158 manum

226 2192 431 2245 hominis
464 2192 754 2247 ostendit.
799 2191 1043 2245 Rursum
1091 2193 1366 2248 nonnullis
1422 2194 1825 2263 suspicantibus

225 2276 365 2333 altera
392 2295 519 2334 eum
555 2296 741 2334 manu
781 2288 1141 2345 truncatum;
1191 2281 1526 2351 aliquantum
1558 2293 1822 2347 moratus,

226 2380 465 2450 ancipites
507 2380 639 2435 illos
679 2381 915 2434 haerere
957 2379 1224 2449 permisit,
1259 2396 1380 2436 cum
1413 2381 1639 2436 alterum
1674 2382 1822 2452 pallii

225 2471 343 2528 latus
377 2473 701 2528 reduxisset
732 2515 751 2539 ,
794 2472 1037 2528 alteram
1086 2490 1302 2544 quoque
1332 2472 1546 2529 Arsenii
1603 2476 1825 2530 nudavit

225 2582 454 2634 manum;
512 2578 572 2623 et
622 2577 958 2637 praesentes
993 2568 1324 2637 compellans
1361 2590 1372 2625 :
1408 2568 1673 2624 Arsenius
1707 2570 1828 2639 qui-

226 2660 349 2724 dem,
398 2661 499 2728 ait,
554 2670 625 2715 ut
665 2661 919 2724 videtis,
961 2670 1192 2729 utraque
1243 2678 1406 2716 manu
1456 2662 1666 2731 integer
1719 2672 1823 2716 est.

226 2751 386 2807 Tertia
421 2754 541 2808 bmc
575 2756 733 2809 unde
770 2756 975 2806 excisa
1012 2752 1213 2817 fuerit,
1244 2752 1488 2807 indicent
1542 2764 1828 2808 accusato-

226 2859 317 2899 res.
356 2846 547 2901 Utrum
582 2862 725 2901 vero
763 2846 877 2901 ista
923 2846 1064 2901 serie
1097 2845 1369 2900 calumnia
1406 2845 1828 2900 mutilatiArse-

226 2938 291 2990 nii
317 2939 529 2993 detecta
562 2938 663 3006 sit,
699 2953 778 2991 an
816 2935 1151 2991 exornanda:
1180 2938 1444 2992 orationis
1471 2952 1634 2992 causa
1655 2938 1824 2992 nmlta

224 3034 317 3089 sint
350 3033 608 3102 adjuncta
638 3072 653 3096 ,
684 3031 993 3084 incertum.
1037 3030 1211 3085 Unum
1263 3040 1479 3085 constat
1520 3030 1626 3102 (ὁ),
1664 3030 1822 3085 Arse-

224 3127 357 3181 nium
390 3141 591 3195 nempe
623 3124 859 3197 synodo
890 3122 1135 3179 adfuisse
1158 3164 1171 3187 ,
1200 3133 1635 3192 praesentemque
1662 3124 1828 3179 caedis

1928 633 2220 701 objurgans
2254 634 2648 689 Timotheum:
2702 632 2802 701 Tu,
2853 644 2932 697 tu,
2981 636 3179 705 inquit,
3228 639 3359 696 mihi
3395 643 3503 698 vim

1929 723 2127 791 fecisti,
2145 733 2201 778 tu
2219 726 2272 779 in
2297 724 2389 782 illo
2411 727 2530 782 loco
2551 725 2951 782 commaculasti
2975 729 3282 786 castitatem
3304 746 3503 788 meam.

1929 815 2065 869 Tum
2102 831 2294 871 omnes
2333 817 2660 872 ridiculosus
2707 818 2881 886 pudor
2910 818 3115 874 habere
3146 824 3333 892 erepit,
3362 826 3505 893 quod

1930 917 2038 963 tam
2070 910 2230 964 facile
2259 919 2476 965 tacente
2509 926 2575 966 eo
2602 911 2749 965 fictio
2793 912 3079 982 compositi
3124 915 3371 972 criminis
3411 932 3504 985 pa-

1930 997 2139 1054 tuisset.
2176 1017 2194 1050 ι
2224 998 2361 1053 Tum
2398 1001 2625 1055 dimissa
2658 999 2851 1055 mulier
2877 1000 2997 1056 fuit.
3018 1001 3348 1059 Athanasius
3372 1020 3503 1060 vero

1928 1105 2036 1144 non
2066 1090 2443 1145 dimittendam
2469 1106 2590 1148 esse
2622 1094 3002 1160 contendebat,
3029 1095 3125 1149 sed
3158 1096 3501 1167 interrogan-
3538 1146 3546 1155 .

1929 1184 2051 1237 dam
2080 1183 2205 1253 quis
2236 1184 2430 1238 borum
2456 1193 2646 1240 auctor
2678 1195 2844 1240 esset.
2876 1185 3077 1240 Verum
3111 1187 3185 1240 illi
3234 1188 3504 1243 occlama-

1930 1283 2076 1339 runt,
2112 1274 2217 1329 alia
2245 1289 2536 1346 superesse
2592 1278 2823 1331 crimina
2856 1277 3013 1349 longe
3056 1280 3303 1348 graviora
3331 1320 3346 1345 ,
3381 1297 3504 1350 qua:

1928 1367 2075 1422 nullo
2102 1377 2325 1437 possent
2353 1369 2584 1423 artiﬁcio
2609 1368 2826 1437 depelli.
2857 1370 2934 1423 Ac
2986 1378 3101 1423 tum
3132 1379 3351 1425 ventum
3381 1386 3503 1427 esse

1929 1459 2005 1513 ait
2034 1458 2104 1514 ad
2140 1459 2582 1514 criminationem
2610 1460 2677 1514 de
2708 1459 2941 1513 Arsenio
2972 1472 3187 1516 euecto.

1998 1549 2054 1606 9.
2085 1546 2190 1604 Sed
2220 1564 2342 1604 eam
2373 1549 2706 1604 muliercula:
2740 1550 3020 1605 historiam
3061 1551 3244 1605 multis
3263 1551 3500 1606 nomini-

1927 1641 2030 1697 bus
2055 1650 2358 1712 suspectam
2384 1657 2528 1706 esse,
2566 1657 2629 1697 ac
2670 1642 2922 1712 fingentis
2960 1642 3134 1713 magis
3184 1644 3499 1711 artiﬁcium,

1928 1750 2088 1805 quam
2122 1749 2235 1790 rem
2266 1749 2394 1791 vere
2422 1744 2627 1805 gestam
2658 1734 2830 1799 olere,
2861 1748 3019 1790 nemo
3042 1734 3250 1789 inﬁcias
3279 1744 3392 1798 eat,
3408 1736 3502 1804 qui

1930 1829 2226 1883 adverterit
2250 1842 2371 1883 eam
2398 1843 2506 1882 non
2537 1829 2605 1883 ab
2640 1827 2960 1889 Athanasio,
3004 1827 3097 1895 qui
3128 1840 3215 1881 res
3240 1824 3365 1897 Tyri
3409 1842 3505 1896 ge-

1930 1930 2043 1977 stas
2072 1930 2325 1977 accurate
2354 1921 2437 1975 bis
2470 1929 2621 1977 terve
2648 1928 2915 1987 recenset,
2943 1921 3051 1975 imo
3074 1934 3172 1974 nec
3213 1934 3241 1973 a
3276 1919 3502 1989 synodis

1928 2012 2315 2077 Alexandrina,
2351 2012 2594 2067 Romana
2623 2011 2723 2066 sub
2754 2011 2932 2079 Julio,
2963 2022 3016 2067 et
3048 2012 3356 2068 Sardicensi
3390 2024 3503 2064 me-

1928 2103 2153 2166 morari,
2179 2103 2233 2157 in
2259 2117 2487 2171 quarum
2523 2103 2797 2173 synodicis
2828 2102 3067 2171 epistolis
3092 2102 3335 2171 pluribus
3368 2114 3504 2155 enu-

1929 2200 2210 2246 merantur
2239 2191 2359 2245 alia:
2380 2191 2811 2247 Eusebianorum
2842 2194 2896 2247 in
2947 2193 3305 2245 Athanasium
3339 2192 3501 2246 ador-

1927 2292 2068 2339 nata
2088 2285 2524 2341 criminationes.
2552 2285 2681 2351 Quae
2714 2302 2842 2342 vero
2869 2301 3030 2342 causa
3056 2285 3190 2340 tanti
3245 2284 3503 2340 facinoris

1929 2375 2147 2431 silentio
2170 2377 2644 2445 praetermittendi,
2687 2379 3026 2447 potissimum
3080 2378 3132 2431 in
3190 2376 3501 2431 Sardicensi

1929 2469 2155 2540 synodo,
2187 2469 2404 2538 quando
2441 2483 2472 2523 e
2506 2484 2565 2524 re
2593 2469 2813 2525 Patrum
2852 2479 2973 2527 erat
3008 2470 3059 2524 id
3096 2470 3237 2525 inter
3284 2470 3388 2523 alia
3414 2469 3500 2521 af-

1930 2558 2094 2625 ferre,
2131 2575 2239 2629 quo
2276 2560 2535 2629 liquidius
2560 2561 2698 2616 foret
2722 2562 2846 2631 jure
2888 2578 2953 2619 ac
2991 2563 3183 2616 merito
3213 2571 3373 2615 tanta:
3401 2574 3500 2615 ca-

1930 2651 2144 2706 lumniae
2166 2652 2400 2709 artiﬁces
2425 2656 2668 2709 damnari
2704 2663 2758 2708 et
2779 2654 3059 2709 abdicari?
3087 2653 3353 2719 Quorsum
3374 2651 3504 2707 Phi-

1930 2744 2297 2814 lippopolitani
2353 2746 2611 2815 praesules
2669 2746 3049 2811 conscelerati,
3088 2745 3333 2815 repetit-is
3377 2745 3502 2799 aliis

1930 2836 1985 2889 in
2012 2837 2363 2891 Athanasium
2395 2837 2888 2904 criminationibus,
2931 2839 3070 2892 hanc
3103 2847 3315 2892 taceant
3343 2836 3364 2889 ?
3395 2835 3502 2891 Cur

1930 2926 2261 2997 Epiphanius
2291 2938 2345 2985 et
2370 2931 2622 2986 Socrates
2644 2941 2750 2986 tam
2777 2931 2954 2986 nobile
2988 2930 3249 2999 ﬂagitium
3280 2931 3503 2984 Ariano-

1931 3034 2051 3072 rum
2080 3023 2352 3087 omittant,
2381 3022 2425 3075 si
2459 3037 2582 3077 vere
2606 3033 2840 3090 gestum,
2883 3022 2973 3091 qui
3019 3022 3260 3091 pluribus
3309 3020 3501 3092 Tyrias

1932 3126 2018 3166 res
2042 3123 2438 3182 persequuntur
2463 3113 2485 3166 ?
2516 3114 2579 3167 Et
2611 3129 2740 3168 sane
2764 3113 3101 3168 Sozomenus
3124 3153 3138 3176 ,
3174 3113 3264 3182 qui
3294 3127 3359 3166 ex
3390 3111 3501 3165 Ru-

224 3226 272 3269 et
300 3217 664 3272 mutilationis
694 3215 923 3270 crimen
971 3215 1253 3285 repulisse,
1285 3224 1342 3269 ut
1366 3225 1556 3269 narrat
1580 3214 1823 3270 Athana-

1936 3206 2042 3260 tino
2068 3221 2185 3260 eam
2216 3205 2492 3260 historiam
2515 3248 2530 3271 ,
2589 3217 2647 3260 ut
2683 3216 2737 3262 et
2775 3205 3172 3270 Theodoretus,
3224 3212 3498 3259 mutuatus

222 3323 345 3364 SlilS.

287 3401 337 3456 7.
369 3401 463 3457 llis
495 3400 821 3471 perspectis
857 3408 1228 3465 accusatores,
1259 3400 1333 3454 ait
1365 3399 1721 3464 Sozomenus,
1754 3398 1821 3453 ad

221 3491 498 3549 levandam
531 3494 912 3563 ignominiam
947 3506 1086 3546 novo
1124 3492 1204 3546 usi
1234 3493 1480 3559 crimine,
1514 3493 1666 3546 aiunt
1695 3489 1823 3544 Plu-

223 3587 433 3642 sianum
475 3585 786 3656 quemdam
823 3585 1162 3655 episcopum,
1196 3584 1491 3637 Athanasio
1526 3584 1821 3646 addictum,

219 3677 366 3747 jussu
429 3678 579 3732 illius
630 3676 955 3731 incendisse
990 3676 1206 3730 domum
1260 3674 1500 3738 Arsenii,
1538 3676 1823 3744 ipsumque

222 3773 484 3827 columna:
521 3770 820 3841 alligatum
851 3768 987 3822 loris
1016 3770 1316 3838 excepisse,
1364 3778 1420 3823 et
1466 3769 1518 3821 in
1572 3767 1820 3821 cellulam

222 3864 529 3927 inclusisse,
571 3862 728 3917 unde
754 3861 980 3931 elapsus
1016 3861 1281 3915 Arsenius
1315 3876 1411 3931 per
1438 3860 1732 3914 fenestram
1766 3877 1825 3916 se

223 3957 627 4027 proripuisset;
675 3970 743 4010 ac
771 3953 975 4009 exinde
1005 3953 1316 4022 aliquandiu
1347 3953 1626 4007 delituisse
1652 3993 1666 4015 ,
1726 3968 1825 4008 nec

226 4049 339 4103 sine
369 4065 536 4104 causa
562 4064 666 4118 pro
690 4055 913 4102 mortuo
950 4054 1006 4101 et
1050 4046 1300 4101 ambusto
1342 4046 1585 4099 habitum
1613 4044 1778 4099 fuisse
1806 4064 1820 4101 :

227 4145 314 4211 qui
356 4144 502 4213 quod
531 4142 845 4212 prazclarus
891 4139 975 4193 vir
1007 4149 1150 4194 esset
1189 4148 1241 4192 et
1278 4139 1633 4193 confessionis
1656 4139 1825 4208 gloria

227 4236 475 4305 insignis,
515 4235 729 4290 idcirco
768 4231 1037 4287 Joannem
1067 4240 1121 4284 et
1150 4230 1412 4296 asseclas,
1442 4230 1558 4300 ejus
1598 4231 1823 4300 perqui-

228 4330 379 4383 rendi
416 4345 609 4393 causa,
642 4326 1007 4395 magistratus
1031 4325 1252 4379 adiisse.
1288 4324 1377 4376 Ait
1407 4332 1587 4377 tamen
1617 4324 1821 4377 Socra-

231 4429 332 4487 tes,
360 4420 628 4475 Joannem
666 4419 902 4475 detecta:
924 4416 1206 4471 calumniae
1232 4416 1437 4486 pudore
1472 4415 1615 4471 illico
1644 4416 1823 4487 fugam

234 4511 444 4569 fecisse.

1930 3308 2030 3365 est,
2062 3299 2260 3352 fatetur
2281 3314 2399 3353 eam
2429 3316 2531 3354 non
2565 3299 2617 3353 in
2641 3300 2780 3353 aetis
2796 3298 3140 3370 synodalibus
3165 3311 3496 3367 comparere,

1929 3394 2044 3457 sed,
2075 3402 2258 3462 utpote
2283 3402 2492 3462 turpem
2525 3401 2580 3447 et
2630 3391 2935 3456 ridiculam,
2992 3390 3250 3446 omissam
3310 3390 3497 3444 fuisse.

1928 3484 2091 3551 Quasi
2140 3498 2266 3539 vero
2309 3484 2360 3538 id
2391 3499 2541 3539 more
2579 3495 2856 3555 receptum
2906 3484 2998 3550 sit,
3022 3494 3082 3538 ut
3106 3485 3156 3538 in
3184 3483 3386 3555 judicio
3415 3494 3499 3537 ta-

1928 3586 2152 3632 ceantur
2189 3592 2400 3633 reorum
2430 3577 2737 3643 calumniae,
2764 3592 2883 3631 cum
2919 3586 3119 3646 turpes,
3144 3591 3264 3630 cum
3297 3574 3500 3628 ridicu-

1928 3670 1991 3726 lae
2022 3684 2167 3737 sunt,
2217 3672 2307 3725 ubi
2342 3686 2373 3725 e
2425 3685 2483 3724 re
2526 3669 2769 3739 judicum
2801 3677 2905 3732 est,
2941 3676 2997 3721 ut
3045 3675 3227 3737 pateat
3252 3665 3503 3719 omnibus

1922 3764 2044 3834 jure
2074 3780 2137 3819 ac
2169 3765 2363 3819 merito
2388 3763 2553 3833 inlligi
2609 3778 2819 3833 poenas.
2846 3761 2912 3816 Et
2944 3762 3183 3830 alioquin
3236 3775 3342 3814 non
3376 3761 3500 3815 talis

1929 3862 2042 3915 haec
2070 3860 2293 3914 historia
2317 3867 2400 3912 est
2434 3858 2521 3912 cui
2549 3858 2726 3911 honos
2760 3853 3065 3924 praefandus
3089 3853 3194 3918 sit;
3226 3867 3348 3906 cum
3382 3866 3502 3905 ma-

1928 3951 2070 4003 xime
2102 3948 2453 4019 quantumvis
2494 3958 2649 4016 turpe
2686 3945 2890 4000 factum
2935 3945 3104 4015 possit
3148 3944 3377 4013 carptim
3412 3945 3502 3998 ho-

1929 4055 2189 4114 nesteque
2224 4045 2463 4097 narrari.
2494 4044 2576 4096 Ad
2631 4042 2767 4106 haec,
2813 4041 2934 4109 quis
2967 4038 3302 4094 Eusebianos
3348 4049 3502 4107 putet

1929 4149 2038 4192 tam
2062 4139 2307 4206 supinos,
2345 4145 2452 4189 tam
2485 4135 2781 4189 oscitantes
2815 4132 3005 4196 fuisse,
3041 4142 3099 4186 ut
3128 4132 3399 4185 adornata:
3435 4130 3501 4183 ad

1926 4231 2254 4285 calumniam
2286 4228 2616 4283 mulierculae
2645 4242 2751 4282 non
2777 4225 3088 4291 iudicarint,
3122 4238 3283 4294 quem
3330 4236 3495 4277 accu-

1926 4334 2100 4379 satum
2125 4322 2438 4391 oporteret?

2000 4414 2089 4470 l0.
2116 4416 2186 4469 At
2219 4414 2302 4468 his
2334 4414 2564 4467 fortasse
2590 4410 2927 4481 argumentis
2954 4409 3079 4479 quis
3108 4417 3383 4473 occurrat,
3415 4408 3502 4463 di-

1927 4508 2098 4562 cendo
2122 4506 2537 4574 Pbilostorgium
2587 4504 2687 4573 (ά),
2738 4505 2828 4573 qui
2874 4502 3079 4558 sanctis
3117 4509 3171 4555 et
3219 4499 3502 4555 catholicis

300 4605 352 4658 8.
392 4604 633 4660 Historia
661 4601 996 4658 muliercula:
1023 4611 1282 4671 suspecta.
1311 4632 1379 4642 —
1412 4602 1586 4655 Aliam
1614 4616 1816 4655 memo-
1854 4597 1900 4653 D
1930 4600 2161 4653 infestus
2194 4597 2345 4661 viris,
2400 4596 2813 4650 criminationes
2839 4596 2906 4649 ab
2953 4607 3140 4647 eorum
3175 4591 3503 4645 adversariis

240 4706 317 4747 rat
338 4696 566 4753 Ruﬁnus
605 4697 1049 4752 criminationem
1085 4694 1432 4758 mulierculae,
1480 4708 1599 4763 quae
1626 4693 1691 4747 ad
1728 4708 1821 4764 sy-

243 4789 427 4844 nodum
463 4790 781 4845 intromissa
810 4786 1102 4843 vociferari
1134 4788 1298 4856 coepit
1330 4785 1426 4857 (c),
1459 4786 1821 4855 virginitatem

245 4895 298 4937 se
334 4884 436 4938 Deo
462 4884 700 4950 vovisse,
754 4880 851 4937 sed
883 4879 952 4933 ab
987 4879 1288 4933 Athanasio
1335 4887 1443 4933 tum
1481 4876 1697 4947 hospite
1728 4889 1825 4930 suo

246 4974 291 5023 vi
318 4988 676 5043 compressam
718 4982 774 5026 et
816 4968 1077 5041 pollutam
1132 4967 1336 5021 fuisse:
1384 4986 1401 5019 ι
1440 4966 1715 5022 lntroduci
1751 4965 1819 5017 ad

247 5061 371 5127 hate,
402 5066 472 5119 ait
515 5065 782 5125 Rufinus,
838 5060 1062 5129 jubetur
1109 5056 1461 5111 Athanasius.
1517 5056 1825 5126 Ingreditur

250 5167 356 5207 cum
380 5156 661 5212 Timotheo
688 5152 1020 5225 presbytero
1064 5163 1183 5210 suo,
1236 5160 1469 5216 eumque
1523 5154 1713 5200 monet
1766 5151 1825 5196 ut

248 5260 575 5319 posteaquam
612 5247 823 5303 mulier
862 5240 1073 5297 dicendi
1128 5240 1288 5293 ﬁnem
1349 5238 1589 5303 fecisset,
1639 5251 1698 5291 se
1743 5244 1823 5288 ta-

245 5354 403 5410 cente,
430 5344 495 5399 ad
523 5358 588 5399 ea
614 5354 744 5411 qua:
782 5337 1001 5390 dixerat
1039 5330 1409 5401 responderet.
1432 5329 1817 5399 Cumquemu-

240 5432 330 5489 lier
348 5451 401 5490 ea
421 5451 542 5508 qua:
563 5437 735 5489 docta
782 5427 963 5480 fuerat
989 5432 1317 5495 perorasset,
1348 5421 1669 5477 Timotheus
1692 5435 1820 5475 con-

236 5545 406 5587 versus
427 5533 491 5586 ad
523 5545 652 5586 eam
691 5546 707 5582 ;
741 5523 907 5585 Vere,
966 5521 1163 5588 inquit,
1223 5518 1433 5583 mulier,
1484 5532 1590 5587 ego
1639 5514 1815 5569 mansi

212 5627 356 5695 .apud
393 5637 442 5681 ιε
470 5619 807 5695 aliquando,
853 5623 949 5668 aut
988 5614 1093 5666 vim
1132 5612 1258 5675 tibi,
1288 5621 1346 5665 ut
1396 5613 1624 5675 asseris,
1670 5608 1818 5664 feci?

288 5767 359 5841 (α)
385 5768 602 5841 Socrat.
634 5764 675 5819 1.
712 5779 757 5826 ι,
788 5757 1042 5841 οθριὲἓῂ
1090 5757 1307 5813 Sozom.
1335 5758 1432 5813 lib.
1469 5774 1530 5825 ιι,
1560 5771 1683 5828 cap.
1715 5754 1816 5821 25;

223 5830 487 5894 Theudor.
527 5839 628 5891 lib.
662 5852 703 5901 ι,
738 5846 867 5899 cap.
904 5830 994 5882 '50.

288 5918 356 5981 to)
386 5912 596 5966 Athan.
633 5903 806 5975 Apol.
841 5914 1023 5954 contra
1052 5903 1220 5956 Arian
1252 5946 1265 5971 ,
1299 5921 1351 5958 ιι.
1383 5903 1467 5957 72.

1927 4690 2188 4747 conflatas
2221 4691 2351 4760 ipsis
2376 4689 2649 4744 ascribere
2690 4688 2848 4752 solet,
2891 4699 3152 4741 enarrare
3201 4682 3500 4738 muliercu-

1927 4786 2032 4838 lam
2057 4785 2124 4838 ab
2163 4783 2458 4836 Athanasio
2482 4783 2831 4836 subornatam
2859 4778 3046 4843 fuisse,
3068 4792 3189 4848 quae
3212 4776 3508 4833 Eusebium

1929 4876 2396 4932 Nicomediensem
2428 4874 2565 4928 illati
2598 4872 2770 4941 stupri
2817 4879 3141 4925 accusaret:
3171 4873 3264 4926 cui
3296 4870 3511 4923 occasio

1932 4972 2043 5023 limc
2072 4966 2342 5023 scribendi
2373 4967 2539 5020 fuisse
2564 4965 2810 5023 videatur
2840 4963 2928 5017 illa
2954 4960 3388 5020 Eusebianorum
3417 4976 3511 5015 ca-

1937 5061 2142 5115 lumnia
2189 5060 2241 5113 in
2276 5058 2632 5113 Athanasium
2661 5064 2871 5127 parata.
2916 5055 3023 5111 Sed
3076 5070 3198 5109 cum
3223 5064 3353 5110 ante
3377 5052 3512 5109 Phi-

1932 5152 2176 5220 lostorgii
2214 5161 2424 5206 aetatem
2451 5165 2538 5215 ea,
2571 5164 2666 5205 seu
2697 5138 2856 5215 vera,
2887 5162 2983 5202 seu
3040 5146 3169 5201 falsa
3222 5149 3298 5204 sit
3355 5144 3507 5200 evul-

1930 5255 2075 5313 gata,
2106 5244 2242 5299 nihil
2271 5245 2396 5300 hinc
2440 5244 2506 5297 ad
2544 5258 2668 5298 eam
2718 5242 3066 5297 asserendam
3132 5242 3250 5294 erui
3301 5247 3499 5307 potest.

1924 5333 2320 5403 Philostorgius
2345 5333 2545 5401 quippe
2587 5342 2792 5385 tamex
2848 5329 3006 5391 falsa,
3060 5342 3220 5395 quam
3270 5340 3337 5381 ex
3374 5338 3501 5377 vera

1922 5426 2171 5489 historia,
2200 5425 2376 5495 potuit
2408 5439 2469 5478 ea
2502 5424 2772 5479 scribendi
2806 5422 3145 5476 occasionem
3177 5418 3441 5487 arripere.
3468 5432 3475 5435 '

1994 5517 2081 5571 Η.
2107 5547 2175 5557 -
2200 5515 2409 5586 Legatio
2445 5513 2756 5568 Mareotica.
2801 5511 3083 5565 Eusebiani
3110 5507 3375 5575 patefacta
3402 5506 3499 5562 de-

1924 5610 2302 5679 prehensaque
2322 5607 2747 5677 conspiratione,
2799 5604 2999 5673 pudore
3048 5599 3243 5661 atl'ecu,
3280 5600 3497 5668 inopes-

2000 5753 2069 5822 (ε)
2099 5748 2405 5822 Βυιίιιιιίι).
2437 5765 2476 5812 ι,
2510 5747 2749 5822 cap_.nt7;
2785 5744 3001 5801 Sozom.
3032 5740 3127 5795 lib.
3165 5754 3226 5811 tt,
3256 5756 3380 5812 cap.
3402 5740 3497 5809 25;

1929 5818 2258 5877 Tli'eodoret.
2287 5821 2320 5871 Ι.
2365 5836 2400 5883 ι,
2438 5835 2559 5887 cap.
2603 5818 2693 5872 50.

2002 5895 2078 5965 (il)
2112 5890 2230 5945 Lib.
2266 5906 2328 5955 tt,
2355 5907 2409 5944 ιι.
2438 5890 2522 5942 Η.
