4038 6530
557 429 754 474 LXXXIV

558 546 662 602 que
707 521 936 583 consilii,
965 532 1136 587 usque
1173 529 1236 568 eo
1256 510 1385 581 quid
1423 514 1645 579 agerent
1675 518 1780 559 non
1829 503 2116 558 habebant,
2152 506 2193 560 Α

559 589 619 675 tit
647 614 897 686 Dionysio
930 607 1115 665 comiti
1147 614 1398 659 auctores
1454 607 1637 654 essent
1691 595 1897 664 legatos
1928 593 1978 645 in
2012 589 2122 642 Ma—

558 723 761 769 reotem
782 680 1068 765 ~mittendi,
1096 695 1455 769 perquisitnm
1486 705 1554 743 an
1580 687 1855 757 quidpiam
1877 680 2122 738 criminis

556 812 778 878 possent
806 802 860 855 in
894 792 1113 852 Macarii
1162 787 1329 860 gestis
1380 780 1784 854 deprehendere
1819 780 1921 846 (a),
1968 770 2121 843 quasi

558 870 644 954 res
669 913 775 952 non
799 894 931 949 satis
961 889 1159 958 agitata
1192 892 1246 937 et
1284 892 1521 949 expensa
1548 876 1758 929 fuisset.
1779 870 1975 925 Verum
2028 879 2126 920 nec

559 993 788 1046 obscure
816 986 870 1040 id
896 956 1108 1040 consilii
1139 972 1455 1033 Eusebianis
1479 977 1619 1033 erat,
1639 975 1696 1019 ut
1728 956 2126 1032 quia,depulsis

518 1105 525 1113 ·
559 1081 894 1143 criminibus,
925 1068 1273 1130 interclusam
1294 1066 1396 1122 sibi
1420 1076 1569 1131 spem
1596 1052 1931 1126 opprimendi
1954 1051 2124 1143 Atha-

562 1174 697 1228 nasii
728 1177 1033 1234 cernerent,
1062 1167 1116 1219 in
1169 1160 1528 1217 Athanasium
1559 1153 1834 1206 absentem
1874 1160 1971 1215 pro
2006 1142 2127 1196 libi-

562 1266 683 1319 dine
718 1262 1118 1332 conspirarent.
1178 1254 1504 1309 Athanasius
1548 1254 1727 1299 autem
1779 1248 1836 1294 et
1891 1233 2126 1306 Egyptii

562 1365 749 1413 contra
799 1352 1125 1409 contendere
1189 1354 1641 1413 supervacaneam
1717 1333 1830 1389 fore
1878 1330 2021 1384 illam
2075 1325 2128 1378 in

562 1449 855 1504 Mareotem
907 1442 1252 1512 legationem,
1302 1434 1477 1503 palam
1522 1428 1885 1498 perstringere
1942 1430 2129 1473 eorum

564 1541 961 1597 simulationem
986 1546 1147 1602 atque
1169 1528 1463 1588 vafritiem,
1497 1522 1640 1593 quod
1673 1536 1786 1574 rem
1815 1512 2003 1571 tandiu
2025 1524 2132 1563 me-

565 1639 811 1699 ditatam,
846 1640 991 1684 tanta
1018 1639 1181 1695 opera
1230 1619 1639 1678 concinnatam,
1678 1613 1792 1682 jam
1831 1605 2009 1673 inopia
2047 1617 2132 1656 ar-

563 1735 937 1800 gumentorum
978 1722 1219 1775 dicerent
1270 1732 1376 1770 non
1424 1714 1559 1767 satis
1593 1706 1929 1774 exploratam
1966 1711 2083 1751 esse
2114 1713 2127 1761 ;

567 1820 693 1887 quia
721 1832 805 1871 res
863 1828 1021 1869 secus
1068 1808 1345 1871 cessisset,
1399 1817 1559 1873 quam
1616 1798 1960 1867 peroptarent
2008 1788 2128 1857 ipsi.

566 1912 704 1966 Tum
770 1908 860 1963 ubi
919 1908 1291 1965 adverterunt,
1334 1912 1397 1951 eo
1444 1896 1655 1949 demum
1716 1884 2135 1940 Eusebianornm

566 2005 689 2059 dolo
718 2013 771 2057 et
805 1998 1101 2071 pervicacia
1127 2002 1507 2050 ventumesse,
1537 1992 1594 2037 ut
1626 1979 1849 2035 omnino
1876 1974 2134 2047 ejusmodi

566 2092 763 2160 legatio
805 2063 1071 2142 inittenda
1102 2090 1285 2146 esset;
1341 2079 1393 2133 id
1447 2074 1726 2144 rogabant,
1760 2079 1818 2121 ut
1847 2082 1913 2121 ne
1946 2063 2134 2119 saltem

570 2184 803 2254 suspecti
840 2181 943 2235 viri
980 2176 1298 2249 quzesitores
1327 2172 1603 2226 darentur.
1640 2163 1816 2231 {Equa
1838 2174 1925 2213 res
1952 2153 2135 2211 comiti

568 2279 679 2331 visa
713 2285 814 2341 est,
842 2247 1157 2338 virosimqui
1182 2266 1414 2334 bonique
1454 2259 1750 2319 studiosos,
1778 2266 1877 2306 nec
1904 2247 2135 2317 cuipiam:

574 2368 793 2422 factioni
832 2365 1063 2429 deditos,
1094 2375 1158 2415 eo
1186 2359 1325 2413 mitti
1358 2361 1631 2424 oportere.
1684 2350 1751 2401 At
1800 2345 1910 2410 illi,
1941 2341 2137 2411 quibus

574 2462 627 2513 in
652 2459 834 2512 animo
862 2463 981 2509 erat
1019 2450 1248 2506 insidias
1293 2447 1489 2500 iterum
1520 2454 1713 2511 parare
1767 2438 1820 2491 in
1855 2430 2137 2488 Athanasii

573 2549 894 2620 perniciem,
930 2542 1112 2599 missis
1150 2548 1385 2611 quatuor
1439 2544 1569 2590 ante
1598 2532 1785 2588 diebus
1820 2523 2137 2591 veredarii's,

575 2618 673 2712 qui
696 2639 1019 2695 Meletianos
1043 2636 1095 2690 in
1136 2634 1425 2687 Mareotem
1446 2627 1685 2680 alienam
1737 2622 1839 2675 sibi
1869 2618 2140 2687 regionem

576 2709 849 2803 cogerent,
874 2727 1165 2801 praemissis
1187 2726 1314 2779 item
1346 2717 1645 2775 Meletianis
1682 2723 1737 2768 et
1777 2709 2143 2766 .Colluthianis

577 2802 921 2895 quibusdam,
943 2819 1035 2888 qui
1067 2816 1248 2872 omnia
1281 2814 1347 2868 ad
1395 2806 1854 2879 conspirationem
1909 2802 2143 2856 adorna-

581 2893 723 2982 rent,
762 2914 945 2970 habito
975 2911 1198 2967 seorsim
1229 2904 1483 2968 concilio,
1512 2902 1651 2957 clam
1681 2900 1881 2968 legatos
1902 2910 1967 2950 eo
1994 2893 2142 2947 dele-

578 3018 709 3077 gant
731 3022 839 3062 sua:
856 3013 1017 3061 sectae
1034 3001 1319 3071 principes,
1344 2994 1675 3063 Theoguium
1699 2990 1926 3052 scilicet,
1951 2986 2145 3047 Maria,

582 3099 944 3162 Theodorum,
978 3092 1371 3153 Macedonium,
1421 3084 1705 3141 Ursacium
1753 3090 1807 3132 ct
1840 3077 2143 3132 Valentem.

572 3192 720 3247 illinc
753 3192 942 3245 litterae
967 3189 1033 3240 ad
1068 3182 1382 3255 praefectum
1408 3182 1568 3241 dataz,
1596 3185 1654 3230 ut
1683 3172 1948 3228 arbitratu
1999 3169 2147 3238 lega—

578 3298 760 3339 torum
788 3281 969 3338 omnia
1006 3286 1209 3349 ageret.
1242 3276 1381 3331 Hinc
1421 3271 1653 3327 militare
1687 3265 2000 3320 satellitium
2048 3261 2143 3318 de-

578 3386 851 3445 putatum,
881 3381 939 3426 ut
970 3371 1199 3424 militum
1250 3382 1354 3436 ope
1380 3374 1435 3420 et
1464 3360 1667 3416 auxilio
1716 3356 2028 3414 testimonia
2056 3368 2151 3406 ex-

590 3473 924 3536 torquerent,
974 3471 1029 3517 et
1060 3462 1381 3515 documenta
1425 3454 1852 3510 conscriberent.
1889 3448 2152 3515 Quodque

590 3535 1146 3625 suspicioneplenum
1199 3563 1264 3602 ac
1305 3545 1701 3614 iniquissimum
1745 3550 1885 3606 erat,
1916 3535 2151 3591 Macario

590 3647 903 3717 presbytero
932 3643 1030 3698 sub
1056 3639 1282 3693 militum
1312 3636 1559 3691 custodia
1614 3632 1822 3697 relicto,
1876 3638 2155 3684 accusato-

593 3754 704 3793 rem
738 3751 917 3792 secum
947 3734 1239 3805 abduxere.

664 3830 749 3883 1‘2.
780 3826 1088 3898 Uouquestio
1116 3820 1397 3875 Athanasii
1426 3829 1471 3874 et
1492 3816 1892 3887 Egyptiorum.
1935 3841 2005 3853 —
2062 3809 2156 3865 His

582 3918 893 3986 conspectis
920 3914 1159 3985 Egyptii
1174 3912 1432 3982 episcopi,
1460 3909 1549 3979 qui
1567 3924 1686 3965 cum
1714 3905 2005 3961 Athanasio
2028 3901 2155 3973 Tyri

590 4011 969 4069 xersabantur,
1008 4007 1082 4061 rei
1112 4004 1486 4073 indignitatem
1516 4017 1623 4057 non
1660 4000 1914 4061 ferentes,
1949 3996 2071 4049 data
2090 3994 2156 4047 ad

592 4101 733 4154 alios
762 4101 1046 4169 episcOpus
1069 4097 1196 4169 Tyri
1224 4105 1442 4151 coactos
1467 4092 1690 4163 epistola
1722 4090 1819 4162 (b),
1852 4096 2159 4143 contestan-

594 4202 686 4245 tur
719 4191 1052 4259 perspicuam
1088 4189 1189 4244 sibi
1210 4202 1331 4244 esse
1373 4186 1797 4242 Eusebianorum
1838 4182 1890 4235 in
1920 4181 2157 4233 Athana-

600 4284 736 4336 simn
766 4292 819 4336 et
847 4283 903 4335 in
936 4297 994 4336 se
1022 4279 1307 4337 conﬂatam
1342 4277 1816 4348 conspirationem.
1847 4272 2157 4338 Queruntur

598 4385 785 4429 contra
811 4375 898 4444 jus
934 4376 1125 4443 fasque
1166 4383 1316 4442 gesta
1346 4371 1551 4437 omnia,
1580 4377 1860 4439 suSpectos
1892 4364 2156 4434 ejeratos-

600 4482 708 4535 que
738 4466 945 4534 judices
958 4465 1157 4532 fuisse,
1183 4466 1309 4520 ficta
1342 4464 1570 4519 crimina
1597 4501 1614 4527 ,
1669 4460 1875 4528 legatos
1903 4455 2005 4511 sibi
2066 4454 2159 4508 ad-

603 4561 872 4614 versarios
901 4560 1231 4628 designatos,
1257 4556 1348 4626 qui
1379 4555 1514 4609 nihil
1538 4569 1639 4610 non
1670 4551 1937 4606 arbitratu
1989 4546 2157 4600 Euse-
2191 4581 2235 4635 η

605 4650 889 4704 bianorum
916 4658 1162 4719 agerent,
1200 4648 1317 4718 pari
1351 4646 1453 4701 [ide
1480 4654 1628 4713 gesta
1680 4655 1894 4698 czetera.
1945 4638 2162 4693 Moncnt

600 4741 838 4804 demum,
866 4740 1198 4794 Eusebianos
1228 4739 1352 4793 dolo
1386 4752 1509 4791 usos
1534 4736 1815 4807 epistolam
1848 4731 2158 4792 tradidisse,

603 4832 759 4901 quasi
791 4848 821 4886 a
850 4833 1229 4895 Colluthianis,
1281 4831 1579 4886 llleletianis
1619 4840 1674 4885 et
1701 4827 1921 4883 Arianis
1972 4824 2163 4878 adver-

602 4944 722 4982 sum
755 4944 814 4983 se
842 4929 1097 4994 scriptam
1128 4945 1141 4980 :
1175 4927 1470 4980 cavendum
1506 4941 1626 4979 esse
1651 4939 1718 4980 ne
1769 4919 2040 4991 quidpiam
2068 4931 2163 4971 eo-

607 5035 723 5072 rum
748 5029 935 5089 rogatu
972 5019 1300 5088 designetur,
1326 5013 1859 5084 ntpoteinimicorum
1876 5008 1979 5064 sibi
2005 5022 2022 5072 ;
2055 5021 2162 5059 non

608 5112 859 5179 ignorare
889 5109 1008 5163 illos
1034 5108 1124 5177 qui
1157 5122 1333 5162 causa:
1362 5114 1530 5171 esset,
1560 5103 1704 5171 quod
1761 5099 1829 5153 ab
1873 5111 2015 5149 anno
2039 5109 2164 5163 pro-

596 5202 751 5254 ximo
780 5200 1045 5254 Eusebius
1075 5197 1423 5254 Ctesariensis
1463 5195 1515 5248 in
1548 5200 1764 5261 apertas
1785 5188 2077 5242 adversum
2108 5197 2166 5237 se

600 5297 923 5352 inimicitias
952 5294 1307 5367 prorupisset.
1326 5290 1468 5344 Huic
1510 5299 1723 5357 quoque
1764 5279 1942 5337 simile
1970 5277 2169 5332 rescri-

598 5402 760 5461 ptum
794 5388 1051 5460 Dionysio
1091 5386 1306 5441 tradunt
1331 5378 1539 5435 comiti.

596 5458 624 5507 ί
679 5483 770 5536 15.
795 5458 1099 5534 Alexander
1152 5466 1626 5528 Thessalonicensis
1664 5461 1920 5532 improbat
1973 5458 2168 5527 factum

614 5570 1059 5626 Eusebianorum.
1097 5595 1167 5605 —
1200 5564 1406 5619 Horum
1434 5557 1633 5614 certior
1658 5556 1835 5610 factus
1867 5549 2170 5606 Alexander

709 5772 761 5833 bi
784 5778 984 5831 Athan.
1017 5772 1149 5826 ibid.

709 5710 762 5778 a)
791 5707 989 5762 Athan.
1017 5702 1174 5778 Apol.
1205 5707 1393 5757 contra
1428 5697 1641 5763 Arium,
1667 5708 1722 5749 n.
1747 5691 1838 5746 72.

709 5711 762 5778 α)
791 5711 989 5762 Athan.
1021 5711 1174 5772 Apol.
1205 5711 1385 5757 contra

709 5783 736 5833 b
784 5778 984 5831 Athan.
1017 5772 1149 5826 ibid.

682 5711 761 5922 Ξσζ
781 5847 983 5902 Athan.
1018 5842 1174 5908 ibid.,
1209 5856 1265 5897 n.
1296 5838 1385 5898 80.

1885 377 2417 438 PROLEGOMENA.

2225 495 2504 564 episcopus
2534 482 3050 546 Thessalonicensis,
3072 478 3227 549 cujus
3251 478 3474 545 grandis
3500 484 3621 532 erat
3652 477 3797 546 apud

2230 599 2516 655 utramque
2571 592 2780 652 partem
2814 575 3166 638 existimatio,
3210 571 3459 641 famaque
3491 570 3788 626 sanctimo-

2230 679 2353 742 nias,
2390 676 2584 730 litteris
2640 682 2815 727 mouet
2843 669 3092 723 comitem
3149 664 3221 734 (c)
3274 664 3448 732 palam
3510 678 3568 716 se
3610 661 3800 715 videre

2230 767 2685 839 conspirationem
2722 765 2773 815 in
2805 760 3199 814 Atltanasianos
3236 753 3511 816 adornari,
3534 753 3685 822 quod
3719 767 3806 806 su-

2231 873 2443 929 spectos
2472 871 2527 913 et
2556 860 2832 910 recusatos
2872 851 3117 905 homines
3156 863 3220 901 eo
3246 846 3521 901 misissent
3552 847 3757 914 legatos
3786 861 3798 896 :

2233 953 2455 1006 allatum
2492 948 2591 1002 sibi
2628 946 2792 1000 fuisse
2817 942 3035 996 nuntios
3063 938 3368 1009 prtemissos
3394 953 3420 988 a
3458 934 3690 997 Joanne,
3712 950 3807 1000 pe-

2235 1038 2575 1103 riculumque
2597 1048 2719 1087 esse
2748 1049 2812 1085 nc
2835 1028 3186 1093 Colluthiani,
3213 1025 3482 1078 Meletiani
3531 1033 3587 1078 et
3619 1022 3805 1077 Ariani

2233 1144 2331 1198 per
2350 1126 2643 1197 Egyptum
2684 1132 2846 1177 totam
2907 1120 3093 1174 turbas
3131 1127 3383 1171 moveant
3434 1134 3447 1170 :
3502 1131 3605 1171 neu
3656 1115 3807 1167 locus

2235 1220 2556 1275 criminandi
2586 1218 2865 1286 episcopos
2890 1214 3079 1278 fuerit,
3105 1212 3148 1265 si
3180 1227 3283 1264 non
3316 1225 3379 1263 ex
3416 1224 3571 1280 aequo
3596 1217 3651 1263 et
3670 1208 3809 1261 bono

2230 1315 2493 1382 judiciUm
2526 1312 2755 1365 feratur.

2310 1406 2396 1458 H.
2426 1402 2667 1472 ngyptii
2705 1401 2967 1468 appellant
3044 1399 3432 1463 imperatorem.
3484 1423 3553 1434 ——
3614 1392 3810 1447 Comes

2240 1494 2529 1565 Dionysius
2553 1493 2747 1547 litteris
2778 1491 3065 1545 Alexandri
3090 1497 3391 1542 commotus
3412 1526 3427 1550 ,
3461 1485 3698 1539 Eusebio
3726 1492 3809 1537 at-

2240 1604 2344 1657 quc
2372 1588 2533 1640 sociis
2559 1585 2829 1648 rescribit,
2867 1602 2886 1633 ‹
2922 1583 3031 1652 jam
3065 1596 3125 1635 se
3179 1579 3404 1632 Flacillo
3466 1577 3811 1631 renuntiasse

2242 1688 2596 1745 conquestum
2640 1674 2992 1728 Athanasium
3047 1672 3111 1724 de
3144 1670 3326 1738 iniqua
3373 1677 3426 1723 ct
3481 1679 3810 1737 pra-postera

2244 1774 2528 1842 legatione,
2556 1782 2664 1820 rem
2702 1780 3039 1833 nequaquam
3069 1778 3131 1816 ex
3166 1763 3344 1816 animo
3379 1760 3581 1815 domini
3615 1760 3813 1813 animze

2170 1870 2209 1923 Β
2239 1883 2347 1920 sua:
2379 1865 2481 1934 (sic
2511 1859 2618 1933 ille)
2646 1859 2936 1915 Alexandri
2966 1858 3160 1910 factam
3186 1874 3201 1922 ;
3238 1857 3287 1910 id
3323 1855 3423 1909 sibi
3456 1869 3666 1922 semper
3690 1868 3815 1906 ron-

2240 1957 2342 2011 silii
2380 1956 2547 2009 fuisse
2576 1950 2926 2006 utcommuni
2967 1946 3174 2001 calculo
3233 1958 3286 2000 et
3340 1943 3597 2012 suffragio
3628 1942 3811 1998 mittes

2240 2058 2426 2102 rentur
2457 2047 2656 2115 legati;
2691 2044 2831 2097 haud
2869 2041 3036 2096 levem
3071 2038 3186 2093 fore
3217 2037 3581 2093 criminationi
3612 2034 3813 2098 locum,

2238 2141 2281 2194 si
2319 2138 2626 2193 Alexander
2666 2136 2955 2206 episcopus
2982 2132 3140 2185 rebus
3171 2130 3337 2199 gestis
3387 2145 3489 2183 non
3537 2129 3815 2195 obtempe-

2240 2242 2411 2286 raret.
2449 2249 2467 2281 ›
2508 2228 2632 2282 llaec
2654 2228 2761 2283 ille.
2796 2226 2977 2295 Neque
3012 2223 3061 2276 id
3108 2237 3211 2275 non
3240 2220 3609 2291 intelligebaut
3643 2218 3812 2271 Euse-

2240 2322 2387 2377 biani
2415 2339 2428 2375 :
2461 2322 2557 2375 sed
2583 2320 2798 2375 vetabat
2829 2319 3021 2386 cupido
3051 2314 3448 2372 exterminatuli
3499 2309 3813 2374 Athanasii,

2241 2434 2308 2473 ne
2339 2416 2469 2487 quid
2500 2414 2724 2471 consilio
2758 2423 2811 2467 et
2856 2411 3095 2480 aequitati
3154 2410 3364 2463 darent.
3397 2408 3644 2476 Cumque
3695 2405 3816 2458 ani-

2242 2511 2640 2567 madverterent
2675 2507 2912 2578 Egyptii
2956 2504 3227 2573 episcopi,
3263 2503 3593 2557 Eusebianos
3624 2499 3818 2554 nihilo-

2243 2605 2420 2658 minus
2458 2602 2526 2656 ad
2560 2608 2735 2670 ctepta
2771 2596 3040 2667 progredi,
3094 2610 3267 2664 neque
3320 2594 3514 2649 sistere
3544 2593 3768 2660 gradum
3798 2605 3815 2655 ;

2244 2696 2509 2763 rescripto
2564 2694 2626 2747 ad
2666 2690 2981 2761 Dionysium
3027 2688 3285 2743 comitem
3326 2686 3474 2747 dato,
3511 2690 3702 2753 rogant
3757 2690 3820 2735 ut

2244 2786 2460 2855 quando
2489 2782 2779 2838 Eusebiani
2811 2795 2910 2851 pro
2955 2779 3203 2842 libidine,
3240 2776 3385 2831 nulla
3422 2783 3637 2828 servata
3678 2772 3819 2842 aequi

2245 2878 2481 2946 bonique
2506 2876 2740 2936 ratione,
2786 2872 2950 2927 multa
2986 2872 3039 2925 in
3090 2885 3243 2924 suam
3278 2868 3569 2939 perniciem
3618 2865 3823 2920 machi-

2246 2980 2532 3033 narentur,
2572 2966 2831 3035 judicium
2866 2973 3036 3017 totum
3071 2968 3444 3015 reservaretur
3479 2956 3817 3027 imperatori.

2248 3064 2441 3119 Comes
2472 3073 2675 3122 autem,
2729 3057 2831 3112 etsi
2893 3056 3179 3127 legationis
3240 3054 3582 3123 iniquitatem
3641 3051 3819 3122 palam

2249 3150 2596 3221 coarguebat,
2632 3147 2860 3203 infestus
2895 3155 3074 3201 tamen
3116 3144 3434 3206 Athanasio,
3468 3142 3694 3219 multum
3732 3141 3826 3195 ad-

2173 3240 2215 3297 C
2251 3258 2438 3298 versus
2468 3240 2617 3295 illum
2647 3255 2827 3310 opera:
2872 3237 3223 3300 insumebat,
3263 3252 3393 3291 usus
3428 3237 3495 3288 ad
3539 3234 3825 3286 arbitrium

2254 3335 2303 3388 vi
2335 3332 2768 3401 auctoritateque
2794 3344 2911 3386 sua.
2937 3328 3067 3398 Qua:
3088 3343 3253 3385 causa
3278 3326 3380 3381 fuit
3399 3334 3457 3381 ut
3476 3324 3825 3387 Athanasius,

2254 3426 2602 3496 conspicatus
2628 3423 2810 3477 omnia
2841 3422 3113 3477 arbitratu
3149 3430 3203 3475 et
3227 3418 3457 3488 impulsu
3482 3416 3827 3470 adversario-

2255 3533 2374 3572 rum
2406 3515 2513 3586 agi,
2541 3530 2707 3583 seque
2736 3517 2791 3569 in
2821 3514 3138 3569 discrimine
3170 3511 3398 3573 versari,
3432 3524 3489 3565 se
3525 3508 3831 3578 proriperet

2256 3614 2534 3680 adirctque
2563 3610 2968 3679 imperatorem.

2330 3702 2417 3757 15.
2457 3700 2610 3771 Fuga
2630 3699 2940 3771 Athanasii,
2980 3727 3051 3739 -—
3097 3695 3321 3750 Videtur
3368 3706 3529 3764 porro
3585 3691 3831 3745 Athana-

2258 3795 2369 3849 sius
2398 3793 2672 3863 profectus
2697 3804 2815 3846 esse
2845 3788 3030 3844 statim
3063 3797 3225 3857 atque
3248 3785 3405 3857 legati
3440 3785 3507 3838 ad
3532 3782 3828 3839 Mareotem

2258 3886 2363 3940 iter
2391 3885 2764 3947 instituerunt,
2782 3879 3057 3951 Egyptiis
3090 3880 3468 3947 imperatorem
3506 3875 3833 3944 appellanti-

2259 3980 2377 4033 bus.
2413 3977 2476 4031 Et
2504 3990 2634 4031 vero
2656 3974 2785 4045 quid
2814 3974 3079 4040 reliquum
3101 3978 3219 4024 erat
3248 3978 3371 4038 post
3399 3967 3706 4034 huiusmodi
3735 3982 3830 4035 ap-

2261 4069 2802 4142 pellationem,quam
2831 4062 3148 4119 utadiretur
3171 4057 3599 4114 Constantinus?
3629 4058 3692 4111 Et
3719 4058 3832 4111 haec

2260 4171 2343 4218 est
2373 4163 2500 4214 item
2538 4173 2769 4214 concors
2800 4156 3125 4225 scriptorum
3159 4166 3293 4220 pene
3328 4151 3570 4206 omnium
3606 4160 3831 4204 senten-

2264 4260 2357 4315 tia.
2392 4257 2521 4324 Quze
2544 4271 2671 4310 vero
2691 4252 2917 4324 quaestio
2950 4259 3215 4317 movetur,
3240 4258 3421 4304 utrum
3446 4248 3654 4303 crimen
3688 4249 3836 4317 prius

2264 4351 2529 4421 oblatum,
2576 4347 2783 4402 illudne
2817 4347 2884 4400 de
2914 4344 3080 4400 calice
3111 4342 3301 4407 fracto,
3334 4355 3401 4395 an
3430 4340 3572 4395 aliud
3606 4343 3674 4394 de
3708 4356 3834 4396 ene-

2266 4453 2354 4497 cto
2387 4441 2638 4504 Arsenio,
2667 4437 2799 4492 levis
2823 4435 3043 4490 omnino
3085 4433 3363 4488 momenti.
3418 4431 3691 4487 Fortassis
3737 4433 3837 4486 hac

2268 4534 2477 4588 ratione
2501 4531 2663 4586 facile
2701 4527 3059 4584 concilientur
3080 4526 3383 4596 opiniones,
3419 4525 3463 4579 si
3493 4540 3615 4579 cum
3668 4525 3837 4578 Atha-

2272 4627 2428 4681 nasio
2458 4626 2729 4688 dicamus,
2763 4620 2978 4673 allatam
3026 4620 3257 4688 primum
3302 4616 3469 4670 fuisse
3497 4615 3837 4670 criminatio-

2270 4734 2393 4773 nem
2428 4717 2573 4769 illam
2607 4716 2673 4768 de
2700 4713 2869 4768 calice
2894 4710 3069 4764 fracto
3094 4718 3150 4764 et
3192 4711 3265 4785 de
3290 4722 3474 4762 mensa
3531 4706 3791 4761 subversa
3820 4723 3835 4772 ;

2266 4810 2359 4865 sed
2394 4824 2514 4863 cum
2546 4806 2739 4862 idonea
2784 4802 3095 4858 testimonia
3134 4810 3189 4854 et
3242 4810 3559 4869 argumenta
3608 4800 3677 4853 ad
3717 4812 3837 4853 eam

2270 4900 2724 4972 comprobandum
2758 4912 2863 4950 non
2899 4903 3273 4964 suppeterent,
3318 4893 3449 4945 itum
3484 4892 3548 4943 ad
3574 4892 3839 4945 crimina-

2272 4997 2470 5048 tionem
2497 4993 2563 5045 de
2600 4990 2815 5045 Arsenii
2862 5003 3029 5052 nece;
3070 5000 3190 5054 quze
3249 4999 3371 5039 cum
3402 4984 3517 5052 ipso
3570 4991 3838 5052 praesente

2267 5085 2497 5140 Arsenio
2520 5083 2656 5138 falsa
2693 5092 2747 5136 et
2786 5079 3069 5151 nugatoria
3123 5091 3244 5132 esse
3297 5076 3792 5145 deprehenderetur
3818 5113 3835 5139 ,

2272 5178 2453 5247 inopia
2475 5176 2784 5239 criminum,
2840 5173 3255 5242 redintegratam
3298 5177 3408 5221 tum
3443 5168 3608 5221 fuisse
3654 5168 3838 5236 pristi-

2274 5284 2398 5323 nam
2423 5268 2566 5322 illam
2598 5276 2816 5336 propter
2839 5279 3000 5333 quam
3051 5263 3250 5332 legatio
3284 5259 3421 5315 clam
3462 5260 3681 5314 decreta
3718 5258 3841 5314 fuit.

2342 5359 2429 5417 l6.
2465 5359 2701 5413 Narrant
2754 5359 3003 5420 Rufinus,
3041 5356 3379 5410 Sozomcnus
3430 5363 3486 5407 et
3527 5351 3841 5407 Theodore-

2273 5462 2356 5507 tus
2386 5451 2503 5522 (ά),
2551 5452 2777 5507 detectis
2821 5450 3031 5505 insidiis
3083 5463 3146 5501 ac
3179 5446 3513 5515 deprehensa
3564 5442 3839 5512 conspira-

2275 5545 2457 5610 tione,
2491 5552 2836 5599 accusatores
2890 5551 2945 5597 et
2992 5540 3203 5611 judices
3255 5538 3346 5607 qui
3401 5537 3604 5591 fraudis
3636 5533 3841 5590 conscii

2347 5681 2422 5752 (d)
2449 5679 2646 5735 Athan.
2676 5677 2904 5752 ibid.,‘nn.
2928 5674 3222 5752 82ifiufin.
3250 5673 3347 5752 lib.
3378 5686 3416 5732 ι,
3445 5684 3565 5736 cap.
3607 5666 3714 5752 ηιξ
3740 5667 3833 5722 So-

2277 5735 2419 5809 zoin.’
2448 5753 2540 5807 lib.
2591 5767 2652 5817 ll,
2685 5735 2942 5837 cap.'25;
2992 5735 3260 5801 Theudor.
3293 5742 3390 5799 lib.
3421 5755 3461 5809 t,
3487 5735 3607 5808 cap.
3641 5735 3731 5793 30.
