4038 6530
1550 384 1705 438 VITA
1745 388 1801 440 ὃ,
1844 384 2235 441 ATHANASII.

3362 418 3540 459 LXXXV

253 518 386 571 erant,
422 507 697 563 tumultu
738 524 815 564 ac
863 509 1126 565 seditione
1155 507 1421 579 synodum
1450 507 1809 576 complevisse
1836 547 1852 571 ,
1882 518 1928 566 A
1956 510 2115 577 perit.
2146 510 2563 578 Responderunt
2599 512 2791 567 iterum
2826 493 2951 583 illi:
2974 518 3030 573 in
3085 520 3276 575 cellula
3329 541 3535 595 aegrum

254 602 701 672 praestigiator-em
724 602 1100 657 vociferantes
1121 602 1496 665 Athanasium,
1521 600 1845 666 malelicum,

255 694 530 755 sacerdotio
563 695 919 765 indignum,
943 707 1004 748 ac
1043 696 1108 747 de
1153 691 1332 746 medio
1362 690 1657 745 tollendum
1687 708 1699 743 :
1733 697 1845 745 tum

255 804 322 841 eos
343 786 430 855 qui
461 785 643 854 jussu
683 785 1055 855 imperatoris
1115 784 1412 853 disciplina:
1446 783 1703 853 pacisque
1734 796 1846 837 ser—

257 879 405 933 vanda:
440 893 633 932 causa
676 881 910 949 synodo
936 879 1253 943 intererant,
1283 877 1487 933 veritos
1531 892 1597 932 ue
1634 875 1845 930 violen-

255 982 313 1025 tas
332 971 373 1025 ei
405 969 716 1024 inferrent
774 984 997 1033 manus,
1028 969 1163 1024 clam
1191 966 1481 1038 judicibus'
1517 968 1691 1022 virum
1723 981 1851 1036 pro-

256 1065 480 1133 ripuisse,
517 1060 1035 1130 Athanasiumque
1066 1074 1363 1115 conscensa
1387 1060 1511 1115 navi
1537 1059 1848 1113 Constanti-

256 1152 464 1223 Mpolim
487 1151 844 1220 profectum
880 1166 1021 1215 esse,
1056 1160 1112 1204 ut
1145 1165 1366 1207 causam
1425 1152 1566 1221 apud
1616 1150 1848 1220 impera-

253 1260 389 1302 torem
419 1255 659 1313 ageret.

305 1339 378 1394 17.
420 1336 783 1407 Legatorum
816 1344 969 1406 gesta
1001 1335 1339 1389 Alexandria!
1363 1344 1411 1390 et
1435 1336 1489 1389 in
1520 1335 1850 1390 Mercare.—

254 1429 431 1485 Interea
464 1430 647 1499 legati
682 1444 821 1482 cum
852 1428 1071 1499 Iscbyra
1104 1428 1353 1497 profecti,
1400 1428 1589 1483 relicto
1613 1432 1715 1483 sub
1746 1429 1850 1482 mi-

254 1524 374 1577 litum
408 1522 690 1576 custodia
726 1520 1005 1584 Macario,
1035 1520 1417 1574 Alexandriam
1444 1533 1710 1575 venerunt
1738 1520 1845 1591 (a);

252 1616 473 1684 dataque
515 1614 741 1668 litterae
774 1613 1059 1682 Philagrio
1092 1622 1217 1667 sunt
1267 1611 1492 1685 Egypti
1548 1611 1841 1683 praefecto,

251 1722 419 1777 genere
453 1705 831 1775 Cappadoci,
868 1703 1158 1772 transfugae
1179 1720 1207 1757 a
1238 1704 1495 1775 religione
1515 1705 1844 1771 Christiana,

256 1800 327 1869 qui
345 1797 698 1852 auctoritate
746 1795 1015 1865 deinceps
1047 1805 1100 1849 et
1120 1810 1281 1865 opera
1332 1810 1427 1851 sua
1460 1796 1512 1849 in
1569 1811 1653 1850 res
1678 1796 1846 1851 Euse-

254 1893 517 1946 bianorum
559 1888 870 1959 gerendas
899 1887 1159 1942 incubuit.
1193 1887 1536 1942 Alexandria:
1561 1889 1686 1941 dum
1724 1903 1845 1942 ver-

251 1992 476 2039 sarentur
509 1981 718 2052 legati,
741 1980 951 2033 domus
975 1979 1250 2048 victusque
1269 1979 1637 2047 quotidianam
1672 1978 1847 2034 socie-

254 2086 390 2130 tatem
429 2075 697 2129 habuere
735 2087 876 2126 cum
910 2080 1220 2126 accusatore
1242 2069 1481 2142 lschyra.
1504 2070 1683 2125 Etsub
1707 2071 1843 2138 hrcc,

252 2169 524 2220 comitante
550 2163 887 2235 Philagrio,
923 2162 1184 2219 militibus
1210 2163 1393 2232 stipati
1450 2163 1504 2217 in
1547 2160 1844 2219 Marcotem

249 2259 692 2329 proﬁciscuntur,
732 2258 1045 2325 sedemque
1068 2267 1276 2324 ponunt
1310 2256 1363 2309 in
1417 2255 1586 2323 ipsius
1613 2254 1846 2327 lschyraa

250 2352 409 2406 dmno.
435 2351 539 2405 Hic
568 2356 953 2404 monumenta
985 2346 1152 2410 edita,
1192 2347 1280 2401 hic
1313 2346 1731 2415 perquisitiones
1761 2344 1846 2399 fa-

249 2453 332 2498 cta:
353 2452 517 2498 sunt:
560 2444 656 2497 hic
684 2440 883 2505 dolos,
909 2438 1209 2501 machinas,
1256 2448 1449 2493 cuncta
1502 2436 1845 2491 veteratorie:

250 2536 366 2589 artis
409 2535 519 2589 tela
581 2539 1024 2601 compararunt.
1088 2530 1481 2584 Animadversa
1535 2528 1841 2598 presbyteri

250 2624 592 2679 Alexandrini
619 2633 679 2678 et
699 2622 1001 2676 Mareotici
1051 2619 1350 2685 legatorum
1406 2619 1647 2689 nequitia
1679 2629 1843 2689 atque

251 2720 470 2785 vafritie,
504 2718 777 2773 homines
812 2728 1003 2768 coram
1040 2712 1345 2782 obiurgant,
1401 2711 1545 2780 quod
1589 2711 1689 2766 soli
1719 2727 1842 2767 cum

254 2821 582 2875 accusatore,
630 2824 731 2864 reo
792 2805 933 2877 Tyri
965 2804 1214 2867 dimisso,
1248 2805 1615 2858 accederent:
1658 2813 1844 2873 postu-

255 2903 353 2956 lant
377 2904 478 2957 sibi
520 2902 729 2956 saltem
762 2913 967 2953 eorum
999 2896 1134 2951 actis
1156 2905 1210 2949 et
1257 2895 1633 2967 perquisitioni
1672 2896 1841 2949 inter—

249 3011 356 3050 esse
394 2997 559 3050 liceat
590 3013 607 3060 ;
646 3008 711 3049 se
740 2993 919 3047 totius
958 2990 1155 3059 negotii
1180 2999 1236 3044 et
1285 3004 1471 3045 eorum
1511 3002 1630 3058 quae
1656 2986 1843 3057 lschy-

254 3106 358 3144 ram
383 3096 713 3159 spectarent
742 3098 878 3140 esse
918 3084 1194 3146 conscios,
1225 3096 1424 3151 gnaros
1461 3081 1588 3139 item
1622 3081 1714 3148 qui
1763 3088 1843 3137 te-

249 3192 350 3237 stes
370 3195 621 3243 veraces,
644 3178 746 3248 qui
776 3185 976 3231 contra
996 3177 1063 3229 ab
1081 3175 1233 3243 lschy
1245 3190 1299 3227 ra
1316 3172 1596 3227 subornati
1623 3180 1839 3227 essent:
1868 3211 1911 3270 Ο

250 3288 469 3342 quorum
499 3273 713 3327 nedum
750 3267 998 3324 admissa
1033 3266 1323 3335 postulatio
1365 3264 1550 3329 fuerit,
1588 3278 1697 3321 non
1722 3264 1839 3320 sine

251 3368 295 3419 vi
329 3366 529 3435 repulsi
572 3373 634 3421 et
680 3360 962 3418 eliminati
1020 3369 1164 3413 sunt.
1199 3358 1462 3426 Quodque
1497 3359 1718 3424 mirum,
1777 3372 1840 3413 ac

251 3460 336 3514 tali
369 3471 594 3514 caterva
621 3454 1045 3524 dignissimum,
1076 3452 1282 3505 exactis
1313 3450 1672 3521 presbyteris,
1723 3449 1842 3506 Phi-

248 3550 475 3622 lagrium
521 3552 850 3618 militesque
879 3546 1126 3603 ethnicos
1179 3547 1512 3601 admiserunt
1546 3545 1614 3599 ad
1660 3561 1839 3600 rerum

249 3658 529 3698 sacrarum
558 3641 955 3712 quaestionem.
994 3637 1294 3693 lntromissi
1344 3640 1411 3695 ad
1465 3638 1832 3693 testimonium

250 3732 553 3798 ferendum,
585 3748 698 3786 non
727 3729 950 3790 clerici.
979 3730 1074 3783 sed
1109 3729 1507 3795 catechumeni,
1534 3730 1623 3797 qui
1666 3731 1839 3785 sacris

250 3843 526 3895 tmnquam
565 3827 933 3879 interessent.
965 3819 1076 3874 imo
1100 3836 1229 3876 vero
1250 3822 1454 3876 ethnici
1484 3836 1549 3875 ac
1585 3821 1756 3884 Judaei
1783 3823 1836 3879 iu

250 3927 414 3973 testes
425 3916 681 3980 admissi,
704 3914 796 3971 ubi
817 3915 885 3968 de
903 3912 1178 3971 confracto
1193 3928 1348 3973 sacro
1365 3914 1552 3977 calice,
1570 3915 1635 3969 de
1655 3928 1840 3969 mensa

250 4025 342 4064 seu
365 4012 522 4065 altari
548 4011 823 4066 subverso
840 4021 928 4062 res
955 4015 1093 4071 erat;
1123 4008 1337 4075 quibus,
1361 4017 1548 4076 utpote
1572 4006 1837 4076 profanis,

252 4116 348 4156 nec
368 4104 627 4164 initiatis.
644 4117 711 4157 ne
729 4099 945 4157 obtueri
961 4099 1174 4166 quidem
1204 4112 1292 4154 res
1311 4097 1613 4165 huiusmodi
1635 4098 1718 4152 Iici
1728 4110 1836 4155 tum

250 4205 394 4249 erat.
418 4196 535 4249 Non
559 4210 623 4249 ea
655 4202 861 4257 mente,
884 4206 990 4246 non
1022 4206 1087 4246 eo
1103 4192 1332 4248 consilio
1358 4193 1838 4262 interrogabantur

253 4288 353 4360 (ti),
380 4303 439 4344 ut
469 4290 763 4344 veritatem
792 4286 1094 4356 aperirent,
1121 4285 1214 4340 sed
1244 4295 1301 4339 ut
1324 4294 1453 4339 nutu
1495 4285 1837 4341 inimicorum

254 4382 562 4449 Athanasii,
610 4381 843 4437 crimina
877 4380 1202 4447 proferrent.
1234 4378 1288 4432 Si
1318 4379 1444 4447 quis
1478 4378 1837 4433 Athanasium

258 4472 418 4527 illatae
435 4472 784 4530 contumeliae
804 4470 1167 4533 insimularet,
1194 4469 1238 4525 is
1262 4486 1384 4524 mox
1410 4468 1722 4533 Catholicus
1744 4485 1840 4523 au-

1954 600 2291 655 decubuisse.
2325 600 2442 658 Non
2481 603 2663 656 stabat
2700 604 2864 670 igitur
2886 608 2983 675 qui
3024 610 3399 679 decumberet,
3433 632 3536 673 nec

1950 704 2105 744 sacra
2156 689 2390 747 faciebat
2429 694 2523 760 qui
2573 693 2625 747 in
2675 694 2867 749 cellula
2916 709 3153 767 aegrotus
3187 701 3415 768 jaceret.
3449 708 3533 761 Ad

1950 780 2066 835 lucc
2097 782 2419 838 testificante
2454 783 2676 855 lscbyra
2716 800 2745 840 a
2777 785 3017 843 Macario
3056 794 3336 851 ambustas
3365 800 3536 853 fuisse

1952 872 2194 927 ecclesiae
2220 874 2422 941 libros;
2469 877 2567 946 ipsi
2602 889 2780 936 tamen
2812 889 3003 946 testes,
3030 884 3244 940 etiamsi
3274 888 3528 945 submissi

1951 973 2006 1017 et
2050 966 2348 1032 subornati,
2390 967 2518 1024 fassi
2580 981 2709 1026 sunt
2766 972 2900 1027 nihil
2952 974 3265 1044 hujusmodi
3317 989 3529 1047 gestum

1952 1055 2145 1129 fuisse,
2176 1060 2272 1112 sed
2313 1062 2531 1116 mentiri
2577 1062 2880 1135 lscbyram.
2908 1065 2977 1121 Et
3011 1082 3274 1138 perquam
3327 1072 3528 1126 mirum

1955 1147 2053 1202 fuit
2074 1160 2402 1220 conquestos
2431 1153 2715 1227 lucifugas,
2734 1158 3037 1217 occultatos
3068 1160 3239 1216 fuisse
3270 1164 3339 1217 ab
3359 1165 3530 1218 Atha-

1951 1242 2101 1297 nasio
2130 1258 2223 1298 eos
2255 1244 2347 1313 qui
2404 1248 2768 1303 testimonium
2825 1250 2969 1306 ferre
3012 1263 3271 1322 possent,
3307 1257 3527 1311 eosdem

1952 1341 2130 1388 tamen
2188 1335 2363 1404 palam
2396 1337 2784 1407 interrogasse.
2813 1342 2950 1396 Acta
2991 1352 3171 1398 autem
3216 1344 3526 1414 lnujusmodi

1950 1440 2133 1503 eorum
2167 1429 2394 1483 arbitrio
2422 1440 2477 1484 et
2507 1432 2745 1497 nutibus,
2766 1437 3008 1503 praefecti
3043 1447 3267 1501 terrore,
3295 1441 3526 1495 militum

1950 1517 2001 1570 vi
2038 1501 2202 1587 atque
2249 1518 2411 1574 illatis
2440 1521 2616 1591 plagis
2663 1501 2992 1595 conscripta,
3034 1536 3184 1583 tanto
3220 1530 3410 1596 pudori
3443 1534 3529 1586 vel

1951 1611 2083 1678 ipsis
2133 1614 2443 1671 auctoribus
2484 1615 2670 1681 fuere,
2698 1628 2757 1672 ut
2813 1634 2877 1674 ea
2917 1637 3126 1676 summa
3162 1623 3530 1679 sollicitudine

1951 1705 2230 1770 abderent.
2270 1710 2804 1781 amanuensibusque
2823 1710 3101 1779 juberent,
3126 1724 3185 1768 ut
3212 1730 3397 1771 eorum
3427 1732 3525 1770 ne-

1956 1798 2087 1852 mini
2121 1800 2329 1868 copiam
2365 1802 2644 1859 facerent:
2686 1806 2779 1861 sed
2820 1807 2983 1863 cessit
3018 1823 3103 1864 res
3141 1819 3333 1863 contra
3363 1824 3526 1878 quam

1950 1892 2050 1945 rati
2082 1903 2258 1952 erant.
2277 1893 2409 1949 Nam
2438 1896 2609 1952 Rufus
2637 1913 2826 1953 eorum
2855 1900 3054 1964 scriba,
3090 1902 3180 1969 qui
3210 1912 3393 1971 postea
3425 1903 3528 1957 fuit

1949 1981 2004 2034 in
2037 1982 2424 2052 Augustaliana
2455 1986 2767 2054 spiculator,
2802 1989 3041 2043 omnium
3071 2005 3298 2059 gnarus,
3337 1992 3527 2047 aderat

1947 2074 2038 2144 qui
2055 2085 2324 2144 gestorum
2339 2076 2505 2132 ferret
2522 2080 2907 2135 testimonium.
2926 2081 3205 2137 Eusebiani
3223 2098 3438 2153 quoque
3452 2084 3524 2154 (ο)

1948 2166 2134 2233 paucis
2176 2175 2293 2235 post
2347 2168 2503 2223 annis
2553 2184 2614 2223 ea
2668 2184 2765 2239 per
2829 2180 3075 2224 oratores
3121 2186 3248 2225 suos
3296 2172 3524 2227 Romam

1949 2259 2232 2325 miserunt,
2262 2261 2665 2330 Athanasioque
2685 2271 2810 2317 sunt
2837 2276 2901 2317 ea
2926 2262 3041 2331 ipsa
3063 2280 3160 2333 per
3181 2263 3379 2318 Julium
3409 2265 3524 2332 epi-

1949 2364 2172 2418 scopum
2208 2352 2551 2406 transmissa.
2583 2352 2713 2420 Qua:
2744 2367 2831 2409 res
2875 2354 3171 2410 sceleratos
3200 2355 3250 2408 in
3280 2354 3521 2410 furorem

1948 2451 2004 2496 et
2029 2444 2304 2498 vesaniam
2362 2443 2577 2515 agebat,
2604 2445 2748 2513 quod
2804 2445 3055 2500 videlicet
3083 2461 3205 2514 qua:
3226 2446 3437 2501 occulta
3465 2455 3523 2500 et

1949 2534 2127 2603 ignota
2168 2549 2287 2590 esse
2324 2547 2709 2605 peroptarent,
2732 2552 2796 2594 ea
2832 2538 3161 2595 Athanasius
3199 2554 3310 2609 pra:
3344 2542 3521 2595 mani-

1948 2624 2047 2678 bus
2070 2625 2312 2691 haberet,
2348 2643 2411 2681 ea
2445 2627 2667 2695 legeret.

2016 2714 2103 2769 18.
2145 2713 2450 2787 Presbyteri
2484 2727 2664 2773 autem
2692 2726 2747 2772 et
2770 2717 3021 2784 diaconi,
3056 2735 3176 2774 cum
3203 2720 3522 2775 Alexandri-

1946 2805 2021 2871 ni,
2047 2814 2157 2860 tum
2182 2806 2453 2863 Mareotici
2486 2808 2587 2880 (ά).
2613 2810 2685 2866 rei
2706 2811 3078 2881 indignitatem
3124 2827 3229 2867 non
3262 2812 3520 2880 ferentes,

1948 2900 2208 2970 rescripta
2245 2900 2411 2955 edunt
2437 2911 2845 2964 ;coutestantur
2875 2919 2981 2959 non
3011 2918 3077 2959 ex
3116 2920 3269 2975 aequo
3299 2914 3354 2959 et
3377 2907 3522 2960 bono

1945 2990 2384 3059 perquisitionem
2421 2993 2631 3048 haberi.
2672 2994 2737 3048 Et
2782 2995 3134 3053 Alexandrini
3163 2998 3400 3066 quidem,
3428 2998 3521 3055 lit-

1946 3082 2075 3137 teris
2102 3083 2168 3137 ad
2203 3083 2410 3154 legatos
2454 3084 2655 3151 missis,
2682 3097 2982 3154 queruntur
3007 3101 3100 3141 reo
3122 3103 3226 3145 non
3256 3097 3523 3158 praesente

1946 3174 2184 3228 habitam
2207 3176 2583 3243 quaestionem,
2612 3177 2714 3231 sibi
2745 3192 2927 3237 rerum
2960 3180 3148 3247 gnaris
3196 3181 3518 3249 denegatum

1948 3267 2149 3322 aditum
2180 3283 2195 3329 ;
2222 3275 2282 3322 ut
2302 3267 2434 3323 solis
2460 3268 2646 3324 liceret
2678 3284 2777 3338 pro
2808 3269 3037 3325 libidine
3054 3285 3165 3326 rem
3184 3285 3395 3340 gerere.
3413 3270 3520 3325 Da-

1950 3373 2008 3414 re
2039 3374 2100 3413 se
2126 3359 2409 3429 epistolam
2444 3361 2625 3428 istam,
2663 3377 2786 3432 quae
2818 3364 2870 3418 in
2898 3378 3028 3421 vera
3053 3371 3260 3435 synodo
3290 3364 3343 3419 in
3364 3366 3520 3420 testi-

1950 3449 2185 3502 monium
2219 3447 2522 3509 atl'erretur.
2571 3450 2845 3507 Mareotici
2897 3468 3043 3515 vero,
3071 3453 3295 3522 epistola
3323 3454 3391 3507 ad
3428 3470 3517 3526 sy-

1949 3541 2146 3596 nodum
2174 3540 2391 3611 Tyriam
2423 3542 2608 3608 missa,
2634 3544 2939 3611 signiﬁcant
2961 3545 3232 3617 lschyram
3267 3562 3373 3601 non
3399 3562 3525 3602 vere

1950 3633 2345 3705 presbyterum,
2377 3632 2496 3688 ficta
2524 3635 2755 3690 crimina
2786 3637 2841 3691 in
2888 3636 3206 3703 Macarium,
3238 3639 3292 3692 id
3331 3639 3434 3693 sibi
3469 3639 3522 3694 in

1948 3726 2137 3781 eodem
2171 3741 2302 3795 agro
2333 3728 2675 3783 versantibus
2702 3730 2869 3799 probe
2894 3742 3227 3800 compertum
3253 3746 3394 3795 esse.
3429 3734 3523 3801 qui

1947 3816 2244 3872 Athanasio
2293 3817 2581 3874 Mareotica
2627 3820 2745 3875 loca
2801 3820 3146 3892 perlustranti
3187 3837 3403 3892 semper
3430 3826 3525 3878 ad-

1948 3917 2160 3964 essent:
2186 3912 2509 3967 accedentes
2542 3926 2602 3967 se
2632 3922 2690 3966 ut
2708 3912 3154 3983 inquisitionibus
3178 3913 3521 3983 interessent.

1947 4000 2093 4055 aditu
2127 4000 2472 4065 interclusos,
2512 4004 2782 4073 repulsam
2827 4004 3036 4074 tulisse,
3071 4016 3127 4061 et
3169 4020 3383 4067 summo
3402 4009 3526 4077 qui-

1948 4091 2070 4147 dem
2105 4107 2266 4163 opere
2314 4106 2591 4164 exoptare,
2621 4104 2679 4157 ut
2721 4097 2922 4168 Tyrum
2963 4100 3251 4165 accedendi
3294 4099 3527 4167 facultas

1949 4185 2039 4247 sit,
2067 4186 2110 4240 si
2138 4201 2243 4239 non
2273 4186 2555 4254 omnibus,
2598 4189 2786 4251 saltem
2817 4190 3138 4260 quibusdam
3163 4207 3193 4246 a
3224 4207 3283 4255 se
3315 4193 3526 4262 legatis.

1948 4277 2148 4332 Eadem
2194 4277 2364 4334 ferme
2414 4279 2528 4349 ipsa
2574 4279 2886 4349 Harentici,
2929 4281 3204 4354 Philagrio
3245 4285 3525 4355 praefecto,

1948 4368 2189 4425 Palladio
2214 4370 2440 4427 Curioso
2476 4382 2531 4427 et
2561 4374 2798 4439 Antonio
2836 4386 3234 4437 commeatuum
3274 4378 3529 4448 praefecto

1948 4460 2144 4517 litteris
2183 4464 2514 4527 renuntiant.
2544 4474 2843 4534 rogantque
2876 4475 2935 4520 ut
2964 4466 3185 4533 hujusce
3231 4470 3309 4525 rei
3338 4470 3529 4535 notitia

258 4563 580 4627 incuncta
614 4578 892 4632 nunquam
926 4560 1287 4617 Christianam
1331 4560 1603 4631 professus
1625 4560 1836 4630 religio-
1870 4572 1918 4632 ι)
1946 4554 2014 4607 ad
2056 4553 2436 4623 imperatorem
2482 4565 2537 4608 θι
2578 4557 2643 4619 ad
2687 4556 2826 4615 filios
2882 4554 2999 4624 ejus
3040 4557 3338 4624 deferatur-
3390 4559 3527 4614 Data

263 4668 408 4709 nem.
430 4655 535 4713 Nec
556 4658 693 4712 satis
713 4653 963 4711 consulto
985 4662 1160 4710 tamen
1182 4652 1517 4712 concinnatae
1544 4667 1632 4706 res
1655 4651 1837 4716 fuere;

265 4748 479 4819 suisque
507 4750 611 4819 ipsi
646 4750 950 4815 fraudibus,
988 4749 1100 4804 suis
1132 4748 1580 4809 machinamentis
1623 4749 1841 4821 proditi,

267 4853 331 4895 ac
353 4843 483 4909 suis,
504 4851 562 4897 ut
608 4844 682 4897 ita
724 4843 931 4903 dicam,
961 4840 1083 4895 telis
1115 4840 1353 4896 confossi
1382 4847 1528 4898 sunt.
1558 4841 1634 4897 De
1673 4839 1844 4894 sacris

268 4934 411 4988 enim
430 4937 785 5004 qumstionem
823 4933 1089 4989 habentes
1112 4948 1234 4989 cum
1274 4932 1475 4990 Iudaeis
1515 4944 1570 4993 et
1593 4932 1847 4989 catechu-

275 5027 438 5081 tnenis
464 5046 477 5083 :
512 5026 768 5092 Ubinam,
802 5025 1046 5088 aiebant,
1071 5026 1257 5089 eratis,
1287 5025 1505 5095 quando
1533 5027 1846 5094 irrumpens

274 5115 524 5176 Macarius
548 5135 803 5177 mensam
823 5118 1025 5173 evertit
1054 5117 1078 5173 ἵ
1102 5117 1273 5183 Intus,
1294 5118 1565 5187 inquiunt,
1593 5132 1841 5175 eramus.

272 5213 421 5280 Atqui
464 5229 567 5269 non
619 5220 845 5286 poterat
878 5209 1080 5265 oblatio
1130 5218 1240 5263 tum
1291 5209 1426 5276 fieri,
1481 5211 1527 5264 si
1580 5212 1842 5271 catechu-

1951 4645 2050 4710 fuit
2077 4646 2194 4701 haec
2226 4648 2450 4716 epistola
2484 4648 2571 4709 die
2596 4647 2804 4713 decima
2834 4648 3036 4704 mensis
3059 4649 3223 4716 That,
3252 4651 3306 4705 id
3329 4662 3411 4719 est
3444 4667 3532 4707 se-

1949 4738 2113 4806 ptima
2141 4737 2491 4805 Septembris,
2510 4753 2652 4794 coss.
2679 4737 2822 4793 Julio
2846 4738 3168 4801 Constantio
3191 4742 3365 4803 fratre
3388 4742 3537 4799 Con-

1951 4832 2176 4891 stantini
2208 4831 2548 4901 imperatoris
2594 4841 2651 4887 et
2680 4830 2876 4897 Ruﬁno
2917 4830 3135 4899 Albino,
3164 4848 3317 4903 anno
3349 4837 3539 4893 Domi-

1954 4926 2007 4981 ni
2032 4924 2166 4980 5'55.

2021 5019 2110 5085 l9.
2151 5017 2230 5074 Ex
2264 5016 2503 5075 Mareote
2536 5018 2763 5089 profecti
2814 5019 3203 5087 Alexandriam
3237 5025 3353 5096 (ε),
3393 5024 3541 5093 indi-

1948 5129 2055 5186 gna
2112 5114 2167 5173 in
2219 5113 2548 5180 Catholicos,
2575 5114 2628 5181 in
2677 5115 2936 5182 virgines,
2989 5115 3042 5173 in
3090 5116 3233 5187 frugi
3282 5118 3535 5183 homines

1947 5203 2230 5263 Athanasii
2288 5214 2537 5265 amantes
2602 5214 3001 5275 perpetrarent.
3058 5205 3261 5271 Eorum
3333 5209 3534 5278 quippe

268 5308 403 5359 ωειιί
421 5306 559 5363 intus
591 5315 780 5364 erant.
797 5304 1005 5358 Etcum
1037 5303 1228 5359 litteris
1255 5303 1601 5373 evulgassent
1621 5304 1841 5371 ubique,
1942 5295 2095 5366 jussu
2119 5297 2321 5354 milites
2337 5305 2393 5352 et
2413 5296 2640 5366 gentiles
2665 5297 2873 5361 strictis
2885 5297 3077 5366 gladiis
3101 5297 3312 5361 obvios,
3330 5309 3386 5365 et
3411 5312 3533 5355 rna-

258 5406 430 5455 stante
448 5399 666 5471 lschyra
701 5408 761 5453 et
800 5410 964 5450 saera
994 5394 1484 5459 faciente,irruisse
1515 5395 1839 5462 Hacariutn,

250 5499 303 5542 et
330 5494 501 5548 omnia
527 5494 847 5552 evertisse;
883 5502 947 5542 ea
983 5502 1195 5558 quoque
1219 5488 1285 5543 de
1313 5501 1372 5541 re
1424 5497 1838 5557 percontantur,

244 5578 458 5638 ubinam
486 5592 636 5641 esset
667 5581 953 5649 Ischyras,
983 5592 1089 5645 quo
1127 5586 1365 5653 tempore
1392 5575 1665 5635 Macarius
1693 5577 1840 5632 irru-

307 5726 381 5797 (a)
409 5732 615 5785 Athan.
663 5724 901 5792 Apolog.
942 5731 1122 5797 contra
1156 5722 1365 5791 Arium,
1397 5740 1453 5777 n.
1488 5720 1579 5790 15,
1618 5719 1710 5776 id.

313 5792 384 5868 ib)
416 5803 621 5857 Athan.
655 5798 826 5868 ihid.,
865 5810 919 5846 Il.
950 5792 1037 5845 85.

314 5805 364 5868 (υ
416 5803 621 5857 Athan.
655 5802 798 5853 ibid.

314 5802 384 5944 (ci
421 5873 628 5927 Athan.
664 5865 808 5923 ibid.

474 5970 769 6031 PATROL.
821 5961 944 6022 (in.
992 5960 1193 6021 XXV.

1948 5389 2096 5444 xime
2112 5389 2346 5457 virgines
2369 5390 2648 5471 impetere,
2666 5405 2851 5451 earum
2873 5406 3028 5447 sacra
3049 5404 3275 5460 corpora
3303 5391 3529 5457 nudare,

1949 5482 2179 5547 caedere,
2212 5482 2283 5537 ita
2320 5490 2378 5536 ut
2406 5482 2635 5550 pedibus
2668 5483 2809 5539 male
2836 5483 3077 5547 multata
3132 5483 3526 5546 claudicarent.

1949 5573 2163 5629 Ethnici
2212 5589 2341 5629 vero
2377 5589 2500 5629 aras
2542 5586 2597 5630 et
2642 5576 2913 5634 sacrificia
2958 5574 3249 5646 minitari;
3285 5576 3421 5639 adeo
3472 5588 3531 5632 ut

2017 5715 2097 5790 (cf)
2138 5720 2334 5773 Athan.
2366 5718 2524 5790 ibid.,
2553 5734 2605 5771 n.
2642 5717 2712 5790 7775

2018 5788 2090 5859 (ϐ)
2128 5792 2329 5844 Athan.
2358 5789 2511 5854 ΠΜ,
2544 5805 2597 5842 n.
2637 5788 2717 5839 ιὲ.
