4038 6568
543 416 742 457 ικκκγι

1894 406 2425 463 PROLEGOMENA.

545 523 871 580 temerarius
902 523 1118 592 quidam
1156 524 1337 589 homo,
1364 524 1519 594 quasi
1563 533 1829 593 potestate
1861 526 1929 580 ab
1955 528 2118 597 impio
2148 530 2190 585 Α
2221 523 2397 595 legati.
2418 524 2540 579 llzec
2559 525 2912 581 conscelerati
2938 525 3184 581 homines
3204 525 3397 581 litteris
3418 523 3802 580 mandareuon

541 613 799 682 praefecto
824 615 875 666 in
906 614 1281 684 episcoporum
1310 615 1538 684 gratiam
1566 625 1811 683 accepta,
1849 618 2113 688 virginem

544 721 704 758 manu
728 706 1005 775 abreptam
1032 707 1097 759 ad
1125 707 1295 761 altare
1320 706 1459 761 forte
1489 707 1707 763 obvium
1739 714 2115 777 raptaret,vim

539 795 669 849 olim
710 795 1034 850 Christianis
1064 796 1267 851 illatam
1316 808 1372 853 et
1418 809 1769 870 tyrannorum
1804 800 2113 854 violentiam

542 888 843 946 tumulatus.
881 889 1022 943 Inter
1063 890 1177 945 lucc
1226 891 1466 945 facinora
1507 892 1695 947 videre
1736 902 1852 946 erat
1883 894 2118 964 virgines

542 982 760 1051 fugere,
815 991 871 1037 et
925 982 1170 1037 ethnicos
1228 981 1522 1038 Ecclesiam
1568 984 1775 1047 ridere,
1807 992 1860 1037 et
1901 985 2114 1053 quidem

544 1085 674 1129 ante
694 1075 837 1145 ipsas
852 1076 1223 1145 episcoporum
1240 1077 1398 1141 mdes,
1426 1091 1543 1145 quae
1558 1091 1743 1131 revera
1775 1088 1930 1130 erant
1953 1076 2117 1131 offici-

548 1182 612 1219 na
651 1167 905 1235 nequitiae
932 1177 985 1223 et
1009 1170 1341 1223 diversorum
1365 1168 1709 1238 flagitiorum.
1729 1168 1803 1223 Ex
1830 1184 1892 1223 ea
1920 1171 2116 1239 quippe

543 1259 702 1313 domo
755 1259 947 1329 gladiis
988 1276 1049 1315 ac
1079 1260 1208 1315 telis
1256 1261 1501 1315 instructi
1547 1262 1857 1331 prodibant,
1892 1262 1982 1330 qui
2008 1262 2114 1315 vim

538 1360 594 1405 et
624 1352 762 1406 mala
793 1352 1088 1408 Catltolicis
1116 1353 1395 1417 inferrent,
1428 1354 1519 1423 qui
1569 1354 1805 1422 virgines
1830 1354 1978 1408 nullo
2010 1368 2114 1408 non

539 1445 986 1500 contumeliarum
1011 1460 1206 1516 genere
1235 1454 1542 1500 onerarent.
1569 1447 1633 1501 Et
1660 1448 1772 1501 haec
1794 1447 1895 1502 illa:
1920 1446 2111 1517 jejunii

539 1545 783 1606 tempore
827 1553 854 1589 a
896 1538 1154 1591 militibus
1188 1536 1666 1593 cantubernalihus
1704 1546 1757 1592 et
1786 1535 2115 1607 compotori-

540 1628 638 1681 bus
676 1627 1051 1697 episcoporum
1099 1641 1364 1696 perpessa:
1389 1636 1533 1683 sunt.
1572 1627 1702 1694 Qua:
1730 1636 1908 1681 autem
1937 1635 2115 1681 tanto-

540 1733 656 1771 rum
704 1716 1025 1788 ﬂagitiorum
1074 1721 1290 1773 occasio
1335 1719 1516 1781 fuerit,
1555 1718 1798 1787 nuspiam
1857 1718 2109 1774 traditur.

542 1814 737 1868 Verum
767 1814 1020 1881 augurari
1051 1813 1173 1868 licet
1209 1828 1275 1867 eo
1315 1813 1617 1881 iniquitatis
1649 1821 1702 1867 et
1736 1811 2004 1865 violentia:
2032 1810 2109 1864 le-

2218 615 2570 668 eruhuerunt.
2602 613 2906 687 Presbyteri
2928 626 3116 670 autem
3170 612 3475 678 Mareotici,
3503 614 3594 683 qui
3617 613 3805 670 confu-

2220 708 2365 761 tandi
2397 705 2629 778 Ischyra:
2653 723 2812 763 causa
2858 716 3206 764 accesserunt
3242 707 3338 778 (c),
3372 723 3439 761 ne
3478 706 3651 761 auditi
3683 707 3804 776 qui-

2218 798 2363 861 dem,
2397 798 2594 868 repulsi
2650 809 2796 853 sunt.
2854 798 3003 852 Multi
3053 808 3231 853 tamen
3271 813 3338 853 ex
3389 799 3662 870 episcopis
3714 799 3801 864 qui

2218 888 2465 953 aderant,
2506 890 2690 959 iniquo
2733 890 2937 957 judicio
2966 905 3032 945 ac
3062 892 3222 946 rebus
3251 899 3440 946 contra
3476 891 3567 962 jus
3596 891 3805 959 .fasque

2216 980 2387 1049 gestis
2412 980 2635 1036 minime
2670 981 2942 1051 astipulati
2986 992 3133 1038 sunt.
3183 981 3455 1038 Maximus
3502 992 3685 1038 autem
3717 981 3805 1037 Je-

2218 1067 2661 1139 rosolymitanus,
2695 1085 2816 1125 cum
2873 1071 2924 1125 in
2974 1073 3133 1127 turba
3184 1072 3579 1128 sceleratorum
3619 1074 3803 1127 consi-

2217 1168 2405 1226 steret,
2453 1160 2536 1214 vir
2567 1169 2743 1215 tamen
2778 1162 2899 1233 pius
2944 1172 2997 1216 et
3047 1164 3409 1219 sanctimonia
3442 1162 3719 1237 insignis,
3752 1174 3803 1219 et

2214 1249 2417 1307 Christi
2455 1250 2756 1318 confessor,
2809 1268 2839 1307 a
2883 1253 3194 1324 Paphnutio
3242 1255 3498 1329 Egyptio
3546 1258 3802 1327 episc0pn

2215 1343 2421 1411 pariter
2449 1344 2781 1411 confessore,
2827 1346 2912 1400 cui
2957 1345 3185 1403 effossus
3236 1348 3423 1404 oculus
3454 1363 3553 1419 pro
3594 1349 3799 1405 Christi

2217 1436 2434 1493 nomine
2483 1437 2697 1502 fuerat,
2732 1455 2893 1493 manu
2948 1440 3177 1495 eductus
3217 1449 3300 1495 est
3350 1457 3415 1495 ex
3460 1441 3693 1512 synodo,
3734 1458 3799 1497 ne

2215 1544 2502 1598 pravormn
2527 1530 2730 1598 judicio
2764 1532 3169 1602 astipularetur.
3198 1532 3332 1586 Sunt
3365 1543 3545 1588 autem
3574 1534 3667 1603 qui
3704 1550 3799 1587 an-

2214 1629 2296 1673 tea
2345 1621 2396 1674 in
2450 1621 2566 1691 ipso
2602 1624 2790 1694 synodi
2829 1622 3063 1676 decursu
3106 1623 3158 1676 id
3199 1635 3410 1695 gestum
3438 1625 3796 1680 arbitrentur.

2210 1709 2301 1764 Ait
2328 1720 2505 1764 autem
2547 1710 2799 1767 Socrates
2823 1712 3233 1783 (d),Maximum
3253 1713 3589 1769 damnationi
3629 1715 3799 1769 Atha-

2212 1806 2349 1859 nasii
2374 1803 2691 1876 suffragium
2717 1808 3053 1877 ascripsisse.
3070 1807 3267 1861 Verum
3294 1809 3601 1863 accuratius
3630 1808 3800 1864 multo

538 1915 691 1970 gatos
738 1915 792 1960 et
832 1905 1142 1974 praefectum
1175 1919 1515 1975 progressos,
1550 1904 1671 1972 quia
1714 1912 2001 1958 cernerent
2022 1918 2117 1972 po-
2147 1896 2191 1954 B
2220 1895 2554 1953 Sozomeuns
2598 1898 2689 1969 (ε),
2721 1914 2881 1969 quam
2932 1900 3210 1967 Socrates,
3242 1917 3362 1970 qua:
3395 1899 3616 1972 Tyriam
3677 1916 3801 1971 spe-

539 1996 718 2066 pulum
759 1996 1202 2057 Alexandrinum,
1236 1996 1577 2064 maximeque
1608 1994 1845 2065 virgines
1887 1994 2111 2049 horrere

539 2090 682 2145 illam
722 2090 1060 2160 periniquam
1108 2097 1294 2143 contra
1328 2088 1676 2143 Athanasium
1707 2096 1967 2143 structam
1992 2101 2115 2142 con-

538 2181 912 2250 spirationem,
946 2189 999 2235 et
1025 2181 1251 2235 fortasse
1274 2179 1573 2234 maledictis
1605 2177 1723 2246 ejus
1764 2177 2000 2232 artifices
2037 2177 2114 2231 in-

536 2272 711 2340 Sequi,
740 2286 862 2326 cum
891 2281 1010 2340 post
1035 2282 1251 2340 peracta
1286 2271 1373 2324 illa
1400 2270 1604 2326 nefaria
1635 2279 1979 2325 monumenta
1998 2286 2114 2340 pro-

534 2364 790 2418 cederent
820 2379 915 2432 per
944 2366 1156 2417 urbem.
1668 2374 1671 2383 '

603 2454 694 2509 20.
735 2456 1057 2509 Athanasius
1092 2456 1398 2508 damnatur.
1433 2483 1502 2493 —
1546 2453 1730 2523 Legati
1771 2453 1984 2507 demum
2035 2467 2115 2506 re-

537 2547 637 2601 bus
671 2548 931 2614 prarclare
961 2547 1127 2616 gestis
1158 2546 1362 2615 Tyrum
1414 2545 1802 2613 remigrarnnt,
1840 2560 1961 2599 cum
1994 2558 2113 2598 sese

529 2639 641 2708 jam
658 2639 988 2694 Athanasius
1008 2639 1431 2694 Eusebianornm
1458 2637 1624 2693 furori
1642 2638 1993 2707 proripuisset
2011 2636 2110 2709 (a),

536 2733 628 2785 Ait
648 2747 777 2786 vero
810 2732 1090 2797 Socrates,
1114 2740 1236 2801 post
1259 2730 1438 2801 fugant
1467 2731 1839 2795 Athanasium,
1863 2730 2110 2784 derlinati

532 2823 717 2893 judicii
768 2838 955 2887 causa,
988 2824 1300 2878 damnatum
1348 2822 1557 2889 fuisse;
1596 2831 1876 2891 postquam
1933 2829 2109 2874 autem

533 2924 651 2970 acta
684 2913 972 2969 Mareotica
1008 2913 1166 2967 allata
1202 2923 1345 2977 sunt,
1374 2913 1729 2967 abdicationis
1753 2913 1803 2965 in
1835 2926 1954 2964 eum
1990 2926 2111 2965 sen-

536 3002 756 3057 tentiam
793 3002 976 3057 tulisse
997 3000 1344 3057 Eusebianos.
1378 2999 1712 3056 Sozomenus
1743 3017 1869 3056 vero
1897 3002 1994 3073 (ὁ),
2021 3001 2111 3070 qui

535 3096 725 3165 Tyrias
750 3111 835 3151 res
879 3096 1188 3151 accuratius
1218 3109 1379 3163 quam
1411 3096 1502 3149 alii
1534 3103 1799 3159 recenset,
1833 3095 1916 3150 bis
1944 3109 2112 3165 prope

532 3185 708 3242 verbis
735 3200 846 3241 rem
878 3197 1116 3241 enarrat.
1157 3186 1407 3257 Synodus
1442 3187 1715 3242 absentem
1754 3187 2106 3241 Athanasium

531 3280 808 3333 damnavit
862 3289 916 3335 et
985 3281 1297 3349 episcopatu
1363 3280 1667 3344 abdicavit;
1719 3281 2110 3350 interdixitque

530 3375 677 3427 aditu
708 3356 1069 3437 Alexandriae,
1101 3388 1166 3427 ne
1205 3372 1528 3427 tumultuum
1576 3377 1962 3442 turbarumque
2012 3390 2110 3427 au-

530 3476 648 3522 ctor
670 3475 838 3521 esset.
867 3464 1126 3520 Joannem
1160 3481 1286 3520 vero
1315 3477 1369 3521 et
1399 3466 1656 3533 asset-las,
1688 3477 1942 3536 tanquam
1969 3466 2108 3534 inju-

530 3558 608 3614 ria
646 3558 828 3628 pulsos
856 3566 912 3613 et
937 3556 1074 3611 male
1102 3570 1374 3627 acceptos,
1408 3559 1473 3612 ad
1510 3560 1907 3614 communionis
1939 3563 2111 3615 socie-

531 3659 693 3706 tatem
740 3649 996 3716 admittit,
1029 3650 1364 3720 singulisque
1405 3667 1559 3706 sumn
1595 3652 1645 3705 in
1692 3652 1841 3707 clero
1884 3656 2106 3724 gradum

531 3744 785 3799 restituit.
832 3743 969 3798 Hinc
1011 3744 1207 3798 litteris
1255 3745 1570 3813 imperatori
1605 3756 1754 3815 gesta
1785 3762 1879 3799 sua
1909 3747 2108 3816 signiﬁ-

531 3849 655 3892 cant
681 3837 970 3892 Eusebiani
992 3876 1005 3901 ,
1037 3838 1396 3907 epistolasque
1424 3839 1675 3894 omnibus
1707 3839 1904 3909 ubique
1931 3852 2104 3894 terra-

533 3946 649 3984 rum
681 3929 997 4000 praasulibus
1025 3930 1265 3993 mittunt,
1298 3930 1451 3998 queis
1478 3930 1762 3985 hortantur
1783 3942 1839 3985 ut
1872 3948 1939 3985 ne
1969 3932 2103 3986 ultra

531 4022 809 4077 Athanasii
853 4021 1219 4076 communioni
1269 4023 1379 4077 sint
1438 4022 1710 4093 adjuncti,
1759 4041 1857 4079 neu
1912 4025 2107 4079 litteris

528 4114 673 4169 ultro
698 4114 945 4182 citroque
973 4115 1154 4169 missis
1188 4113 1481 4168 amicitiam
1530 4129 1651 4169 cum
1704 4115 1795 4169 illo
1848 4116 2102 4182 foveant;

528 4208 816 4263 scelestqu
865 4216 1149 4269 vocantes,
1181 4222 1330 4260 reum
1378 4205 1664 4261 multorum
1707 4208 2107 4264 criminumde-

528 4302 894 4372 prehensum,
943 4299 1063 4375 fuga
1104 4299 1343 4371 elapsum
1392 4299 1695 4369 iudicibus,
1731 4303 1871 4368 quod
1908 4317 2103 4356 novum

526 4393 829 4448 facinorum
866 4402 1013 4447 esset
1048 4401 1447 4463 argumentum.
1484 4391 1595 4446 llac
1629 4408 1794 4460 porro
1834 4391 1899 4445 de
1932 4407 2098 4446 causa

527 4484 759 4541 inﬂictas
788 4483 837 4540 ei
872 4497 1060 4553 ptenas
1109 4497 1249 4547 esse,
1301 4483 1441 4551 quod
1490 4498 1612 4537 cum
1663 4496 1807 4535 anno
1857 4483 2104 4551 proximo

522 4579 794 4651 synodum
829 4576 1110 4631 Athanasii
1155 4590 1315 4631 causa
1347 4574 1607 4630 celebrari
1638 4573 1898 4628 edixisset
1934 4576 2102 4643 impe-

526 4680 696 4734 rator,
734 4671 1086 4725 detrectasset
1134 4668 1222 4723 ille
1260 4667 1363 4722 iter
1415 4667 1720 4732 instituere,
1755 4666 1965 4721 tametsi
2001 4667 2100 4720 ad-

527 4773 747 4817 ventum
773 4762 942 4831 ipsius
982 4769 1360 4826 exspectantes
1404 4759 1552 4813 multi
1580 4759 1837 4829 praesules
1860 4799 1876 4825 ,
1898 4758 2103 4812 diutur-

526 4869 654 4909 num
711 4855 976 4910 Casareae
1023 4861 1232 4920 tempus
1290 4862 1685 4918 extraxerant;
1717 4852 1911 4906 deinde
1959 4852 2099 4919 quod

528 4962 650 5000 cum
700 4944 916 5015 plurimi
951 4944 1324 5015 episcoporum
1372 4944 1501 5013 Tyri
1555 4944 1958 5007 convenissent,
2010 4943 2102 4997 ille

528 5039 869 5094 multitudine
890 5039 1120 5108 stipatus
1141 5039 1419 5103 accedens,
1442 5037 1613 5091 turbis
1638 5037 2101 5107 seditionibusque

527 5131 829 5187 excitandis
871 5139 1120 5185 navasset
1166 5145 1410 5200 cperam,
1455 5130 1614 5183 modo
1650 5128 1830 5182 oblata
1866 5129 2097 5183 crimina

525 5222 794 5295 depellere
824 5222 1081 5283 abnuens,
1113 5221 1273 5274 modo
1315 5219 1557 5289 singulos
1599 5219 1884 5288 episcopos
1913 5221 2099 5272 convi-

525 5316 623 5372 ciis
652 5324 703 5371 et
730 5313 943 5383 probris
972 5326 1228 5377 onerans,
1259 5311 1526 5365 interdum
1553 5310 1755 5364 accitus
1783 5324 2101 5378 nonogerens

454 5468 459 5471 _
524 5424 753 5465 morem.
795 5405 1069 5463 Confracti
1104 5416 1283 5459 autem
1331 5402 1537 5473 mystici
1566 5400 1747 5471 poculi
1797 5402 2099 5455 convictum

526 5504 692 5559 fuisse
714 5501 1059 5565 denuntiant,
1084 5500 1239 5566 cujus
1272 5499 1346 5551 rei
1389 5504 1555 5552 testes
1593 5502 1778 5549 essent
1818 5492 2097 5549 Mareotici

596 5616 675 5686 (α)
717 5613 935 5686 Socrat.
961 5612 1063 5686 lib.
1097 5625 1135 5673 ι,
1163 5623 1280 5674 cap.

595 5677 671 5755 {bi
711 5684 929 5739 Sozam.
961 5683 1147 5755 ιὶιιχιι,
1185 5677 1412 5755 cap.

595 5746 666 5824 (ο)
711 5758 909 5808 Athan.
944 5752 1309 5824 Apollcontra
1341 5749 1502 5801 Arian
1533 5788 1546 5813 ,
1574 5763 1626 5801 ιι.
1662 5746 1744 5798 I7.

599 5821 675 5899 (αξ)
867 5839 924 5884 ιι,
952 5835 1069 5888 cap.

600 5890 669 5969 (ε)
712 5894 827 5951 Lib.
858 5908 937 5954 ιιι,
963 5905 1080 5957 cup.
1113 5890 1145 5941 ti

2212 1998 2363 2044 ctant
2393 1990 2656 2061 synodum
2688 1995 3055 2060 pertractavit.
3087 1993 3196 2049 Nec
3232 1994 3349 2063 plus
3375 1992 3538 2048 habet
3563 1993 3798 2047 firmita-

2214 2083 2303 2148 tis,
2335 2085 2477 2152 quod
2528 2084 2603 2136 ait
2648 2084 2762 2152 ipse
2805 2083 3059 2140 Socrates
3102 2084 3191 2156 (ι’),
3225 2085 3511 2139 Arsenium
3554 2084 3799 2139 subscri-

2212 2178 2383 2247 psisse
2407 2177 2689 2232 Athanasii
2728 2177 3072 2234 abdicationi.
3118 2178 3249 2231 Nam
3283 2177 3524 2248 [Egyptii
3554 2176 3794 2248 episcopi

2214 2283 2356 2323 anno
2385 2268 2511 2331 540.
2541 2278 2919 2323 contestantur
2940 2269 3041 2323 sibi
3068 2268 3355 2324 Arsenium
3401 2271 3638 2334 Itazrere;
3679 2281 3735 2325 et
3764 2287 3793 2325 a

2214 2374 2342 2415 vero
2385 2360 2545 2414 simili
2588 2360 2868 2427 abhorret,
2905 2361 3193 2416 Arsenium
3218 2400 3232 2425 ,
3265 2360 3355 2429 qui
3405 2371 3652 2430 tempore
3701 2378 3793 2435 sy-

2214 2452 2342 2506 nodi
2364 2466 2429 2505 ex
2462 2452 2705 2518 partibus
2739 2453 2915 2506 stabat
2947 2450 3325 2514 Athanasii,ut
3354 2452 3793 2510 criminationem

2214 2543 2590 2613 propulsaret,
2624 2544 3059 2598 condemnationi
3102 2554 3288 2613 postea
3327 2545 3443 2612 ejus
3476 2544 3792 2616 suffragium

2214 2636 2445 2691 dedisse.
2503 2633 2791 2704 lgnoratur
2838 2651 3000 2706 porro
3031 2636 3251 2705 quinam
3290 2636 3530 2706 episcopi
3562 2638 3791 2693 abdica-

2215 2728 2344 2783 tioni
2378 2728 2661 2783 Athanasii
2692 2728 3029 2783 subscribere
3059 2730 3377 2783 renueriut:
3410 2746 3552 2785 unus
3582 2740 3791 2787 tantum

2213 2828 2545 2877 memoratur
2600 2820 2884 2875 Marcellus
2942 2821 3292 2893 Ancyranus,
3338 2823 3495 2892 cujus
3548 2838 3793 2896 persaepe

2213 2913 2415 2966 mentio
2441 2911 2686 2967 inferius.

2280 3005 2371 3059 2|.
2404 3003 2652 3075 [sc/tyras
2694 3006 2958 3075 epist-Opus
3007 3006 3362 3059 constituitur.
3386 3037 3457 3047 -—
3487 3006 3664 3062 Unutu
3707 3025 3793 3065 re—

2212 3099 2488 3161 stabat.ut
2524 3099 2733 3152 scilicet
2782 3100 3012 3170 lschyrte
3063 3101 3408 3170 symphantze
3449 3111 3662 3169 pactam
3702 3118 3792 3157 ca-

2213 3191 2430 3247 lumnia:
2488 3193 2793 3247 mercedem
2831 3193 3119 3247 Eusebiani
3167 3193 3461 3248 solverent.
3500 3194 3689 3265 Itaque
3736 3210 3793 3250 ut

2212 3286 2411 3355 Optatis
2431 3285 2663 3339 hominis
2690 3285 2842 3338 fleret
2863 3285 2996 3338 satis
3020 3284 3116 3354 (ς),
3140 3300 3284 3352 eum,
3309 3288 3521 3344 tametsi
3552 3291 3791 3344 nondum

2210 3378 2606 3447 presbyterum,
2644 3379 2696 3430 in
2738 3378 2857 3431 vico
2888 3378 3053 3447 ipsius
3086 3380 3322 3432 omnimn
3372 3379 3791 3437 Mareoticorum

2213 3470 2441 3524 minimo
2464 3470 2776 3538 episcopum
2800 3472 3213 3524 constituerunt.
3244 3470 3429 3539 Neque
3471 3481 3655 3526 tamen
3686 3488 3793 3527 non

2213 3563 2585 3634 intelligebant
2607 3562 2680 3616 illi
2711 3577 2821 3616 rem
2870 3563 3255 3631 perabsurdam
3284 3579 3485 3633 perque
3513 3564 3793 3634 indignam

2212 3671 2353 3723 esse,
2384 3667 2547 3727 atque
2585 3657 2966 3711 ecclesiasticae
3014 3656 3291 3710 traditioni
3342 3658 3643 3713 adversari.
3685 3658 3791 3712 Sed

2211 3749 2461 3817 pactione
2492 3763 2585 3802 sua
2619 3748 2669 3800 id
2701 3763 2862 3817 agere
2903 3746 3161 3816 compulsi
3191 3757 3347 3811 sunt;
3383 3763 3449 3801 ne
3492 3748 3535 3800 si
3578 3747 3797 3817 ingrate

2209 3856 2332 3895 cum
2365 3841 2785 3896 sceleratissimo
2834 3841 3049 3896 homine
3100 3851 3368 3910 ageretur,
3419 3839 3660 3895 fabulam
3702 3842 3795 3895 ille

2211 3942 2376 3989 totam
2416 3934 2776 3989 denuntiaret.
2808 3932 3119 4003 Imperatori
3148 3933 3309 4003 igitur
3334 3943 3587 3987 ‘uctores
3614 3934 3792 3999 fuere,

2212 4037 2268 4079 ut
2298 4026 2491 4080 litteris
2520 4026 2585 4078 ad
2632 4026 2965 4079 Catholicum
2998 4038 3091 4079 seu
3125 4023 3545 4079 Thesaurarium
3585 4027 3791 4093 missis,

2203 4118 2421 4188 juberet
2454 4116 2739 4171 ecclesiam
2768 4115 3003 4187 lscbyrze
3024 4115 3276 4171 :edilicari
3302 4118 3353 4170 iu
3392 4116 3510 4173 loco
3538 4117 3652 4173 Pax
3691 4120 3793 4175 Se-

2208 4209 2481 4263 contaruri
2531 4209 2693 4271 dicto,
2746 4222 2812 4261 eo
2870 4208 3084 4275 quidem
3139 4208 3361 4262 consilio
3394 4219 3453 4263 ut
3499 4209 3794 4280 episcOpns

2209 4319 2329 4357 cum
2360 4312 2505 4357 esset
2535 4312 2696 4367 atque
2738 4300 2965 4355 ecclesia
3001 4301 3199 4371 potitus
3219 4340 3231 4363 .
3257 4301 3361 4356 fide
3393 4302 3590 4371 dignus
3622 4306 3792 4360 habe-

2211 4405 2357 4449 retur
2379 4410 2499 4450 cmn
2530 4395 2594 4447 de
2618 4392 2789 4447 calice
2816 4402 2869 4446 et
2897 4392 2964 4447 de
2994 4407 3176 4447 mensa
3202 4390 3366 4447 ferret
3391 4396 3789 4451 testimonium.

2208 4486 2423 4542 Nullum
2455 4486 2597 4541 enim
2658 4500 2891 4555 unquam
2929 4495 3124 4540 nactus
3169 4484 3345 4539 fuerat
3390 4485 3790 4555 obsequentem

2134 4603 2179 4656 ι)
2210 4577 2484 4650 populum,
2528 4592 2594 4630 ne
2636 4587 2891 4644 c0gnatos
2921 4576 3136 4646 quidem
3178 4584 3232 4630 et
3262 4574 3448 4631 amnes
3485 4592 3617 4633 suos
3650 4596 3665 4643 ;
3694 4582 3792 4635 sed

2210 4670 2539 4739 sycophanta
2568 4668 2820 4721 audiebat
2844 4670 2982 4737 apud
3004 4680 3211 4730 omnes,
3244 4677 3320 4732 et,
3354 4675 3413 4721 ut
3432 4666 3511 4721 ait
3540 4668 3793 4723 Athana—

2208 4761 2342 4827 sius,
2369 4760 2520 4829 quasi
2550 4761 2702 4815 canis
2750 4760 3052 4829 pellebatur
3085 4760 3303 4829 ubique.
3339 4758 3661 4815 Catholicus
3691 4778 3791 4816 att-

2211 4861 2319 4906 tem
2354 4851 2637 4921 epistolam
2674 4851 2821 4904 misit
2843 4851 2909 4905 ad
2944 4860 3255 4905 exactorem
3288 4849 3563 4915 Mareotin,
3589 4850 3795 4918 jubens

2208 4943 2491 4998 ecclesiam
2532 4943 2583 4997 in
2620 4942 2921 5011 hujusmodi
2957 4942 3076 4997 vico
3108 4941 3332 4996 excitari
3367 4959 3379 4995 :
3418 4946 3563 5010 quod
3606 4954 3793 5000 tamen

2212 5037 2431 5090 minime
2477 5046 2752 5106 peractum
2779 5036 2901 5100 fuit,
2929 5035 3024 5091 sed
3060 5048 3285 5088 vacuam
3316 5034 3404 5087 ille
3438 5042 3493 5087 et
3538 5034 3791 5091 inutilem

2209 5126 2447 5181 servavit
2486 5126 2794 5195 epistolam,
2820 5141 2982 5196 quam
3013 5124 3082 5180 ad
3110 5125 3333 5179 verbum
3360 5124 3518 5180 affert
3546 5127 3795 5181 Athana-

2207 5218 2340 5273 sius.

2277 5310 2365 5364 2'2.
2406 5310 2651 5380 Episcopi
2695 5310 2839 5382 Tyrii
2868 5329 2901 5364 a
2935 5309 3276 5366 Constantino
3312 5318 3602 5366 evocantur
3638 5311 3798 5365 Jero-

2205 5402 2480 5472 solymam.
2553 5402 2803 5472 Synodus
2871 5401 3342 5472 Jerosolymitana.
3376 5431 3449 5444 -
3493 5403 3791 5458 Eusebiani

2206 5495 2502 5549 Athanasio
2531 5495 2786 5549 damnato
2804 5494 2903 5563 (h),
2926 5496 3151 5549 necdum
3181 5504 3359 5549 tamen
3392 5494 3659 5552 confectis
3700 5512 3791 5551 re-

2279 5606 2344 5676 (ἴ)
2383 5607 2501 5662 Lib.
2542 5625 2583 5672 t,
2613 5624 2730 5677 cap.
2763 5608 2854 5662 52.

2278 5680 2357 5747 (g)
2398 5679 2615 5749 Apolog.
2645 5690 2825 5732 contra
2856 5680 3110 5744 Arianos,
3145 5695 3202 5733 n.
3230 5679 3318 5734 85.

2280 5750 2360 5820 (h)
2400 5750 2611 5802 Socrat.
2654 5750 2746 5820 lih.
2777 5765 2816 5810 ι.
2844 5764 2963 5820 cap.
2998 5749 3100 5813 55;
3132 5750 3348 5806 Sozom.
3387 5749 3421 5803 l.
3444 5766 3502 5815 Il,
3536 5767 3658 5820 cap.
3676 5750 3788 5817 26;

2210 5818 2403 5874 EttScb.
2441 5821 2528 5873 lib.
2562 5834 2611 5873 tv
2645 5819 2718 5872 De
2747 5822 2848 5872 vita
2878 5818 3229 5883 Constantini,
3257 5836 3308 5875 c.
3340 5822 3407 5875 45
3443 5834 3498 5876 ct
3528 5818 3787 5893 Setiuettt.
