4038 6534
1702 392 1858 447 VITA
1899 396 1955 451 S.

280 473 373 527 lms
422 478 579 546 (una
618 486 878 556 quippe
928 501 1230 561 supererat,
1261 494 1413 561 cujus
1460 500 1631 568 gratia
1669 511 1819 556 tanta
1855 522 1964 559 mo-

282 564 505 633 limina,
539 580 810 630 tantum
850 585 1199 650 negotiorum
1234 584 1359 650 vim,
1395 598 1599 643 tantum
1646 592 1749 647 iter
1786 610 1970 652 susce-

280 673 508 729 perant,
534 681 791 736 nempe
818 682 887 724 ιιι
923 676 1111 728 Arium
1145 677 1482 749 Arianosque
1506 682 1557 735 in
1589 685 1968 744 ecclesiastica:

282 754 750 810 communionis
811 762 1148 817 sacietatem
1191 766 1584 837 admitterent),
1618 787 1728 826 rem
1775 790 1969 844 prope-

283 840 427 894 diem
473 848 730 909 acturi,
765 850 1161 919 imperatoriis
1188 855 1383 910 litteris
1406 863 1971 922 evocanturllieroso—

286 929 523 999 lymam,
557 937 912 994 tabellario
938 944 1202 1009 przeclaro
1228 948 1464 1015 quodam
1498 950 1635 1015 viro,
1674 953 1964 1024 imperato-

289 1024 360 1077 ris
393 1028 672 1091 notario,
712 1032 821 1086 cui
862 1050 1068 1088 nomen
1095 1036 1386 1092 Marianos.
1419 1039 1699 1098 Exstructa
1733 1063 1967 1118 namque

292 1117 342 1169 in
367 1117 685 1177 Calvaria:
720 1123 873 1181 loco
925 1130 1181 1195 ecclesia,
1207 1149 1325 1201 quae
1354 1153 1606 1209 magnum
1641 1143 1961 1212 martyrium

292 1209 568 1282 deinceps
632 1229 999 1289 nuncupata
1050 1234 1153 1286 est,
1200 1229 1455 1283 euczeniis
1501 1240 1667 1285 totam
1701 1235 1959 1304 synodum

294 1306 587 1363 interesse
657 1312 1048 1371 celebritatis
1102 1333 1262 1373 causa
1318 1324 1489 1376 voluit
1545 1324 1957 1385 Constantinus.

296 1397 515 1454 Mature
549 1404 753 1472 igitur
789 1421 866 1459 ex
921 1409 1151 1477 Augusti
1194 1422 1316 1467 vnto
1354 1430 1419 1469 eo
1459 1430 1519 1470 se
1550 1421 1824 1475 contulere
1847 1423 1963 1491 epi-

295 1494 477 1561 scOpi,
519 1504 587 1548 ιιι
619 1496 793 1552 alios
834 1514 910 1553 ex
946 1512 1060 1556 leto
1119 1514 1378 1559 terrarum
1413 1509 1543 1563 orbe
1574 1524 1793 1567 coactos
1832 1530 1960 1569 con-

298 1587 588 1641 venirent.
651 1589 846 1645 Tanti
910 1607 1089 1649 canus
1136 1598 1575 1668 amplitudinem,
1608 1604 1954 1674 dignitatem,

293 1679 573 1748 pietatem
608 1684 952 1752 magnifice
979 1689 1240 1744 describit
1272 1691 1540 1748 Eusebius
1578 1695 1956 1767 Cazsariensis;

291 1771 377 1824 cui
437 1772 732 1830 fortassis
798 1778 973 1831 fidem
1010 1779 1207 1835 habere
1254 1784 1444 1854 religio
1473 1784 1660 1853 fuerit,
1689 1804 1812 1844 cum
1862 1806 1958 1847 eos

288 1880 523 1934 quoque
579 1866 884 1925 laudibus
918 1883 1149 1928 exornet
1190 1877 1279 1945 qui
1328 1892 1426 1933 nec
1468 1882 1700 1938 obscure
1736 1883 1959 1940 Arianis

292 1959 462 2013 rebus
500 1960 751 2016 dabant
795 1979 1059 2032 operam,
1085 1966 1218 2021 alios
1247 1967 1433 2025 itidem
1460 1972 1697 2029 celebret
1729 1990 1957 2031 sexcen-

290 2052 362 2106 tis
407 2053 758 2109 sceleribus
782 2058 1086 2113 obnoxios.
1122 2057 1309 2116 Tacito
1342 2071 1522 2118 autem
1560 2065 1821 2138 cujusque
1859 2088 1957 2128 no-

292 2146 466 2209 mine,
504 2148 810 2203 indicatis
846 2150 1028 2204 solum
1054 2155 1363 2223 provinciis,
1393 2158 1459 2213 de
1489 2158 1763 2231 episcopis
1795 2166 1955 2219 verba

290 2238 449 2296 facit.
480 2239 602 2307 Qui
650 2240 1022 2300 Macedonia
1063 2246 1263 2315 primas
1291 2248 1490 2304 dicitur
1529 2253 1839 2310 Alexander
1872 2266 1956 2312 est

290 2328 892 2399 Thessalonicensis,
929 2333 1016 2388 vir
1061 2349 1191 2391 sane
1216 2335 1379 2406 frugi,
1427 2340 1639 2397 insidiis
1688 2354 1866 2400 tamen
1900 2358 1956 2403 et

292 2426 818 2482 machinamentis
865 2427 1195 2482 Arianorum
1236 2430 1657 2502 circumventus,
1688 2452 1754 2492 eo
1781 2440 1954 2494 addu-

288 2528 418 2571 ctus
443 2527 539 2571 est
566 2526 639 2572 ut
674 2518 739 2573 in
768 2534 975 2575 eorum
1019 2521 1263 2590 partibus
1294 2525 1635 2583 consisteret.
1665 2528 1828 2585 Lecta
1862 2532 1952 2587 illa

289 2607 617 2665 Ιιςιιιιιυιιίω
660 2621 727 2666 ει
792 2609 1011 2668 Moesia:
1053 2613 1326 2681 juventus,
1365 2616 1401 2670 ii
1446 2620 1873 2685 sunt.Ursacius
1900 2636 1955 2681 et

291 2700 532 2768 Valens,
578 2704 796 2760 multis
838 2704 1064 2776 flagitiis
1093 2708 1393 2778 nobilitati,
1428 2713 1544 2770 Arii
1601 2720 1908 2790 magisterio
1933 2762 1949 2788 ,

294 2798 618 2867 smdioque
668 2801 1079 2867 promovenda:
1122 2802 1391 2860 haereseos
1429 2806 1687 2878 insignes.
1734 2813 1954 2885 Episco-

302 2904 407 2955 pus
434 2900 641 2942 autem
678 2889 990 2943 Persarum
1015 2902 1344 2949 memoratus
1373 2895 1442 2950 ab
1474 2895 1706 2956 Eusebio
1735 2913 1953 2970 putatur

300 2996 427 3034 esse
459 2980 685 3045 lilies,
724 2982 826 3050 qui
868 2992 1054 3051 postea
1080 2982 1279 3039 Christi
1311 3002 1473 3043 causa
1516 2994 1753 3049 cervices
1785 2998 1948 3051 dedit.

304 3071 510 3128 Cilices
548 3074 825 3144 episcopi
872 3085 1033 3131 erant
1078 3076 1358 3138 Narcissus
1397 3084 1717 3143 Neroniadis
1741 3101 1792 3143 et
1842 3090 1951 3144 Ma-

307 3165 589 3220 cedonius
620 3166 1057 3236 Mopsuestenus
1085 3172 1300 3229 Arianis
1334 3176 1677 3234 deditissimi.
1705 3180 1947 3252 Longum

309 3265 458 3309 esset
495 3256 763 3326 reliquos
794 3272 861 3311 ex
886 3257 1138 3327 Thracia,
1165 3264 1434 3337 Bithynia,
1464 3268 1641 3340 Syria,
1671 3271 1946 3342 thnice,

316 3343 653 3413 Palaestina,
693 3350 1027 3420 czeterisque
1060 3357 1365 3427 regionibus
1396 3369 1947 3442 commemorarealix

318 3435 573 3509 Egypto
619 3451 816 3495 autem
854 3441 1133 3502 Thebaide
1170 3459 1333 3519 atque
1380 3451 1547 3525 Libya
1585 3458 1810 3513 aderant
1837 3436 1947 3515 ille-

318 3528 515 3585 letiani
568 3532 822 3601 episcopi
867 3550 883 3587 :
930 3536 1022 3604 qui
1069 3550 1189 3607 post
1230 3542 1418 3598 initam
1461 3561 1584 3599 cum
1625 3546 1943 3609 Eusebianis

320 3621 659 3676 societatem
708 3637 907 3679 eorum
956 3638 1134 3684 cretus
1162 3631 1312 3688 adire
1362 3649 1467 3689 non
1506 3636 1722 3709 impigri
1760 3653 1939 3696 erant.

323 3710 502 3768 Penes
526 3714 881 3773 Eusebianos
922 3734 1133 3775 summa
1167 3739 1343 3779 rerum
1372 3738 1526 3795 erat;
1561 3733 1678 3787 etsi
1708 3736 1796 3802 qui
1829 3736 1943 3790 fne-

322 3818 455 3857 runt
480 3804 539 3859 in
572 3818 725 3860 cmtu
762 3816 911 3863 tanto
936 3812 1073 3880 aequi
1114 3812 1346 3886 bonique
1371 3820 1623 3886 studiosi,
1650 3823 1686 3877 ii
1719 3825 1839 3879 dolo
1859 3836 1941 3881 at-

322 3912 436 3966 que
468 3900 782 3956 mendaciis
815 3901 1037 3958 illorum
1087 3921 1116 3960 a
1146 3913 1317 3978 probo
1369 3914 1594 3969 consilio
1640 3919 1857 3975 abducti
1885 3932 1941 3976 et

324 3990 706 4047 circumventi
731 4006 883 4059 sunt.
922 3993 1171 4053 Interfuit
1195 4002 1357 4055 etiam
1406 4003 1689 4063 Marcellus
1720 4010 1939 4067 Arianis

330 4083 764 4152 infestissimus,
804 4087 875 4142 de
912 4103 1021 4157 quo
1046 4105 1166 4145 mox
1202 4093 1451 4163 plurima.

400 4174 495 4228 23.
542 4174 665 4230 Non
716 4186 803 4232 est
850 4178 1083 4233 instituti
1143 4185 1310 4238 nostri
1366 4200 1428 4241 ea
1471 4203 1785 4258 recensere,
1814 4209 1936 4265 quae

324 4268 587 4322 ineunda:
615 4284 744 4324 cum
776 4270 1000 4325 Arianis
1045 4275 1231 4344 gratia:
1267 4292 1427 4333 causa
1469 4279 1627 4337 affert
1670 4285 1935 4345 Eusebius

324 4362 397 4416 de
420 4360 904 4433 Jerosolymitanaa
930 4369 1118 4438 synodi
1146 4370 1429 4441 dignitate,
1461 4376 1531 4429 ita
1559 4387 1619 4431 ut
1645 4380 1785 4434 ausit
1815 4395 1933 4436 eam

324 4469 451 4509 cum
488 4455 736 4516 Nicaeam.
774 4458 966 4514 decem
994 4469 1119 4515 ante
1144 4476 1317 4518 annos
1346 4465 1640 4534 celebrata,
1664 4471 1928 4528 conferre.

324 4547 591 4605 Ecclesia:
610 4551 778 4619 igitur
798 4568 827 4605 a
846 4552 1204 4610 Constantino
1224 4567 1511 4613 exstructa:
1532 4561 1756 4633 ejusque
1778 4566 1933 4621 donis
1965 4572 2011 4628 D
2039 4571 2458 4644 sophisticaeque
2476 4591 2558 4631 art

323 4654 500 4696 aucta:
541 4642 796 4698 encaeuia
820 4644 1064 4714 episcopi
1089 4646 1384 4705 celebrant.
1415 4647 1725 4708 Orationem
1748 4670 1809 4709 ea
1842 4658 1929 4712 die

324 4735 635 4791 solemnem
692 4736 887 4790 habmt
940 4735 1198 4793 Eusebius
1245 4739 1595 4798 Caesariensis
1640 4747 1706 4799 ad
1758 4756 1925 4803 totum

318 4830 711 4899 episcoporum
753 4836 807 4880 et
834 4825 1138 4882 aulicorum
1162 4839 1380 4886 emtum.
1420 4833 1571 4887 Diem
1620 4836 1923 4894 celebritati

318 4922 559 4993 assignat
584 4920 915 4976 Cbronicon
952 4919 1373 4979 Alexandrinum
1406 4941 1519 4980 xvn
1561 4927 1921 5001 Septembris,

315 5013 485 5071 Graeci
513 5015 870 5071 recentiores
897 5013 1161 5069 decimam
1194 5019 1405 5071 tertiam
1432 5018 1669 5087 ejusdem
1697 5026 1921 5081 mensis.

315 5108 438 5172 Quae
466 5108 611 5164 ratio
656 5106 941 5175 temporis
971 5104 1054 5158 vix
1087 5122 1150 5161 ac
1187 5123 1253 5163 ne
1294 5112 1382 5163 vix
1417 5113 1633 5181 quidem
1658 5118 1927 5195 quadrare

310 5213 476 5269 potest
504 5218 637 5259 cum
690 5198 939 5269 epistola
985 5199 1114 5254 cleri
1146 5201 1438 5268 Mareotici,
1464 5223 1582 5276 quze
1612 5208 1811 5265 dicitur
1838 5214 1929 5269 die

303 5297 502 5354 decima
537 5295 769 5353 mensis
795 5293 949 5348 Thot
991 5297 1292 5363 conscripta
1313 5339 1327 5361 .
1360 5299 1409 5353 id
1440 5312 1523 5357 est
1558 5305 1781 5373 septima
1828 5307 1922 5363 Se-

293 5394 721 5461 ptembris,quo
747 5396 1009 5453 tempore
1039 5390 1089 5440 in
1108 5388 1337 5461 Egypto
1369 5399 1725 5451 versabantur
1749 5398 1928 5455 'l'beo-

283 5488 397 5553 suis
444 5484 776 5552 cazterique
830 5477 996 5545 legati
1038 5479 1103 5531 ad
1146 5479 1457 5539 Mareotem.
1502 5485 1630 5542 lmle
1678 5503 1807 5543 vero
1854 5493 1932 5546 illi

273 5593 391 5650 post
434 5586 763 5654 peractam
803 5570 1263 5640 perquisitionem
1319 5574 1519 5648 Tyrum
1571 5595 1932 5654 concessere,

332 5747 411 5811 fa)
453 5744 696 5800 Athan.
738 5732 916 5811 Apol.
950 5746 1129 5788 contra
1158 5738 1365 5811 Arium.
1402 5758 1455 5795 η.
1489 5744 1579 5797 8i.

2001 396 2393 455 ATHANASII.
3428 435 3645 475 Lxxxvn

1994 511 2040 568 Α
2071 508 2157 560 ubi
2179 509 2432 576 perlectis
2457 527 2641 569 eorum
2667 518 3059 586 monumentis,
3090 521 3370 581 abdicatus
3403 530 3643 588 Athana-

2072 598 2184 653 sius
2214 609 2315 654 est.
2349 600 2463 656 Sub
2512 605 2646 671 hate,
2672 620 2930 664 evocante
2957 612 3341 679 Constantino,
3372 614 3646 693 Jerosoly-

2072 704 2213 745 mam
2241 697 2591 755 contendunt.
2629 699 2806 756 Minus
2840 717 2967 757 vero
2997 706 3156 773 spatii
3189 717 3243 762 et
3277 713 3535 780 temporis
3565 724 3648 767 est

2070 797 2099 834 a
2141 770 2346 840 decima
2389 786 2720 858 Septembris
2750 797 2816 849 ad
2864 796 3129 852 decimam
3178 801 3410 867 ter;iam,
3441 803 3523 858 vel
3556 804 3648 856 de-

2069 874 2263 929 cimam
2307 882 2611 947 septimam,
2648 900 2810 954 quam
2846 900 2903 941 ut
2936 906 2966 942 a
2998 906 3290 949 numeroso
3328 905 3477 951 cmtu
3522 906 3646 950 tan-

2072 976 2182 1023 turn
2230 971 2438 1029 itineris
2477 977 2549 1030 sit
2589 991 2892 1036 emensum.
2929 983 3186 1054 Adeoque
3232 998 3327 1042 aut
3372 1004 3529 1045 error
3576 992 3648 1045 sit

2065 1074 2277 1129 oportet
2309 1066 2360 1120 in
2396 1068 2623 1130 epistola
2642 1070 2783 1127 Cleri
2817 1074 3283 1149 Mare0tici,quod
3316 1083 3492 1138 minus
3524 1100 3646 1153 pro-

2067 1150 2280 1219 babile;
2310 1169 2403 1213 aut
2427 1158 2600 1216 Graeci
2631 1168 2873 1222 encaznia
2908 1171 3153 1228 ecclesiae
3181 1172 3648 1250 Jerosolymitanat

2064 1258 2167 1298 non
2196 1248 2475 1306 celebrant
2521 1268 2581 1306 ea
2616 1254 2731 1324 ipsa
2761 1274 2865 1326 qua
2910 1263 3254 1335 contigerunt
3293 1270 3398 1325 die.

2130 1337 2217 1390 24.
2255 1340 2412 1396 Arius
2443 1344 2745 1400 admittitur
2783 1352 2851 1403 ad
2886 1358 3410 1414 communionem.—
3439 1361 3649 1421 Secun—

2060 1424 2186 1480 dum
2224 1429 2337 1485 [nec
2362 1430 2646 1490 Eusebiani
2687 1439 2861 1506 palam
2906 1442 3148 1501 fecerunt
3189 1464 3295 1519 quo
3335 1465 3648 1521 spectarent

2062 1520 2147 1573 illa
2182 1532 2325 1577 tanta
2350 1527 2402 1579 in
2417 1527 2767 1587 Athanasium
2796 1536 3183 1613 molimina(a),
3202 1520 3427 1615 quoillze
3448 1551 3647 1608 circui-

2059 1614 2250 1681 tiones,
2269 1621 2716 1692 conspirationes,
2734 1628 3044 1698 calumniae;
3077 1638 3397 1696 concinnata
3428 1645 3644 1703 scilicet

2056 1700 2175 1757 hzec
2216 1708 2396 1763 omnia
2436 1709 2627 1781 fuisse,
2654 1726 2713 1771 ut
2756 1720 2935 1777 aditus
2982 1737 3268 1794 pararetur
3311 1732 3534 1792 Arianis
3577 1739 3645 1792 ad

2059 1792 2317 1853 Ecclesia:
2361 1807 2821 1865 communionem.
2851 1792 3093 1873 Tentata:
3128 1818 3290 1889 igitur
3309 1823 3379 1878 ab
3403 1825 3536 1882 Ario
3561 1845 3647 1885 re-

1989 1873 2032 1928 Β
2061 1885 2203 1943 ditus
2224 1890 2479 1955 viae,cum
2505 1914 2611 1952 non
2635 1914 2700 1955 ex
2728 1915 2828 1959 suo
2858 1919 3196 1980 suorumque
3221 1925 3345 1969 voto
3374 1915 3643 1977 hactenus

2059 1981 2367 2050 cessissent,
2398 1986 2507 2053 jam
2533 1989 2750 2049 Eusebii
2786 2006 2840 2052 et
2876 2001 3202 2059 asseclarum
3244 2023 3407 2078 opera
3440 2024 3644 2081 apertae

2058 2074 2381 2146 munitaeque
2405 2080 2571 2137 fuere.
2611 2084 2804 2144 Iisdem
2849 2093 3019 2161 enim,
3064 2107 3122 2151 ut
3152 2074 3375 2167 putatur
3402 2074 3642 2162 auctori-

2058 2167 2175 2235 bus,
2208 2169 2403 2228 litteris
2421 2174 2807 2237 Constantinus
2832 2181 3347 2259 Jerosolymitanam
3371 2198 3639 2266 synodum

2056 2263 2389 2334 cohortatur,
2432 2278 2490 2324 ut
2523 2272 2712 2328 Arium
2774 2288 2829 2333 et
2875 2294 3141 2350 sequaces
3191 2263 3462 2355 admittat,
3500 2305 3637 2362 quos

2058 2359 2187 2414 nulli
2228 2378 2334 2418 non
2367 2366 2508 2422 bono
2546 2367 2735 2426 infesta
2772 2374 2971 2432 invidia
3020 2378 3108 2434 diu
3161 2381 3294 2438 foris
3332 2359 3635 2444 Eeclesiam

2056 2450 2391 2509 detinuisset.
2416 2454 2616 2515 Sanam
2643 2477 2829 2519 eorum
2862 2466 3020 2522 fidem
3051 2470 3181 2539 ipsis
3201 2487 3385 2529 coram
3413 2477 3635 2548 loquen-

2058 2541 2200 2597 tibus
2231 2552 2282 2599 et
2324 2546 2390 2601 ad
2435 2549 2764 2623 interrogata
2801 2560 3251 2627 respondentibus
3279 2541 3631 2639 comperisse,

2056 2646 2219 2706 atque
2243 2654 2428 2697 eorum
2474 2644 2596 2700 ﬁdei
2632 2646 2922 2705 formulam
2951 2653 3193 2723 epistola:
3224 2672 3335 2715 sua:
3374 2661 3629 2731 adjicere.

2054 2728 2220 2799 Cujus
2241 2731 2487 2791 formula;
2518 2752 2894 2809 argumentum
2928 2749 3177 2818 superius
3208 2755 3275 2808 ad
3303 2728 3505 2813 annum
3526 2760 3633 2818 329

2054 2834 2349 2891 expensum
2387 2838 2489 2885 est.

2125 2914 2218 2970 25.
2246 2917 2517 2986 Ejusmodi
2542 2935 2765 2995 accepta
2818 2930 3162 3001 imperatoris
3192 2942 3422 3009 epistola
3455 2943 3630 3001 Ense-

2055 3004 2224 3071 biani,
2274 3010 2415 3066 haud
2448 3014 2677 3087 impigre
2703 3020 2819 3088 ejus
2847 3025 3059 3090 placitis
3097 3004 3513 3102 obtemperant;
3551 3048 3627 3102 et,

2058 3111 2171 3149 rem
2197 3099 2407 3155 scilicet
2427 3102 2635 3171 jamdiu
2665 3122 2911 3177 paratam
2961 3099 3410 3192 meditatamque,
3438 3099 3626 3182 Arium

1977 3228 2019 3285 ϐ
2054 3198 2107 3241 ει
2156 3189 2389 3248 Arianos
2442 3197 2737 3256 admittunt
2787 3205 2853 3257 ad
2917 3189 3356 3268 communionem
3391 3232 3629 3287 :resque

2052 3287 2232 3357 gestas
2277 3281 2459 3338 missis
2507 3285 2705 3344 litteris
2741 3293 2941 3363 ubique
2980 3306 3246 3356 terrarum
3292 3281 3626 3377 significant,

2051 3380 2297 3439 receptos
2334 3375 2567 3434 Arianos
2600 3383 2856 3452 evulgant
2885 3405 2899 3451 ;
2933 3388 3459 3462 idqueimperatoris
3502 3375 3628 3458 bore

2051 3469 2188 3524 tatu,
2228 3478 2291 3517 ac
2320 3468 2510 3536 synodi
2545 3470 2791 3529 decreto.
2823 3475 2942 3532 Non
2979 3480 3175 3537 desunt
3208 3495 3387 3543 tamen
3426 3506 3492 3546 ex
3538 3508 3629 3549 re—

2047 3553 2421 3622 centioribus,
2479 3562 2571 3629 qui
2623 3573 2866 3635 tempore
2921 3574 3112 3642 synodi
3157 3575 3631 3654 Jcrosolymitana:

2040 3642 2152 3713 jam
2184 3661 2409 3705 mortem
2434 3653 2637 3711 obiisse
2657 3657 2848 3713 Arium
2866 3664 3218 3733 arbitrentur,
3239 3642 3415 3742 neque
3435 3678 3624 3732 Arium

2046 3737 2244 3807 ipsum,
2279 3745 2374 3798 sed
2414 3746 2535 3815 ejus
2579 3764 2843 3819 sequaces
2886 3757 3174 3815 admissos.
3206 3761 3380 3829 Quam
3407 3780 3637 3849 sententi

2046 3831 2171 3884 tiam
2203 3834 2339 3890 alias
2369 3840 2789 3902 confutavimus.

2110 3922 2199 3977 26.
2235 3924 2524 3986 Eusebiam'
2576 3933 2897 3993 Marcellum
2958 3943 3289 4015 Aucyranum
3340 3952 3623 4020 impetum.

2040 4045 2109 4054 —
2144 4017 2213 4072 Ut
2240 4034 2327 4075 res
2353 4036 2474 4079 sese
2506 4041 2766 4097 prospere
2802 4034 3022 4101 dabant,
3066 4039 3133 4091 ad
3162 4017 3477 4098 Marcellum
3504 4049 3623 4100 An-

2038 4124 2300 4179 cyranum
2329 4115 2598 4174 infensum
2625 4123 2728 4177 sibi
2755 4128 3036 4192 prtesulem
3072 4131 3467 4190 detnrbandum
3505 4154 3624 4193 ver-

2041 4211 2158 4257 tunt
2182 4209 2733 4268 conatumEusebiani
2766 4218 2861 4287 (θ).
2893 4219 2990 4285 Qui
3030 4222 3332 4292 Marcellus,
3365 4230 3621 4297 quoniam

2037 4292 2431 4364 calamitatum,
2461 4311 2536 4359 et.
2561 4314 2617 4357 ut
2646 4305 2717 4359 ita
2748 4309 2946 4376 dicam,
2976 4310 3316 4371 fortunarum
3336 4292 3621 4377 Athanasii

2036 4398 2263 4442 consors
2298 4388 2421 4456 fuit,
2446 4390 2602 4461 jubet
2622 4397 2837 4455 animus
2858 4417 2948 4458 res
2967 4422 3088 4460 eum
3115 4419 3427 4475 spectantes
3454 4410 3619 4467 altius

2035 4480 2228 4534 ordiri.
2268 4483 2518 4541 Asterius
2568 4490 2786 4556 quidam
2842 4495 2893 4547 in
2954 4498 3291 4566 Cappadocia
3347 4504 3617 4572 sophista,

2565 4579 2608 4633 is
2643 4584 3303 4652 magister,Christianam
3331 4594 3615 4663 amplexus

2036 4671 2119 4715 est
2167 4664 2346 4720 fidem.
2386 4669 2497 4722 Sub
2529 4671 2643 4725 haec
2683 4689 2863 4728 autem
2911 4678 2977 4730 ad
3025 4679 3279 4734 Arianam
3329 4685 3612 4751 perfidiam

2035 4756 2279 4823 descivit,
2316 4759 2541 4830 ejusque
2573 4772 2973 4836 propugnanda:
3000 4773 3174 4840 gratia
3223 4775 3391 4834 libros
3421 4780 3620 4837 edidit.

2032 4847 2164 4914 Quae
2197 4866 2361 4906 causa
2393 4862 2477 4908 est
2502 4866 2560 4908 ut
2597 4854 2664 4909 ab
2688 4858 2985 4914 Athanasio
3018 4864 3302 4935 multiceps
3327 4871 3566 4938 sophista
3592 4912 3610 4937 ,

2032 4940 2471 5013 Arianorumque
2487 4959 2673 5003 orator
2698 4952 3018 5021 appelletur.
3055 4955 3383 5014 Versabatur
3410 4962 3453 5015 is
3476 4965 3611 5017 assi-

2032 5036 2136 5089 due
2177 5050 2298 5090 cum
2350 5040 2636 5112 episc0pis,
2681 5053 2735 5098 et
2785 5063 2907 5100 cum
2955 5050 3142 5115 primis
3180 5051 3296 5106 Arii
3331 5056 3554 5111 asseclis
3591 5072 3605 5108 :

2030 5125 2286 5197 frequens
2317 5135 2552 5203 synodos
2583 5136 2788 5202 adibat,
2818 5140 3116 5197 observans
3141 5159 3267 5198 num
3300 5160 3460 5214 quam
3486 5163 3612 5218 pos-

2030 5232 2117 5274 set
2137 5222 2497 5293 episcopalem
2531 5230 2714 5284 sedem
2741 5232 3019 5302 invadere,
3052 5252 3081 5291 a
3118 5255 3223 5308 qua
3259 5251 3436 5295 tamen
3475 5260 3610 5312 spe,

2028 5317 2286 5372 sacrificii
2326 5319 2430 5377 diis
2461 5321 2624 5377 oblati
2649 5340 2835 5393 causa,
2879 5330 3060 5399 lapsus
3090 5342 3193 5386 est.
3242 5336 3441 5403 Aitque
3478 5334 3613 5391 Phi-'

2028 5405 2322 5478 lostorgius
2346 5412 2557 5482 lapsum
2590 5415 2890 5482 Asterium,
2915 5420 2981 5474 ad
3014 5422 3383 5488 pmnitentiam
3418 5422 3639 5501 Luciaa

2034 5501 2088 5554 ni
2123 5506 2377 5576 martyris
2405 5509 2627 5563 monitis
2660 5522 2994 5574 revocatum,
3035 5511 3188 5579 cujus
3224 5512 3351 5565 item
3385 5513 3617 5573 aniaui.

2038 5592 2336 5665 discipulus
2388 5597 2553 5655 fuisse
2600 5600 2815 5656 dicitur.
2871 5602 2918 5657 Is
2965 5617 3093 5672 ergo
3147 5601 3395 5660 Asterius
3445 5601 3606 5661 urbes

323 5808 405 5889 is)
444 5820 701 5872 δοκι-δι.
748 5808 860 5861 lib.
914 5820 950 5866 I,
1001 5823 1117 5874 cap.
1156 5808 1268 5876 36;
1310 5812 1508 5869 Athan.
1545 5816 1621 5870 De
1667 5823 1917 5889 synodis,
1961 5840 2014 5877 ιι.
2054 5828 2132 5879 l8.
