4038 6582
511 404 747 445 LXXXVIII

1877 388 2407 449 PBOLECOMENA.

511 507 682 576 Syria:
718 518 1007 574 peragrans
1032 502 1244 558 libellos
1276 503 1326 557 in
1350 502 1541 574 vulgus
1568 503 1856 574 spargebat
1886 520 1899 557 :
1938 504 2068 566 imo,
2098 498 2514 567 A'henderetur,
2569 520 2597 558 a
2646 504 2775 561 solis
2809 505 3058 560 factionis
3102 520 3210 560 sua:
3240 507 3577 577 principibus
3624 523 3733 565 rem

505 612 610 667 qua
643 607 759 650 erat
784 596 1110 661 temeritate,
1142 596 1193 650 in
1229 604 1502 666 suggestu,
1530 598 1674 666 quod
1702 596 1822 651 unis
1865 596 2067 650 licitum

504 688 877 743 sacerdotibus
910 696 1014 752 est,
1054 686 1231 758 legere
1261 688 1589 743 multitudini
1615 704 1722 743 non
1753 690 2065 753 verebatur,

504 782 557 833 in
604 794 765 848 grave
812 780 1144 834 audientium
1202 780 1609 835 detrimentum.
1658 781 1739 836 Re
1768 764 2065 851 comperta,

504 872 789 926 Marcellus
844 870 1039 925 librum
1073 869 1240 926 edidit
1266 871 1577 928 confutandi
1608 887 1770 928 causa
1810 872 2064 937 hominis,

502 964 578 1017 De
633 964 958 1033 subjectione
1012 963 1227 1018 Domini
1278 966 1631 1035 inscriptum,
1690 979 1797 1034 quo
1844 973 2065 1020 strenue

500 1056 845 1109 Asterianam
874 1058 1026 1123 juxta
1064 1065 1226 1123 atque
1271 1056 1527 1109 Arianam
1561 1055 1857 1111 doctrinam
1891 1054 2057 1123 impu-

500 1148 720 1217 gnabat,
758 1149 998 1205 invectus
1025 1152 1225 1206 acriter
1260 1150 1312 1204 in
1345 1150 1538 1205 multos
1568 1160 1881 1205 novatorum
1915 1150 2065 1219 prin—

501 1241 669 1309 cipes,
692 1239 983 1295 Eusebium
1000 1243 1486 1307 Nicomediensem,
1516 1241 1818 1307 Paulinum,
1850 1252 1901 1297 et
1928 1241 2062 1295 Nar-

421 1365 424 1368 ~
496 1331 719 1387 cissum.
754 1332 883 1399 Qua:
914 1349 1002 1388 res
1031 1349 1152 1388 cum
1190 1333 1567 1403 impotentium
1602 1333 1879 1387 hominum
1916 1332 2052 1387 iram

498 1421 897 1491 inflammasset,
952 1431 1222 1482 excubant
1261 1427 1454 1481 exinde
1504 1427 1558 1479 in
1594 1426 1909 1480 occasiones
1951 1424 2051 1478 viri

494 1520 852 1585 opprimendi.
894 1520 1092 1575 Coacta
1133 1534 1294 1590 porro
1338 1518 1781 1588 Jerosolymitana
1840 1518 2049 1588 synodo

494 1610 581 1663 ubi
623 1625 942 1680 quocunque
986 1613 1307 1668 inclinarent
1351 1610 1678 1675 Eusebiani,
1712 1624 1777 1664 eo
1809 1609 2055 1665 omnium

491 1715 719 1755 concors
738 1703 953 1757 animus
975 1705 1294 1770 accedebat,
1321 1714 1550 1760 evocant
1571 1702 1880 1757 Marcellum
1929 1716 2055 1755 cau-

490 1805 604 1843 sam
627 1791 1021 1846 dicturum.Ait
1047 1794 1300 1849 Socrates
1331 1795 1723 1864 deprehensum
1754 1793 1807 1846 in
1845 1792 2054 1861 synodo

490 1880 659 1937 fuisse
697 1882 1008 1940 Marcellum
1034 1887 1185 1942 Pauli
1218 1886 1556 1942 Samosateni
1584 1900 1769 1941 errore
1806 1883 2048 1955 implica-

489 1981 599 2026 tum
648 1989 788 2039 esse,
834 1975 1155 2046 jussumque
1204 1986 1263 2030 ut
1317 1992 1347 2030 a
1402 1976 1670 2031 sententia
1731 1975 2049 2042 decederet;

490 2066 637 2119 illum
688 2081 816 2121 vero
841 2070 1045 2137 pudore
1069 2067 1316 2122 affectum
1345 2068 1639 2137 pollicitum
1670 2082 1793 2123 esse
1820 2082 1880 2121 se
1903 2067 2053 2120 fiam-

490 2156 591 2210 tnis
619 2158 870 2211 daturum
914 2160 1113 2228 scripta
1135 2174 1254 2213 sua.
1290 2159 1511 2214 Evocati
1538 2169 1720 2214 autem
1760 2159 1903 2214 inter
1937 2159 2050 2214 hare

484 2245 770 2303 Eusebiani
806 2264 835 2302 a
867 2250 1248 2316 Constantino,
1278 2266 1496 2307 causam
1517 2250 1748 2307 Marcelli
1782 2252 2051 2307 intermit-

485 2348 602 2394 tere
628 2343 800 2396 coacti
833 2353 980 2396 sunt.

558 2432 650 2486 27.
689 2434 1008 2489 Athanasius
1036 2435 1438 2492 Constantinum
1492 2440 1625 2495 adit.
1672 2437 2047 2492 Constantinus

481 2535 655 2578 evocat
685 2524 1156 2596 Jerosolymitanos
1177 2530 1446 2597 prwsules.
1466 2528 1519 2583 Ν
1524 2547 1615 2585 ova
1645 2529 1911 2584 calumnia
1938 2529 2048 2583 Eu-

478 2617 833 2673 sebianorum.
865 2617 1190 2675 Athanasius
1220 2622 1274 2674 in
1299 2619 1498 2677 Gallias
1544 2623 1824 2693 relegatur.
1857 2650 1929 2664 --
1957 2622 2045 2677 lu-

484 2715 628 2762 terea
667 2708 998 2765 Athanasius
1032 2711 1173 2782 Tyro
1233 2713 1576 2785 imperatoris
1616 2715 1843 2770 adeundi
1884 2729 2045 2770 causa

479 2799 765 2870 profugus,
796 2802 1327 2875 Constantinopolim
1361 2806 1627 2875 pervenit,
1673 2816 1835 2876 atque
1869 2807 2045 2877 ingre-

478 2891 644 2946 dienti
673 2894 725 2947 iu
757 2894 943 2949 urbem
971 2895 1324 2953 Constantino
1345 2913 1485 2968 equo
1530 2899 1783 2955 insidenti
1812 2902 1888 2967 fa)
1908 2943 1923 2965 ,
1948 2901 2043 2954 de-

480 2994 702 3055 repente
723 2988 893 3042 media
929 2989 981 3043 in
1020 2990 1106 3044 via
1139 3005 1262 3044 cum
1294 2990 1621 3060 quibusdam
1683 3007 1742 3047 se
1785 2992 2045 3047 comitan-

479 3079 620 3137 tibus
648 3080 721 3133 ita
748 3080 1151 3152 inexspectatus
1185 3084 1447 3148 occurrit,
1485 3094 1542 3138 ut
1573 3094 1851 3154 stuporem
1899 3095 2043 3139 attu-

2171 598 2308 667 apud
2351 598 2730 667 imperatorem
2781 598 3043 667 agendam
3103 597 3422 654 decernunt.
3474 600 3641 656 Erant
3699 602 3731 655 ii

2170 690 2430 745 Eusebius
2456 689 2902 753 Nicomediensis,
2934 688 3155 759 gentilis
3203 689 3321 758 ejus
3361 691 3734 759 Caesariensis,

2168 779 2495 849 Theognius,
2538 777 2898 850 Patrophilus,
2968 777 3219 835 Ursacius
3269 792 3323 835 et
3379 780 3600 837 Valens.
3637 781 3735 848 Qui

2165 871 2265 927 soli
2306 870 2818 937 Constantinopolim
2862 871 3135 925 advolant.
3171 870 3296 925 :Ubi
3356 872 3735 941 imperatorem

2166 970 2554 1024 convenerunt,
2595 961 2739 1015 nulla
2766 961 2994 1017 ulterius
3017 961 3115 1015 fuit
3142 962 3209 1015 de
3238 962 3407 1016 calice
3437 962 3637 1028 fracto,
3672 964 3736 1016 de

2164 1066 2355 1112 euecto
2387 1055 2619 1111 Arsenio
2642 1054 2897 1109 memoria
2934 1072 2947 1109 :
2989 1056 3080 1108 sed
3135 1054 3328 1110 callide
3384 1070 3581 1109 novum
3625 1055 3736 1108 cri-

2164 1164 2287 1205 men
2314 1148 2816 1214 comminiscuntur,
2853 1148 3161 1218 imperatori
3204 1150 3590 1203 commovendo
3618 1164 3737 1218 pcr-

2162 1234 2542 1311 opportunum.
2600 1240 2973 1296 Comminatus
3003 1280 3018 1305 ,
3070 1242 3354 1309 inquiunt,
3404 1241 3735 1297 Athanasius

2162 1344 2265 1399 est,
2294 1348 2353 1388 se
2372 1342 2731 1387 commeatum
2770 1332 3023 1388 frumenti
3061 1333 3353 1402 quotannis
3405 1332 3733 1387 Alexandria

2163 1424 2680 1493 Constantinopolim
2720 1425 2994 1479 transvehi
3025 1424 3242 1480 solitum
3288 1424 3730 1479 interclusurum.

2168 1517 2265 1570 Rei
2304 1516 2589 1572 insolentia
2619 1516 2927 1585 indignatus
2956 1515 3363 1580 Constantinus,
3406 1516 3731 1585 plcnusirar,

2160 1608 2306 1662 vultu
2351 1621 2588 1676 voceque
2634 1607 2914 1671 terribilis,
2960 1607 3312 1677 gravissimas
3350 1606 3505 1663 effert
3531 1608 3730 1663 minas.

2158 1698 2529 1767 lnexspectata
2554 1696 2822 1751 calumnia
2846 1706 2899 1750 et
2928 1694 3263 1752 Constantini
3297 1696 3480 1751 furore
3496 1697 3731 1767 stupefa-

2158 1800 2277 1844 ctus
2304 1790 2651 1857 Athanasius,
2673 1803 2790 1858 qna:
2816 1804 2918 1841 una
2934 1796 3217 1858 supererat
3244 1789 3503 1844 adversus
3525 1799 3728 1842 tantam

2155 1882 2490 1952 iniquitatem
2513 1879 2841 1935 defensionis
2861 1880 3019 1947 ratio,
3043 1880 3420 1951 ingemiscere,
3441 1880 3727 1949 obtestari,

2152 1973 2417 2028 affirmare
2473 1973 2663 2027 falsam
2692 1972 3159 2037 criminationem,
3203 1985 3302 2026 nec
3333 1986 3493 2042 posse
3528 1971 3726 2029 virum,

2151 2067 2235 2121 cui
2261 2077 2446 2122 tenues
2461 2080 2592 2136 opes
2617 2075 2671 2120 et
2692 2065 2850 2120 nullae
2873 2064 3157 2120 facultates
3190 2074 3372 2120 essent
3390 2066 3486 2134 (ο),
3522 2074 3727 2117 tantam

2150 2161 2367 2232 aggredi
2400 2175 2534 2215 rem.
2570 2160 2641 2214 At
2678 2158 2966 2226 Eusebius,
2995 2160 3087 2229 qui
3117 2160 3337 2228 quando
3366 2156 3533 2213 semel
3569 2173 3727 2213 verc-

2149 2252 2357 2307 cundia:
2392 2252 2527 2307 ﬁnes
2562 2252 2885 2314 transierat,
2929 2253 3065 2306 bene
3103 2261 3159 2305 et
3196 2252 3405 2305 naviter
3445 2250 3729 2320 impudens

2148 2353 2287 2411 erat,
2318 2343 2533 2413 juratus
2560 2340 2789 2396 afﬁrmat
2822 2342 3041 2397 divitem
3065 2355 3129 2395 ac
3150 2351 3536 2411 praepotentem
3558 2340 3727 2394 Atha-

2149 2437 2383 2501 nasium,
2407 2448 2683 2504 penesque
2716 2434 2864 2489 illum
2905 2448 3027 2489 esse
3067 2433 3193 2487 talia
3227 2433 3427 2499 moliri,
3462 2433 3508 2487 si
3539 2434 3722 2489 vellet.

2148 2524 2281 2579 Tum
2298 2524 2704 2587 Constantinus,
2719 2524 2808 2592 qui
2833 2523 3004 2580 amori
3023 2539 3119 2579 suo
3135 2539 3257 2594 erga
3278 2524 3526 2593 patriam,
3547 2524 3620 2579 ita
3644 2541 3729 2579 vn-

2145 2617 2859 2685 cabatConstantinopolim,
2883 2617 2998 2685 plus
3015 2632 3156 2685 saepe
3178 2617 3402 2686 largitus
3425 2628 3541 2672 erat
3560 2635 3722 2689 quam

2146 2707 2464 2765 concederet
2482 2707 2729 2775 aequitas,
2770 2721 2876 2759 non
2899 2717 3210 2775 esSpectata
3236 2707 3353 2776 ejus
3377 2708 3721 2772 defensione,

2144 2803 2319 2855 virum
2353 2799 2613 2871 relegavit
2643 2800 2694 2854 in
2730 2799 2961 2854 Gallias.
2988 2800 3232 2855 Aderant
3268 2816 3390 2856 cum
3420 2803 3722 2857 Athanasio

2142 2892 2377 2965 Egyptii
2422 2892 2661 2963 episcopi
2703 2908 2927 2947 numero
2976 2893 3234 2962 quinque,
3279 2895 3370 2965 qui
3423 2896 3500 2950 rei
3552 2905 3720 2951 testes

2142 2984 2315 3049 fuere,
2357 2984 2717 3038 Adamantius
2746 2998 2958 3053 nempe,
2992 2984 3265 3050 Anubion,
3293 2985 3718 3055 Agathamntou,

2141 3074 2435 3130 Arbethiou
2471 3081 2525 3128 et
2565 3072 2756 3128 Petrus
2788 3092 2801 3138 ;
2858 3085 3109 3144 erratque
3155 3076 3408 3131 Socrates
3444 3076 3535 3145 qui
3584 3091 3720 3144 pra:-

473 3168 615 3223 lerit.
651 3169 906 3242 Etprimo
934 3174 1149 3244 quidem
1187 3176 1383 3231 intuitu
1418 3176 1709 3246 imperator
1740 3177 1914 3232 virum
1943 3192 2037 3233 non

2151 3167 2296 3223 sules
2331 3166 2462 3221 istos
2494 3174 2647 3235 putat
2671 3166 2954 3220 Athanasii
3004 3178 3344 3223 accusatores
3374 3168 3511 3239 apud
3547 3170 3719 3239 impe-

473 3263 695 3331 agnovit
725 3279 738 3316 :
772 3266 866 3320 sed
892 3267 1200 3323 sciscitatus
1220 3269 1443 3337 aulicos,
1474 3281 1529 3325 et
1549 3272 1641 3341 qui
1680 3281 1822 3327 esset
1845 3272 2040 3341 etqui-

471 3353 571 3408 bus
621 3353 847 3411 affectus
877 3356 1087 3424 injuriis
1108 3359 1349 3414 edidicit.
1376 3360 1572 3415 Verum
1594 3376 1658 3416 ex
1690 3344 2036 3432 prarjud'icata

469 3444 723 3512 opinione
757 3455 813 3498 et
849 3458 1112 3515 occupato
1156 3448 1583 3504 Eusebianorutn
1640 3452 2035 3507 criminationi-

467 3531 567 3587 bus
598 3534 798 3599 animo,
851 3549 921 3589 ne
971 3536 1187 3604 quidem
1220 3537 1409 3592 audire
1463 3540 1733 3595 hominem
1778 3542 2032 3610 volebat;

466 3624 878 3695 proximumque
908 3636 1027 3681 erat
1051 3637 1107 3682 ut
1146 3631 1383 3684 amoveri
1420 3633 1751 3701 praeciperet.
1790 3635 1879 3688 Ait
1905 3635 2033 3705 Epi-

465 3716 792 3789 phanins(b)
827 3719 1205 3786 Athanasium,
1233 3736 1355 3777 eum
1399 3723 1663 3794 repulsam
1701 3725 1768 3781 ab
1799 3725 2033 3795 impera-

467 3813 582 3859 tore
623 3805 832 3872 ferret,
880 3821 1232 3879 conquestum
1299 3812 1414 3868 hinc
1466 3815 1813 3872 vociferatum
1863 3833 2027 3875 esse:

464 3894 722 3950 Dominus
752 3900 849 3952 mei
877 3901 1054 3970 tuique
1083 3904 1251 3970 judea:
1275 3905 1373 3958 erit
1396 3948 1412 3972 ,
1453 3910 1665 3975 quando
1694 3926 1874 3964 eorum
1905 3930 2030 3980 par-

463 3990 600 4044 tibus
629 3992 933 4061 adjungeris
960 3996 1052 4064 qui
1088 4012 1167 4050 me
1210 3996 1490 4054 calumniis
1539 4004 1859 4070 apprimunt.
1909 4006 2025 4062 Ab-

465 4090 663 4136 nuente
686 4093 866 4136 autem
888 4083 1249 4143 Constantino
1278 4090 1357 4145 vel
1387 4091 1629 4147 auditum
1665 4092 1832 4159 ferre,
1856 4097 2027 4154 libere

462 4172 626 4228 instat
652 4175 995 4242 Athanasius.
1028 4180 1340 4250 majoreque
1365 4198 1485 4239 cum
1519 4184 1734 4254 fiducia,
1784 4190 1919 4244 nihil
1966 4206 2026 4246 se

462 4264 736 4333 postulare
787 4267 879 4331 ait,
930 4283 1093 4337 quam
1140 4279 1198 4323 ut
1245 4282 1538 4327 evocentur
1585 4272 2022 4348 Jerosolymitani

460 4356 735 4424 praesules,
768 4374 875 4428 quo
901 4371 1077 4428 posset
1106 4376 1288 4417 coram
1320 4364 1386 4419 de
1407 4365 1569 4421 illatis
1594 4366 1748 4422 malis
1782 4377 1837 4423 et
1884 4368 2021 4437 inju-

456 4447 553 4503 riis
575 4450 856 4517 conqueri.
881 4451 1125 4522 ltogabat
1145 4455 1270 4509 item
1302 4465 1361 4511 ut
1392 4458 1687 4525 imperator
1719 4458 2016 4528 legitimam

2142 3269 2373 3314 ratorem
2408 3257 2593 3321 fuisse,
2621 3260 2875 3326 deceptus
2898 3257 3107 3313 scilicet
3131 3259 3461 3314 obscuritate
3492 3271 3714 3314 senten-

2140 3351 2225 3405 tia:
2256 3349 2533 3419 cujusdam
2560 3349 2611 3401 in
2645 3349 2869 3418 epistola
2888 3348 3266 3421 [Egyptiorum
3301 3354 3587 3422 praesulutu
3611 3352 3713 3425 (ιι).

2135 3440 2331 3496 Narrat
2356 3456 2517 3511 porro
2552 3440 2889 3497 Sozomcnus
2932 3444 3358 3513 redintegratam
3392 3460 3575 3501 coram
3608 3447 3712 3499 im-

2135 3544 2383 3604 peratore
2411 3533 2577 3588 fuisse
2602 3534 3033 3589 criminationem
3071 3536 3136 3591 de
3169 3536 3338 3592 calice
3367 3538 3559 3605 fracto,
3590 3555 3713 3609 quae

2133 3640 2299 3680 causa
2355 3622 2516 3679 fuerit
2541 3632 2602 3679 ut
2631 3624 2684 3677 in
2735 3626 2982 3679 exsilium
3017 3624 3273 3682 Treviros
3319 3629 3710 3684 amandaretur

2132 3717 2479 3771 Athanasius.
2513 3714 2618 3772 Sed
2644 3717 2936 3772 reclamant
2963 3719 3077 3789 ipse
3110 3719 3439 3773 Athanasius
3462 3729 3518 3774 et.
3544 3720 3714 3793 (Egy-

2130 3808 2227 3879 ptii
2273 3808 2532 3879 episcopi,
2562 3811 2652 3879 qui
2685 3810 2884 3865 diserte
2926 3811 3115 3876 aiunt,
3152 3811 3486 3869 Eusebianos
3523 3827 3709 3869 coram

2132 3898 2461 3967 imperatore
2491 3914 2558 3953 ne
2589 3899 2867 3953 minimam
2904 3899 3121 3968 quidem
3150 3902 3218 3956 de
3253 3901 3425 3981 calice
3454 3902 3629 3961 fracto
3654 3914 3711 3960 et

2130 3990 2195 4045 de
2216 3990 2430 4044 Arsenii
2462 4004 2594 4045 nece
2626 3988 2819 4044 fecisse
2851 3991 3204 4049 mentionem.

2195 4101 2285 4157 28.
2319 4101 2618 4158 Permirum
2646 4117 2794 4166 sane,
2816 4112 2959 4157 tanta
2985 4104 3186 4173 pietate
3206 4117 3261 4161 et
3280 4109 3533 4178 aequitate
3554 4110 3704 4178 prin—

2126 4193 2299 4263 cipeut
2332 4208 2398 4249 eo
2431 4193 2719 4248 calumniis
2762 4194 3147 4249 maledicorum
3190 4198 3512 4264 adductum,
3549 4208 3608 4253 ut
3637 4217 3706 4256 ne

2122 4285 2341 4353 quidem
2372 4294 2686 4353 exspectata
2732 4283 3047 4340 defensione
3092 4286 3360 4342 insontem
3392 4289 3567 4344 virum
3590 4293 3705 4362 pel-

2121 4375 2259 4431 leret
2287 4375 2340 4430 iu
2370 4375 2644 4430 exsilium.
2697 4375 2889 4430 Verqu
2922 4377 3168 4433 criminis
3193 4382 3596 4448 opportunitate
3626 4384 3704 4437 ita

2121 4466 2463 4536 imperatoris
2482 4466 2721 4520 animum
2748 4470 3032 4537 occupavit
3058 4470 3340 4537 Eusebius,
3357 4481 3413 4525 ut
3439 4487 3700 4543 perquam

455 4540 569 4633 cogi
611 4543 874 4611 synodum
890 4552 1142 4633 curaret,
1176 4556 1268 4600 aut
1300 4547 1415 4617 ipse
1442 4563 1564 4604 sese
1603 4552 1852 4621 purganti
1878 4568 2018 4624 prtn-
2051 4539 2096 4593 D
2125 4556 2353 4613 difﬁcilis
2387 4559 2565 4612 aditus
2591 4558 2806 4613 veritati
2832 4560 3336 4633 reiiuqueretur(e).
3358 4563 3413 4618 Id
3433 4539 3570 4619 eum-
3590 4583 3699 4621 non

456 4630 608 4684 heret
630 4644 837 4685 aurem.
862 4630 1103 4703 Equum
1149 4636 1475 4705 postulatum
1505 4637 1893 4696 Constantinus
1918 4644 2017 4697 ad-

452 4720 652 4786 mittit;
682 4722 966 4793 missisque
994 4740 1116 4779 mox
1144 4725 1363 4793 litteris,
1400 4740 1594 4785 evocat
1634 4732 1921 4803 episc0pos
1962 4732 2015 4786 in

450 4814 660 4884 synodo
688 4826 923 4882 coactos,
956 4817 1110 4885 jubet
1147 4816 1668 4891 Constantinopolim
1714 4827 2012 4893 accedere,

448 4909 721 4958 maturare
747 4904 1045 4973 profectum
1069 4918 1221 4976 gesta
1248 4910 1566 4970 defensuros
1591 4930 1607 4977 ;
1634 4915 1885 4984 objurgat
1918 4916 2018 4969 ho-

448 4996 622 5051 mines
660 5008 717 5051 ut
757 5000 1035 5056 turbarum
1080 5017 1143 5057 ac
1192 5006 1513 5062 tumultuum
1558 5018 1808 5063 auctores
1836 5017 1890 5061 et
1918 5024 2015 5083 op-

442 5103 726 5159 pressorcs
754 5094 885 5149 veri.
912 5094 1184 5164 Ejusmodi
1216 5098 1408 5154 litteris
1434 5100 1673 5168 acceptis
1700 5100 2008 5167 Eusebiaui,

442 5182 716 5252 perterriti
739 5186 1000 5242 scelerum
1024 5191 1387 5258 conscientia,
1423 5208 1543 5247 cum
1575 5194 1887 5262 propediem
1923 5191 2011 5247 fu-

443 5281 622 5327 turum
654 5287 797 5331 esset
820 5288 877 5334 ut
922 5283 1099 5350 palam
1141 5298 1326 5338 eorum
1348 5284 1574 5339 consilia
1602 5294 1656 5338 et
1677 5284 1858 5338 studia
1887 5299 2009 5339 eva-

439 5366 649 5433 derent,
682 5369 748 5423 ad
783 5374 1159 5428 veteratoriam
1187 5384 1358 5431 artem
1389 5377 1456 5431 de
1485 5391 1635 5431 more
1654 5376 2001 5445 confugiunt;

439 5458 755 5529 cazterisque
820 5465 1085 5533 episcopis
1142 5465 1735 5534 Constantinopolitano
1807 5468 2002 5523 itinere

436 5549 764 5618 interclusis,
802 5570 869 5610 ne
896 5556 962 5611 iis
992 5556 1220 5611 tesﬁbus
1255 5557 1331 5612 rei
1364 5565 1528 5627 gesta:
1578 5558 1776 5614 veritas
1810 5560 1999 5630 deprc-

506 5688 583 5759 (a)
622 5692 816 5745 Athan.
851 5694 1000 5761 Apol.
1035 5707 1215 5750 contra
1238 5698 1522 5759 Arian.,n.
1555 5699 1643 5754 86.

507 5765 580 5827 (b)
621 5760 820 5815 Hrcres.
853 5760 1003 5819 uix.

509 5844 580 5899 te)
623 5831 822 5887 Athan.
852 5836 1004 5901 Apol.
1033 5847 1212 5889 contra
1250 5838 1457 5903 Arium,
1482 5855 1529 5890 ιι.
1549 5839 1603 5894 9.

2119 4648 2550 4719 suppliciieausa
2589 4651 2782 4706 fecisse
2825 4652 3058 4707 aflirmat
3083 4654 3471 4712 Constantinus
3487 4658 3697 4728 juuior,

2117 4744 2211 4796 sed
2242 4755 2350 4812 quo
2373 4744 2547 4796 virum
2584 4744 2820 4813 eriperet
2846 4744 3078 4801 inimicis
3113 4763 3437 4818 magnopere
3463 4751 3697 4806 saevien-

2120 4834 2281 4889 tibus.
2335 4837 2406 4890 At
2450 4836 2576 4891 licet
2615 4836 2951 4893 Constantini
2991 4838 3252 4896 facilitate
3304 4856 3695 4914 nonnunquam

2120 4925 2384 4982 Eusebius
2425 4929 2490 4982 ad
2524 4928 2799 4985 libidinem
2850 4934 3163 4988 abuteretur
3185 4972 3201 4999 ,
3234 4949 3339 4989 non
3371 4946 3549 4993 tamen
3578 4938 3698 5005 ejus

2120 5019 2333 5074 animus
2362 5035 2428 5074 eo
2477 5037 2649 5090 usque
2692 5024 2906 5079 Eusebii
2946 5025 3159 5094 placitis
3192 5027 3407 5084 deditus
3442 5042 3559 5085 erat
3597 5032 3695 5103 (ί),

2120 5117 2178 5191 ut
2206 5111 2258 5162 iu
2297 5108 2415 5177 ejus
2467 5113 2719 5182 gratiam,
2751 5129 2908 5183 quem
2956 5117 3253 5174 aestimaret
3281 5121 3575 5189 insontem,
3605 5142 3696 5180 so-

2116 5200 2227 5254 lum
2252 5214 2462 5257 vertere
2477 5203 2711 5272 juberet.
2744 5205 2896 5274 Quod
2936 5225 3068 5266 sane
3102 5213 3444 5282 perspicuum
3478 5232 3546 5271 ex
3576 5220 3695 5286 ejus

2112 5294 2180 5348 ad
2210 5297 2489 5364 episcopos
2513 5299 2762 5368 epistola,
2783 5302 2870 5356 ubi
2899 5305 3101 5359 acriter
3120 5307 3376 5378 objurgat
3405 5311 3527 5366 illos
3548 5317 3691 5382 quod

2109 5386 2465 5440 Athanasium
2508 5390 2874 5447 abdicassent.
2912 5394 2978 5449 Et
3016 5410 3275 5466 perquam
3313 5410 3459 5457 tutus
3494 5401 3693 5460 fuisset

2106 5474 2445 5531 AleXandria:
2469 5478 2825 5547 Athanasius,
2853 5485 2897 5538 si
2936 5502 3001 5540 ex
3032 5487 3377 5556 imperatoris
3401 5493 3601 5562 placito
3623 5512 3691 5552 eo

2107 5580 2355 5622 reversus
2388 5569 2613 5638 fuisset;
2647 5589 2749 5629 nec
2785 5576 3080 5646 quidquam
3103 5578 3206 5649 ipsi
3241 5579 3551 5641 formidinis
3570 5585 3684 5642 ha:-

2179 5708 2257 5784 (ά.)
2298 5707 2519 5784 Sozom.
2556 5713 2648 5767 lib.
2682 5730 2744 5779 ll,
2773 5732 2893 5784 cap.
2921 5717 3014 5773 28.

2177 5780 2247 5856 te)
2286 5780 2482 5856 Athan.
2512 5785 2662 5856 Apol.
2690 5780 2869 5838 contra
2894 5788 3101 5856 Arian,
3138 5807 3190 5845 η.
3216 5790 3270 5846 9.

2175 5848 2244 5917 ([j
2285 5851 2484 5907 Athan.
2513 5848 2672 5917 ibid.,
2716 5872 2769 5909 tt.
2799 5856 2889 5915 87.
