4038 6520
1673 476 1829 530 VlTA
1873 476 1929 532 S.

250 589 395 645 sisset
428 589 491 643 in
531 592 764 660 patria
805 612 917 650 sua
952 596 1022 649 ab
1064 594 1277 650 Eusebii
1313 595 1551 665 potentia
1581 607 1635 649 et
1670 595 1920 664 maligni-

250 693 360 737 tate.
438 684 908 750 Quamobrem
973 702 1098 742 vero
1141 686 1370 742 similius
1421 687 1751 741 arbitramur
1815 686 1927 739 haec

250 774 453 829 dixisse
506 774 1012 832 Constantinum
1042 779 1333 848 juniorem,
1367 788 1421 831 ut
1453 779 1623 847 patris
1656 777 1929 830 memoria:

251 865 607 932 consuleret,
644 880 855 940 atque
900 871 1040 941 pulsi
1076 870 1358 925 Athanasii
1402 871 1738 939 iniquitatem
1762 879 1816 924 et
1841 869 1924 922 in-

254 962 443 1016 vidiam
474 963 789 1016 minuere
827 965 1032 1018 saltem
1060 973 1257 1034 posset.
1282 963 1371 1017 Na:
1392 964 1462 1016 ita
1494 965 1543 1017 in
1572 964 1925 1019 Athanasium

255 1064 676 1121 etasperatunt
733 1056 1106 1111 Constantini
1142 1056 1382 1110 animum
1422 1066 1645 1109 narrant
1684 1054 1923 1127 Aigyptii

255 1148 548 1216 praesules,
586 1156 659 1200 ut
697 1163 783 1203 ex
806 1149 937 1203 sola
976 1147 1208 1202 numinis
1231 1147 1568 1217 providentia
1604 1146 1803 1201 factum
1829 1162 1926 1217 pu-

257 1246 383 1303 tent,
418 1238 590 1308 quod
630 1241 875 1297 exsilio
926 1251 1158 1308 tantum,
1191 1256 1297 1296 non
1333 1243 1535 1310 capite,
1573 1241 1747 1296 virum
1788 1241 1925 1296 mul—

259 1339 412 1385 taret.

317 1422 410 1478 29.
446 1421 906 1479 Constantinus
954 1434 1085 1480 vetat
1116 1425 1279 1478 alium
1314 1424 1435 1493 eligi
1466 1425 1521 1478 in
1555 1423 1727 1478 locum
1761 1424 1923 1479 Atha-

262 1516 416 1570 nasii.
468 1515 821 1571 Marcellus
854 1519 1249 1571 damnatur.—
1279 1517 1333 1571 In
1361 1518 1642 1572 Athanasii
1691 1517 1827 1587 pulsi
1869 1528 1924 1571 et

260 1604 412 1675 ejecti
434 1604 673 1669 locum,
703 1606 895 1659 alium
926 1605 1178 1660 factionis
1205 1624 1312 1661 sua:
1345 1607 1656 1677 episcopum
1688 1608 1922 1679 deligere

261 1696 537 1765 parabant
574 1697 921 1752 Euseliiani
965 1710 1018 1752 et
1051 1700 1255 1753 Ariani.
1296 1700 1498 1754 Verum
1527 1702 1921 1755 Constantinus

259 1790 575 1845 sceleratos
631 1806 667 1845 a
712 1792 820 1846 tali
872 1806 1014 1845 ausu
1053 1793 1285 1845 cotsrcuit
1312 1792 1409 1862 (a),
1443 1793 1568 1862 quia
1615 1792 1917 1849 oblatarum

258 1880 384 1953 Tyri
422 1883 771 1937 criminum
799 1883 1093 1937 convictus
1120 1900 1224 1937 non
1253 1883 1442 1940 fuisset
1470 1884 1800 1940 Athanasius
1821 1884 1916 1956 (b).

259 1972 448 2043 Neque
486 1985 704 2028 tamen
735 1974 849 2039 illi,
875 1989 984 2043 qua
1007 1986 1161 2029 erant
1193 1976 1493 2044 pervicacia
1517 1985 1572 2030 et
1600 1975 1919 2044 temeritate,

261 2064 427 2120 linem
466 2065 797 2121 faciebant
835 2067 957 2121 haec
992 2066 1264 2131 moliendi,
1306 2069 1477 2121 donec
1525 2067 1804 2124 intentatis
1834 2066 1927 2121 mi-

261 2158 344 2211 nis
394 2157 773 2228 imperator.
808 2157 1126 2227 petulantes
1169 2159 1412 2213 homines
1442 2176 1469 2211 a
1502 2168 1682 2229 empto
1707 2168 1759 2213 et
1795 2172 1923 2227 pro-

265 2252 451 2319 posito
476 2252 859 2307 deterreret.
908 2250 1024 2304 Sub
1070 2251 1206 2305 idem
1244 2249 1416 2305 ferme
1449 2260 1663 2320 tempus
1702 2250 1925 2321 presby-

262 2344 365 2398 teri
401 2355 680 2413 quatuor
732 2344 1135 2407 Alexandrini,
1167 2345 1312 2413 quod
1353 2344 1606 2413 episcopo
1653 2359 1752 2398 suo
1790 2360 1922 2398 con-

256 2435 628 2502 junctissimi
690 2444 938 2499 essent,
991 2433 1127 2504 pulsi
1185 2434 1387 2502 pariter
1450 2444 1504 2488 et
1570 2433 1623 2488 iu
1677 2435 1922 2490 exsilium

264 2529 373 2581 acti
438 2538 627 2593 sunt;
667 2542 928 2597 quorum
986 2528 1099 2580 haec
1137 2527 1386 2589 nomina,
1433 2525 1653 2594 Paulus,
1685 2526 1923 2593 Plution,

264 2618 608 2687 Aphtonius
648 2629 712 2673 et
745 2618 962 2672 Paulus
1004 2617 1281 2687 Capitonis
1310 2617 1451 2672 ﬁlius
1475 2618 1573 2690 (c).

340 2710 436 2765 50.
486 2710 826 2764 Eusebiani
888 2725 1151 2779 pro~pero
1186 2726 1365 2765 rerum
1396 2722 1592 2765 eventu
1640 2712 1782 2779 laeti,
1810 2711 1923 2782 jam

271 2814 402 2854 cum
428 2810 715 2871 potestas
756 2808 909 2863 erat,
955 2799 1282 2854 adversariis
1324 2801 1437 2856 suis
1482 2802 1776 2870 perniciem
1811 2819 1926 2857 ma-

277 2894 626 2948 chinantur.
668 2892 1063 2959 Quamobrem
1108 2894 1372 2963 synodum
1420 2893 1925 2966 Constantinopoli,

282 2994 661 3056 repugnante
697 2983 1165 3038 licetAlexandro
1192 2984 1348 3041 istius
1378 2986 1527 3041 urbis
1556 2988 1923 3059 episc0po(d),

285 3080 591 3133 celebrant
622 3095 640 3143 ;
682 3087 745 3132 et
779 3078 928 3146 quod
964 3078 1015 3130 in
1055 3078 1190 3133 votis
1218 3088 1356 3142 erat,
1382 3078 1617 3133 Marcelli
1655 3094 1813 3134 causa
1844 3080 1926 3135 af-

292 3173 473 3224 fertur
510 3172 571 3224 in
629 3170 914 3226 medium.
954 3169 1003 3224 ls
1047 3169 1239 3225 librum
1289 3186 1471 3235 suum,
1511 3171 1655 3241 quod
1702 3182 1828 3228 ante
1857 3174 1925 3243 (si

294 3263 521 3316 Socrati
585 3259 764 3329 fides)
816 3259 1171 3329 promiserat,
1226 3258 1455 3313 ﬂammis
1510 3262 1641 3314 dare
1688 3269 1924 3317 recusat.

298 3352 694 3420 Quamobrem
753 3351 1013 3406 abdicato
1064 3351 1173 3419 illo,
1238 3351 1464 3407 Basilius
1501 3352 1553 3406 in
1603 3353 1718 3423 ejus
1745 3352 1931 3419 deligi-

303 3454 397 3497 tur
427 3445 647 3499 locum.
682 3442 854 3499 Vetat
883 3452 1065 3517 autem
1090 3445 1414 3512 synodorum
1446 3443 1704 3499 Romanae
1728 3454 1782 3498 et
1806 3443 1932 3498 Sar-

306 3535 558 3591 dicensis
581 3536 923 3599 auctoritas,
961 3549 1028 3587 ne
1060 3545 1309 3604 putemus
1330 3550 1573 3590 errorem
1609 3536 1660 3589 in
1695 3534 1931 3590 Marcelli

310 3626 543 3697 scriptis
574 3627 894 3684 exstitisse.
932 3626 1065 3681 Nam
1096 3630 1349 3697 expensis
1378 3628 1498 3681 istic
1530 3627 1763 3681 Marcelli
1784 3628 1931 3681 clau-

312 3721 477 3783 sulis,
509 3736 759 3789 quarum
811 3734 981 3775 causa
1020 3721 1309 3775 damnatus
1345 3730 1400 3773 et
1429 3722 1557 3774 sede
1596 3719 1781 3792 pulsus
1818 3718 1933 3774 fue-

314 3821 427 3877 rat,
459 3812 879 3881 deprehensum
904 3818 988 3865 est
1012 3811 1183 3865 virum
1227 3821 1370 3865 recte
1401 3813 1625 3875 sentire,
1656 3821 1711 3866 et
1738 3814 1933 3880 injuria

316 3898 493 3955 fuisse
526 3902 872 3955 abdicatum.
909 3899 1170 3955 Eusebius
1196 3917 1354 3970 porro
1382 3902 1733 3957 Cazsariensis
1755 3902 1931 3972 jussu,

316 4002 379 4045 ut
404 4001 649 4047 testatur
688 3992 841 4063 ipse,
876 3993 1497 4061 Constantinopolitanae
1542 3996 1756 4065 synodi,
1792 3995 1935 4050 Mar-

317 4084 448 4139 celli
476 4084 685 4140 librttm
720 4084 1053 4151 confutavit,
1082 4101 1239 4154 quem
1273 4085 1583 4141 Marcellum
1616 4088 1666 4141 in
1698 4089 1813 4156 ipso
1851 4090 1933 4144 sui

318 4178 511 4247 operis
564 4178 797 4233 exordio
831 4175 1054 4232 invidiae
1093 4192 1156 4232 ac
1210 4177 1393 4232 livoris
1433 4188 1653 4233 accusat
1700 4180 1783 4233 his
1815 4197 1936 4234 ver-

318 4270 413 4322 bis
454 4287 468 4324 :
519 4269 586 4324 Ἦ
624 4268 887 4333 ὑπόθεσις
933 4266 1083 4339 αὐτῷ
1128 4269 1227 4340 τῆς
1265 4270 1484 4341 γραφῆς
1529 4271 1562 4341 ἡ
1611 4270 1936 4341 μισαδελφία

320 4362 573 4433 κατέστη
604 4379 619 4392 ·
643 4361 704 4414 τὸ
734 4361 792 4414 δὲ
823 4360 1034 4431 ταύτης
1060 4360 1228 4415 αἴτιον
1257 4360 1414 4431 ζῆλος
1451 4363 1543 4416 καὶ
1571 4363 1779 4432 φθόνος.
1810 4363 1936 4432 Ejus

322 4469 460 4509 vero
498 4453 821 4509 doctrinam
875 4452 1066 4506 multis
1114 4453 1417 4508 nominibus
1471 4454 1675 4524 culpat.
1714 4454 1933 4521 Verum,

335 4558 397 4600 ut
424 4547 569 4602 alias
620 4553 1122 4601 commoustratum
1158 4554 1258 4608 est,
1294 4547 1502 4600 detorta
1540 4563 1777 4616 persa'pe
1832 4549 1931 4601 viri

1971 471 2361 530 ATllANASil.

1951 603 1998 660 Α
2026 595 2359 651 conferimus
2392 592 2446 647 in
2500 588 2784 645 exordium
2818 586 2948 643 anni
2985 585 3112 653 356,
3158 583 3314 653 cuius
3345 583 3607 652 temporis

2033 688 2170 743 ratio
2200 686 2445 756 pluribus
2476 681 2701 738 inferius
2728 680 3032 750 indaganda
3071 679 3270 735 veniet.

2095 780 2151 833 2.
2191 780 2345 833 Arius
2393 775 2719 830 Alexandria
2764 772 2948 838 pulsus
3002 770 3507 841 Constantinopolim
3554 786 3607 823 se

2026 868 2251 937 confert.
2281 897 2352 910 —-
2373 867 2517 921 Inter
2547 865 2662 920 haec
2689 862 2980 919 Eusebiani
3008 876 3206 918 nervos
3231 876 3423 916 omnes
3451 860 3609 915 indu-

2026 962 2173 1017 striae
2197 961 2618 1023 contendebant,
2641 967 2699 1012 ut
2732 966 2896 1011 tanta:
2930 956 3087 1010 molis
3119 970 3256 1020 rem,
3279 955 3393 1008 Arii
3417 952 3610 1008 videli-

2025 1065 2111 1109 cet
2159 1055 2211 1109 in
2264 1053 2561 1109 Ecclesiam
2619 1054 2937 1108 admittendi
2979 1049 3611 1123 propositum.perllce-

2028 1156 2147 1201 rent
2169 1147 2265 1217 (g).
2293 1146 2342 1201 ls
2372 1145 2705 1218 Jerosolyma
2737 1145 3120 1200 Alexandriam
3173 1144 3451 1214 profectus
3471 1153 3611 1212 erat,

2026 1250 2084 1294 ut
2111 1239 2263 1308 jussu
2299 1239 2488 1311 synodi
2528 1243 2595 1293 ad
2640 1240 3050 1294 Catholicorum
3095 1237 3358 1293 collectas
3387 1240 3616 1292 accede-

2024 1342 2127 1387 ret.
2161 1332 2359 1387 Verum
2412 1330 2764 1385 Alexandrini
2824 1332 3041 1400 indigne
3077 1330 3314 1387 ferentes
3340 1332 3612 1399 impurum

2024 1426 2296 1482 hominem
2335 1424 2739 1479 Catholicorum
2774 1439 2893 1479 sese
2929 1423 3091 1478 rebus
3123 1424 3457 1489 immiscere,
3486 1420 3616 1477 ell‘e-

2027 1518 2126 1573 rati
2162 1519 2291 1573 item
2317 1518 2507 1571 nuntio
2534 1516 2793 1571 antistitis
2821 1516 2903 1571 sui
2937 1516 3187 1571 artificiis
3222 1524 3278 1570 et
3319 1514 3613 1570 fraudibus

2024 1610 2406 1676 hatreticorum
2435 1612 2562 1665 sede
2590 1620 2645 1665 et
2668 1610 2841 1678 patria
2876 1609 3036 1679 pulsi,
3073 1611 3125 1663 in
3152 1609 3485 1664 sceleratum
3527 1610 3616 1662 ho-

2022 1703 2222 1757 minem
2283 1704 2575 1766 commoti,
2610 1704 2799 1757 turbas
2836 1717 2914 1758 ac
2976 1701 3238 1755 tumultus
3299 1700 3612 1765 concitant,

2024 1794 2374 1867 futurumque
2403 1806 2522 1851 erat
2556 1806 2614 1850 ut
2654 1805 2763 1852 tota
2792 1795 2986 1851 civitas
3016 1794 3285 1849 seditione
3314 1790 3617 1862 conﬂagra-

2027 1898 2128 1955 ret,
2182 1890 2283 1945 nisi
2340 1890 2752 1952 Constantinus,
2800 1899 3084 1959 postquam
3134 1900 3456 1957 perversam
3496 1872 3614 1940 Arii

1955 1948 2001 2010 Β
2029 1990 2260 2035 mentem
2295 1993 2653 2052 compererat,
2688 1998 2811 2037 eum
2866 1994 3056 2036 rursus
3087 1977 3614 2047 Constantinopolim

2024 2078 2325 2134 evocasset,
2368 2071 2631 2123 rationem
2679 2081 2922 2125 motuum
2981 2069 3347 2130 redditurum,
3377 2081 3612 2136 quorum

2023 2178 2125 2216 nec
2157 2162 2389 2216 obscure
2422 2174 2614 2216 auctor
2642 2160 2730 2216 ille
2762 2161 2970 2215 fuisset.
2987 2160 3253 2215 Eusebius
3282 2169 3459 2213 tamen
3482 2174 3617 2228 quo-

2022 2253 2146 2306 dam
2179 2251 2299 2306 loco
2325 2252 2421 2315 ait,
2455 2262 2645 2321 rogatu
2666 2266 2783 2314 suo,
2817 2260 3154 2321 repugnante
3187 2249 3314 2303 licet
3344 2264 3409 2304 ac
3437 2246 3613 2303 invito

2022 2344 2353 2408 Alexandro,
2387 2345 2621 2399 accitum
2653 2344 2838 2398 Arium
2872 2344 2940 2397 ab
2968 2344 3293 2412 imperatore
3312 2342 3481 2395 fuisse
3506 2339 3611 2411 (lt).

2025 2438 2323 2491 Evocatum
2374 2437 2562 2493 Arium
2598 2434 2862 2490 Eusebius
2894 2444 2951 2489 et
2988 2434 3231 2501 asseclaz,
3270 2433 3448 2488 solitis
3474 2434 3613 2487 arti-

2023 2530 2125 2586 bus
2175 2546 2239 2586 ac
2280 2546 2378 2599 pro
2417 2531 2602 2585 innata
2657 2529 3200 2595 vafritie,curabant
3252 2528 3305 2580 in
3356 2525 3614 2581 Ecclesia:

2024 2621 2638 2691 Constantinopolitanze
2687 2628 2988 2675 conventus
3021 2616 3263 2673 admitti.
3283 2616 3457 2683 Quam
3497 2630 3609 2669 rem

2026 2724 2085 2770 ut
2108 2714 2449 2783 imperatoris
2474 2714 2799 2769 auctoritate
2832 2712 3103 2767 conficere
3125 2720 3367 2781 possent,
3393 2712 3459 2764 de
3490 2708 3613 2766 ﬁdei

2027 2806 2255 2862 formula
2293 2807 2648 2862 Constantino
2697 2803 2969 2859 olierenda
3002 2818 3109 2859 una
3154 2817 3347 2857 omnes
3394 2802 3611 2870 prospi-

2027 2899 2195 2965 aiunt,
2218 2908 2634 2969 praacaventque
2658 2912 2723 2951 ne
2750 2896 2876 2966 quid
2900 2897 2953 2951 in
2978 2896 3067 2950 illa
3091 2894 3407 2951 offensionis
3428 2910 3617 2949 occur-

2026 2999 2131 3044 rat.
2154 2990 2455 3059 lngressum
2479 3000 2600 3059 post
2623 2988 2735 3042 haec
2757 2989 2945 3042 Ariuut
2972 2987 3268 3055 interrogat
3295 2987 3613 3055 imperator,

2029 3098 2158 3137 num
2206 3082 2463 3137 Ecclesia
2490 3080 2771 3137 catholicae
2794 3090 2974 3135 teneat
3005 3080 3185 3135 fidem.
3222 3080 3334 3143 Ille,
3368 3081 3453 3134 cui
3485 3095 3610 3147 per-
3650 3068 3661 3077 ’

2028 3172 2152 3227 inde
2179 3180 2297 3226 erat
2326 3173 2394 3226 ad
2420 3171 2715 3241 perjurium
2745 3180 2910 3237 atque
2930 3171 2996 3224 ad
3024 3170 3361 3224 mendacium
3381 3169 3609 3222 accede-

2037 3282 2116 3328 re,
2140 3281 2197 3319 se
2218 3276 2363 3319 recte
2386 3263 2586 3317 sentire
2612 3262 2920 3332 iuramento
2946 3263 3257 3326 confirmat,
3283 3276 3347 3314 ac
3370 3258 3607 3314 libellum

2032 3356 2190 3411 a’l‘ert
2216 3355 2358 3419 fidei,
2387 3355 2474 3409 ubi
2506 3353 2777 3409 occultato
2805 3354 3071 3408 haereseos
3099 3367 3332 3419 veneno,
3364 3351 3614 3420 Scriptu-

2038 3466 2109 3505 ra:
2150 3464 2309 3503 voces
2357 3448 2541 3503 dolose
2594 3446 2911 3513 usurpabat.
2965 3445 3101 3500 Tum
3160 3445 3459 3515 imperator
3498 3462 3512 3498 :
3558 3446 3615 3501 Si

2034 3559 2189 3610 sana,
2211 3542 2403 3611 inquit,
2434 3551 2515 3597 est
2550 3541 2679 3596 fides
2711 3548 2821 3602 tua,
2851 3542 3015 3606 probe
3040 3539 3236 3609 jurasti
3267 3556 3282 3605 ;
3316 3539 3399 3594 sin
3428 3538 3615 3607 impia,

2034 3647 2085 3693 et
2123 3647 2302 3691 tamen
2346 3634 2647 3704 jurasti,de
2674 3632 2855 3701 jurato
2897 3632 3036 3687 Deus
3074 3640 3502 3700 sumatpoenas.
3533 3630 3617 3684 Di-

2036 3730 2201 3783 misso
2230 3730 2297 3783 ab
2331 3729 2652 3796 imperatore
2681 3728 2813 3783 Ario
2844 3726 3108 3782 Eusebius
3159 3732 3214 3778 et
3261 3723 3396 3777 socii
3451 3724 3613 3777 solita

2035 3822 2113 3875 usi
2136 3820 2429 3891 petulantia
2460 3821 2509 3871 in
2551 3819 2838 3874 ecclesiam
2868 3819 3070 3872 aditum
3100 3819 3279 3873 facere
3309 3816 3615 3871 tentabant.

2032 3913 2269 3970 Jacobus
2301 3925 2479 3969 autem
2513 3912 2813 3968 Nisibensis
2840 3912 3149 3982 episcopus,
3182 3910 3384 3980 pietate
3424 3910 3509 3964 vir
3550 3924 3617 3961 ac

2035 4005 2314 4061 miraculis
2364 4005 2586 4068 clarus,
2630 4004 2925 4060 Catholicis
2972 4014 3161 4059 auctor
3209 4004 3309 4056 fuit
3358 4015 3415 4056 ut
3448 4010 3616 4056 tanta:

2035 4096 2359 4152 calamitatis
2416 4098 2755 4153 declinanda:
2782 4112 2948 4152 causa
2977 4110 3167 4166 preces
3193 4097 3259 4149 ad
3302 4096 3466 4148 Deum
3494 4095 3617 4148 fun-

2034 4192 2243 4245 derent.
2282 4187 2593 4245 Obsistehat
2627 4192 2754 4244 item
2798 4187 3433 4255 Constantinopolitamts
3486 4203 3621 4257 pra}-

2035 4283 2138 4349 sul,
2171 4298 2276 4337 non
2301 4284 2498 4338 debere
2526 4284 2677 4338 aiens
2708 4283 2980 4338 htereseos
3010 4291 3309 4344 auctorem,
3341 4280 3517 4334 locum
3559 4280 3613 4333 in

2035 4376 2267 4430 ecclesia
2305 4391 2599 4445 occupare.
2650 4377 2721 4429 At
2762 4374 3077 4438 Eusebiani,
3105 4373 3331 4440 jactatis
3373 4373 3617 4425 intermi-

2037 4467 2367 4533 nationibus,
2398 4469 2515 4522 haec
2543 4468 2886 4538 impudenter
2915 4468 3015 4522 fari
3044 4483 3056 4518 :
3092 4464 3161 4520 Ut
3192 4465 3616 4534 repugnantibus

2037 4560 2163 4614 licet
2197 4561 2351 4614 vobis
2373 4560 2778 4628 impetravimus
2824 4559 3039 4615 evocari
3080 4558 3149 4611 ab
3182 4557 3509 4625 imperatore
3538 4555 3616 4617 ν]-

3400 479 3601 518 LXXXII

1958 3307 2004 3372 C

324 4638 603 4691 sententia
632 4677 651 4702 ,
687 4646 858 4704 atque
889 4635 959 4688 ad
996 4651 1215 4704 pravam
1266 4637 1573 4706 opinionem
1624 4638 1672 4692 vi
1712 4639 1927 4693 ratioci-

2034 4670 2179 4717 rum;
2212 4653 2286 4706 ita
2333 4652 2418 4706 die
2470 4652 2739 4713 crastina,
2793 4659 2843 4705 te
2900 4650 3026 4704 licet
3082 4648 3283 4710 invito,
3335 4648 3615 4701 nobiscum

326 4731 403 4784 ιιἰί
431 4732 691 4797 deducta,
720 4738 781 4783 ut
805 4728 976 4785 etiam
1012 4738 1241 4783 testatur
1263 4727 1436 4784 Julius
1464 4728 1607 4799 Papa
1632 4732 1683 4785 in
1706 4734 1932 4802 epistola

324 4828 395 4878 ad
429 4823 750 4880 Orientales
781 4821 877 4895 (ε).

402 4921 557 4973 Anno
592 4917 725 4972 336.
769 4944 848 4956 —
886 4915 939 4967 Ι.
974 4914 1296 4970 Athanasius
1329 4914 1568 4972 Treviros
1605 4920 1935 4973 concedit.—

328 5010 671 5068 Atbanasius
712 5008 900 5065 solum
936 5017 1151 5062 vertere
1181 5021 1424 5075 coactus,
1466 5011 1719 5067 Treviros
1751 5016 1929 5070 exsilii

329 5104 498 5162 locum
521 5103 828 5163 contendit
857 5116 957 5156 :eo
986 5115 1105 5155 cum
1130 5104 1486 5172 pervenisset,
1510 5118 1540 5158 a
1572 5106 1729 5160 beato
1760 5106 1933 5162 Maxi-

328 5201 467 5256 mino
503 5211 622 5256 tum
658 5198 947 5268 episcopo
980 5196 1386 5264 perhumaniter
1435 5208 1692 5268 exceptus
1730 5211 1813 5255 est
1843 5200 1932 5271 (ί).

324 5288 554 5351 Treviris
572 5289 939 5348 versabatur
969 5286 1094 5340 item
1124 5287 1511 5345 Constantinus
1533 5290 1748 5359 juuior;
1781 5309 1810 5345 a
1829 5309 1937 5361 quo

310 5390 511 5459 pariter
547 5381 893 5443 honorifice
941 5378 1174 5448 habitus,
1222 5381 1577 5452 omnibusque
1630 5384 1696 5437 ad
1734 5384 1935 5439 victum

302 5482 732 5553 honestumque
770 5473 996 5531 cultum
1038 5476 1357 5531 necessariis
1388 5477 1602 5533 abunde
1641 5479 1938 5534 instructus

292 5582 411 5642 fuit.
431 5581 577 5654 Ejus
602 5586 803 5651 porro
836 5566 1103 5624 Treviros
1127 5570 1418 5624 adventum
1440 5584 1564 5625 cum
1602 5569 1731 5625 viris
1761 5570 1942 5625 doctis

353 5768 437 5840 (a)
476 5755 983 5840 Apolog._fot.ttro
1012 5746 1216 5840 agrian"
1246 5763 1299 5802 n.
1327 5747 1420 5803 29.

350 5817 434 5914 ἰὶἰ
476 5817 718 5914 ᾏὶἒιεηί
754 5819 934 5914 Ξεῗίίθίν
953 5834 1007 5914 “.:
1027 5817 1117 5914 5.0.:

346 5888 427 5982 iii
472 5888 719 5982 Silia".-
758 5891 943 5982 ‘.'3.‘."-:
975 5888 1224 5982 '1°.f°;._
1261 5959 1449 5982 .-_-_

345 5958 430 6055 id)
472 5958 739 6036 gocrat.
771 5963 884 6018 lib.
922 5974 963 6025 ι,
990 5959 1228 6027 cap.57;
1261 5959 1473 6018 Sozom.
1508 5959 1579 6017 lib
1613 5973 1671 6026 ιι,
1711 5973 1829 6029 cap.
1850 5958 1937 6015 29.

2041 4746 2201 4799 Arius
2264 4744 2315 4797 in
2385 4744 2487 4797 hac
2554 4743 2784 4797 ecclesia
2842 4742 3017 4795 aderit
3083 4739 3393 4795 conventui.
3453 4738 3618 4805 Queis

2039 4837 2348 4892 Alexander
2384 4835 2603 4902 auditis,
2634 4834 2823 4905 grandi
2859 4848 3093 4890 mmrore
3123 4832 3395 4903 perfusus,
3416 4832 3619 4900 ingres‘

2040 4944 2131 4983 sus
2176 4938 2259 4983 est
2315 4930 2368 4984 in
2411 4928 2696 4983 ecclesiam
2754 4926 2904 4981 lrene
2970 4925 3403 4997 cognominatam
3448 4939 3621 4992 ;sup-

2040 5021 2314 5090 plicesque
2365 5035 2558 5075 manus
2591 5021 2657 5074 ad
2710 5020 2875 5075 Deum
2934 5020 3181 5085 tendens,
3223 5017 3621 5087 collacrymans

2041 5112 2094 5167 in
2114 5111 2319 5167 vultum
2342 5113 2573 5180 procidit
2594 5113 2731 5165 intra
2751 5112 3051 5166 sacrarium
3080 5127 3095 5176 ;
3126 5109 3382 5179 humique
3406 5108 3618 5178 jacens,

2043 5205 2257 5259 auditus
2286 5222 2317 5258 a
2346 5202 2581 5259 lllacario
2608 5204 2926 5274 presbytero
2961 5213 3043 5257 est
3075 5203 3238 5256 hasce
3282 5208 3502 5255 moestas
3551 5198 3625 5252 cf-

2043 5296 2272 5352 fundere
2292 5311 2475 5352 voces.
2504 5295 2566 5351 Si
2604 5296 2763 5350 Arius
2800 5297 3035 5350 crastina
3064 5295 3149 5348 die
3190 5291 3264 5345 ad
3312 5300 3618 5345 conventum

2041 5390 2270 5451 accedet,
2308 5405 2389 5443 me
2411 5405 2617 5442 servum
2647 5399 2794 5443 tuum
2824 5405 2889 5442 ex
2909 5389 3009 5441 hac
3038 5387 3152 5439 luce
3172 5383 3421 5438 dimittito
3443 5420 3458 5445 ,
3480 5391 3528 5434 et
3556 5397 3620 5434 ne

2042 5478 2187 5531 sinas
2200 5494 2321 5531 cum
2350 5479 2512 5546 impio
2545 5478 2690 5545 pium
2722 5476 3046 5532 commisceri
3069 5484 3116 5527 et
3140 5489 3247 5527 una
3273 5470 3503 5525 interire.
3523 5467 3619 5524 Sin

2041 5567 2337 5624 Ecclesium
2369 5569 2636 5623 miserari:
2675 5578 2842 5632 tuam,
2872 5578 2921 5621 et
2949 5566 3158 5636 quidem
3190 5562 3457 5617 miseraris
3476 5600 3491 5628 ,
3519 5562 3618 5616 hoc

2121 5749 2190 5819 (ε)
2229 5749 2427 5803 Athan.
2464 5747 2614 5819 Apol.
2650 5754 2831 5819 contra
2877 5742 3063 5797 Arion.
3117 5758 3171 5795 ιι.
3198 5741 3266 5795 ’52

2121 5814 2188 5886 (Ι)
2227 5819 2429 5872 Athan.
2458 5818 2611 5880 ibid.,
2638 5832 2690 5869 η.
2726 5814 2815 5869 87.

2122 5882 2196 5955 (ᾖ)
2237 5889 2451 5941 Socrat.
2472 5887 2564 5939 lib.
2592 5900 2764 5953 t,cap.
2790 5882 2858 5937 57
2890 5899 2904 5947 ;
2944 5884 3159 5955 Sozom.
3184 5882 3275 5936 lih.
3300 5899 3490 5952 tt,cap.
3521 5882 3612 5938 29.

2122 5894 2171 5953 (q
2237 5894 2451 5941 Socrat.
2472 5894 2564 5939 lib.
2592 5900 2764 5953 I,cap.
2790 5894 2855 5937 5'1
2890 5899 2904 5947 ;
2944 5894 3159 5937 bozom.
3185 5894 3255 5936 ΙΙΙι

2121 5894 2201 6029 (lt;
2237 5956 2434 6012 Athan.
2473 5956 2644 6025 Epist.
2679 5962 2925 6010 dcmorte
2948 5954 3082 6021 Arii,
3122 5971 3174 6009 ιι.
3207 5954 3261 6007 2.
