4038 6568
487 477 551 515 xc
1868 454 2387 513 PROLEGOMENA.
2408 524 2413 537 ‘

487 578 610 629 bene
635 577 775 639 novi,
808 576 1160 630 animadverte
1192 576 1404 630 Eusebii
1434 588 1480 630 et
1506 579 1767 630 sociarant
1802 578 1973 636 verba,
2002 587 2047 628 et
2080 581 2119 633 Α
2154 573 2382 626 hominis
2409 570 2615 624 animos
2651 570 2792 632 fecit,
2812 578 2867 619 ut
2894 565 3184 633 impensius
3204 576 3389 647 veram
3410 561 3706 616 doctrinam

488 684 550 720 ne
579 667 783 719 dederis
811 666 867 719 in
895 667 1113 720 exitium
1142 678 1188 721 et
1216 670 1269 720 in
1306 668 1641 734 opprobrium
1690 668 2048 721 Itwreditatem
2149 665 2470 728 vindicaret,
2497 664 2622 732 quia
2656 661 2883 713 Nica‘nze
2916 658 3033 710 ﬁdei
3067 656 3345 709 veritatem
3386 655 3435 707 vi
3466 655 3706 709 miraculi

485 771 728 823 tuam,ac
752 759 875 813 tolle
899 760 1103 824 Arium,
1126 776 1188 813 ne
1212 761 1532 829 ingrediente
1563 759 1653 813 illo
1679 761 1733 813 in
1757 760 2043 823 ecclesiam,
2146 757 2519 811 conﬁrmatam
2545 752 2882 820 intelligeret.
2910 748 3015 801 Nec
3040 747 3333 801 audiendus
3360 745 3584 801 Rutinus
3613 746 3707 817 (c),

484 852 695 905 laterem
727 867 835 903 una
881 850 1097 904 introire
1122 850 1376 916 videatur,
1412 867 1510 905 neu
1542 852 1779 920 deinceps
1811 850 2047 917 impietas
2145 849 2235 916 qui
2268 855 2453 902 contra
2488 844 2809 913 scriptorum
2840 840 3076 893 omnium
3112 839 3267 892 [idem
3316 849 3371 891 et
3419 842 3710 891 auctorita-

483 943 693 1009 pietatis
726 943 838 997 loco
874 943 1144 996 habeatur.
2152 950 2279 1004 tem,
2325 945 2512 991 narrat
2547 934 2747 989 obitum
2781 932 2891 985 Arii
2925 932 3023 985 sub
3070 929 3388 984 ConSIantio
3422 930 3705 992 accidisse,

555 1033 608 1086 5.
651 1031 797 1087 Mors
826 1033 958 1087 Arii.
988 1064 1057 1073 —
1084 1032 1207 1089 Haec
1233 1031 1470 1087 Sabbato
1495 1031 2048 1103 pomeridianishoris
2150 1030 2365 1099 aliaque
2410 1026 2673 1081 immiscet
2718 1025 2944 1093 plurima
2993 1039 3121 1078 vero
3165 1031 3350 1093 aperte
3408 1038 3710 1092 repugnan—

483 1126 804 1194 precabatur
857 1127 1120 1192 antistes,
1169 1138 1225 1181 et
1272 1127 1375 1182 sub
1413 1128 1528 1181 hate
1581 1126 1803 1179 multum
1854 1125 2048 1179 anxius
2148 1121 2241 1176 tia.

483 1218 804 1287 digreditur.
838 1217 911 1271 Ea
964 1233 1093 1273 vero
1144 1218 1257 1287 ipsa
1300 1219 1448 1278 hora,
1491 1231 1741 1287 egressus
1786 1214 2046 1285 imperiali
2221 1212 2276 1266 5.
2310 1210 2568 1265 Antonius
2616 1225 2712 1276 pro
2747 1207 3032 1259 Athanasio
3075 1206 3253 1259 scribit
3296 1207 3365 1258 ad
3411 1205 3711 1261 Constanti-

481 1311 684 1380 palatio
740 1311 901 1365 Arius
966 1310 1096 1379 (a),
1150 1309 1471 1365 Eusebianis
1531 1307 1821 1362 satellitum
1877 1308 2050 1361 instar
2149 1319 2294 1356 num.
2330 1330 2398 1340 --
2435 1299 2697 1355 Caeterum
2743 1296 2995 1351 defuncto
3028 1297 3158 1349 Ario
3212 1296 3310 1366 (tl),
3371 1312 3707 1366 nequaquam

481 1400 829 1468 Stipantibus,
877 1417 973 1471 per
1021 1401 1256 1455 civitatis
1305 1399 1540 1453 medium
1590 1397 1871 1465 magniﬁce
1906 1398 2050 1451 incc—
2147 1393 2332 1447 sedata
2359 1390 2728 1445 controversia
2762 1388 2863 1442 fuit
2896 1389 2961 1442 de
2983 1387 3319 1456 dogmatibus
3351 1387 3468 1457 ejus
3495 1391 3708 1454 oborta,

482 1495 615 1547 deus
648 1508 711 1548 ac
764 1494 998 1562 gesliens
1047 1493 1259 1560 gaudio,
1307 1489 1477 1543 {utilia
1517 1488 1765 1559 loquens,
1810 1492 2046 1544 omnium
2148 1496 2322 1551 neque
2360 1490 2655 1535 sectatores
2704 1481 2822 1550 ejus
2875 1479 3187 1533 insidiarum
3238 1479 3397 1533 ﬁnem
3445 1479 3708 1548 fecerunt,

481 1583 536 1635 in
596 1599 655 1639 se
711 1584 955 1637 movebat
1023 1582 1229 1637 oculos.
1296 1580 1539 1649 Cumque
1593 1579 1929 1648 pervenisset
1981 1578 2049 1632 ad
2150 1587 2249 1628 nec
2274 1572 2471 1626 attrita:
2494 1588 2583 1628 res
2618 1586 2802 1626 eorum
2834 1570 2987 1625 ducis
3015 1586 3141 1624 casu
3170 1581 3224 1625 et
3261 1571 3426 1625 exitio
3459 1572 3708 1627 videban-

480 1675 657 1729 l'ornm
690 1675 1023 1731 Constantini
1059 1675 1283 1739 dictum,
1340 1688 1443 1742 quo
1491 1673 1545 1727 in
1575 1671 1692 1725 loco
1730 1680 1903 1725 statua
1928 1684 2051 1740 por—
2151 1668 2257 1714 lur-
2330 1660 2472 1714 sane
2533 1674 2653 1714 Cum
2707 1659 2931 1729 Ρορυ¹¹¹8
2982 1660 3378 1716 Alexandrinus
3441 1663 3707 1730 Ρτεοίὶιυε,

478 1766 755 1836 pbyretica
815 1766 989 1835 posita
1038 1774 1175 1829 erat,
1229 1775 1284 1819 ιιι
1330 1765 1404 1818 ait
1438 1764 1721 1827 Socrates,
1772 1764 2050 1817 conscien-

2150 1750 2432 1816 clamore,
2490 1752 2962 1819 conquestionibus
3041 1753 3107 1806 de
3176 1754 3472 1809 revocando
3536 1755 3708 1808 Atha-

479 1858 553 1911 tia
584 1857 847 1912 scelerum
879 1857 1287 1919 exhorrescens,
1330 1854 1396 1911 ad
1427 1855 1530 1909 alvi
1555 1855 1909 1909 exonerandze
1955 1868 2050 1908 ne-

2150 1843 2303 1898 nasio
2326 1851 2511 1913 ageret
2532 1842 2771 1909 assidue,
2800 1859 3134 1913 magnusque
3164 1847 3427 1901 Antonius
3456 1848 3708 1914 frequens

478 1949 782 2003 cessitate",
805 1947 1131 2018 compulsus,
1173 1956 1519 2016 percontatur
1541 1951 1678 2014 ςηωη
1715 1947 1767 2000 Ῐη
1801 1946 2045 2013 proximo
2076 1926 2123 1988 Β
2148 1934 2355 1988 litteras
2378 1934 2612 1989 mitteret
2633 1935 2697 1989 ad
2718 1934 3112 2004 imperatorem,
3138 1938 3289 2006 queis
3315 1938 3505 1992 tnalam
3530 1942 3706 2007 tidem,

478 2038 706 2093 latrinae.
731 2038 860 2093 Cum
890 2053 1026 2108 pone
1052 2036 1385 2092 Constantini
1408 2037 1581 2091 forum
1608 2052 1724 2091 esse
1748 2036 2042 2103 didicisset,

2150 2025 2343 2081 malam
2379 2035 2612 2081 mentem
2641 2025 3044 2082 Meletianorum
3091 2031 3379 2098 aperiebat,
3429 2035 3707 2086 monebat—

475 2144 541 2183 εο
576 2130 778 2200 pergit;
811 2145 873 2185 ac
907 2132 1195 2199 derepente
1230 2130 1411 2185 animo
1440 2130 1641 2192 ἀεθςίι,
1687 2138 1743 2183 ει
1780 2144 1884 2183 una
1919 2144 2040 2183 cum
2149 2132 2252 2186 que
2272 2121 2598 2172 necrederet
2623 2119 2942 2173 nebulonum
2961 2122 3709 2189 criminationibus;Alexan-

474 2220 837 2275 excremenﬁs
873 2221 1185 2276 dilabuntur
1216 2221 1469 2276 intestina
1500 2237 1621 2276 cum
1652 2220 1835 2289 splene
1878 2234 1941 2273 ac
1961 2220 2043 2287 je-
2148 2209 2316 2264 drinis
2344 2208 2727 2266 Constantinus
2760 2211 3105 2280 petulantiam
3136 2224 3188 2265 et
3218 2215 3571 2270 temeritatem
3614 2234 3707 2271 ex-

475 2325 630 2376 core;
672 2322 748 2375 ει,
782 2312 825 2366 si
861 2312 1139 2367 Athanasii
1180 2313 1337 2367 verba
1384 2321 1509 2365 sum
1540 2312 1865 2366 adnueram
1899 2312 2043 2366 πεῖ-
2148 2300 2457 2371 probravit,
2509 2300 2724 2356 clericis
2774 2311 2829 2357 et
2878 2304 3171 2372 virginibus
3227 2314 3283 2359 ut
3368 2309 3711 2376 quiescerent

473 2404 687 2470 pianda,
722 2405 927 2473 crepuit
956 2404 1042 2458 ille
1094 2405 1300 2459 medius
1332 2404 1475 2459 velut
1510 2404 1646 2458 alter
1685 2403 2037 2469 ιςοιωιιίοιοες
2148 2392 2337 2458 edixit,
2369 2409 2473 2448 non
2489 2407 2646 2463 posse
2673 2394 2823 2449 aiens
2840 2396 3191 2450 Athanasium
3216 2402 3474 2465 revocari,
3489 2404 3709 2457 seditio-

473 2504 529 2550 θι
556 2494 632 2551 ita
657 2495 826 2553 multo
856 2495 1018 2549 vium
1046 2510 1166 2550 cum
1190 2496 1450 2567 sanguine
1480 2496 1635 2549 fudiL
1669 2496 1910 2566 Cumque
1931 2497 2042 2551 cla-
2147 2498 2265 2537 sum
2292 2484 2561 2540 hominem
2587 2495 2642 2541 et
2667 2487 3030 2543 ecclesiastico
3050 2489 3250 2557 judicio
3277 2495 3708 2553 condemnatum.

472 2603 569 2656 p50
596 2590 828 2655 quodam
878 2587 1132 2656 temporis
1163 2589 1336 2659 spatio
1381 2603 1483 2642 non
1522 2591 1917 2657 regrederetur,
1948 2588 2040 2658 qui
2149 2576 2380 2631 Αιιιοιιὶο
2406 2589 2582 2632 autem
2606 2579 2906 2649 rescripsit,
2938 2598 3040 2635 llOlI
3072 2582 3231 2637 licere
3257 2586 3357 2639 Sibi
3388 2589 3710 2642 sententiam

473 2680 607 2734 foris
637 2680 907 2734 hominem
957 2682 1400 2749 praestolabantur
1447 2681 1789 2751 introgressi,
1834 2682 2039 2735 exstin-

2147 2671 2333 2739 synodi
2382 2672 2965 2742 despicerezquamvis
3015 2675 3156 2729 enim
3196 2677 3430 2731 nonnulli
3463 2690 3557 2733 aut
3588 2681 3713 2736 odio

471 2782 617 2831 ctum
643 2771 694 2824 in
724 2770 850 2825 sella
871 2770 1138 2839 jacentem
1168 2773 1464 2826 inveniunt.
1489 2772 1764 2841 Ejusmodi
1793 2774 1894 2827 fuit
1924 2773 2038 2826 Arii
2147 2772 2241 2817 aut
2272 2766 2441 2833 gratia
2472 2766 2700 2834 PerIIIOti
2737 2767 2789 2819 in
2822 2766 2910 2819 tali
2936 2767 3138 2835 judicio
3170 2768 3419 2835 fuissent,
3467 2772 3580 2843 pari
3628 2781 3710 2827 ta-

472 2864 669 2919 exitus.
701 2864 776 2921 Eo
813 2862 1100 2917 Eusebiani
1133 2864 1437 2933 spectaculo
1474 2864 1765 2935 pudefacti,
1803 2864 2041 2935 sociique
2150 2872 2268 2911 men
2292 2858 2450 2912 modo
2473 2858 2717 2913 allectum
2747 2868 2945 2912 tantam
2969 2862 3285 2930 prudentum
3307 2863 3714 2936 proborumque

470 2956 637 3009 exitio
660 2958 954 3023 perterriti,
983 2956 1219 3012 defuncti
1248 2972 1441 3027 corpus
1468 2956 1783 3013 humarunt.
1815 2957 1885 3010 At
1916 2957 2040 3012 ben.
2148 2949 2522 3017 episcOporum
2594 2951 2988 3005 multitudinem
3052 2953 3307 3008 credibile
3374 2971 3476 3009 non
3548 2973 3668 3012 esse
3694 2976 3710 3025 ;

472 3056 539 3100 im
572 3049 649 3100 vir
673 3050 942 3103 ,ηειηοιηίω
965 3050 1269 3108 Alexander
1294 3052 1594 3120 episcopus,
1627 3049 1760 3104 [agris
1797 3048 2039 3104 Camoni-
2146 3039 2503 3096 Athanasium
2540 3042 2811 3095 hominem
2849 3057 2970 3096 esse
3009 3045 3318 3113 superbum,
3354 3051 3712 3106 contumelio-

470 3153 655 3195 corum
714 3140 930 3208 animis,
990 3142 1509 3210 accurrentibusque
1552 3140 1797 3197 beneﬁcii
1838 3141 2039 3210 accepti

2150 3147 2295 3195 sum,
2329 3148 2390 3185 ac
2423 3134 2703 3189 discordiae
2758 3145 3053 3188 auctorem.
3104 3138 3329 3193 Tantum
3362 3142 3708 3209 praejudicata

468 3246 627 3282 causa
669 3230 949 3300 fratribus,
990 3234 1218 3304 synaxin
1272 3232 1581 3287 celebravit.
1613 3230 1749 3285 Tum
1786 3246 2041 3287 resonare
2073 3287 2110 3304 η
2148 3222 2487 3279 Constantini
2540 3227 2723 3295 ορίηἰο
2764 3229 2951 3292 valuit.
3010 3238 3217 3285 tantum
3288 3232 3710 3291 Eusebianorum

466 3323 647 3377 omnia
683 3324 950 3390 laudibus,
980 3287 1038 3379 et
1072 3326 1370 3395 gratiarum
1424 3324 1730 3379 actionibus
1764 3323 2044 3379 celebrare

2146 3315 2409 3370 machina
2444 3327 2752 3383 potuerunt.
2783 3318 2874 3375 Na:
2910 3322 3005 3389 illi,
3059 3325 3211 3393 gnari
3252 3325 3387 3380 mire
3418 3326 3711 3384 abhorrere

466 3429 655 3469 omnes
686 3415 775 3468 Dei
802 3416 1217 3485 providentiam,
1255 3429 1374 3483 qua
1400 3422 1545 3469 tanta
1570 3429 1699 3469 cura
1730 3414 1889 3468 rebus
1919 3429 2042 3482 pro-
2146 3406 2527 3477 imperatorem
2581 3426 2610 3464 a
2652 3417 3143 3469 controversiarum
3179 3426 3232 3470 et
3265 3430 3502 3473 motuum
3527 3434 3713 3476 aucto-

469 3503 626 3571 spicit
656 3505 1077 3573 ecclesiasticis;
1138 3521 1242 3559 non
1291 3520 1396 3571 quo
1454 3504 1748 3574 gauderent
1784 3505 1853 3559 de
1890 3504 2039 3572 impii
2145 3497 2316 3565 ribus,
2377 3498 2638 3568 ejusmodi
2691 3504 2915 3559 crimina
2965 3519 3265 3577 opportuna
3300 3511 3506 3566 scilicet
3547 3518 3712 3570 rebus

471 3594 705 3655 hominis
734 3596 977 3660 interitu,
1011 3597 1101 3651 sed
1137 3595 1280 3665 quod
1311 3610 1373 3648 ea
1403 3609 1487 3649 res
1522 3610 1589 3650 ex
1629 3594 1887 3663 singulari
1928 3593 2040 3648 Nu-
2143 3589 2254 3644 suis
2277 3590 2577 3647 offerebant
2606 3594 2658 3649 in
2686 3596 3061 3652 Athanasium.
3085 3599 3263 3670 Neque
3289 3612 3465 3657 tamen
3493 3608 3711 3662 omnino

470 3685 630 3745 minis
654 3688 986 3756 providentia
1010 3698 1205 3755 praeter
1228 3688 1523 3741 humanum
1554 3701 1709 3740 usum
1734 3684 2037 3741 accidisset.
2143 3695 2230 3735 res
2257 3685 2420 3737 cessit
2441 3699 2507 3739 cx
2540 3695 2664 3741 voto
2692 3686 3034 3743 Arianorum.
3072 3690 3207 3746 Nam
3247 3710 3366 3748 cum
3402 3695 3712 3752 consumi.

467 3774 719 3833 Latrinas
749 3793 910 3847 porro
937 3778 1054 3832 illas
1081 3778 1155 3831 ait
1184 3776 1437 3832 Socrates
1469 3777 1625 3848 longo
1652 3788 1773 3847 post
1802 3787 2042 3847 tempore
2141 3789 2245 3829 nus
2275 3775 2411 3831 duas
2444 3776 2498 3831 in
2522 3765 2705 3847 partes
2733 3780 3045 3836 distractam
3064 3783 3358 3841 Eeclesiam
3385 3792 3708 3847 Alexandri-

466 3867 824 3935 superl‘uisse;
877 3870 968 3923 sed
1005 3868 1337 3923 Sozomenus
1367 3869 1442 3939 (b)
1496 3868 1569 3922 ita
1603 3869 1765 3924 habet
1809 3869 2041 3926 :Fertur
2140 3880 2263 3919 nam
2306 3883 2426 3923 esse
2475 3872 2789 3940 accepisset,
2838 3881 2892 3928 et
2926 3857 3059 3930 alios
3104 3879 3709 3945 quitleinAthanasimn

466 3973 630 4023 porro
675 3960 927 4015 diuturno
963 3969 1203 4030 tempore
1258 3962 1529 4016 neminem
1574 3975 1637 4015 ea
1683 3959 1813 4015 sella
1862 3975 2037 4016 usum.
2140 3957 2342 4023 fovere,
2399 3962 2533 4017 alios
2581 3961 2839 4019 Joannem
2888 3966 3267 4033 Meletianum;
3335 3970 3386 4024 in
3445 3970 3707 4029 Joannem

466 4048 623 4115 Nam,
656 4066 775 4105 cum
813 4051 962 4104 multi
989 4052 1219 4121 pellente
1256 4051 1578 4106 necessitate
1622 4066 1744 4105 eum
1777 4051 1827 4104 in
1865 4050 2038 4105 locum
2136 4046 2286 4116 juxta
2351 4060 2510 4121 atque
2556 4052 2610 4108 in
2655 4055 3006 4111 Athanasium
3052 4059 3384 4131 indignatus,
3437 4063 3707 4123 hominem

461 4141 818 4206 conﬂuerent,
848 4143 935 4196 alii
965 4143 1098 4198 alios
1141 4142 1427 4199 monebant
1461 4152 1519 4196 ut
1555 4158 1673 4197 eam
1706 4143 2042 4197 declinarent
2142 4141 2420 4197 rnulctavit
2469 4145 2691 4213 exsilio;
2749 4162 2848 4203 nec
2889 4149 2990 4219 ipsi
3027 4154 3278 4220 profuere
3308 4154 3481 4226 Tyriae
3518 4161 3707 4229 synodi

470 4234 681 4301 sellam,
715 4234 888 4303 inqua
920 4234 1081 4289 Arius
1108 4236 1400 4305 impietatis
1425 4249 1613 4305 ptenas
1645 4235 1913 4299 dedisset;
1955 4245 2037 4289 at-
2141 4230 2381 4299 decreta,
2409 4234 2603 4302 quibus
2625 4242 2800 4290 luerat
2826 4238 2893 4292 ad
2924 4240 3345 4299 ecclesiasticam
3374 4252 3708 4303 communio-

464 4340 569 4397 qne
593 4328 804 4382 demum
839 4329 1194 4383 exsecratinni
1248 4330 1350 4382 fuit
1396 4329 1565 4383 locus.
1602 4329 1891 4396 Aliquanto
1922 4339 2041 4398 post
2140 4337 2261 4377 nem
2289 4324 2571 4379 admissus.

465 4418 700 4477 Arianus
726 4420 941 4493 quidam
975 4421 1234 4489 praedives
1263 4431 1313 4474 et
1351 4420 1634 4489 opulentus
1670 4420 1841 4475 locum
1868 4422 1998 4474 emit
2023 4438 2035 4473 :
2213 4412 2265 4467 6.
2295 4413 2577 4470 ltiterdixit
2608 4427 2866 4486 praeterea
2895 4420 3281 4479 Constantinus
3311 4426 3401 4496 (e),
3459 4442 3527 4483 ne
3554 4442 3704 4485 extra

461 4520 514 4562 et
540 4522 863 4573 commutata
890 4513 1068 4581 priore
1090 4511 1299 4565 mdiﬁcii
1336 4511 1505 4566 forma
1539 4513 1754 4567 domum
1794 4513 1902 4567 illic
1949 4527 2035 4567 ex.
2138 4505 2490 4559 ecclesiarum
2513 4516 2685 4576 septa,
2729 4520 2823 4564 aut
2852 4513 3101 4579 privatim
3133 4525 3224 4567 aut
3250 4516 3423 4585 palam
3470 4518 3702 4576 haeretici

463 4600 668 4664 citavit,
699 4613 755 4655 ut
781 4619 865 4657 res
892 4602 1147 4678 paulatim
1179 4604 1228 4656 in
1266 4603 1589 4659 oblivionem
1621 4604 1849 4663 veniret.
2065 4672 2104 4682 _
2142 4598 2515 4664 convenirent,
2552 4600 2646 4654 sed
2672 4599 2833 4668 jussit
2867 4611 2924 4656 ut
2967 4619 3026 4658 se
3064 4605 3461 4662 Catholicorum
3512 4612 3706 4682 junge-

531 4693 583 4745 4.
617 4672 907 4762 Postquam
958 4709 1172 4749 rumore
1216 4697 1405 4752 nuntio
1443 4696 1690 4766 evulgata
1747 4712 1891 4751 mors
1918 4696 2030 4750 Arii
2064 4672 2111 4731 θ
2144 4691 2543 4747 rentctetibus.
2571 4691 2811 4747 Necdum
2854 4697 2995 4749 enim
3048 4698 3232 4750 Ariani
3279 4698 3328 4751 in
3362 4712 3563 4756 sectam
3611 4705 3707 4756 ali-

461 4782 580 4846 hiit,
620 4800 722 4836 non
776 4802 876 4840 una
914 4787 1152 4843 omnium
1190 4787 1309 4852 fuit,
1337 4797 1395 4841 ut
1427 4790 1645 4842 evenire
1679 4788 1833 4853 solet,
1881 4791 1946 4843 de
1977 4804 2033 4842 re
2139 4786 2299 4851 quam
2353 4784 2421 4837 ab
2458 4783 2579 4839 aliis
2608 4787 2878 4842 haereticis
2903 4789 3209 4843 distinctam
3253 4790 3369 4845 loco
3396 4794 3603 4849 scilicet
3653 4806 3706 4848 et

462 4887 570 4929 tam
632 4878 873 4935 insolenti
905 4880 1105 4948 opinio.
1142 4878 1399 4937 Putarunt
1426 4882 1511 4935 alii
1535 4883 1813 4951 repentino
1847 4882 2032 4935 morbo

2140 4876 2533 4940 conventibus,
2586 4877 2864 4943 abierant;
2923 4881 3016 4935 sed
3076 4883 3314 4951 exceptis
3370 4884 3703 4951 Novatianis,

457 4979 905 5033 oppressum,aut
931 4971 1127 5039 ingenti
1160 4972 1359 5033 laetitia,
1392 4971 1531 5040 quod
1553 4988 1637 5025 res
1655 4971 1937 5026 cecidisset
1966 4985 2030 5023 ex
2138 4964 2437 5038 Phrygibus
2474 5007 2487 5033 ,
2552 4969 2939 5025 Valentinianis
2961 5014 2976 5039 ,
3040 4972 3369 5029 Marcionitis
3410 4987 3463 5029 et
3497 4978 3707 5034 Paulia-

465 5068 611 5124 volo,
643 5072 957 5131 occupatum
997 5065 1302 5129 interiisse;
1336 5064 1424 5117 alii
1475 5065 1734 5119 scelerum
1772 5073 1822 5117 et
1848 5064 2033 5137 impie-
2138 5059 2241 5123 nis,
2278 5059 2505 5113 aliorum
2538 5061 3004 5117 indiscriminatim
3030 5066 3402 5124 haereticorum
3426 5076 3706 5129 conventi-

457 5151 585 5205 tatis
619 5166 806 5222 poenas
837 5155 1019 5214 luisse.
1056 5157 1191 5212 Pars
1244 5166 1369 5210 ante
1415 5155 1531 5224 ejus
1570 5156 1785 5211 faetioni
1830 5154 1992 5209 dediti
2012 5194 2031 5221 .,
2136 5150 2239 5205 bus
2273 5151 2594 5208 intererant.
2628 5154 2751 5209 Ihec
2789 5156 2995 5210 scilicet
3022 5158 3375 5227 Sozomenus,
3414 5166 3496 5218 cui
3528 5167 3579 5221 in
3606 5169 3705 5224 hoc

456 5244 639 5299 audito
689 5247 971 5305 subitaneo
1026 5266 1177 5314 casu,
1226 5249 1292 5303 ab
1328 5248 1545 5305 Arianis
1592 5248 1832 5317 partibus
1856 5248 2028 5301 desci-
2135 5242 2708 5301 reclamatAlexander
2733 5249 3126 5306 Alexandrinus
3156 5268 3315 5322 supra
3343 5271 3395 5324 p.
3429 5272 3580 5324 uiv,
3616 5261 3701 5315 ubi

456 5350 631 5396 scunt.
680 5340 782 5396 Alii
820 5357 1062 5397 errorum
1092 5340 1496 5398 retinentissimi
1531 5340 1786 5395 maleﬁcis
1824 5340 2029 5395 artibus
2136 5335 2231 5399 ait.
2261 5335 2636 5394 C0|lutltianos
2667 5350 2827 5411 atque
2855 5358 3038 5397 eorum
3081 5346 3327 5416 exemplo
3370 5350 3603 5407 Arianos
3651 5355 3701 5406 in

453 5442 700 5488 enectum
723 5435 1018 5489 clamitant.
1053 5435 1436 5491 Constantinus
1458 5443 1676 5501 accepto
1701 5433 1811 5486 Arii
1842 5434 2023 5487 interi-
2134 5428 2398 5496 separatis
2424 5428 2555 5485 locis
2592 5444 2889 5489 c0nventus
2915 5452 3091 5505 agere.
3134 5436 3208 5491 Ex
3248 5440 3499 5507 praedicta
3538 5442 3700 5510 impe-

410 5588 416 5603 ‘
457 5533 535 5587 tu,
585 5538 705 5578 eum
735 5535 794 5579 ut
828 5527 1097 5597 perjurum
1136 5525 1321 5580 habuit
1349 5537 1508 5593 atque
1537 5524 1869 5588 haereticum,
1901 5540 2026 5594 pro-
2135 5520 2333 5573 tutoris
2365 5520 2482 5592 lege
2508 5522 2733 5588 factum,
2788 5536 2845 5580 ut
2893 5542 3077 5582 earum
3128 5530 3388 5586 haercsum
3442 5534 3699 5587 memoria

453 5616 650 5673 tnerito
683 5620 947 5689 supplicio
1007 5619 1263 5673 divinitus
1318 5618 1601 5680 allectum;
1656 5618 2025 5688 perniciesque
2135 5629 2327 5686 magna
2358 5629 2423 5669 ex
2455 5627 2608 5685 parte
2635 5618 2938 5674 oblitterata
2971 5621 3063 5677 sit.

524 5751 603 5817 (τι)
645 5752 852 5808 Socrat.
882 5756 973 5826 lib.
1010 5770 1185 5826 t,cap.
1217 5754 1284 5807 58
1313 5773 1324 5817 ;
1356 5755 1569 5826 Sozam.
1597 5755 1666 5809 lib
1710 5771 1771 5815 ιι.
1800 5772 1917 5824 cap.
1938 5756 2025 5809 '50.
2206 5755 2283 5817 id)
2313 5755 2528 5811 Sozom.
2557 5757 2649 5810 lib.
2682 5774 2742 5819 ιι.
2769 5774 2886 5826 cap.
2917 5762 3001 5815 39..

527 5825 601 5887 (”)
631 5826 838 5877 Socrat.
873 5824 1000 5877 ibid.
1030 5843 1042 5881 ;
1107 5824 1319 5879 Sozam.
1360 5825 1487 5878 ibid.
2208 5826 2277 5895 (ε)
2304 5826 2515 5882 Sozom.
2557 5828 2707 5891 ibid,
2742 5824 2856 5900 cap.
2879 5831 2964 5883 35.

527 5890 595 5959 (ί)
631 5891 744 5946 Lib.
773 5910 812 5961 ι,
840 5912 956 5964 inp.
987 5895 1071 5949 15.
