4038 6532
1660 438 1815 494 \‘lTA
1857 438 1915 495 S.
1960 435 2348 493 ATHANASII.
3523 448 3605 485 και

296 540 347 596 7.
382 541 705 602 Eusebius
739 556 805 605 et
856 551 1171 624 Theognius
1198 553 1323 623 ﬁdei
1357 553 1639 622 formulam
1664 554 1842 606 edunt.
1865 580 1935 592 -—
1964 552 2005 607 Α
2036 548 2390 603 Constantius
2425 561 2536 617 prae
2574 544 2785 600 cmteris
2836 544 3063 600 dilectus
3089 544 3192 602 sibi
3224 545 3367 602 filius
3402 551 3606 604 adven-

246 636 433 689 Eodem
492 635 717 695 ferme
765 652 1051 715 tempore
1099 644 1363 701 Eusebius
1407 644 1828 699 Nicomediensis
1866 654 1919 696 et

244 728 568 799 Theognius
617 731 980 803 Nicmnus,
1034 737 1313 792 turbarum
1353 752 1418 792 ac
1456 746 1696 792 motuum
1732 750 1921 805 percu-

247 822 362 892 pidi,
403 840 643 880 novam
681 828 843 886 ﬁdei
886 832 1183 887 formulam
1204 831 1443 896 edidere,
1469 844 1575 900 qua
1610 829 1703 882 τοῦ
1734 829 1921 899 ὁμοθυ-

250 912 353 966 σὶου
380 929 605 969 vocem
636 933 778 974 non
819 923 1129 992 repudiare
1156 921 1372 991 quidem
1400 930 1544 974 metu
1578 919 1920 989 imperatoris

254 1005 479 1061 Nicena:
543 1009 701 1065 fidei
763 1015 1147 1079 deditissimi,
1195 1016 1287 1071 Sed
1330 1013 1652 1084 quibusdam
1676 1014 1740 1068 ad
1767 1029 1916 1067 suam

254 1098 538 1155 libidinem
603 1104 1210 1177 interpretationibus
1268 1106 1545 1160 infirmare
1609 1115 1736 1159 sunt
1780 1106 1914 1159 ausi.

257 1196 428 1260 Atque
460 1194 611 1252 inde
641 1213 963 1255 novarum
982 1201 1340 1271 quastionum
1363 1207 1419 1253 et
1439 1198 1917 1269 discerptationum

258 1304 424 1357 ungo.

322 1381 373 1439 8.
407 1382 753 1439 Alexandri
810 1386 1396 1455 Constantinopolitani
1436 1401 1597 1440 mors.
1633 1383 1836 1438 Paulus
1864 1384 1919 1438 iu

262 1477 366 1545 ejus
382 1479 573 1530 locum
592 1482 1067 1550 subrogatur.——
1084 1480 1388 1535 Alexander
1402 1480 1616 1535 interim
1634 1479 1921 1548 episcopus

263 1570 1000 1640 ConstantinOpolitanus,
1015 1588 1186 1641 neque
1201 1574 1271 1627 ita
1294 1573 1463 1627 multo
1480 1580 1601 1641 post
1621 1570 1917 1640 relegatum

264 1662 313 1714 in
347 1662 580 1717 Gallias
616 1664 1066 1729 Athanasium,
1109 1674 1249 1719 totos
1275 1675 1385 1719 tres
1417 1678 1579 1733 supra
1606 1664 1791 1732 viginti
1823 1678 1921 1716 an-

262 1769 355 1807 nos
381 1756 728 1826 episcopali
784 1772 1034 1811 munere
1062 1772 1181 1811 cum
1211 1757 1368 1811 laude
1414 1756 1750 1827 perfunctus,
1777 1756 1917 1809 diem

262 1844 393 1897 obiit
429 1856 801 1899 extremum
833 1844 945 1917 (a),
976 1860 1146 1901 annos
1172 1854 1333 1900 natus
1362 1844 1651 1913 nonaginta
1686 1854 1740 1899 et
1771 1854 1913 1897 octo.

260 1933 329 1989 Ut
372 1948 514 1990 ante
555 1937 964 1992 Constantini
996 1938 1198 1993 obitum
1232 1936 1347 2006 ejus
1386 1947 1615 1992 mortem
1670 1935 1921 1991 conlera-

261 2044 405 2092 mus,
438 2031 670 2084 suadet
700 2030 1090 2095 Athanasius,
1121 2029 1209 2099 qui
1234 2044 1609 2086 successorem
1638 2027 1754 2097 ejus
1782 2028 1921 2081 Pau-

260 2119 369 2172 lum
400 2123 621 2174 eodem
667 2122 1013 2193 imperante
1063 2125 1235 2193 patrio
1281 2122 1398 2178 solo
1444 2121 1678 2188 ejectum
1712 2130 1918 2174 narrat.

259 2209 422 2265 Errat
452 2210 922 2277 Tbeodoretus,
952 2215 1041 2269 ubi
1068 2214 1355 2269 Eusebium
1381 2213 1510 2268 dicit
1546 2223 1665 2283 post
1693 2223 1919 2267 mortem

262 2302 589 2356 Alexandri
630 2318 776 2357 eam
810 2304 1011 2358 sedem
1046 2303 1328 2362 invasisse.
1356 2302 1466 2359 Nec
1498 2304 1677 2358 minus
1701 2303 1805 2359 labi
1834 2304 1920 2355 vi-

261 2395 469 2446 dentur
503 2392 814 2448 Socrates
850 2402 913 2447 et
942 2394 1301 2460 Sozomenus,
1332 2393 1422 2462 qui
1456 2393 1659 2448 obitum
1684 2392 1801 2461 ejus
1835 2408 1921 2448 re-

262 2482 451 2537 ferunt
485 2484 547 2537 in
585 2484 941 2539 Constantii
971 2485 1275 2553 imperium.
1320 2484 1548 2541 Praestat
1589 2499 1721 2539 sane
1755 2484 1922 2538 Atha-

263 2578 426 2633 nasio
466 2577 711 2633 habere
746 2579 951 2641 ﬁdem,
986 2580 1076 2648 qui
1107 2579 1316 2634 duobus
1350 2589 1473 2649 post
1503 2577 1800 2631 Alexandri
1828 2578 1923 2631 de-

269 2684 493 2725 cessum
529 2671 723 2727 annis
766 2671 1251 2740 Constantinopoli
1282 2686 1466 2741 agens,
1495 2685 1590 2739 per
1621 2686 1834 2725 moram
1866 2680 1921 2725 et

272 2768 529 2834 quietem
591 2767 934 2823 intermissi
988 2766 1199 2822 itineris
1249 2766 1401 2822 teSIis
1452 2766 1553 2819 fuit
1604 2765 1809 2819 iterane
1867 2764 1919 2817 in

273 2860 512 2915 Paulum
550 2860 1022 2925 criminationis,
1070 2875 1234 2930 quam
1276 2858 1488 2914 caeteris
1537 2858 1921 2928 scriptoribus,

279 2952 373 3017 qui
429 2960 569 3017 post
620 2951 895 3021 elapsum
937 2951 1190 3005 sarculum
1238 2950 1352 3004 haec
1400 2949 1800 3017 conscripsere.
1862 2945 1919 3000 In

284 3044 605 3098 Alexandri
671 3056 821 3108 ergo
877 3043 1060 3096 locum
1103 3048 1389 3110 cooptatus
1419 3038 1617 3093 Paulus
1649 3038 1769 3091 fuit.
1815 3037 1917 3104 Qui

288 3136 622 3191 Alexander
654 3134 919 3189 instante
972 3132 1122 3187 obitu
1183 3133 1498 3202 rogantibus
1537 3132 1773 3194 clericis.
1805 3132 1921 3185 cui-

288 3242 417 3280 nam
453 3226 786 3283 deferenda
814 3226 1199 3322 sedes-esset:
1232 3226 1287 3281 Si
1321 3226 1521 3291 virum,
1573 3226 1767 3294 inquit,
1804 3227 1918 3294 pie-
1945 3264 1988 3322 Ο

295 3329 411 3372 tate
452 3330 512 3373 et
567 3318 845 3375 doctrina
897 3316 1167 3387 insignem
1202 3318 1470 3387 quaeritis,
1500 3318 1654 3372 adest
1678 3316 1914 3381 Paulus;

294 3410 381 3464 sin
438 3411 746 3464 hominem
804 3424 933 3463 cum
986 3410 1238 3478 gerendis
1270 3412 1429 3465 rebus
1471 3425 1778 3480 peracrem,
1808 3419 1916 3462 tum

298 3503 668 3571 colloquendi
702 3517 833 3557 cum
864 3498 1145 3568 judicibus
1169 3503 1421 3570 peritum,
1454 3502 1726 3565 mavultis,
1770 3517 1918 3555 com-

302 3596 521 3649 modior
555 3593 947 3647 Macedonius.
982 3592 1096 3647 Non
1134 3592 1419 3658 intactum,
1447 3608 1622 3665 neque
1646 3594 1781 3648 dolis
1805 3597 1917 3648 suis

304 3686 645 3756 insidiisque
690 3696 979 3756 expertem
1028 3683 1247 3739 Paulum
1297 3687 1541 3741 siverunt
1591 3687 1798 3751 Ariani,
1840 3687 1919 3739 vi-

304 3796 430 3834 rum
462 3781 694 3835 scilicet
740 3778 973 3849 pietatis
1023 3778 1125 3833 sibi
1176 3789 1227 3833 et
1275 3779 1499 3850 integra:
1542 3779 1665 3834 ﬁdei
1701 3780 1918 3834 nomine

302 3888 574 3942 perosum
610 3894 627 3941 ;
669 3876 791 3935 sed,
826 3888 952 3941 qua:
1000 3872 1248 3941 expedita
1286 3872 1756 3940 illis'assuetaque
1801 3881 1918 3925 erat

306 3966 620 4031 perniciem
680 3961 1041 4017 machinamli
1096 3962 1199 4025 via,
1252 3960 1482 4015 crimina
1534 3961 1735 4015 insonti
1786 3960 1916 4015 olfe-

304 4067 461 4121 runt,
530 4059 832 4125 ipsumque
878 4069 1033 4108 reum
1095 4062 1261 4124 agunt
1312 4054 1452 4124 apud
1507 4055 1913 4124 imperatorem.

306 4148 741 4211 Constantinus,
776 4148 978 4203 iterum
1008 4146 1411 4201 circumventus
1440 4146 1676 4201 artiticio
1708 4157 1918 4202 vetera-

307 4253 518 4308 tornm,
561 4241 791 4295 Paulum
828 4240 1040 4310 relegat
1083 4240 1133 4293 in
1162 4239 1418 4293 Pontum.
1470 4241 1541 4293 At
1567 4255 1672 4292 non
1701 4239 1916 4294 diutur-

306 4349 440 4403 nurp
473 4334 735 4386 exsilium
765 4332 891 4385 fuit.
954 4330 1218 4386 Defuncto
1254 4347 1487 4400 namque
1534 4330 1911 4400 Constantino,

308 4425 369 4478 in
403 4426 595 4479 sedem
633 4434 693 4477 ιιι
721 4423 813 4478 alii
843 4422 1064 4478 exsules
1093 4438 1342 4478 reversus
1369 4432 1472 4479 est.

381 4518 538 4570 Amo
570 4516 702 4571 557.
746 4545 817 4557 -—-
862 4515 913 4567 Ι.
951 4512 1130 4568 Julius
1177 4515 1234 4566 in
1281 4512 1573 4568 Romanum
1615 4518 1912 4586 pontiﬁcem

2032 650 2193 707 taret,
2245 649 2629 696 testamentum
2698 647 2914 693 mature
2961 639 3061 708 ipsi
3123 639 3386 696 traderet.
3416 640 3609 709 _Nemo

2030 735 2175 789 enim
2204 750 2343 789 unus
2370 733 2602 789 ﬁliorum
2632 732 2854 787 obeunti
2881 732 3021 802 patri
3047 732 3241 787 adfuit.
3273 732 3352 788 Re
3377 734 3455 790 sic
3485 750 3611 789 con-

2030 827 2243 891 stituta,
2280 828 2476 895 exiguo
2508 825 2830 895 interposito
2866 824 3075 879 dierum
3113 825 3309 892 spatio,
3340 827 3449 881 vita
3492 826 3609 881 fun-

2028 929 2148 973 ctus
2180 928 2283 973 est.
2318 918 2517 973 Fertur
2548 918 2600 973 in
2631 917 2862 987 epistola
2895 916 3238 971 Constantini
3263 916 3521 985 junioris,
3555 920 3608 973 id

2027 1011 2191 1064 animi
2232 1010 2402 1066 fuisse
2432 1010 2596 1081 patri,
2632 1020 2691 1064 ut
2738 1009 3099 1065 Athanasium
3135 1019 3416 1065 revocaret
3445 1011 3499 1065 in
3523 1026 3613 1066 se-

2027 1105 2148 1155 dem
2200 1117 2376 1167 suam,
2429 1103 2522 1157 sed
2568 1102 2681 1158 fato
2731 1113 3168 1174 praeoccupatum
3212 1117 3320 1159 non
3370 1103 3614 1173 potuisse

2026 1203 2271 1263 optatum
2309 1197 2554 1266 exsequi.
2599 1195 2747 1250 Obiit
2781 1194 2869 1250 ille
2900 1195 2987 1250 die
3015 1203 3208 1250 sancto
3236 1196 3612 1261 Pentecostes,

2028 1285 2285 1340 vicesima
2315 1285 2435 1340 Maii
2466 1301 2607 1342 coss.
2634 1287 2911 1345 Feliciano
2940 1299 2993 1345 et
3018 1290 3251 1345 Titiano.

2096 1377 2151 1431 ‘2.
2207 1376 2553 1433 Constantius
2603 1389 2857 1449 cognatos
2913 1384 3167 1438 trucidat.
3221 1414 3293 1424 —
3346 1384 3614 1440 Defuncto

2025 1469 2405 1538 Constantino,
2449 1472 2739 1541 imperium
2789 1456 3144 1532 Constantius
3189 1478 3334 1532 ccede
3378 1493 3613 1534 consan-

2026 1564 2352 1631 guineorum
2396 1572 2477 1619 est
2524 1564 2863 1635 auspicatus.
2891 1564 3024 1621 Nam
3058 1567 3172 1622 sive
3197 1568 3337 1622 clam
3377 1569 3513 1638 jussi
3544 1569 3612 1625 ab

2025 1670 2093 1710 eo
2118 1656 2339 1724 milites,
2377 1658 2491 1712 sive
2523 1668 2720 1727 suopte
2761 1668 2911 1713 motu
2947 1669 3002 1716 et
3047 1660 3303 1725 consilio,
3342 1670 3399 1716 ut
3443 1664 3613 1718 tutior

2026 1750 2367 1805 Constantini
2407 1750 2531 1806 ﬁliis
2567 1761 2776 1820 pateret
2821 1752 2888 1806 ad
2934 1768 3161 1823 regnum
3215 1753 3420 1817 aditus,
3463 1753 3612 1808 Con-

2027 1843 2231 1898 stantio
2265 1844 2473 1899 interea
2504 1859 2601 1915 per
2630 1844 3123 1901 dissimulationem
3166 1845 3451 1915 ignorandi
3497 1861 3609 1901 rem

2026 1952 2132 1991 non
2209 1937 2477 2007 ingratam
2532 1938 2635 1993 sibi
2692 1937 2807 1991 ﬁeri
2866 1938 3225 2002 concedente,
3280 1937 3608 1993 Dalmatium

2022 2030 2313 2095 Caesarem,
2332 2031 2749 2087 Annibalianum
2775 2046 2979 2102 regem,
3003 2029 3202 2085 Julinm
3228 2030 3607 2086 Constantium

2023 2123 2363 2179 Constantini
2398 2125 2645 2189 fratrem,
2681 2139 2805 2179 cum
2837 2124 2946 2180 alio
2979 2125 3105 2179 item
3133 2124 3251 2193 cjus
3296 2123 3488 2192 fratre,
3518 2140 3610 2179 cu-

2017 2215 2109 2285 jus
2144 2226 2351 2272 tacetur
2379 2232 2597 2281 nomen,
2636 2226 2690 2273 et
2723 2216 2971 2287 quinque
3015 2216 3153 2271 alios
3200 2227 3465 2286 cognatos
3506 2216 3607 2272 ob-

2022 2318 2298 2367 truncant.
2353 2310 2487 2366 Ctesi
2546 2309 2711 2365 etiam
2766 2320 2894 2365 sunt
2953 2307 3186 2380 Optatus
3240 2311 3504 2380 patrii-ius
3552 2321 3607 2366 et

2020 2401 2280 2457 Ablavius
2334 2403 2572 2471 praetorii
2644 2400 2954 2471 praefectus.
3010 2401 3140 2468 Quae
3190 2416 3278 2457 res
3326 2418 3600 2472 magnam,

2022 2496 2099 2550 uti
2148 2510 2244 2562 par
2290 2505 2431 2561 erat,
2454 2496 2708 2550 invidiam
2738 2496 2943 2550 ineunti
2972 2496 3256 2565 imperium
3284 2495 3602 2550 Constantio

2022 2588 2298 2645 conﬂavit.
2351 2588 2466 2644 Non
2512 2589 2739 2659 perinde
2780 2598 2958 2644 tamen
3002 2589 3058 2643 in
3110 2588 3309 2643 fratres
3356 2586 3597 2657 iniquus,

2023 2682 2234 2747 ambos,
2291 2680 2713 2740 Constantinum
2764 2678 2968 2735 scilicet
3016 2687 3069 2734 et
3124 2677 3505 2742 Constantem,
3551 2678 3602 2731 in

2024 2773 2299 2828 Pannonia
2356 2774 2631 2838 convenit,
2688 2788 2752 2828 ex
2808 2786 2961 2840 aiquo
3009 2781 3063 2826 et
3117 2772 3259 2826 bono
3315 2771 3602 2840 imperium

2023 2865 2229 2929 divisit,
2274 2872 2333 2919 ut
2378 2879 2482 2919 non
2530 2863 2796 2933 p0tiorem
2850 2863 2964 2931 ipse
3017 2860 3120 2916 sibi
3172 2870 3376 2915 sortem
3434 2862 3604 2915 ascri-

2022 2957 2194 3010 beret.

2092 3048 2147 3099 5.
2196 3045 2485 3101 Eusebiani
2546 3046 2911 3100 Constantium
2962 3046 3031 3099 ad
3074 3063 3199 3101 suas
3246 3055 3423 3115 partes
3478 3045 3605 3097 affi-

2021 3140 2189 3191 ciunt.
2222 3165 2291 3178 —
2327 3137 2475 3192 Inter
2505 3136 2620 3190 bare
2652 3135 2726 3206 (c)
2768 3136 3031 3190 Eusebius
3079 3135 3515 3191 Nicomediensis
3548 3146 3604 3188 et

2021 3228 2333 3299 Tlieognius
2363 3226 2631 3293 Nicaznus,
2664 3227 2866 3281 assidui
2925 3227 3206 3281 turbarum
3255 3227 3307 3280 in
3356 3225 3599 3280 Ecclesia

2022 3331 2298 3387 auctores,
2326 3330 2713 3391 opportunum,
2745 3319 3108 3374 Constantino
3132 3320 3438 3385 demortuo,
3463 3329 3601 3373 tent—

2021 3427 2122 3481 pus
2172 3428 2231 3469 se
2276 3422 2467 3469 nactos
2508 3413 2782 3475 arbitrati,
2833 3413 2898 3469 de
2942 3427 3077 3468 voce
3120 3410 3407 3483 ὁμοούσιον
3458 3410 3605 3467 abie-

2020 3505 2216 3576 ganda,
2276 3504 2691 3575 inducendaque
2760 3505 2873 3559 Arii
2923 3505 3169 3560 doctrina
3237 3504 3483 3570 solliciti,
3539 3519 3605 3560 eo

2020 3595 2246 3651 consilia
2303 3596 2484 3650 omnia
2537 3594 2803 3659 referunt,
2856 3594 2933 3649 rei
2976 3593 3228 3664 gerenda:
3279 3594 3605 3649 administro

2021 3687 2100 3740 usi
2135 3688 2477 3757 presbytero,
2534 3686 2620 3741 cui
2667 3685 3039 3741 concreditum
3081 3700 3109 3738 a
3145 3684 3501 3740 Constantino
3528 3696 3603 3740 te-

2020 3787 2355 3832 stamentum
2403 3776 2601 3831 fuerat.
2650 3776 2803 3843 Quod
2850 3791 2972 3830 cum
3018 3776 3128 3837 ille.
3177 3775 3436 3843 utjussus
3459 3787 3601 3840 erat,

2018 3868 2351 3924 Constantio
2390 3866 2710 3930 obtulisset;
2764 3865 2855 3920 hic
2880 3876 2938 3920 ut
2963 3873 3206 3933 optatum
3240 3865 3344 3918 sibi
3382 3879 3412 3917 a
3446 3875 3601 3932 patre

2020 3960 2292 4031 assignari
2326 3959 2570 4014 Orientis
2602 3958 2889 4027 imperium
2938 3957 3179 4023 edidicit,
3221 3956 3598 4027 presbyterum

2023 4054 2074 4107 in
2107 4052 2287 4122 pretio
2323 4051 2511 4105 habuit
2538 4058 2591 4105 et
2619 4050 2669 4102 in
2701 4050 2927 4115 bonorc,
2957 4046 3299 4117 liberumque
3327 4048 3602 4103 concessit

2020 4149 2086 4201 ad
2118 4146 2523 4217 imperatoriam
2581 4145 2799 4199 domum
2849 4143 3080 4199 aditum.
3130 4140 3245 4196 Hac
3269 4142 3392 4196 data
3432 4141 3602 4195 facul-

2021 4249 2132 4295 tate
2168 4239 2317 4293 brevi
2347 4238 2459 4302 ille,
2490 4245 2547 4291 ut
2580 4247 2698 4290 erat
2726 4245 3000 4290 veterator
3045 4235 3228 4299 homo,
3278 4243 3332 4288 et
3377 4234 3444 4287 ad
3474 4249 3603 4288 con-

2019 4331 2309 4386 ciliandam
2334 4329 2436 4385 sibi
2471 4329 2700 4400 gratiam
2726 4328 3084 4397 compositus,
3122 4325 3456 4394 imperatrici
3480 4339 3603 4393 per-

2023 4426 2312 4480 familiaris
2366 4425 2487 4489 luit,
2520 4424 2790 4479 eunuchis
2821 4423 2949 4477 item
2983 4422 3282 4491 peri-barus
3320 4429 3374 4472 et
3405 4432 3603 4473 neces-

2019 4517 2524 4587 situdinejunctus,
2558 4530 2793 4585 quorum
2830 4514 3024 4584 ingens
3047 4519 3168 4567 erat
3208 4512 3259 4564 in
3294 4509 3599 4564 Constantii

308 4604 587 4673 defigitur.
624 4602 774 4657 Mor:
810 4601 1544 4658 Camtautiui.——Anno357
1568 4605 1913 4669 inennteJu-
1947 4642 1993 4697 Β
2022 4611 2223 4681 palatio
2279 4625 2539 4664 numerus
2583 4607 2736 4674 juxta
2777 4614 2940 4674 atque
2984 4603 3305 4658 auctoritas.
3334 4602 3400 4654 Et
3425 4601 3596 4665 brevi,

309 4694 413 4749 lius
446 4696 499 4747 in
532 4696 849 4749 Romanum
884 4692 1190 4761 pontificem
1234 4694 1486 4763 deligitur
1509 4694 1605 4767 (ὁ),
1641 4714 1761 4752 cum
1790 4710 1911 4769 post

308 4784 476 4840 Διειτρί
513 4786 803 4855 pontiﬁcis
834 4799 902 4838 ac
927 4783 1187 4853 Sylvestri
1214 4790 1545 4843 successoris
1569 4801 1798 4847 mortem
1824 4811 1909 4851 se-

307 4877 403 4932 des
439 4878 753 4948 apostolica
779 4886 1036 4930 vacasset
1064 4889 1298 4946 quatuor
1336 4881 1632 4937 mensibus.
1678 4884 1909 4953 Insignis

311 4970 445 5025 idem
497 4987 687 5026 annos
743 4969 854 5024 fuit
903 4969 1244 5024 Constantini
1314 4974 1494 5042 tuagni
1567 4976 1767 5039 obitu;
1816 4984 1909 5050 qui

310 5064 493 5117 It-arbo
522 5062 801 5116 laborans
834 5073 1115 5127 supremo,
1151 5058 1477 5118 Nicomedia;
1526 5065 1742 5123 Eusebii
1796 5087 1913 5125 nia-

308 5156 457 5211 nibus
491 5154 790 5226 baptismo
827 5151 1079 5219 tingitur,
1107 5163 1164 5204 ut
1189 5152 1301 5221 jam
1328 5155 1541 5225 vulgata
1571 5161 1911 5218 eruditorum

304 5248 401 5305 fert
448 5251 674 5320 opinio.
729 5248 1111 5315 lnopportuue
1160 5248 1357 5301 cecidit
1408 5250 1462 5305 in
1508 5252 1793 5307 eatholic:e
1837 5259 1913 5312 rei

293 5360 453 5415 grave
478 5346 943 5403 detrimentum,
974 5347 1031 5391 ut
1059 5348 1437 5396 testamentum
1478 5359 1638 5398 suum
1675 5346 1918 5404 traderer,

283 5441 489 5496 Ariano
529 5437 921 5510 presbytero,
945 5445 1104 5499 quem
1132 5447 1294 5501 supra
1330 5435 1680 5491 meminimus
1702 5452 1730 5490 a
1771 5438 1914 5496 Con-

274 5536 475 5589 stantia
518 5536 809 5602 Augusta
865 5523 921 5577 in
974 5522 1159 5577 fratris
1207 5524 1518 5581 clientelam
1571 5537 1625 5583 et
1678 5532 1914 5597 gratiam

266 5639 626 5690 ενοςειυιης
691 5615 1048 5677 obstrictum
1095 5615 1475 5685 jurejurando,
1518 5628 1576 5674 ut
1628 5622 1792 5677 simul
1857 5641 1919 5679 ac

330 5770 408 5842 (ς)
446 5767 703 5842 soci-at.
754 5757 863 5813 lib.
892 5755 1183 5842 tt_.ncap.6;
1226 5754 1440 5814 Sozom.
1471 5760 1565 5815 lib.
1601 5776 1666 5827 ιι,
1696 5778 1816 5833 cap.
1843 5762 1909 5829 6;

258 5826 470 5897 Tltetid.
508 5837 617 5893 lib.
664 5850 712 5894 l,
922 5826 1007 5881 19.

322 5916 401 5984 (ὁ)
451 5911 717 5966 Socrat.
781 5900 886 5953 lib.
964 5912 1003 5961 ι,
1050 5912 1166 5967 cap.
1219 5899 1342 5965 30;
1398 5899 1613 5956 Summ.
1676 5903 1767 5957 lib.
1843 5921 1907 5970 ιι,

110 6514 197 6528 FF...
222 6522 303 6532 μ..-

2021 4702 2400 4755 eunttcltorttut
2436 4699 2679 4768 principe
2714 4697 2944 4750 Eusebio
2990 4694 3327 4763 imperatorii
3362 4693 3599 4747 cubiculi

2020 4793 2310 4864 praeposito
2331 4793 2383 4847 in
2417 4791 2529 4845 Arii
2559 4788 2883 4845 sententiam
2912 4787 3168 4852 deducto,
3196 4785 3313 4856 ejus
3342 4787 3601 4856 deinceps

2019 4902 2179 4955 opera
2213 4895 2322 4939 tota
2354 4893 2573 4940 caterva
2592 4882 2853 4937 eamdem;
2870 4880 3180 4935 doctrinam
3215 4880 3466 4948 amplexa
3493 4889 3598 4934 est.

2023 4982 2132 5033 imo
2182 4995 2315 5033 vero
2356 4978 2472 5046 ipsa
2519 4978 2786 5047 Augusta,
2846 4972 3147 5042 presbyteri
3198 4981 3253 5026 et
3296 4972 3601 5041 spadonum

2024 5074 2260 5137 hortatu,
2304 5070 2420 5125 Arii
2469 5083 2589 5125 sese
2629 5067 2874 5137 partibus
2913 5065 3184 5135 adjunxit.
3236 5065 3319 5119 Ad
3372 5073 3603 5119 caeteros

2020 5165 2227 5219 aulicos
2273 5163 2471 5217 malum
2518 5162 2776 5232 pervasit,
2814 5170 2981 5231 atque
3011 5174 3077 5214 ex
3109 5159 3314 5229 palatio
3362 5158 3603 5212 delatum

2022 5260 2074 5310 in
2108 5259 2321 5317 urbem.
2363 5255 2565 5310 exinde
2610 5271 2707 5324 per
2736 5262 2910 5309 totum
2946 5251 3225 5306 Orientem
3255 5249 3525 5305 emanavit
3548 5252 3603 5300 et

2021 5351 2125 5405 late
2160 5359 2513 5420 pervagatum
2542 5358 2662 5403 est:
2698 5349 2826 5401 dum
2856 5349 3066 5401 interea
3115 5341 3482 5400 occidentales
3518 5355 3601 5395 re-

2021 5445 2207 5513 giones
2260 5438 2568 5507 bujusmodi
2623 5448 2775 5509 peste
2825 5452 3012 5492 vacuae
3052 5446 3108 5492 et
3163 5435 3345 5489 liberae
3390 5442 3597 5486 essent.

2026 5536 2413 5592 Constantium
2437 5535 2564 5588 item
2594 5548 2737 5601 sape
2762 5531 3105 5586 familiariter
3136 5528 3410 5581 allocutus
3444 5526 3599 5578 Aria-

2032 5644 2224 5683 norum
2263 5626 2351 5682 ille
2394 5626 2735 5687 administer,
2784 5624 2875 5678 ubi
2926 5624 3044 5691 ejus
3088 5622 3331 5676 animum
3370 5620 3600 5674 versati-

2019 5764 2432 5904 cz"(,¢‘-)‘~)‘§.or-r:tt.
2502 5833 2596 5904 lib.
2655 5848 2714 5893 ll,
2788 5844 2911 5904 cap.
2963 5831 3031 5897 2;
3089 5831 3308 5887 Sozom.
3358 5829 3451 5887 lib.
3512 5846 3594 5897 tu,

2016 5901 2151 5975 cap.
2180 5908 2197 5959 ι
2231 5922 2243 5968 ς
2283 5905 2487 5959 Tlieod.
2520 5903 2607 5957 lib.
2640 5920 2701 5969 ll,
2730 5917 2848 5971 cap.
2871 5901 2926 5954 ‘2.
