4038 6526
510 425 617 465 xcn
1870 411 2401 465 PHULILCUMENA.

516 529 624 584 lem
661 523 1103 591 levissimumque
1127 521 1503 591 deprehendit,
1526 520 1947 577 ad'Arianoi-nm
1978 538 2078 592 pa-
2109 531 2155 585 Α
2186 525 2340 578 stolis
2382 524 2747 594 Augustorum
2794 534 3009 595 semper
3036 534 3333 596 comparet,
3380 519 3565 600 neque
3585 534 3752 587 cria...

514 617 804 673 trocinium
852 612 1257 683 suscipiendum
1294 611 1548 683 pellicere
1600 623 1792 676 tentat,
1841 613 2087 683 deplorat
2185 613 2413 668 Caesaris
2449 629 2640 670 nomen
2676 630 2888 685 semper
2909 618 3085 671 abest.
3105 615 3197 672 Sic
3231 619 3284 673 in
3315 621 3543 688 epistola
3584 624 3759 679 Maxi-

510 708 871 775 tempestates
891 704 1089 771 quibus
1113 714 1292 759 essent
1325 704 1585 759 Ecclesia:
1633 705 1873 775 agitatae,
1925 716 2086 761 tanta;
2186 702 2315 756 mini
2373 703 2596 771 Augusti
2648 704 2789 769 apud
2842 704 3129 761 Eusebium
3182 710 3293 764 haec
3343 712 3635 781 inscriptio
3679 713 3757 766 le-

508 800 685 854 cladis
728 808 981 853 auctores
1018 796 1313 853 ementitur
1366 812 1463 851 eos
1490 797 1596 867 {qui
1650 797 1984 853 invexissent
2023 798 2085 852 τὸ

2184 793 2355 863 gitur,
2386 794 2756 866 Αὐτοκράτωρ
2780 796 2997 866 Καῖσαρ
3022 796 3346 870 Μαξιμίνος.
3384 801 3449 855 Et
3488 801 3759 859 Constan-

508 891 797 963 ύμοούσιον
821 909 838 947 :
867 902 988 946 eam
1014 904 1140 945 esse
1169 889 1566 945 discordiarum
1594 900 1649 945 et
1677 889 1969 945 faetionum
1991 906 2087 945 oc-

2187 885 2333 938 tinus
2353 886 2404 938 in
2428 885 2654 954 epistola
2690 901 2808 956 qua:
2835 890 2977 955 apud
3002 887 3404 947 Theodoretum
3427 904 3625 958 exstat,
3654 896 3690 951 Ι.
3719 912 3758 959 t,

508 986 814 1046 caslonem,
850 999 970 1040 eam
1013 992 1279 1039 aternum
1328 982 1551 1037 retineri
1600 997 1788 1038 ansam
1838 983 2082 1038 omnium
2185 994 2236 1035 c.
2277 980 2366 1042 l7,
2395 996 2495 1034 nec
2524 980 2773 1049 Augusti,
2819 996 2917 1036 nec
2965 982 3224 1051 Caesaris,
3277 1000 3376 1042 nec
3414 988 3761 1058 imperatoris

514 1078 1036 1134 controversiarum.
1070 1074 1208 1131 Hinc
1235 1075 1291 1130 in
1322 1073 1683 1130 Athanasium
1738 1072 2086 1144 reliquosque
2186 1086 2383 1125 nomen
2412 1072 2659 1127 assumit.
2702 1072 2928 1143 Reliqua
2972 1075 3172 1133 nullius
3218 1081 3477 1135 momenti
3520 1097 3642 1150 qtta:
3668 1084 3762 1137 ob-

512 1168 655 1241 frugi
684 1168 945 1239 praesules
974 1177 1177 1224 tantam
1225 1168 1480 1223 invidiam
1534 1167 1784 1222 derivare
1829 1174 2081 1221 conatur.
2181 1163 2446 1232 jiciuntur
2483 1163 2738 1219 consulto
2777 1167 3099 1223 omittimus.

514 1260 669 1317 Hunc
698 1263 839 1316 nacti
866 1261 1127 1317 fautOrem
1154 1261 1443 1325 Eusebius,
1468 1258 1802 1328 Theognius,
1832 1267 1887 1313 et
1910 1257 2087 1311 Theo~
2255 1256 2309 1310 5.
2338 1257 2575 1327 Accepta
2615 1258 2946 1315 Athanasius
3002 1262 3258 1317 redeundi
3309 1264 3462 1318 venia
3497 1264 3592 1336 (b),
3639 1266 3763 1321 Ale-

512 1356 681 1410 dorus
714 1355 1085 1420 HeraeIeOtes,
1112 1370 1262 1420 cum,
1313 1364 1496 1425 utpote
1539 1353 1733 1418 vicini,
1772 1349 2084 1420 frequentes
2186 1349 2466 1404 xandriam
2500 1352 2873 1418 contendens,
2942 1353 3245 1410 Viminiaco
3297 1359 3547 1425 transiit,
3573 1375 3637 1413 ac
3689 1360 3758 1412 ibi

514 1446 899 1514 imperatorem
940 1445 1317 1511 convenirent,
1375 1445 1676 1499 Athanasio
1731 1443 1962 1497 reditum
2004 1441 2083 1495 inc
2186 1442 2239 1495 in
2270 1440 2574 1498 Constantii
2609 1454 2963 1515 conspectum
3004 1448 3189 1513 venit;
3225 1457 3280 1504 et
3305 1464 3412 1519 qua
3446 1459 3566 1504 erat
3594 1450 3757 1504 animi

515 1537 821 1593 tercludere
847 1539 1226 1602 moliebantur,
1261 1552 1368 1606 quo
1395 1546 1617 1607 possent
1665 1538 1718 1589 ia
1749 1533 1866 1603 ejus
1906 1534 2083 1589 locum
2188 1538 2541 1604 temperantia
2574 1538 2710 1591 nihil
2746 1539 2798 1597 iu
2828 1539 3024 1594 malam
3062 1552 3269 1611 partem
3309 1542 3378 1599 de
3415 1543 3651 1598 Eusebio
3706 1556 3762 1597 et

516 1631 844 1683 Arianorum
869 1629 1108 1698 aliquem
1145 1630 1447 1685 intrudere.
1476 1630 1548 1683 At
1571 1628 1859 1683 consilium
1894 1642 2082 1680 eorum
2185 1629 2348 1682 sociis
2380 1629 2553 1684 exsilii
2589 1630 2673 1684 sui
2714 1633 3032 1687 auctoribus
3070 1632 3280 1688 locutus
3333 1644 3437 1691 est.
3469 1635 3596 1690 lude
3617 1637 3759 1690 CON-

516 1723 792 1791 prtevertit
822 1732 877 1777 et
904 1722 1225 1777 disturbavit
1250 1723 1596 1777 Athanasius.
1620 1720 1755 1775 Cum
1798 1721 1941 1774 enim
1975 1726 2085 1773 tres
2186 1719 2594 1789 stmttinopolim
2634 1722 2932 1788 contendit,
2958 1734 3013 1778 et
3047 1724 3167 1779 istic
3193 1726 3584 1797 aliquantisper
3608 1743 3759 1783 com-

518 1815 741 1883 Augusti
796 1830 902 1867 una
953 1816 1340 1869 convenissent
1392 1815 1444 1868 in
1498 1813 1796 1876 Pannonia,
1824 1812 1987 1867 isthic
2017 1812 2083 1864 de
2120 1869 2159 1888 Ι.
2190 1821 2462 1877 moratus,
2501 1811 2867 1866 criminationi
2903 1830 3000 1882 per
3034 1814 3408 1870 Macedonium
3433 1816 3600 1873 Paulo
3650 1819 3764 1888 epi-

515 1869 762 1958 exsulum
794 1905 967 1960 reditu
998 1915 1178 1960 actum
1205 1920 1221 1969 ;
1260 1920 1509 1974 unusque
1554 1906 1657 1958 fuit
1696 1904 1938 1958 omnium
1970 1905 2087 1958 ani—
2120 1869 2160 1924 Β
2189 1916 2354 1970 scch
2383 1902 2656 1958 intentata:
2690 1904 2952 1958 interfuit.
2979 1906 3036 1960 Si
3069 1907 3283 1976 quidem
3338 1908 3538 1964 Paulus
3560 1869 3761 1966 decreti

519 2011 661 2058 mus,
696 2006 752 2049 ut
794 1997 1152 2067 remigrarent
1192 2011 1382 2050 omnes
1429 1995 1484 2050 in
1542 1997 1727 2051 sedem
1756 1997 2090 2066 patriamque
2189 1995 2553 2064 Augustorum
2582 1996 2844 2051 beneﬁcio
2886 2006 3005 2068 post
3050 1998 3391 2055 Constantini
3436 2000 3644 2056 obitum
3676 2019 3765 2057 se-

518 2102 695 2143 suam.
2189 2091 2310 2142 dem
2346 2090 2682 2155 repetierat:
2737 2104 2835 2144 nec
2867 2090 2957 2144 diu
3001 2091 3121 2145 viro
3169 2092 3450 2147 catholicae
3493 2092 3765 2161 Opinionis

587 2181 738 2233 Auno
784 2179 909 2233 338.
967 2179 1117 2233 -1,
1156 2178 1436 2234 Athanasii
1487 2178 1705 2233 reditus.
1775 2209 1848 2222 -
1910 2179 2089 2245 Quare.
2189 2173 2343 2226 licuit
2373 2173 2423 2226 in
2446 2188 2581 2241 pace
2616 2176 2839 2228 versari.
2874 2174 2929 2230 In
2959 2177 3203 2244 proximo
3233 2193 3466 2247 namque
3503 2189 3621 2232 erat
3654 2179 3763 2233 Eu-

515 2272 924 2337 Constantinus,
955 2273 1041 2328 cui
1070 2272 1256 2329 Gallia;
1311 2282 1458 2328 sorte
1497 2274 1868 2334 obvenerant.
1898 2273 2086 2325 eodem
2187 2266 2366 2320 sebins
2401 2266 2843 2334 Nicomediensis,
2894 2269 3156 2339 impotens
3192 2271 3441 2339 cupidine
3496 2269 3765 2327 Constan-

516 2375 768 2416 reversus
801 2363 898 2432 (α),
928 2378 1048 2417 cum
1078 2361 1319 2417 Treviris
1368 2371 1692 2425 moraretur,
1736 2362 2086 2415 Athanasium
2192 2358 2559 2427 tin0po|itanat
2588 2359 2732 2413 sedis
2761 2359 3110 2425 invadendae,
3145 2362 3237 2432 qui
3269 2361 3583 2419 Macedonio
3636 2380 3763 2433 pre-

517 2453 732 2506 remisit
769 2452 1181 2518 Alexandriam,
1239 2455 1381 2507 datis
1438 2453 1503 2506 ad
1546 2454 1803 2523 populum
1848 2452 2088 2506 Alexan-
2192 2449 2416 2519 sbytero
2446 2465 2572 2503 usus
2604 2449 2885 2506 calumniae
2911 2452 3147 2519 artiﬁce,
3188 2454 3360 2508 virum
3415 2456 3664 2510 accusari
3712 2466 3764 2509 ct

517 2544 734 2597 drinum
766 2543 982 2609 litteris,
1009 2544 1165 2614 queis
1189 2544 1365 2598 virum
1402 2545 1631 2599 summis
1656 2552 1887 2599 exornat
1913 2543 2090 2597 laudi-
2189 2542 2384 2596 deferri
2418 2544 2650 2599 curavit.
2685 2543 2888 2600 Tacent
2934 2558 3114 2601 autem
3146 2547 3503 2602 ecclesiastici
3534 2549 3759 2617 scripto-

514 2636 648 2691 bus:
675 2636 860 2704 aitque
890 2636 1012 2691 ideo
1049 2651 1078 2690 a
1106 2635 1465 2691 Constantino
1494 2646 1649 2705 patre
1687 2637 1813 2692 sede
1847 2637 2087 2705 pulsum,
2190 2648 2276 2687 res
2300 2649 2418 2702 qlltB
2448 2633 2609 2689 fuerit
2652 2634 2738 2688 illa
2777 2635 3083 2690 criminatio
3112 2676 3127 2701 ,
3154 2634 3337 2703 aitque
3379 2634 3551 2690 solum
3587 2635 3767 2690 Theo-

515 2726 656 2794 quod
687 2726 984 2796 periculum
1016 2739 1155 2782 esset
1188 2742 1255 2782 ne
1289 2727 1634 2783 inimicorum
1673 2727 1890 2782 insidiis
1923 2729 2090 2782 inter-
2188 2722 2408 2776 doretns
2429 2721 2649 2776 Paulum
2682 2723 2962 2778 seditionis
2996 2724 3332 2795 aliorumque
3366 2725 3654 2779 criminum
3677 2742 3765 2780 ac-

515 2827 706 2886 ceptus
738 2818 975 2886 periret;
1005 2818 1266 2873 inanimo
1295 2818 1463 2874 fuisse
1498 2819 1639 2887 patri
1678 2819 1852 2872 virum
1899 2819 2087 2872 remit-
2187 2823 2460 2871 cuSatum.
2502 2812 2681 2868 Unum
2712 2814 3047 2884 exploratum
3087 2825 3205 2880 est,
3234 2831 3300 2870 ex
3345 2816 3557 2872 Eusebii
3594 2819 3765 2872 ambi-

518 2919 634 2961 tere
689 2908 742 2961 in
788 2908 1075 2963 ecclesiam
1112 2924 1289 2976 suam,
1344 2911 1437 2965 sed
1483 2910 1596 2963 fato
1647 2923 2086 2979 praeoccupatum
2189 2905 2334 2959 tione
2364 2915 2545 2959 natam
2578 2904 2743 2960 fuisse
2770 2905 3117 2963 calumniam.
3161 2907 3416 2963 Attamen
3461 2918 3571 2963 tum
3622 2919 3763 2964 tem-

515 3001 657 3070 quod
695 3001 746 3054 in
769 3002 969 3070 optatis
992 3011 1110 3057 erat
1139 3004 1362 3073 exsequi
1392 3019 1499 3057 non
1530 3005 1804 3071 potuisse.
1834 3002 1964 3056 Data
1989 3002 2088 3056 fuit
2188 3000 2335 3066 poris
2389 2998 2697 3053 intermissa
2751 3013 2913 3053 causa
2956 3008 3074 3062 est,
3107 3001 3529 3071 compositisque
3568 3001 3762 3063 rebus,

514 3089 741 3156 epistola
777 3091 1021 3149 Treviris
1055 3094 1147 3149 die
1186 3110 1295 3150 xvn
1322 3093 1471 3149 Junii
1503 3110 1667 3161 anno,
1717 3106 1775 3149 ut
1814 3103 2085 3163 putamus,
2189 3087 2537 3145 Macedonius
2569 3105 2691 3145 cum
2734 3091 2990 3159 episcopo
3030 3092 3376 3147 reconciliata
3414 3094 3587 3162 gratia
3623 3094 3765 3148 inter

513 3183 637 3239 333,
2113 3215 2155 3271 Ο
2190 3186 2532 3250 presbyteros
2568 3180 2684 3248 ejus
2709 3184 3189 3247 annumerabatur,
3225 3186 3396 3255 donec
3427 3184 3764 3255 redintegra-

584 3275 638 3333 2.
681 3276 797 3332 Non
828 3278 1027 3335 desunt
1065 3290 1241 3334 tamen
1268 3281 1359 3349 qui
1387 3281 1453 3334 ad
1486 3296 1685 3334 annum
1718 3280 1847 3340 357,
1884 3277 1972 3332 his
2019 3280 2086 3331 de
2189 3284 2301 3328 tum
2330 3275 2535 3331 crimen
2558 3284 2719 3329 esset.
2750 3277 2863 3343 Qua
2887 3277 2953 3331 de
2979 3292 3035 3330 re
3065 3277 3203 3331 alius
3230 3277 3382 3331 nobis
3412 3277 3563 3334 locus
3593 3280 3660 3335 ad
3683 3280 3766 3334 di-

514 3370 699 3424 cuusis
746 3369 1002 3425 referant.
1055 3370 1257 3435 Primo,
1308 3373 1451 3441 quod
1497 3370 2087 3438 Constantinusjunior
2187 3368 2413 3422 cendum
2440 3376 2522 3421 est
2550 3368 2901 3423 constitutus.

514 3462 749 3516 Caesaris
782 3460 958 3515 solum
993 3477 1187 3517 nomen
1240 3464 1290 3515 in
1328 3478 1389 3516 ea
1432 3463 1655 3532 epistola
1690 3472 1930 3529 usurpet,
1972 3463 2086 3515 Au-
2257 3459 2313 3512 4.
2354 3458 2680 3513 Athanasius
2716 3474 2843 3513 vero
2882 3458 2974 3529 (c).
3020 3469 3141 3529 post
3169 3460 3403 3529 aliquam
3453 3472 3511 3517 nt
3552 3463 3764 3519 videtur

515 3553 656 3618 gusti
689 3562 1040 3623 accepturus,
1068 3556 1112 3606 si
1141 3554 1206 3606 ad
1244 3569 1445 3607 annum
1496 3552 1600 3606 558
1645 3552 1729 3605 illa
1768 3552 2080 3620 pertineret.
2188 3567 2391 3604 moram
2419 3592 2434 3612 ,
2468 3551 2937 3621 Constantinopoli
2989 3553 3265 3620 profectus
3291 3594 3306 3618 ,
3343 3572 3437 3623 per
3489 3556 3766 3625 Cappado-

515 3643 649 3698 Nam
693 3646 964 3716 Angustus
1004 3645 1376 3715 promulgatus
1421 3654 1504 3699 est
1553 3660 1698 3700 anno
1727 3645 1854 3711 557,
1898 3661 2085 3700 mense
2186 3644 2323 3696 ciam
2352 3657 2575 3711 pergens
2623 3641 3026 3707 Alexandriam,
3081 3644 3341 3700 Caesarea:
3386 3647 3763 3702 Constantium

515 3735 847 3802 Septembri.
875 3736 954 3790 Ad
985 3736 1114 3797 haec.
1152 3737 1323 3800 aiunt,
1368 3737 1411 3790 si
1465 3750 1638 3789 anuus
1676 3746 1794 3790 erat
1824 3737 1948 3798 558,
1972 3736 2084 3805 jam
2187 3736 2378 3788 iterum
2412 3735 2671 3799 oliendit;
2700 3734 2981 3805 ipsumque
3019 3737 3291 3792 allocutus
3318 3778 3334 3799 ,
3364 3740 3493 3793 nihil
3534 3741 3761 3806 durum,

515 3827 592 3880 illi
616 3842 714 3880 sua
741 3828 950 3895 imperii
980 3828 1157 3894 portio
1200 3828 1521 3891 obvenerat,
1574 3842 1674 3883 nec
1721 3827 1995 3898 quidpiam
2032 3828 2084 3880 in
2186 3826 2317 3879 nihil
2357 3842 2607 3896 asperum
2666 3827 2821 3883 ell'ert
2861 3829 2912 3883 in
2963 3829 3251 3885 Eusebium
3298 3842 3348 3884 et
3389 3832 3624 3888 asseclas
3661 3834 3760 3888 sibi

512 3915 935 3980 Alexandrinos,
963 3917 1014 3969 in
1040 3917 1347 3972 Constantii
1377 3918 1580 3974 ditione
1609 3920 1766 3986 sitos,
1808 3918 2086 3974 obtinebat
2188 3933 2402 3989 semper
2438 3920 2863 3978 infensissimos.
2898 3924 3025 3977 inde
3056 3939 3183 3978 vero
3210 3940 3306 3994 per
3341 3926 3594 3995 Syriam,
3640 3942 3764 3980 veru

516 4008 883 4072 auctoritatis,
916 4017 974 4062 ut
1005 4009 1244 4064 exsulem
1268 4009 1653 4067 Alexandriam
1697 4023 1879 4082 posset
1904 4013 2089 4068 remit-
2189 4023 2333 4068 lente
2354 4054 2369 4076 ,
2400 4024 2455 4067 ut
2484 4024 2771 4082 putamus,
2806 4030 2944 4069 anno
2975 4018 3099 4083 558,
3132 4018 3514 4071 Alexandriam
3569 4033 3760 4088 perve-

515 4109 651 4156 tcre.
698 4100 897 4155 Verum
952 4100 1071 4155 haec
1119 4110 1441 4171 argumenta
1493 4118 1598 4158 non
1644 4104 1775 4162 tanti
1827 4110 1977 4168 sunt,
2027 4112 2086 4156 ut

2188 4104 2289 4161 nit.
2332 4104 2981 4160 ReducemAthanasium
3022 4108 3223 4177 ingenti
3254 4107 3764 4178 ltetitia‘excipiunt

513 4193 718 4262 apertis
760 4193 1071 4258 Athanasii,
1109 4193 1401 4264 Epiphanii
1450 4209 1515 4274 ac
1556 4196 1881 4252 Theodoreti
1932 4196 2083 4250 testi—
2186 4197 2537 4252 Alexandrini
2569 4197 2667 4270 (Δ),
2698 4213 2986 4253 accurrere
3031 4214 3265 4267 omnes,
3313 4218 3505 4272 magna
3541 4203 3624 4256 vis
3668 4218 3763 4271 po-

513 4287 712 4341 moniis
735 4286 1035 4356 pmvalere
1063 4289 1314 4344 debeant.
1346 4288 1513 4342 Aiunt
1541 4304 1773 4359 namque
1807 4292 1914 4345 duo
1935 4291 2083 4359 prio-
2189 4289 2297 4357 puli
2319 4289 2609 4354 conﬂuere,
2636 4290 2888 4344 laudibus
2910 4300 3100 4344 cuncta
3128 4306 3403 4358 resonare,
3427 4294 3622 4363 gestire
3643 4294 3761 4347 uui-

514 4392 627 4439 res,
654 4392 722 4435 ex
749 4378 913 4431 trium
948 4378 1178 4433 fratrum
1208 4381 1480 4435 sententia
1541 4390 1826 4436 revocatos
1871 4381 2087 4436 exsules
2190 4396 2374 4435 versos
2412 4382 2582 4435 sancti
2641 4383 2887 4449 prmsulis
2932 4381 3145 4437 videndi
3199 4383 3466 4453 cupidine.
3524 4385 3760 4439 Maxima

516 4470 701 4526 fuisse.
744 4470 877 4525 Cum
927 4482 1110 4528 autem
1168 4466 1558 4529 Constantinus
1617 4472 1942 4528 Nicomedia
1984 4476 2085 4528 ob-
2191 4488 2320 4529 vero
2360 4473 2461 4527 fuit
2494 4473 2864 4529 ministrorum
2900 4474 3328 4547 clericorumque
3349 4477 3601 4545 jubilatio
3627 4479 3759 4548 ,qui

517 4564 642 4618 ierit
670 4579 813 4620 anno
859 4564 990 4628 557,
1022 4566 1277 4622 vicesima
1322 4567 1409 4621 die
1454 4565 1601 4630 Maii,
1649 4566 1737 4623 vix
1772 4566 1946 4635 potuit
1987 4565 2079 4620 de-
2118 4561 2160 4617 D
2191 4581 2308 4620 eam
2346 4565 2544 4619 exinde
2572 4566 2712 4620 diem
2749 4567 2889 4621 inter
2938 4567 3301 4623 faustissimas
3339 4569 3758 4637 computabant,

512 4658 653 4712 cinia
687 4660 915 4728 septima
943 4659 1090 4714 Junii
1123 4659 1362 4727 ejusdem
1411 4659 1538 4713 anni
1590 4659 1781 4714 mortis
1820 4658 2085 4714 Constan-
2193 4657 2430 4727 Egyptii
2458 4667 2634 4711 autem
2662 4657 2918 4727 episcopi,
2937 4658 3030 4728 qui
3051 4658 3238 4714 exsule
3260 4660 3553 4714 Athanasio
3574 4660 3758 4728 pulsos

513 4751 609 4805 tini
646 4752 865 4805 nuntius
914 4753 979 4805 ad
1016 4751 1272 4809 Treviros
1319 4752 1643 4820 pervenire;
1677 4750 1954 4820 multoque
1985 4750 2086 4803 mi-
2192 4765 2250 4805 se
2277 4764 2397 4803 cum
2423 4749 2512 4803 illo
2538 4751 2908 4814 aestimabant,
2942 4766 3190 4821 regresso
3232 4751 3322 4807 illo
3364 4754 3623 4807 rebantur
3658 4770 3755 4823 pa-

511 4856 616 4896 rtus
665 4851 889 4910 potuere
936 4851 1047 4896 tres
1090 4843 1346 4912 Augusti,
1396 4852 1545 4896 tanto
1595 4853 1867 4897 terrarum
1916 4842 2084 4896 inter-
2191 4845 2358 4899 trium
2388 4842 2491 4898 sibi
2521 4843 2694 4898 solum
2727 4844 2957 4898 restitui.

509 4930 655 4984 vallo
703 4930 901 4996 dissiti,
945 4931 1011 4985 de
1063 4934 1383 4988 revocandis
1424 4933 1704 4987 exsulibus
1737 4948 1842 4992 una
1886 4931 2079 5001 egisse.
2265 4936 2416 4989 Anno
2441 4934 2638 4990 559.-
2659 4937 2711 4990 l.
2733 4935 3014 4990 Eusebiam’
3042 4951 3170 4988 nova
3192 4936 3479 4990 moliuntur
3510 4940 3564 4991 in
3588 4939 3756 4991 Atha-

508 5022 593 5078 Ad
630 5022 766 5090 haec,
803 5033 997 5078 narrat
1024 5023 1395 5081 Theodoretus
1431 5024 1789 5080 Athanasium
1822 5023 1957 5076 duos
1982 5036 2079 5074 an-
2188 5028 2419 5084 uarium,
2449 5054 2519 5068 -
2549 5025 2747 5081 verum
2772 5027 2983 5082 Eusebii
3014 5036 3068 5081 ei,
3096 5028 3362 5081 sociorum
3392 5029 3527 5081 livor
3550 5067 3565 5090 ,
3591 5042 3751 5082 mter-

510 5132 612 5173 nos
644 5127 700 5173 et
729 5127 964 5187 quatuor
1006 5134 1222 5174 menses
1263 5117 1506 5173 Treviris
1543 5126 1832 5172 moratum.
1866 5114 1942 5169 Ex
1971 5127 2079 5182 quo
2188 5130 2425 5184 numque
2477 5116 2530 5169 in
2581 5116 2934 5172 Athanasium
2984 5121 3165 5175 odium
3220 5117 3563 5173 diuturnitati
3605 5121 3754 5185 pacis

511 5210 803 5265 coniicitur
852 5225 957 5264 non
1025 5211 1351 5281 remigrasse
1398 5208 1783 5264 Alexandriam
1824 5215 1950 5261 ante
1987 5222 2080 5259 an-
2186 5218 2347 5276 atque
2369 5205 2563 5261 ltetitize
2586 5204 2775 5260 obfuit.
2814 5204 3037 5262 Vixdum
3061 5211 3203 5263 enim
3246 5209 3429 5263 sedem
3475 5222 3629 5262 suam
3677 5222 3756 5260 rc-

506 5319 636 5358 num
666 5303 791 5359 558.
832 5303 985 5371 Quod
1022 5312 1200 5357 autem
1235 5303 1499 5372 objiciunt
1549 5300 1962 5357 Constantinum
1989 5298 2080 5365 ju-
2187 5300 2441 5367 petierat,
2468 5313 2590 5352 cum
2622 5298 2695 5352 illi
2720 5313 2853 5352 nova
2885 5302 3071 5354 ineunt
3097 5300 3416 5354 detnrbandi
3448 5299 3545 5351 viri
3573 5300 3754 5354 consi-

506 5400 742 5465 niorem,
794 5401 844 5455 si
882 5412 1028 5455 anno
1079 5398 1183 5453 558
1227 5413 1348 5454 eam
1410 5395 1720 5466 scripsisset
1771 5393 2075 5462 epistolam,
2185 5391 2253 5445 lia
2289 5390 2381 5461 (ε),
2426 5390 2619 5457 veriti,
2646 5390 2722 5444 ait
2754 5390 3007 5457 Rulinus,
3051 5408 3118 5447 ne
3151 5392 3198 5447 si
3228 5393 3444 5461 quando
3476 5392 3753 5446 Constan-

501 5494 729 5560 Angusti
771 5508 968 5549 nomen
1001 5501 1413 5563 usurpaturum,
1444 5503 1549 5543 non
1584 5496 1690 5553 est,
1732 5496 1791 5540 ut
1820 5486 2073 5551 arbitror,
2185 5484 2315 5536 tium
2345 5481 2516 5537 libere
2548 5482 2944 5553 alloqueretur,
2980 5498 3120 5539 verat
3159 5484 3278 5538 fidei
3324 5482 3751 5552 amplectenda,

504 5585 646 5641 tanti
688 5586 964 5653 ponderis.
995 5584 1183 5655 Neque
1210 5583 1357 5637 enim
1381 5579 1611 5648 Augusti
1646 5593 1848 5634 nomen
1884 5578 1936 5634 in
1967 5578 2074 5651 epi-
2177 5576 2505 5645 Arianazque
2536 5574 2876 5644 repudianda
2910 5578 3010 5646 ipsi
3039 5586 3229 5632 auctor
3248 5588 3411 5632 esset.
3441 5575 3549 5631 Nec
3575 5593 3749 5642 mora,

696 5720 896 5798 Athan.
928 5719 1083 5798 Apol.
1108 5728 1290 5798 contra
1318 5716 1530 5781 Arium,
1574 5715 1754 5798 n.”87.
2252 5712 2349 5798 (τι)
2376 5713 2590 5798 d‘poloq.
2628 5722 2807 5798 contra
2836 5710 3047 5798 Arium,
3081 5727 3145 5798 ll:-
3163 5712 3215 5763 7.
3244 5782 3277 5798 ῃ
3519 5784 3545 5798 Γ

688 5780 1075 5916 ὣέιᾶθηηιροι,
1117 5791 1185 5844 ad
1220 5780 1601 5853 οοηδιαηιηπ,
1636 5787 1685 5841 5,
2186 5786 2600 5921 cal(,c)2b‘ocrat.
2659 5780 2750 5836 lib.
2816 5797 2876 5845 ll,
2940 5798 3059 5850 cap.
3116 5784 3183 5847 5;
3244 5782 3459 5835 Sozom.
3519 5784 3607 5839 lib.
3666 5799 3746 5849 tn,
