4038 6530
1589 427 1745 483 VITA
1786 428 1844 483 S.
1885 422 2278 480 ATUANASII.

3392 429 3524 469 XCIII

197 557 325 598 novas
347 543 434 598 illi
481 544 877 605 calumnias
917 557 1164 615 struunt,
1191 556 1405 603 veteres
1452 547 1857 618 redintegrant,
1889 550 1934 605 Α
1959 542 2086 597 339.
2127 540 2382 594 Socrates
2413 547 2592 592 autem
2621 549 2904 605 perperam
2939 528 3228 586 Alexandri
3259 527 3527 583 Constan-

195 635 370 689 solitam
402 636 700 706 fingendi
752 651 960 695 artem
989 649 1263 694 exercent.
1294 639 1474 693 Primo
1495 639 1854 692 criminantur

198 734 480 801 ingressum
524 732 968 789 Athanasium
1025 732 1439 797 Alexandriam,
1487 732 1848 799 seditionum,

197 826 394 881 caedium
424 865 440 889 ,
471 825 875 883 exsiliorum
933 837 1211 884 auctorem
1260 827 1447 886 fuisse.
1505 823 1847 882 Monumenta

204 919 394 989 publica
433 919 874 987 proferebant
930 923 988 977 in
1031 923 1422 985 testimonium,
1459 929 1514 974 et
1555 918 1848 974 sententias

202 1016 241 1066 in
265 1027 374 1066 reos
403 1011 595 1067 latas.
664 1013 758 1067 At
807 1017 972 1084 quod
1028 1015 1236 1069 solebat
1280 1013 1582 1081 coniuratis
1623 1023 1676 1066 et
1708 1013 1844 1066 mala

205 1104 652 1159 machinantibus
678 1123 1048 1171 occurrere,
1083 1109 1192 1176 jam
1239 1108 1436 1160 accidit
1489 1105 1844 1175 imprudenti-

205 1198 311 1261 bus,
348 1205 408 1251 ut
437 1212 660 1252 secum
707 1200 954 1255 scilicet
987 1201 1082 1270 ipsi
1108 1210 1424 1269 pugnarent.
1451 1197 1583 1252 Nam
1611 1214 1727 1265 qua:
1761 1214 1847 1252 re-

207 1306 334 1345 verso
359 1292 708 1346 Athanasio
735 1292 830 1346 illi
868 1302 1026 1362 gesta
1048 1292 1211 1346 fuisse
1234 1292 1558 1360 jactitabant
1577 1331 1592 1358 ,
1615 1306 1679 1345 ex
1716 1291 1844 1359 ipsis

206 1383 318 1436 actis
343 1386 537 1451 palam
565 1395 715 1438 erat
743 1386 1068 1456 contigisse
1101 1384 1334 1439 nondum
1384 1397 1628 1450 regresso
1673 1381 1842 1436 Atha-

207 1476 362 1540 nasio,
393 1490 530 1531 cum
564 1477 630 1531 in
679 1478 875 1549 Syria
921 1488 1105 1544 esset,
1163 1477 1372 1546 iterque
1423 1474 1626 1528 faceret
1671 1474 1721 1528 iu
1749 1488 1842 1542 pa-

207 1572 358 1624 triam.
393 1570 453 1624 In
489 1572 742 1625 crimen
783 1573 1074 1627 vocabant
1104 1572 1245 1641 quod
1277 1573 1565 1625 damnatus
1606 1581 1659 1626 et
1697 1570 1842 1637 deje-

202 1675 301 1717 ctus
323 1679 349 1715 a
383 1663 624 1733 synodo
653 1704 673 1728 ,
725 1675 951 1733 squte
979 1675 1108 1717 nutu
1157 1674 1211 1718 et
1248 1665 1513 1720 sententia
1548 1664 1726 1718 sedem
1761 1679 1842 1718 re-

200 1753 464 1817 petiissel,
499 1769 627 1807 non
681 1763 1042 1823 exspectato
1093 1755 1282 1823 synodi
1336 1753 1558 1808 alterius
1614 1754 1836 1822 judicio.

198 1843 525 1896 lnveteratas
559 1841 702 1897 illas
742 1843 1553 1907 refricabamcriminationes,
1583 1846 1648 1899 de
1671 1845 1836 1899 calice

197 1934 348 1986 fracto
382 1942 444 1986 et
487 1933 566 1987 de
603 1943 838 1988 euecto
883 1934 1150 1997 Arsenlo,
1183 1935 1536 2003 etsidepulsaa
1565 1945 1620 1989 et
1651 1937 1834 2004 explo-

194 2042 255 2079 sa:
277 2025 380 2080 illa:
416 2040 531 2080 nec
559 2029 700 2081 sine
744 2028 955 2097 grandi
984 2031 1430 2098 schphantarum
1469 2028 1687 2081 infamia
1716 2027 1836 2083 iue-

201 2128 328 2172 rant.
359 2118 764 2187 lmpudenter
829 2120 1241 2174 mentiebantur
1282 2120 1608 2173 frumentum
1637 2136 1663 2172 a
1699 2121 1836 2174 Con-

193 2210 421 2264 stantino
450 2211 698 2265 alendis
750 2212 949 2267 viduis
977 2222 1288 2283 erogatum,
1329 2212 1397 2266 ab
1444 2213 1739 2266 Athanasio
1781 2211 1833 2265 in

196 2301 466 2367 propriam
515 2303 749 2358 diverti
831 2319 976 2358 rem.
1016 2307 1076 2361 Et
1120 2313 1235 2359 erat
1289 2305 1417 2358 illud
1469 2315 1833 2359 veteratormn

192 2394 476 2448 consilium
505 2436 523 2457 ,
587 2403 660 2448 ut
721 2397 1015 2463 ejusmodi
1053 2395 1379 2452 frumentum
1424 2399 1476 2452 in
1511 2399 1832 2453 Arianorum

192 2499 342 2538 nsum
389 2489 676 2541 cederet.
713 2486 822 2540 llis
852 2495 1135 2556 permotus
1163 2487 1508 2544 Constantius
1529 2531 1543 2555 ,
1569 2491 1634 2542 ad
1673 2507 1831 2559 quem

192 2575 466 2642 perfacilis
525 2588 670 2631 erat
696 2578 1107 2633 consceleratis
1139 2580 1343 2644 aditus,
1379 2581 1572 2636 litteris
1591 2584 1830 2637 Athana-

191 2667 318 2720 sium
341 2669 734 2737 querelarum
768 2669 1106 2738 plenissimis
1138 2673 1451 2739 insectatur,
1473 2675 1545 2728 ita
1575 2675 1827 2730 nimirum

193 2756 516 2814 Eusebianis
581 2772 995 2831 opportunus,
1051 2773 1107 2816 ut
1160 2765 1384 2819 necdum
1435 2767 1708 2835 explorata
1753 2770 1826 2822 rei

195 2853 450 2918 veritate,
485 2853 672 2908 fidem
709 2854 886 2908 dictis
904 2871 1091 2908 eorum
1125 2858 1362 2915 haberet.
1400 2859 1521 2913 llaec
1553 2876 1655 2914 non
1684 2862 1826 2916 Con-

200 2946 394 3000 stantio
435 2947 633 3001 solum
662 2987 678 3010 ,
740 2949 844 3002 sed
876 2956 932 3002 et
982 2947 1240 3004 fratribus
1288 2953 1402 3020 ejus
1449 2954 1705 3023 Augustis
1738 2958 1828 3011 de-

203 3039 530 3093 nuntiabant
563 3040 840 3095 seditiosi
871 3041 1120 3096 homines
1149 3060 1162 3098 :
1195 3045 1344 3110 queis
1383 3055 1559 3100 tamen
1613 3065 1718 3102 non
1755 3050 1824 3103 ita

206 3132 356 3187 lacile
383 3143 512 3186 erat
565 3136 759 3189 verba
789 3136 924 3188 dare
946 3175 960 3197 ,
992 3137 1285 3202 prtesertint
1319 3136 1636 3193 Eusebianis
1656 3181 1670 3204 ,
1695 3157 1829 3211 quo-

208 3236 320 3276 rum
341 3227 571 3281 animus
600 3238 946 3296 perspectus
981 3228 1110 3295 ipsis
1148 3239 1286 3281 erat.
1323 3230 1648 3286 Athanasius
1697 3248 1821 3286 vero
1849 3262 1893 3321 ο

212 3317 388 3373 missis
429 3320 498 3372 ad
527 3318 939 3373 Constantium
969 3319 1166 3373 litteris
1193 3321 1398 3376 oblatas
1425 3323 1524 3376 sibi
1557 3325 1820 3378 crimina-

225 3412 396 3466 tiones
424 3412 815 3481 propulsavit.
845 3413 953 3466 Sed
991 3411 1189 3466 frustra
1236 3416 1468 3472 ceSsisse
1504 3427 1731 3471 conatus
1756 3434 1822 3473 ex

225 3499 384 3553 rebus
415 3514 616 3571 postea
649 3502 828 3570 gestis
864 3502 1043 3570 palam
1091 3515 1208 3567 est,
1258 3506 1573 3561 Constantio
1621 3509 1825 3564 scilicet

217 3597 286 3651 ita
321 3610 602 3669 occupato
639 3601 893 3671 querelis
952 3601 1182 3656 assiduis
1233 3613 1392 3672 atque
1428 3605 1823 3661 criminationi-

220 3689 317 3744 bus
350 3691 810 3747 Eusebianorum
835 3737 848 3758 ,
880 3693 1123 3747 utnulla:
1166 3703 1414 3761 paterent
1472 3698 1720 3768 purganti
1764 3712 1823 3753 se

221 3782 315 3835 ria
343 3785 460 3837 veri
487 3783 794 3838 suadendi.

286 3876 340 3926 '2.
390 3875 685 3940 Eusebius,
731 3875 888 3944 pulso
941 3873 1136 3939 Paulo,
1178 3875 1821 3947 Constantinopolitanam

219 3969 394 4020 sedem
419 3970 654 4022 invadit.
678 3998 752 4007 —
784 3969 1089 4034 Antequam
1118 3980 1427 4036 erumperet
1481 3972 1535 4023 in
1580 3972 1822 4023 Athana-

221 4055 358 4109 sium
397 4059 840 4112 Eusebianorum
874 4057 1030 4110 furor
1071 4055 1167 4128 (α),
1224 4058 1485 4112 Eusebius
1524 4060 1822 4128 cupiditate

225 4161 438 4216 semper
472 4150 721 4220 ﬂagrans
779 4151 1154 4219 imperatoria:
1206 4149 1356 4204 urbis
1403 4151 1584 4204 sedem
1614 4151 1822 4220 episco-

223 4241 399 4306 palem
443 4243 779 4309 invadendi,
813 4243 1008 4296 initam
1047 4243 1291 4311 proximo
1329 4259 1473 4297 anno
1504 4243 1555 4298 in
1595 4245 1818 4298 Paulum

225 4333 902 4403 Constantinopolitanum
954 4334 1384 4389 criminationem
1428 4350 1523 4405 per
1572 4335 1820 4390 Macedo-

226 4423 374 4477 nium
407 4425 774 4494 rediutegrari
843 4423 1077 4478 curavit.
1132 4425 1195 4478 Et
1248 4436 1358 4478 tum
1414 4427 1665 4494 quidem,
1697 4444 1818 4482 ces-

227 4525 382 4568 sante
414 4517 636 4569 actione
662 4554 678 4578 ,
712 4514 1070 4568 Macedonius
1103 4513 1264 4570 Paulo
1305 4517 1586 4585 subditus,
1628 4533 1819 4573 recon-

1957 630 2291 701 tiuopolitani
2320 631 2560 693 obitum,
2596 637 2653 681 et
2702 641 2820 695 quae
2855 625 2999 677 illum
3052 621 3336 676 subsecuta
3367 630 3524 681 sunt,

1953 735 2078 796 post
2104 723 2447 778 Constantini
2480 720 2713 790 junioris
2741 727 2968 771 mortem
3001 722 3239 776 enarrat,
3267 711 3363 766 sed
3387 727 3519 781 prae-

1952 824 2182 884 poslere,
2208 824 2268 866 ut
2286 827 2444 866 nemo
2473 813 2674 880 peritus
2697 826 2798 863 non
2840 807 3036 861 videat.
3079 804 3339 858 Eusebius
3367 812 3522 870 cpta-

1953 916 2064 960 tum
2089 916 2368 960 assecutus
2401 904 2498 974 ib),
2551 901 3002 971 imperatorisque
3062 897 3294 950 amicitia
3322 906 3376 949 et
3398 911 3521 963 gra-

1951 998 2022 1051 tia
2049 998 2243 1060 fultus,
2284 997 2465 1050 tandiu
2493 995 2805 1048 meditatum
2839 991 3122 1046 consilium
3153 989 3221 1043 dc
3253 991 3517 1055 recipien-

1948 1089 2035 1144 dis
2074 1090 2125 1141 in
2163 1086 2462 1142 Ecclesiam
2495 1085 2714 1138 Arianis
2751 1085 2926 1153 palam
2959 1084 3180 1150 exsequi
3208 1092 3262 1136 et
3295 1081 3519 1149 implere

1947 1180 2207 1235 decrevit.
2248 1177 2315 1231 Et
2368 1193 2486 1232 cum
2516 1191 2582 1230 eo
2628 1186 2873 1246 tempore
2922 1174 3262 1227 Antiochiam
3312 1178 3522 1242 peteret

1951 1268 2319 1332 Constantius,
2357 1267 2536 1320 istbuo
2559 1281 2680 1319 cum
2726 1280 2791 1318 eo
2831 1264 3092 1319 Eusebius
3141 1274 3195 1317 et
3225 1263 3358 1318 socii
3395 1275 3524 1317 sunt

1945 1362 2172 1432 profecti
2212 1378 2226 1416 :
2266 1375 2366 1414 nec
2393 1359 2506 1427 jam
2540 1357 2748 1412 artibus
2775 1358 2976 1421 solitis,
3009 1357 3348 1424 occultisque
3385 1355 3521 1408 iusi-

1946 1456 2050 1509 diis
2077 1454 2156 1508 usi
2185 1464 2312 1508 sunt
2347 1454 2399 1506 in
2427 1451 2832 1508 Catholicorum
2853 1449 3143 1518 perniciem
3166 1467 3180 1514 ;
3207 1448 3304 1502 sed
3335 1459 3519 1518 aperte

1942 1562 2162 1602 causam
2185 1547 2513 1600 Arianorum
2557 1553 2615 1596 ut
2659 1557 2814 1598 suam
2845 1557 3004 1610 agere
3039 1551 3338 1608 rmperunt.

2009 1638 2064 1691 5.
2108 1636 2388 1690 Eusebium
2436 1635 2642 1690 Pistum
2691 1634 2925 1704 deligunt
2973 1636 3028 1686 in
3090 1632 3516 1686 Alexandrinum

1939 1731 2252 1797 cpiswpum.
2279 1759 2348 1770 -—
2375 1729 2556 1783 Coacti
2582 1728 2745 1796 igitur
2773 1726 3098 1788 Antiochiae,
3123 1725 3325 1777 Pistum
3349 1722 3512 1775 Aria-

1943 1838 2068 1876 num
2095 1822 2468 1892 presbyterum
2501 1820 2570 1873 ab
2602 1820 2909 1872 Alexandro
2937 1818 3066 1869 olim
3101 1816 3429 1872 abdicatum.
3460 1815 3511 1867 in

1867 1899 2220 1967 BAthanasii
2287 1913 2460 1964 locum
2518 1914 2830 1981 episcopum
2883 1911 3223 1963 constituunt
3277 1908 3514 1961 Alexan-

1941 2003 2178 2057 drinum.
2202 2001 2313 2056 Hoc
2338 2003 2618 2056 exordium
2646 2005 2742 2055 fuit
2766 2001 3032 2056 malorum
3058 2013 3112 2054 et
3161 2001 3312 2070 origo
3362 1999 3508 2052 cala-

1941 2095 2184 2148 mitatum
2223 2095 2684 2163 tumultuumque,
2736 2096 2827 2164 qui
2881 2094 3024 2148 haud
3061 2094 3132 2146 ita
3170 2094 3339 2146 multo
3390 2103 3512 2160 post

1949 2200 2069 2239 eam
2111 2186 2384 2238 civitatem
2414 2185 2749 2239 invaserunt.
2777 2184 2956 2239 Missis
3001 2195 3180 2237 autem
3218 2183 3509 2236 Eusebiani

1937 2277 2316 2331 Alexandriam
2341 2278 2406 2331 ad
2433 2279 2666 2332 Arianos
2688 2278 2931 2332 diaconis
2955 2315 2970 2342 ,
3000 2277 3092 2346 qui
3125 2292 3234 2328 rem
3262 2289 3508 2328 commu-

1937 2383 2060 2421 nem
2101 2379 2382 2437 gererent,
2415 2380 2526 2422 tum
2577 2379 2764 2439 aperte
2807 2379 3090 2436 coeperunt
3129 2383 3253 2421 cum
3285 2365 3502 2418 Arianis

1939 2459 2186 2530 adjungi,
2215 2477 2311 2514 nec
2341 2461 2532 2530 puduit
2560 2461 2850 2515 damnatos
2875 2477 2902 2512 a
2927 2460 3134 2530 synodo
3166 2459 3427 2525 lucifugas
3450 2457 3500 2508 in

1935 2553 2328 2607 counnunionis
2358 2553 2672 2607 societatem
2702 2555 2988 2608 admittere
3020 2571 3034 2607 :
3064 2552 3277 2607 diaconi
3322 2561 3500 2604 autem

1932 2640 2312 2696 Alexandriam
2340 2643 2488 2698 missi
2519 2659 2642 2698 cum
2669 2646 2797 2699 solis
2819 2644 3037 2698 Arianis
3059 2652 3360 2697 conventus
3381 2654 3506 2708 age-

1931 2733 2082 2787 bant.
2119 2735 2387 2788 Eusebius
2415 2736 2526 2804 ipse
2549 2735 2666 2789 Arii
2692 2737 2999 2805 opinionem
3028 2744 3085 2787 ttt
3114 2747 3301 2786 sanam
3329 2742 3383 2784 et
3413 2745 3500 2784 or-

1934 2823 2224 2878 thodoxam
2259 2826 2457 2896 ubique
2483 2828 2849 2898 praedicabat,
2891 2826 3306 2880 commendabat
3351 2824 3495 2876 litte-

1932 2917 2038 2981 ris,
2075 2916 2287 2972 fovebat
2313 2934 2410 2985 pro
2450 2920 2674 2974 viribus.
2732 2917 2843 2972 Sub
2881 2920 2996 2980 hac,
3021 2920 3184 2972 cidem
3236 2916 3501 2970 Eusebius

1930 3023 2053 3060 cum
2086 3009 2409 3076 quibusdam
2444 3011 2609 3066 sociis
2634 3021 2883 3065 oratores
2913 3026 3034 3065 cum
3076 3009 3273 3064 litteris
3307 3009 3372 3060 ad
3404 3005 3498 3062 Ju-

1932 3098 2062 3151 lium
2093 3114 2284 3166 papam
2316 3100 2522 3167 mittit,
2580 3101 2871 3154 idaearium
2910 3100 3316 3171 presbyterum,
3362 3100 3500 3151 Mar-

1935 3192 2132 3261 tyrium
2199 3201 2254 3244 et
2295 3191 2617 3262 Hesychium
2667 3195 2962 3258 diaconos;
2999 3201 3259 3258 erantque
3310 3192 3500 3243 litteras

1924 3283 2184 3336 adversus
2203 3284 2583 3350 Athanasium,
2614 3283 2920 3338 Marcellum
2959 3293 3014 3336 ct
3061 3283 3336 3350 Asclepam
3365 3296 3500 3336 con-

1926 3373 2165 3440 'scripta:.
2197 3372 2415 3444 Legatis
2437 3375 2646 3444 jussum
2671 3418 2686 3441 ,
2715 3387 2771 3430 ut
2797 3376 2928 3430 Pist’.
2952 3390 3172 3430 causam
3196 3392 3318 3430 cum
3358 3376 3504 3431 Julio

1927 3471 2182 3530 agerent,
2215 3467 2696 3535 auctoresque-illi
2759 3479 2937 3522 essent
2997 3477 3055 3522 ut
3101 3468 3310 3523 litteras
3343 3469 3501 3522 daret

1925 3555 2179 3623 paciﬁcas
2229 3556 2295 3609 ad
2349 3555 2786 3625 ψευδεπίσκοπον
2828 3559 2974 3614 illum
3033 3561 3500 3616 transmittendas.

1923 3644 2233 3716 Legationis
2279 3649 2368 3717 qui
2403 3650 2566 3704 fuerit
2601 3652 2778 3704 exitus
2803 3693 2819 3716 ,
2853 3668 2975 3706 mox
3009 3654 3408 3709 enarrabimus.

1991 3738 2047 3794 4.
2087 3739 2199 3794 Hoc
2221 3741 2270 3794 ci
2303 3741 2469 3796 rciter
2492 3757 2634 3796 anno
2656 3746 2957 3799 excessisse
2985 3745 3092 3800 vita
3123 3755 3374 3816 putamus
3395 3747 3500 3800 Eu—

1923 3853 2128 3908 sebium
2156 3854 2556 3910 Caesariensem
2581 3897 2596 3921 ,
2623 3858 2797 3912 virum
2828 3861 3131 3916 eruditione
3171 3861 3499 3931 scriptisque

1924 3949 2037 4002 suis
2070 3966 2229 4018 quam
2256 3951 2358 4005 fide
2411 3962 2461 4004 et
2494 3954 2764 4022 probitate
2813 3955 3161 4025 insigniorem
3199 3958 3395 4027 :cujus
3443 3962 3495 4012 in

1922 4037 2096 4095 locum
2138 4042 2466 4110 subrogatur
2497 4047 2731 4100 Aeacius
2761 4048 2876 4116 ejus
2910 4050 3202 4120 discipulus
3225 4090 3240 4114 ,
3265 4055 3354 4121 qui
3378 4069 3495 4105 ωλι·-

1921 4132 2145 4201 gistrum
2190 4135 2467 4204 impietate
2491 4135 2650 4191 facile
2675 4141 2964 4208 superavit.

1988 4223 2140 4279 ANNO
2168 4226 2290 4281 540.
2321 4257 2384 4268 -
2422 4229 2476 4284 l.
2511 4228 2750 4299 Synodus
2766 4231 3147 4289 Alexandrina.
3177 4266 3243 4274 —
3265 4234 3379 4290 Non
3409 4237 3493 4291 fu-

1920 4338 2133 4407 giebant
2163 4343 2516 4400 Athanasium
2546 4357 2708 4401 tanta
2738 4349 2952 4404 Eusebii
2991 4362 3045 4404 ct
3080 4353 3349 4406 sociorum
3382 4373 3496 4408 mo-

1927 4427 2110 4483 limina
2165 4432 2216 4484 in
2254 4438 2546 4501 perniciem
2606 4439 2859 4494 Ecclesiae
2894 4454 3223 4510 comparata.
3251 4443 3315 4498 Et
3366 4462 3492 4513 pro-

1919 4520 2150 4587 spiciens
2181 4526 2321 4592 quod
2366 4524 2491 4579 illud
2535 4526 2674 4581 foret
2703 4529 3009 4597 periculum
3037 4531 3131 4600 (c),
3178 4532 3491 4587 haereticum

233 4605 415 4660 ciliata
448 4609 628 4677 gratia
659 4623 848 4674 pacem
889 4605 1121 4688 colebat.
1147 4606 1214 4659 At
1243 4607 1539 4671 Eusebius,
1589 4609 1679 4678 qui
1709 4609 1818 4679 epi-
1852 4617 1897 4673 1)
1926 4608 2193 4663 hominem
2222 4611 2274 4664 in
2304 4613 2612 4683 episcOpum
2640 4617 2880 4685 coaptari
2901 4658 2917 4682 ,
2949 4620 3216 4688 synodum
3254 4620 3487 4674 Alexan-

232 4703 501 4768 scopaletn
556 4701 891 4770 dignitatem
934 4685 1285 4768 amplitudine
1317 4702 1594 4756 civitatum
1633 4702 1820 4758 metie-

231 4790 412 4859 batur,
444 4795 712 4864 sperabat
741 4808 801 4846 se
823 4831 839 4855 ,
879 4791 926 4843 si
960 4792 1120 4861 regiae
1149 4794 1298 4848 urbis
1333 4793 1614 4848 ecclesiam
1654 4809 1820 4849 occu-

234 4893 414 4949 paret,
451 4889 629 4956 magis
688 4885 985 4954 magisque
1015 4883 1207 4938 ofﬁciis
1260 4899 1420 4953 posse
1463 4894 1517 4940 et
1562 4884 1819 4954 obsequio

233 4975 604 5045 imperatorem
639 4975 948 5032 demereri.
986 4973 1145 5029 Mora:
1173 4977 1334 5045 igitur
1363 4978 1651 5046 impatiens
1679 4976 1818 5030 Pau-

237 5064 330 5122 lum
360 5070 531 5127 defert
553 5075 625 5125 ad
661 5070 1099 5138 imperatorem,
1123 5077 1176 5120 et
1206 5082 1310 5136 qua
1336 5078 1449 5122 erat
1480 5067 1818 5122 veteratoris:

233 5160 349 5215 artis
377 5165 601 5230 peritia,
657 5162 788 5230 ejus
823 5157 1068 5211 animum
1119 5169 1408 5228 exasperat
1453 5159 1505 5213 in
1552 5159 1813 5227 Optimum

232 5253 523 5311 antistitem.
561 5253 746 5309 Jussu
775 5265 922 5318 ergo
960 5248 1307 5318 imperatoris
1345 5253 1500 5305 acciti
1543 5252 1815 5321 episcopi,

218 5341 442 5416 plerique
480 5360 694 5403 omnes
754 5339 995 5403 Ariani,
1041 5341 1304 5410 synodum
1347 5342 1814 5412 Constantinopoli

210 5436 494 5493 celebrant.
534 5438 619 5494 lbi
653 5432 887 5490 Paulus
926 5432 992 5483 ad
1029 5429 1241 5485 Eusebii
1274 5431 1552 5487 libidinem
1585 5440 1640 5487 et
1673 5433 1817 5486 arbi-

201 5528 348 5586 trium
381 5532 748 5590 damnatus,
817 5519 1212 5590 depositusque
1244 5530 1359 5583 est;
1414 5532 1501 5590 et,
1535 5523 1637 5593 qui.
1673 5537 1815 5577 unus

189 5634 294 5677 arat
335 5623 606 5681 conﬂata:
648 5612 1107 5683 conspirationis
1154 5629 1384 5684 scopus,
1444 5616 1708 5671 Eusebius
1759 5617 1812 5672 in

181 5716 285 5784 ejus
318 5721 509 5776 locum
540 5718 901 5786 promotus.
929 5703 988 5757 ld
1037 5715 1243 5772 gestum
1298 5707 1628 5761 arbitramur
1667 5724 1810 5764 anno

238 5836 308 5903 (η)
349 5827 699 5903 Historia
715 5823 1016 5876 rianorum
1041 5820 1107 5903 ad
1129 5821 1425 5888 monachos,
1463 5840 1512 5878 ιι.
1556 5825 1607 5879 7.

235 5891 559 5977 (ιιῇδοιοω.
609 5899 729 5956 lib.
778 5907 874 5956 ιιι,
915 5905 1032 5958 cap.
1074 5891 1126 5943 5.

1921 4698 2053 4752 drize
2086 4712 2368 4755 convocat.
2402 4704 2477 4757 Eo
2499 4703 2777 4759 confluunt
2836 4721 2906 4759 ex
2956 4707 3192 4779 IEgypto
3213 4749 3227 4775 ,
3285 4708 3488 4782 Libya,

1920 4801 1975 4845 et
2000 4788 2276 4862 Pentapoli
2312 4795 2552 4866 episcOpi
2591 4811 2758 4868 prope
2809 4809 3050 4856 centum.
3077 4803 3270 4857 Actum
3305 4805 3370 4858 de
3411 4807 3493 4859 iu-

1917 4881 2191 4938 stantibus
2217 4886 2470 4955 negotiis,
2504 4889 2678 4958 deque
2725 4890 2970 4958 periculo
3015 4907 3138 4948 mox
3173 4894 3338 4949 futuri
3370 4896 3493 4951 Ale-

1921 4973 2199 5028 xandrinae
2231 4975 2489 5034 Ecclesia:
2520 4979 2755 5035 discidii.
2785 4978 3037 5039 Omnium
3061 4984 3265 5041 calculo
3293 4996 3345 5042 et
3379 4987 3492 5043 suf-

1921 5064 2095 5132 fragio
2126 5066 2350 5135 epistola
2381 5071 2447 5125 ad
2477 5087 2665 5127 omnes
2694 5075 2891 5145 ubique
2918 5086 3181 5132 terrarum
3208 5080 3492 5149 episcopos

1927 5158 2200 5225 mittitur;
2227 5175 2331 5231 qua
2371 5165 2484 5218 orsi
2514 5167 2582 5220 ab
2628 5166 2930 5224 inveterato
2978 5169 3403 5226 Eusebianorum
3437 5175 3487 5227 in

1925 5251 2282 5309 Athanasium
2312 5257 2471 5323 odio,
2507 5258 2685 5314 oblata
2728 5261 2856 5316 olim
2893 5263 3010 5318 viro
3030 5266 3257 5320 crimina
3299 5281 3487 5320 recen—

1923 5354 2072 5410 sent,
2106 5356 2306 5418 negant
2339 5364 2464 5403 vera
2490 5366 2613 5407 esse
2638 5368 2976 5424 quaecunque
3016 5367 3204 5409 eorum
3238 5371 3401 5424 opera
3431 5367 3487 5409 et

1920 5447 2038 5493 arte
2083 5441 2331 5511 evulgata
2363 5442 2629 5512 fuissent;
2689 5455 2742 5500 et
2776 5455 2954 5500 tamen
2991 5446 3165 5499 virum
3215 5446 3484 5499 insontem

1919 5533 2095 5602 patrio
2129 5533 2244 5589 solo
2269 5547 2323 5591 et
2356 5537 2596 5593 Ecclesia
2620 5539 2852 5610 ejectum
2882 5539 3180 5607 acerbeque
3202 5547 3482 5607 vexatum,

1923 5623 2140 5679 vixdum
2175 5629 2401 5697 repetita
2425 5631 2587 5697 sede,
2618 5631 2771 5686 novis
2806 5631 3106 5698 alienisque
3151 5633 3330 5700 impeti
3375 5637 3484 5687 cri-

1923 5717 2329 5775 minationibus.
2361 5722 2529 5775 Aiunt
2547 5723 2723 5776 cazdes
2744 5761 2759 5786 ,
2810 5721 3104 5776 seditiones
3125 5764 3138 5786 ,
3172 5725 3364 5780 exsilia
3391 5727 3480 5782 ἰηι-

1989 5836 2059 5904 (c)
2095 5835 2294 5890 Athan.
2322 5835 2473 5904 Apol.
2512 5845 2696 5889 contra
2731 5834 2944 5902 Arium,
2976 5849 3029 5890 η.
3073 5837 3124 5891 ’5.
