4038 6526
571 411 693 451 1617

1921 400 2446 459 PROLEGOMENA.

571 524 785 582 putari,
818 527 1051 582 quorum
1093 514 1288 570 nedum
1316 526 1509 573 auctor
1537 519 1652 585 ipse
1692 521 1978 576 occasiove
2010 522 2143 576 fuis-
2169 528 2216 585 Α
2245 531 2334 591 pta
2378 518 2456 585 (a)
2510 515 2732 579 dicitur,
2786 513 2983 567 fratres
3032 512 3149 566 sive
3204 511 3405 581 legatos
3436 526 3563 568 suos
3593 513 3810 586 πέρυσι,

571 618 687 670 set.
736 621 804 661 ne
848 606 1016 660 redux
1070 607 1328 677 quidem,
1365 611 1587 681 quando
1642 612 1946 668 istiusmodi
1994 623 2141 684 gesta

571 710 736 767 sunt,
765 710 921 769 erat;
949 702 1045 757 sed
1075 703 1253 759 adhuc
1284 706 1468 776 procul
1495 708 1667 777 patria
1688 707 1744 762 in
1776 708 1933 779 Syria
1960 724 2142 765 versa-

574 793 735 846 batur
791 810 806 847 :
848 795 1173 865 negotiaque
1222 796 1529 866 hujusmodi
1555 800 1638 855 vel
1697 800 2022 865 Ecclesiam,
2059 800 2142 855 vel

575 883 932 939 Athanasium
962 888 1273 944 nullatenus
1303 903 1601 962 spectasse.
1643 893 1700 948 In
1751 908 1940 949 eorum
1979 894 2140 948 fidem

576 984 698 1027 acta
730 976 844 1044 ipsa
872 987 927 1031 et
956 981 1524 1051 sententiasjudicum
1561 1001 1621 1041 se
1668 996 1915 1042 attexere
1946 988 2145 1056 episto-

579 1064 663 1117 lae.
698 1065 864 1143 Multa
894 1070 1152 1141 deinceps
1172 1087 1432 1130 enarraut
1456 1118 1471 1143 ,
1510 1093 1631 1148 quae
1652 1077 1763 1146 jam
1790 1094 1821 1132 a
1856 1080 2011 1133 nobis
2032 1080 2144 1133 suis

576 1166 703 1209 sunt
736 1162 1000 1216 recensita
1029 1165 1166 1220 locis
1186 1208 1201 1232 ,
1227 1166 1569 1239 purgantque
1594 1170 1956 1227 Athanasium
1984 1187 2014 1225 a
2038 1174 2144 1227 cri-

579 1248 969 1309 minationibus
998 1256 1431 1315 adversariorum
1461 1302 1477 1326 ,
1508 1272 1742 1333 carpunt
1784 1264 2000 1319 Eusebii
2036 1281 2146 1319 am-

576 1340 750 1397 bitum
784 1355 839 1400 et
869 1347 1176 1417 cupidinem
1237 1367 1553 1422 magnarum
1600 1358 2035 1426 occupandarum
2066 1359 2146 1411 ci-

577 1432 829 1489 vitatum.
857 1436 1039 1491 Mirari
1067 1454 1126 1493 se
1149 1454 1178 1492 a
1210 1441 1328 1495 viro
1348 1483 1363 1508 ,
1405 1444 1498 1512 qui
1534 1442 1743 1511 jamdiu
1784 1455 1840 1500 et
1886 1449 2007 1515 jure
2035 1447 2148 1514 qui-

578 1521 698 1575 dem
734 1526 1011 1583 abdicatus
1046 1529 1275 1595 fuisset,
1300 1532 1464 1601 objici
1495 1536 1800 1592 Athanasio
1845 1539 1990 1592 illam
2022 1556 2147 1608 por-

580 1622 849 1669 tentosam
899 1628 955 1673 et
992 1631 1179 1675 contra
1211 1623 1299 1691 jus
1332 1624 1522 1695 fasque
1551 1626 1675 1698 Tyri
1706 1630 1905 1684 editam
1939 1632 2148 1685 abdica-

580 1705 805 1761 tionem.
835 1706 994 1764 Falso
1017 1711 1231 1781 jactare
1263 1715 1415 1780 illos,
1445 1719 1758 1772 redeuntem
1788 1722 2144 1776 Athanasium

577 1811 721 1864 :rgre
740 1810 794 1852 et
830 1800 1137 1872 indignante
1160 1808 1356 1876 populo
1378 1808 1633 1878 cleroque
1654 1812 2026 1868 Alexandrino
2050 1817 2147 1871 ad-

581 1889 837 1956 missum,
887 1894 1103 1960 quando
1138 1874 1355 1960 contra,
1417 1874 1657 1955 omnium
1702 1904 1872 1967 votis,
1923 1904 2141 1973 laetitia,
2174 1874 2217 1929 Β

578 1979 774 2048 plausu
829 1996 1117 2054 exceptum
1171 1990 1375 2044 nemini
1437 2008 1543 2047 non
1590 1995 1930 2064 exploratum
1962 2010 2139 2065 esset;

581 2082 728 2125 tanta
760 2075 1014 2142 cupidine
1049 2077 1146 2132 viri
1177 2081 1472 2147 perniciem
1514 2097 1770 2155 expetere
1794 2127 1810 2152 ,
1852 2099 1912 2142 ut
1954 2100 2143 2145 contra

575 2176 739 2229 quam
773 2177 1112 2247 perspectum
1139 2170 1243 2225 sibi
1268 2181 1324 2227 et
1356 2173 1743 2232 Alexandrinis
1769 2190 1953 2246 esset,
1994 2181 2143 2236 illum

578 2256 721 2324 apud
754 2256 1137 2327 imperatorem
1195 2264 1262 2319 de
1304 2282 1565 2322 conversa
1607 2269 1659 2322 in
1707 2286 1819 2325 rem
1868 2274 2143 2342 propriam

577 2363 789 2401 annona
822 2352 1031 2419 publica
1065 2355 1408 2412 detulissent.
1438 2360 1655 2417 Monent
1688 2365 1903 2419 demum
1931 2366 2148 2420 univer-

577 2455 696 2503 sos,
730 2442 1016 2499 Eusebium
1039 2458 1093 2501 et
1114 2452 1290 2506 socios
1333 2455 1503 2520 posita
1557 2454 1704 2510 larva
1736 2472 1861 2511 cum
1918 2459 2143 2514 Arianis

580 2531 756 2596 palam
790 2534 1053 2592 societate
1086 2548 1140 2592 et
1163 2542 1543 2597 communione
1563 2542 1779 2612 junctos
1803 2585 1818 2610 ,
1851 2546 2042 2602 iisdem
2073 2549 2150 2601 itt-

581 2630 787 2679 teresse
811 2626 1044 2682 cratibus
1079 2630 1470 2688 ecclesiasticis
1490 2674 1506 2699 ,
1539 2646 1698 2704 atque
1742 2638 2003 2693 Arianum
2030 2640 2148 2708 epi-

578 2727 804 2784 scopum
830 2718 1218 2778 Alexandrinis
1249 2724 1463 2782 dedisse
1486 2767 1501 2791 ,
1532 2744 1724 2783 novam
1756 2732 2002 2786 haeresim
2026 2734 2149 2785 ubi-

582 2821 690 2874 que
746 2814 1123 2871 commendare
1170 2816 1570 2889 celebrareque.
1627 2823 1839 2892 Rogant
1896 2828 2151 2893 praesules

585 2913 811 2969 omnes,
890 2919 947 2959 ut
1003 2910 1073 2961 ne
1125 2907 1476 2978 Eusebianis,
1517 2914 1561 2967 si
1614 2916 1739 2985 quid
1791 2918 2153 2973 rescribereut

580 3000 768 3044 contra
833 2993 1221 3064 Athanasium,
1272 3000 1429 3055 [idem
1480 3004 1747 3071 habeant,
1807 3008 2018 3062 etiamsi
2058 3009 2149 3062 lit—

580 3090 707 3136 terte
767 3082 1144 3156 :Egyptiorum
1204 3094 1563 3160 complurium
1620 3099 1995 3167 episcoporum
2056 3117 2153 3154 no-

2246 615 2295 667 id
2344 622 2448 675 est,
2484 624 2633 663 anno
2674 608 2922 676 proxime
2973 604 3157 674 elapso
3204 605 3341 668 540,
3396 608 3656 675 synodum
3708 609 3812 660 ιι..-

2246 721 2346 759 mae
2381 701 2681 771 postulasse
2739 716 2755 752 :
2810 696 3183 767 probabilique
3229 696 3534 764 conjectura
3587 712 3812 767 possunt

2247 791 2489 859 synodus
2540 796 2597 841 et
2645 787 2764 855 ejus
2808 785 3003 853 legatio
3048 785 3102 838 in
3135 800 3335 838 annum
3382 788 3629 840 eumdem
3675 802 3811 842 cou-

2242 882 2391 935 ferri.

2319 983 2376 1037 5.
2408 980 2592 1050 Legati
2631 980 2911 1033 Athanasii
2958 995 3075 1032 cum
3120 978 3432 1032 Euubianis
3464 981 3814 1049 congrediuno

2248 1086 2355 1127 tur.
2384 1102 2453 1112 —
2500 1072 2616 1127 Hoc
2667 1072 2850 1137 igitur,
2885 1083 2944 1126 ut
2981 1081 3253 1140 putamus,
3283 1087 3447 1132 anno.
3497 1074 3644 1126 missi
3690 1083 3815 1125 sunt

2243 1167 2313 1222 ab
2343 1169 2641 1222 Athanasio
2682 1178 2738 1222 et
2765 1184 2797 1221 a
2845 1168 3055 1238 synodo
3086 1166 3451 1221 Alexandrina
3489 1168 3813 1235 presbyteri,

2246 1263 2336 1330 qui
2376 1260 2660 1329 epistolam
2702 1260 2848 1313 illam
2894 1259 3210 1329 synodicam
3253 1256 3395 1311 Julio
3437 1257 3721 1321 oﬂ'errent,
3752 1274 3817 1313 ac

2247 1352 2466 1407 Eusebii
2496 1352 2795 1421 legatorum
2820 1350 3104 1420 postulatis
3126 1352 3522 1405 obniterentur.
3547 1350 3816 1406 Macarius

2246 1445 2511 1514 siquidem
2564 1444 2868 1513 presbyter,
2919 1443 3213 1513 Martyrius
3252 1449 3306 1495 et
3350 1442 3650 1513 Hesychius
3695 1445 3814 1496 dia-

2246 1537 2369 1591 coni
2407 1546 2653 1591 oratores
2685 1538 2756 1590 ab
2812 1534 3046 1590 Eusebio
3089 1535 3264 1599 missi,
3318 1534 3568 1596 Romam,
3618 1544 3676 1587 ut
3733 1536 3814 1587 di-

2246 1636 2392 1682 ctum
2425 1637 2529 1691 est,
2573 1628 3029 1695 commigrarunt;
3074 1627 3394 1692 traditisque
3443 1626 3587 1681 Julio
3621 1628 3818 1681 litteris

2245 1714 2626 1783 signiﬁcarunt
2668 1714 2933 1768 admissos
2987 1715 3057 1767 ab
3090 1713 3413 1769 Eusebianis
3466 1721 3531 1769 ad
3578 1732 3819 1770 commu-

2250 1806 2465 1858 nionem
2507 1804 2675 1859 fuisse
2718 1806 2974 1867 Arianos,
3020 1816 3381 1875 auctoresque
3422 1808 3521 1876 ipsi
3572 1818 3733 1862 erant
3759 1819 3816 1861 ut

2246 1899 2432 1968 gratia!
2480 1900 2740 1968 pacisque
2786 1899 3033 1953 ineundae
3079 1914 3247 1954 causa
3289 1899 3496 1956 litteras
3544 1901 3697 1955 daret
3747 1903 3814 1955 ad

2245 1990 2453 2044 Pistum
2509 1990 2770 2045 Arianum
2832 1990 2898 2043 ab
2949 1990 3270 2047 Eusebianis
3328 1992 3618 2048 delectum.
3669 1993 3815 2049 Julio

2246 2084 2375 2138 item
2423 2086 2646 2138 tradunt
2693 2094 3040 2138 monumenta
3075 2095 3130 2138 et
3163 2094 3283 2139 acta
3335 2084 3649 2144 Mareotica.
3696 2103 3816 2155 quae

2246 2181 2313 2234 ad
2354 2180 2712 2234 Athanasium
2758 2178 2848 2232 ille
2891 2178 3211 2231 transmisit.
3268 2177 3429 2231 Multa
3475 2190 3642 2243 certe,
3691 2181 3816 2233 dum

2245 2272 2595 2325 Alexandrini
2646 2271 2806 2341 legati
2854 2270 3197 2337 accederent,
3248 2270 3604 2326 moliebantur
3650 2271 3726 2324 illi
3764 2271 3818 2325 in

2246 2364 2625 2425 Athanasium,
2675 2362 2819 2416 nulla
2872 2378 2980 2417 nou
3034 2361 3174 2415 mala
3223 2362 3629 2430 przediCabant;
3684 2364 3819 2417 nihil

2247 2466 2433 2511 contra
2464 2454 2623 2508 ofﬁcii
2673 2454 3159 2523 praetermittebant
3207 2455 3273 2508 ad
3318 2455 3549 2522 gratiam
3602 2457 3820 2510 Arianis

2248 2546 2669 2600 conciliandam.
2702 2546 3100 2600 Accedentibus
3126 2555 3302 2601 autem
3347 2546 3627 2600 Athanasii
3675 2548 3822 2615 lega—

2251 2638 2339 2701 tis,
2388 2638 2657 2706 perterriti
2707 2636 2986 2709 inopinato
3033 2636 3291 2698 adventu,
3335 2652 3399 2690 ac
3442 2650 3604 2705 supra
3659 2638 3818 2691 fidem

2251 2730 2431 2781 animo
2483 2727 2639 2781 fracti
2691 2738 2851 2791 sunt,
2905 2734 2965 2779 ut
3018 2725 3181 2780 etiam
3238 2724 3518 2794 legationis
3570 2727 3822 2795 princeps

2250 2819 2538 2881 Macarius,
2579 2834 2807 2887 corpore
2841 2817 2969 2871 licet
3004 2831 3168 2887 aeger,
3201 2829 3360 2871 noctu
3388 2834 3448 2872 se
3490 2820 3818 2887 proriperet,

2250 2912 2559 2981 propediem
2613 2910 2849 2965 futurum
2894 2924 3001 2963 non
3048 2909 3230 2964 ferens
3262 2910 3560 2978 pudorem;
3603 2910 3823 2979 quando

2251 3002 2478 3065 Pistum,
2512 3001 2667 3070 cujus
2696 3002 2786 3055 ille
2819 3014 3042 3055 causam
3071 3000 3283 3068 agebat,
3320 2999 3614 3070 legatorum
3649 3001 3820 3053 Atha-

2254 3097 2389 3151 nasii
2433 3095 2767 3157 testimonio,
2822 3108 2929 3147 non
2969 3092 3232 3146 Arianum
3281 3092 3462 3155 modo,
3508 3093 3601 3147 sed
3654 3107 3685 3145 a
3724 3092 3820 3145 Se—

584 3186 705 3280 mep
764 3178 1091 3242 przeforant:
1125 3196 1244 3237 esse
1284 3186 1480 3255 quippe
1527 3186 1786 3255 ejusmodi
1833 3191 2049 3244 nomina
2097 3202 2149 3245 et
2177 3223 2219 3280 ο
2254 3187 2429 3239 eundo
2465 3200 2558 3255 per
2591 3183 2862 3239 Nicaanam
2905 3183 3170 3254 synodum
3218 3184 3467 3237 abdicato
3509 3186 3819 3237 ordinatum

578 3264 830 3336 suifragia
862 3269 1267 3329 Meletianorum
1319 3278 1829 3344 schismaticorum,
1877 3282 1967 3349 qui
2004 3296 2146 3337 viros

582 3355 636 3409 in
665 3358 779 3412 dies
805 3370 957 3415 tanto
989 3366 1157 3432 gradu
1192 3382 1451 3438 perquam
1486 3370 1735 3441 indignos
1780 3373 1847 3426 ad
1890 3374 2145 3428 sacerdo-

582 3450 713 3501 tium
737 3466 1137 3518 promoverent.

650 3539 706 3593 2.
749 3542 1021 3611 Synodum
1051 3559 1214 3613 porro
1255 3549 1676 3607 Alexandrinam
1723 3552 1843 3611 ideo
1885 3572 1989 3612 non
2026 3570 2151 3616 ante

582 3645 781 3686 annum
857 3635 997 3703 340,
1059 3638 1386 3694 celebratam
1442 3644 1807 3713 arbitramur,
1871 3651 1997 3720 quia
2042 3670 2147 3707 non

584 3728 792 3779 minore
820 3728 997 3796 spatio
1025 3733 1283 3799 temporis
1311 3735 1423 3799 geri
1456 3736 1703 3792 vldentur
1731 3742 1993 3810 potuisse,
2026 3761 2147 3815 quae

582 3815 651 3869 ab
682 3818 854 3872 reditu
885 3821 1165 3877 Athanasii
1220 3825 1286 3879 ad
1330 3840 1452 3880 eam
1480 3844 1648 3898 usque
1694 3834 1959 3902 synodum
2000 3847 2147 3906 gesta

584 3917 732 3960 sunt.
754 3910 1085 3983 Athanasius
1121 3915 1267 3969 enim
1291 3918 1390 3973 sub
1416 3918 1579 3974 linem
1608 3920 1752 3978 Junii
1781 3927 1979 3983 mensis
2009 3944 2152 3982 anno

584 3998 688 4052 338
716 3999 957 4058 Treviris
990 4005 1283 4074 profectus,
1311 4024 1433 4063 cum
1480 4026 1577 4080 per
1609 4013 1951 4072 Germaniam
1971 4060 1987 4085 ,
2013 4018 2154 4073 Pan—

586 4093 827 4159 noniam,
875 4094 1117 4152 blmsiam
1162 4108 1215 4155 et
1264 4100 1550 4157 Thraciam
1593 4104 2149 4180 Constantinopolim;

586 4186 821 4257 indeque
860 4204 957 4260 per
985 4192 1194 4257 Asiam,
1230 4195 1559 4268 Bithyniam,
1596 4198 2015 4271 Cappadociam,
2047 4205 2151 4275 Sy-

585 4277 746 4343 riam,
786 4278 1125 4337 Palaestinam
1168 4285 1221 4339 in
1268 4286 1561 4358 Egyptum
1615 4305 1865 4348 reversus
1895 4294 1987 4358 sit,
2022 4309 2154 4349 non-

586 4370 693 4423 nisi
726 4383 968 4429 vertente
1015 4377 1201 4430 eodem
1251 4393 1415 4446 anno,
1470 4392 1621 4438 tanto
1655 4385 1909 4439 nimirum
1944 4387 2153 4442 itineris

584 4474 804 4518 emenso
837 4468 1033 4535 spatio,
1079 4469 1251 4538 potuit
1278 4470 1665 4529 Alexandriam
1708 4478 2012 4544 pervenire.
2045 4478 2153 4534 Ex-

2254 3279 2442 3340 fuisse,
2484 3276 2945 3346 comprobandum
3005 3274 3122 3329 fore
3172 3275 3555 3343 prospiciebat.
3614 3274 3817 3344 Marty-

2252 3371 2366 3424 rius
2418 3380 2595 3422 autem
2632 3378 2687 3422 et
2731 3366 3030 3437 Hesychius
3074 3383 3256 3421 coram
3316 3368 3505 3437 legatis
3536 3368 3818 3422 Athanasii

2250 3462 2549 3523 constituti,
2580 3460 2777 3514 oblatis
2795 3460 2863 3515 de
2893 3475 3042 3514 more
3073 3458 3390 3513 criminibus
3409 3468 3462 3513 et
3496 3460 3819 3526 maledictis,

2252 3554 2325 3606 ita
2358 3552 2524 3621 probe
2566 3552 2884 3620 nariterque
2924 3548 3187 3605 confutati
3227 3557 3282 3603 et
3334 3549 3529 3619 repulsi
3585 3561 3735 3612 sunt,
3764 3560 3820 3604 ut

2252 3645 2438 3712 inopes
2461 3642 2671 3696 consilii
2713 3656 2778 3697 eo
2811 3643 3027 3695 demum
3055 3638 3431 3710 confugerent,
3458 3650 3517 3693 ut
3552 3642 3819 3711 synodum

2251 3736 2413 3790 indici
2471 3744 2747 3803 rogarent,
2803 3734 2856 3787 in
2904 3748 3009 3803 qua
3071 3732 3292 3803 polliciti
3343 3741 3472 3785 sunt
3528 3732 3709 3785 omnia
3764 3746 3821 3786 se

2248 3830 2544 3883 Athanasio
2575 3829 2751 3884 oblata
2802 3828 3031 3882 crimina
3083 3826 3553 3895 comprobaturos.
3604 3824 3662 3878 1d
3695 3839 3819 3876 cum

2251 3919 2610 3987 elllagitareut
2659 3918 2823 3972 etiam
2867 3916 3150 3970 Athanasii
3208 3914 3393 3985 legati,
3428 3914 3597 3968 edixit
3648 3912 3825 3968 Julius

2252 4022 2309 4067 ut
2333 4013 2613 4080 utriusque
2636 4010 2863 4065 arbitrio
2903 4011 3075 4078 partis
3122 4009 3269 4061 locus
3296 4007 3700 4076 assignaretur,
3731 4005 3819 4058 ubi

2251 4112 2471 4173 possent
2522 4118 2606 4157 res
2656 4101 2961 4155 accuratius
3009 4099 3260 4167 expendi.
3325 4097 3420 4152 His
3466 4096 3691 4167 perlatis
3752 4096 3820 4148 ad

2253 4196 2606 4259 Eusebianos,
2635 4194 2722 4247 ubi
2747 4193 3168 4255 subodorantur,
3204 4190 3325 4245 Julii
3365 4190 3694 4244 auctoritate
3725 4205 3817 4241 ce-

2252 4288 2562 4343 lebrandam
2611 4286 2874 4357 synodum
2919 4284 3055 4353 atqui
3089 4300 3153 4337 ac
3184 4282 3306 4336 horti
3353 4280 3650 4335 studiosam
3684 4281 3820 4343 fare,

2254 4379 2307 4431 in
2348 4392 2452 4446 qua
2510 4375 2642 4430 nihil
2692 4373 2866 4428 favori
2914 4384 3010 4425 aut
3039 4373 3228 4442 gratiae
3273 4370 3686 4430 concederetur,
3721 4369 3821 4422 ab-

2255 4476 2429 4523 nuunt
2450 4467 2590 4523 Julio
2627 4480 2817 4537 gerere
2853 4479 3081 4519 morem.
3110 4462 3438 4516 Athanasius
3462 4471 3651 4515 contra
3688 4476 3821 4514 con-

586 4552 709 4607 iude
735 4570 859 4610 vero
873 4557 1154 4614 Eusebiaui
1189 4577 1323 4616 nova
1346 4563 1537 4618 incum
1560 4570 1891 4625 commentiti
1920 4571 2146 4625 crimina
2179 4577 2224 4631 ι)
2253 4563 2508 4617 dilioncm
2540 4560 2755 4629 accipit.
2790 4557 2899 4612 Nec
2935 4568 3146 4627 tempus
3193 4556 3375 4623 itaque
3416 4568 3515 4607 nec
3555 4553 3705 4608 locus
3734 4553 3823 4607 fu-

584 4648 821 4717 undique
854 4652 1255 4722 pervulgarunt,
1290 4656 1397 4711 imo
1437 4660 1502 4711 ad
1537 4666 1647 4713 tres
1676 4662 1940 4717 miserunt
1972 4666 2151 4735 Augu-

581 4750 717 4792 stos.
751 4741 867 4805 Quo
910 4742 1112 4797 factum
1140 4754 1198 4799 ut
1246 4747 1459 4805 litteras
1490 4749 1841 4810 Constantius
1884 4756 1951 4809 ad
1980 4758 2149 4810 Atha-

583 4832 797 4885 nasium
849 4835 1056 4889 miserit
1109 4840 1455 4905 querelarum
1512 4843 1879 4913 plenissimas.
1929 4846 2152 4903 Accedit

582 4923 980 4980 Antiochenum
1010 4928 1309 4987 Constantii
1362 4944 1416 4989 et
1442 4933 1869 4993 Eusebianorum
1923 4938 2046 5002 iter,
2095 4950 2151 4995 et

583 5018 821 5086 synodus
876 5020 999 5075 istic
1042 5022 1331 5094 celebrata,
1383 5028 1436 5081 in
1484 5044 1590 5099 qua
1644 5029 1824 5085 Pistus
1873 5031 2143 5100 deligitur,

584 5108 745 5179 legati
776 5126 898 5166 cum
936 5112 1132 5171 litteris
1161 5118 1447 5174 mittuntur
1471 5120 1719 5176 Romam.
1755 5121 1899 5187 Quas
1939 5121 2147 5179 litteras

580 5200 683 5257 sibi
717 5206 1087 5271 transmissas,
1122 5219 1176 5264 et
1203 5212 1444 5280 quidem,
1473 5222 1533 5266 ut
1573 5214 1807 5277 videtur,
1838 5213 2030 5279 Roma,
2061 5215 2146 5268 in-

582 5308 757 5354 nuunt
784 5299 1023 5373 episcopi
1045 5301 1309 5376 Egyptii.
1344 5305 1627 5375 δοῦ-ἣκει,
1648 5305 1931 5361 celebrata:
1953 5308 2146 5376 synodi

580 5388 933 5448 Antiochense
988 5406 1213 5465 accepto
1262 5398 1470 5461 nuntio,
1516 5396 1757 5466 .Egyptii
1806 5398 2147 5453 Alexandriae

582 5491 846 5558 synodum
880 5490 1140 5547 habuere.
1175 5489 1274 5545 Vix
1315 5498 1494 5544 autem
1528 5498 1757 5558 possunt
1800 5490 1984 5545 isthzec
2022 5505 2140 5544 om-

580 5590 671 5644 nia
704 5592 845 5646 intra
866 5589 992 5644 anni
1013 5587 1117 5643 359
1143 5586 1375 5656 spatium
1401 5583 1796 5639 circumscribi.
1822 5585 1902 5639 Ad
1951 5583 2063 5638 haec
2087 5584 2140 5638 in

582 5684 811 5751 epistola
880 5683 1113 5754 quadam
1172 5679 1458 5736 Athanasii
1529 5692 1674 5733 anno
1738 5676 1838 5732 5H
1904 5677 2141 5733 conscri-

663 5871 735 5939 (u)
778 5867 973 5921 Athan.
1016 5824 1183 5935 Epist.
1211 5863 1493 5933 enryclica.

2253 4666 2386 4708 tura:
2419 4654 2607 4724 synodi
2664 4651 2973 4721 assignatus
3004 4666 3033 4702 a
3088 4646 3229 4701 Julio
3285 4647 3404 4709 fuit,
3453 4647 3547 4700 sed
3602 4662 3691 4700 res
3740 4659 3825 4701 est

2253 4747 2491 4816 partium
2544 4744 2768 4799 arbitrio
2824 4741 3105 4812 permissa.
3150 4739 3253 4792 Alii
3301 4754 3463 4809 porro
3500 4755 3599 4809 per
3631 4743 3821 4795 urbem

2251 4837 2510 4906 episcopi,
2561 4836 2757 4904 quibus
2814 4835 3014 4889 tradita
3053 4842 3137 4886 est
3185 4831 3567 4885 Alexandrinae
3626 4835 3822 4902 synodi

2254 4931 2500 4995 epistola,
2549 4928 2757 4981 Pistum
2792 4927 3086 4997 impietatis
3124 4940 3286 4979 causa
3334 4927 3663 4978 damnarunt
3693 4942 3825 4978 ana-

2254 5022 2507 5083 themate,
2537 5030 2592 5073 et
2619 5018 2937 5074 abdicarunt
2970 5029 3028 5071 ut
3061 5016 3392 5072 litereticum.

2322 5112 2375 5165 4.
2424 5111 2744 5163 Athanasius
2802 5108 2962 5162 libros
2994 5107 3286 5175 Scriptura!
3337 5123 3503 5160 sacra:
3542 5108 3704 5159 mittil
3750 5109 3819 5159 ad

2252 5202 2813 5260 Constantem—Per
2840 5204 2981 5258 idem
3031 5203 3143 5257 fere
3177 5214 3385 5271 tempus
3412 5202 3683 5257 Constans
3713 5204 3822 5256 Au-

2252 5308 2436 5369 gustus
2477 5298 2672 5352 litteris
2706 5296 3063 5351 Athanasium
3102 5303 3254 5364 rogat
3290 5293 3389 5365 (b),
3427 5294 3502 5347 uti
3535 5305 3691 5347 curet
3714 5296 3816 5348 sibi

2249 5392 2549 5447 litterarum
2601 5406 2882 5446 sacrarum
2940 5389 3109 5442 libros
3161 5387 3214 5440 in
3294 5403 3447 5441 usum
3503 5390 3819 5442 commodus

2250 5484 2499 5538 adornari
2528 5524 2543 5549 ,
2573 5485 2700 5554 quia
2739 5483 2947 5538 scilicet
2982 5479 3235 5550 (Egyptia
3278 5495 3408 5548 gens
3435 5480 3503 5534 iis
3526 5482 3829 5539 exaraudis

2248 5587 2303 5634 et
2333 5578 2734 5646 compingendis
2777 5576 3035 5631 solertior
3071 5574 3283 5630 cteteris
3318 5583 3483 5628 esset.
3535 5575 3687 5639 Quod
3728 5574 3818 5627 ille

2250 5671 2394 5726 haud
2437 5671 2779 5740 indiligenter
2823 5677 3148 5735 exsecutus,
3198 5665 3476 5721 confectos
3538 5666 3703 5721 libros
3750 5665 3816 5719 ad

2325 5859 2396 5927 (ὁ)
2429 5858 2625 5912 Athan.
2654 5855 2803 5921 Aj‘O’.
2834 5860 2897 5905 ad
2927 5851 3240 5919 Constant,
3262 5871 3313 5905 η.
3344 5853 3396 5905 4.
