4038 6528
599 441 719 481 XCVI

1965 418 2487 477 PROLEGOMENA.

664 546 717 597 4.
751 542 903 598 Fidei
928 544 1468 613 fortnquAntiochite
1498 540 1982 597 edita—Interea
2003 541 2171 594 liuse-
2201 552 2244 604 Α
2275 536 2535 590 ecclesias
2574 530 2836 586 immittit.
2886 528 2986 594 Qui
3034 524 3314 595 promissis
3347 521 3601 592 Philagrii
3651 521 3837 576 conci-

595 638 715 693 liius
756 647 808 692 et
840 638 972 692 socii
1002 637 1101 706 (a),
1146 637 1311 690 misso
1340 637 1721 690 Alexandriam
1749 633 2033 699 Gregorio,
2072 632 2163 700 qui

593 729 950 784 Athanasium
981 729 1236 782 invictutn
1267 728 1361 781 τοῦ
1394 726 1683 798 ὁμοουσεου
1707 725 1991 785 vindicem,
2015 723 2165 787 sede,

595 824 792 890 patria,
842 823 972 888 vita,
1000 821 1043 874 si
1096 830 1298 888 posset,
1349 827 1597 882 exueret,
1642 819 1708 873 de
1748 816 1932 871 eodem
1969 816 2164 885 ὁμοου-

597 914 696 982 σίῳ
743 913 1053 981 abrogando
1097 911 1416 966 deliberant.
1474 909 1654 976 Quare
1703 907 1824 962 fidei
1878 904 2165 959 formulam

595 1003 780 1065 edunt,
822 1015 925 1069 qua
967 1014 1024 1054 se
1059 999 1386 1068 profitentur
1419 1013 1525 1051 non
1561 996 1672 1049 Arii
1710 1008 1970 1063 sequaces
2011 1007 2164 1055 esse;

596 1091 688 1142 sed
721 1091 789 1142 ita
838 1092 1059 1151 sentire,
1111 1097 1167 1141 ut
1195 1103 1312 1153 sua,
1344 1101 1508 1157 quam
1540 1087 1733 1148 edunt,
1773 1083 1893 1136 fidei
1935 1081 2166 1134 formula

596 1179 767 1232 «dfert.
804 1177 857 1232 lu
887 1193 948 1232 ea
977 1189 1159 1231 autem
1188 1185 1395 1230 tacetur
1432 1174 1662 1228 invisum
1696 1171 1822 1224 illud
1851 1169 1946 1222 τοῦ
1978 1171 2170 1239 ὁμοθυ-

598 1268 714 1320 σίου
744 1268 1079 1322 vocabulum.
1137 1267 1243 1322 Sed
1271 1266 1422 1336 quasi
1454 1280 1556 1318 non
1589 1274 1736 1319 esset
1777 1263 1865 1316 illa
1910 1261 1976 1314 ad
2009 1262 2167 1314 lidem

597 1377 747 1415 suam
789 1360 1164 1415 declarandam
1203 1360 1356 1421 satis,
1388 1357 1547 1411 aliam
1579 1354 1862 1424 proferunt
1908 1353 2167 1422 prolixio-

608 1468 741 1514 rem,
775 1451 825 1504 in
862 1465 965 1519 qua
1004 1450 1206 1519 pariter
1264 1449 1427 1502 misso
1461 1446 1746 1517 ὁμοουσίου
1774 1443 2050 1504 vocabulo,
2077 1457 2171 1497 su-

596 1542 1042 1609 spiciosissimam
1101 1538 1394 1594 clausulam
1463 1537 1752 1606 adjiciunt,
1810 1537 1935 1590 dum
1984 1535 2167 1599 .aiunt,

596 1633 798 1685 Filiam
827 1647 929 1684 non
959 1645 1067 1683 esse
1092 1643 1387 1685 creaturam
1428 1629 1564 1684 velut
1602 1644 1760 1681 unam
1803 1643 1867 1680 er:
1896 1627 2170 1692 creaturis,

597 1739 837 1778 errorem
875 1725 948 1778 ita
978 1739 1132 1778 suum
1165 1723 1518 1792 ambiguitate
1539 1723 1829 1776 verborum
1876 1731 2173 1790 contegen-

595 1825 714 1870 tes:
746 1829 907 1884 quam
963 1815 1088 1869 tidei
1141 1814 1532 1883 professionem
1583 1812 1766 1866 Ariani
1826 1813 2061 1866 nominis
2119 1820 2173 1866 et

2273 628 2393 690 tati,
2440 627 2747 692 irrumpunt
2791 621 2842 675 in
2881 618 3186 675 ecclesias:
3223 627 3385 685 atque
3424 613 3478 668 in
3521 629 3584 668 ea
3623 613 3834 683 potissi-

2269 731 2453 782 mum,
2487 728 2606 784 quae
2627 711 2812 782 Cyrini
2840 711 3158 772 vocabatur,
3193 708 3278 760 vix
3315 705 3616 759 enarranda
3650 719 3838 773 perpe-

2270 817 2415 863 trant
2444 805 2663 872 ﬂagitia.
2708 800 3013 855 Incenditur
3046 797 3292 860 ecclesia,
3339 803 3660 864 sacrumque
3691 794 3835 862 pari-

2269 908 2352 954 ter
2393 894 2789 965 baptisterium.
2827 891 2964 945 Hinc
3009 889 3203 955 luctus,
3236 887 3483 955 ejulatus,
3529 894 3584 940 et
3633 883 3840 937 clamor

2271 989 2450 1061 populi
2500 1002 2613 1042 rem
2658 985 2876 1054 indigne
2928 983 3184 1045 ferentis,
3224 995 3286 1033 ac
3331 976 3686 1033 contestantis
3731 975 3836 1027 vim

2272 1079 2457 1134 inferri
2490 1076 2592 1130 sibi
2630 1075 2695 1128 ab
2733 1076 2898 1143 impio
2939 1070 3212 1143 praefecto.
3247 1069 3472 1124 Scelesti
3522 1075 3703 1120 autem
3739 1063 3835 1126 illi,

2270 1188 2367 1227 ceu
2404 1169 2680 1225 furibundi
2719 1176 2773 1221 et
2812 1175 3073 1230 amentes,
3115 1163 3352 1232 virgines
3395 1173 3575 1214 sacras
3608 1156 3834 1218 nudare,

2274 1265 2505 1330 caedere,
2547 1261 2870 1315 obsistentes
2904 1260 2956 1312 in
2992 1257 3287 1327 periculum
3328 1254 3514 1310 mortis
3543 1251 3834 1318 conjicere,

2271 1355 2663 1410 monachosin
2714 1363 2914 1408 terram
2967 1351 3221 1404 decussos
3256 1347 3579 1402 calcantium
3631 1346 3834 1412 impetu

2272 1447 2656 1516 exstinguere;
2703 1444 2838 1497 alios
2886 1441 3116 1496 fustibus
3160 1439 3342 1504 ferire,
3395 1437 3708 1501 vulnerare,
3742 1448 3834 1487 oc-

2271 1540 2471 1596 cidere.

2343 1650 2395 1705 6.
2430 1650 2486 1705 ln
2519 1664 2728 1706 sacram
2766 1655 2943 1700 autem
2977 1660 3216 1700 mensam
3246 1642 3441 1713 ﬂagitia
3468 1643 3709 1698 omnium
3737 1642 3837 1695 im-

2274 1744 2514 1814 piissima
2551 1740 2805 1795 admissa.
2858 1739 2998 1793 Aves
3036 1739 3178 1791 enim
3216 1735 3596 1803 strobilosque,
3634 1748 3730 1789 seu
3758 1734 3836 1803 pi-

2276 1851 2404 1890 neas
2439 1849 2624 1897 nnces,
2660 1832 2969 1886 numinibus
2997 1828 3345 1885 immolabant
3384 1827 3683 1896 gentilium,
3724 1826 3838 1881 lau-

596 1906 1080 1961 commendatiouis
1108 1921 1271 1961 causa
1303 1905 1542 1961 Luciano
1571 1905 1793 1976 martyri
1844 1906 2165 1975 ascripsere.
2199 1901 2241 1956 Β
2273 1931 2367 1983 des
2406 1930 2460 1982 in
2508 1927 2728 1981 deorum
2782 1926 3073 1986 honorem.
3125 1921 3409 1976 maledicta
3461 1921 3513 1972 in
3558 1920 3834 1974 Christum

603 1998 794 2051 Verum
816 2038 830 2064 ,
848 2008 907 2053 ut
933 1999 1092 2054 habet
1116 2009 1304 2054 auctor
1323 1998 1664 2067 Dialogorum
1690 2000 1753 2052 de
1777 1997 2032 2052 Trinitate
2066 1998 2166 2068 (b),

598 2088 815 2143 Luciani
894 2089 1284 2144 confessionem
1378 2089 1559 2144 multis
1632 2089 1840 2144 laciniis
1933 2090 2166 2144 haeretici

597 2182 1006 2252 interpolarunt.
1057 2181 1297 2238 Tertiam
1356 2181 1658 2237 breviorem
1721 2181 1944 2252 protulit
1991 2182 2172 2238 Theo~

597 2275 862 2342 phronius
912 2277 1196 2346 episcopus
1225 2276 1550 2348 T-yanensis,
1589 2275 1640 2330 in
1673 2291 1800 2345 qua,
1837 2285 2030 2345 praeter
2075 2275 2168 2328 τοῦ

595 2368 1279 2438 ὁμοουσίου,οηιίδεῑοιιειη
1338 2369 1470 2422 nihil
1531 2368 1853 2436 culpandum
1909 2370 2167 2422 occurrit.

605 2463 832 2516 Exstant
873 2471 1131 2532 przeterea
1170 2461 1222 2515 in
1263 2460 1686 2516 Collectionibus
1730 2473 1994 2513 canonum
2045 2473 2168 2510 cum

597 2555 779 2619 cditis,
813 2564 924 2609 tum
962 2554 1367 2622 manuscriptis,
1401 2569 1505 2606 xxv
1543 2566 1784 2605 canones
1815 2550 2170 2605 Antiochena:

599 2649 810 2718 synodi,
844 2648 912 2701 de
954 2647 1149 2717 quibus
1193 2646 1375 2700 multm
1413 2656 1599 2700 nostro
1631 2659 1746 2696 aevo
1790 2642 2170 2696 controversia:

600 2757 628 2793 a
664 2740 837 2794 doctis
878 2740 1008 2793 viris
1044 2739 1236 2804 edita};
1281 2753 1387 2807 quo
1430 2738 1691 2792 mittimus
1740 2735 2029 2798 lectorem,
2080 2748 2167 2798 ne,

599 2849 760 2901 quam
795 2833 1096 2886 institutum
1126 2833 1282 2895 ferat,
1318 2832 1586 2900 longiores
1613 2831 1802 2884 simus.

672 2924 724 2978 5.
756 2922 994 2993 Gregorii
1013 2924 1213 2977 iavasio
1238 2923 1628 2977 truculenta.—
1652 2923 1944 2990 Gregorius
1966 2931 2167 2986 autem,

601 3016 873 3086 Philagrio
921 3026 975 3072 et
1003 3017 1226 3071 Arsacio
1264 3016 1573 3080 comitibus,
1612 3032 1735 3071 cum
1786 3016 2166 3071 Alexandriam

602 3111 918 3164 adventaret
960 3110 1071 3180 (c),
1126 3110 1377 3181 p0pulum
1415 3109 1838 3165 Alexandrinum
1882 3111 1988 3163 alta
2036 3123 2169 3178 pace

601 3200 868 3257 fruentem
922 3203 1163 3266 invenit,
1209 3212 1371 3272 atque
1413 3204 1765 3257 conventibus
1791 3203 2069 3256 Athanasii
2101 3201 2168 3255 de

603 3311 752 3350 more
784 3306 1087 3351 vacantem.
1149 3295 1460 3366 Tranquilla
1501 3297 1706 3361 omnia,
1752 3312 1872 3350 cum
1927 3296 1977 3348 in
2013 3297 2167 3358 urbe,

603 3397 714 3441 tum
749 3390 801 3443 in
840 3389 1099 3459 regione;
1145 3404 1352 3441 summa
1388 3402 1488 3456 pax
1529 3387 1901 3456 episcoporum
1926 3383 2167 3455 Egypti,

602 3477 918 3545 Thebaidis,
957 3489 1009 3535 et
1043 3480 1224 3550 Libyae
1249 3496 1371 3534 cum
1395 3480 1704 3542 Athanasio,
1742 3479 1938 3533 mutuis
1961 3477 2169 3543 ciliciis,

605 3581 792 3626 nmtuo
851 3588 1037 3627 amore
1101 3573 1247 3626 culta
1290 3589 1305 3602 ·
1353 3588 1474 3626 cmn
1541 3573 1830 3641 derepente
1892 3572 2172 3641 praefectus

603 3662 824 3734 [Egypti
860 3680 958 3719 ceu
1008 3665 1255 3720 bellicum
1300 3680 1496 3719 canere
1531 3667 1722 3732 coepit,
1757 3665 1932 3719 edicto
1961 3667 2172 3719 denun-

608 3756 750 3811 tians
786 3756 1105 3824 Gregorium
1141 3756 1536 3825 Cappadocem,
1585 3756 1638 3809 in
1680 3757 1855 3811 locum
1895 3757 2172 3810 Athanasii

605 3848 914 3916 episcopum
943 3848 1364 3902 Alexandrinum
1398 3846 1555 3911 mitti,
1577 3856 1630 3899 et
1659 3846 1710 3898 in
1739 3846 1998 3900 comitatu
2029 3861 2169 3900 esse.

608 3937 704 3992 His
737 3939 957 4001 auditis,
1010 3939 1187 4007 populi
1228 3938 1508 3992 insolentia
1543 3939 1618 3992 rei
1652 3940 1878 4006 permoti
1911 3939 1962 3991 in
2001 3938 2175 3992 eccle-

607 4031 718 4082 sias
747 4043 1053 4096 accurrere,
1087 4040 1245 4099 atque
1277 4031 1536 4084 collectas
1576 4029 1940 4098 frequentare.
1985 4028 2050 4081 At
2084 4029 2173 4081 ubi

608 4114 1044 4172 animadvertunt
1073 4135 1267 4173 novmn
1299 4119 1609 4188 episcopum
1640 4133 1762 4172 cum
1807 4117 1935 4171 solis
1961 4117 2175 4170 Arianis

610 4210 838 4275 versari,
888 4210 1090 4275 ingenti
1129 4211 1363 4266 clamore
1407 4213 1748 4266 obtestantur
1791 4209 2018 4280 judices,
2063 4223 2176 4262 ma-

615 4301 888 4370 gistratus,
935 4305 1242 4359 universam
1275 4305 1488 4370 urbem,
1517 4313 1702 4358 contra
1731 4302 1820 4370 jus
1849 4303 2034 4373 fasque
2061 4317 2175 4355 rem

611 4391 715 4459 agi,
749 4407 852 4447 non
878 4404 1186 4451 accusatum
1219 4396 1454 4466 legitime
1479 4395 1831 4450 Athanasium
1865 4394 2173 4457 deturbari;

610 4489 658 4541 si
699 4483 839 4553 quod
879 4485 1084 4540 crimen
1127 4496 1281 4553 erat,
1333 4489 1639 4557 oportuisse
1690 4488 1983 4543 secundum
2033 4486 2177 4554 leges

610 4575 1014 4634 ecclesiasticas
1049 4593 1162 4634 rem
1199 4580 1396 4650 inquiri
1422 4590 1476 4635 et
1514 4596 1703 4652 ptenas
1735 4581 1975 4650 exposci,
2006 4592 2177 4648 neque

611 4673 902 4740 derepente
949 4671 998 4725 vi
1045 4680 1205 4740 atque
1251 4674 1552 4742 patrocinio
1582 4676 2013 4744 magistratuum,
2050 4685 2178 4726 vero

612 4762 862 4829 episeopo
905 4761 1076 4829 pulso,
1114 4763 1398 4819 ecclesiam
1445 4764 1719 4820 invadere.
1775 4763 1870 4817 Vel
1901 4763 2032 4833 ipsis
2064 4764 2181 4816 eth-

615 4852 750 4905 nicis
796 4853 911 4906 dari
953 4853 1092 4907 male
1125 4855 1430 4923 suspicandi
1481 4871 1699 4910 causam
1745 4871 1808 4910 ac
1856 4853 2177 4918 aestimandi,

617 4959 720 4999 non
774 4944 1076 5015 exilegum
1136 4946 1626 5002 ecclesiasticarum
1682 4948 2028 5016 praescripto,
2089 4949 2179 5002 sed

615 5035 1006 5091 nundinatione
1048 5046 1103 5092 et
1151 5037 1333 5093 favore
1374 5039 1660 5108 episcopos
1705 5039 1902 5092 creari.
1953 5040 2022 5092 At
2063 5037 2178 5091 fru-

619 5135 724 5179 stra
759 5127 860 5181 fuit
902 5130 1080 5199 populi
1123 5131 1365 5184 clamor:
1399 5131 1734 5199 ingrediente
1779 5143 2008 5196 namque
2042 5129 2178 5184 Gre-

619 5220 766 5290 gorio
818 5231 877 5275 ut
927 5222 1310 5277 animadvertit
1355 5222 1659 5292 Philagrius
1706 5222 2027 5278 catholicam
2066 5223 2178 5290 ple-

620 5320 736 5373 hem
761 5322 909 5369 tanto
929 5330 1113 5370 amore
1129 5329 1191 5369 ac
1208 5315 1385 5370 studio
1399 5314 1748 5370 Athanasium
1776 5313 2045 5380 amplecti,
2074 5324 2178 5366 tam

620 5405 953 5475 frequentem
989 5408 1344 5462 conventibus
1375 5406 1490 5474 ejus
1521 5407 1804 5471 interesse,
1845 5414 2030 5458 coacta
2057 5405 2178 5460 eth-

621 5499 888 5563 nicorum,
912 5498 1244 5562 Iudaeorum,
1277 5498 1596 5568 opilionmn,
1638 5496 1972 5563 aliorumque
1995 5493 2177 5549 foren-

622 5591 758 5646 sium
787 5600 842 5645 et
876 5590 1228 5659 petulantiam
1264 5591 1518 5659 juvenum
1553 5599 1806 5652 caterva,
1862 5586 2026 5639 multa
2058 5588 2180 5656 pol-

623 5683 798 5739 licitus
837 5683 884 5738 si
932 5699 1044 5738 rem
1085 5695 1303 5738 strenue
1351 5691 1618 5753 gererent,
1662 5696 1755 5738 eos
1801 5681 2084 5737 confertim
2125 5682 2177 5736 in

695 5801 771 5865 (a)
801 5799 1013 5853 Socrat.
1046 5800 1135 5854 lib.
1166 5817 1201 5854 It
1228 5841 1243 5864 ,
1277 5817 1395 5866 cap.
1428 5800 1511 5852 10.

705 5864 777 5940 (ιι)
805 5872 1002 5925 Athan.
1059 5880 1190 5925 tom.
1243 5873 1279 5926 ll
1312 5864 1447 5942 [IV],
1494 5869 1696 5939 Dialog.
1747 5881 1805 5922 ιιι
1846 5867 1906 5918 de
1965 5864 2178 5930 Trinit.,

2274 2019 2635 2091 proferentes.
2673 2018 2827 2073 Sacri
2855 2017 2996 2080 libri,
3019 2015 3063 2071 si
3087 2015 3175 2084 qui
3203 2014 3344 2068 obvii
3377 2012 3547 2077 fuere,
3578 2014 3631 2066 in
3657 2013 3836 2081 ignem

2270 2112 2496 2180 conjecti
2534 2121 2587 2165 et
2615 2111 2879 2166 combusti
2907 2119 3051 2165 sunt.
3083 2107 3194 2161 lmo
3237 2105 3511 2176 mysteria,
3546 2106 3611 2159 de
3641 2104 3838 2172 quibus

2271 2205 2485 2259 violatis
2517 2203 2809 2258 Macarium
2840 2211 3162 2258 accusarant
3185 2199 3476 2260 Meletiani,
3507 2198 3574 2251 ab
3603 2196 3839 2250 ethnicis

2270 2307 2424 2366 rapta
2483 2297 2739 2365 humique
2783 2295 3018 2365 projecta
3068 2302 3212 2348 sunt.
3276 2291 3409 2345 Tum
3454 2288 3619 2342 11ιιι1τεὶ
3679 2297 3840 2354 atque

2269 2388 2470 2443 ethnici
2522 2388 2574 2442 in
2625 2387 2928 2456 baptisterii
2971 2387 3143 2440 adhuc
3196 2381 3580 2452 conﬂagrantis
3628 2389 3837 2451 septum

2271 2478 2523 2549 ingressi,
2560 2494 2622 2533 ac
2667 2493 2786 2533 sese
2826 2477 3113 2538 nudantes,
3145 2474 3375 2528 obscena
3403 2472 3842 2526 vociferabantur

2270 2571 2323 2626 in
2364 2571 2506 2625 sacri
2543 2570 2642 2624 loci
2684 2568 3087 2624 contumeliam.
3122 2565 3230 2620 Nec
3261 2564 3480 2619 defuere
3509 2565 3561 2617 in
3594 2573 3703 2616 tam
3743 2563 3841 2614 im-

2270 2662 2357 2731 pia
2389 2664 2544 2717 turba
2593 2662 2682 2730 qui
2712 2670 2970 2733 tyrannos
3014 2658 3230 2723 imitati,
3274 2657 3505 2726 virgines
3553 2656 3837 2708 honestas-

2267 2768 2373 2823 que
2431 2761 2706 2809 matronas
2793 2751 3040 2807 manibus
3108 2758 3408 2820 pertractas
3472 2758 3839 2818 raptatasqne,

2266 2854 2524 2915 cogerent
2577 2845 2888 2915 blasphema
2949 2845 3089 2897 dicta
3141 2844 3193 2896 in
3235 2841 3512 2896 Christum
3572 2840 3834 2908 proferre,

2268 2937 2565 2992 abnuentes
2587 2952 2718 2990 vero
2745 2937 3009 2990 caaderent
3044 2935 3467 3003 impeterentque
3491 2931 3752 2985 calcibus.

2340 3031 2393 3084 7.
2426 3030 2746 3082 Athanasius
2775 3045 2829 3082 se
2860 3027 2985 3097 fuga
3019 3027 3262 3096 proripit.
3283 3052 3346 3064 ——
3379 3023 3513 3078 Tum
3544 3023 3841 3090 Gregorius

2269 3124 2324 3179 in
2351 3137 2530 3178 rerum
2568 3122 2823 3191 prmclare
2857 3131 3125 3190 gestarum
3147 3116 3706 3180 mercedem,.lud:cis.
3729 3116 3843 3168 etho

2273 3216 2409 3270 nicis
2442 3225 2496 3269 et
2519 3214 2637 3268 aliis
2668 3212 2948 3266 ecclesiam
2984 3212 3143 3263 tradit
3184 3211 3234 3262 in
3271 3208 3521 3277 pra'dam.
3568 3205 3842 3260 Concessa

2271 3309 2372 3362 hac
2419 3307 2600 3374 inique
2646 3320 2708 3360 ac
2740 3304 3043 3374 petulanter
3086 3299 3272 3368 agendi
3306 3299 3538 3362 licentia,
3581 3313 3702 3365 quae
3745 3313 3811 3350 ex

2270 3397 2393 3453 inde
2432 3404 2722 3451 consecuta
2772 3403 2920 3458 sunt,
2966 3391 3104 3445 bello
3151 3399 3306 3444 erant
3353 3387 3532 3458 pejora
3573 3397 3626 3442 et
3676 3389 3846 3440 latro-

2269 3489 2410 3544 cinio
2453 3486 2797 3551 crudeliora;
2849 3487 2917 3539 ita
2957 3494 3016 3538 ut
3057 3483 3148 3536 alii
3180 3481 3334 3536 obvia
3374 3496 3601 3549 quaeque
3645 3481 3847 3549 diripe-

2270 3591 2429 3648 rent;
2457 3580 2545 3634 alii
2576 3577 2932 3648 quorumdam
2963 3575 3201 3644 deposita
3245 3575 3386 3628 inter
3411 3588 3469 3627 se
3501 3572 3803 3626 dividerent
3829 3588 3843 3633 ;

2270 3672 2525 3743 grandem
2570 3671 2680 3725 vini
2716 3671 2927 3738 copiam
2979 3669 3086 3722 illic
3122 3674 3384 3735 repertam
3418 3675 3511 3717 aut
3540 3664 3844 3726 ebibercnt,

2271 3773 2363 3817 aut
2386 3762 2740 3824 effunderent,
2771 3770 2862 3814 aut
2885 3768 3257 3828 asportarent;
3297 3756 3474 3812 oleum
3505 3755 3844 3810 reconditum

2272 3856 2548 3909 auferrent
2571 3871 2585 3910 :
2606 3852 2803 3921 ianuas
2824 3860 2877 3906 et
2910 3849 3175 3906 cancellos
3205 3848 3496 3918 ceu-spolia
3527 3848 3722 3917 singuli
3759 3863 3848 3900 ra-

2274 3956 2486 4016 perent;
2537 3945 2861 4000 candelabra
2913 3943 3156 3998 ecclesia:
3199 3943 3264 3996 ad
3320 3941 3579 4011 parietem
3616 3939 3845 3995 reclina-

2279 4048 2437 4108 rent;
2492 4053 2683 4093 cereos
2723 4036 2878 4091 idolis
2926 4035 3038 4090 suis
3093 4033 3468 4089 accenderent.
3515 4031 3632 4087 Uno
3655 4031 3844 4095 verbo,

2276 4128 2411 4182 nihil
2465 4128 2568 4183 nisi
2625 4127 2850 4180 vastitas
2899 4126 2951 4180 in
3011 4124 3236 4180 ecclesia
3279 4132 3333 4177 et
3371 4123 3601 4191 plurima
3654 4124 3848 4175 mortis

2278 4221 2475 4289 imago.
2529 4221 2808 4273 Atrociora
2852 4227 2973 4286 post
3006 4218 3118 4272 haec
3149 4216 3332 4270 videre
3365 4225 3482 4269 erat
3511 4231 3526 4280 ;
3559 4213 3848 4269 carniﬁces

2277 4310 2420 4364 enim
2454 4308 2526 4362 illi
2571 4309 2916 4378 presbyteros
2954 4316 3008 4361 et
3045 4306 3212 4361 laicos
3246 4304 3414 4374 plagis
3442 4305 3706 4370 lacerare,
3741 4306 3847 4358 vir-

2277 4403 2428 4471 gines
2452 4401 2696 4454 detracto
2725 4399 2976 4464 maforte,
3010 4413 3104 4453 seu
3147 4411 3304 4452 sacro
3328 4396 3620 4460 velamine,
3652 4399 3718 4451 ad
3752 4399 3848 4451 tri-

2279 4491 2439 4547 bunal
2478 4491 2628 4546 ducis
2664 4491 2998 4556 pertrahere,
3046 4500 3100 4544 et
3149 4491 3200 4544 in
3241 4503 3513 4543 carcerem
3553 4488 3844 4556 conjicere,

2209 4609 2253 4662 ι)
2282 4583 2416 4637 alios
2447 4583 2784 4651 proscribere
2831 4593 2886 4636 et
2929 4582 3151 4653 ﬂagellis
3200 4582 3429 4643 credere,
3470 4595 3638 4649 panes
3687 4580 3846 4634 mini-

2281 4685 2514 4728 strorum
2561 4689 2625 4728 ac
2663 4674 2928 4742 virginum
2975 4676 3345 4729 intervertere.
3393 4671 3518 4727 Hzec
3564 4682 3746 4727 autem
3795 4674 3844 4726 in

2279 4773 2466 4820 sancta
2509 4765 2924 4835 quadragesima
2959 4779 3124 4834 prope
3155 4764 3348 4818 festum
3381 4762 3668 4816 Paschalis
3697 4772 3846 4832 gesta

2281 4866 2424 4912 sunt.
2484 4856 2596 4911 Sub
2657 4856 2790 4919 haec,
2851 4857 2903 4909 in
2959 4855 3069 4923 ipsa
3105 4854 3398 4910 Parasceve
3449 4853 3746 4926 Gregorius
3797 4856 3847 4909 in

2283 4965 2444 5003 unam
2476 4947 2833 5004 ecclesiarum
2869 4964 2987 5002 cum
3021 4950 3154 5002 duce
3191 4959 3245 5001 et
3285 4947 3516 5002 ethnicis
3547 4949 3847 5016 ingressus.

2284 5049 2343 5094 ut
2363 5040 2587 5110 populos
2616 5039 2911 5094 violentum
2938 5040 3105 5108 ipsius
3140 5039 3419 5093 introitum
3459 5041 3702 5092 aversari
3735 5039 3851 5092 ani-

2284 5131 2608 5194 madvertit,
2649 5140 2838 5185 auctor
2879 5132 3003 5185 duci
3043 5131 3142 5184 fuit
3195 5139 3254 5184 ut
3297 5130 3428 5184 hora
3471 5145 3578 5184 una
3629 5131 3850 5200 triginta

2286 5231 2516 5288 quatuor
2545 5235 2666 5275 cum
2698 5221 2903 5276 nobiles
2931 5221 3054 5284 viri,
3087 5229 3198 5275 tum
3229 5221 3461 5289 virgines
3483 5229 3538 5274 et
3561 5229 3850 5285 matronte,

2285 5310 2466 5379 ﬂagris
2489 5310 2701 5379 publice
2727 5312 2849 5366 caesi
2880 5311 2933 5366 in
2962 5326 3233 5367 carcerem
3261 5312 3686 5381 conjicerentur.
3732 5311 3853 5364 νιν,

2285 5402 2463 5471 ginem
2513 5417 2640 5457 vero
2665 5403 2900 5471 aliquam
2948 5403 3194 5458 lectionis
3230 5404 3546 5464 studiosam,
3590 5402 3676 5455 cui
3711 5401 3854 5469 psal-

2291 5494 2482 5548 terium
2505 5509 2616 5565 pra:
2634 5495 2899 5559 manibus,
2924 5493 3098 5563 palam
3113 5493 3386 5548 verberari
3410 5493 3592 5561 jussit.
3626 5492 3855 5546 Demum

2289 5585 2424 5640 liber
2475 5596 2664 5656 raptus
2709 5601 2738 5638 a
2778 5585 3143 5650 carniﬁcibus,
3175 5585 3327 5652 virgo
3366 5594 3544 5638 autem
3581 5584 3636 5636 in
3667 5598 3856 5637 carce-

2286 5697 2398 5738 rem
2444 5683 2649 5738 reclusa
2683 5691 2784 5735 est.
2820 5681 2914 5736 His
2951 5681 3209 5751 peractis,
3250 5681 3301 5735 in
3346 5680 3505 5734 aliam
3539 5677 3858 5742 ecclesiam;

2298 5812 2352 5850 .t.
2387 5797 2406 5847 l
2440 5812 2456 5861 ;
2493 5795 2708 5848 Sozom.
2740 5795 2827 5847 lib.
2862 5809 2942 5857 III,
2971 5809 3090 5860 cap.
3124 5794 3177 5846 5.

2356 5868 2426 5934 (ε)
2455 5868 2652 5921 Athan.
2690 5863 2856 5933 Epist.
2886 5865 3168 5934 encyclica,
3207 5880 3259 5918 n.
3383 5863 3434 5915 5.
