4038 6536
1458 405 1617 460 VITA
1659 407 1714 463 S.
1759 409 2152 468 ATHANASII.

145 498 197 600 ubi
230 501 420 558 solebat
470 509 908 573 Athanasius
960 520 1024 574 iis
1065 521 1250 576 diebus
1301 537 1492 590 agere,
1554 527 1757 594 impetu
1789 540 2042 595 Aorare,
2067 541 2131 585 et
2185 531 2277 600 qui
2332 529 2605 594 latitabat,
2643 529 2910 597 baptizari
2965 537 3189 598 poterat

143 594 331 661 furantur,
373 616 449 654 eo
493 610 805 665 consilio
857 623 923 667 ut
970 614 1260 670 antistitem
1302 633 1402 672 nec
1443 621 1758 688 opinantem

138 689 456 748 confoderent.
511 697 779 759 Verum
815 709 1088 777 expilatio
1126 711 1176 764 in
1205 710 1404 779 Cyrino
1431 709 1576 766 facta
1601 714 1762 767 Atha-

138 786 237 838 nasio
273 787 440 842 saluti
511 790 741 852 fuisse
815 801 1065 856 videtur.
1125 802 1256 857 Nam
1310 804 1397 857 ubi
1456 806 1762 874 accepisset

136 887 272 946 quanta
299 878 377 934 illi
422 892 490 936 et
552 901 769 954 quam
825 891 1052 963 indigna
1101 904 1493 965 perpetrarent,
1548 901 1614 952 ad
1660 901 1761 966 pri-

137 989 236 1026 mum
274 976 584 1040 nuntium,
648 984 929 1038 necdum
977 986 1223 1043 confecto
1277 988 1328 1041 in
1373 989 1477 1042 alia
1527 991 1758 1045 ecclesia

139 1067 404 1130 latrocinio,
451 1074 726 1141 populis
791 1092 863 1131 se
917 1080 1196 1146 subduxit,
1243 1082 1645 1146 maturavitque
1693 1085 1759 1138 ab

141 1163 230 1215 urbe
271 1163 600 1229 proﬁcisci,
652 1181 902 1224 cavens
941 1170 1077 1224 mala
1129 1187 1231 1225 non
1277 1173 1378 1226 sibi
1425 1173 1624 1242 solum,
1663 1177 1756 1230 sed

141 1253 258 1321 plebi,
293 1254 667 1325 virginibus,
710 1261 991 1315 ecclesiae
1019 1277 1137 1316 mox
1171 1262 1477 1328 inferenda,
1506 1281 1607 1320 nec
1641 1268 1758 1322 sine

143 1347 312 1400 radium
354 1349 777 1418 discrimine;
843 1365 1007 1410 tanto
1065 1356 1313 1410 nimirum
1368 1368 1524 1411 erant
1576 1360 1758 1414 furore

141 1441 346 1509 correpti.
406 1441 654 1499 Memor
707 1446 922 1517 itaque
953 1449 1211 1503 Dominici
1251 1453 1543 1519 praecepti:
1574 1451 1632 1507 Si
1670 1472 1755 1507 vos

139 1534 346 1598 persecuti
391 1535 620 1604 fuerint
663 1541 734 1592 in
781 1557 899 1592 una
941 1541 1169 1606 civitate,
1219 1543 1382 1611 fugite
1424 1547 1480 1598 in
1530 1547 1687 1600 aliam
1711 1551 1752 1612 ⁸,

140 1626 462 1683 carniﬁcibus
499 1646 567 1684 se
605 1632 931 1689 subduxit.
997 1637 1122 1690 Eam
1152 1637 1528 1692 Alexandrinas
1576 1639 1756 1694 Eccle-

141 1717 208 1770 sia>
233 1718 624 1774 calamitatem
685 1723 929 1779 duobus
966 1737 1092 1781 ante
1137 1729 1293 1781 annis
1340 1727 1574 1781 futuram
1627 1744 1755 1797 pro-

138 1821 353 1877 spexerat
400 1813 715 1870 Antonius
778 1819 1182 1873 monachorum
1238 1830 1391 1890 pater
1447 1821 1548 1893 (α).
1618 1824 1750 1877 Dum

3304 432 3444 472 πίτνει

3241 544 3257 583 2
3304 546 3450 585 Ιιυικτ

1863 632 2042 675 autem
2078 622 2456 676 immanissimi
2507 623 2605 674 viri
2641 621 3065 690 Babyloniorum
3105 620 3444 689 impietatem

1862 725 1989 767 sunt
2017 714 2277 770 aartiulati.
2311 714 2774 780 Quemadmodum
2827 712 2972 765 enim
3023 711 3098 766 illi
3126 710 3442 779 iDanielem,

1862 808 1940 860 sic
1986 808 2281 874 praeclarus
2311 806 2605 875 Gregorius
2649 821 2764 868 eos,
2800 806 2890 873 qui
2935 804 3081 857 domi
3137 813 3318 868 orant,
3356 803 3446 857 de-

1862 898 1968 951 fert
2018 900 2082 950 ad
2121 899 2462 965 praefectum,
2505 914 2569 951 ac
2601 899 2880 952 ministros
2912 897 3170 951 Ecclesite
3200 912 3320 950 cum
3361 899 3445 950 in-

1860 991 2002 1060 genti
2038 991 2367 1043 contumelia
2401 991 2686 1053 observat;
2743 991 2814 1043 ita
2865 998 2922 1042 ut
2952 988 3214 1056 ejusmodi
3246 988 3445 1042 violen-

1862 1085 1933 1137 tia
1967 1083 2119 1136 multi
2160 1084 2398 1136 nondum
2435 1083 2689 1152 baptizati
2717 1083 2768 1135 in
2800 1081 3094 1136 discrimen
3123 1079 3316 1134 salutis
3351 1094 3443 1132 vc-

1861 1176 2046 1242 niant;
2095 1175 2183 1228 alii
2250 1190 2378 1229 vero
2426 1176 2806 1244 quamplurimi
2863 1175 3053 1228 morbo
3108 1172 3438 1230 laborantes.

1858 1269 2098 1321 omnium
2146 1266 2522 1322 ministrorum
2559 1268 2705 1319 aditu
2739 1277 2794 1320 cl.
2822 1265 3084 1334 obsequio
3132 1262 3437 1325 interclusi,

1860 1359 2114 1429 lacrymis
2134 1359 2306 1414 vicem
2327 1373 2477 1413 suam
2498 1357 2801 1424 deplorent,
2824 1371 3052 1423 eamque
3072 1353 3439 1408 calamitatem

1816 1428 1939 1504 'vel
1999 1450 2189 1502 morbo
2225 1449 2342 1517 ipso
2395 1447 2667 1500 duriorem
2721 1447 3049 1499 existiment.
3108 1443 3240 1496 Dum
3286 1441 3435 1496 enim

1857 1542 2114 1612 Ecclesia:
2143 1541 2376 1595 ministri
2429 1540 2772 1593 contumeliis
2818 1550 2875 1592 et
2918 1536 3133 1604 injuriis
3166 1536 3435 1588 lacessun-

1857 1644 1965 1701 tur,
1994 1635 2196 1705 populi,
2230 1635 2322 1704 qui
2364 1635 2740 1688 hrereticorum
2778 1631 3108 1698 impietatem
3139 1641 3432 1682 exsecran-

1857 1738 1964 1794 tur,
1999 1727 2205 1780 malunt
2255 1727 2323 1780 ita
2379 1737 2645 1794 aegrotare
2696 1738 2759 1776 ac
2817 1721 3136 1791 periclitari,
3163 1735 3326 1789 quam
3376 1729 3436 1771 ut

1856 1820 2182 1874 Arianorum
2219 1833 2410 1872 manus
2438 1817 2602 1886 capiti
2628 1831 2726 1870 suo
2751 1815 3075 1882 imponatur.

137 1903 249 1955 enim
291 1905 499 1958 ﬁdens
561 1905 768 1963 labori
836 1927 1099 1965 manuum
1152 1922 1409 1980 vacaret,
1462 1915 1752 1985 derepente
1784 1898 1827 1956 Β
1926 1909 1980 1963 9.
2012 1909 2335 1962 Athanasius
2382 1909 2564 1961 scribit
2621 1905 2937 1976 encyclicam
2987 1905 3286 1974 epistolam.
3326 1900 3433 1954 Ro-

137 2007 261 2049 extra
291 2010 350 2050 se
384 2009 598 2067 raptus
640 2003 1106 2057 contremiscens
1138 2020 1200 2058 ac
1228 2021 1452 2075 gemens
1486 2007 1536 2060 in
1581 2021 1752 2074 genua

140 2090 442 2156 procumbit,
475 2101 538 2145 et
584 2094 688 2147 diu
729 2095 1022 2164 precando
1056 2109 1385 2166 perseverat,
1417 2102 1755 2168 stupentibus

139 2182 365 2236 omnibus
388 2183 489 2252 qui
520 2186 812 2242 aderant.
848 2187 1094 2260 Surgens
1119 2193 1330 2245 demum
1358 2193 1610 2264 lacrymis
1635 2210 1756 2263 per-

138 2271 286 2340 fusus,
332 2288 578 2346 rogatur
631 2294 663 2331 a
710 2279 992 2335 fratribus
1038 2299 1153 2352 quze
1193 2299 1356 2338 causa
1400 2293 1562 2339 tantae
1605 2302 1754 2340 com-

137 2366 392 2431 motionis,
437 2378 750 2424 tantorum
801 2370 1029 2426 ﬂetuum
1081 2383 1246 2428 esset.
1292 2374 1588 2430 Cunctatus
1638 2375 1750 2440 ille,

136 2458 332 2509 dcuium
383 2461 744 2528 rogantibus
792 2463 1129 2532 respondet:
1168 2463 1379 2520 Vidisse
1416 2481 1474 2520 se
1508 2481 1749 2521 inclusam

137 2551 392 2607 Dominici
437 2554 568 2609 sive
619 2555 888 2610 ecclesia:
944 2556 1104 2610 mulis
1146 2560 1383 2627 undique
1426 2561 1752 2616 circumses-

133 2659 261 2706 sam,
299 2647 394 2715 qui
429 2647 558 2716 ejus
607 2648 892 2702 interiora
930 2649 1170 2705 calcibus
1198 2651 1548 2707 vehementer
1587 2655 1751 2724 impe-

135 2747 324 2802 terenl;
371 2741 757 2810 audiisseque
798 2758 996 2798 vocem
1031 2744 1320 2810 dicentem,
1351 2745 1531 2800 Altare
1579 2765 1748 2801 meum

132 2832 412 2896 polluetur.
459 2837 711 2890 Addidit
748 2848 942 2892 autem
967 2839 1254 2907 Antonius,
1303 2855 1407 2894 non
1437 2841 1748 2895 diuturnam

137 2921 243 2975 iure
273 2927 698 2996 calamitatem,
741 2929 838 2983 sed
882 2930 1171 2985 ecclesiam
1204 2933 1270 2985 ad
1302 2932 1591 3001 pristinum
1640 2943 1749 2986 sta-

135 3023 240 3067 tum
269 3028 662 3090 ornatumque
701 3022 814 3076 cito
843 3022 1170 3075 redituram.

201 3106 252 3160 8.
282 3107 466 3163 Tanta
521 3127 702 3179 porro
757 3123 882 3167 erat
923 3111 1216 3183 Gregorius
1261 3113 1559 3182 impietate,
1596 3122 1744 3167 tanta

133 3195 504 3265 humanitate,
537 3214 602 3256 ut
637 3221 710 3258 ne
746 3204 865 3274 ipsa
895 3205 1113 3271 quidem
1145 3207 1421 3262 Dominica
1458 3207 1745 3261 Paschatis

135 3292 217 3344 die
260 3295 578 3349 abstineret
625 3311 655 3349 a
686 3297 997 3352 sceleribus
1027 3306 1080 3351 et
1106 3313 1134 3351 a
1167 3299 1566 3354 calamitatibus
1607 3299 1743 3353 infe-

133 3386 360 3439 rendis:
403 3390 674 3458 diemque
713 3388 808 3443 ille
852 3389 1257 3444 resurrectione
1307 3389 1621 3456 Domini,et
1657 3407 1744 3445 re-

131 3479 453 3549 demptione
487 3482 717 3551 generis
768 3482 998 3536 humani
1035 3483 1445 3550 faustissimam,
1487 3485 1745 3555 conjectis

131 3571 182 3624 in
209 3589 504 3629 carcerem
536 3577 834 3631 catholicis
861 3577 1015 3640 viris,
1051 3577 1100 3630 in
1128 3577 1328 3631 luctum
1352 3579 1530 3632 vertit.
1559 3579 1745 3634 Eccle-

130 3665 243 3720 sias
273 3667 453 3737 igitur
482 3668 596 3721 dux
629 3668 678 3720 vi
717 3677 887 3738 atque
937 3671 1136 3737 impetu
1181 3675 1487 3740 occupavit,
1513 3687 1745 3741 occupa-

131 3769 213 3815 tas
238 3762 470 3818 Arianis
517 3763 786 3829 tradidit;
829 3771 892 3816 ut
934 3763 1026 3832 qui
1052 3763 1162 3833 jam
1195 3765 1323 3818 olim
1377 3765 1602 3820 fuissent
1637 3768 1737 3819 imo

130 3853 355 3918 pietatis
388 3870 560 3908 causa
584 3854 753 3924 pulsi,
782 3865 916 3909 tunc
947 3855 1304 3910 ecclesiarum
1331 3857 1608 3913 invasione
1633 3859 1744 3929 glo-

129 3944 417 4000 riarentur
451 3965 466 4000 :
501 3962 568 4001 ac
599 3949 644 4002 si
676 3949 766 4017 qui
806 3947 898 4000 vel
933 3946 1080 4013 laici,
1109 3949 1189 4002 vel
1227 3948 1409 4003 clerici
1439 3965 1466 4003 a
1502 3966 1742 4004 commu-

131 4035 293 4090 nione
336 4038 737 4093 haereticorum
787 4040 1169 4106 abhorrerent,
1225 4041 1262 4095 ii
1312 4042 1535 4096 introitu
1586 4058 1743 4098 arceo

131 4128 332 4183 bantur
389 4131 780 4189 ecclesiarum.
835 4129 894 4184 In
950 4131 1230 4186 naucleros
1286 4147 1456 4202 usque
1491 4143 1742 4187 caeteros-

131 4234 233 4286 que
264 4221 430 4276 furor
461 4222 814 4276 convertitur
849 4238 864 4275 :
896 4236 1021 4274 nam
1056 4221 1295 4291 praefecti
1319 4224 1496 4292 jussu,
1527 4223 1740 4277 crucia-

133 4310 302 4375 tibus,
359 4313 722 4376 verberibus,
769 4311 1032 4377 vinculis,
1088 4327 1415 4381 carcereque
1469 4312 1734 4382 compulsi

132 4413 254 4456 sunt
295 4404 524 4460 litteras
575 4405 922 4458 Arianorum
967 4403 1288 4459 deferendas
1326 4405 1596 4474 accipere.
1629 4403 1738 4459 Nec

133 4491 362 4548 inferior
415 4496 669 4565 patronis
712 4510 779 4549 ac
819 4477 1132 4548 vindicibus
1178 4494 1289 4549 suis
1328 4504 1441 4550 arte
1502 4495 1736 4565 ﬁngendi

1858 2018 1996 2054 mam
2028 2001 2355 2053 transmittit.
2379 2030 2448 2039 —
2471 1999 2595 2053 llaec
2632 1996 2989 2062 Athanasius;
3023 1997 3111 2065 qui
3143 2006 3430 2064 postquam

1857 2107 1977 2146 sese
2011 2093 2131 2161 fuga
2180 2093 2555 2161 proripuisset,
2585 2106 2693 2159 quo
2731 2090 2834 2144 loci
2871 2091 3055 2144 statim
3105 2102 3163 2142 se
3213 2093 3433 2154 recepe-

1857 2184 1928 2237 rit
1964 2185 2254 2238 incertum.
2288 2184 2514 2237 Constat
2537 2185 2612 2251 (b)
2639 2183 2788 2236 illum
2834 2190 3054 2250 propter
3103 2179 3291 2232 urbem
3326 2177 3431 2229 ali-

1855 2287 1989 2347 quot
2019 2279 2232 2331 dierum
2267 2276 2446 2344 spatio
2485 2290 2606 2329 cum
2639 2275 2959 2342 quibusdam
2994 2271 3252 2326 fratribus
3279 2285 3428 2323 com-

1855 2376 2150 2430 moratum,
2171 2375 2228 2417 ut
2265 2382 2350 2419 res
2381 2379 2638 2432 quorsum
2657 2364 2950 2417 evaderent
2970 2361 3195 2416 occultis
3224 2359 3426 2413 nuntiis

1855 2459 2146 2527 acciperet.
2178 2455 2314 2510 Tum
2361 2457 2556 2510 litteris
2593 2459 2658 2509 ad
2704 2470 2892 2510 omnes
2923 2454 3119 2524 ultique
3156 2464 3425 2507 terrarum

1853 2554 2159 2623 episcopos,
2195 2552 2374 2604 missis
2419 2550 2735 2615 tabellariis,
2797 2549 3066 2618 signiﬁcat
3100 2561 3188 2600 res
3219 2561 3248 2598 a
3281 2542 3420 2597 Gre-

1853 2647 2006 2716 gorio
2049 2656 2102 2700 et
2140 2645 2304 2699 sociis
2339 2653 2539 2712 gestas,
2565 2657 2673 2712 quo
2719 2643 2889 2696 ferme
2921 2642 3112 2694 ordine
3161 2653 3259 2691 nos
3301 2647 3426 2690 ante

1853 2737 2212 2791 narravimus.
2245 2736 2599 2790 Communem
2650 2735 2735 2804 agi
2770 2748 2881 2789 rem
2920 2732 3018 2796 ait,
3055 2742 3111 2787 et
3163 2739 3319 2799 rogat
3371 2739 3428 2781 ut

1851 2829 2082 2898 quisque
2130 2829 2286 2896 quasi
2338 2829 2496 2881 laesus
2550 2827 2666 2895 ipse
2709 2841 2864 2894 opem
2917 2826 3092 2889 ferat;
3123 2822 3423 2893 periculum

1850 2923 2007 2985 alias,
2049 2937 2118 2976 ne
2161 2937 2249 2976 res
2275 2921 2658 2976 ecclesiastica:
2690 2919 3013 2972 Arianorum
3043 2916 3183 2970 dolis
3214 2925 3266 2968 et
3295 2915 3426 2968 insi-

1850 3015 1954 3068 diis
1993 3014 2408 3076 labefactentur,
2465 3012 2510 3066 si
2567 3012 2776 3066 litteras
2815 3009 3131 3078 Gregorius,
3160 3007 3204 3060 si
3253 3005 3423 3060 Euse-

1849 3108 1970 3162 bius
1995 3117 2049 3160 et
2079 3108 2212 3162 socii
2246 3107 2486 3170 mittant,
2525 3121 2592 3160 ne
2634 3105 2908 3172 accipiant
2940 3102 3078 3168 illas,
3112 3100 3424 3154 tabellarios

1850 3214 1970 3253 cum
2001 3199 2209 3268 repulsa
2242 3199 2491 3267 ejiciant.
2524 3197 2987 3250 Ariomanitarum
3024 3193 3204 3262 gratia
3232 3190 3422 3246 isthmc

1848 3293 2059 3347 admitti
2117 3291 2314 3362 ﬂagitia
2365 3293 2592 3354 indicat,
2655 3290 2924 3358 virginum
2961 3297 3169 3354 stupra,
3219 3286 3418 3347 caedes,

1846 3387 2195 3442 ecclesiarum
2226 3387 2555 3448 vastitatem,
2589 3385 2858 3448 incendia,
2888 3380 3197 3435 maledicta.
3234 3377 3421 3431 Dieta-

1847 3490 1901 3535 ta
1940 3479 2243 3546 huiusmodi
2275 3477 2523 3547 epistola,
2553 3492 2677 3531 cum
2713 3476 2936 3528 Romam
2971 3482 3228 3528 evocatus
3261 3486 3291 3524 a
3325 3469 3423 3524 Ju-

1845 3573 1919 3626 lio
1941 3573 2153 3636 fuisset,
2182 3573 2360 3626 navim
2381 3585 2505 3624 cum
2527 3569 2848 3638 quibusdam
2876 3564 3138 3620 fratribus
3160 3578 3424 3618 conscen-

1845 3667 1947 3729 dit,
1973 3672 2026 3719 et
2078 3665 2304 3718 Romam
2339 3677 2528 3717 versus
2571 3660 2731 3714 habet
2783 3660 2906 3714 iter.
2941 3659 3015 3712 Eo
3041 3673 3184 3712 anno
3218 3657 3416 3710 incidit

1843 3759 2125 3815 Paschalis
2154 3756 2468 3812 solemnitas
2490 3756 2542 3807 in
2562 3754 2702 3807 diem
2732 3752 2998 3806 decimam
3031 3765 3229 3804 nonam
3258 3748 3420 3815 Apri-

1843 3852 1942 3918 lis;
1982 3851 2418 3917 arbitramurque
2462 3843 2763 3910 profectum
2815 3842 3173 3897 Athanasium
3203 3851 3417 3909 postre—

1843 3945 1946 3999 mis
1991 3941 2152 4011 hujus
2211 3941 2414 3996 mensis
2447 3941 2654 4002 diebus,
2690 3951 2877 3992 mense
2941 3935 3080 3991 Maio
3132 3935 3199 3990 ad
3253 3933 3422 3987 Italia:

1842 4051 1970 4090 oras
1993 4035 2284 4103 appulisse.

1913 4127 2000 4182 10.
2034 4125 2284 4180 Oratores
2313 4125 2493 4179 Julius
2530 4126 2687 4179 mittit
2719 4125 2787 4177 ad
2839 4121 3186 4176 Eusebianos.
3228 4118 3422 4172 Mona-

1841 4221 2057 4274 chorum
2106 4221 2159 4272 in
2213 4217 2498 4272 Occidente
2546 4219 2714 4286 origo.
2756 4247 2826 4257 —
2860 4215 3142 4284 Ingressus
3189 4211 3418 4264 Romam

1838 4311 2194 4374 Athanasius,
2223 4326 2252 4362 a
2286 4307 2430 4363 Julio
2454 4309 2595 4378 Papa
2629 4307 3040 4378 perhumaniter
3081 4314 3134 4358 et
3192 4302 3418 4356 honori-

1841 4405 1940 4458 ﬁce
1969 4404 2257 4474 excipitur.
2287 4402 2352 4456 Et
2382 4416 2504 4455 cum
2535 4416 2640 4454 non
2674 4415 2778 4452 una
2815 4397 3024 4453 itineris
3045 4410 3206 4450 causa
3251 4400 3418 4452 esset,

1837 4498 2161 4552 Arianorum
2190 4494 2472 4555 ferocitas,
2500 4503 2555 4547 et
2597 4493 2758 4547 illata:
2797 4491 2847 4544 in
2878 4489 3108 4560 patriam
3141 4485 3422 4540 calamita-

137 4579 434 4652 Gregorius
469 4597 620 4639 erat.
653 4584 727 4640 Ut
758 4586 912 4640 enim
937 4585 1122 4655 elapso
1155 4586 1406 4641 manibus
1437 4589 1549 4643 suis
1571 4590 1736 4645 Atha-
1766 4613 1812 4669 ι)
1842 4604 1958 4657 tes;
1990 4592 2082 4648 sed
2110 4593 2271 4645 etiam
2296 4606 2422 4660 quo,
2453 4599 2510 4643 ut
2533 4596 2795 4643 statutum
2823 4584 3022 4647 fuerat,
3062 4580 3269 4650 synodo
3295 4578 3418 4632 istic

137 4675 287 4729 nasio
323 4677 638 4744 perniciem
673 4677 932 4743 inferret,
967 4687 1084 4732 acta
1122 4689 1178 4735 et
1209 4693 1558 4737 monumenta
1603 4697 1734 4738 con-

139 4767 297 4821 scribi
320 4781 502 4836 curat,
537 4780 620 4825 tot
647 4769 982 4825 criminibus
1013 4779 1067 4825 et
1091 4774 1530 4828 accusationibus
1561 4775 1735 4830 refer-

145 4867 210 4920 ta,
238 4871 294 4914 ut
325 4864 552 4918 nonnisi
580 4861 849 4932 capitalis
889 4863 1134 4933 supplicii
1164 4879 1321 4935 poena
1359 4866 1430 4920 lui
1455 4876 1675 4935 possent
1718 4882 1732 4919 :

148 4965 261 5007 usus
301 4955 399 5010 hac
425 4956 483 5010 in
521 4972 583 5011 re
617 4954 942 5010 miniSLerio
984 4953 1263 5022 cujusdam
1305 4957 1506 5012 ethnici
1542 4958 1735 5013 scribae

149 5049 412 5103 numinum
463 5049 729 5114 cultoris,
765 5045 1172 5116 transfugazque
1214 5062 1245 5102 a
1292 5048 1551 5119 religione
1577 5049 1734 5102 Chri-

153 5141 328 5199 stiana.
368 5147 469 5214 Qui
494 5157 692 5201 autem
734 5156 943 5197 nomen
967 5149 1019 5196 et
1049 5141 1363 5213 suffragium
1407 5143 1731 5212 ascripsere,

155 5234 330 5292 Ethnici
361 5249 535 5305 erant,
575 5236 869 5292 idolorum
902 5233 1103 5299 teditui,
1134 5249 1196 5290 ac
1219 5250 1342 5289 cum
1371 5235 1500 5301 ipsis
1520 5236 1729 5291 Ariani.

151 5321 213 5379 Ne
257 5330 465 5387 immani
522 5329 768 5402 quidem
825 5324 922 5378 illa
979 5334 1332 5396 tyrannorum
1388 5335 1729 5398 tempestate,

150 5423 270 5475 tanta
306 5425 637 5480 crudelitate
673 5423 734 5476 in
762 5418 1111 5474 Christianos
1145 5418 1392 5473 szevitum
1446 5430 1548 5475 est.
1578 5420 1730 5474 Tunc

139 5513 279 5584 mira,
315 5515 816 5580 aitAthanasius,
864 5511 1055 5568 saltem
1104 5514 1198 5583 qui
1252 5527 1312 5569 se
1355 5515 1724 5586 proripuerat,

179 5649 200 5679 ⁸
227 5650 423 5712 Matth.
459 5670 494 5709 Χ
518 5696 538 5722 ,
579 5651 692 5706 23.

163 5810 234 5881 (α)
271 5815 483 5867 Athan.
535 5810 599 5863 in
643 5804 785 5858 Vita
815 5799 1057 5881 Antonii,
1095 5818 1147 5855 η.
1175 5802 1264 5881 8ΛΞ.

159 5869 234 5958 ἐι)
265 5887 477 5962 Athan.
513 5880 736 5952 Epist.
770 5869 1070 5944 encyclica,
1106 5890 1160 5928 n.
1196 5874 1252 5930 2.

1842 4682 2178 4738 celebrandae
2211 4681 2502 4734 interesset
2549 4695 2562 4730 :
2615 4677 2736 4730 ideo
2778 4673 2956 4728 Julius
3005 4669 3412 4738 quamprimum

1842 4779 2187 4848 presbyteros
2219 4775 2353 4827 duos
2390 4771 2658 4841 Elpidium
2710 4777 2765 4823 et
2822 4766 3177 4820 Philoxenum
3215 4764 3280 4815 ad
3310 4761 3419 4814 En-

1843 4871 2094 4927 sebianos
2117 4885 2238 4922 cum
2271 4866 2474 4921 litteris
2518 4863 2686 4927 misit,
2709 4861 3027 4932 signiﬁcans
3065 4867 3124 4912 ut
3150 4867 3276 4909 ante
3307 4865 3420 4910 sta-

1844 4973 1955 5018 tam
1990 4971 2196 5016 certam
2230 4960 2372 5014 diem
2421 4960 2650 5013 Romam
2703 4971 2762 5011 se
2817 4952 3124 5008 conferrent
3149 4948 3420 5021 (c);alio-

1841 5059 1969 5129 quin
2010 5056 2149 5111 male
2201 5053 2510 5123 suspicandi
2558 5066 2746 5106 ansam
2808 5051 3052 5103 daturos.
3083 5045 3256 5112 Quam
3291 5058 3421 5097 vero

1842 5152 1984 5206 diem
2010 5147 2188 5203 Julius
2239 5146 2476 5202 dicebat.
2513 5143 2826 5199 utRomam
2860 5138 3168 5196 Orientales
3200 5135 3422 5192 accede-

1844 5251 1989 5305 rent,
2041 5248 2296 5311 putamus
2355 5252 2547 5292 versus
2599 5237 2760 5290 tinent
2806 5235 2933 5288 anni
2990 5231 3087 5286 3M
3142 5227 3416 5283 incidisse.

1839 5332 2030 5401 Legati
2079 5347 2205 5386 vero
2251 5330 2374 5385 Julii
2429 5331 2510 5384 vel
2562 5329 2701 5384 Maio
2753 5335 3016 5385 vertente.
3061 5322 3142 5376 vel
3198 5322 3419 5373 ineunte

1837 5424 1999 5480 Juuio
2039 5423 2270 5495 profecti
2319 5433 2464 5481 sunt.
2499 5429 2558 5473 ut
2593 5435 2659 5474 ex
2700 5420 2890 5474 ordine
2928 5423 3204 5486 gestarmn
3237 5422 3413 5460 rerum

1837 5517 1969 5572 licet
2007 5519 2238 5587 opinari.
2288 5515 2486 5569 Praeter
2531 5513 2754 5576 Julium,
2794 5511 2886 5580 qui
2921 5506 3062 5564 comi
3107 5515 3322 5569 semper
3360 5505 3418 5550 et

1915 5813 1984 5870 (ε)
2017 5803 2216 5855 Athan.
2256 5800 2412 5868 Apol,
2449 5810 2635 5851 contra
2667 5798 2881 5862 Ariona,
2907 5813 2958 5850 n.
3015 5792 3114 5847 20‘
3165 5803 3216 5846 ct
3273 5789 3415 5846 litat.

1837 5872 2028 5927 Arian.
2063 5873 2130 5925 ad
2163 5873 2468 5934 monac/ws,
2504 5887 2556 5922 n.
2601 5870 2659 5921 11
