4038 6560
655 396 817 437 XCVIII

2018 374 2555 431 PROLEGOMENA.

651 498 893 567 gratioso
941 509 1072 564 erga
1112 495 1470 548 Athanasium
1517 492 1699 547 animo
1737 491 1862 555 fuit,
1917 492 2233 562 Eutropium
2262 498 2309 555 Α
2337 500 2456 545 sent
2480 489 2700 546 adlecti.
2730 490 2861 546 Eam
2891 492 3059 561 igitur
3090 491 3167 546 illi
3201 492 3491 547 formulam
3525 492 3577 545 in
3614 498 3902 560 prtesentia

649 589 955 644 Constantii
1011 596 1303 641 matertera
1364 585 1501 639 bene
1569 595 1780 639 morata
1847 586 2226 652 matrona(a),

650 682 945 736 Abnterius
978 682 1104 735 item
1129 691 1184 735 et
1216 679 1541 750 Sperantius
1571 677 1816 732 exsulem
1847 677 2101 729 omnibus
2127 676 2231 729 hu-

652 769 935 823 manitatis
981 784 1043 821 ac
1100 768 1490 823 benevolentia:
1530 765 1723 821 oﬂiciis
1767 764 2036 835 prosecuti
2082 775 2227 819 sunt.

650 857 818 913 Erant
860 873 1024 926 porro
1070 874 1192 911 cum
1229 859 1529 913 Athanasio
1560 859 1661 913 vite
1688 868 1743 912 et
1782 857 1955 911 exsilii
2001 857 2230 911 comites

651 951 899 1005 monachi
946 953 1053 1005 duo
1097 950 1361 1021 Egyptii,
1405 966 1634 1021 quorum
1693 950 1941 1019 exemplo
1974 948 2073 1018 (ὁ),
2108 948 2231 1002 vita:

650 1043 1048 1108 sanctimonia,
1109 1058 1361 1098 secessus
1402 1043 1623 1109 Studio,
1669 1042 1907 1095 Romana
1958 1052 2071 1095 tum
2123 1040 2231 1111 pri-

652 1151 797 1189 mum
881 1135 1120 1190 Ecclesia
1201 1136 1252 1190 in
1324 1136 1610 1191 monastici
1685 1135 1913 1189 instituti
1987 1151 2226 1189 amorem

652 1241 884 1281 accensa
918 1226 1040 1281 fuit.
1094 1227 1292 1281 Eorum
1324 1227 1572 1289 nomina,
1618 1224 1940 1279 Ammonius
1982 1233 2036 1278 et
2067 1223 2228 1277 lsido-

652 1333 746 1372 rus
778 1333 793 1370 :
822 1320 971 1388 prior
1018 1329 1166 1372 tanta
1211 1321 1604 1372 mundanarutu
1663 1332 1843 1371 rerum
1907 1316 2144 1379 incuria,
2171 1324 2229 1367 ιιι

651 1411 895 1465 Romana
941 1411 1028 1463 illa
1066 1410 1320 1473 aedilicia,
1360 1425 1479 1478 quze
1522 1408 1688 1462 nullis
1734 1422 1839 1461 non
1879 1406 2226 1461 admirationi

651 1513 830 1567 erant,
860 1518 923 1556 ac
949 1516 1183 1571 quorum
1218 1501 1389 1571 gratia
1422 1500 1590 1553 ltoma
1629 1499 1876 1552 visitatur
1899 1496 2227 1567 frequentis-

649 1597 787 1649 sime
826 1594 896 1649 ab
944 1593 1242 1653 extraneis,
1271 1609 1339 1647 ne
1370 1595 1679 1661 inspectare
1716 1590 1931 1658 quidem
1975 1589 2229 1658 dignare-

653 1698 777 1754 tur;
831 1687 1084 1756 solasque
1135 1684 1278 1739 Petri
1318 1694 1373 1738 et
1414 1683 1568 1737 Pauli
1626 1684 1879 1739 basilicas
1933 1681 2146 1735 adierit.
2180 1680 2229 1733 is

652 1783 765 1848 ipse
793 1781 1115 1834 Ammonius
1137 1790 1240 1841 est,
1267 1778 1357 1847 qtti
1390 1778 1489 1831 sub
1525 1776 1658 1838 haec,
1696 1791 1816 1829 cum
1847 1773 1913 1828 ad
1946 1774 2227 1841 episcOpa-

650 1886 762 1927 tum
790 1883 1093 1943 raperetur,
1125 1872 1246 1941 fuga
1280 1871 1519 1939 elapsus,
1566 1870 1794 1921 alteram
1839 1865 1941 1920 sibi
1993 1864 2225 1918 abscidit

649 1982 859 2031 aurem,
892 1976 952 2019 ut
987 1963 1324 2019 ntutilatione
1365 1960 1613 2030 corporis
1643 1957 1978 2013 sacerdotale
2030 1970 2224 2009 munus

648 2057 971 2113 declinaret.
1016 2056 1253 2110 Isidorus
1296 2064 1477 2108 autem
1530 2069 1635 2108 non
1678 2054 1886 2106 minore
1925 2050 2123 2118 pietate
2168 2057 2225 2101 et

646 2150 920 2203 ﬂuxarum
971 2163 1152 2202 rerum
1197 2145 1541 2199 abdicatione
1586 2142 1841 2197 micabat.
1890 2138 2224 2206 Factumque

646 2251 706 2295 ut
760 2254 949 2294 eorum
1003 2236 1352 2291 attnttlatione
1406 2233 1718 2287 inflammati
1781 2229 2043 2293 Romani,
2108 2238 2222 2281 tum

647 2335 877 2404 primum
934 2330 1290 2384 monasticam
1351 2327 1598 2381 colerent
1653 2324 2024 2393 disciplinam.
2085 2320 2223 2374 iliuc

646 2425 976 2480 monasteria
1007 2422 1171 2476 multa
1206 2434 1303 2490 per
1346 2419 1553 2473 Italiam
1600 2417 1863 2483 excitata,
1906 2426 1962 2470 et
2004 2414 2224 2468 institu-

648 2528 761 2570 tum
804 2515 1111 2585 hujusmodi
1148 2514 1343 2569 exinde
1376 2527 1471 2583 per
1499 2509 1855 2565 Occidentem
1904 2506 2142 2561 manavit
2168 2505 2221 2559 in

646 2608 763 2662 dies
796 2607 980 2661 latius.
1009 2606 1231 2660 Addidit
1264 2602 1516 2657 stimulos
1558 2598 1912 2664 Athanasius,
1952 2612 2073 2650 cum
2101 2596 2220 2651 exi-

645 2701 738 2753 tnii
780 2699 1055 2761 monachi,
1086 2696 1584 2761 monachorumque
1626 2690 1797 2761 patris
1839 2689 2055 2743 Antonii
2095 2703 2223 2758 prte-

643 2792 792 2847 clara
831 2800 982 2861 gesta
1028 2789 1338 2852 recensuit;
1372 2787 1529 2857 cujus
1561 2783 1926 2845 abstinentiae,
1962 2781 2216 2835 solitudi-

643 2892 751 2954 nis,
785 2888 1147 2944 certaminum
1190 2886 1451 2942 memoria
1502 2880 1691 2936 multis
1721 2879 2006 2934 abdicandi
2039 2875 2217 2931 sarcnli

654 3000 819 3041 causa
849 2986 968 3038 fuit.
1005 2983 1145 3038 Sunt
1173 2983 1263 3052 qui
1293 2989 1481 3051 putent
1507 2978 1863 3034 Athanasium
1894 2974 2077 3028 Romte
2100 2989 2219 3027 ver-

642 3088 876 3139 santem,
910 3077 1148 3131 edidisse
1174 3074 1475 3146 symbolum
1496 3074 1637 3143 quod
1669 3071 1826 3139 vulgo
1854 3068 1973 3137 ejus
2004 3067 2219 3120 nomine

2332 584 2608 638 clientium
2666 594 2721 639 et
2769 587 3063 639 aulicorum
3112 585 3346 641 oﬂ'erunt
3388 585 3702 641 Constanti.
3754 585 3906 653 Quod

2333 686 2512 731 autent
2533 678 2611 729 ait
2629 676 2885 732 Socrates
2912 678 3014 747 (e).
3044 678 3298 733 abnuisse
3319 691 3566 733 oratores
3584 694 3710 731 cum
3743 680 3910 733 Alba.

2332 768 2486 822 nasio
2518 768 2791 837 colloquia
2836 771 3086 832 miscere.
3120 785 3226 824 non
3284 771 3358 824 ita
3404 770 3707 842 intelligas,
3752 772 3907 840 quasi

2333 867 2443 912 tum
2470 859 2801 914 Athanasius
2828 860 2880 914 in
2910 860 3227 917 Constantis
3252 861 3373 915 aula
3411 872 3761 927 versaretur;
3792 878 3909 917 cer-

2333 960 2442 1004 tum
2482 952 2680 1021 quippe
2716 962 2801 1006 est
2854 962 2966 1006 tum
3017 953 3205 1008 Romae
3254 954 3452 1019 fuisse;
3505 955 3601 1010 sed
3650 956 3797 1025 quod
3829 956 3908 1009 vel

2331 1039 2558 1094 Romam
2591 1056 2712 1094 cum
2743 1059 2807 1095 eo
2832 1043 3179 1113 congressuri
3208 1060 3267 1099 se
3294 1044 3547 1101 conferre
3600 1045 3905 1111 noluerint,

2332 1131 2414 1186 vel
2447 1133 2588 1201 quod
2616 1130 2787 1185 Roma
2821 1148 2944 1187 cum
2984 1135 3407 1204 pertransirent,
3446 1136 3738 1191 Athanasii
3772 1152 3906 1191 con-

2329 1240 2578 1293 gressum
2607 1225 2953 1280 declinarint.
2975 1226 3133 1282 Fidei
3159 1238 3339 1281 autem
3375 1226 3664 1283 formulam
3697 1241 3909 1300 posue-

2332 1333 2419 1369 mo
2472 1332 2503 1370 a
2555 1332 2615 1372 se
2666 1318 3055 1387 conscriptam,
3110 1319 3307 1373 abditis
3357 1328 3413 1375 et
3461 1320 3679 1375 silentio
3725 1323 3907 1377 missis

2331 1408 2631 1475 prioribus,
2659 1408 2945 1464 Constanti
2988 1408 3247 1465 offerunt.
3284 1409 3401 1466 Non
3439 1410 3619 1482 ignota
3660 1413 3908 1481 Augusto

2330 1510 2449 1554 erat
2479 1502 2661 1554 innata
2699 1502 2976 1555 hominum
3000 1502 3244 1557 vafritics
3276 1519 3535 1574 mensque
3561 1504 3703 1559 dolis
3726 1506 3905 1575 plena.

2329 1594 2665 1664 Quapropter
2715 1610 2772 1649 re
2816 1594 3011 1651 infecta
3053 1607 3319 1663 oratores,
3359 1600 3426 1652 ad
3464 1614 3594 1653 suos
3642 1600 3908 1670 remigra-

2331 1696 2475 1740 "IIII.

2402 1778 2487 1832 15.
2524 1779 2632 1831 Alii
2666 1779 2897 1849 episcopi
2945 1781 3009 1834 ab
3054 1781 3367 1836 Eusebiauis
3418 1782 3583 1850 pulsi.
3629 1813 3700 1823 —
3744 1782 3904 1838 Nacti

2326 1882 2687 1940 opportunum
2725 1874 2965 1928 consiliis
2991 1875 3104 1928 suis
3132 1884 3183 1928 et
3210 1874 3577 1929 voluntatibus
3603 1876 3904 1946 principem

2326 1963 2642 2029 Eusebiani,
2698 1976 2813 2035 post
2868 1967 3079 2037 pulsum
3125 1968 3505 2036 Athanasium,
3540 1977 3747 2022 tantam
3793 1970 3903 2022 vim

2327 2055 2583 2121 hominis,
2605 2057 2716 2123 jatn
2752 2058 2883 2111 nihil
2910 2060 3181 2123 inausum,
3214 2060 3347 2115 ttibil
3390 2061 3731 2117 inaccessum
3764 2078 3902 2117 con-

2324 2148 2625 2202 sceleratis.
2658 2149 2897 2204 Ca2teros
2946 2152 3111 2217 igitur
3140 2153 3314 2205 adorti
3349 2152 3577 2208 infestos
3616 2155 3720 2208 sibi
3758 2158 3904 2208 auti-

2324 2241 2499 2303 stites,
2553 2239 2717 2294 alium
2759 2252 2880 2311 post
2928 2241 3091 2296 alium
3147 2244 3441 2298 deturbant
3499 2246 3651 2309 sede,
3695 2248 3905 2317 pellunt

2324 2333 2513 2400 patriis
2547 2330 2765 2386 ﬁnibus.
2795 2332 3001 2398 Quibus
3030 2337 3239 2388 exactis
3266 2333 3358 2404 (I'),
3393 2351 3558 2389 unum
3584 2338 3685 2390 fuit
3716 2336 3903 2405 perfu-

2322 2424 2467 2492 giutn
2497 2422 2671 2478 Julius
2702 2423 2999 2489 Romanus,
3023 2441 3189 2495 quem
3214 2440 3282 2480 ex
3319 2429 3503 2482 multis
3530 2429 3685 2484 orbis
3724 2441 3781 2484 et
3810 2447 3901 2485 re-

2325 2518 2641 2571 motissimis
2682 2516 2993 2586 regionibus
3029 2518 3243 2587 plurimi
3298 2534 3405 2574 uno
3446 2519 3618 2574 ferme
3654 2531 3902 2591 tempore

2324 2610 2563 2678 episc0pi
2589 2609 2861 2664 adierunt.
2890 2608 2969 2663 Ex
2999 2624 3185 2664 eorum
3210 2626 3432 2665 numero
3464 2610 3755 2666 Marcellus
3778 2614 3898 2665 An-

2322 2716 2574 2772 cyrauus,
2604 2703 2716 2772 jam
2775 2702 2902 2757 olim
2959 2706 3027 2757 ab
3087 2704 3191 2758 illis
3246 2704 3525 2759 abdicatus
3560 2716 3616 2759 et
3672 2705 3899 2774 pulsus;

2322 2809 2480 2862 quem
2516 2795 2693 2849 denuo
2726 2796 3050 2864 impotentes
3084 2794 3268 2851 furore
3290 2798 3553 2865 aggressi,
3591 2798 3757 2851 nullis
3788 2813 3898 2851 tton

2323 2885 2479 2939 malis
2517 2885 2847 2952 aliccerunt;
2883 2897 2938 2940 ut
2981 2898 3199 2957 possent
3233 2887 3482 2943 Marcello
3526 2890 3692 2943 illata:
3746 2889 3900 2943 cala-

2322 2978 2540 3033 mitates
2577 2980 2663 3043 iis,
2701 2995 2819 3048 quae
2862 2979 3155 3036 invadente
3200 2980 3462 3052 Gregorio
3506 2983 3899 3036 Alexandriam

2320 3082 2472 3141 gesta
2496 3082 2641 3138 sunt,
2669 3073 2833 3140 probe
2850 3071 3106 3126 conferri.
3143 3072 3191 3128 is
3220 3089 3349 3143 ergo
3379 3073 3579 3128 Julittttt
3612 3076 3900 3137 convenit,

642 3170 1047 3225 circumfertur.
1096 3167 1294 3221 Verum
1343 3180 1444 3220 nec
1490 3166 1556 3219 ab
1607 3161 1929 3225 Athanasio,
1965 3173 2063 3213 nec
2105 3157 2219 3226 ejus
2248 3200 2289 3256 Ο
2326 3164 2483 3217 fidem
2513 3178 2689 3225 suam,
2715 3163 2866 3231 cujus
2892 3178 3056 3217 causa
3085 3167 3413 3235 agitabatur,
3445 3166 3722 3220 sinceram
3750 3181 3899 3220 com-

645 3276 760 3315 ξιινο
788 3262 1157 3328 conscriptum
1213 3256 1398 3319 fuisse,
1448 3256 1615 3325 probe
1651 3255 1789 3308 alias
1824 3258 2223 3306 commonstra-

645 3366 750 3410 tur.

717 3445 804 3497 1|.
838 3442 1094 3496 Oratores
1120 3443 1187 3494 ad
1218 3441 1423 3494 Julium
1466 3441 1623 3493 mittit
1654 3437 1960 3507 Gregorius.
1984 3467 2054 3479 -—
2083 3435 2219 3492 Gre-

643 3538 828 3608 gorius
858 3545 1034 3590 autem
1073 3537 1200 3589 sede
1231 3534 1436 3602 potitus
1488 3533 1879 3597 Alexandrina,
1922 3532 2219 3586 retinendae

642 3628 922 3697 dignitatis
979 3627 1340 3696 percupidus,
1399 3624 1799 3693 optatissimum
1864 3623 1963 3678 sibi
2026 3633 2217 3692 putans

642 3735 785 3779 esse.
816 3719 859 3771 si
891 3716 1016 3771 Julii
1048 3732 1199 3785 papae
1249 3714 1503 3785 suilragio
1540 3724 1593 3767 et
1625 3728 1891 3768 consensu
1938 3724 2118 3782 posset
2163 3715 2215 3768 in

641 3820 903 3877 occupata
938 3810 1061 3862 sede
1102 3806 1422 3869 consistere,
1455 3815 1706 3859 oratores
1755 3806 1921 3858 mittit
1961 3803 2214 3867 Romam,

641 3902 941 3969 Carpouem
978 3899 1267 3967 quemdam
1300 3899 1695 3967 presbyterum,
1729 3896 2026 3950 Arianismi
2051 3912 2213 3951 causa

642 3993 712 4045 ab
756 3990 1062 4043 Alexandro
1118 3990 1359 4043 antistite
1397 3989 1525 4043 olim
1576 3988 1889 4042 damnatum
1938 3998 1995 4043 et
2040 3987 2215 4042 uilicio

643 4086 1006 4146 deturbatum,
1040 4096 1160 4135 cum
1186 4082 1507 4151 quibusdam
1552 4081 1674 4133 aliis
1711 4082 1827 4149 pari
1867 4081 2025 4135 modo
2066 4080 2215 4133 abdi-

643 4181 799 4233 catis.
824 4178 1185 4243 Quamobrem
1231 4183 1284 4229 et
1310 4175 1379 4228 ob
1421 4174 1525 4226 alia
1580 4174 1630 4226 itt
1658 4172 1776 4243 ejus
1803 4172 2187 4227 Alexandriam

643 4276 889 4341 ingressu
925 4270 1159 4324 admissa
1196 4268 1461 4331 facinora,
1488 4266 1539 4319 iit
1566 4262 1692 4320 Julii
1729 4263 2081 4319 oﬂensionem
2130 4272 2212 4317 tn-

642 4364 814 4415 currit
841 4360 1136 4431 Gregorius
1161 4359 1254 4427 (c).

712 4456 800 4508 12.
858 4452 1145 4506 Eusebiaui
1192 4451 1317 4519 ﬁdei
1364 4448 1648 4518 formulam
1694 4448 1907 4501 mittunt
1955 4450 2023 4501 ad
2072 4446 2210 4501 Con—

2326 3265 2623 3317 moustrat;
2664 3266 2819 3325 rogat
2857 3258 3071 3310 evocari
3114 3270 3166 3311 et
3212 3274 3394 3313 coram
3428 3258 3591 3311 statui
3637 3258 3905 3313 adversa-

2322 3350 2453 3403 rios.
2489 3349 2712 3401 Accedit
2740 3349 2863 3402 item
2887 3349 3148 3420 Asclepas
3173 3350 3455 3414 Gazetisis,
3481 3365 3641 3419 quem
3672 3351 3905 3419 paribus

2320 3440 2563 3495 artificiis
2588 3452 2641 3495 et
2674 3440 2963 3496 calumniis
2993 3442 3357 3506 deturbatum,
3394 3444 3545 3509 quasi
3574 3441 3903 3496 seditiosum

2318 3544 2372 3587 et
2410 3543 2688 3587 auctorem
2716 3535 2996 3588 turbarum
3024 3533 3387 3605 proliigarant.
3416 3533 3511 3587 Hic
3533 3532 3722 3587 Romae
3752 3550 3907 3587 anno

2319 3635 2426 3673 uno
2452 3636 2517 3673 ac
2550 3632 2662 3675 tres
2689 3635 2905 3675 menses
2933 3633 3195 3687 moratus,
3238 3622 3548 3676 Sardiceusi
3582 3632 3769 3691 postea
3814 3638 3907 3695 sy-

2318 3710 2459 3763 nodo
2500 3710 2766 3763 interfuit.
2796 3710 2988 3782 Magna
3017 3713 3198 3782 utique
3225 3711 3325 3765 fttit
3365 3713 3641 3782 pulsorum
3669 3715 3761 3783 qui
3791 3714 3908 3766 Ro-

2318 3815 2461 3852 ntatn
2502 3815 2560 3853 se
2589 3802 2906 3871 proripuere
2944 3812 3143 3865 turma,
3187 3800 3385 3856 Lucius
3415 3802 3665 3857 videlicet
3703 3804 3910 3858 Adria-

2317 3891 2661 3959 ttopolitanns
2698 3909 2804 3947 nou
2836 3895 3003 3949 semel
3046 3895 3189 3949 ferro
3212 3907 3267 3950 et
3296 3896 3526 3952 vinculis
3558 3897 3903 3952 Arianorum

2314 3997 2474 4049 opera
2529 3985 2896 4050 constrictus;
2942 4002 3005 4041 ex
3045 3986 3277 4041 Thracia
3331 3988 3455 4042 item
3499 3987 3701 4044 Paulus
3749 3988 3907 4045 Con-

2314 4076 2818 4145 stantiuopolitanus
2880 4080 2959 4135 bis
3008 4082 3329 4134 Arianorum
3380 4081 3668 4137 vexatione
3713 4083 3902 4138 solum

2316 4179 2525 4221 vertere
2547 4178 2784 4223 coactus.
2814 4169 2918 4225 Alii
2952 4173 3077 4227 item
3115 4187 3178 4224 co
3203 4171 3578 4227 conﬂuxerunt
3603 4192 3669 4229 ex
3705 4174 3899 4230 Thra-

2312 4260 2413 4321 cia,
2440 4259 2756 4329 leesyt'ia,
2781 4260 3072 4320 Phoenicia.
3099 4274 3149 4317 el
3178 4261 3479 4316 Palwstitta.
3498 4263 3561 4317 Et
3584 4266 3900 4323 verisimile

2311 4349 2527 4415 quidem
2562 4361 2643 4402 est
2678 4363 2770 4404 eos
2802 4350 2950 4417 ipsos
2983 4366 3125 4413 es~e,
3158 4354 3246 4420 qui
3282 4352 3479 4406 alicubi
3510 4370 3908 4411 memorantur

2312 4441 2378 4492 ab
2410 4441 2737 4506 Athanasio;
2772 4458 2838 4495 ex
2877 4440 3105 4496 Thracia
3153 4444 3381 4510 scilicet,
3427 4458 3623 4515 praeter
3657 4447 3903 4505 Lucium

638 4559 973 4601 stantem.-—
1002 4543 1321 4612 interposito
1350 4552 1472 4611 post
1500 4540 1768 4611 synodum
1810 4539 2201 4594 Antiochenam
2240 4549 2281 4602 ι)
2310 4545 2362 4589 et
2407 4534 2649 4600 Paulum,
2693 4533 3001 4589 Theodotus
3054 4535 3563 4606 Trajanopolitanus
3596 4550 3651 4593 et
3702 4542 3910 4613 Olym-

638 4655 932 4710 paucornm
975 4636 1240 4691 mensium
1285 4635 1479 4704 spatio,
1540 4632 1828 4687 Eusebiatti
1884 4630 2045 4683 aliam
2092 4646 2211 4699 pcr-

640 4735 856 4786 brevem
889 4730 1009 4784 fidei
1053 4728 1335 4782 formulam
1382 4728 1567 4789 edunt,
1598 4724 1652 4779 in
1683 4739 1788 4793 qua
1823 4722 1951 4777 nihil
1992 4722 2208 4791 quidem

638 4831 830 4877 contra
862 4822 1217 4876 orthodoxam
1250 4820 1407 4873 iidem
1431 4827 1729 4886 comparet,
1759 4817 1853 4870 sed
1886 4816 2209 4883 prsetertnit.

646 4916 778 4968 titur
821 4928 926 4967 vox
974 4911 1287 4982 ὁμοούσιος,
1318 4925 1477 4980 quam
1529 4908 1815 4963 formulam
1861 4922 1958 4975 per
2003 4906 2207 4975 legatos

642 5008 861 5059 mittunt
914 5003 979 5058 ad
1041 5004 1391 5059 Constantem
1452 5003 1753 5070 Augustum
1794 4998 1894 5069 (ά).
1945 4997 2202 5053 Oratores

637 5111 801 5166 porro
832 5094 1053 5150 fuerunt
1081 5093 1367 5150 Narcissus
1413 5090 1757 5156 Neroniadis,
1784 5091 1949 5144 Maris
1974 5090 2199 5144 Chalce-

636 5189 919 5252 donensis,
949 5186 1265 5242 Theodorus
1319 5186 1691 5246 Heracleotes,
1721 5192 1775 5236 et
1809 5180 2022 5235 Marcus
2061 5180 2199 5234 Are-

638 5280 864 5335 thusius.
903 5279 973 5334 iis
1005 5281 1312 5333 mandatum
1347 5288 1402 5331 ut
1436 5275 1717 5331 Constanti
1749 5274 2050 5343 signiﬁcent
2081 5290 2201 5344 quae

636 5389 799 5428 causa
830 5374 993 5428 fuerit
1022 5372 1304 5428 Athanasii
1328 5370 1639 5433 abdicandi,
1669 5384 1794 5438 qua:
1823 5367 1969 5420 Pauli
1990 5378 2043 5422 et
2066 5368 2199 5422 alio-

635 5484 753 5524 rum
790 5468 1102 5539 prazsulutn,
1154 5482 1260 5536 quo
1292 5465 1415 5532 jure
1462 5463 1552 5515 alii
1585 5462 1637 5515 in
1671 5476 1857 5514 eorum
1900 5459 2073 5515 locum
2108 5474 2198 5515 cs-

704 5710 779 5778 (a)
806 5710 1002 5761 Athan.
1038 5708 1188 5777 Apol.
1220 5705 1287 5758 ad
1309 5703 1604 5778 Constant”
1632 5720 1684 5758 ιι.
1721 5703 1775 5759 ϐ.

708 5776 783 5847 (ὁ)
819 5778 1035 5831 Sozam.
1070 5776 1161 5830 lib.
1185 5792 1274 5840 ιιι,
1304 5791 1423 5843 cap.
1459 5776 1510 5826 7.

711 5845 780 5908 (ε)
813 5850 1008 5902 Athan.
1034 5848 1189 5914 Apol.
1222 5859 1401 5902 contra
1426 5847 1636 5914 Arium,
1671 5861 1722 5900 tt.
1752 5845 1840 5900 “li.

2306 4628 2429 4698 pius
2462 4627 2751 4694 Ainorum,
2790 4630 2856 4683 de
2884 4630 3079 4698 quibus
3120 4631 3267 4700 plura
3305 4633 3560 4699 inferius;
3590 4649 3655 4688 ex
3703 4637 3904 4707 Syria,

2306 4723 2582 4791 Cymatius
2611 4720 2767 4786 Palti,
2795 4722 2930 4775 alter
2950 4722 3227 4793 Cymatius
3247 4724 3622 4795 Aradi,Cyrus
3653 4725 3906 4793 Berosus,

2306 4812 2588 4867 Carterius
2621 4814 2911 4875 Antaradi.
2942 4814 3274 4882 Eupltration
3299 4815 3578 4879 Balaneze;
3613 4832 3681 4871 ex
3721 4818 3909 4875 Phoe-

2307 4902 2446 4967 nice,
2491 4901 2805 4958 Hellanicus
2848 4903 3239 4974 Tripolitanus,
3291 4907 3372 4960 vir
3410 4908 3697 4965 catholicae
3759 4916 3905 4969 fidei

2304 4994 2844 5062 observantiSsitnus,
2880 4996 3105 5053 infestus
3140 4999 3376 5063 Arianae,
3409 5009 3463 5054 et
3497 5015 3559 5054 ea
3609 5004 3676 5056 de
3717 5020 3904 5061 causa

2308 5087 2375 5139 alt
2411 5088 2629 5141 Ariauis
2659 5101 2904 5155 exactus,
2937 5093 3027 5161 qui
3075 5093 3127 5146 iit
3170 5092 3287 5161 ejus
3327 5095 3501 5147 locum
3533 5092 3906 5155 Theodorum

2306 5179 2594 5247 quemdam
2636 5196 2747 5236 sua:
2790 5183 3042 5239 factionis
3082 5185 3415 5256 adlegerant.
3459 5188 3521 5242 lli
3564 5200 3726 5244 erant
3772 5197 3909 5263 epi-

2305 5270 2475 5338 scopi.

2379 5364 2529 5417 ANNO
2561 5363 2688 5419 542.
2718 5394 2785 5404 —
2814 5366 2864 5421 Ι.
2904 5365 3321 5421 Eusebiauorum
3345 5368 3412 5420 ad
3431 5367 3638 5422 Iulium
3664 5369 3906 5427 liuent.

2308 5487 2378 5499 -—
2408 5456 2649 5526 Elpidius
2688 5469 2867 5512 autem
2909 5468 2965 5512 et
3015 5458 3343 5515 Philoxenus
3387 5462 3718 5532 presbyteri,
3752 5462 3909 5521 Julii

2382 5704 2456 5786 (at)
2671 5706 2762 5761 lib.
2788 5722 2848 5769 ll,
2869 5721 2982 5773 cap.
3007 5706 3105 5766 l8:
3129 5706 3321 5762 Alban.
3341 5707 3413 5763 De
3428 5709 3667 5776 synodis,
3692 5726 3748 5765 n.
3788 5714 3905 5773 25.

2696 5847 2746 5901 itt
2780 5850 2936 5908 epist.
2974 5843 3126 5904 Julii;
3166 5849 3383 5905 Sozom.
3413 5850 3506 5904 litt.
3542 5866 3624 5905 ιιι.
3650 5868 3777 5908 cau.
3835 5857 3903 5912 8.
