4038 6544
1529 427 1686 480 νιτΑ
1725 428 1783 482 S.
1824 437 1837 482 Α

1946 430 2106 484 ΙΛΝΑ
2118 431 2228 485 Sll.
3396 444 3517 485 XCIX

196 520 793 636 {syth-Antiochiam
832 538 1074 607 profeCti
1106 538 1202 609 (a),
1222 538 1429 594 litteras
1454 540 1573 609 ejus
1596 522 1840 597 offerunt
1867 555 1913 607 Α
1942 547 2145 600 acerbe
2184 545 2505 614 constringi.
2538 544 2658 600 Non
2700 558 2892 598 senum
2923 544 2995 599 illi
3026 545 3372 615 gravitatem,
3414 563 3520 598 non

194 615 505 677 Euscbianis.
548 622 635 679 Hi
694 627 814 682 ubi
853 631 1216 686 Athanasium
1245 634 1457 689 venisse
1492 636 1721 690 Honmm
1753 638 1839 690 in-
1944 639 2271 706 dignitatem
2321 640 2614 706 prmsulum
2666 638 2926 692 curabant
2964 638 3183 690 :onmia
3258 636 3521 707 perfregit

194 711 450 816 ξθιξξῖξετθι
532 721 1026 790 prospicientes
1081 724 1511 780 ecclesiasticum
1568 727 1683 782 illic
1724 729 1842 784 fore
1943 730 2354 799 prostravitque
2396 730 2568 784 furor.
2613 728 3099 799 Sarapammonem
3137 728 3325 798 igitur,
3361 744 3526 798 gran-

189 804 438 874 judicium,
493 822 638 876 quo
679 814 920 878 procul
966 813 1214 868 abforent
1249 831 1453 880 comes,
1487 818 1711 882 milites,
1742 820 1837 873 im-

1946 820 2155 873 dtevum
2182 824 2493 891 episcopum
2532 831 2586 876 et
2617 820 3008 885 confessorem,
3051 820 3258 889 pellunt
3293 822 3345 875 in
3378 821 3523 875 exsi—

193 904 434 967 peratoria
478 904 895 969 auctoritas“,
927 906 1083 976 queis
1116 905 1236 960 freti
1283 923 1397 962 rem
1438 909 1706 963 arbitratu
1742 925 1837 966 suo

1946 910 2075 965 lium
2113 913 2559 969 :f‘otammouem
2596 913 2722 968 item
2756 914 3069 983 episcopum
3110 923 3271 982 atque
3311 912 3525 969 confes-

194 1002 384 1059 ²8θτι³ηι
421 993 529 1064 (iis
564 1011 866 1065 namque
897 998 1271 1053 deficientibus
1300 1016 1364 1055 ne
1397 1002 1593 1055 mutire
1622 1003 1840 1071 quidem
1943 1022 2151 1070 sorem,
2196 1007 2280 1060 cui
2316 1006 2494 1062 fuerat
2548 1007 2737 1061 oculus
2788 1022 2885 1074 pro
2916 1006 3117 1060 Christi
3163 1006 3383 1061 nomine
3420 1022 3523 1061 ex—

196 1084 536 1153 audebant);
572 1088 958 1157 exagitante
1001 1090 1296 1145 facinorum
1332 1093 1663 1147 conscientia
1694 1104 1837 1149 tanto

1946 1100 2209 1168 sculptus,
2250 1108 2328 1152 tot
2367 1099 2537 1169 plagis
2563 1099 2615 1152 in
2648 1099 2916 1153 cervicem
2963 1097 3257 1164 laniarunt,
3302 1107 3360 1152 ut
3410 1114 3516 1151 non

197 1186 299 1229 sunt
321 1184 555 1232 terrore
586 1180 904 1247 perculsi,
938 1192 998 1236 ut
1028 1182 1433 1251 interpellandte
1463 1185 1650 1255 synodi
1675 1200 1837 1240 causa

1946 1203 2071 1247 ante
2113 1190 2353 1245 caedendi
2398 1189 2557 1243 finem
2606 1189 2868 1254 facerent,
2899 1204 3059 1258 quam
3100 1188 3271 1243 virum
3309 1189 3525 1244 exstin-

200 1267 570 1373 legatosttltra
616 1272 1002 1373 praefinitum
1032 1287 1062 1325 a
1098 1270 1239 1327 Julio
1272 1284 1480 1345 tempus
1514 1276 1840 1343 detinerent,
1944 1294 2089 1339 ctum
2121 1290 2396 1352 putarent.
2431 1282 2687 1351 Ahjectns
2707 1296 2867 1336 senex
2898 1293 3058 1352 atque
3093 1284 3240 1338 humi
3273 1293 3523 1351 prostra-

204 1378 287 1417 nec
326 1362 437 1416 nisi
492 1377 720 1418 mense
773 1362 1064 1420 Januario
1103 1367 1488 1434 subsequentis
1528 1369 1656 1420 anni
1690 1367 1837 1423 abire

1946 1386 2054 1441 tns,
2108 1375 2390 1429 curatione
2441 1374 2683 1429 adhibita
2731 1384 2785 1430 et
2814 1374 3010 1429 flabelli
3041 1375 3399 1444 ope.paulum
3436 1391 3525 1431 re-

207 1457 593 1520 concederent,
661 1457 832 1512 datis
897 1461 970 1513 ad
1019 1456 1217 1513 Jnlium
1267 1458 1460 1512 litteris
1497 1464 1837 1527 querelarum

1947 1469 2179 1552 spiravit
2220 1482 2285 1521 ac
2330 1466 2556 1531 revixit;
2601 1465 2676 1519 ita
2712 1475 2912 1529 tamen,
2944 1474 3000 1519 ut
3036 1466 3177 1520 haud
3223 1467 3298 1520 ita
3353 1467 3526 1520 nmlto

210 1546 532 1649 ωεειιίεδῖηιίξ
577 1547 697 1615 (θ),
751 1550 1127 1619 oratorioque
1180 1564 1329 1605 more
1383 1552 1725 1620 conscriptis.
1778 1552 1845 1607 Et
1946 1541 2163 1630 post'ex
2216 1558 2504 1613 vulnerum
2553 1558 2741 1613 dolore
2787 1558 2894 1611 vita
2950 1556 3166 1611 functus
3202 1557 3296 1619 sit,
3341 1558 3524 1612 iterati

212 1641 411 1710 quidem
445 1639 620 1693 initio
658 1639 1014 1695 fatebantur
1053 1640 1350 1696 Romanam
1377 1641 1700 1706 Ecclesiam.
1731 1646 1845 1699 exi-
1946 1666 2048 1722 pro
2085 1650 2306 1705 Christo
2332 1650 2581 1720 martyrii
2625 1649 2799 1720 gloria
2832 1648 3077 1719 insignis.
3103 1648 3210 1703 Alii
3252 1651 3382 1715 item
3416 1650 3527 1719 epi-

214 1735 361 1786 miam
393 1734 785 1801 omniumque
822 1734 1180 1803 metropolim
1202 1749 1344 1799 esse,
1372 1736 1465 1791 sed
1507 1752 1570 1790 ex
1621 1735 1845 1792 Oriente
1947 1741 2094 1809 scopi
2124 1740 2418 1810 grandaevi,
2449 1738 2539 1808 qui
2564 1740 2615 1793 in
2660 1739 2974 1808 episcopatu
3006 1748 3426 1804 consenuerant,
3457 1740 3522 1791 ad

213 1823 473 1891 Ρτοάίίεεθ
502 1823 796 1876 doctores
826 1822 993 1892 Ci'IS;
1033 1837 1205 1892 neque
1230 1838 1289 1877 se
1313 1822 1568 1879 inferiore
1601 1823 1723 1879 1000
1750 1825 1843 1877 11³·
1877 1895 1910 1901 _
1948 1832 2270 1901 lapidicinas
2295 1830 2509 1885 adducti
2536 1841 2661 1885 sunt
2688 1848 2703 1887 :
2732 1832 2821 1885 alii
2858 1834 2981 1885 item
3015 1830 3276 1900 episcopi,
3305 1829 3525 1898 presby-

213 1918 336 1978 beri,
356 1917 504 1983 quod
535 1916 948 1985 amplitudine
984 1915 1333 1986 praestantior
1358 1916 1445 1970 illa
1473 1926 1640 1981 esset,
1672 1931 1837 1985 quan-

1950 1924 2074 1987 teri,
2101 1923 2286 1978 clerici
2336 1924 2388 1978 in
2428 1922 2680 1978 exsilium
2719 1923 3048 1977 transmissi.
3085 1922 3227 1988 Quot
3266 1923 3522 1976 monachi

210 2012 272 2064 do
309 2011 413 2080 ipsi
444 2011 696 2075 virtute,
733 2010 1018 2073 consilio,
1061 2010 1346 2071 sententia.
1387 2009 1546 2064 facile
1611 2009 1844 2064 antecel-
1942 2015 2126 2085 flagris
2165 2017 2313 2081 cesi,
2357 2015 2519 2084 idque
2550 2012 2704 2080 jussu
2741 2014 2989 2083 Gregorii
3023 2023 3077 2066 et
3113 2012 3313 2066 Balacii
3342 2012 3515 2071 ducis.

212 2103 399 2157 lereut.
431 2102 549 2159 Nec
577 2119 690 2173 par
728 2118 869 2157 esse
908 2104 1131 2157 evocari
1161 2116 1219 2157 se
1261 2117 1290 2155 a
1325 2101 1469 2157 Julio
1516 2101 1747 2155 Romam
1775 2103 1841 2155 ad
1943 2109 2033 2177 qni
2086 2107 2349 2175 ejusmodi
2375 2106 2705 2161 carnificina:
2756 2106 3018 2161 aderant!
3081 2102 3223 2170 Qilot
3278 2103 3517 2172 episcopi

210 2197 494 2267 synodum,
531 2212 669 2251 cum
708 2195 1080 2250 Antiochena
1108 2198 1175 2250 ab
1210 2210 1271 2250 se
1299 2194 1447 2249 edita
1479 2194 1722 2257 decreta,
1751 2210 1842 2249 ra-
1944 2200 2112 2269 plagis
2143 2199 2324 2253 laniati
2352 2201 2366 2251 ι
2398 2198 2535 2264 Quot
2565 2198 2798 2267 virgines
2821 2200 3121 2252 verberata
3148 2198 3161 2250 ι
3197 2194 3293 2248 His
3315 2195 3522 2249 admis-

211 2300 277 2352 ιε,
323 2290 482 2343 ﬁrma
528 2302 592 2344 ει
636 2289 913 2359 legitima
956 2296 1139 2342 8399'"
1167 2330 1181 2353 ν
1212 2287 1363 2342 nefas
1391 2286 1647 2355 Vilipendi
1682 2302 1845 2357 syno-
1941 2292 2019 2348 sis
2049 2292 2348 2346 sceleribus
2397 2290 2735 2343 facinorosos
2771 2290 2931 2343 homo
2962 2287 3217 2358 populum
3259 2288 3513 2342 cohorta-

210 2382 327 2436 dum
354 2398 384 2436 a
412 2393 493 2438 tot
524 2383 839 2453 episcopis
873 2380 1211 2436 celebratam
1238 2396 1253 2445 ;
1285 2378 1498 2433 admitti
1526 2380 1590 2432 ad
1614 2380 1837 2434 societa-

1946 2387 2122 2449 batur,
2147 2394 2204 2437 ut
2231 2385 2296 2438 ad
2318 2383 2756 2437 ccinmunionem
2792 2395 2943 2434 suam
2978 2380 3329 2442 accederent;
3360 2379 3515 2447 quasi

210 2485 303 2528 tem
337 2476 490 2529 viros
550 2489 585 2528 a
639 2488 710 2528 se
758 2472 1058 2542 depositos
1097 2478 1150 2525 et
1193 2471 1502 2524 damnatos.
1548 2469 1837 2539 Episcopos

1946 2494 2071 2533 vero
2111 2479 2162 2532 id
2204 2478 2369 2532 illatis
2418 2476 2738 2530 verberibus
2789 2482 2843 2527 et
2888 2470 3238 2527 contumeliis
3267 2471 3383 2538 ille,
3411 2488 3516 2523 non

207 2565 444 2621 Orientis
498 2580 899 2636 nequaquam
946 2563 1017 2618 iis
1068 2577 1431 2631 repugnasse,
1477 2578 1596 2631 qua-
1652 2572 1837 2617 contra

1946 2570 2283 2624 humanitate
2325 2576 2383 2623 et
2436 2565 2715 2622 beneficiis
2764 2562 3022 2633 consequi
3079 2569 3279 2631 posset.
3320 2560 3374 2616 In
3404 2562 3520 2631 epi-

206 2657 570 2713 Noratianum
590 2658 839 2712 decreta
864 2657 1058 2711 Romae
1094 2655 1320 2709 fuissent
1348 2671 1363 2707 :
1394 2669 1565 2724 neque
1602 2656 1840 2709 vicissim
1942 2661 2090 2731 scopi
2120 2671 2299 2714 autem
2335 2658 2616 2713 Athanasii
2676 2665 3028 2709 niateneram
3054 2654 3156 2722 (ά),
3189 2668 3354 2723 quam
3391 2655 3517 2706 dum

208 2748 513 2804 Romanum
574 2746 930 2817 pontificem
980 2744 1255 2799 obstitisse
1306 2744 1632 2799 abdicationi
1692 2745 1840 2800 Pauli
1942 2764 2219 2826 superstes
2259 2763 2403 2807 esset
2448 2748 2853 2804 calamitatibus
2893 2754 3259 2815 oppresserat,
3294 2743 3377 2798 vel
3427 2748 3516 2798 de-

208 2843 558 2897 Ssmosateni
596 2841 659 2895 in
715 2837 1084 2892 Antiochena
1119 2836 1323 2908 synodo
1350 2836 1601 2892 decretae.
1635 2836 1837 2903 Quero-

1946 2848 2181 2902 functam
2220 2846 2291 2899 ita
2333 2843 2526 2905 sazviit,
2559 2851 2617 2896 ut
2644 2855 2712 2894 ne
2735 2839 2853 2908 ejus
2894 2838 3111 2908 quidem
3150 2836 3327 2891 funeri
3365 2836 3517 2904 jnsta

209 2935 406 2989 bantur
436 2935 580 2988 item
610 2932 984 3003 praefinitum
1018 2929 1273 2998 temporis
1304 2927 1538 2997 spatium
1566 2929 1837 2996 angustius

1946 2939 2076 2994 solvi
2117 2937 2463 2993 concederet.
2493 2932 2645 2999 Quod
2672 2946 2803 2985 sane
2834 2929 3073 2982 futurum
3105 2938 3244 2991 erat,
3276 2926 3518 2996 objecta-

204 3042 344 3093 esse.
368 3042 542 3096 quam
590 3034 661 3079 ut
695 3024 980 3077 valerem
1020 3020 1324 3076 Orientales
1364 3027 1489 3073 ante
1537 3020 1840 3073 condictam
1945 3043 2048 3096 que
2076 3026 2164 3079 illa
2192 3024 2383 3078 fuisset
2420 3020 2709 3090 insepulta,
2744 3018 2845 3071 nisi
2876 3016 3108 3070 cadaver
3141 3013 3514 3082 aquibusdam

202 3120 341 3173 diem
372 3120 625 3173 Romam
680 3116 1048 3178 concedere;
1087 3112 1380 3167 ίῐηηὶῖηεθδ
1409 3126 1626 3181 quoque
1658 3111 1841 3165 Ρθτεί·
1948 3116 2273 3181 hominibus,
2302 3113 2456 3183 quasi
2488 3114 2553 3164 ad
2592 3109 2850 3163 familiam
2881 3122 3032 3160 suam
3086 3105 3400 3175 pertineret,
3423 3120 3520 3156 cx-

201 3227 321 3267 eum
370 3212 587 3266 bellum
628 3208 947 3279 profectus
996 3205 1379 3274 impedimento
1412 3204 1513 3258 sibi
1546 3219 1702 3269 esse;
1736 3219 1839 3258 non
1868 3240 1911 3299 ε
1948 3219 2216 3281 portatum
2250 3206 2462 3259 fuisset.
2491 3200 2658 3255 Jussit
2685 3210 2948 3267 prazterea
2978 3196 3171 3265 impius
3210 3197 3369 3247 homo
3395 3208 3514 3260 quae

202 3306 479 3367 decuisse,
509 3303 783 3357 Eusebio
817 3308 877 3353 et
904 3298 1229 3367 quibusdam
1272 3295 1433 3351 sociis
1467 3295 1603 3363 ejus,
1636 3296 1837 3364 episto-

1946 3301 2121 3355 viduis
2150 3297 2440 3367 egenisque
2462 3291 2674 3363 erogari
2704 3296 3100 3344 consueverant
3121 3285 3322 3352 abripi,
3350 3297 3511 3336 vasa—

205 3397 279 3452 las
312 3394 652 3467 nuncupari
682 3410 715 3446 a
762 3391 943 3453 Julio,
983 3391 1075 3443 sed
1106 3390 1204 3444 toti
1234 3388 1585 3444 Orientalium
1628 3388 1845 3443 antisti-
1946 3404 2049 3458 que
2074 3385 2339 3451 confringi
2360 3383 2484 3436 vino
2505 3390 2667 3447 atque
2689 3380 2808 3432 oleo
2836 3375 3208 3430 distribuendo
3235 3373 3511 3441 deputata.

207 3498 317 3543 tum
363 3465 578 3554 ecstui;
629 3499 828 3556 neque
876 3481 1083 3537 Julium
1126 3497 1246 3547 suo,
1276 3482 1368 3536 sed
1408 3482 1597 3551 synodi
1628 3485 1844 3535 nomine
1944 3480 2062 3534 Alia
2094 3477 2324 3532 nefanda
2343 3474 2532 3538 edidit,
2562 3486 2683 3541 quae
2713 3471 2799 3524 vix
2825 3467 3067 3523 enarrari
3097 3468 3324 3536 possint,
3353 3465 3515 3535 digna

206 3580 565 3633 conscribere
615 3574 981 3645 oportuisse.
1015 3572 1239 3627 Demum
1272 3586 1459 3641 pacem
1502 3582 1557 3626 et
1606 3587 1843 3627 concor-
1947 3590 2079 3629 sane
2102 3572 2218 3626 viro
2253 3569 2343 3638 qni
2388 3583 2494 3621 non
2526 3582 2593 3642 ex
2631 3560 3027 3618 ecclesiasticis
3062 3558 3269 3627 legibus
3298 3568 3517 3627 coopta-

206 3670 352 3723 diam
385 3670 506 3723 fore
551 3684 692 3722 cuin
739 3664 895 3720 Julio
928 3664 1033 3718 sibi
1076 3663 1417 3733 pollicentur,
1453 3663 1496 3716 si
1541 3671 1720 3717 tamen
1758 3677 1844 3717 res
1945 3674 2054 3729 tus,
2086 3664 2179 3719 sed
2215 3661 2435 3716 militari
2477 3673 2635 3712 manu
2673 3656 2903 3724 stipatus
2943 3652 2997 3707 in
3035 3651 3395 3721 episcopalem
3427 3664 3514 3704 se-

207 3777 300 3829 per
328 3779 393 3817 se
429 3771 637 3831 gestas
684 3769 847 3813 ratas
895 3755 1161 3821 haberet;
1197 3769 1375 3820 secus,
1405 3755 1449 3808 si
1491 3754 1840 3826 improbaret.
1947 3759 2067 3811 dem
2098 3754 2249 3825 quasi
2293 3753 2345 3805 in
2400 3765 2582 3805 arcem
2624 3748 2934 3808 invasisset,
2984 3758 3247 3813 suamque
3281 3744 3512 3813 dignita-

210 3855 345 3908 Cum
376 3854 655 3910 absurdis
680 3848 1012 3917 huiusmodi
1045 3847 1278 3918 querelis
1309 3848 1513 3915 legatos
1537 3847 1837 3902 remittunt.
1948 3860 2057 3905 tem
2087 3861 2183 3917 pro
2206 3844 2347 3899 civili
2382 3857 2488 3896 non
2527 3856 2684 3895 sacro
2720 3837 3027 3892 ministerio
3056 3846 3112 3890 et
3139 3833 3317 3889 officio
3345 3833 3518 3887 habe-

217 3945 395 4000 Unum
431 3959 631 4002 tamen
690 3952 819 3999 erat
861 3956 977 4011 quo
1027 3954 1084 3995 se
1138 3941 1373 3994 maxime
1423 3939 1599 3994 arceri
1648 3939 1843 3992 itinere
1946 3952 2051 3998 ret.
2084 3943 2261 4007 Quare
2303 3936 2609 4006 Magnetum
2639 3947 2803 4001 quam
2853 3931 3232 4000 episcoporum
3264 3926 3347 3980 vel
3403 3940 3518 3978 mo-

218 4038 471 4093 Romano
523 4034 993 4095 mentiebamur.
1035 4030 1321 4085 Persarum
1362 4029 1569 4083 SCiliCtBl
1616 4028 1839 4082 ltellum-
1947 4034 2243 4087 nachormn
2293 4028 2530 4082 malebat
2577 4022 2809 4094 gratiam
2867 4023 3026 4076 inire.
3074 4020 3251 4073 Patris
3297 4017 3513 4071 Antonii

227 4132 335 4187 Sed
375 4132 506 4201 quid
556 4131 632 4183 ad
678 4128 984 4197 episcopos
1014 4122 1248 4177 bellum?
1278 4122 1453 4190 inquit
1480 4121 1837 4175 Athanasius.

1946 4124 2237 4180 sanctitate
2266 4120 2549 4190 conspicui
2589 4119 2691 4172 viri
2726 4117 2770 4171 si
2805 4116 3021 4185 quando
3053 4113 3266 4167 litteras
3306 4111 3519 4176 accipe-

230 4220 294 4273 Et
348 4200 443 4292 qui
495 4220 744 4275 Persico
792 4214 945 4270 bello
992 4212 1390 4282 pragpediantnr
1416 4211 1701 4279 quominus
1740 4209 1846 4263 Ro-
1946 4224 2054 4280 ret,
2096 4212 2233 4268 nihil
2272 4211 2424 4283 pensi
2449 4208 2732 4277 ,habebat;
2779 4207 2823 4260 si
2865 4203 3210 4273 imperatoris
3247 4212 3340 4253 ant
3366 4200 3520 4252 ducis

226 4329 372 4366 mani
398 4320 667 4382 pergant,
706 4308 1072 4376 longinquam
1109 4313 1161 4357 et
1190 4301 1606 4356 transmarinam
1631 4300 1847 4365 urbem;
1946 4306 2288 4376 cujuSpiam,
2343 4318 2479 4373 quos
2529 4301 2617 4356 ille
2670 4300 2771 4355 sibi
2838 4296 3106 4352 demereri
3153 4293 3516 4362 efflagitabat,

226 4408 318 4473 qui
366 4422 461 4475 per
489 4401 757 4461 Orientis
808 4400 936 4451 loca
984 4397 1146 4449 etiam
1209 4392 1388 4448 Persis
1438 4391 1689 4455 finitima,
1729 4399 1837 4444 tum

1946 4402 2099 4474 quasi
2131 4415 2189 4455 re
2216 4398 2477 4470 przeclare
2504 4404 2681 4467 gesta.
2727 4393 2929 4464 ingenti
2976 4389 3224 4444 uerfusus
3255 4395 3373 4441 erat
3426 4386 3519 4440 lze-

228 4498 493 4566 temporis
542 4497 735 4551 instar
785 4490 1013 4544 leonum
1062 4486 1203 4541 ultro
1237 4485 1484 4554 citroque
1523 4483 1838 4545 cursabant,
1948 4495 2090 4550 mia,

228 4590 522 4656 qua-situm
552 4602 693 4642 num
734 4582 867 4653 quis
911 4581 1294 4633 adversaretur
1318 4576 1481 4630 rebus
1509 4574 1749 4640 Arianis,
1781 4581 1837 4627 ut

2017 4589 2074 4644 3.
2110 4586 2257 4641 Mors
2297 4580 2521 4636 Balacii.
2546 4606 2616 4617 —
2650 4574 2892 4643 Contigit
2920 4574 3124 4627 interea
3158 4581 3216 4625 ut
3247 4570 3519 4624 Antonius

230 4682 489 4736 confictis
519 4676 868 4736 criminibus
900 4671 1163 4743 pellerent
1195 4671 1246 4724 in
1292 4668 1585 4723 exsilium?
1617 4666 1721 4721 Sed
1754 4678 1841 4720 re-

232 4785 361 4825 vera
388 4771 625 4827 Romani
660 4766 888 4823 itineris
913 4763 1251 4818 detrectandi
1299 4775 1463 4816 causa
1490 4767 1607 4815 erat
1631 4758 1838 4812 admis-

233 4878 419 4918 sorum
454 4865 741 4919 scelerum
776 4857 1141 4916 conscientia.

297 4955 357 5009 Ξ.
389 4956 666 5010 lmmania
696 4950 952 5021 Gregorii
986 4950 1041 5001 in
1076 4945 1308 5016 Egypto
1337 4944 1601 5015 facinora.
1631 4972 1699 4983 -
1728 4940 1841 4997 Sub

233 5044 351 5099 hcc
384 5047 707 5107 Eu~ebiani,
736 5040 1144 5111 prospicientes
1179 5052 1285 5091 non
1311 5051 1343 5091 e
1384 5049 1441 5089 re
1468 5049 1563 5088 sua
1592 5033 1708 5089 fore
1726 5033 1837 5088 Ro-

235 5150 409 5192 mana:
452 5137 652 5209 synodi
716 5136 975 5196 decreta,
1003 5130 1113 5195 jam
1164 5128 1230 5181 ad
1281 5127 1495 5183 solitam
1551 5125 1834 5180 audaciam

234 5240 287 5282 et
326 5232 673 5289 ferocitatem
712 5237 1036 5284 vertuntur.
1067 5223 1251 5279 Missis
1293 5225 1478 5286 itaque
1509 5222 1706 5275 litteris
1742 5234 1841 5273 au.

232 5334 408 5380 ctores
473 5324 771 5392 Philagrio
842 5326 1019 5381 sunt,
1074 5327 1130 5370 ut
1176 5332 1298 5371 cum
1355 5316 1620 5384 Gregorio
1688 5312 1838 5367 brevi

226 5414 510 5488 Aigyptmn
556 5426 880 5489 peragrare
924 5419 1080 5464 curet
1115 5410 1210 5479 (ε).
1259 5407 1367 5462 Nec
1401 5422 1573 5469 mora,
1622 5405 1840 5460 scelesti

1945 4681 2125 4737 audita
2178 4673 2381 4730 Balacii
2442 4673 2592 4726 ducis
2635 4683 2760 4738 erga
2818 4665 3062 4753 virgines
3117 4662 3520 4730 monachosque

1947 4770 2231 4825 ferocitate
2264 4765 2358 4833 (ε),
2408 4761 2588 4816 missis
2617 4757 2813 4812 litteris
2852 4752 3088 4809 divinam
3123 4753 3384 4807 scelerato
3434 4752 3518 4805 in-

1947 4859 2333 4916 terminaretnr
2360 4853 2639 4915 ultionem,
2668 4851 2768 4905 nisi
2807 4849 2971 4903 finem
3008 4845 3211 4901 faceret
3251 4842 3520 4898 Christia-

1947 4965 2047 5005 nos
2089 4944 2460 5003 excruciandi.
2508 4943 2647 4997 Risit
2675 4941 2923 4996 Balacius
2943 4979 2958 5003 ,
2984 4945 3364 5006 annuenteque
3384 4933 3521 4989 Gre-

1945 5040 2115 5111 gorio,
2138 5038 2192 5093 in
2223 5036 2507 5107 epistolam
2538 5036 2683 5090 humi
2714 5034 3008 5104 proiectam
3038 5029 3322 5098 conspuit;
3349 5026 3522 5082 tabel—

1945 5132 2201 5201 lariisque
2227 5145 2349 5184 cum
2380 5127 2592 5198 repulsa
2614 5138 2668 5181 et
2697 5126 2892 5196 injuria
2922 5123 3184 5185 remissis,
3207 5119 3521 5174 renuntiare

1940 5223 2096 5293 jubet
2143 5222 2380 5276 Antonio
2409 5263 2424 5287 ,
2475 5222 2692 5289 quando
2741 5216 3130 5272 monachorum
3181 5213 3294 5281 ipse
3342 5211 3517 5264 vicem

1947 5317 2176 5380 doleret,
2201 5330 2260 5369 se
2282 5314 2503 5384 paribus
2521 5326 2643 5364 eum
2669 5310 2826 5363 malis
2855 5310 3243 5376 impetiturum.
3279 5300 3517 5355 Necdum

1948 5417 2226 5462 exstracto
2257 5406 2495 5475 quinque
2522 5403 2732 5458 dierum
2768 5398 2943 5469 spatio
2971 5435 2989 5460 ,
3027 5411 3147 5451 cum
3189 5392 3253 5444 ad
3290 5391 3515 5459 primam

1948 5496 2285 5551 mansionem
2334 5496 2503 5550 Cereu
2552 5494 2751 5547 dictam
2816 5504 2938 5543 cum
3002 5483 3250 5538 Nestorio
3297 5475 3514 5547 Egypti

218 5506 513 5580 {Egyptum
566 5506 928 5581 pervadunt.
986 5499 1119 5555 lliuc
1150 5503 1332 5554 videre
1383 5508 1506 5552 erat
1551 5496 1840 5565 episcopos

1948 5587 2209 5658 praefecto
2236 5588 2459 5641 haberet
2495 5587 2621 5651 iter,
2650 5582 2809 5637 ambo
2848 5578 3004 5648 equis
3044 5570 3244 5628 Balacii
3273 5569 3515 5625 omnimn

211 5604 511 5661 Athanasio
539 5602 903 5671 conjunctos
930 5591 1241 5649 verberibus
1277 5591 1479 5659 excipi,
1509 5604 1573 5644 ac
1604 5587 1838 5641 vinculis

2010 5719 2083 5783 (cl
2114 5718 2313 5770 Athan.
2352 5718 2491 5770 Hist.
2525 5716 2707 5766 Arion.
2734 5712 2803 5765 ad
2827 5707 3133 5770 monachos,
3160 5720 3213 5758 n.
3251 5700 3340 5758 12.

2016 5788 2096 5859 (d)
2119 5790 2315 5840 Athan.
2352 5788 2507 5859 iliitl.._
2535 5784 2703 5859 n45.

2023 5846 2094 5929 te}
2123 5859 2321 5912 Alban.
2350 5858 2400 5910 in
2446 5854 2565 5909 Vita
2596 5852 2653 5906 S.
2688 5847 2927 5913 Antonii,
2959 5862 3013 5901 n.
3050 5846 3140 5902 8‘3.

275 5744 351 5809 (α)
388 5743 607 5796 Athan.
656 5730 836 5809 Apol.
884 5737 1066 5809 contra
1110 5728 1319 5794 Atiam,
1360 5744 1413 5782 η.
1445 5725 1550 5792 20;
1588 5734 1642 5779 ct
1679 5706 1826 5776 illst.

195 5798 385 5865 Arion.
419 5819 491 5865 ad
534 5805 891 5863 monachos,
925 5814 979 5852 n.
1009 5798 1092 5853 ll.

268 5886 343 5955 (ὁ)
374 5888 613 5939 δουηι.
652 5879 763 5929 lib.
800 5886 866 5934 ll,
895 5884 1014 5939 cap.
1044 5869 1126 5925 l5.
