  <div class='ocr_page' id='page_1' title='image "/cluster/home/n/w/nwhite01/storage/ocr_20150623/25/hvd.32044004972428/105.png"; bbox 0 0 4038 6526; ppageno 0'>
   <div class='ocr_carea' id='block_1_1' title="bbox 572 372 2449 457">
    <p class='ocr_par' dir='ltr' id='par_1_1' title="bbox 572 372 2449 457">
     <span class='ocr_line' id='line_1_1' title="bbox 572 372 2449 457; baseline -0.004 -13"><span class='ocrx_word' id='word_1_1' title='bbox 572 417 604 457; x_wconf 69' lang='grc' dir='ltr'><strong><em>ο</em></strong></span> <span class='ocrx_word' id='word_1_2' title='bbox 1906 384 2414 445; x_wconf 80' lang='lat' dir='ltr'><strong>PROLEGOMENA</strong></span> <span class='ocrx_word' id='word_1_3' title='bbox 2432 372 2449 389; x_wconf 76' lang='lat'><strong><em>&quot;</em></strong></span> 
     </span>
    </p>
   </div>
   <div class='ocr_carea' id='block_1_2' title="bbox 581 489 3816 585">
    <p class='ocr_par' dir='ltr' id='par_1_2' title="bbox 581 489 3816 585">
     <span class='ocr_line' id='line_1_2' title="bbox 581 489 3816 585; baseline -0.009 -10"><span class='ocrx_word' id='word_1_4' title='bbox 581 516 884 575; x_wconf 75' lang='lat' dir='ltr'><strong>utilissimis</strong></span> <span class='ocrx_word' id='word_1_5' title='bbox 914 516 1080 579; x_wconf 89' lang='lat' dir='ltr'><strong>vecti,</strong></span> <span class='ocrx_word' id='word_1_6' title='bbox 1105 514 1229 569; x_wconf 85' lang='lat' dir='ltr'><strong>dum</strong></span> <span class='ocrx_word' id='word_1_7' title='bbox 1260 522 1590 585; x_wconf 84' lang='lat' dir='ltr'><strong>pergerent,</strong></span> <span class='ocrx_word' id='word_1_8' title='bbox 1620 521 1675 567; x_wconf 76' lang='lat' dir='ltr'><strong>et</strong></span> <span class='ocrx_word' id='word_1_9' title='bbox 1698 511 1823 581; x_wconf 97' lang='lat' dir='ltr'><strong>equi</strong></span> <span class='ocrx_word' id='word_1_10' title='bbox 1858 525 1957 580; x_wconf 89' lang='lat' dir='ltr'><strong>pro</strong></span> <span class='ocrx_word' id='word_1_11' title='bbox 1998 521 2148 563; x_wconf 90' lang='lat' dir='ltr'><strong>more</strong></span> <span class='ocrx_word' id='word_1_12' title='bbox 2176 512 2222 566; x_wconf 83' lang='lat' dir='ltr'><strong>A</strong></span> <span class='ocrx_word' id='word_1_13' title='bbox 2248 505 2416 559; x_wconf 88' lang='lat' dir='ltr'><strong>bitum</strong></span> <span class='ocrx_word' id='word_1_14' title='bbox 2472 498 2799 570; x_wconf 73' lang='lat' dir='ltr'><strong>exagitabat.</strong></span> <span class='ocrx_word' id='word_1_15' title='bbox 2852 493 3083 549; x_wconf 84' lang='lat' dir='ltr'><strong>Futilem</strong></span> <span class='ocrx_word' id='word_1_16' title='bbox 3134 490 3313 585; x_wconf 75' lang='lat' dir='ltr'><strong>afferri</strong></span> <span class='ocrx_word' id='word_1_17' title='bbox 3374 490 3587 585; x_wconf 82' lang='lat' dir='ltr'><strong>ttineris</strong></span> <span class='ocrx_word' id='word_1_18' title='bbox 3630 489 3816 585; x_wconf 34' lang='lat' dir='ltr'><strong>ile‘tref</strong></span> 
     </span>
    </p>
   </div>
   <div class='ocr_carea' id='block_1_3' title="bbox 573 601 2146 677">
    <p class='ocr_par' dir='ltr' id='par_1_3' title="bbox 573 601 2146 677">
     <span class='ocr_line' id='line_1_3' title="bbox 573 601 2146 677; baseline -0.01 -9"><span class='ocrx_word' id='word_1_19' title='bbox 573 612 732 668; x_wconf 90' lang='lat' dir='ltr'><strong>solito</strong></span> <span class='ocrx_word' id='word_1_20' title='bbox 763 611 1032 675; x_wconf 91' lang='lat' dir='ltr'><strong>luderent,</strong></span> <span class='ocrx_word' id='word_1_21' title='bbox 1066 609 1356 677; x_wconf 76' lang='lat' dir='ltr'><strong>derepente</strong></span> <span class='ocrx_word' id='word_1_22' title='bbox 1378 606 1736 669; x_wconf 78' lang='lat' dir='ltr'><strong>mansuetior,</strong></span> <span class='ocrx_word' id='word_1_23' title='bbox 1763 616 1870 669; x_wconf 90' lang='lat' dir='ltr'><strong>quo</strong></span> <span class='ocrx_word' id='word_1_24' title='bbox 1913 601 2146 655; x_wconf 49' lang='lat' dir='ltr'><strong>vehebap</strong></span> 
     </span>
    </p>
   </div>
   <div class='ocr_carea' id='block_1_4' title="bbox 574 693 2147 763">
    <p class='ocr_par' dir='ltr' id='par_1_4' title="bbox 574 693 2147 763">
     <span class='ocr_line' id='line_1_4' title="bbox 574 693 2147 763; baseline -0.008 -6"><span class='ocrx_word' id='word_1_25' title='bbox 574 713 663 759; x_wconf 88' lang='lat' dir='ltr'><strong>tur</strong></span> <span class='ocrx_word' id='word_1_26' title='bbox 702 701 1021 763; x_wconf 79' lang='lat' dir='ltr'><strong>Nestorius,</strong></span> <span class='ocrx_word' id='word_1_27' title='bbox 1081 714 1265 753; x_wconf 83' lang='lat' dir='ltr'><strong>morsu</strong></span> <span class='ocrx_word' id='word_1_28' title='bbox 1320 696 1592 751; x_wconf 86' lang='lat' dir='ltr'><strong>Balacium</strong></span> <span class='ocrx_word' id='word_1_29' title='bbox 1642 694 1878 749; x_wconf 79' lang='lat' dir='ltr'><strong>decussit</strong></span> <span class='ocrx_word' id='word_1_30' title='bbox 1932 693 1983 747; x_wconf 93' lang='lat' dir='ltr'><strong>in</strong></span> <span class='ocrx_word' id='word_1_31' title='bbox 2039 701 2147 746; x_wconf 87' lang='lat' dir='ltr'><strong>ter-</strong></span> 
     </span>
    </p>
   </div>
   <div class='ocr_carea' id='block_1_5' title="bbox 575 782 2144 860">
    <p class='ocr_par' dir='ltr' id='par_1_5' title="bbox 575 782 2144 860">
     <span class='ocr_line' id='line_1_5' title="bbox 575 782 2144 860; baseline -0.008 -12"><span class='ocrx_word' id='word_1_32' title='bbox 575 810 714 857; x_wconf 88' lang='lat' dir='ltr'><strong>ram,</strong></span> <span class='ocrx_word' id='word_1_33' title='bbox 740 794 1063 860; x_wconf 89' lang='lat' dir='ltr'><strong>irruensque</strong></span> <span class='ocrx_word' id='word_1_34' title='bbox 1111 788 1288 843; x_wconf 90' lang='lat' dir='ltr'><strong>femur</strong></span> <span class='ocrx_word' id='word_1_35' title='bbox 1334 788 1478 842; x_wconf 91' lang='lat' dir='ltr'><strong>illius</strong></span> <span class='ocrx_word' id='word_1_36' title='bbox 1507 788 1579 841; x_wconf 87' lang='lat' dir='ltr'><strong>ita</strong></span> <span class='ocrx_word' id='word_1_37' title='bbox 1611 786 1864 840; x_wconf 91' lang='lat' dir='ltr'><strong>dentibus</strong></span> <span class='ocrx_word' id='word_1_38' title='bbox 1898 782 2144 846; x_wconf 89' lang='lat' dir='ltr'><strong>laniavit,</strong></span> 
     </span>
    </p>
   </div>
   <div class='ocr_carea' id='block_1_6' title="bbox 577 875 2146 941">
    <p class='ocr_par' dir='ltr' id='par_1_6' title="bbox 577 875 2146 941">
     <span class='ocr_line' id='line_1_6' title="bbox 577 875 2146 941; baseline -0.008 -2"><span class='ocrx_word' id='word_1_39' title='bbox 577 897 635 939; x_wconf 86' lang='lat' dir='ltr'><strong>ut</strong></span> <span class='ocrx_word' id='word_1_40' title='bbox 684 885 868 941; x_wconf 86' lang='lat' dir='ltr'><strong>statim</strong></span> <span class='ocrx_word' id='word_1_41' title='bbox 904 886 955 938; x_wconf 91' lang='lat' dir='ltr'><strong>in</strong></span> <span class='ocrx_word' id='word_1_42' title='bbox 998 882 1188 937; x_wconf 81' lang='lat' dir='ltr'><strong>urbem</strong></span> <span class='ocrx_word' id='word_1_43' title='bbox 1222 882 1433 937; x_wconf 85' lang='lat' dir='ltr'><strong>delatus</strong></span> <span class='ocrx_word' id='word_1_44' title='bbox 1482 881 1619 935; x_wconf 84' lang='lat' dir='ltr'><strong>intra</strong></span> <span class='ocrx_word' id='word_1_45' title='bbox 1672 879 1905 933; x_wconf 84' lang='lat' dir='ltr'><strong>triduum</strong></span> <span class='ocrx_word' id='word_1_46' title='bbox 1950 875 2146 930; x_wconf 87' lang='lat' dir='ltr'><strong>obiret.</strong></span> 
     </span>
    </p>
   </div>
   <div class='ocr_carea' id='block_1_7' title="bbox 576 971 2149 1047">
    <p class='ocr_par' dir='ltr' id='par_1_7' title="bbox 576 971 2149 1047">
     <span class='ocr_line' id='line_1_7' title="bbox 576 971 2149 1047; baseline -0.006 -12"><span class='ocrx_word' id='word_1_47' title='bbox 576 981 729 1047; x_wconf 84' lang='lat' dir='ltr'><strong>Quod</strong></span> <span class='ocrx_word' id='word_1_48' title='bbox 755 995 823 1035; x_wconf 93' lang='lat' dir='ltr'><strong>ex</strong></span> <span class='ocrx_word' id='word_1_49' title='bbox 855 979 1035 1033; x_wconf 89' lang='lat' dir='ltr'><strong>divina</strong></span> <span class='ocrx_word' id='word_1_50' title='bbox 1063 977 1271 1032; x_wconf 89' lang='lat' dir='ltr'><strong>ultione</strong></span> <span class='ocrx_word' id='word_1_51' title='bbox 1296 976 1499 1031; x_wconf 89' lang='lat' dir='ltr'><strong>factum</strong></span> <span class='ocrx_word' id='word_1_52' title='bbox 1523 991 1681 1032; x_wconf 89' lang='lat' dir='ltr'><strong>nemo</strong></span> <span class='ocrx_word' id='word_1_53' title='bbox 1722 989 1827 1029; x_wconf 91' lang='lat' dir='ltr'><strong>non</strong></span> <span class='ocrx_word' id='word_1_54' title='bbox 1854 971 2149 1027; x_wconf 81' lang='lat' dir='ltr'><strong>arbitratus</strong></span> 
     </span>
    </p>
   </div>
   <div class='ocr_carea' id='block_1_8' title="bbox 575 1079 681 1125">
    <p class='ocr_par' dir='ltr' id='par_1_8' title="bbox 575 1079 681 1125">
     <span class='ocr_line' id='line_1_8' title="bbox 575 1079 681 1125; baseline 0.019 -2"><span class='ocrx_word' id='word_1_55' title='bbox 575 1079 681 1125; x_wconf 88' lang='lat' dir='ltr'><strong>est.</strong></span> 
     </span>
    </p>
   </div>
   <div class='ocr_carea' id='block_1_9' title="bbox 645 1155 2151 1232">
    <p class='ocr_par' dir='ltr' id='par_1_9' title="bbox 645 1155 2151 1232">
     <span class='ocr_line' id='line_1_9' title="bbox 645 1155 2151 1232; baseline -0.003 -16"><span class='ocrx_word' id='word_1_56' title='bbox 645 1161 700 1216; x_wconf 72' lang='grc'><strong>4.</strong></span> <span class='ocrx_word' id='word_1_57' title='bbox 744 1162 991 1232; x_wconf 80' lang='lat' dir='ltr'><strong>Synodus</strong></span> <span class='ocrx_word' id='word_1_58' title='bbox 1029 1163 1285 1218; x_wconf 81' lang='lat' dir='ltr'><strong>Romana.</strong></span> <span class='ocrx_word' id='word_1_59' title='bbox 1324 1190 1394 1201; x_wconf 91' lang='lat'>—</span> <span class='ocrx_word' id='word_1_60' title='bbox 1422 1160 1608 1230; x_wconf 80' lang='lat' dir='ltr'><strong>Legati</strong></span> <span class='ocrx_word' id='word_1_61' title='bbox 1653 1159 1862 1213; x_wconf 79' lang='lat' dir='ltr'><strong>interea</strong></span> <span class='ocrx_word' id='word_1_62' title='bbox 1907 1155 2151 1228; x_wconf 83' lang='lat' dir='ltr'><strong>Elpidius</strong></span> 
     </span>
    </p>
   </div>
   <div class='ocr_carea' id='block_1_10' title="bbox 578 1248 2153 1321">
    <p class='ocr_par' dir='ltr' id='par_1_10' title="bbox 578 1248 2153 1321">
     <span class='ocr_line' id='line_1_10' title="bbox 578 1248 2153 1321; baseline -0.002 -17"><span class='ocrx_word' id='word_1_63' title='bbox 578 1261 633 1305; x_wconf 91' lang='lat' dir='ltr'><strong>et</strong></span> <span class='ocrx_word' id='word_1_64' title='bbox 662 1250 994 1307; x_wconf 82' lang='lat' dir='ltr'><strong>Philoxenus</strong></span> <span class='ocrx_word' id='word_1_65' title='bbox 1028 1254 1312 1308; x_wconf 82' lang='lat' dir='ltr'><strong>Antiochia</strong></span> <span class='ocrx_word' id='word_1_66' title='bbox 1343 1250 1598 1321; x_wconf 87' lang='lat' dir='ltr'><strong>profecti.</strong></span> <span class='ocrx_word' id='word_1_67' title='bbox 1623 1248 1849 1304; x_wconf 81' lang='lat' dir='ltr'><strong>Romam</strong></span> <span class='ocrx_word' id='word_1_68' title='bbox 1878 1248 2153 1304; x_wconf 85' lang='lat' dir='ltr'><strong>transmit-</strong></span> 
     </span>
    </p>
   </div>
   <div class='ocr_carea' id='block_1_11' title="bbox 580 1340 2156 1414">
    <p class='ocr_par' dir='ltr' id='par_1_11' title="bbox 580 1340 2156 1414">
     <span class='ocr_line' id='line_1_11' title="bbox 580 1340 2156 1414; baseline -0.001 -19"><span class='ocrx_word' id='word_1_69' title='bbox 580 1350 698 1397; x_wconf 89' lang='lat' dir='ltr'><strong>tunt</strong></span> <span class='ocrx_word' id='word_1_70' title='bbox 720 1342 822 1411; x_wconf 85' lang='lat' dir='ltr'><strong>fa),</strong></span> <span class='ocrx_word' id='word_1_71' title='bbox 870 1341 1120 1414; x_wconf 72' lang='lat' dir='ltr'><strong>Iulioque</strong></span> <span class='ocrx_word' id='word_1_72' title='bbox 1145 1343 1378 1399; x_wconf 85' lang='lat' dir='ltr'><strong>oﬁ&#39;erunt</strong></span> <span class='ocrx_word' id='word_1_73' title='bbox 1410 1342 1761 1396; x_wconf 76' lang='lat' dir='ltr'><strong>Antiochenze</strong></span> <span class='ocrx_word' id='word_1_74' title='bbox 1799 1340 1987 1411; x_wconf 87' lang='lat' dir='ltr'><strong>synodi</strong></span> <span class='ocrx_word' id='word_1_75' title='bbox 2020 1340 2156 1393; x_wconf 77' lang='lat' dir='ltr'><strong>litte-</strong></span> 
     </span>
    </p>
   </div>
   <div class='ocr_carea' id='block_1_12' title="bbox 582 1431 2151 1506">
    <p class='ocr_par' dir='ltr' id='par_1_12' title="bbox 582 1431 2151 1506">
     <span class='ocr_line' id='line_1_12' title="bbox 582 1431 2151 1506; baseline -0.003 -18"><span class='ocrx_word' id='word_1_76' title='bbox 582 1450 689 1489; x_wconf 77' lang='lat' dir='ltr'><strong>ms.</strong></span> <span class='ocrx_word' id='word_1_77' title='bbox 721 1433 912 1489; x_wconf 91' lang='lat' dir='ltr'><strong>Lectas</strong></span> <span class='ocrx_word' id='word_1_78' title='bbox 933 1435 1108 1491; x_wconf 83' lang='lat' dir='ltr'><strong>Julius</strong></span> <span class='ocrx_word' id='word_1_79' title='bbox 1132 1435 1445 1506; x_wconf 83' lang='lat' dir='ltr'><strong>aliquandiu</strong></span> <span class='ocrx_word' id='word_1_80' title='bbox 1488 1448 1654 1503; x_wconf 86' lang='lat' dir='ltr'><strong>penes</strong></span> <span class='ocrx_word' id='word_1_81' title='bbox 1675 1449 1734 1489; x_wconf 92' lang='lat' dir='ltr'><strong>se</strong></span> <span class='ocrx_word' id='word_1_82' title='bbox 1765 1433 1939 1488; x_wconf 88' lang='lat' dir='ltr'><strong>tenuit</strong></span> <span class='ocrx_word' id='word_1_83' title='bbox 1966 1431 2151 1486; x_wconf 79' lang='lat' dir='ltr'><strong>occul—</strong></span> 
     </span>
    </p>
   </div>
   <div class='ocr_carea' id='block_1_13' title="bbox 581 1524 2151 1597">
    <p class='ocr_par' dir='ltr' id='par_1_13' title="bbox 581 1524 2151 1597">
     <span class='ocr_line' id='line_1_13' title="bbox 581 1524 2151 1597; baseline -0.008 -8"><span class='ocrx_word' id='word_1_84' title='bbox 581 1533 685 1588; x_wconf 65' lang='lat' dir='ltr'><strong>las.</strong></span> <span class='ocrx_word' id='word_1_85' title='bbox 715 1541 863 1595; x_wconf 88' lang='lat' dir='ltr'><strong>spem</strong></span> <span class='ocrx_word' id='word_1_86' title='bbox 895 1542 1016 1582; x_wconf 87' lang='lat' dir='ltr'><strong>esse.</strong></span> <span class='ocrx_word' id='word_1_87' title='bbox 1040 1536 1233 1597; x_wconf 90' lang='lat' dir='ltr'><strong>putans</strong></span> <span class='ocrx_word' id='word_1_88' title='bbox 1263 1528 1547 1583; x_wconf 90' lang='lat' dir='ltr'><strong>nonnullos</strong></span> <span class='ocrx_word' id='word_1_89' title='bbox 1569 1526 1758 1583; x_wconf 86' lang='lat' dir='ltr'><strong>saltem</strong></span> <span class='ocrx_word' id='word_1_90' title='bbox 1797 1524 2151 1581; x_wconf 88' lang='lat' dir='ltr'><strong>Orientalium</strong></span> 
     </span>
    </p>
   </div>
   <div class='ocr_carea' id='block_1_14' title="bbox 580 1615 2153 1687">
    <p class='ocr_par' dir='ltr' id='par_1_14' title="bbox 580 1615 2153 1687">
     <span class='ocr_line' id='line_1_14' title="bbox 580 1615 2153 1687; baseline -0.001 -17"><span class='ocrx_word' id='word_1_91' title='bbox 580 1633 917 1682; x_wconf 81' lang='lat' dir='ltr'><strong>accessuros,</strong></span> <span class='ocrx_word' id='word_1_92' title='bbox 971 1628 1135 1687; x_wconf 89' lang='lat' dir='ltr'><strong>atque</strong></span> <span class='ocrx_word' id='word_1_93' title='bbox 1166 1621 1237 1673; x_wconf 90' lang='lat' dir='ltr'><strong>ita</strong></span> <span class='ocrx_word' id='word_1_94' title='bbox 1284 1619 1511 1687; x_wconf 80' lang='lat' dir='ltr'><strong>integris</strong></span> <span class='ocrx_word' id='word_1_95' title='bbox 1546 1620 1709 1677; x_wconf 88' lang='lat' dir='ltr'><strong>rebus</strong></span> <span class='ocrx_word' id='word_1_96' title='bbox 1743 1631 1903 1685; x_wconf 90' lang='lat' dir='ltr'><strong>posse</strong></span> <span class='ocrx_word' id='word_1_97' title='bbox 1943 1615 2153 1670; x_wconf 82' lang='lat' dir='ltr'><strong>litteras</strong></span> 
     </span>
    </p>
   </div>
   <div class='ocr_carea' id='block_1_15' title="bbox 577 1707 2151 1780">
    <p class='ocr_par' dir='ltr' id='par_1_15' title="bbox 577 1707 2151 1780">
     <span class='ocr_line' id='line_1_15' title="bbox 577 1707 2151 1780; baseline -0.001 -20"><span class='ocrx_word' id='word_1_98' title='bbox 577 1708 920 1777; x_wconf 84' lang='lat' dir='ltr'><strong>querelarum</strong></span> <span class='ocrx_word' id='word_1_99' title='bbox 974 1711 1315 1780; x_wconf 84' lang='lat' dir='ltr'><strong>plenissimas</strong></span> <span class='ocrx_word' id='word_1_100' title='bbox 1366 1710 1585 1765; x_wconf 88' lang='lat' dir='ltr'><strong>Patrum</strong></span> <span class='ocrx_word' id='word_1_101' title='bbox 1641 1708 1846 1778; x_wconf 87' lang='lat' dir='ltr'><strong>subripi</strong></span> <span class='ocrx_word' id='word_1_102' title='bbox 1896 1707 2151 1761; x_wconf 62' lang='lat' dir='ltr'><strong>notitia:</strong></span> 
     </span>
    </p>
   </div>
   <div class='ocr_carea' id='block_1_16' title="bbox 581 1799 2151 1872">
    <p class='ocr_par' dir='ltr' id='par_1_16' title="bbox 581 1799 2151 1872">
     <span class='ocr_line' id='line_1_16' title="bbox 581 1799 2151 1872; baseline 0.002 -20"><span class='ocrx_word' id='word_1_103' title='bbox 581 1802 785 1858; x_wconf 84' lang='lat' dir='ltr'><strong>veritus</strong></span> <span class='ocrx_word' id='word_1_104' title='bbox 810 1802 1019 1857; x_wconf 87' lang='lat' dir='ltr'><strong>scilicet</strong></span> <span class='ocrx_word' id='word_1_105' title='bbox 1055 1820 1121 1857; x_wconf 94' lang='lat' dir='ltr'><strong>ne</strong></span> <span class='ocrx_word' id='word_1_106' title='bbox 1144 1804 1425 1857; x_wconf 86' lang='lat' dir='ltr'><strong>lectionem</strong></span> <span class='ocrx_word' id='word_1_107' title='bbox 1460 1817 1645 1857; x_wconf 90' lang='lat' dir='ltr'><strong>earnm</strong></span> <span class='ocrx_word' id='word_1_108' title='bbox 1674 1802 1888 1872; x_wconf 73' lang='lat' dir='ltr'><strong>indigne</strong></span> <span class='ocrx_word' id='word_1_109' title='bbox 1922 1799 2151 1855; x_wconf 90' lang='lat' dir='ltr'><strong>ferrent.</strong></span> 
     </span>
    </p>
   </div>
   <div class='ocr_carea' id='block_1_17' title="bbox 579 1871 2227 1966">
    <p class='ocr_par' dir='ltr' id='par_1_17' title="bbox 579 1871 2227 1966">
     <span class='ocr_line' id='line_1_17' title="bbox 579 1871 2227 1966; baseline 0 -17"><span class='ocrx_word' id='word_1_110' title='bbox 579 1895 651 1949; x_wconf 85' lang='lat' dir='ltr'><strong>At</strong></span> <span class='ocrx_word' id='word_1_111' title='bbox 675 1896 761 1949; x_wconf 91' lang='lat' dir='ltr'><strong>ubi</strong></span> <span class='ocrx_word' id='word_1_112' title='bbox 794 1910 942 1965; x_wconf 88' lang='lat' dir='ltr'><strong>spem</strong></span> <span class='ocrx_word' id='word_1_113' title='bbox 968 1896 1070 1949; x_wconf 87' lang='lat' dir='ltr'><strong>sibi</strong></span> <span class='ocrx_word' id='word_1_114' title='bbox 1101 1897 1381 1966; x_wconf 64' lang='lat' dir='ltr'><strong>praecisam</strong></span> <span class='ocrx_word' id='word_1_115' title='bbox 1408 1896 1692 1961; x_wconf 85' lang='lat' dir='ltr'><strong>intellexit,</strong></span> <span class='ocrx_word' id='word_1_116' title='bbox 1725 1894 2007 1963; x_wconf 88' lang='lat' dir='ltr'><strong>epistolam</strong></span> <span class='ocrx_word' id='word_1_117' title='bbox 2034 1910 2157 1963; x_wconf 84' lang='lat' dir='ltr'><strong>pro—</strong></span> <span class='ocrx_word' id='word_1_118' title='bbox 2185 1871 2227 1925; x_wconf 70' lang='grc' dir='ltr'>Β</span> 
     </span>
    </p>
   </div>
   <div class='ocr_carea' id='block_1_18' title="bbox 584 1985 2156 2057">
    <p class='ocr_par' dir='ltr' id='par_1_18' title="bbox 584 1985 2156 2057">
     <span class='ocr_line' id='line_1_18' title="bbox 584 1985 2156 2057; baseline 0 -18"><span class='ocrx_word' id='word_1_119' title='bbox 584 1986 685 2040; x_wconf 90' lang='lat' dir='ltr'><strong>fert</strong></span> <span class='ocrx_word' id='word_1_120' title='bbox 711 2005 726 2041; x_wconf 86' lang='lat'><strong>:</strong></span> <span class='ocrx_word' id='word_1_121' title='bbox 758 2003 861 2057; x_wconf 91' lang='lat' dir='ltr'><strong>qua</strong></span> <span class='ocrx_word' id='word_1_122' title='bbox 893 1988 1127 2057; x_wconf 81' lang='lat' dir='ltr'><strong>perlecta</strong></span> <span class='ocrx_word' id='word_1_123' title='bbox 1156 2028 1171 2053; x_wconf 94' lang='lat'><strong>,</strong></span> <span class='ocrx_word' id='word_1_124' title='bbox 1205 1997 1397 2055; x_wconf 88' lang='lat' dir='ltr'><strong>stupor</strong></span> <span class='ocrx_word' id='word_1_125' title='bbox 1443 1990 1617 2057; x_wconf 91' lang='lat' dir='ltr'><strong>primo</strong></span> <span class='ocrx_word' id='word_1_126' title='bbox 1642 2026 1657 2053; x_wconf 89' lang='lat'><strong>,</strong></span> <span class='ocrx_word' id='word_1_127' title='bbox 1695 1987 1823 2042; x_wconf 91' lang='lat' dir='ltr'><strong>hinc</strong></span> <span class='ocrx_word' id='word_1_128' title='bbox 1855 1985 2156 2057; x_wconf 82' lang='lat' dir='ltr'><strong>indignatio</strong></span> 
     </span>
    </p>
   </div>
   <div class='ocr_carea' id='block_1_19' title="bbox 580 2076 2156 2148">
    <p class='ocr_par' dir='ltr' id='par_1_19' title="bbox 580 2076 2156 2148">
     <span class='ocr_line' id='line_1_19' title="bbox 580 2076 2156 2148; baseline 0.002 -19"><span class='ocrx_word' id='word_1_129' title='bbox 580 2094 770 2133; x_wconf 84' lang='lat' dir='ltr'><strong>omnes</strong></span> <span class='ocrx_word' id='word_1_130' title='bbox 821 2080 1039 2134; x_wconf 79' lang='lat' dir='ltr'><strong>invasit.</strong></span> <span class='ocrx_word' id='word_1_131' title='bbox 1090 2076 1276 2133; x_wconf 87' lang='lat' dir='ltr'><strong>Coacti</strong></span> <span class='ocrx_word' id='word_1_132' title='bbox 1324 2080 1509 2147; x_wconf 90' lang='lat' dir='ltr'><strong>itaque</strong></span> <span class='ocrx_word' id='word_1_133' title='bbox 1540 2079 1803 2147; x_wconf 65' lang='lat' dir='ltr'><strong>praesules</strong></span> <span class='ocrx_word' id='word_1_134' title='bbox 1843 2077 1963 2148; x_wconf 90' lang='lat' dir='ltr'><strong>plus</strong></span> <span class='ocrx_word' id='word_1_135' title='bbox 1994 2078 2156 2146; x_wconf 87' lang='lat' dir='ltr'><strong>quin-</strong></span> 
     </span>
    </p>
   </div>
   <div class='ocr_carea' id='block_1_20' title="bbox 581 2170 2158 2241">
    <p class='ocr_par' dir='ltr' id='par_1_20' title="bbox 581 2170 2158 2241">
     <span class='ocr_line' id='line_1_20' title="bbox 581 2170 2158 2241; baseline 0.003 -20"><span class='ocrx_word' id='word_1_136' title='bbox 581 2172 838 2238; x_wconf 87' lang='lat' dir='ltr'><strong>quaginta</strong></span> <span class='ocrx_word' id='word_1_137' title='bbox 917 2187 1141 2227; x_wconf 92' lang='lat' dir='ltr'><strong>numero</strong></span> <span class='ocrx_word' id='word_1_138' title='bbox 1199 2173 1251 2225; x_wconf 93' lang='lat' dir='ltr'><strong>in</strong></span> <span class='ocrx_word' id='word_1_139' title='bbox 1307 2173 1535 2227; x_wconf 88' lang='lat' dir='ltr'><strong>ecclesia</strong></span> <span class='ocrx_word' id='word_1_140' title='bbox 1600 2170 1777 2225; x_wconf 81' lang='lat' dir='ltr'><strong>Vitoni</strong></span> <span class='ocrx_word' id='word_1_141' title='bbox 1841 2171 2158 2241; x_wconf 88' lang='lat' dir='ltr'><strong>presbytero</strong></span> 
     </span>
    </p>
   </div>
   <div class='ocr_carea' id='block_1_21' title="bbox 582 2262 2155 2328">
    <p class='ocr_par' dir='ltr' id='par_1_21' title="bbox 582 2262 2155 2328">
     <span class='ocr_line' id='line_1_21' title="bbox 582 2262 2155 2328; baseline 0.003 -16"><span class='ocrx_word' id='word_1_142' title='bbox 582 2262 1265 2328; x_wconf 81' lang='lat' dir='ltr'><strong>commissa,Athanasium</strong></span> <span class='ocrx_word' id='word_1_143' title='bbox 1290 2278 1472 2318; x_wconf 92' lang='lat' dir='ltr'><strong>coram</strong></span> <span class='ocrx_word' id='word_1_144' title='bbox 1501 2263 1884 2317; x_wconf 87' lang='lat' dir='ltr'><strong>consistentem</strong></span> <span class='ocrx_word' id='word_1_145' title='bbox 1914 2263 2155 2316; x_wconf 89' lang='lat' dir='ltr'><strong>audiunt.</strong></span> 
     </span>
    </p>
   </div>
   <div class='ocr_carea' id='block_1_22' title="bbox 582 2348 2156 2423">
    <p class='ocr_par' dir='ltr' id='par_1_22' title="bbox 582 2348 2156 2423">
     <span class='ocr_line' id='line_1_22' title="bbox 582 2348 2156 2423; baseline 0.001 -21"><span class='ocrx_word' id='word_1_146' title='bbox 582 2348 633 2403; x_wconf 90' lang='lat' dir='ltr'><strong>ls</strong></span> <span class='ocrx_word' id='word_1_147' title='bbox 664 2350 844 2404; x_wconf 86' lang='lat' dir='ltr'><strong>oblata</strong></span> <span class='ocrx_word' id='word_1_148' title='bbox 872 2352 1103 2405; x_wconf 90' lang='lat' dir='ltr'><strong>crimina</strong></span> <span class='ocrx_word' id='word_1_149' title='bbox 1137 2352 1456 2423; x_wconf 84' lang='lat' dir='ltr'><strong>propulsat,</strong></span> <span class='ocrx_word' id='word_1_150' title='bbox 1490 2363 1651 2422; x_wconf 89' lang='lat' dir='ltr'><strong>atque</strong></span> <span class='ocrx_word' id='word_1_151' title='bbox 1707 2367 1772 2406; x_wconf 84' lang='lat' dir='ltr'><strong>ex</strong></span> <span class='ocrx_word' id='word_1_152' title='bbox 1815 2352 1946 2421; x_wconf 80' lang='lat' dir='ltr'><strong>ipsis</strong></span> <span class='ocrx_word' id='word_1_153' title='bbox 1978 2366 2156 2404; x_wconf 89' lang='lat' dir='ltr'><strong>rerum</strong></span> 
     </span>
    </p>
   </div>
   <div class='ocr_carea' id='block_1_23' title="bbox 588 2444 2157 2511">
    <p class='ocr_par' dir='ltr' id='par_1_23' title="bbox 588 2444 2157 2511">
     <span class='ocr_line' id='line_1_23' title="bbox 588 2444 2157 2511; baseline 0.001 -16"><span class='ocrx_word' id='word_1_154' title='bbox 588 2453 860 2511; x_wconf 84' lang='lat' dir='ltr'><strong>gestarum</strong></span> <span class='ocrx_word' id='word_1_155' title='bbox 895 2445 1257 2499; x_wconf 91' lang='lat' dir='ltr'><strong>monumentis</strong></span> <span class='ocrx_word' id='word_1_156' title='bbox 1300 2444 1531 2499; x_wconf 91' lang='lat' dir='ltr'><strong>conﬁcta</strong></span> <span class='ocrx_word' id='word_1_157' title='bbox 1564 2485 1579 2509; x_wconf 90' lang='lat'><strong>,</strong></span> <span class='ocrx_word' id='word_1_158' title='bbox 1625 2454 1680 2499; x_wconf 87' lang='lat' dir='ltr'><strong>et</strong></span> <span class='ocrx_word' id='word_1_159' title='bbox 1730 2444 2157 2497; x_wconf 85' lang='lat' dir='ltr'><strong>adversariorum</strong></span> 
     </span>
    </p>
   </div>
   <div class='ocr_carea' id='block_1_24' title="bbox 586 2532 2159 2602">
    <p class='ocr_par' dir='ltr' id='par_1_24' title="bbox 586 2532 2159 2602">
     <span class='ocr_line' id='line_1_24' title="bbox 586 2532 2159 2602; baseline 0.001 -18"><span class='ocrx_word' id='word_1_160' title='bbox 586 2532 995 2601; x_wconf 84' lang='lat' dir='ltr'><strong>conspiratione</strong></span> <span class='ocrx_word' id='word_1_161' title='bbox 1025 2534 1351 2587; x_wconf 82' lang='lat' dir='ltr'><strong>concinnata</strong></span> <span class='ocrx_word' id='word_1_162' title='bbox 1379 2534 1636 2590; x_wconf 87' lang='lat' dir='ltr'><strong>ostendit.</strong></span> <span class='ocrx_word' id='word_1_163' title='bbox 1669 2533 1875 2602; x_wconf 85' lang='lat' dir='ltr'><strong>Quibus</strong></span> <span class='ocrx_word' id='word_1_164' title='bbox 1906 2532 1981 2587; x_wconf 92' lang='lat' dir='ltr'><strong>illi</strong></span> <span class='ocrx_word' id='word_1_165' title='bbox 2033 2549 2159 2602; x_wconf 90' lang='lat' dir='ltr'><strong>per-</strong></span> 
     </span>
    </p>
   </div>
   <div class='ocr_carea' id='block_1_25' title="bbox 584 2623 2161 2691">
    <p class='ocr_par' dir='ltr' id='par_1_25' title="bbox 584 2623 2161 2691">
     <span class='ocr_line' id='line_1_25' title="bbox 584 2623 2161 2691; baseline 0.003 -17"><span class='ocrx_word' id='word_1_166' title='bbox 584 2623 979 2691; x_wconf 87' lang='lat' dir='ltr'><strong>spectis,virum</strong></span> <span class='ocrx_word' id='word_1_167' title='bbox 995 2625 1061 2677; x_wconf 89' lang='lat' dir='ltr'><strong>ad</strong></span> <span class='ocrx_word' id='word_1_168' title='bbox 1079 2626 1499 2681; x_wconf 79' lang='lat' dir='ltr'><strong>ecclesiasticam</strong></span> <span class='ocrx_word' id='word_1_169' title='bbox 1516 2627 1946 2681; x_wconf 88' lang='lat' dir='ltr'><strong>communionem</strong></span> <span class='ocrx_word' id='word_1_170' title='bbox 1965 2626 2161 2681; x_wconf 89' lang='lat' dir='ltr'><strong>admit-</strong></span> 
     </span>
    </p>
   </div>
   <div class='ocr_carea' id='block_1_26' title="bbox 588 2715 2159 2787">
    <p class='ocr_par' dir='ltr' id='par_1_26' title="bbox 588 2715 2159 2787">
     <span class='ocr_line' id='line_1_26' title="bbox 588 2715 2159 2787; baseline 0.005 -22"><span class='ocrx_word' id='word_1_171' title='bbox 588 2715 804 2768; x_wconf 90' lang='lat' dir='ltr'><strong>tendum</strong></span> <span class='ocrx_word' id='word_1_172' title='bbox 828 2716 1166 2780; x_wconf 87' lang='lat' dir='ltr'><strong>decernunt,</strong></span> <span class='ocrx_word' id='word_1_173' title='bbox 1197 2726 1250 2771; x_wconf 93' lang='lat' dir='ltr'><strong>et</strong></span> <span class='ocrx_word' id='word_1_174' title='bbox 1286 2735 1381 2787; x_wconf 92' lang='lat' dir='ltr'><strong>pro</strong></span> <span class='ocrx_word' id='word_1_175' title='bbox 1406 2719 1576 2773; x_wconf 90' lang='lat' dir='ltr'><strong>irritis</strong></span> <span class='ocrx_word' id='word_1_176' title='bbox 1605 2718 1848 2773; x_wconf 89' lang='lat' dir='ltr'><strong>habenda</strong></span> <span class='ocrx_word' id='word_1_177' title='bbox 1899 2717 2159 2773; x_wconf 88' lang='lat' dir='ltr'><strong>factioso-</strong></span> 
     </span>
    </p>
   </div>
   <div class='ocr_carea' id='block_1_27' title="bbox 588 2808 2158 2881">
    <p class='ocr_par' dir='ltr' id='par_1_27' title="bbox 588 2808 2158 2881">
     <span class='ocr_line' id='line_1_27' title="bbox 588 2808 2158 2881; baseline 0.004 -23"><span class='ocrx_word' id='word_1_178' title='bbox 588 2822 705 2859; x_wconf 91' lang='lat' dir='ltr'><strong>rum</strong></span> <span class='ocrx_word' id='word_1_179' title='bbox 752 2808 889 2862; x_wconf 90' lang='lat' dir='ltr'><strong>scita</strong></span> <span class='ocrx_word' id='word_1_180' title='bbox 935 2809 1226 2864; x_wconf 90' lang='lat' dir='ltr'><strong>deﬁniunt.</strong></span> <span class='ocrx_word' id='word_1_181' title='bbox 1258 2810 1567 2866; x_wconf 84' lang='lat' dir='ltr'><strong>Marcellum</strong></span> <span class='ocrx_word' id='word_1_182' title='bbox 1598 2812 1822 2881; x_wconf 89' lang='lat' dir='ltr'><strong>pariter,</strong></span> <span class='ocrx_word' id='word_1_183' title='bbox 1873 2823 2158 2881; x_wconf 88' lang='lat' dir='ltr'><strong>postquam</strong></span> 
     </span>
    </p>
   </div>
   <div class='ocr_carea' id='block_1_28' title="bbox 586 2902 2161 2973">
    <p class='ocr_par' dir='ltr' id='par_1_28' title="bbox 586 2902 2161 2973">
     <span class='ocr_line' id='line_1_28' title="bbox 586 2902 2161 2973; baseline 0.003 -22"><span class='ocrx_word' id='word_1_184' title='bbox 586 2913 705 2953; x_wconf 86' lang='lat' dir='ltr'><strong>sese</strong></span> <span class='ocrx_word' id='word_1_185' title='bbox 738 2910 1080 2969; x_wconf 78' lang='lat' dir='ltr'><strong>purgaverat,</strong></span> <span class='ocrx_word' id='word_1_186' title='bbox 1114 2903 1400 2972; x_wconf 89' lang='lat' dir='ltr'><strong>recipiunt,</strong></span> <span class='ocrx_word' id='word_1_187' title='bbox 1447 2904 1685 2972; x_wconf 88' lang='lat' dir='ltr'><strong>itemque</strong></span> <span class='ocrx_word' id='word_1_188' title='bbox 1713 2902 1852 2958; x_wconf 91' lang='lat' dir='ltr'><strong>alios</strong></span> <span class='ocrx_word' id='word_1_189' title='bbox 1877 2903 2161 2973; x_wconf 67' lang='lat' dir='ltr'><strong>episcopos</strong></span> 
     </span>
    </p>
   </div>
   <div class='ocr_carea' id='block_1_29' title="bbox 586 2991 1591 3063">
    <p class='ocr_par' dir='ltr' id='par_1_29' title="bbox 586 2991 1591 3063">
     <span class='ocr_line' id='line_1_29' title="bbox 586 2991 1591 3063; baseline 0.006 -21"><span class='ocrx_word' id='word_1_190' title='bbox 586 2991 703 3059; x_wconf 87' lang='lat' dir='ltr'><strong>pari</strong></span> <span class='ocrx_word' id='word_1_191' title='bbox 734 2992 966 3046; x_wconf 87' lang='lat' dir='ltr'><strong>artificio</strong></span> <span class='ocrx_word' id='word_1_192' title='bbox 992 3002 1047 3047; x_wconf 89' lang='lat' dir='ltr'><strong>et</strong></span> <span class='ocrx_word' id='word_1_193' title='bbox 1074 2993 1359 3063; x_wconf 83' lang='lat' dir='ltr'><strong>iniquitate</strong></span> <span class='ocrx_word' id='word_1_194' title='bbox 1386 2994 1591 3062; x_wconf 90' lang='lat' dir='ltr'><strong>pulsos.</strong></span> 
     </span>
    </p>
   </div>
   <div class='ocr_carea' id='block_1_30' title="bbox 657 3081 2158 3156">
    <p class='ocr_par' dir='ltr' id='par_1_30' title="bbox 657 3081 2158 3156">
     <span class='ocr_line' id='line_1_30' title="bbox 657 3081 2158 3156; baseline 0.003 -20"><span class='ocrx_word' id='word_1_195' title='bbox 657 3084 710 3136; x_wconf 87' lang='lat'><strong>5.</strong></span> <span class='ocrx_word' id='word_1_196' title='bbox 744 3081 985 3152; x_wconf 79' lang='lat' dir='ltr'><strong>Epistula</strong></span> <span class='ocrx_word' id='word_1_197' title='bbox 1012 3084 1149 3139; x_wconf 81' lang='lat' dir='ltr'><strong>Julii</strong></span> <span class='ocrx_word' id='word_1_198' title='bbox 1170 3087 1421 3156; x_wconf 81' lang='lat' dir='ltr'><strong>synodica</strong></span> <span class='ocrx_word' id='word_1_199' title='bbox 1457 3089 1526 3140; x_wconf 84' lang='lat' dir='ltr'><strong>ad</strong></span> <span class='ocrx_word' id='word_1_200' title='bbox 1549 3086 1896 3142; x_wconf 78' lang='lat' dir='ltr'><strong>Eusebianos.</strong></span> <span class='ocrx_word' id='word_1_201' title='bbox 1924 3116 1997 3128; x_wconf 89' lang='grc'><strong><em>--</em></strong></span> <span class='ocrx_word' id='word_1_202' title='bbox 2021 3085 2158 3140; x_wconf 82' lang='lat' dir='ltr'><strong>Tum</strong></span> 
     </span>
    </p>
   </div>
   <div class='ocr_carea' id='block_1_31' title="bbox 584 3172 2229 3278">
    <p class='ocr_par' dir='ltr' id='par_1_31' title="bbox 584 3172 2229 3278">
     <span class='ocr_line' id='line_1_31' title="bbox 584 3172 2229 3278; baseline 0.004 -51"><span class='ocrx_word' id='word_1_203' title='bbox 584 3172 761 3229; x_wconf 83' lang='lat' dir='ltr'><strong>Julius</strong></span> <span class='ocrx_word' id='word_1_204' title='bbox 787 3177 1124 3245; x_wconf 89' lang='lat' dir='ltr'><strong>conscriptas</strong></span> <span class='ocrx_word' id='word_1_205' title='bbox 1144 3179 1362 3232; x_wconf 87' lang='lat' dir='ltr'><strong>hortatu</strong></span> <span class='ocrx_word' id='word_1_206' title='bbox 1387 3179 1576 3249; x_wconf 85' lang='lat' dir='ltr'><strong>synodi</strong></span> <span class='ocrx_word' id='word_1_207' title='bbox 1602 3179 1814 3234; x_wconf 80' lang='lat' dir='ltr'><strong>litteras</strong></span> <span class='ocrx_word' id='word_1_208' title='bbox 1844 3195 1940 3250; x_wconf 88' lang='lat' dir='ltr'><strong>per</strong></span> <span class='ocrx_word' id='word_1_209' title='bbox 1966 3178 2159 3236; x_wconf 89' lang='lat' dir='ltr'><strong>Gabia-</strong></span> <span class='ocrx_word' id='word_1_210' title='bbox 2186 3218 2229 3278; x_wconf 65' lang='grc' dir='ltr'><strong>ϐ</strong></span> 
     </span>
    </p>
   </div>
   <div class='ocr_carea' id='block_1_32' title="bbox 587 3269 2155 3341">
    <p class='ocr_par' dir='ltr' id='par_1_32' title="bbox 587 3269 2155 3341">
     <span class='ocr_line' id='line_1_32' title="bbox 587 3269 2155 3341; baseline 0.003 -22"><span class='ocrx_word' id='word_1_211' title='bbox 587 3282 718 3319; x_wconf 89' lang='lat' dir='ltr'><strong>num</strong></span> <span class='ocrx_word' id='word_1_212' title='bbox 756 3269 1007 3322; x_wconf 88' lang='lat' dir='ltr'><strong>comitem</strong></span> <span class='ocrx_word' id='word_1_213' title='bbox 1058 3271 1123 3324; x_wconf 90' lang='lat' dir='ltr'><strong>ad</strong></span> <span class='ocrx_word' id='word_1_214' title='bbox 1164 3271 1537 3325; x_wconf 86' lang='lat' dir='ltr'><strong>Antiochenos</strong></span> <span class='ocrx_word' id='word_1_215' title='bbox 1567 3270 1713 3326; x_wconf 85' lang='lat' dir='ltr'><strong>misit</strong></span> <span class='ocrx_word' id='word_1_216' title='bbox 1742 3272 1838 3341; x_wconf 73' lang='grc' dir='ltr'><strong>(ὁ),</strong></span> <span class='ocrx_word' id='word_1_217' title='bbox 1875 3285 2155 3341; x_wconf 90' lang='lat' dir='ltr'><strong>nuncupa-</strong></span> 
     </span>
    </p>
   </div>
   <div class='ocr_carea' id='block_1_33' title="bbox 586 3359 2166 3433">
    <p class='ocr_par' dir='ltr' id='par_1_33' title="bbox 586 3359 2166 3433">
     <span class='ocr_line' id='line_1_33' title="bbox 586 3359 2166 3433; baseline 0.003 -21"><span class='ocrx_word' id='word_1_218' title='bbox 586 3367 674 3414; x_wconf 75' lang='lat' dir='ltr'><strong>tas</strong></span> <span class='ocrx_word' id='word_1_219' title='bbox 700 3359 905 3412; x_wconf 86' lang='lat' dir='ltr'><strong>scilicet</strong></span> <span class='ocrx_word' id='word_1_220' title='bbox 935 3361 1000 3414; x_wconf 85' lang='lat' dir='ltr'><strong>ad</strong></span> <span class='ocrx_word' id='word_1_221' title='bbox 1027 3362 1272 3429; x_wconf 81' lang='lat' dir='ltr'><strong>Danium,</strong></span> <span class='ocrx_word' id='word_1_222' title='bbox 1311 3377 1471 3433; x_wconf 89' lang='lat' dir='ltr'><strong>quem</strong></span> <span class='ocrx_word' id='word_1_223' title='bbox 1495 3380 1593 3418; x_wconf 92' lang='lat' dir='ltr'><strong>nos</strong></span> <span class='ocrx_word' id='word_1_224' title='bbox 1625 3363 1961 3432; x_wconf 83' lang='lat' dir='ltr'><strong>Theoguium</strong></span> <span class='ocrx_word' id='word_1_225' title='bbox 1997 3363 2166 3416; x_wconf 69' lang='lat' dir='ltr'><strong>Nicat-</strong></span> 
     </span>
    </p>
   </div>
   <div class='ocr_carea' id='block_1_34' title="bbox 590 3452 2160 3523">
    <p class='ocr_par' dir='ltr' id='par_1_34' title="bbox 590 3452 2160 3523">
     <span class='ocr_line' id='line_1_34' title="bbox 590 3452 2160 3523; baseline 0.004 -21"><span class='ocrx_word' id='word_1_226' title='bbox 590 3466 716 3503; x_wconf 90' lang='lat' dir='ltr'><strong>uum</strong></span> <span class='ocrx_word' id='word_1_227' title='bbox 757 3452 1109 3519; x_wconf 89' lang='lat' dir='ltr'><strong>arbitramur,</strong></span> <span class='ocrx_word' id='word_1_228' title='bbox 1144 3455 1453 3523; x_wconf 87' lang='lat' dir='ltr'><strong>Flacillum,</strong></span> <span class='ocrx_word' id='word_1_229' title='bbox 1486 3456 1797 3521; x_wconf 88' lang='lat' dir='ltr'><strong>Eusebium,</strong></span> <span class='ocrx_word' id='word_1_230' title='bbox 1827 3455 2160 3521; x_wconf 81' lang='lat' dir='ltr'><strong>Narcissum,</strong></span> 
     </span>
    </p>
   </div>
   <div class='ocr_carea' id='block_1_35' title="bbox 589 3536 2163 3616">
    <p class='ocr_par' dir='ltr' id='par_1_35' title="bbox 589 3536 2163 3616">
     <span class='ocr_line' id='line_1_35' title="bbox 589 3536 2163 3616; baseline 0.006 -24"><span class='ocrx_word' id='word_1_231' title='bbox 589 3536 787 3605; x_wconf 80' lang='lat' dir='ltr'><strong>Marin,</strong></span> <span class='ocrx_word' id='word_1_232' title='bbox 820 3539 1217 3609; x_wconf 80' lang='lat' dir='ltr'><strong>Macedonium,</strong></span> <span class='ocrx_word' id='word_1_233' title='bbox 1246 3544 1591 3601; x_wconf 85' lang='lat' dir='ltr'><strong>Theodorum</strong></span> <span class='ocrx_word' id='word_1_234' title='bbox 1620 3588 1635 3613; x_wconf 92' lang='lat'><strong>,</strong></span> <span class='ocrx_word' id='word_1_235' title='bbox 1666 3546 1926 3616; x_wconf 87' lang='lat' dir='ltr'><strong>aliosque.</strong></span> <span class='ocrx_word' id='word_1_236' title='bbox 1979 3546 2163 3602; x_wconf 86' lang='lat' dir='ltr'><strong>Primo</strong></span> 
     </span>
    </p>
   </div>
   <div class='ocr_carea' id='block_1_36' title="bbox 590 3632 2160 3708">
    <p class='ocr_par' dir='ltr' id='par_1_36' title="bbox 590 3632 2160 3708">
     <span class='ocr_line' id='line_1_36' title="bbox 590 3632 2160 3708; baseline 0.004 -23"><span class='ocrx_word' id='word_1_237' title='bbox 590 3639 745 3685; x_wconf 90' lang='lat' dir='ltr'><strong>notat</strong></span> <span class='ocrx_word' id='word_1_238' title='bbox 775 3632 1089 3701; x_wconf 87' lang='lat' dir='ltr'><strong>superbiam</strong></span> <span class='ocrx_word' id='word_1_239' title='bbox 1122 3644 1176 3689; x_wconf 91' lang='lat' dir='ltr'><strong>et</strong></span> <span class='ocrx_word' id='word_1_240' title='bbox 1226 3638 1613 3704; x_wconf 87' lang='lat' dir='ltr'><strong>procacitatem</strong></span> <span class='ocrx_word' id='word_1_241' title='bbox 1648 3638 1923 3693; x_wconf 92' lang='lat' dir='ltr'><strong>hominum</strong></span> <span class='ocrx_word' id='word_1_242' title='bbox 1946 3680 1962 3703; x_wconf 95' lang='lat'><strong>,</strong></span> <span class='ocrx_word' id='word_1_243' title='bbox 1998 3654 2160 3708; x_wconf 83' lang='lat' dir='ltr'><strong>quant</strong></span> 
     </span>
    </p>
   </div>
   <div class='ocr_carea' id='block_1_37' title="bbox 592 3721 2166 3802">
    <p class='ocr_par' dir='ltr' id='par_1_37' title="bbox 592 3721 2166 3802">
     <span class='ocr_line' id='line_1_37' title="bbox 592 3721 2166 3802; baseline 0.005 -27"><span class='ocrx_word' id='word_1_244' title='bbox 592 3721 786 3778; x_wconf 87' lang='lat' dir='ltr'><strong>litteris</strong></span> <span class='ocrx_word' id='word_1_245' title='bbox 835 3723 935 3794; x_wconf 86' lang='lat' dir='ltr'><strong>ipsi</strong></span> <span class='ocrx_word' id='word_1_246' title='bbox 967 3726 1082 3780; x_wconf 90' lang='lat' dir='ltr'><strong>suis</strong></span> <span class='ocrx_word' id='word_1_247' title='bbox 1120 3729 1446 3797; x_wconf 86' lang='lat' dir='ltr'><strong>proderent;</strong></span> <span class='ocrx_word' id='word_1_248' title='bbox 1495 3730 1665 3798; x_wconf 84' lang='lat' dir='ltr'><strong>maius</strong></span> <span class='ocrx_word' id='word_1_249' title='bbox 1694 3730 2015 3802; x_wconf 73' lang='lat' dir='ltr'><strong>eloquentia:</strong></span> <span class='ocrx_word' id='word_1_250' title='bbox 2049 3740 2166 3786; x_wconf 87' lang='lat' dir='ltr'><strong>stu-</strong></span> 
     </span>
    </p>
   </div>
   <div class='ocr_carea' id='block_1_38' title="bbox 590 3818 2163 3892">
    <p class='ocr_par' dir='ltr' id='par_1_38' title="bbox 590 3818 2163 3892">
     <span class='ocr_line' id='line_1_38' title="bbox 590 3818 2163 3892; baseline 0.004 -23"><span class='ocrx_word' id='word_1_251' title='bbox 590 3818 737 3870; x_wconf 87' lang='lat' dir='ltr'><strong>dium</strong></span> <span class='ocrx_word' id='word_1_252' title='bbox 768 3819 819 3871; x_wconf 90' lang='lat' dir='ltr'><strong>in</strong></span> <span class='ocrx_word' id='word_1_253' title='bbox 851 3818 914 3872; x_wconf 90' lang='lat' dir='ltr'><strong>iis</strong></span> <span class='ocrx_word' id='word_1_254' title='bbox 946 3819 1213 3888; x_wconf 72' lang='lat' dir='ltr'><strong>praeferri,</strong></span> <span class='ocrx_word' id='word_1_255' title='bbox 1239 3835 1401 3890; x_wconf 83' lang='lat' dir='ltr'><strong>quam</strong></span> <span class='ocrx_word' id='word_1_256' title='bbox 1442 3823 1775 3892; x_wconf 86' lang='lat' dir='ltr'><strong>postularent</strong></span> <span class='ocrx_word' id='word_1_257' title='bbox 1796 3822 2163 3877; x_wconf 87' lang='lat' dir='ltr'><strong>ecclesiastica</strong></span> 
     </span>
    </p>
   </div>
   <div class='ocr_carea' id='block_1_39' title="bbox 592 3910 2163 3986">
    <p class='ocr_par' dir='ltr' id='par_1_39' title="bbox 592 3910 2163 3986">
     <span class='ocr_line' id='line_1_39' title="bbox 592 3910 2163 3986; baseline 0.004 -23"><span class='ocrx_word' id='word_1_258' title='bbox 592 3910 828 3978; x_wconf 86' lang='lat' dir='ltr'><strong>negotia.</strong></span> <span class='ocrx_word' id='word_1_259' title='bbox 862 3911 978 3966; x_wconf 87' lang='lat' dir='ltr'><strong>Non</strong></span> <span class='ocrx_word' id='word_1_260' title='bbox 1014 3912 1212 3967; x_wconf 86' lang='lat' dir='ltr'><strong>debere</strong></span> <span class='ocrx_word' id='word_1_261' title='bbox 1243 3915 1343 3968; x_wconf 88' lang='lat' dir='ltr'><strong>sibi</strong></span> <span class='ocrx_word' id='word_1_262' title='bbox 1378 3915 1510 3968; x_wconf 87' lang='lat' dir='ltr'><strong>vitio</strong></span> <span class='ocrx_word' id='word_1_263' title='bbox 1542 3916 1701 3983; x_wconf 90' lang='lat' dir='ltr'><strong>verti,</strong></span> <span class='ocrx_word' id='word_1_264' title='bbox 1727 3916 1869 3986; x_wconf 89' lang='lat' dir='ltr'><strong>quod</strong></span> <span class='ocrx_word' id='word_1_265' title='bbox 1904 3917 1969 3970; x_wconf 86' lang='lat' dir='ltr'><strong>ad</strong></span> <span class='ocrx_word' id='word_1_266' title='bbox 2000 3930 2163 3986; x_wconf 85' lang='lat' dir='ltr'><strong>syno-</strong></span> 
     </span>
    </p>
   </div>
   <div class='ocr_carea' id='block_1_40' title="bbox 591 3999 2163 4073">
    <p class='ocr_par' dir='ltr' id='par_1_40' title="bbox 591 3999 2163 4073">
     <span class='ocr_line' id='line_1_40' title="bbox 591 3999 2163 4073; baseline 0.003 -20"><span class='ocrx_word' id='word_1_267' title='bbox 591 4013 717 4053; x_wconf 84' lang='lat' dir='ltr'><strong>aum</strong></span> <span class='ocrx_word' id='word_1_268' title='bbox 771 3999 960 4056; x_wconf 72' lang='lat' dir='ltr'><strong>Romae</strong></span> <span class='ocrx_word' id='word_1_269' title='bbox 1012 4004 1390 4058; x_wconf 88' lang='lat' dir='ltr'><strong>celebrandam</strong></span> <span class='ocrx_word' id='word_1_270' title='bbox 1445 4005 1587 4060; x_wconf 89' lang='lat' dir='ltr'><strong>diem</strong></span> <span class='ocrx_word' id='word_1_271' title='bbox 1644 4006 1913 4069; x_wconf 81' lang='lat' dir='ltr'><strong>dixisset,</strong></span> <span class='ocrx_word' id='word_1_272' title='bbox 1946 4006 2163 4073; x_wconf 86' lang='lat' dir='ltr'><strong>quando</strong></span> 
     </span>
    </p>
   </div>
   <div class='ocr_carea' id='block_1_41' title="bbox 591 4093 2166 4165">
    <p class='ocr_par' dir='ltr' id='par_1_41' title="bbox 591 4093 2166 4165">
     <span class='ocr_line' id='line_1_41' title="bbox 591 4093 2166 4165; baseline 0.001 -20"><span class='ocrx_word' id='word_1_273' title='bbox 591 4101 842 4147; x_wconf 86' lang='lat' dir='ltr'><strong>oratores</strong></span> <span class='ocrx_word' id='word_1_274' title='bbox 879 4093 1114 4163; x_wconf 90' lang='lat' dir='ltr'><strong>ipsorum</strong></span> <span class='ocrx_word' id='word_1_275' title='bbox 1156 4095 1207 4149; x_wconf 91' lang='lat' dir='ltr'><strong>id</strong></span> <span class='ocrx_word' id='word_1_276' title='bbox 1245 4095 1643 4165; x_wconf 87' lang='lat' dir='ltr'><strong>postulassent;</strong></span> <span class='ocrx_word' id='word_1_277' title='bbox 1695 4112 1793 4152; x_wconf 91' lang='lat' dir='ltr'><strong>nec</strong></span> <span class='ocrx_word' id='word_1_278' title='bbox 1824 4110 1945 4150; x_wconf 87' lang='lat' dir='ltr'><strong>esse</strong></span> <span class='ocrx_word' id='word_1_279' title='bbox 1968 4105 2166 4163; x_wconf 64' lang='lat' dir='ltr'><strong>praeter</strong></span> 
     </span>
    </p>
   </div>
   <div class='ocr_carea' id='block_1_42' title="bbox 592 4184 2162 4259">
    <p class='ocr_par' dir='ltr' id='par_1_42' title="bbox 592 4184 2162 4259">
     <span class='ocr_line' id='line_1_42' title="bbox 592 4184 2162 4259; baseline 0.001 -21"><span class='ocrx_word' id='word_1_280' title='bbox 592 4184 1022 4240; x_wconf 90' lang='lat' dir='ltr'><strong>ecclesiasticum</strong></span> <span class='ocrx_word' id='word_1_281' title='bbox 1078 4204 1280 4242; x_wconf 86' lang='lat' dir='ltr'><strong>morem</strong></span> <span class='ocrx_word' id='word_1_282' title='bbox 1313 4229 1328 4253; x_wconf 94' lang='lat'><strong>,</strong></span> <span class='ocrx_word' id='word_1_283' title='bbox 1364 4191 1505 4257; x_wconf 91' lang='lat' dir='ltr'><strong>quod</strong></span> <span class='ocrx_word' id='word_1_284' title='bbox 1541 4190 1609 4244; x_wconf 92' lang='lat' dir='ltr'><strong>de</strong></span> <span class='ocrx_word' id='word_1_285' title='bbox 1643 4205 1745 4259; x_wconf 88' lang='lat' dir='ltr'><strong>qua</strong></span> <span class='ocrx_word' id='word_1_286' title='bbox 1796 4205 1856 4242; x_wconf 88' lang='lat' dir='ltr'><strong>re</strong></span> <span class='ocrx_word' id='word_1_287' title='bbox 1905 4188 2005 4256; x_wconf 85' lang='lat' dir='ltr'><strong>ipsi</strong></span> <span class='ocrx_word' id='word_1_288' title='bbox 2050 4188 2162 4256; x_wconf 78' lang='lat' dir='ltr'><strong>jam</strong></span> 
     </span>
    </p>
   </div>
   <div class='ocr_carea' id='block_1_43' title="bbox 593 4278 2165 4352">
    <p class='ocr_par' dir='ltr' id='par_1_43' title="bbox 593 4278 2165 4352">
     <span class='ocr_line' id='line_1_43' title="bbox 593 4278 2165 4352; baseline 0.001 -21"><span class='ocrx_word' id='word_1_289' title='bbox 593 4278 922 4331; x_wconf 85' lang='lat' dir='ltr'><strong>sententiam</strong></span> <span class='ocrx_word' id='word_1_290' title='bbox 959 4278 1244 4344; x_wconf 88' lang='lat' dir='ltr'><strong>tulissent,</strong></span> <span class='ocrx_word' id='word_1_291' title='bbox 1276 4282 1340 4334; x_wconf 89' lang='lat' dir='ltr'><strong>de</strong></span> <span class='ocrx_word' id='word_1_292' title='bbox 1368 4283 1554 4335; x_wconf 85' lang='lat' dir='ltr'><strong>eadem</strong></span> <span class='ocrx_word' id='word_1_293' title='bbox 1607 4283 1718 4352; x_wconf 89' lang='lat' dir='ltr'><strong>ipsa</strong></span> <span class='ocrx_word' id='word_1_294' title='bbox 1757 4282 1934 4336; x_wconf 88' lang='lat' dir='ltr'><strong>denuo</strong></span> <span class='ocrx_word' id='word_1_295' title='bbox 1979 4279 2165 4334; x_wconf 72' lang='lat' dir='ltr'><strong>Romae</strong></span> 
     </span>
    </p>
   </div>
   <div class='ocr_carea' id='block_1_44' title="bbox 592 4375 2164 4444">
    <p class='ocr_par' dir='ltr' id='par_1_44' title="bbox 592 4375 2164 4444">
     <span class='ocr_line' id='line_1_44' title="bbox 592 4375 2164 4444; baseline 0.006 -24"><span class='ocrx_word' id='word_1_296' title='bbox 592 4379 849 4437; x_wconf 81' lang='lat' dir='ltr'><strong>ageretur</strong></span> <span class='ocrx_word' id='word_1_297' title='bbox 881 4390 894 4427; x_wconf 92' lang='lat'><strong>:</strong></span> <span class='ocrx_word' id='word_1_298' title='bbox 928 4386 1050 4427; x_wconf 90' lang='lat' dir='ltr'><strong>esse</strong></span> <span class='ocrx_word' id='word_1_299' title='bbox 1080 4375 1280 4444; x_wconf 88' lang='lat' dir='ltr'><strong>quippe</strong></span> <span class='ocrx_word' id='word_1_300' title='bbox 1320 4375 1566 4429; x_wconf 87' lang='lat' dir='ltr'><strong>iteratam</strong></span> <span class='ocrx_word' id='word_1_301' title='bbox 1600 4378 1664 4429; x_wconf 89' lang='lat' dir='ltr'><strong>de</strong></span> <span class='ocrx_word' id='word_1_302' title='bbox 1706 4376 1892 4429; x_wconf 87' lang='lat' dir='ltr'><strong>eodem</strong></span> <span class='ocrx_word' id='word_1_303' title='bbox 1947 4375 2164 4442; x_wconf 85' lang='lat' dir='ltr'><strong>negotio</strong></span> 
     </span>
    </p>
   </div>
   <div class='ocr_carea' id='block_1_45' title="bbox 591 4463 2158 4537">
    <p class='ocr_par' dir='ltr' id='par_1_45' title="bbox 591 4463 2158 4537">
     <span class='ocr_line' id='line_1_45' title="bbox 591 4463 2158 4537; baseline 0.005 -25"><span class='ocrx_word' id='word_1_304' title='bbox 591 4463 943 4530; x_wconf 57' lang='lat' dir='ltr'><strong>quaestionem</strong></span> <span class='ocrx_word' id='word_1_305' title='bbox 1015 4480 1081 4520; x_wconf 82' lang='lat' dir='ltr'><strong>ex</strong></span> <span class='ocrx_word' id='word_1_306' title='bbox 1140 4466 1358 4521; x_wconf 89' lang='lat' dir='ltr'><strong>decreto</strong></span> <span class='ocrx_word' id='word_1_307' title='bbox 1410 4466 1639 4522; x_wconf 65' lang='lat' dir='ltr'><strong>Nicaeus:</strong></span> <span class='ocrx_word' id='word_1_308' title='bbox 1687 4468 1875 4537; x_wconf 85' lang='lat' dir='ltr'><strong>synodi</strong></span> <span class='ocrx_word' id='word_1_309' title='bbox 1935 4467 2158 4520; x_wconf 86' lang='lat' dir='ltr'><strong>licitam.</strong></span> 
     </span>
    </p>
   </div>
   <div class='ocr_carea' id='block_1_46' title="bbox 2246 579 3820 652">
    <p class='ocr_par' dir='ltr' id='par_1_46' title="bbox 2246 579 3820 652">
     <span class='ocr_line' id='line_1_46' title="bbox 2246 579 3820 652; baseline -0.01 -5"><span class='ocrx_word' id='word_1_310' title='bbox 2246 592 2424 647; x_wconf 86' lang='lat' dir='ltr'><strong>ctandi</strong></span> <span class='ocrx_word' id='word_1_311' title='bbox 2452 604 2695 652; x_wconf 88' lang='lat' dir='ltr'><strong>causam,</strong></span> <span class='ocrx_word' id='word_1_312' title='bbox 2718 602 2840 640; x_wconf 88' lang='lat' dir='ltr'><strong>cum</strong></span> <span class='ocrx_word' id='word_1_313' title='bbox 2874 586 3136 643; x_wconf 88' lang='lat' dir='ltr'><strong>dicerent.</strong></span> <span class='ocrx_word' id='word_1_314' title='bbox 3173 581 3244 635; x_wconf 92' lang='lat' dir='ltr'><strong>ob</strong></span> <span class='ocrx_word' id='word_1_315' title='bbox 3278 580 3580 648; x_wconf 85' lang='lat' dir='ltr'><strong>angustiam</strong></span> <span class='ocrx_word' id='word_1_316' title='bbox 3610 579 3820 633; x_wconf 87' lang='lat' dir='ltr'><strong>deﬁniti</strong></span> 
     </span>
    </p>
   </div>
   <div class='ocr_carea' id='block_1_47' title="bbox 2249 670 3824 752">
    <p class='ocr_par' dir='ltr' id='par_1_47' title="bbox 2249 670 3824 752">
     <span class='ocr_line' id='line_1_47' title="bbox 2249 670 3824 752; baseline -0.01 -14"><span class='ocrx_word' id='word_1_317' title='bbox 2249 682 2501 752; x_wconf 87' lang='lat' dir='ltr'><strong>temporis</strong></span> <span class='ocrx_word' id='word_1_318' title='bbox 2548 695 2609 735; x_wconf 91' lang='lat' dir='ltr'><strong>se</strong></span> <span class='ocrx_word' id='word_1_319' title='bbox 2636 696 2742 733; x_wconf 90' lang='lat' dir='ltr'><strong>non</strong></span> <span class='ocrx_word' id='word_1_320' title='bbox 2795 692 2951 748; x_wconf 87' lang='lat' dir='ltr'><strong>posse</strong></span> <span class='ocrx_word' id='word_1_321' title='bbox 2994 675 3222 729; x_wconf 83' lang='lat' dir='ltr'><strong>Romam</strong></span> <span class='ocrx_word' id='word_1_322' title='bbox 3254 674 3574 727; x_wconf 90' lang='lat' dir='ltr'><strong>concedere.</strong></span> <span class='ocrx_word' id='word_1_323' title='bbox 3603 670 3662 726; x_wconf 90' lang='lat' dir='ltr'><strong>Si</strong></span> <span class='ocrx_word' id='word_1_324' title='bbox 3718 671 3824 723; x_wconf 84' lang='lat' dir='ltr'><strong>iter</strong></span> 
     </span>
    </p>
   </div>
   <div class='ocr_carea' id='block_1_48' title="bbox 2248 763 3825 846">
    <p class='ocr_par' dir='ltr' id='par_1_48' title="bbox 2248 763 3825 846">
     <span class='ocr_line' id='line_1_48' title="bbox 2248 763 3825 846; baseline -0.008 -17"><span class='ocrx_word' id='word_1_325' title='bbox 2248 775 2543 846; x_wconf 86' lang='lat' dir='ltr'><strong>ingressos,</strong></span> <span class='ocrx_word' id='word_1_326' title='bbox 2587 771 2787 841; x_wconf 85' lang='lat' dir='ltr'><strong>inquit,</strong></span> <span class='ocrx_word' id='word_1_327' title='bbox 2815 769 2930 824; x_wconf 91' lang='lat' dir='ltr'><strong>dies</strong></span> <span class='ocrx_word' id='word_1_328' title='bbox 2956 766 3041 823; x_wconf 87' lang='lat' dir='ltr'><strong>ille</strong></span> <span class='ocrx_word' id='word_1_329' title='bbox 3075 765 3472 836; x_wconf 66' lang='lat' dir='ltr'><strong>praevertisset,</strong></span> <span class='ocrx_word' id='word_1_330' title='bbox 3502 779 3656 832; x_wconf 76' lang='lat' dir='ltr'><strong>aequa</strong></span> <span class='ocrx_word' id='word_1_331' title='bbox 3686 763 3825 817; x_wconf 89' lang='lat' dir='ltr'><strong>foret</strong></span> 
     </span>
    </p>
   </div>
   <div class='ocr_carea' id='block_1_49' title="bbox 2249 854 3827 936">
    <p class='ocr_par' dir='ltr' id='par_1_49' title="bbox 2249 854 3827 936">
     <span class='ocr_line' id='line_1_49' title="bbox 2249 854 3827 936; baseline -0.008 -17"><span class='ocrx_word' id='word_1_332' title='bbox 2249 864 2599 936; x_wconf 66' lang='lat' dir='ltr'><strong>querimonia:</strong></span> <span class='ocrx_word' id='word_1_333' title='bbox 2631 878 2792 917; x_wconf 87' lang='lat' dir='ltr'><strong>causa</strong></span> <span class='ocrx_word' id='word_1_334' title='bbox 2843 878 2858 916; x_wconf 92' lang='lat'><strong>:</strong></span> <span class='ocrx_word' id='word_1_335' title='bbox 2912 871 2968 915; x_wconf 88' lang='lat' dir='ltr'><strong>at</strong></span> <span class='ocrx_word' id='word_1_336' title='bbox 2998 874 3122 914; x_wconf 89' lang='lat' dir='ltr'><strong>cum</strong></span> <span class='ocrx_word' id='word_1_337' title='bbox 3174 859 3371 913; x_wconf 90' lang='lat' dir='ltr'><strong>nedum</strong></span> <span class='ocrx_word' id='word_1_338' title='bbox 3418 859 3524 911; x_wconf 89' lang='lat' dir='ltr'><strong>iter</strong></span> <span class='ocrx_word' id='word_1_339' title='bbox 3571 854 3827 909; x_wconf 80' lang='lat' dir='ltr'><strong>institue-</strong></span> 
     </span>
    </p>
   </div>
   <div class='ocr_carea' id='block_1_50' title="bbox 2251 951 3827 1031">
    <p class='ocr_par' dir='ltr' id='par_1_50' title="bbox 2251 951 3827 1031">
     <span class='ocr_line' id='line_1_50' title="bbox 2251 951 3827 1031; baseline -0.01 -14"><span class='ocrx_word' id='word_1_340' title='bbox 2251 963 2380 1027; x_wconf 90' lang='lat' dir='ltr'><strong>rint,</strong></span> <span class='ocrx_word' id='word_1_341' title='bbox 2414 962 2620 1031; x_wconf 88' lang='lat' dir='ltr'><strong>legatos</strong></span> <span class='ocrx_word' id='word_1_342' title='bbox 2650 960 2813 1014; x_wconf 83' lang='lat' dir='ltr'><strong>etiam</strong></span> <span class='ocrx_word' id='word_1_343' title='bbox 2858 955 3131 1010; x_wconf 77' lang='lat' dir='ltr'><strong>Romanos</strong></span> <span class='ocrx_word' id='word_1_344' title='bbox 3153 953 3293 1008; x_wconf 87' lang='lat' dir='ltr'><strong>ultra</strong></span> <span class='ocrx_word' id='word_1_345' title='bbox 3326 951 3650 1021; x_wconf 66' lang='lat' dir='ltr'><strong>praeﬁnitum</strong></span> <span class='ocrx_word' id='word_1_346' title='bbox 3683 957 3827 1002; x_wconf 88' lang='lat' dir='ltr'><strong>tem-</strong></span> 
     </span>
    </p>
   </div>
   <div class='ocr_carea' id='block_1_51' title="bbox 2251 1041 3831 1123">
    <p class='ocr_par' dir='ltr' id='par_1_51' title="bbox 2251 1041 3831 1123">
     <span class='ocr_line' id='line_1_51' title="bbox 2251 1041 3831 1123; baseline -0.008 -19"><span class='ocrx_word' id='word_1_347' title='bbox 2251 1068 2354 1123; x_wconf 89' lang='lat' dir='ltr'><strong>pus</strong></span> <span class='ocrx_word' id='word_1_348' title='bbox 2383 1049 2763 1111; x_wconf 87' lang='lat' dir='ltr'><strong>detinuissent,</strong></span> <span class='ocrx_word' id='word_1_349' title='bbox 2798 1054 2990 1117; x_wconf 88' lang='lat' dir='ltr'><strong>negata</strong></span> <span class='ocrx_word' id='word_1_350' title='bbox 3015 1045 3081 1099; x_wconf 90' lang='lat' dir='ltr'><strong>ad</strong></span> <span class='ocrx_word' id='word_1_351' title='bbox 3128 1041 3446 1098; x_wconf 83' lang='lat' dir='ltr'><strong>Januarium</strong></span> <span class='ocrx_word' id='word_1_352' title='bbox 3474 1054 3643 1109; x_wconf 90' lang='lat' dir='ltr'><strong>usque</strong></span> <span class='ocrx_word' id='word_1_353' title='bbox 3677 1053 3831 1092; x_wconf 84' lang='lat' dir='ltr'><strong>men-</strong></span> 
     </span>
    </p>
   </div>
   <div class='ocr_carea' id='block_1_52' title="bbox 2252 1128 3831 1203">
    <p class='ocr_par' dir='ltr' id='par_1_52' title="bbox 2252 1128 3831 1203">
     <span class='ocr_line' id='line_1_52' title="bbox 2252 1128 3831 1203; baseline -0.012 -2"><span class='ocrx_word' id='word_1_354' title='bbox 2252 1160 2367 1201; x_wconf 88' lang='lat' dir='ltr'><strong>sem</strong></span> <span class='ocrx_word' id='word_1_355' title='bbox 2393 1142 2699 1198; x_wconf 88' lang='lat' dir='ltr'><strong>discedendi</strong></span> <span class='ocrx_word' id='word_1_356' title='bbox 2734 1139 3011 1201; x_wconf 81' lang='lat' dir='ltr'><strong>facultate,</strong></span> <span class='ocrx_word' id='word_1_357' title='bbox 3038 1136 3237 1192; x_wconf 89' lang='lat' dir='ltr'><strong>frustra</strong></span> <span class='ocrx_word' id='word_1_358' title='bbox 3260 1149 3381 1190; x_wconf 90' lang='lat' dir='ltr'><strong>esse</strong></span> <span class='ocrx_word' id='word_1_359' title='bbox 3403 1131 3703 1203; x_wconf 87' lang='lat' dir='ltr'><strong>querelam.</strong></span> <span class='ocrx_word' id='word_1_360' title='bbox 3720 1128 3831 1183; x_wconf 82' lang='lat' dir='ltr'><strong>Nu-</strong></span> 
     </span>
    </p>
   </div>
   <div class='ocr_carea' id='block_1_53' title="bbox 2252 1223 3831 1311">
    <p class='ocr_par' dir='ltr' id='par_1_53' title="bbox 2252 1223 3831 1311">
     <span class='ocr_line' id='line_1_53' title="bbox 2252 1223 3831 1311; baseline -0.012 -17"><span class='ocrx_word' id='word_1_361' title='bbox 2252 1237 2515 1311; x_wconf 89' lang='lat' dir='ltr'><strong>gatoriam</strong></span> <span class='ocrx_word' id='word_1_362' title='bbox 2572 1233 2727 1288; x_wconf 88' lang='lat' dir='ltr'><strong>aliam</strong></span> <span class='ocrx_word' id='word_1_363' title='bbox 2762 1231 2953 1287; x_wconf 74' lang='lat' dir='ltr'><strong>afferre</strong></span> <span class='ocrx_word' id='word_1_364' title='bbox 2987 1244 3209 1285; x_wconf 90' lang='lat' dir='ltr'><strong>causam</strong></span> <span class='ocrx_word' id='word_1_365' title='bbox 3237 1268 3253 1295; x_wconf 95' lang='lat'><strong>,</strong></span> <span class='ocrx_word' id='word_1_366' title='bbox 3287 1226 3567 1282; x_wconf 82' lang='lat' dir='ltr'><strong>Persicum</strong></span> <span class='ocrx_word' id='word_1_367' title='bbox 3614 1223 3831 1278; x_wconf 89' lang='lat' dir='ltr'><strong>scilicet</strong></span> 
     </span>
    </p>
   </div>
   <div class='ocr_carea' id='block_1_54' title="bbox 2253 1317 3827 1396">
    <p class='ocr_par' dir='ltr' id='par_1_54' title="bbox 2253 1317 3827 1396">
     <span class='ocr_line' id='line_1_54' title="bbox 2253 1317 3827 1396; baseline -0.013 -8"><span class='ocrx_word' id='word_1_368' title='bbox 2253 1332 2488 1396; x_wconf 89' lang='lat' dir='ltr'><strong>bellum,</strong></span> <span class='ocrx_word' id='word_1_369' title='bbox 2536 1327 2681 1381; x_wconf 87' lang='lat' dir='ltr'><strong>viros</strong></span> <span class='ocrx_word' id='word_1_370' title='bbox 2732 1325 2914 1393; x_wconf 86' lang='lat' dir='ltr'><strong>utique</strong></span> <span class='ocrx_word' id='word_1_371' title='bbox 2950 1337 3088 1393; x_wconf 89' lang='lat' dir='ltr'><strong>quos</strong></span> <span class='ocrx_word' id='word_1_372' title='bbox 3139 1321 3271 1374; x_wconf 91' lang='lat' dir='ltr'><strong>tanti</strong></span> <span class='ocrx_word' id='word_1_373' title='bbox 3320 1317 3445 1373; x_wconf 91' lang='lat' dir='ltr'><strong>belli</strong></span> <span class='ocrx_word' id='word_1_374' title='bbox 3491 1325 3674 1371; x_wconf 86' lang='lat' dir='ltr'><strong>terror</strong></span> <span class='ocrx_word' id='word_1_375' title='bbox 3721 1330 3827 1369; x_wconf 93' lang='lat' dir='ltr'><strong>non</strong></span> 
     </span>
    </p>
   </div>
   <div class='ocr_carea' id='block_1_55' title="bbox 2254 1407 3827 1481">
    <p class='ocr_par' dir='ltr' id='par_1_55' title="bbox 2254 1407 3827 1481">
     <span class='ocr_line' id='line_1_55' title="bbox 2254 1407 3827 1481; baseline -0.014 0"><span class='ocrx_word' id='word_1_376' title='bbox 2254 1430 2534 1481; x_wconf 89' lang='lat' dir='ltr'><strong>coerceret</strong></span> <span class='ocrx_word' id='word_1_377' title='bbox 2565 1420 2631 1475; x_wconf 90' lang='lat' dir='ltr'><strong>ab</strong></span> <span class='ocrx_word' id='word_1_378' title='bbox 2672 1418 2967 1473; x_wconf 83' lang='lat' dir='ltr'><strong>inferendis</strong></span> <span class='ocrx_word' id='word_1_379' title='bbox 2995 1412 3419 1470; x_wconf 87' lang='lat' dir='ltr'><strong>calamitatibus.</strong></span> <span class='ocrx_word' id='word_1_380' title='bbox 3466 1407 3827 1463; x_wconf 89' lang='lat' dir='ltr'><strong>Levissimum</strong></span> 
     </span>
    </p>
   </div>
   <div class='ocr_carea' id='block_1_56' title="bbox 2254 1500 3831 1585">
    <p class='ocr_par' dir='ltr' id='par_1_56' title="bbox 2254 1500 3831 1585">
     <span class='ocr_line' id='line_1_56' title="bbox 2254 1500 3831 1585; baseline -0.015 -12"><span class='ocrx_word' id='word_1_381' title='bbox 2254 1532 2374 1573; x_wconf 88' lang='lat' dir='ltr'><strong>esse</strong></span> <span class='ocrx_word' id='word_1_382' title='bbox 2419 1516 2561 1585; x_wconf 90' lang='lat' dir='ltr'><strong>quod</strong></span> <span class='ocrx_word' id='word_1_383' title='bbox 2612 1513 3002 1583; x_wconf 84' lang='lat' dir='ltr'><strong>querebantur,</strong></span> <span class='ocrx_word' id='word_1_384' title='bbox 3038 1506 3135 1561; x_wconf 88' lang='lat' dir='ltr'><strong>soli</strong></span> <span class='ocrx_word' id='word_1_385' title='bbox 3171 1503 3401 1559; x_wconf 84' lang='lat' dir='ltr'><strong>Eusebio</strong></span> <span class='ocrx_word' id='word_1_386' title='bbox 3447 1500 3661 1556; x_wconf 90' lang='lat' dir='ltr'><strong>litteras</strong></span> <span class='ocrx_word' id='word_1_387' title='bbox 3701 1512 3831 1552; x_wconf 88' lang='lat' dir='ltr'><strong>suas</strong></span> 
     </span>
    </p>
   </div>
   <div class='ocr_carea' id='block_1_57' title="bbox 2254 1590 3834 1679">
    <p class='ocr_par' dir='ltr' id='par_1_57' title="bbox 2254 1590 3834 1679">
     <span class='ocr_line' id='line_1_57' title="bbox 2254 1590 3834 1679; baseline -0.015 -14"><span class='ocrx_word' id='word_1_388' title='bbox 2254 1623 2593 1679; x_wconf 89' lang='lat' dir='ltr'><strong>nuncupasse</strong></span> <span class='ocrx_word' id='word_1_389' title='bbox 2614 1606 2848 1671; x_wconf 78' lang='lat' dir='ltr'><strong>Julium;</strong></span> <span class='ocrx_word' id='word_1_390' title='bbox 2882 1603 3097 1674; x_wconf 90' lang='lat' dir='ltr'><strong>quando</strong></span> <span class='ocrx_word' id='word_1_391' title='bbox 3133 1597 3279 1653; x_wconf 91' lang='lat' dir='ltr'><strong>solus</strong></span> <span class='ocrx_word' id='word_1_392' title='bbox 3305 1593 3571 1649; x_wconf 88' lang='lat' dir='ltr'><strong>Eusebius</strong></span> <span class='ocrx_word' id='word_1_393' title='bbox 3604 1592 3711 1646; x_wconf 91' lang='lat' dir='ltr'><strong>sibi</strong></span> <span class='ocrx_word' id='word_1_394' title='bbox 3748 1590 3834 1643; x_wconf 89' lang='lat' dir='ltr'><strong>lit-</strong></span> 
     </span>
    </p>
   </div>
   <div class='ocr_carea' id='block_1_58' title="bbox 2256 1684 3834 1765">
    <p class='ocr_par' dir='ltr' id='par_1_58' title="bbox 2256 1684 3834 1765">
     <span class='ocr_line' id='line_1_58' title="bbox 2256 1684 3834 1765; baseline -0.012 -9"><span class='ocrx_word' id='word_1_395' title='bbox 2256 1712 2401 1757; x_wconf 89' lang='lat' dir='ltr'><strong>teras</strong></span> <span class='ocrx_word' id='word_1_396' title='bbox 2423 1701 2677 1756; x_wconf 89' lang='lat' dir='ltr'><strong>misisset.</strong></span> <span class='ocrx_word' id='word_1_397' title='bbox 2701 1700 2852 1765; x_wconf 84' lang='lat' dir='ltr'><strong>Quod</strong></span> <span class='ocrx_word' id='word_1_398' title='bbox 2874 1699 2919 1751; x_wconf 88' lang='lat' dir='ltr'><strong>si</strong></span> <span class='ocrx_word' id='word_1_399' title='bbox 2937 1694 3082 1749; x_wconf 89' lang='lat' dir='ltr'><strong>solus</strong></span> <span class='ocrx_word' id='word_1_400' title='bbox 3106 1692 3220 1760; x_wconf 89' lang='lat' dir='ltr'><strong>ipse</strong></span> <span class='ocrx_word' id='word_1_401' title='bbox 3255 1689 3464 1743; x_wconf 86' lang='lat' dir='ltr'><strong>litteras</strong></span> <span class='ocrx_word' id='word_1_402' title='bbox 3486 1701 3585 1741; x_wconf 90' lang='lat' dir='ltr'><strong>suo</strong></span> <span class='ocrx_word' id='word_1_403' title='bbox 3607 1684 3834 1739; x_wconf 89' lang='lat' dir='ltr'><strong>nomine</strong></span> 
     </span>
    </p>
   </div>
   <div class='ocr_carea' id='block_1_59' title="bbox 2255 1776 3831 1858">
    <p class='ocr_par' dir='ltr' id='par_1_59' title="bbox 2255 1776 3831 1858">
     <span class='ocr_line' id='line_1_59' title="bbox 2255 1776 3831 1858; baseline -0.014 -11"><span class='ocrx_word' id='word_1_404' title='bbox 2255 1794 2436 1847; x_wconf 89' lang='lat' dir='ltr'><strong>mittat</strong></span> <span class='ocrx_word' id='word_1_405' title='bbox 2459 1832 2476 1858; x_wconf 93' lang='lat'><strong>,</strong></span> <span class='ocrx_word' id='word_1_406' title='bbox 2525 1792 2575 1846; x_wconf 92' lang='lat' dir='ltr'><strong>id</strong></span> <span class='ocrx_word' id='word_1_407' title='bbox 2605 1806 2671 1845; x_wconf 84' lang='lat' dir='ltr'><strong>ex</strong></span> <span class='ocrx_word' id='word_1_408' title='bbox 2701 1790 2866 1845; x_wconf 75' lang='lat' dir='ltr'><strong>Italia:</strong></span> <span class='ocrx_word' id='word_1_409' title='bbox 2900 1786 3273 1856; x_wconf 89' lang='lat' dir='ltr'><strong>episc0porum</strong></span> <span class='ocrx_word' id='word_1_410' title='bbox 3311 1779 3579 1837; x_wconf 87' lang='lat' dir='ltr'><strong>sententia</strong></span> <span class='ocrx_word' id='word_1_411' title='bbox 3602 1776 3831 1841; x_wconf 87' lang='lat' dir='ltr'><strong>factum,</strong></span> 
     </span>
    </p>
   </div>
   <div class='ocr_carea' id='block_1_60' title="bbox 2256 1866 3831 1941">
    <p class='ocr_par' dir='ltr' id='par_1_60' title="bbox 2256 1866 3831 1941">
     <span class='ocr_line' id='line_1_60' title="bbox 2256 1866 3831 1941; baseline -0.012 -1"><span class='ocrx_word' id='word_1_412' title='bbox 2256 1895 2315 1939; x_wconf 93' lang='lat' dir='ltr'><strong>ut</strong></span> <span class='ocrx_word' id='word_1_413' title='bbox 2369 1884 2567 1940; x_wconf 90' lang='lat' dir='ltr'><strong>nullam</strong></span> <span class='ocrx_word' id='word_1_414' title='bbox 2627 1884 2757 1937; x_wconf 91' lang='lat' dir='ltr'><strong>hinc</strong></span> <span class='ocrx_word' id='word_1_415' title='bbox 2814 1882 3014 1934; x_wconf 90' lang='lat' dir='ltr'><strong>irarum</strong></span> <span class='ocrx_word' id='word_1_416' title='bbox 3073 1891 3260 1933; x_wconf 87' lang='lat' dir='ltr'><strong>ansam</strong></span> <span class='ocrx_word' id='word_1_417' title='bbox 3320 1872 3608 1941; x_wconf 88' lang='lat' dir='ltr'><strong>arripiant.</strong></span> <span class='ocrx_word' id='word_1_418' title='bbox 3656 1866 3831 1924; x_wconf 85' lang='lat' dir='ltr'><strong>Affert</strong></span> 
     </span>
    </p>
   </div>
   <div class='ocr_carea' id='block_1_61' title="bbox 2257 1962 3833 2031">
    <p class='ocr_par' dir='ltr' id='par_1_61' title="bbox 2257 1962 3833 2031">
     <span class='ocr_line' id='line_1_61' title="bbox 2257 1962 3833 2031; baseline -0.011 -1"><span class='ocrx_word' id='word_1_419' title='bbox 2257 1991 2449 2030; x_wconf 86' lang='lat' dir='ltr'><strong>causas</strong></span> <span class='ocrx_word' id='word_1_420' title='bbox 2480 1973 2697 2028; x_wconf 90' lang='lat' dir='ltr'><strong>admissi</strong></span> <span class='ocrx_word' id='word_1_421' title='bbox 2753 1972 2819 2025; x_wconf 85' lang='lat' dir='ltr'><strong>ad</strong></span> <span class='ocrx_word' id='word_1_422' title='bbox 2862 1969 3292 2026; x_wconf 88' lang='lat' dir='ltr'><strong>communionem</strong></span> <span class='ocrx_word' id='word_1_423' title='bbox 3342 1962 3651 2026; x_wconf 83' lang='lat' dir='ltr'><strong>Athanasii,</strong></span> <span class='ocrx_word' id='word_1_424' title='bbox 3679 1971 3833 2031; x_wconf 89' lang='lat' dir='ltr'><strong>post-</strong></span> 
     </span>
    </p>
   </div>
   <div class='ocr_carea' id='block_1_62' title="bbox 2257 2052 3833 2135">
    <p class='ocr_par' dir='ltr' id='par_1_62' title="bbox 2257 2052 3833 2135">
     <span class='ocr_line' id='line_1_62' title="bbox 2257 2052 3833 2135; baseline -0.01 -15"><span class='ocrx_word' id='word_1_425' title='bbox 2257 2081 2419 2135; x_wconf 86' lang='lat' dir='ltr'><strong>quam</strong></span> <span class='ocrx_word' id='word_1_426' title='bbox 2448 2064 2627 2119; x_wconf 88' lang='lat' dir='ltr'><strong>oblata</strong></span> <span class='ocrx_word' id='word_1_427' title='bbox 2659 2063 2746 2117; x_wconf 93' lang='lat' dir='ltr'><strong>ille</strong></span> <span class='ocrx_word' id='word_1_428' title='bbox 2772 2062 2998 2117; x_wconf 89' lang='lat' dir='ltr'><strong>crimina</strong></span> <span class='ocrx_word' id='word_1_429' title='bbox 3025 2060 3340 2129; x_wconf 86' lang='lat' dir='ltr'><strong>depulisset,</strong></span> <span class='ocrx_word' id='word_1_430' title='bbox 3393 2065 3447 2111; x_wconf 89' lang='lat' dir='ltr'><strong>et</strong></span> <span class='ocrx_word' id='word_1_431' title='bbox 3490 2055 3693 2108; x_wconf 81' lang='lat' dir='ltr'><strong>malum</strong></span> <span class='ocrx_word' id='word_1_432' title='bbox 3726 2052 3833 2107; x_wconf 87' lang='lat' dir='ltr'><strong>ini-</strong></span> 
     </span>
    </p>
   </div>
   <div class='ocr_carea' id='block_1_63' title="bbox 2259 2144 3834 2224">
    <p class='ocr_par' dir='ltr' id='par_1_63' title="bbox 2259 2144 3834 2224">
     <span class='ocr_line' id='line_1_63' title="bbox 2259 2144 3834 2224; baseline -0.01 -11"><span class='ocrx_word' id='word_1_433' title='bbox 2259 2160 2521 2213; x_wconf 90' lang='lat' dir='ltr'><strong>micorum</strong></span> <span class='ocrx_word' id='word_1_434' title='bbox 2571 2157 2875 2224; x_wconf 86' lang='lat' dir='ltr'><strong>aperuisset</strong></span> <span class='ocrx_word' id='word_1_435' title='bbox 2922 2154 3194 2217; x_wconf 85' lang='lat' dir='ltr'><strong>animum;</strong></span> <span class='ocrx_word' id='word_1_436' title='bbox 3254 2150 3490 2219; x_wconf 86' lang='lat' dir='ltr'><strong>reliquos</strong></span> <span class='ocrx_word' id='word_1_437' title='bbox 3543 2148 3673 2202; x_wconf 87' lang='lat' dir='ltr'><strong>item</strong></span> <span class='ocrx_word' id='word_1_438' title='bbox 3716 2144 3834 2214; x_wconf 87' lang='lat' dir='ltr'><strong>epi-</strong></span> 
     </span>
    </p>
   </div>
   <div class='ocr_carea' id='block_1_64' title="bbox 2259 2238 3833 2319">
    <p class='ocr_par' dir='ltr' id='par_1_64' title="bbox 2259 2238 3833 2319">
     <span class='ocr_line' id='line_1_64' title="bbox 2259 2238 3833 2319; baseline -0.008 -14"><span class='ocrx_word' id='word_1_439' title='bbox 2259 2264 2473 2319; x_wconf 88' lang='lat' dir='ltr'><strong>scopos,</strong></span> <span class='ocrx_word' id='word_1_440' title='bbox 2526 2257 2808 2317; x_wconf 83' lang='lat' dir='ltr'><strong>postquam</strong></span> <span class='ocrx_word' id='word_1_441' title='bbox 2856 2259 2979 2301; x_wconf 90' lang='lat' dir='ltr'><strong>sese</strong></span> <span class='ocrx_word' id='word_1_442' title='bbox 3010 2249 3408 2313; x_wconf 81' lang='lat' dir='ltr'><strong>purgaverant,</strong></span> <span class='ocrx_word' id='word_1_443' title='bbox 3444 2238 3703 2295; x_wconf 86' lang='lat' dir='ltr'><strong>similiter</strong></span> <span class='ocrx_word' id='word_1_444' title='bbox 3732 2238 3833 2292; x_wconf 89' lang='lat' dir='ltr'><strong>ad-</strong></span> 
     </span>
    </p>
   </div>
   <div class='ocr_carea' id='block_1_65' title="bbox 2261 2332 3833 2409">
    <p class='ocr_par' dir='ltr' id='par_1_65' title="bbox 2261 2332 3833 2409">
     <span class='ocr_line' id='line_1_65' title="bbox 2261 2332 3833 2409; baseline -0.008 -14"><span class='ocrx_word' id='word_1_445' title='bbox 2261 2342 2475 2396; x_wconf 89' lang='lat' dir='ltr'><strong>missos.</strong></span> <span class='ocrx_word' id='word_1_446' title='bbox 2516 2339 2841 2409; x_wconf 83' lang='lat' dir='ltr'><strong>Perstringit</strong></span> <span class='ocrx_word' id='word_1_447' title='bbox 2872 2337 3139 2392; x_wconf 85' lang='lat' dir='ltr'><strong>acerrime</strong></span> <span class='ocrx_word' id='word_1_448' title='bbox 3165 2333 3409 2403; x_wconf 84' lang='lat' dir='ltr'><strong>Gregorii</strong></span> <span class='ocrx_word' id='word_1_449' title='bbox 3467 2332 3833 2397; x_wconf 88' lang='lat' dir='ltr'><strong>invasionem,</strong></span> 
     </span>
    </p>
   </div>
   <div class='ocr_carea' id='block_1_66' title="bbox 2261 2422 3835 2502">
    <p class='ocr_par' dir='ltr' id='par_1_66' title="bbox 2261 2422 3835 2502">
     <span class='ocr_line' id='line_1_66' title="bbox 2261 2422 3835 2502; baseline -0.008 -15"><span class='ocrx_word' id='word_1_450' title='bbox 2261 2433 2611 2502; x_wconf 89' lang='lat' dir='ltr'><strong>deploratque</strong></span> <span class='ocrx_word' id='word_1_451' title='bbox 2636 2431 2977 2487; x_wconf 86' lang='lat' dir='ltr'><strong>calamitates</strong></span> <span class='ocrx_word' id='word_1_452' title='bbox 3006 2438 3060 2481; x_wconf 89' lang='lat' dir='ltr'><strong>et</strong></span> <span class='ocrx_word' id='word_1_453' title='bbox 3090 2428 3227 2482; x_wconf 91' lang='lat' dir='ltr'><strong>mala</strong></span> <span class='ocrx_word' id='word_1_454' title='bbox 3267 2424 3544 2489; x_wconf 61' lang='lat' dir='ltr'><strong>Ecclesia,</strong></span> <span class='ocrx_word' id='word_1_455' title='bbox 3589 2422 3835 2478; x_wconf 87' lang='lat' dir='ltr'><strong>Catholi-</strong></span> 
     </span>
    </p>
   </div>
   <div class='ocr_carea' id='block_1_67' title="bbox 2259 2514 3835 2596">
    <p class='ocr_par' dir='ltr' id='par_1_67' title="bbox 2259 2514 3835 2596">
     <span class='ocr_line' id='line_1_67' title="bbox 2259 2514 3835 2596; baseline -0.008 -15"><span class='ocrx_word' id='word_1_456' title='bbox 2259 2527 2362 2589; x_wconf 90' lang='lat' dir='ltr'><strong>cis,</strong></span> <span class='ocrx_word' id='word_1_457' title='bbox 2394 2524 2751 2596; x_wconf 81' lang='lat' dir='ltr'><strong>presbyteris,</strong></span> <span class='ocrx_word' id='word_1_458' title='bbox 2789 2520 3104 2584; x_wconf 87' lang='lat' dir='ltr'><strong>monachis,</strong></span> <span class='ocrx_word' id='word_1_459' title='bbox 3142 2520 3250 2573; x_wconf 89' lang='lat' dir='ltr'><strong>imo</strong></span> <span class='ocrx_word' id='word_1_460' title='bbox 3283 2527 3338 2572; x_wconf 92' lang='lat' dir='ltr'><strong>et</strong></span> <span class='ocrx_word' id='word_1_461' title='bbox 3365 2516 3636 2585; x_wconf 89' lang='lat' dir='ltr'><strong>episcopis</strong></span> <span class='ocrx_word' id='word_1_462' title='bbox 3662 2553 3677 2577; x_wconf 93' lang='lat'><strong>,</strong></span> <span class='ocrx_word' id='word_1_463' title='bbox 3710 2514 3835 2568; x_wconf 86' lang='lat' dir='ltr'><strong>Ale-</strong></span> 
     </span>
    </p>
   </div>
   <div class='ocr_carea' id='block_1_68' title="bbox 2260 2608 3836 2686">
    <p class='ocr_par' dir='ltr' id='par_1_68' title="bbox 2260 2608 3836 2686">
     <span class='ocr_line' id='line_1_68' title="bbox 2260 2608 3836 2686; baseline -0.009 -13"><span class='ocrx_word' id='word_1_464' title='bbox 2260 2620 2502 2673; x_wconf 73' lang='lat' dir='ltr'><strong>xandriae</strong></span> <span class='ocrx_word' id='word_1_465' title='bbox 2534 2628 2587 2672; x_wconf 91' lang='lat' dir='ltr'><strong>et</strong></span> <span class='ocrx_word' id='word_1_466' title='bbox 2614 2631 2713 2686; x_wconf 86' lang='lat' dir='ltr'><strong>per</strong></span> <span class='ocrx_word' id='word_1_467' title='bbox 2735 2614 3026 2685; x_wconf 67' lang='lat' dir='ltr'><strong>Egyptum</strong></span> <span class='ocrx_word' id='word_1_468' title='bbox 3054 2628 3117 2667; x_wconf 90' lang='lat' dir='ltr'><strong>eo</strong></span> <span class='ocrx_word' id='word_1_469' title='bbox 3143 2622 3387 2681; x_wconf 86' lang='lat' dir='ltr'><strong>tempore</strong></span> <span class='ocrx_word' id='word_1_470' title='bbox 3425 2608 3650 2663; x_wconf 84' lang='lat' dir='ltr'><strong>inﬂicta.</strong></span> <span class='ocrx_word' id='word_1_471' title='bbox 3685 2610 3836 2673; x_wconf 78' lang='lat' dir='ltr'><strong>Que-</strong></span> 
     </span>
    </p>
   </div>
   <div class='ocr_carea' id='block_1_69' title="bbox 2263 2694 3925 2772">
    <p class='ocr_par' dir='ltr' id='par_1_69' title="bbox 2263 2694 3925 2772">
     <span class='ocr_line' id='line_1_69' title="bbox 2263 2694 3925 2772; baseline -0.007 -8"><span class='ocrx_word' id='word_1_472' title='bbox 2263 2714 2399 2765; x_wconf 90' lang='lat' dir='ltr'><strong>ritur</strong></span> <span class='ocrx_word' id='word_1_473' title='bbox 2428 2710 2623 2764; x_wconf 79' lang='lat' dir='ltr'><strong>exinde</strong></span> <span class='ocrx_word' id='word_1_474' title='bbox 2668 2708 2988 2763; x_wconf 88' lang='lat' dir='ltr'><strong>interclusos</strong></span> <span class='ocrx_word' id='word_1_475' title='bbox 3017 2706 3212 2759; x_wconf 91' lang='lat' dir='ltr'><strong>itinere</strong></span> <span class='ocrx_word' id='word_1_476' title='bbox 3250 2703 3416 2758; x_wconf 88' lang='lat' dir='ltr'><strong>fuisse</strong></span> <span class='ocrx_word' id='word_1_477' title='bbox 3459 2702 3751 2772; x_wconf 88' lang='lat' dir='ltr'><strong>episcopos</strong></span> <span class='ocrx_word' id='word_1_478' title='bbox 3782 2710 3837 2754; x_wconf 90' lang='lat' dir='ltr'><strong>ct</strong></span> <span class='ocrx_word' id='word_1_479' title='bbox 3922 2694 3925 2697; x_wconf 65' lang='grc'><em>’</em></span> 
     </span>
    </p>
   </div>
   <div class='ocr_carea' id='block_1_70' title="bbox 2262 2792 3835 2874">
    <p class='ocr_par' dir='ltr' id='par_1_70' title="bbox 2262 2792 3835 2874">
     <span class='ocr_line' id='line_1_70' title="bbox 2262 2792 3835 2874; baseline -0.008 -17"><span class='ocrx_word' id='word_1_480' title='bbox 2262 2803 2605 2874; x_wconf 81' lang='lat' dir='ltr'><strong>presbyteros</strong></span> <span class='ocrx_word' id='word_1_481' title='bbox 2664 2800 2755 2871; x_wconf 92' lang='lat' dir='ltr'><strong>qui</strong></span> <span class='ocrx_word' id='word_1_482' title='bbox 2803 2798 3100 2855; x_wconf 84' lang='lat' dir='ltr'><strong>voluissent</strong></span> <span class='ocrx_word' id='word_1_483' title='bbox 3148 2797 3214 2850; x_wconf 88' lang='lat' dir='ltr'><strong>ad</strong></span> <span class='ocrx_word' id='word_1_484' title='bbox 3256 2795 3521 2867; x_wconf 87' lang='lat' dir='ltr'><strong>synodum</strong></span> <span class='ocrx_word' id='word_1_485' title='bbox 3550 2792 3835 2847; x_wconf 85' lang='lat' dir='ltr'><strong>accedere.</strong></span> 
     </span>
    </p>
   </div>
   <div class='ocr_carea' id='block_1_71' title="bbox 2260 2883 3838 2965">
    <p class='ocr_par' dir='ltr' id='par_1_71' title="bbox 2260 2883 3838 2965">
     <span class='ocr_line' id='line_1_71' title="bbox 2260 2883 3838 2965; baseline -0.007 -16"><span class='ocrx_word' id='word_1_486' title='bbox 2260 2894 2486 2965; x_wconf 81' lang='lat' dir='ltr'><strong>Aliquos</strong></span> <span class='ocrx_word' id='word_1_487' title='bbox 2513 2895 2564 2948; x_wconf 93' lang='lat' dir='ltr'><strong>in</strong></span> <span class='ocrx_word' id='word_1_488' title='bbox 2598 2894 2835 2963; x_wconf 89' lang='lat' dir='ltr'><strong>ipsorum</strong></span> <span class='ocrx_word' id='word_1_489' title='bbox 2869 2901 3017 2946; x_wconf 73' lang='lat' dir='ltr'><strong>ctetu</strong></span> <span class='ocrx_word' id='word_1_490' title='bbox 3059 2888 3281 2958; x_wconf 90' lang='lat' dir='ltr'><strong>reperiri</strong></span> <span class='ocrx_word' id='word_1_491' title='bbox 3312 2886 3635 2942; x_wconf 86' lang='lat' dir='ltr'><strong>immanium</strong></span> <span class='ocrx_word' id='word_1_492' title='bbox 3673 2883 3838 2938; x_wconf 81' lang='lat' dir='ltr'><strong>scele-</strong></span> 
     </span>
    </p>
   </div>
   <div class='ocr_carea' id='block_1_72' title="bbox 2265 2974 3838 3052">
    <p class='ocr_par' dir='ltr' id='par_1_72' title="bbox 2265 2974 3838 3052">
     <span class='ocr_line' id='line_1_72' title="bbox 2265 2974 3838 3052; baseline -0.006 -14"><span class='ocrx_word' id='word_1_493' title='bbox 2265 2999 2383 3038; x_wconf 92' lang='lat' dir='ltr'><strong>rum</strong></span> <span class='ocrx_word' id='word_1_494' title='bbox 2424 2998 2543 3038; x_wconf 89' lang='lat' dir='ltr'><strong>reos</strong></span> <span class='ocrx_word' id='word_1_495' title='bbox 2568 3024 2583 3050; x_wconf 95' lang='lat'><strong>,</strong></span> <span class='ocrx_word' id='word_1_496' title='bbox 2610 2984 2809 3052; x_wconf 91' lang='lat' dir='ltr'><strong>quibus</strong></span> <span class='ocrx_word' id='word_1_497' title='bbox 2837 3022 2852 3046; x_wconf 94' lang='lat'><strong>,</strong></span> <span class='ocrx_word' id='word_1_498' title='bbox 2885 2980 2929 3035; x_wconf 91' lang='lat' dir='ltr'><strong>si</strong></span> <span class='ocrx_word' id='word_1_499' title='bbox 2958 2979 3185 3034; x_wconf 87' lang='lat' dir='ltr'><strong>crimina</strong></span> <span class='ocrx_word' id='word_1_500' title='bbox 3216 2976 3564 3047; x_wconf 90' lang='lat' dir='ltr'><strong>propulsandi</strong></span> <span class='ocrx_word' id='word_1_501' title='bbox 3606 2974 3838 3031; x_wconf 86' lang='lat' dir='ltr'><strong>facultas</strong></span> 
     </span>
    </p>
   </div>
   <div class='ocr_carea' id='block_1_73' title="bbox 2263 3068 3839 3142">
    <p class='ocr_par' dir='ltr' id='par_1_73' title="bbox 2263 3068 3839 3142">
     <span class='ocr_line' id='line_1_73' title="bbox 2263 3068 3839 3142; baseline -0.008 -8"><span class='ocrx_word' id='word_1_502' title='bbox 2263 3087 2427 3141; x_wconf 86' lang='lat' dir='ltr'><strong>esset,</strong></span> <span class='ocrx_word' id='word_1_503' title='bbox 2460 3076 2823 3133; x_wconf 86' lang='lat' dir='ltr'><strong>accedendum</strong></span> <span class='ocrx_word' id='word_1_504' title='bbox 2868 3084 3007 3142; x_wconf 87' lang='lat' dir='ltr'><strong>erat,</strong></span> <span class='ocrx_word' id='word_1_505' title='bbox 3037 3085 3096 3129; x_wconf 93' lang='lat' dir='ltr'><strong>ut</strong></span> <span class='ocrx_word' id='word_1_506' title='bbox 3138 3073 3314 3129; x_wconf 91' lang='lat' dir='ltr'><strong>omnis</strong></span> <span class='ocrx_word' id='word_1_507' title='bbox 3339 3073 3567 3126; x_wconf 85' lang='lat' dir='ltr'><strong>adversa</strong></span> <span class='ocrx_word' id='word_1_508' title='bbox 3597 3068 3839 3138; x_wconf 62' lang='lat' dir='ltr'><strong>suspicio</strong></span> 
     </span>
    </p>
   </div>
   <div class='ocr_carea' id='block_1_74' title="bbox 2265 3163 3835 3238">
    <p class='ocr_par' dir='ltr' id='par_1_74' title="bbox 2265 3163 3835 3238">
     <span class='ocr_line' id='line_1_74' title="bbox 2265 3163 3835 3238; baseline -0.006 -15"><span class='ocrx_word' id='word_1_509' title='bbox 2265 3168 2555 3225; x_wconf 85' lang='lat' dir='ltr'><strong>levaretur.</strong></span> <span class='ocrx_word' id='word_1_510' title='bbox 2609 3168 2826 3224; x_wconf 90' lang='lat' dir='ltr'><strong>Leniter</strong></span> <span class='ocrx_word' id='word_1_511' title='bbox 2855 3179 3040 3238; x_wconf 85' lang='lat' dir='ltr'><strong>postea</strong></span> <span class='ocrx_word' id='word_1_512' title='bbox 3083 3167 3356 3230; x_wconf 90' lang='lat' dir='ltr'><strong>hortatur,</strong></span> <span class='ocrx_word' id='word_1_513' title='bbox 3400 3173 3459 3218; x_wconf 92' lang='lat' dir='ltr'><strong>ut</strong></span> <span class='ocrx_word' id='word_1_514' title='bbox 3486 3163 3835 3234; x_wconf 86' lang='lat' dir='ltr'><strong>querelarum</strong></span> 
     </span>
    </p>
   </div>
   <div class='ocr_carea' id='block_1_75' title="bbox 2264 3253 3838 3324">
    <p class='ocr_par' dir='ltr' id='par_1_75' title="bbox 2264 3253 3838 3324">
     <span class='ocr_line' id='line_1_75' title="bbox 2264 3253 3838 3324; baseline -0.008 -6"><span class='ocrx_word' id='word_1_515' title='bbox 2264 3271 2321 3317; x_wconf 88' lang='lat' dir='ltr'><strong>et</strong></span> <span class='ocrx_word' id='word_1_516' title='bbox 2352 3261 2697 3317; x_wconf 88' lang='lat' dir='ltr'><strong>dissidiorum</strong></span> <span class='ocrx_word' id='word_1_517' title='bbox 2730 3260 2889 3316; x_wconf 90' lang='lat' dir='ltr'><strong>ﬁnem</strong></span> <span class='ocrx_word' id='word_1_518' title='bbox 2939 3260 3183 3323; x_wconf 89' lang='lat' dir='ltr'><strong>faciant,</strong></span> <span class='ocrx_word' id='word_1_519' title='bbox 3218 3270 3273 3313; x_wconf 91' lang='lat' dir='ltr'><strong>et</strong></span> <span class='ocrx_word' id='word_1_520' title='bbox 3324 3255 3588 3312; x_wconf 85' lang='lat' dir='ltr'><strong>accedant</strong></span> <span class='ocrx_word' id='word_1_521' title='bbox 3637 3253 3838 3324; x_wconf 77' lang='lat' dir='ltr'><strong>quibuu</strong></span> 
     </span>
    </p>
   </div>
   <div class='ocr_carea' id='block_1_76' title="bbox 2266 3349 3842 3421">
    <p class='ocr_par' dir='ltr' id='par_1_76' title="bbox 2266 3349 3842 3421">
     <span class='ocr_line' id='line_1_76' title="bbox 2266 3349 3842 3421; baseline -0.005 -13"><span class='ocrx_word' id='word_1_522' title='bbox 2266 3355 2415 3408; x_wconf 93' lang='lat' dir='ltr'><strong>cordi</strong></span> <span class='ocrx_word' id='word_1_523' title='bbox 2457 3352 2621 3407; x_wconf 85' lang='lat' dir='ltr'><strong>fuerit</strong></span> <span class='ocrx_word' id='word_1_524' title='bbox 2653 3368 2757 3421; x_wconf 88' lang='lat' dir='ltr'><strong>pax</strong></span> <span class='ocrx_word' id='word_1_525' title='bbox 2787 3352 3185 3416; x_wconf 87' lang='lat' dir='ltr'><strong>Ecclesiarum;</strong></span> <span class='ocrx_word' id='word_1_526' title='bbox 3218 3349 3493 3419; x_wconf 89' lang='lat' dir='ltr'><strong>accepisse</strong></span> <span class='ocrx_word' id='word_1_527' title='bbox 3523 3362 3585 3402; x_wconf 88' lang='lat' dir='ltr'><strong>se</strong></span> <span class='ocrx_word' id='word_1_528' title='bbox 3636 3360 3842 3418; x_wconf 80' lang='lat' dir='ltr'><strong>patieos</strong></span> 
     </span>
    </p>
   </div>
   <div class='ocr_carea' id='block_1_77' title="bbox 2264 3438 3842 3496">
    <p class='ocr_par' dir='ltr' id='par_1_77' title="bbox 2264 3438 3842 3496">
     <span class='ocr_line' id='line_1_77' title="bbox 2264 3438 3842 3496; baseline -0.003 -1"><span class='ocrx_word' id='word_1_529' title='bbox 2264 3455 2388 3495; x_wconf 89' lang='lat' dir='ltr'><strong>esse</strong></span> <span class='ocrx_word' id='word_1_530' title='bbox 2419 3456 2643 3496; x_wconf 90' lang='lat' dir='ltr'><strong>numero</strong></span> <span class='ocrx_word' id='word_1_531' title='bbox 2670 3441 2953 3496; x_wconf 68' lang='lat' dir='ltr'><strong>discordiae</strong></span> <span class='ocrx_word' id='word_1_532' title='bbox 2988 3449 3262 3495; x_wconf 84' lang='lat' dir='ltr'><strong>auctores.</strong></span> <span class='ocrx_word' id='word_1_533' title='bbox 3298 3438 3478 3493; x_wconf 76' lang='lat' dir='ltr'><strong>Mirari</strong></span> <span class='ocrx_word' id='word_1_534' title='bbox 3515 3453 3642 3493; x_wconf 92' lang='lat' dir='ltr'><strong>cum</strong></span> <span class='ocrx_word' id='word_1_535' title='bbox 3668 3438 3734 3491; x_wconf 90' lang='lat' dir='ltr'><strong>de</strong></span> <span class='ocrx_word' id='word_1_536' title='bbox 3757 3438 3842 3491; x_wconf 86' lang='lat' dir='ltr'><strong>in-</strong></span> 
     </span>
    </p>
   </div>
   <div class='ocr_carea' id='block_1_78' title="bbox 2264 3531 3839 3605">
    <p class='ocr_par' dir='ltr' id='par_1_78' title="bbox 2264 3531 3839 3605">
     <span class='ocr_line' id='line_1_78' title="bbox 2264 3531 3839 3605; baseline -0.003 -17"><span class='ocrx_word' id='word_1_537' title='bbox 2264 3534 2405 3605; x_wconf 90' lang='lat' dir='ltr'><strong>clyta</strong></span> <span class='ocrx_word' id='word_1_538' title='bbox 2438 3534 2805 3589; x_wconf 85' lang='lat' dir='ltr'><strong>Alexandrina</strong></span> <span class='ocrx_word' id='word_1_539' title='bbox 2839 3536 2967 3589; x_wconf 87' lang='lat' dir='ltr'><strong>sede</strong></span> <span class='ocrx_word' id='word_1_540' title='bbox 3001 3544 3276 3605; x_wconf 85' lang='lat' dir='ltr'><strong>ageretur,</strong></span> <span class='ocrx_word' id='word_1_541' title='bbox 3315 3532 3448 3588; x_wconf 93' lang='lat' dir='ltr'><strong>nihil</strong></span> <span class='ocrx_word' id='word_1_542' title='bbox 3481 3531 3582 3586; x_wconf 90' lang='lat' dir='ltr'><strong>sibi</strong></span> <span class='ocrx_word' id='word_1_543' title='bbox 3634 3531 3839 3584; x_wconf 81' lang='lat' dir='ltr'><strong>rescri-</strong></span> 
     </span>
    </p>
   </div>
   <div class='ocr_carea' id='block_1_79' title="bbox 2265 3624 3845 3696">
    <p class='ocr_par' dir='ltr' id='par_1_79' title="bbox 2265 3624 3845 3696">
     <span class='ocr_line' id='line_1_79' title="bbox 2265 3624 3845 3696; baseline -0.002 -18"><span class='ocrx_word' id='word_1_544' title='bbox 2265 3636 2451 3696; x_wconf 89' lang='lat' dir='ltr'><strong>ptum;</strong></span> <span class='ocrx_word' id='word_1_545' title='bbox 2482 3642 2605 3683; x_wconf 91' lang='lat' dir='ltr'><strong>cum</strong></span> <span class='ocrx_word' id='word_1_546' title='bbox 2634 3642 2697 3682; x_wconf 85' lang='lat' dir='ltr'><strong>ea</strong></span> <span class='ocrx_word' id='word_1_547' title='bbox 2725 3636 2869 3683; x_wconf 90' lang='lat' dir='ltr'><strong>esset</strong></span> <span class='ocrx_word' id='word_1_548' title='bbox 2910 3627 3265 3690; x_wconf 85' lang='lat' dir='ltr'><strong>consuetudo,</strong></span> <span class='ocrx_word' id='word_1_549' title='bbox 3304 3635 3363 3679; x_wconf 93' lang='lat' dir='ltr'><strong>ut</strong></span> <span class='ocrx_word' id='word_1_550' title='bbox 3396 3624 3529 3679; x_wconf 90' lang='lat' dir='ltr'><strong>nihil</strong></span> <span class='ocrx_word' id='word_1_551' title='bbox 3577 3624 3682 3678; x_wconf 88' lang='lat' dir='ltr'><strong>nisi</strong></span> <span class='ocrx_word' id='word_1_552' title='bbox 3712 3639 3845 3677; x_wconf 36' lang='lat' dir='ltr'><strong>con-</strong></span> 
     </span>
    </p>
   </div>
   <div class='ocr_carea' id='block_1_80' title="bbox 2265 3718 3842 3774">
    <p class='ocr_par' dir='ltr' id='par_1_80' title="bbox 2265 3718 3842 3774">
     <span class='ocr_line' id='line_1_80' title="bbox 2265 3718 3842 3774; baseline 0 -2"><span class='ocrx_word' id='word_1_553' title='bbox 2265 3720 2380 3773; x_wconf 91' lang='lat' dir='ltr'><strong>scio</strong></span> <span class='ocrx_word' id='word_1_554' title='bbox 2407 3718 2652 3774; x_wconf 72' lang='lat' dir='ltr'><strong>fioriiano</strong></span> <span class='ocrx_word' id='word_1_555' title='bbox 2687 3721 2932 3774; x_wconf 91' lang='lat' dir='ltr'><strong>antistite</strong></span> <span class='ocrx_word' id='word_1_556' title='bbox 2986 3719 3038 3773; x_wconf 92' lang='lat' dir='ltr'><strong>in</strong></span> <span class='ocrx_word' id='word_1_557' title='bbox 3100 3720 3264 3773; x_wconf 89' lang='lat' dir='ltr'><strong>tantis</strong></span> <span class='ocrx_word' id='word_1_558' title='bbox 3323 3718 3481 3773; x_wconf 86' lang='lat' dir='ltr'><strong>rebus</strong></span> <span class='ocrx_word' id='word_1_559' title='bbox 3513 3719 3842 3773; x_wconf 86' lang='lat' dir='ltr'><strong>definiatur.</strong></span> 
     </span>
    </p>
   </div>
   <div class='ocr_carea' id='block_1_81' title="bbox 2266 3806 3849 3880">
    <p class='ocr_par' dir='ltr' id='par_1_81' title="bbox 2266 3806 3849 3880">
     <span class='ocr_line' id='line_1_81' title="bbox 2266 3806 3849 3880; baseline -0.003 -15"><span class='ocrx_word' id='word_1_560' title='bbox 2266 3806 2441 3880; x_wconf 77' lang='lat' dir='ltr'><strong>Ragat</strong></span> <span class='ocrx_word' id='word_1_561' title='bbox 2471 3810 2687 3863; x_wconf 92' lang='lat' dir='ltr'><strong>demum</strong></span> <span class='ocrx_word' id='word_1_562' title='bbox 2728 3807 3010 3879; x_wconf 89' lang='lat' dir='ltr'><strong>epistolam</strong></span> <span class='ocrx_word' id='word_1_563' title='bbox 3035 3808 3319 3871; x_wconf 89' lang='lat' dir='ltr'><strong>claudens,</strong></span> <span class='ocrx_word' id='word_1_564' title='bbox 3361 3817 3418 3861; x_wconf 90' lang='lat' dir='ltr'><strong>ut</strong></span> <span class='ocrx_word' id='word_1_565' title='bbox 3440 3821 3624 3861; x_wconf 88' lang='lat' dir='ltr'><strong>secum</strong></span> <span class='ocrx_word' id='word_1_566' title='bbox 3658 3807 3849 3860; x_wconf 89' lang='lat' dir='ltr'><strong>animo</strong></span> 
     </span>
    </p>
   </div>
   <div class='ocr_carea' id='block_1_82' title="bbox 2266 3898 3852 3973">
    <p class='ocr_par' dir='ltr' id='par_1_82' title="bbox 2266 3898 3852 3973">
     <span class='ocr_line' id='line_1_82' title="bbox 2266 3898 3852 3973; baseline -0.001 -18"><span class='ocrx_word' id='word_1_567' title='bbox 2266 3914 2514 3972; x_wconf 90' lang='lat' dir='ltr'><strong>reputent</strong></span> <span class='ocrx_word' id='word_1_568' title='bbox 2558 3911 2831 3973; x_wconf 88' lang='lat' dir='ltr'><strong>gestorum</strong></span> <span class='ocrx_word' id='word_1_569' title='bbox 2872 3902 3113 3956; x_wconf 89' lang='lat' dir='ltr'><strong>omnium</strong></span> <span class='ocrx_word' id='word_1_570' title='bbox 3145 3900 3471 3957; x_wconf 86' lang='lat' dir='ltr'><strong>reddendam</strong></span> <span class='ocrx_word' id='word_1_571' title='bbox 3524 3898 3852 3969; x_wconf 67' lang='lat' dir='ltr'><strong>mquissimo</strong></span> 
     </span>
    </p>
   </div>
   <div class='ocr_carea' id='block_1_83' title="bbox 2259 3993 2893 4064">
    <p class='ocr_par' dir='ltr' id='par_1_83' title="bbox 2259 3993 2893 4064">
     <span class='ocr_line' id='line_1_83' title="bbox 2259 3993 2893 4064; baseline 0.002 -17"><span class='ocrx_word' id='word_1_572' title='bbox 2259 3993 2427 4064; x_wconf 83' lang='lat' dir='ltr'><strong>judici</strong></span> <span class='ocrx_word' id='word_1_573' title='bbox 2463 3994 2571 4049; x_wconf 84' lang='lat' dir='ltr'><strong>Deo</strong></span> <span class='ocrx_word' id='word_1_574' title='bbox 2607 3994 2893 4049; x_wconf 87' lang='lat' dir='ltr'><strong>rationem.</strong></span> 
     </span>
    </p>
   </div>
   <div class='ocr_carea' id='block_1_84' title="bbox 2335 4082 3846 4158">
    <p class='ocr_par' dir='ltr' id='par_1_84' title="bbox 2335 4082 3846 4158">
     <span class='ocr_line' id='line_1_84' title="bbox 2335 4082 3846 4158; baseline -0.003 -16"><span class='ocrx_word' id='word_1_575' title='bbox 2335 4087 2389 4142; x_wconf 88' lang='lat'><strong>6.</strong></span> <span class='ocrx_word' id='word_1_576' title='bbox 2446 4086 2591 4141; x_wconf 78' lang='lat' dir='ltr'><strong>Mors</strong></span> <span class='ocrx_word' id='word_1_577' title='bbox 2617 4085 2854 4143; x_wconf 80' lang='lat' dir='ltr'><strong>Eusebii.</strong></span> <span class='ocrx_word' id='word_1_578' title='bbox 2901 4118 2973 4129; x_wconf 91' lang='lat'><strong>—-</strong></span> <span class='ocrx_word' id='word_1_579' title='bbox 3015 4085 3343 4158; x_wconf 89' lang='lat' dir='ltr'><strong>Synodalem</strong></span> <span class='ocrx_word' id='word_1_580' title='bbox 3377 4082 3501 4139; x_wconf 81' lang='lat' dir='ltr'><strong>Julii</strong></span> <span class='ocrx_word' id='word_1_581' title='bbox 3552 4085 3846 4154; x_wconf 86' lang='lat' dir='ltr'><strong>epistolam</strong></span> 
     </span>
    </p>
   </div>
   <div class='ocr_carea' id='block_1_85' title="bbox 2263 4177 3844 4245">
    <p class='ocr_par' dir='ltr' id='par_1_85' title="bbox 2263 4177 3844 4245">
     <span class='ocr_line' id='line_1_85' title="bbox 2263 4177 3844 4245; baseline -0.003 -10"><span class='ocrx_word' id='word_1_582' title='bbox 2263 4178 2540 4235; x_wconf 88' lang='lat' dir='ltr'><strong>Gabianus</strong></span> <span class='ocrx_word' id='word_1_583' title='bbox 2565 4195 2770 4245; x_wconf 89' lang='lat' dir='ltr'><strong>comes,</strong></span> <span class='ocrx_word' id='word_1_584' title='bbox 2804 4181 2880 4233; x_wconf 93' lang='lat' dir='ltr'><strong>uti</strong></span> <span class='ocrx_word' id='word_1_585' title='bbox 2915 4180 3171 4241; x_wconf 77' lang='lat' dir='ltr'><strong>diximus,</strong></span> <span class='ocrx_word' id='word_1_586' title='bbox 3222 4178 3414 4234; x_wconf 90' lang='lat' dir='ltr'><strong>detulit</strong></span> <span class='ocrx_word' id='word_1_587' title='bbox 3456 4180 3508 4232; x_wconf 92' lang='lat' dir='ltr'><strong>in</strong></span> <span class='ocrx_word' id='word_1_588' title='bbox 3535 4177 3844 4243; x_wconf 89' lang='lat' dir='ltr'><strong>Orientem,</strong></span> 
     </span>
    </p>
   </div>
   <div class='ocr_carea' id='block_1_86' title="bbox 2229 4270 3846 4343">
    <p class='ocr_par' dir='ltr' id='par_1_86' title="bbox 2229 4270 3846 4343">
     <span class='ocr_line' id='line_1_86' title="bbox 2229 4270 3846 4343; baseline -0.002 -18"><span class='ocrx_word' id='word_1_589' title='bbox 2229 4284 2319 4325; x_wconf 85' lang='lat' dir='ltr'><strong>-et</strong></span> <span class='ocrx_word' id='word_1_590' title='bbox 2361 4274 2581 4343; x_wconf 89' lang='lat' dir='ltr'><strong>quidem</strong></span> <span class='ocrx_word' id='word_1_591' title='bbox 2607 4316 2621 4336; x_wconf 89' lang='lat'><strong>,</strong></span> <span class='ocrx_word' id='word_1_592' title='bbox 2655 4284 2712 4327; x_wconf 93' lang='lat' dir='ltr'><strong>ut</strong></span> <span class='ocrx_word' id='word_1_593' title='bbox 2753 4284 2977 4327; x_wconf 87' lang='lat' dir='ltr'><strong>narrant</strong></span> <span class='ocrx_word' id='word_1_594' title='bbox 3003 4273 3255 4327; x_wconf 82' lang='lat' dir='ltr'><strong>Socrates</strong></span> <span class='ocrx_word' id='word_1_595' title='bbox 3291 4281 3347 4326; x_wconf 87' lang='lat' dir='ltr'><strong>et</strong></span> <span class='ocrx_word' id='word_1_596' title='bbox 3378 4270 3716 4326; x_wconf 84' lang='lat' dir='ltr'><strong>Sozomenus</strong></span> <span class='ocrx_word' id='word_1_597' title='bbox 3748 4270 3846 4341; x_wconf 85' lang='lat' dir='ltr'><strong>(c),</strong></span> 
     </span>
    </p>
   </div>
   <div class='ocr_carea' id='block_1_87' title="bbox 2264 4362 3851 4435">
    <p class='ocr_par' dir='ltr' id='par_1_87' title="bbox 2264 4362 3851 4435">
     <span class='ocr_line' id='line_1_87' title="bbox 2264 4362 3851 4435; baseline 0 -18"><span class='ocrx_word' id='word_1_598' title='bbox 2264 4362 2501 4417; x_wconf 84' lang='lat' dir='ltr'><strong>Eusebio</strong></span> <span class='ocrx_word' id='word_1_599' title='bbox 2526 4364 2732 4418; x_wconf 88' lang='lat' dir='ltr'><strong>interea</strong></span> <span class='ocrx_word' id='word_1_600' title='bbox 2763 4375 3054 4433; x_wconf 89' lang='lat' dir='ltr'><strong>antequam</strong></span> <span class='ocrx_word' id='word_1_601' title='bbox 3088 4363 3279 4435; x_wconf 84' lang='lat' dir='ltr'><strong>synodi</strong></span> <span class='ocrx_word' id='word_1_602' title='bbox 3307 4373 3455 4433; x_wconf 86' lang='lat' dir='ltr'><strong>gesta</strong></span> <span class='ocrx_word' id='word_1_603' title='bbox 3482 4364 3851 4432; x_wconf 82' lang='lat' dir='ltr'><strong>comperisset</strong></span> 
     </span>
    </p>
   </div>
   <div class='ocr_carea' id='block_1_88' title="bbox 2265 4454 3852 4527">
    <p class='ocr_par' dir='ltr' id='par_1_88' title="bbox 2265 4454 3852 4527">
     <span class='ocr_line' id='line_1_88' title="bbox 2265 4454 3852 4527; baseline 0.002 -18"><span class='ocrx_word' id='word_1_604' title='bbox 2265 4454 2540 4511; x_wconf 89' lang='lat' dir='ltr'><strong>defuncto.</strong></span> <span class='ocrx_word' id='word_1_605' title='bbox 2574 4455 2761 4522; x_wconf 81' lang='lat' dir='ltr'><strong>Queis,</strong></span> <span class='ocrx_word' id='word_1_606' title='bbox 2794 4464 2853 4510; x_wconf 90' lang='lat' dir='ltr'><strong>ut</strong></span> <span class='ocrx_word' id='word_1_607' title='bbox 2882 4471 2998 4511; x_wconf 86' lang='lat' dir='ltr'><strong>mea</strong></span> <span class='ocrx_word' id='word_1_608' title='bbox 3043 4457 3258 4526; x_wconf 90' lang='lat' dir='ltr'><strong>quidem</strong></span> <span class='ocrx_word' id='word_1_609' title='bbox 3287 4455 3395 4512; x_wconf 89' lang='lat' dir='ltr'><strong>fert</strong></span> <span class='ocrx_word' id='word_1_610' title='bbox 3424 4457 3634 4527; x_wconf 89' lang='lat' dir='ltr'><strong>opinio,</strong></span> <span class='ocrx_word' id='word_1_611' title='bbox 3665 4461 3852 4512; x_wconf 88' lang='lat' dir='ltr'><strong>neuti-</strong></span> 
     </span>
    </p>
   </div>
   <div class='ocr_carea' id='block_1_89' title="bbox 591 4529 2160 4639">
    <p class='ocr_par' dir='ltr' id='par_1_89' title="bbox 591 4529 2160 4624">
     <span class='ocr_line' id='line_1_89' title="bbox 591 4529 2160 4624; baseline 0.002 -18"><span class='ocrx_word' id='word_1_612' title='bbox 591 4552 775 4621; x_wconf 87' lang='lat' dir='ltr'><strong>Carpit</strong></span> <span class='ocrx_word' id='word_1_613' title='bbox 819 4569 911 4610; x_wconf 91' lang='lat' dir='ltr'><strong>eos</strong></span> <span class='ocrx_word' id='word_1_614' title='bbox 943 4557 1031 4624; x_wconf 90' lang='lat' dir='ltr'><strong>qui</strong></span> <span class='ocrx_word' id='word_1_615' title='bbox 1068 4572 1191 4611; x_wconf 90' lang='lat' dir='ltr'><strong>cum</strong></span> <span class='ocrx_word' id='word_1_616' title='bbox 1225 4558 1443 4611; x_wconf 84' lang='lat' dir='ltr'><strong>Arianis</strong></span> <span class='ocrx_word' id='word_1_617' title='bbox 1478 4529 1792 4613; x_wconf 78' lang='lat' dir='ltr'><strong>societatem</strong></span> <span class='ocrx_word' id='word_1_618' title='bbox 1839 4557 2160 4611; x_wconf 87' lang='lat' dir='ltr'><strong>amicitiam-</strong></span> 
     </span>
    </p>
   </div>
   <div class='ocr_carea' id='block_1_90' title="bbox 2262 4529 3849 4639">
    <p class='ocr_par' dir='ltr' id='par_1_90' title="bbox 2264 4529 3849 4619">
     <span class='ocr_line' id='line_1_90' title="bbox 2264 4529 3849 4619; baseline 0.002 -18"><span class='ocrx_word' id='word_1_619' title='bbox 2264 4563 2428 4618; x_wconf 89' lang='lat' dir='ltr'><strong>quam</strong></span> <span class='ocrx_word' id='word_1_620' title='bbox 2477 4529 2785 4618; x_wconf 70' lang='lat' dir='ltr'><strong>refragatur</strong></span> <span class='ocrx_word' id='word_1_621' title='bbox 2819 4548 3170 4610; x_wconf 84' lang='lat' dir='ltr'><strong>Athanasius.</strong></span> <span class='ocrx_word' id='word_1_622' title='bbox 3206 4549 3333 4606; x_wconf 88' lang='lat' dir='ltr'><strong>dum</strong></span> <span class='ocrx_word' id='word_1_623' title='bbox 3380 4548 3499 4614; x_wconf 90' lang='lat' dir='ltr'><strong>ait,</strong></span> <span class='ocrx_word' id='word_1_624' title='bbox 3552 4560 3849 4619; x_wconf 84' lang='lat' dir='ltr'><strong>postquam</strong></span> 
     </span>
    </p>
   </div>
   <div class='ocr_carea' id='block_1_91' title="bbox 591 4643 2162 4721">
    <p class='ocr_par' dir='ltr' id='par_1_91' title="bbox 591 4643 2162 4721">
     <span class='ocr_line' id='line_1_91' title="bbox 591 4643 2162 4721; baseline 0.006 -27"><span class='ocrx_word' id='word_1_625' title='bbox 591 4658 696 4712; x_wconf 90' lang='lat' dir='ltr'><strong>que</strong></span> <span class='ocrx_word' id='word_1_626' title='bbox 729 4643 992 4712; x_wconf 88' lang='lat' dir='ltr'><strong>foverent,</strong></span> <span class='ocrx_word' id='word_1_627' title='bbox 1025 4648 1380 4704; x_wconf 77' lang='lat' dir='ltr'><strong>horninibnsa</strong></span> <span class='ocrx_word' id='word_1_628' title='bbox 1410 4650 1624 4705; x_wconf 72' lang='lat' dir='ltr'><strong>Niczena</strong></span> <span class='ocrx_word' id='word_1_629' title='bbox 1653 4651 1857 4721; x_wconf 77' lang='lat' dir='ltr'><strong>synodo</strong></span> <span class='ocrx_word' id='word_1_630' title='bbox 1890 4648 2162 4703; x_wconf 90' lang='lat' dir='ltr'><strong>damnatis</strong></span> 
     </span>
    </p>
   </div>
   <div class='ocr_carea' id='block_1_92' title="bbox 590 4735 2161 4809">
    <p class='ocr_par' dir='ltr' id='par_1_92' title="bbox 590 4735 2161 4809">
     <span class='ocr_line' id='line_1_92' title="bbox 590 4735 2161 4809; baseline 0.006 -23"><span class='ocrx_word' id='word_1_631' title='bbox 590 4746 645 4787; x_wconf 91' lang='lat' dir='ltr'><strong>et</strong></span> <span class='ocrx_word' id='word_1_632' title='bbox 666 4735 900 4793; x_wconf 85' lang='lat' dir='ltr'><strong>Ecclesia</strong></span> <span class='ocrx_word' id='word_1_633' title='bbox 931 4740 1099 4809; x_wconf 85' lang='lat' dir='ltr'><strong>pulsis</strong></span> <span class='ocrx_word' id='word_1_634' title='bbox 1126 4758 1140 4794; x_wconf 89' lang='lat'><strong>:</strong></span> <span class='ocrx_word' id='word_1_635' title='bbox 1177 4751 1231 4795; x_wconf 91' lang='lat' dir='ltr'><strong>et</strong></span> <span class='ocrx_word' id='word_1_636' title='bbox 1262 4743 1426 4797; x_wconf 90' lang='lat' dir='ltr'><strong>tacito</strong></span> <span class='ocrx_word' id='word_1_637' title='bbox 1453 4744 1668 4797; x_wconf 89' lang='lat' dir='ltr'><strong>nomine</strong></span> <span class='ocrx_word' id='word_1_638' title='bbox 1703 4742 2034 4796; x_wconf 83' lang='lat' dir='ltr'><strong>Eusebianos</strong></span> <span class='ocrx_word' id='word_1_639' title='bbox 2061 4755 2161 4796; x_wconf 91' lang='lat' dir='ltr'><strong>nec</strong></span> 
     </span>
    </p>
   </div>
   <div class='ocr_carea' id='block_1_93' title="bbox 589 4831 2158 4906">
    <p class='ocr_par' dir='ltr' id='par_1_93' title="bbox 589 4831 2158 4906">
     <span class='ocr_line' id='line_1_93' title="bbox 589 4831 2158 4906; baseline 0.003 -23"><span class='ocrx_word' id='word_1_640' title='bbox 589 4832 818 4884; x_wconf 81' lang='lat' dir='ltr'><strong>obscure</strong></span> <span class='ocrx_word' id='word_1_641' title='bbox 842 4833 974 4886; x_wconf 84' lang='lat' dir='ltr'><strong>tanti</strong></span> <span class='ocrx_word' id='word_1_642' title='bbox 992 4831 1174 4902; x_wconf 87' lang='lat' dir='ltr'><strong>flagitii</strong></span> <span class='ocrx_word' id='word_1_643' title='bbox 1204 4849 1322 4890; x_wconf 89' lang='lat' dir='ltr'><strong>reos</strong></span> <span class='ocrx_word' id='word_1_644' title='bbox 1347 4837 1633 4906; x_wconf 88' lang='lat' dir='ltr'><strong>significat.</strong></span> <span class='ocrx_word' id='word_1_645' title='bbox 1659 4834 1715 4889; x_wconf 88' lang='lat' dir='ltr'><strong>Si</strong></span> <span class='ocrx_word' id='word_1_646' title='bbox 1743 4849 1841 4904; x_wconf 91' lang='lat' dir='ltr'><strong>per</strong></span> <span class='ocrx_word' id='word_1_647' title='bbox 1863 4833 2158 4889; x_wconf 82' lang='lat' dir='ltr'><strong>Novatiani</strong></span> 
     </span>
    </p>
   </div>
   <div class='ocr_carea' id='block_1_94' title="bbox 589 4922 2159 4997">
    <p class='ocr_par' dir='ltr' id='par_1_94' title="bbox 589 4922 2159 4997">
     <span class='ocr_line' id='line_1_94' title="bbox 589 4922 2159 4997; baseline 0.003 -23"><span class='ocrx_word' id='word_1_648' title='bbox 589 4932 644 4976; x_wconf 89' lang='lat' dir='ltr'><strong>et</strong></span> <span class='ocrx_word' id='word_1_649' title='bbox 669 4922 816 4976; x_wconf 81' lang='lat' dir='ltr'><strong>Pauli</strong></span> <span class='ocrx_word' id='word_1_650' title='bbox 841 4922 1178 4981; x_wconf 89' lang='lat' dir='ltr'><strong>Samosateni</strong></span> <span class='ocrx_word' id='word_1_651' title='bbox 1203 4930 1505 4997; x_wconf 89' lang='lat' dir='ltr'><strong>exemplum</strong></span> <span class='ocrx_word' id='word_1_652' title='bbox 1535 4928 1671 4984; x_wconf 89' lang='lat' dir='ltr'><strong>scita</strong></span> <span class='ocrx_word' id='word_1_653' title='bbox 1705 4927 2037 4997; x_wconf 87' lang='lat' dir='ltr'><strong>synodorum</strong></span> <span class='ocrx_word' id='word_1_654' title='bbox 2075 4924 2159 4979; x_wconf 85' lang='lat' dir='ltr'><strong>vi-</strong></span> 
     </span>
    </p>
   </div>
   <div class='ocr_carea' id='block_1_95' title="bbox 590 5018 2174 5088">
    <p class='ocr_par' dir='ltr' id='par_1_95' title="bbox 590 5018 2174 5088">
     <span class='ocr_line' id='line_1_95' title="bbox 590 5018 2174 5088; baseline 0.001 -20"><span class='ocrx_word' id='word_1_655' title='bbox 590 5028 718 5082; x_wconf 86' lang='lat' dir='ltr'><strong>gere</strong></span> <span class='ocrx_word' id='word_1_656' title='bbox 738 5024 1005 5085; x_wconf 88' lang='lat' dir='ltr'><strong>oporteat,</strong></span> <span class='ocrx_word' id='word_1_657' title='bbox 1036 5018 1188 5071; x_wconf 87' lang='lat' dir='ltr'><strong>nefas</strong></span> <span class='ocrx_word' id='word_1_658' title='bbox 1223 5028 1585 5074; x_wconf 90' lang='lat' dir='ltr'><strong>trecentorum</strong></span> <span class='ocrx_word' id='word_1_659' title='bbox 1621 5020 1910 5088; x_wconf 67' lang='lat' dir='ltr'><strong>praesulem</strong></span> <span class='ocrx_word' id='word_1_660' title='bbox 1938 5018 2174 5071; x_wconf 82' lang='lat' dir='ltr'><strong>decreta&#39;</strong></span> 
     </span>
    </p>
   </div>
   <div class='ocr_carea' id='block_1_96' title="bbox 591 5102 2161 5175">
    <p class='ocr_par' dir='ltr' id='par_1_96' title="bbox 591 5102 2161 5175">
     <span class='ocr_line' id='line_1_96' title="bbox 591 5102 2161 5175; baseline 0.003 -20"><span class='ocrx_word' id='word_1_661' title='bbox 591 5102 863 5173; x_wconf 86' lang='lat' dir='ltr'><strong>vilipendi,</strong></span> <span class='ocrx_word' id='word_1_662' title='bbox 910 5107 1242 5161; x_wconf 89' lang='lat' dir='ltr'><strong>admittendo</strong></span> <span class='ocrx_word' id='word_1_663' title='bbox 1283 5110 1669 5163; x_wconf 86' lang='lat' dir='ltr'><strong>Ariomanitas.</strong></span> <span class='ocrx_word' id='word_1_664' title='bbox 1710 5108 1913 5175; x_wconf 79' lang='lat' dir='ltr'><strong>Argnte</strong></span> <span class='ocrx_word' id='word_1_665' title='bbox 1940 5105 2161 5175; x_wconf 88' lang='lat' dir='ltr'><strong>depellit</strong></span> 
     </span>
    </p>
   </div>
   <div class='ocr_carea' id='block_1_97' title="bbox 590 5193 2160 5270">
    <p class='ocr_par' dir='ltr' id='par_1_97' title="bbox 590 5193 2160 5270">
     <span class='ocr_line' id='line_1_97' title="bbox 590 5193 2160 5270; baseline 0.001 -23"><span class='ocrx_word' id='word_1_666' title='bbox 590 5193 735 5248; x_wconf 90' lang='lat' dir='ltr'><strong>illam</strong></span> <span class='ocrx_word' id='word_1_667' title='bbox 771 5197 1128 5266; x_wconf 86' lang='lat' dir='ltr'><strong>pervicacium</strong></span> <span class='ocrx_word' id='word_1_668' title='bbox 1157 5201 1431 5254; x_wconf 90' lang='lat' dir='ltr'><strong>hominum</strong></span> <span class='ocrx_word' id='word_1_669' title='bbox 1458 5200 1773 5270; x_wconf 90' lang='lat' dir='ltr'><strong>querelam,</strong></span> <span class='ocrx_word' id='word_1_670' title='bbox 1805 5216 1908 5251; x_wconf 88' lang='lat' dir='ltr'><strong>non</strong></span> <span class='ocrx_word' id='word_1_671' title='bbox 1954 5212 2020 5251; x_wconf 84' lang='lat' dir='ltr'><strong>ex</strong></span> <span class='ocrx_word' id='word_1_672' title='bbox 2053 5198 2160 5249; x_wconf 81' lang='lat' dir='ltr'><strong>Ro-</strong></span> 
     </span>
    </p>
   </div>
   <div class='ocr_carea' id='block_1_98' title="bbox 589 5285 2158 5355">
    <p class='ocr_par' dir='ltr' id='par_1_98' title="bbox 589 5285 2158 5355">
     <span class='ocr_line' id='line_1_98' title="bbox 589 5285 2158 5355; baseline 0.005 -20"><span class='ocrx_word' id='word_1_673' title='bbox 589 5298 691 5336; x_wconf 67' lang='lat' dir='ltr'><strong>mae</strong></span> <span class='ocrx_word' id='word_1_674' title='bbox 739 5285 1090 5353; x_wconf 81' lang='lat' dir='ltr'><strong>amplitudine</strong></span> <span class='ocrx_word' id='word_1_675' title='bbox 1126 5287 1443 5355; x_wconf 80' lang='lat' dir='ltr'><strong>dignitatem</strong></span> <span class='ocrx_word' id='word_1_676' title='bbox 1490 5289 1609 5355; x_wconf 83' lang='lat' dir='ltr'><strong>ejus</strong></span> <span class='ocrx_word' id='word_1_677' title='bbox 1661 5288 1839 5341; x_wconf 88' lang='lat' dir='ltr'><strong>ntetiri</strong></span> <span class='ocrx_word' id='word_1_678' title='bbox 1885 5298 2158 5354; x_wconf 86' lang='lat' dir='ltr'><strong>oportere.</strong></span> 
     </span>
    </p>
   </div>
   <div class='ocr_carea' id='block_1_99' title="bbox 587 5379 2161 5455">
    <p class='ocr_par' dir='ltr' id='par_1_99' title="bbox 587 5379 2161 5455">
     <span class='ocr_line' id='line_1_99' title="bbox 587 5379 2161 5455; baseline -0.001 -19"><span class='ocrx_word' id='word_1_679' title='bbox 587 5379 704 5436; x_wconf 82' lang='lat' dir='ltr'><strong>Non</strong></span> <span class='ocrx_word' id='word_1_680' title='bbox 747 5382 928 5438; x_wconf 90' lang='lat' dir='ltr'><strong>decuit</strong></span> <span class='ocrx_word' id='word_1_681' title='bbox 962 5383 1147 5455; x_wconf 86' lang='lat' dir='ltr'><strong>igitur,</strong></span> <span class='ocrx_word' id='word_1_682' title='bbox 1169 5384 1267 5448; x_wconf 89' lang='lat' dir='ltr'><strong>ait,</strong></span> <span class='ocrx_word' id='word_1_683' title='bbox 1300 5400 1447 5449; x_wconf 89' lang='lat' dir='ltr'><strong>eum,</strong></span> <span class='ocrx_word' id='word_1_684' title='bbox 1475 5385 1561 5438; x_wconf 91' lang='lat' dir='ltr'><strong>cni</strong></span> <span class='ocrx_word' id='word_1_685' title='bbox 1600 5397 1763 5453; x_wconf 86' lang='lat' dir='ltr'><strong>parva</strong></span> <span class='ocrx_word' id='word_1_686' title='bbox 1796 5382 1990 5437; x_wconf 86' lang='lat' dir='ltr'><strong>civitas</strong></span> <span class='ocrx_word' id='word_1_687' title='bbox 2027 5396 2161 5435; x_wconf 82' lang='lat' dir='ltr'><strong>cou-</strong></span> 
     </span>
    </p>
   </div>
   <div class='ocr_carea' id='block_1_100' title="bbox 588 5469 2158 5539">
    <p class='ocr_par' dir='ltr' id='par_1_100' title="bbox 588 5469 2158 5539">
     <span class='ocr_line' id='line_1_100' title="bbox 588 5469 2158 5539; baseline -0.001 -15"><span class='ocrx_word' id='word_1_688' title='bbox 588 5472 792 5525; x_wconf 86' lang='lat' dir='ltr'><strong>credita</strong></span> <span class='ocrx_word' id='word_1_689' title='bbox 837 5471 1015 5526; x_wconf 89' lang='lat' dir='ltr'><strong>fuerat</strong></span> <span class='ocrx_word' id='word_1_690' title='bbox 1042 5514 1058 5538; x_wconf 92' lang='lat'><strong>,</strong></span> <span class='ocrx_word' id='word_1_691' title='bbox 1094 5471 1183 5526; x_wconf 82' lang='lat' dir='ltr'><strong>illa</strong></span> <span class='ocrx_word' id='word_1_692' title='bbox 1220 5473 1469 5539; x_wconf 89' lang='lat' dir='ltr'><strong>despecta</strong></span> <span class='ocrx_word' id='word_1_693' title='bbox 1504 5510 1520 5536; x_wconf 96' lang='lat'><strong>,</strong></span> <span class='ocrx_word' id='word_1_694' title='bbox 1575 5469 1893 5539; x_wconf 85' lang='lat' dir='ltr'><strong>ampliorem</strong></span> <span class='ocrx_word' id='word_1_695' title='bbox 1925 5483 1989 5522; x_wconf 85' lang='lat' dir='ltr'><strong>ex</strong></span> <span class='ocrx_word' id='word_1_696' title='bbox 2042 5471 2158 5523; x_wconf 90' lang='lat' dir='ltr'><strong>sola</strong></span> 
     </span>
    </p>
   </div>
   <div class='ocr_carea' id='block_1_101' title="bbox 589 5560 2159 5634">
    <p class='ocr_par' dir='ltr' id='par_1_101' title="bbox 589 5560 2159 5634">
     <span class='ocr_line' id='line_1_101' title="bbox 589 5560 2159 5634; baseline -0.002 -17"><span class='ocrx_word' id='word_1_697' title='bbox 589 5562 765 5618; x_wconf 88' lang='lat' dir='ltr'><strong>inanis</strong></span> <span class='ocrx_word' id='word_1_698' title='bbox 787 5563 971 5634; x_wconf 82' lang='lat' dir='ltr'><strong>gloria:</strong></span> <span class='ocrx_word' id='word_1_699' title='bbox 999 5564 1248 5633; x_wconf 90' lang='lat' dir='ltr'><strong>cupidine</strong></span> <span class='ocrx_word' id='word_1_700' title='bbox 1277 5563 1530 5617; x_wconf 87' lang='lat' dir='ltr'><strong>invadere</strong></span> <span class='ocrx_word' id='word_1_701' title='bbox 1560 5580 1575 5616; x_wconf 91' lang='lat'><strong>:</strong></span> <span class='ocrx_word' id='word_1_702' title='bbox 1609 5562 1761 5632; x_wconf 89' lang='lat' dir='ltr'><strong>queis</strong></span> <span class='ocrx_word' id='word_1_703' title='bbox 1786 5560 1999 5616; x_wconf 83' lang='lat' dir='ltr'><strong>Eusebii</strong></span> <span class='ocrx_word' id='word_1_704' title='bbox 2033 5575 2159 5614; x_wconf 87' lang='lat' dir='ltr'><strong>am-</strong></span> 
     </span>
    </p>
   </div>
   <div class='ocr_carea' id='block_1_102' title="bbox 659 5741 1870 5834">
    <p class='ocr_par' dir='ltr' id='par_1_102' title="bbox 659 5741 1870 5834">
     <span class='ocr_line' id='line_1_102' title="bbox 659 5741 1870 5834; baseline 0.002 -22"><span class='ocrx_word' id='word_1_705' title='bbox 659 5761 737 5834; x_wconf 76' lang='grc' dir='ltr'><strong>(α)</strong></span> <span class='ocrx_word' id='word_1_706' title='bbox 768 5760 967 5834; x_wconf 68' lang='lat' dir='ltr'><strong>Athan.</strong></span> <span class='ocrx_word' id='word_1_707' title='bbox 1000 5764 1218 5834; x_wconf 76' lang='lat' dir='ltr'><strong>Apolog.</strong></span> <span class='ocrx_word' id='word_1_708' title='bbox 1246 5775 1428 5818; x_wconf 87' lang='lat' dir='ltr'><strong>contra</strong></span> <span class='ocrx_word' id='word_1_709' title='bbox 1454 5741 1662 5829; x_wconf 70' lang='lat' dir='ltr'><strong>Arium,</strong></span> <span class='ocrx_word' id='word_1_710' title='bbox 1697 5781 1750 5820; x_wconf 87' lang='grc' dir='ltr'><strong>η.</strong></span> <span class='ocrx_word' id='word_1_711' title='bbox 1777 5763 1870 5816; x_wconf 69' lang='grc'><strong>20.</strong></span> 
     </span>
    </p>
   </div>
   <div class='ocr_carea' id='block_1_103' title="bbox 661 5830 1485 5905">
    <p class='ocr_par' dir='ltr' id='par_1_103' title="bbox 661 5830 1485 5905">
     <span class='ocr_line' id='line_1_103' title="bbox 661 5830 1485 5905; baseline 0.01 -24"><span class='ocrx_word' id='word_1_712' title='bbox 661 5830 735 5900; x_wconf 73' lang='grc' dir='ltr'>(ιι)</span> <span class='ocrx_word' id='word_1_713' title='bbox 755 5831 953 5887; x_wconf 82' lang='lat' dir='ltr'><strong>Athan.</strong></span> <span class='ocrx_word' id='word_1_714' title='bbox 989 5833 1142 5905; x_wconf 57' lang='lat' dir='ltr'><strong>ibid,</strong></span> <span class='ocrx_word' id='word_1_715' title='bbox 1165 5830 1240 5894; x_wconf 32' lang='lat' dir='ltr'><strong>vn.</strong></span> <span class='ocrx_word' id='word_1_716' title='bbox 1264 5836 1355 5903; x_wconf 69' lang='grc'><strong>20,</strong></span> <span class='ocrx_word' id='word_1_717' title='bbox 1391 5837 1485 5889; x_wconf 77' lang='grc'><strong>21.</strong></span> 
     </span>
    </p>
   </div>
   <div class='ocr_carea' id='block_1_104' title="bbox 2267 4638 3849 4708">
    <p class='ocr_par' dir='ltr' id='par_1_104' title="bbox 2267 4638 3849 4708">
     <span class='ocr_line' id='line_1_104' title="bbox 2267 4638 3849 4708; baseline 0 -15"><span class='ocrx_word' id='word_1_718' title='bbox 2267 4639 2380 4693; x_wconf 83' lang='lat' dir='ltr'><strong>haec</strong></span> <span class='ocrx_word' id='word_1_719' title='bbox 2432 4638 2744 4708; x_wconf 88' lang='lat' dir='ltr'><strong>scripsisset</strong></span> <span class='ocrx_word' id='word_1_720' title='bbox 2772 4639 2947 4694; x_wconf 76' lang='lat' dir='ltr'><strong>Julius</strong></span> <span class='ocrx_word' id='word_1_721' title='bbox 2974 4681 2990 4705; x_wconf 97' lang='lat'><strong>,</strong></span> <span class='ocrx_word' id='word_1_722' title='bbox 3024 4639 3317 4698; x_wconf 84' lang='lat' dir='ltr'><strong>Eusebium</strong></span> <span class='ocrx_word' id='word_1_723' title='bbox 3361 4650 3419 4696; x_wconf 90' lang='lat' dir='ltr'><strong>et</strong></span> <span class='ocrx_word' id='word_1_724' title='bbox 3456 4641 3636 4695; x_wconf 86' lang='lat' dir='ltr'><strong>socios</strong></span> <span class='ocrx_word' id='word_1_725' title='bbox 3665 4680 3679 4705; x_wconf 91' lang='lat'><strong>,</strong></span> <span class='ocrx_word' id='word_1_726' title='bbox 3714 4641 3849 4703; x_wconf 73' lang='grc' dir='ltr'><strong>τοὺς</strong></span> 
     </span>
    </p>
   </div>
   <div class='ocr_carea' id='block_1_105' title="bbox 2266 4731 3853 4802">
    <p class='ocr_par' dir='ltr' id='par_1_105' title="bbox 2266 4731 3853 4802">
     <span class='ocr_line' id='line_1_105' title="bbox 2266 4731 3853 4802; baseline 0.003 -19"><span class='ocrx_word' id='word_1_727' title='bbox 2266 4731 2395 4802; x_wconf 73' lang='grc' dir='ltr'>περὶ</span> <span class='ocrx_word' id='word_1_728' title='bbox 2426 4732 2703 4795; x_wconf 73' lang='grc' dir='ltr'><strong>Εὐσέϐιον,</strong></span> <span class='ocrx_word' id='word_1_729' title='bbox 2732 4734 2924 4802; x_wconf 70' lang='lat' dir='ltr'><strong>emptis</strong></span> <span class='ocrx_word' id='word_1_730' title='bbox 2946 4734 3210 4788; x_wconf 89' lang='lat' dir='ltr'><strong>institisse</strong></span> <span class='ocrx_word' id='word_1_731' title='bbox 3233 4773 3248 4799; x_wconf 92' lang='lat'><strong>,</strong></span> <span class='ocrx_word' id='word_1_732' title='bbox 3281 4748 3345 4787; x_wconf 87' lang='lat' dir='ltr'><strong>ac</strong></span> <span class='ocrx_word' id='word_1_733' title='bbox 3368 4733 3557 4787; x_wconf 88' lang='lat' dir='ltr'><strong>turbas</strong></span> <span class='ocrx_word' id='word_1_734' title='bbox 3589 4734 3657 4786; x_wconf 85' lang='lat' dir='ltr'><strong>de</strong></span> <span class='ocrx_word' id='word_1_735' title='bbox 3693 4748 3853 4787; x_wconf 86' lang='lat' dir='ltr'><strong>more</strong></span> 
     </span>
    </p>
   </div>
   <div class='ocr_carea' id='block_1_106' title="bbox 2265 4823 3852 4880">
    <p class='ocr_par' dir='ltr' id='par_1_106' title="bbox 2265 4823 3852 4880">
     <span class='ocr_line' id='line_1_106' title="bbox 2265 4823 3852 4880; baseline 0.001 -3"><span class='ocrx_word' id='word_1_736' title='bbox 2265 4823 2495 4878; x_wconf 85' lang='lat' dir='ltr'><strong>dedisse.</strong></span> <span class='ocrx_word' id='word_1_737' title='bbox 2529 4824 2582 4876; x_wconf 88' lang='lat' dir='ltr'><strong>Id</strong></span> <span class='ocrx_word' id='word_1_738' title='bbox 2625 4825 2768 4878; x_wconf 91' lang='lat' dir='ltr'><strong>enim</strong></span> <span class='ocrx_word' id='word_1_739' title='bbox 2805 4826 2930 4878; x_wconf 90' lang='lat' dir='ltr'><strong>dmn</strong></span> <span class='ocrx_word' id='word_1_740' title='bbox 2978 4824 3251 4880; x_wconf 87' lang='lat' dir='ltr'><strong>Gabiaous</strong></span> <span class='ocrx_word' id='word_1_741' title='bbox 3280 4840 3463 4879; x_wconf 88' lang='lat' dir='ltr'><strong>comes</strong></span> <span class='ocrx_word' id='word_1_742' title='bbox 3494 4836 3701 4879; x_wconf 88' lang='lat' dir='ltr'><strong>tantum</strong></span> <span class='ocrx_word' id='word_1_743' title='bbox 3752 4826 3852 4879; x_wconf 77' lang='lat' dir='ltr'><strong>iti-</strong></span> 
     </span>
    </p>
   </div>
   <div class='ocr_carea' id='block_1_107' title="bbox 2265 4915 3853 4987">
    <p class='ocr_par' dir='ltr' id='par_1_107' title="bbox 2265 4915 3853 4987">
     <span class='ocr_line' id='line_1_107' title="bbox 2265 4915 3853 4987; baseline 0.002 -19"><span class='ocrx_word' id='word_1_744' title='bbox 2265 4915 2411 4969; x_wconf 89' lang='lat' dir='ltr'><strong>neris</strong></span> <span class='ocrx_word' id='word_1_745' title='bbox 2441 4915 2746 4984; x_wconf 82' lang='lat' dir='ltr'><strong>perﬁceret,</strong></span> <span class='ocrx_word' id='word_1_746' title='bbox 2776 4917 2945 4986; x_wconf 88' lang='lat' dir='ltr'><strong>potuit</strong></span> <span class='ocrx_word' id='word_1_747' title='bbox 2975 4916 3237 4971; x_wconf 80' lang='lat' dir='ltr'><strong>Eusebius</strong></span> <span class='ocrx_word' id='word_1_748' title='bbox 3278 4916 3455 4970; x_wconf 90' lang='lat' dir='ltr'><strong>moliri</strong></span> <span class='ocrx_word' id='word_1_749' title='bbox 3482 4956 3498 4980; x_wconf 96' lang='lat'><strong>,</strong></span> <span class='ocrx_word' id='word_1_750' title='bbox 3532 4916 3853 4987; x_wconf 74' lang='lat' dir='ltr'><strong>obizsseqne</strong></span> 
     </span>
    </p>
   </div>
   <div class='ocr_carea' id='block_1_108' title="bbox 2269 5009 3853 5067">
    <p class='ocr_par' dir='ltr' id='par_1_108' title="bbox 2269 5009 3853 5067">
     <span class='ocr_line' id='line_1_108' title="bbox 2269 5009 3853 5067; baseline 0.003 -9"><span class='ocrx_word' id='word_1_751' title='bbox 2269 5014 2443 5059; x_wconf 89' lang='lat' dir='ltr'><strong>tamen</strong></span> <span class='ocrx_word' id='word_1_752' title='bbox 2474 5016 2601 5060; x_wconf 85' lang='lat' dir='ltr'><strong>ante</strong></span> <span class='ocrx_word' id='word_1_753' title='bbox 2632 5010 2848 5063; x_wconf 87' lang='lat' dir='ltr'><strong>comitis</strong></span> <span class='ocrx_word' id='word_1_754' title='bbox 2875 5010 2927 5063; x_wconf 94' lang='lat' dir='ltr'><strong>in</strong></span> <span class='ocrx_word' id='word_1_755' title='bbox 2971 5010 3248 5067; x_wconf 89' lang='lat' dir='ltr'><strong>Orientem</strong></span> <span class='ocrx_word' id='word_1_756' title='bbox 3278 5010 3587 5064; x_wconf 73' lang='lat' dir='ltr'><strong>adventura.</strong></span> <span class='ocrx_word' id='word_1_757' title='bbox 3620 5009 3853 5064; x_wconf 90' lang='lat' dir='ltr'><strong>Eusebii</strong></span> 
     </span>
    </p>
   </div>
   <div class='ocr_carea' id='block_1_109' title="bbox 2266 5097 3852 5172">
    <p class='ocr_par' dir='ltr' id='par_1_109' title="bbox 2266 5097 3852 5172">
     <span class='ocr_line' id='line_1_109' title="bbox 2266 5097 3852 5172; baseline 0.004 -23"><span class='ocrx_word' id='word_1_758' title='bbox 2266 5105 2444 5150; x_wconf 89' lang='lat' dir='ltr'><strong>autem</strong></span> <span class='ocrx_word' id='word_1_759' title='bbox 2473 5097 2688 5153; x_wconf 85' lang='lat' dir='ltr'><strong>sodales</strong></span> <span class='ocrx_word' id='word_1_760' title='bbox 2716 5114 2783 5154; x_wconf 88' lang='lat' dir='ltr'><strong>eo</strong></span> <span class='ocrx_word' id='word_1_761' title='bbox 2810 5100 3068 5156; x_wconf 91' lang='lat' dir='ltr'><strong>defuncto</strong></span> <span class='ocrx_word' id='word_1_762' title='bbox 3092 5103 3288 5172; x_wconf 74' lang='lat' dir='ltr'><strong>emptis</strong></span> <span class='ocrx_word' id='word_1_763' title='bbox 3334 5104 3547 5155; x_wconf 86' lang='lat' dir='ltr'><strong>naviter</strong></span> <span class='ocrx_word' id='word_1_764' title='bbox 3573 5102 3852 5155; x_wconf 80' lang='lat' dir='ltr'><strong>institere.</strong></span> 
     </span>
    </p>
   </div>
   <div class='ocr_carea' id='block_1_110' title="bbox 2269 5190 3855 5261">
    <p class='ocr_par' dir='ltr' id='par_1_110' title="bbox 2269 5190 3855 5261">
     <span class='ocr_line' id='line_1_110' title="bbox 2269 5190 3855 5261; baseline 0.003 -18"><span class='ocrx_word' id='word_1_765' title='bbox 2269 5190 2582 5244; x_wconf 72' lang='lat' dir='ltr'><strong>Extremum</strong></span> <span class='ocrx_word' id='word_1_766' title='bbox 2610 5191 2775 5261; x_wconf 85' lang='lat' dir='ltr'><strong>igitur</strong></span> <span class='ocrx_word' id='word_1_767' title='bbox 2796 5195 2937 5248; x_wconf 87' lang='lat' dir='ltr'><strong>diem</strong></span> <span class='ocrx_word' id='word_1_768' title='bbox 2976 5194 3173 5249; x_wconf 88' lang='lat' dir='ltr'><strong>clausit</strong></span> <span class='ocrx_word' id='word_1_769' title='bbox 3222 5194 3487 5248; x_wconf 84' lang='lat' dir='ltr'><strong>Eusebius</strong></span> <span class='ocrx_word' id='word_1_770' title='bbox 3514 5207 3703 5247; x_wconf 86' lang='lat' dir='ltr'><strong>mense</strong></span> <span class='ocrx_word' id='word_1_771' title='bbox 3733 5197 3855 5248; x_wconf 78' lang='lat' dir='ltr'><strong>cir-</strong></span> 
     </span>
    </p>
   </div>
   <div class='ocr_carea' id='block_1_111' title="bbox 2267 5281 3395 5342">
    <p class='ocr_par' dir='ltr' id='par_1_111' title="bbox 2267 5281 3395 5342">
     <span class='ocr_line' id='line_1_111' title="bbox 2267 5281 3395 5342; baseline 0.002 -6"><span class='ocrx_word' id='word_1_772' title='bbox 2267 5282 2406 5336; x_wconf 88' lang='lat' dir='ltr'><strong>citer</strong></span> <span class='ocrx_word' id='word_1_773' title='bbox 2427 5281 2647 5338; x_wconf 83' lang='lat' dir='ltr'><strong>Octobri</strong></span> <span class='ocrx_word' id='word_1_774' title='bbox 2685 5286 2767 5340; x_wconf 77' lang='lat' dir='ltr'><strong>vel</strong></span> <span class='ocrx_word' id='word_1_775' title='bbox 2795 5283 3088 5342; x_wconf 75' lang='lat' dir='ltr'><strong>Novembri</strong></span> <span class='ocrx_word' id='word_1_776' title='bbox 3113 5287 3240 5340; x_wconf 87' lang='lat' dir='ltr'><strong>anni</strong></span> <span class='ocrx_word' id='word_1_777' title='bbox 3272 5285 3395 5339; x_wconf 63' lang='grc'><strong>512.</strong></span> 
     </span>
    </p>
   </div>
   <div class='ocr_carea' id='block_1_112' title="bbox 2338 5372 3857 5441">
    <p class='ocr_par' dir='ltr' id='par_1_112' title="bbox 2338 5372 3857 5441">
     <span class='ocr_line' id='line_1_112' title="bbox 2338 5372 3857 5441; baseline 0.002 -15"><span class='ocrx_word' id='word_1_778' title='bbox 2338 5372 2391 5428; x_wconf 91' lang='grc'><strong>7.</strong></span> <span class='ocrx_word' id='word_1_779' title='bbox 2452 5372 2652 5429; x_wconf 76' lang='lat' dir='ltr'><strong>Seditio</strong></span> <span class='ocrx_word' id='word_1_780' title='bbox 2710 5375 3315 5441; x_wconf 76' lang='lat' dir='ltr'><strong>Constantinopolitana.</strong></span> <span class='ocrx_word' id='word_1_781' title='bbox 3354 5404 3426 5415; x_wconf 86' lang='lat'><strong>-—-</strong></span> <span class='ocrx_word' id='word_1_782' title='bbox 3476 5374 3639 5430; x_wconf 81' lang='lat' dir='ltr'><strong>Plebs</strong></span> <span class='ocrx_word' id='word_1_783' title='bbox 3698 5374 3857 5429; x_wconf 82' lang='lat' dir='ltr'><strong>Cor:-</strong></span> 
     </span>
    </p>
   </div>
   <div class='ocr_carea' id='block_1_113' title="bbox 2265 5465 3856 5535">
    <p class='ocr_par' dir='ltr' id='par_1_113' title="bbox 2265 5465 3856 5535">
     <span class='ocr_line' id='line_1_113' title="bbox 2265 5465 3856 5535; baseline 0.001 -16"><span class='ocrx_word' id='word_1_784' title='bbox 2265 5465 2741 5535; x_wconf 86' lang='lat' dir='ltr'><strong>stantinopolitana</strong></span> <span class='ocrx_word' id='word_1_785' title='bbox 2772 5467 3002 5523; x_wconf 63' lang='lat' dir='ltr'><strong>Nicaeum</strong></span> <span class='ocrx_word' id='word_1_786' title='bbox 3042 5468 3161 5523; x_wconf 86' lang='lat' dir='ltr'><strong>fidei</strong></span> <span class='ocrx_word' id='word_1_787' title='bbox 3190 5467 3611 5529; x_wconf 74' lang='lat' dir='ltr'><strong>Studiosissima,</strong></span> <span class='ocrx_word' id='word_1_788' title='bbox 3644 5466 3856 5521; x_wconf 77' lang='lat' dir='ltr'><strong>defun-</strong></span> 
     </span>
    </p>
   </div>
   <div class='ocr_carea' id='block_1_114' title="bbox 2264 5559 3857 5632">
    <p class='ocr_par' dir='ltr' id='par_1_114' title="bbox 2264 5559 3857 5632">
     <span class='ocr_line' id='line_1_114' title="bbox 2264 5559 3857 5632; baseline 0.002 -19"><span class='ocrx_word' id='word_1_789' title='bbox 2264 5570 2354 5613; x_wconf 91' lang='lat' dir='ltr'><strong>cto</strong></span> <span class='ocrx_word' id='word_1_790' title='bbox 2388 5559 2635 5625; x_wconf 84' lang='lat' dir='ltr'><strong>Eusebio,</strong></span> <span class='ocrx_word' id='word_1_791' title='bbox 2668 5560 2889 5615; x_wconf 83' lang='lat' dir='ltr'><strong>Paulum</strong></span> <span class='ocrx_word' id='word_1_792' title='bbox 2925 5572 3144 5617; x_wconf 88' lang='lat' dir='ltr'><strong>revocat</strong></span> <span class='ocrx_word' id='word_1_793' title='bbox 3196 5563 3248 5616; x_wconf 92' lang='lat' dir='ltr'><strong>in</strong></span> <span class='ocrx_word' id='word_1_794' title='bbox 3279 5560 3463 5616; x_wconf 90' lang='lat' dir='ltr'><strong>sedem</strong></span> <span class='ocrx_word' id='word_1_795' title='bbox 3495 5559 3597 5632; x_wconf 75' lang='grc' dir='ltr'><strong>(ά).</strong></span> <span class='ocrx_word' id='word_1_796' title='bbox 3638 5560 3857 5617; x_wconf 81' lang='lat' dir='ltr'><strong>Eodem</strong></span> 
     </span>
    </p>
   </div>
   <div class='ocr_carea' id='block_1_115' title="bbox 2336 5762 3857 5837">
    <p class='ocr_par' dir='ltr' id='par_1_115' title="bbox 2336 5762 3857 5837">
     <span class='ocr_line' id='line_1_115' title="bbox 2336 5762 3857 5837; baseline 0.008 -22"><span class='ocrx_word' id='word_1_797' title='bbox 2336 5762 2410 5834; x_wconf 87' lang='lat' dir='ltr'><strong>(c)</strong></span> <span class='ocrx_word' id='word_1_798' title='bbox 2440 5766 2649 5818; x_wconf 83' lang='lat' dir='ltr'><strong>Socrat.</strong></span> <span class='ocrx_word' id='word_1_799' title='bbox 2679 5766 2767 5818; x_wconf 89' lang='lat' dir='ltr'><strong>lib.</strong></span> <span class='ocrx_word' id='word_1_800' title='bbox 2794 5782 2828 5819; x_wconf 88' lang='grc' dir='ltr'><strong>ιι</strong></span> <span class='ocrx_word' id='word_1_801' title='bbox 2856 5805 2870 5830; x_wconf 89' lang='grc'><em>,</em></span> <span class='ocrx_word' id='word_1_802' title='bbox 2891 5781 3009 5835; x_wconf 88' lang='lat' dir='ltr'><strong>cap.</strong></span> <span class='ocrx_word' id='word_1_803' title='bbox 3032 5766 3126 5833; x_wconf 66' lang='grc' dir='ltr'><strong>ης</strong></span> <span class='ocrx_word' id='word_1_804' title='bbox 3154 5766 3368 5821; x_wconf 84' lang='lat' dir='ltr'><strong>Sozom.</strong></span> <span class='ocrx_word' id='word_1_805' title='bbox 3407 5768 3495 5822; x_wconf 86' lang='lat' dir='ltr'><strong>lib.</strong></span> <span class='ocrx_word' id='word_1_806' title='bbox 3524 5784 3754 5837; x_wconf 69' lang='lat' dir='ltr'><strong>nnc-ap.</strong></span> <span class='ocrx_word' id='word_1_807' title='bbox 3797 5771 3857 5827; x_wconf 89' lang='lat'><strong>7.</strong></span> 
     </span>
    </p>
   </div>
   <div class='ocr_carea' id='block_1_116' title="bbox 2336 5832 3822 5907">
    <p class='ocr_par' dir='ltr' id='par_1_116' title="bbox 2336 5832 3822 5907">
     <span class='ocr_line' id='line_1_116' title="bbox 2336 5832 3822 5907; baseline 0.007 -21"><span class='ocrx_word' id='word_1_808' title='bbox 2336 5832 2412 5907; x_wconf 74' lang='grc' dir='ltr'><strong>(α)</strong></span> <span class='ocrx_word' id='word_1_809' title='bbox 2442 5837 2650 5890; x_wconf 68' lang='lat' dir='ltr'><strong>Socr-at.</strong></span> <span class='ocrx_word' id='word_1_810' title='bbox 2675 5838 2829 5903; x_wconf 88' lang='lat' dir='ltr'><strong>ibid.,</strong></span> <span class='ocrx_word' id='word_1_811' title='bbox 2867 5832 2986 5904; x_wconf 83' lang='lat' dir='ltr'><strong>cap.</strong></span> <span class='ocrx_word' id='word_1_812' title='bbox 3018 5832 3125 5904; x_wconf 68' lang='lat'><strong>13;</strong></span> <span class='ocrx_word' id='word_1_813' title='bbox 3158 5841 3376 5893; x_wconf 69' lang='lat' dir='ltr'><strong>Solum.</strong></span> <span class='ocrx_word' id='word_1_814' title='bbox 3405 5839 3563 5901; x_wconf 86' lang='lat' dir='ltr'><strong>ibid..</strong></span> <span class='ocrx_word' id='word_1_815' title='bbox 3600 5832 3725 5902; x_wconf 71' lang='lat' dir='ltr'><strong>cap.</strong></span> <span class='ocrx_word' id='word_1_816' title='bbox 3760 5842 3822 5897; x_wconf 84' lang='grc'><strong>7.</strong></span> 
     </span>
    </p>
   </div>
  </div>
