4038 6520
571 448 644 514 Iri
1915 450 2140 506 PROLE

2258 451 2452 505 “ENA.

646 570 730 625 ιι.
776 567 952 625 Unum
987 573 1068 621 est
1112 566 1164 620 in
1197 579 1303 634 quo
1341 564 1574 622 fortasse
1609 565 1884 636 quidpiam
1916 563 2142 619 difﬁcul-
2180 572 2222 627 Β
2253 566 2338 630 Iis,
2382 565 2475 619 sed
2515 562 2711 627 factus,
2749 553 2848 616 eisi
2890 574 2996 614 non
3032 557 3222 614 eodem
3261 571 3368 628 quo
3407 559 3526 612 alia.-
3561 571 3649 613 res
3676 574 3842 614 crea-

575 663 704 718 tatis
753 660 979 724 barreat,
1021 657 1165 727 quod
1202 657 1410 712 scilicet
1455 657 1782 712 Athanasius
1819 657 1874 710 in
1911 655 2150 709 Historia

573 754 642 806 ad
695 751 980 805 monachos
1028 751 1107 818 (η.
1144 748 1260 818 11),
1312 757 1432 817 post
1472 758 1728 803 enarrata
1782 747 1981 817 ﬂagitia
2033 762 2152 816 qua:

571 843 887 910 Gregorius,
927 841 1311 896 Alexandriam
1338 841 1635 909 ingressus,
1679 841 1730 894 in
1783 840 2014 894 ecclesia
2047 839 2151 908 Cy-

574 935 678 988 rini
711 935 1058 1004 perpetravit,
1084 933 1229 987 dicat
1255 947 1334 996 se,
1372 932 1439 987 iis
1479 932 1716 986 nondum
1746 931 1902 998 actis,
1931 931 1996 984 ad
2036 930 2150 998 pri-

539 1039 722 1092 ;mum
754 1025 832 1078 rei
856 1025 1096 1078 auditum
1139 1022 1422 1092 navigasse
1466 1023 1714 1078 Romam.
1769 1023 1847 1076 Ex
1895 1036 2001 1090 quo
2029 1037 2151 1088 per-

573 1131 760 1186 peram
794 1115 1032 1170 inferunt
1065 1127 1210 1180 eum,
1265 1123 1557 1183 antequam
1610 1113 1821 1167 veniret
1851 1112 2149 1181 Gregorius

573 1206 983 1269 Alexandriam,
1021 1205 1330 1275 confugisse
1363 1204 1610 1258 Romam.
1644 1203 1845 1258 Verum
1897 1203 2011 1256 haec
2043 1201 2154 1254 dif—‘

575 1297 786 1352 ficultas
827 1297 958 1366 ipsis
996 1296 1157 1366 juxta
1205 1306 1369 1364 atque
1409 1295 1564 1349 nobis
1612 1302 1696 1348 est
1747 1291 2148 1363 concoquenda.

575 1388 690 1444 Non
741 1389 898 1443 modo
941 1390 1084 1442 enim
1120 1387 1459 1456 exploratum
1499 1395 1583 1440 est
1638 1385 1998 1439 Athanasium
2032 1383 2150 1436 Ale-

573 1479 816 1534 xandrire
868 1479 1033 1532 fuisse
1077 1476 1290 1546 quando
1339 1476 1534 1545 irrupit
1584 1475 1905 1543 Gregorius,
1961 1489 2148 1528 verum

572 1573 737 1627 etiam
781 1569 1090 1635 edidicisse,
1127 1579 1416 1638 antequam
1469 1568 1806 1637 profugeret,
1866 1565 2152 1635 expilatio-

572 1677 697 1717 nem
741 1662 792 1714 in
817 1660 1018 1731 Cyrino
1059 1659 1281 1714 factam.
1315 1660 1443 1712 Illud
1478 1660 1591 1728 ipse
1621 1667 1852 1710 testatur
1898 1657 1982 1710 his
2026 1645 2149 1710 ver-

571 1755 695 1808 bis:
739 1772 755 1804 f
795 1753 1014 1822 Populis
1052 1767 1138 1807 me
1181 1751 1460 1806 subduxi:
1513 1764 1769 1804 noveram
1805 1748 1950 1800 enim
1981 1760 2045 1800 ex
2085 1745 2151 1799 iis

571 1861 692 1916 qua
717 1847 769 1901 in
799 1847 959 1900 aliam
989 1846 1276 1900 ecclesiam
1322 1845 1618 1899 intulerant
1651 1842 1830 1905 malis,
1874 1840 2010 1895 nihil
2041 1855 2147 1894 non

573 1938 796 1992 sceleris
838 1939 890 1992 in
939 1939 1040 1993 hac
1067 1951 1280 2006 quoque
1321 1936 1545 1991 ecclesia
1577 1935 1933 1989 admissuros.
1979 1951 1997 1985 ι
2041 1932 2150 1987 Sed

572 2028 906 2082 Athanasius
948 2043 1045 2097 per
1076 2028 1436 2081 Athanasium
1466 2025 1843 2094 explicandus,
1870 2036 1922 2078 et
1954 2040 2022 2080 ne
2049 2025 2151 2078 mi-

572 2119 718 2172 nima
750 2118 966 2187 quidem
1000 2117 1274 2187 supererit
1301 2115 1628 2171 difﬁcultatis
1671 2115 1831 2169 ratio.
1877 2113 2010 2168 Nam
2040 2115 2152 2168 hare

572 2225 694 2279 qua:
730 2211 1006 2277 disparata
1041 2210 1294 2264 videntur
1325 2208 1439 2263 loca
1475 2207 1734 2277 perfacile
1768 2205 2150 2270 conciliantur,

571 2304 617 2359 si
647 2305 913 2366 dicamus,
941 2319 1060 2357 eum
1094 2302 1296 2357 milites
1344 2300 1588 2356 ecclesia:
1631 2297 1815 2369 Cyrini
1846 2296 2152 2351 vastitatem

573 2394 859 2460 inferrent,
895 2393 1139 2446 nuntium
1188 2393 1413 2460 hujusce
1445 2390 1522 2444 rei
1557 2389 1626 2442 ad
1659 2388 2022 2442 Athanasium
2056 2401 2152 2440 ve-

575 2486 741 2549 nisse,
775 2484 866 2552 qui
901 2484 965 2537 ad
998 2485 1228 2552 primum
1282 2483 1361 2537 rei
1391 2482 1658 2546 auditum,
1705 2480 1937 2535 necdum
1967 2480 2157 2534 confe-

573 2587 659 2632 cta
687 2577 1039 2646 expilatioue,
1075 2575 1197 2644 fuga
1224 2589 1281 2629 se
1308 2574 1664 2645 proripuerit.

645 2673 796 2723 Auno
817 2668 942 2722 345.
977 2696 1038 2708 -
1065 2668 1116 2720 1.
1148 2665 1427 2719 Photinus.
1457 2693 1529 2703 ——
1555 2663 1611 2718 In
1645 2663 1746 2717 hoc
1767 2662 1988 2716 circiter
2013 2669 2152 2716 tem-

574 2775 676 2830 pus
715 2758 996 2814 confertur
1039 2757 1381 2812 Photiniana:
1422 2756 1692 2810 haereseos
1739 2764 1984 2818 exortus,
2013 2753 2154 2806 Pho-

574 2853 689 2906 tino
715 2851 922 2906 scilicet
948 2849 1139 2904 Galata
1179 2859 1403 2902 auctore
1429 2865 1442 2900 :
1469 2847 1561 2915 qui
1594 2861 1717 2901 cum
1761 2844 1978 2914 juvenis
2009 2842 2153 2896 Mar-

573 2943 712 2998 cello
758 2943 1048 3011 Ancyrano
1097 2940 1318 2994 doctore
1372 2937 1569 2992 litteris
1611 2950 1830 3004 operam
1893 2935 2148 2995 dedisset,

575 3029 762 3086 Sirmii
815 3033 868 3085 in
906 3032 1126 3102 Illyrico
1162 3031 1450 3098 episcopus
1499 3038 1719 3082 creatus
1745 3035 1850 3082 est.
1895 3025 1993 3079 IIic
2027 3040 2150 3079 eum

573 3121 822 3177 facundia
869 3123 1096 3178 multum
1147 3120 1396 3190 polleret,
1444 3120 1786 3190 popularium
1834 3120 2066 3189 gratiam
2101 3126 2155 3172 et

2259 665 2324 710 ta:
2377 654 2553 709 modo.
2611 654 2758 708 Missi
2830 655 2880 706 in
2938 651 3288 707 Occidentem
3339 651 3594 720 suntqui
3651 650 3842 704 defer-

2255 759 2394 812 rent,
2448 747 2724 801 Eudoxius
2793 743 3176 807 Germanicire,
3235 741 3527 812 Martyrins
3578 743 3833 812 quidam,

2255 838 2601 892 Macedonius
2632 836 3070 904 Mopsuestenus,
3099 843 3156 888 et
3205 833 3321 886 alii.
3365 832 3558 888 Oblata
3601 834 3674 887 illi
3733 833 3847 886 for-

2255 928 2422 991 mula,
2451 927 2604 980 vacui
2637 933 2691 979 et
2716 941 2774 980 re
2805 924 3007 978 infecta
3040 924 3415 984 remittuntur,
3451 923 3846 991 profitentibus

2255 1017 2691 1074 Occidentalibus
2726 1030 2848 1070 esse
2878 1016 2977 1069 sibi
3013 1014 3288 1069 Niemnam
3343 1014 3504 1069 fidem
3542 1014 3701 1080 satis,
3743 1030 3846 1070 ne-

2253 1125 2359 1180 que
2394 1125 2549 1178 egere
2575 1125 2631 1163 se
2659 1110 2778 1162 aliis
2813 1109 3072 1162 doctrina:
3101 1106 3369 1162 formulis.

2324 1203 2473 1255 Asse
2530 1201 2653 1255 515.
2699 1231 2770 1240 -
2811 1201 3059 1270 Synodus
3146 1199 3580 1256 Mediolanemis.
3620 1233 3692 1243 —
3735 1201 3849 1255 Me-

2254 1292 2451 1345 diolani
2504 1306 2670 1360 agens
2709 1292 2981 1347 Constans
3030 1293 3333 1360 Augustus,
3382 1296 3648 1362 synodum
3685 1310 3749 1349 ea
3789 1296 3846 1350 in

2254 1382 2386 1436 urbe
2421 1383 2689 1436 celebrari
2712 1394 2887 1445 curnt,
2924 1381 3080 1449 cujus
3112 1397 3384 1451 perpauca
3412 1393 3561 1439 nota.
3597 1385 3675 1438 Eo
3709 1386 3842 1439 item

2254 1479 2674 1548 proficiscuntur
2703 1479 2865 1548 legati
2899 1479 3259 1534 Orientalium
3313 1479 3688 1546 Demophilus,
3726 1479 3846 1532 Ma-

2253 1574 2530 1637 cedonius,
2579 1573 2852 1628 Eudoxius
2905 1581 2959 1626 et
3016 1571 3309 1641 Martyrius
3363 1571 3474 1642 (b),
3528 1586 3626 1640 spe
3683 1573 3842 1628 ducti

2253 1665 2637 1719 confirmanda:
2672 1679 2784 1718 sua:
2817 1662 2937 1716 fidei
2971 1662 3375 1733 formulangni
3415 1678 3538 1716 eum
3575 1678 3847 1732 rogaren-

2256 1764 2341 1809 tur
2393 1755 2506 1808 Arii
2555 1755 2861 1808 doctrinam
2901 1754 3265 1822 proscribere,
3320 1754 3476 1808 iratis
3511 1753 3587 1807 illi
3637 1755 3848 1809 animis

2256 1863 2315 1902 re
2351 1857 2541 1918 negata
2571 1847 2876 1902 discedunt.
2915 1846 2979 1900 Et
3011 1846 3109 1900 fuit
3150 1847 3279 1900 illud
3309 1847 3361 1900 in
3390 1848 3600 1917 synodo
3633 1847 3848 1902 Medio-

2256 1939 2462 1994 lanensi
2497 1938 2788 1992 multorum
2821 1937 3112 2006 praesulum
3139 1937 3445 2002 consilium,
3474 1947 3532 1990 ut
3555 1936 3848 2006 pulsorum

2257 2044 2421 2084 causa
2463 2030 2518 2082 in
2574 2029 2782 2098 synodo
2834 2027 3174 2082 menmenica
3223 2026 3542 2097 agitaretur.
3603 2028 3852 2095 Hujusce

2257 2122 2335 2175 rei
2372 2120 2511 2188 apud
2547 2119 2900 2174 Constantem
2955 2119 3258 2186 Angustum
3309 2129 3561 2173 auctores
3605 2127 3661 2172 et
3702 2135 3846 2174 conc

2257 2225 2510 2265 suasores
2543 2220 2721 2272 erant,
2759 2218 2816 2262 ut
2867 2217 3107 2277 putatur,
3148 2206 3323 2262 Julius
3367 2224 3530 2278 papa,
3592 2208 3853 2263 Maximi-

2257 2319 2358 2356 nus
2378 2302 2715 2356 Trevirensis
2767 2310 2822 2356 et
2867 2316 3094 2370 magnus
3147 2300 3387 2365 IIosius,
3442 2300 3494 2354 id
3524 2300 3706 2369 ipsum
3757 2316 3853 2355 ro-

2256 2392 2512 2461 gantibus
2540 2391 2849 2445 Athanasio
2891 2399 2945 2445 et
2991 2391 3234 2454 caeteris,
3273 2389 3364 2459 qui
3413 2390 3571 2444 malis
3605 2391 3850 2446 Arianoo

2257 2494 2374 2532 rum
2405 2479 2615 2532 artibus
2642 2480 2818 2548 patrio
2858 2480 2974 2534 solo
3009 2479 3145 2548 pulsi
3185 2481 3419 2534 fuerant.
3458 2478 3568 2534 Nec
3600 2479 3852 2548 fugiebat

2255 2571 2557 2639 Augustum
2638 2571 2886 2639 repulsos
2935 2570 3357 2625 Eusebianorum
3407 2571 3613 2641 legatos
3661 2572 3854 2627 Roma:

2255 2654 2445 2721 fuisse,
2479 2671 2603 2711 eum
2634 2669 2890 2727 rogarent
2917 2660 3196 2714 exsulibus
3225 2660 3294 2713 ab
3328 2658 3472 2714 Julio
3497 2663 3852 2717 communio-

2255 2763 2376 2803 nem
2414 2749 2638 2818 negari:
2668 2764 2769 2804 nec
2802 2750 3119 2819 imprudens
3153 2763 3269 2806 erat
3303 2751 3677 2806 calamitatum
3718 2736 3853 2808 Aie-

2256 2839 2539 2892 xandrina:
2572 2855 2636 2894 ac
2681 2843 2896 2896 eteteris
2934 2842 3181 2897 ecclesiis
3229 2859 3326 2913 per
3377 2845 3598 2900 frandes
3635 2855 3693 2900 et
3727 2862 3851 2901 sce-

2257 2930 2364 2985 lera
2403 2931 2729 2986 Arianorum
2766 2933 3060 2988 illatarum.
3095 2934 3189 2989 Iiis
3239 2936 3325 2989 ille
3359 2936 3636 3002 inductus,
3692 2939 3852 3008 pacis

2255 3023 2512 3078 nimirum
2542 3024 2932 3081 ecclesiastica:
2959 3028 3311 3096 percnpidus,
3355 3028 3554 3085 litteris
3611 3030 3847 3086 fratrem

2257 3114 2546 3181 compellat
2574 3125 2624 3169 et
2662 3127 2836 3185 rogat,
2876 3125 2932 3171 ut
2967 3118 3032 3172 ad
3069 3117 3376 3186 huiusmodi
3427 3123 3644 3189 negotia
3691 3138 3851 3176 com-

570 3213 1027 3269 existimatiouem
1059 3212 1316 3267 conciliat
1343 3211 1467 3265 sibi.
1498 3211 1566 3264 At
1600 3211 1690 3264 ubi
1723 3221 1911 3280 postea
1957 3208 2146 3279 profli-
2175 3235 2218 3293 ο
2255 3205 2525 3272 ponenda,
2557 3209 2838 3276 utriusque
2867 3218 2996 3262 nutu
3043 3218 3097 3262 et
3143 3211 3391 3275 arbitrio,
3435 3212 3680 3280 synodus
3708 3229 3851 3267 con-

570 3303 712 3372 gatis
739 3317 858 3356 esse
885 3302 1124 3355 moribus
1157 3301 1557 3370 deprehensum
1597 3310 1700 3366 est,
1737 3300 2023 3367 minusque
2064 3311 2150 3353 sae

571 3406 697 3445 nam
749 3394 816 3445 de
873 3390 1141 3445 Trinitate
1181 3401 1238 3445 et
1298 3389 1366 3445 de
1417 3391 1797 3444 Iuearnatione
1845 3388 2146 3442 doctrinam

572 3497 828 3552 spargere
852 3523 868 3548 ,
913 3497 1070 3537 versa
1120 3497 1299 3535 rerum
1329 3482 1566 3535 conditio
1610 3491 1714 3537 est.
1751 3480 1887 3547 Quid
1923 3480 2143 3534 demum

572 3573 640 3627 de
673 3572 903 3628 Photino
945 3583 1123 3626 aetum
1152 3573 1245 3638 sit,
1275 3572 1520 3640 pluribus
1550 3573 1709 3627 infra.

639 3664 696 3721 2.
729 3664 1058 3718 Athanasius
1092 3678 1224 3717 vero
1251 3663 1303 3716 in
1330 3673 1475 3717 tanta
1513 3673 1811 3732 temporum
1841 3662 2147 3732 iniquitate,

570 3763 693 3824 post
727 3754 1024 3809 Romanam
1061 3754 1347 3824 synodum,
1375 3754 1549 3808 tribus
1577 3753 1747 3808 ferme
1773 3754 1930 3807 annis
1966 3755 2149 3810 Roma:

571 3853 853 3898 versatur:
890 3845 980 3913 qui
1015 3853 1222 3897 tantum
1255 3845 1350 3898 otii
1385 3855 1575 3898 nactus
1621 3843 1749 3912 quid
1777 3844 2006 3913 gesserit
2033 3845 2148 3898 edi-

570 3933 799 3998 deritve,
848 3934 1015 3988 altum
1059 3935 1258 4004 uhique
1315 3934 1612 3989 silentium.
1671 3935 1844 3990 Unum
1884 3935 2003 4002 ipso
2051 3949 2149 3988 au-

569 4033 723 4077 ctore
767 4024 1068 4079 Athanasio
1100 4025 1382 4089 discimus,
1429 4026 1554 4079 dum
1596 4025 1780 4080 Romae
1816 4036 2141 4092 moraretur,

569 4113 955 4168 ecclesiasticis
990 4117 1349 4171 conventibus
1375 4115 1708 4185 frequentem
1733 4115 1989 4170 adfuisse.
2029 4117 2144 4170 Non

569 4206 763 4259 desunt
789 4205 878 4273 qui
910 4206 1246 4260 arbitrentur
1271 4217 1516 4261 sanctum
1559 4207 1838 4276 prmsuletn
1899 4221 1994 4276 per
2035 4205 2146 4260 Ro-

568 4311 787 4349 manum
838 4297 1006 4351 otium
1053 4297 1310 4367 synopsin
1358 4297 1678 4366 Seripturaa,
1707 4298 1996 4367 quaeinter
2025 4298 2145 4367 ejus

565 4401 730 4455 opera
777 4398 1114 4454 recensetur,
1163 4389 1419 4443 edidisse.
1475 4388 1604 4453 Sed,
1650 4390 1725 4441 uti
1780 4404 1809 4441 a
1853 4389 2006 4442 nobis
2061 4398 2144 4442 est

565 4474 700 4529 alias
725 4485 1000 4530 ostensum
1033 4515 1048 4541 ,
1079 4477 1266 4544 grandi
1301 4477 1387 4531 hic
1424 4477 1558 4530 liber
1586 4475 1798 4538 νοθείας
1834 4477 2142 4546 suspicione

562 4563 798 4632 laborat,
821 4576 877 4621 et
909 4567 1158 4621 diversus
1186 4567 1342 4636 plane
1375 4577 1456 4620 est
1483 4566 1550 4620 ab
1587 4567 1695 4620 illis
1722 4567 2021 4636 Scriptura:
2049 4583 2140 4621 sa-
2173 4585 2220 4640 ι)
2248 4573 2392 4628 catio
2428 4575 2494 4628 ad
2522 4590 2721 4628 annum
2749 4574 2850 4627 547
2885 4586 3135 4630 extracta
3173 4576 3274 4631 fuit

561 4674 669 4714 cra:
701 4659 1066 4713 voluminibus
1103 4659 1171 4712 ab
1201 4659 1508 4713 Athanasio
1540 4659 1607 4712 ad
1645 4658 1996 4715 Constantem
2029 4660 2143 4714 Au-

562 4761 780 4820 gustum
821 4749 1181 4805 transmissis.
1211 4747 1408 4804 Narrat
1453 4750 1580 4804 item
1619 4746 1796 4805 Julius
1823 4765 1959 4821 papa
2001 4751 2146 4807 litte-

563 4861 653 4900 ras
701 4845 878 4914 ipsum
924 4844 1242 4916 frequenter
1283 4841 1780 4900 Alexandrinorum
1839 4847 2140 4917 accepisse,

560 4933 758 5005 quibus
787 4949 894 4989 non
922 4949 1116 5005 parum
1148 4935 1330 4990 exsilii
1355 4935 1600 4991 molestia
1629 4936 1924 4991 levaretur.

629 5027 782 5082 Almo
841 5027 967 5084 διδ.
1013 5055 1082 5069 --
1131 5028 1318 5081 Ariani
1401 5029 1630 5096 τρίπορὶ
1714 5045 1902 5082 novam
1978 5030 2138 5082 edunt

558 5118 684 5186 ﬁdei
713 5118 1018 5185 formulam.
1045 5150 1114 5159 —
1139 5120 1300 5174 Anno
1328 5120 1544 5174 circiter
1589 5119 1718 5186 5M,
1760 5120 1933 5174 tribus
1959 5121 2142 5174 videli-

559 5221 644 5266 cet
672 5220 792 5280 post
815 5212 1170 5282 compositam
1217 5221 1572 5281 postremam,
1609 5211 1678 5265 de
1723 5226 1828 5279 qua
1858 5212 2136 5279 superius,

559 5300 684 5356 ﬁdei
716 5301 1028 5368 formulam,
1060 5304 1432 5368 annis,coaeti
1461 5301 1646 5355 Ariani
1674 5300 1915 5370 episcopi
1944 5316 2136 5355 novatn

558 5391 747 5458 edunt,
795 5396 1068 5465 prioribus
1107 5395 1462 5464 prolixiorem
1506 5392 1618 5462 (a):
1663 5393 1715 5444 in
1764 5407 1870 5460 qua
1919 5391 2138 5461 quidem

557 5483 674 5540 haec
729 5487 983 5540 Arianiea
1056 5485 1324 5540 sententia
1381 5482 1442 5546 ἐξ
1488 5483 1586 5534 οὐκ
1661 5481 1849 5547 ὅντων,
1909 5483 2141 5552 aliaeque

2259 3302 2503 3347 vocetur.
2571 3294 2682 3351 Sub
2734 3301 2850 3352 haec
2894 3298 3166 3352 Constans
3210 3300 3570 3356 Athanasium
3619 3305 3846 3360 accivit.

2257 3383 2360 3450 Qui
2407 3401 2624 3441 causam
2665 3390 2926 3443 evocandi
2976 3391 3059 3444 sui
3120 3391 3398 3460 ignorans,
3467 3409 3532 3448 ac
3587 3403 3846 3465 stupens,

2257 3477 2564 3532 sciscitatus
2613 3480 2757 3546 quod
2809 3482 3082 3548 negotium
3131 3483 3386 3549 instaret,
3435 3485 3661 3540 edidicit
3721 3503 3852 3555 quas

2261 3583 2349 3623 res
2393 3580 2501 3623 tum
2538 3581 2814 3640 ageretur.
2851 3572 2945 3626 Ille
3004 3573 3361 3630 Mediolanum
3400 3576 3708 3645 profectus,
3749 3595 3851 3634 eo-

2259 3661 2388 3714 mite
2436 3660 2680 3715 Protasio
2723 3664 2872 3717 urbis
2912 3665 3183 3732 antistite,
3215 3665 3574 3722 Constantem
3614 3671 3777 3734 adit;
3815 3686 3849 3724 a

2256 3763 2362 3817 quo
2392 3752 2795 3819 perhonorifiee
2846 3755 3143 3823 excipitur,
3194 3766 3248 3808 et
3279 3758 3450 3825 ipsius
3483 3757 3715 3827 Augusti
3745 3774 3854 3816 ore

2254 3843 2514 3894 evocandi
2550 3858 2767 3896 causam
2794 3845 3007 3899 ediscit.
3035 3845 3170 3900 Tum
3195 3845 3530 3902 Athanasius
3560 3864 3648 3904 res
3672 3851 3851 3904 Aria-

2256 3946 2444 3985 norum
2478 3933 2688 3988 insidiis
2736 3944 2886 3989 actas
2938 3937 3201 4006 deplorat,
3259 3941 3620 4006 apostolicam
3675 3944 3849 3998 fidem

2254 4023 2396 4078 bello
2425 4025 2532 4093 peti
2565 4028 2943 4093 conqueritur,
2980 4028 3149 4095 patris
3201 4030 3345 4098 pium
3382 4032 3626 4084 animum
3677 4048 3852 4087 revo-

2253 4124 2343 4168 cat
2392 4115 2444 4166 in
2494 4115 2829 4180 memoriam,
2875 4117 2966 4184 qui
3015 4132 3135 4186 qua:
3173 4118 3225 4170 in
3263 4133 3458 4186 magna
3505 4122 3717 4190 synodo
3742 4123 3852 4176 de-

2253 4213 2399 4258 creta
2420 4203 2668 4266 fuissent,
2692 4207 2755 4258 ad
2789 4217 3015 4260 mortem
3045 4223 3216 4274 usque
3241 4210 3592 4264 vindicasset.
3626 4213 3850 4276 QUIblIS

2254 4297 2476 4349 monitis
2526 4297 2671 4364 pium
2705 4298 3005 4368 principem
3047 4299 3406 4357 inflammavit
3437 4302 3507 4356 ad
3537 4318 3735 4358 sanam
3777 4307 3850 4360 fi-

2251 4387 2371 4440 dem
2407 4387 2802 4443 vindicandam.
3542 4376 3550 4383 ’

2327 4481 2477 4535 Asno
2507 4481 2634 4535 546.
2658 4513 2728 4522 -
2761 4483 2965 4551 Synodi
3003 4494 3180 4540 tamen
3241 4486 3586 4542 Sardicensis
3629 4503 3849 4546 convo-

3319 4596 3332 4631 :
3378 4579 3504 4647 quia
3535 4591 3648 4633 tum
3687 4581 3847 4636 Con-

2252 4665 2508 4729 stantius,
2538 4664 2760 4720 Persico
2797 4668 3220 4735 urgente—bello,
3256 4669 3398 4722 haud
3453 4670 3526 4723 ita
3559 4673 3762 4741 cupide
3789 4683 3851 4729 et

2253 4763 2465 4807 mature
2520 4770 2606 4809 res
2635 4755 2879 4818 feurabat
2919 4756 3350 4814 ecclesiasticas.
3410 4758 3508 4814 Ubi
3562 4773 3751 4816 autem
3789 4766 3848 4818 in

2250 4847 2502 4914 proximo
2527 4845 2645 4913 fuit,
2683 4856 2740 4900 ut
2766 4847 3002 4916 episcopi
3034 4863 3156 4902 eam
3196 4849 3250 4903 in
3300 4851 3488 4905 urbem
3533 4851 3642 4907 iter
3679 4855 3852 4912 insti-

2252 4945 2488 5000 tuerent,
2524 4948 2716 4991 evocat
2745 4937 3015 4994 Constans
3029 4939 3385 4994 Athanasium
3410 4942 3708 5007 inGallias.
3730 4961 3853 5016 quo

2249 5027 2377 5080 item
2425 5025 2622 5081 lIosius
2665 5039 3045 5086 concesserat:
3097 5043 3155 5085 ut
3201 5047 3304 5085 una
3337 5032 3462 5087 inde
3484 5034 3675 5105 ambo,
3711 5053 3849 5096 eum

2247 5114 2434 5171 Gallia:
2497 5117 2818 5186 praesulibus
2871 5122 3060 5174 eodem
3124 5122 3638 5192 proficiscentibus,
3700 5129 3847 5186 Sar-

2248 5206 2422 5260 dieam
2479 5208 2735 5275 secundo,
2786 5219 2843 5264 ut
2901 5221 3139 5281 putatur,
3201 5214 3323 5268 istri
3362 5214 3587 5273 flumine
3633 5235 3850 5278 conce-

2245 5299 2452 5352 derent.

2308 5388 2458 5443 Almo
2488 5389 2614 5443 5'47.
2647 5421 2718 5432 —
2748 5394 2798 5446 I.
2835 5391 3082 5462 Synodus
3123 5393 3481 5450 Sardicensis.
3516 5427 3590 5438 —
3614 5399 3846 5472 Itaque,

2238 5497 2384 5538 coss.
2439 5484 2635 5538 Rufino
2682 5496 2737 5539 et
2784 5487 3042 5552 Eusebio,
3109 5486 3392 5542 Sardieam
3442 5490 3737 5548 confluunt
3772 5511 3848 5551 ex

557 5572 864 5640 hujusmodi
899 5576 1265 5637 confutantur,
1328 5589 1515 5627 verum
1570 5573 1702 5627 nihil
1755 5574 1821 5628 de
1874 5574 2033 5644 οὐσίᾳ
2085 5585 2141 5630 et
2237 5575 2532 5631 Occidente
2583 5579 2826 5648 episcopi
2873 5593 3040 5648 prope
3095 5591 3337 5635 centum.
3369 5582 3451 5636 Ad
3502 5599 3685 5655 usque
3719 5599 3845 5643 tre-

554 5662 826 5736 ὸμοουσίῳ
852 5666 1095 5721 effertur.
1133 5665 1336 5721 Dicitur
1364 5663 1532 5718 Filius
1556 5663 1702 5718 Patri
1733 5664 1950 5734 quidem
1989 5666 2141 5720 simi-
2237 5676 2431 5722 ecutos
2479 5669 2727 5723 scribunt
2789 5670 3045 5725 Socrates
3089 5681 3142 5726 et
3174 5670 3566 5742 ﬁozomenus,
3615 5677 3845 5748 decepti

627 5847 702 5917 (ο)
731 5849 899 5904 IIilar.
931 5848 1034 5904 col.
1067 5847 1222 5925 I551.

629 5777 703 5917 (αἶ
742 5780 941 5859 Athan.
993 5777 1070 5831 De
1099 5778 1340 5847 synodis,
1374 5794 1437 5836 -n.
1473 5777 1543 5833 26
1569 5794 1584 5847 ;
1611 5778 1839 5837 Socrat.,
1873 5779 1965 5836 lib.
1995 5796 2058 5846 ιι,
2087 5795 2208 5850 cap.
2244 5779 2346 5845 i9;
2380 5779 2598 5836 Sozom.
2634 5781 2668 5834 l.
2707 5799 2790 5848 ιιι,
2818 5798 2936 5852 cap.
2965 5785 3053 5840 11.

629 5853 678 5916 (ο
731 5849 899 5904 IItlar.
931 5848 1034 5904 col.
1067 5847 1222 5901 I55l.
