4038 6534
188 431 192 456 ,
1555 399 1714 452 vna
1758 399 1814 454 s.
1859 399 2253 456 aruanasn.
2281 399 2289 414 ί

3447 417 3545 458 ωιι

201 501 425 572 quodam
497 504 858 564 Athanasii
911 509 1050 576 loco,
1112 509 1201 579 qui
1257 510 1477 566 totidem
1535 512 1609 564 ait
1658 513 1940 581 synodoA
1971 523 2248 568 morarent
2275 513 2402 568 item
2437 528 2628 570 eorum
2655 515 3022 579 formidinem,
3075 509 3290 585 q'uando
3323 528 3552 587 conspe-

203 592 522 663 suﬁragium
562 607 628 649 et
671 614 911 655 nomen
943 601 1285 670 ascripsisse,
1335 617 1712 656 annumerans
1751 604 1859 658 sci-

207 687 308 739 licet
349 690 792 753 praesentibus
853 701 1118 761 quotquot
1161 695 1416 746 absentes
1459 693 1857 762 subscripsere.

209 777 302 843 Qua
355 776 504 830 item
554 782 886 835 sententia
943 791 1123 837 narrat
1159 781 1544 837 Tlteodoretus
1600 787 1862 838 ducentos

212 867 627 936 quinquaginta
693 871 759 923 in
829 873 1075 941 antiquis
1103 882 1323 926 exstare
1363 875 1728 929 monumentis
1760 873 1859 945 (a).

214 958 303 1011 Sed
352 959 470 1012 (ide
527 959 798 1030 dignior
855 963 1216 1024 Athanasius,
1252 963 1342 1031 qui
1393 972 1608 1017 centum
1641 975 1862 1032 septua-

215 1050 345 1119 ginta
377 1052 637 1104 circiter
674 1069 824 1106 cum
864 1069 939 1108 ex
974 1054 1280 1116 Occidente,
1315 1065 1426 1108 tum
1459 1069 1525 1108 ex
1552 1055 1774 1111 Oriente
1797 1071 1864 1111 eo

221 1143 550 1198 convenisse
593 1153 936 1200 memorat.
973 1146 1035 1199 Et
1081 1147 1123 1200 si
1172 1147 1358 1200 demas
1385 1163 1559 1201 Lxxnt
1611 1146 1864 1203 Orienta-

223 1233 311 1297 les,
351 1234 450 1302 qui
490 1234 762 1288 Sardica
801 1251 868 1291 se
900 1237 1260 1306 proripientes
1289 1237 1686 1308 Philippopolin
1738 1255 1865 1293 con-

225 1339 454 1389 cessere,
499 1327 765 1381 circiter
796 1341 1028 1381 centum
1069 1340 1415 1398 supererunt.
1469 1331 1576 1384 Sed
1608 1332 1714 1384 erit
1753 1331 1865 1384 for-

224 1427 358 1472 tasse
408 1418 493 1471 rei
540 1419 835 1488 pluribus
892 1421 1216 1489 indaganda:
1268 1421 1438 1476 locus.
1494 1421 1632 1476 Cum
1683 1430 1864 1476 autem

225 1507 354 1560 Iulio
395 1511 668 1577 negotiis
738 1512 980 1566 detento
1029 1527 1132 1565 non
1178 1523 1326 1568 esset
1370 1528 1434 1568 co
1471 1514 1864 1582 commigrandi

228 1599 473 1660 facultas.
513 1601 757 1669 legatos
788 1602 892 1655 ille
940 1604 1082 1656 misit
1106 1604 1194 1672 qui
1227 1605 1372 1658 vices
1400 1605 1686 1674 implerent
1713 1621 1864 1672 suas,

227 1691 636 1745 Archidamum
697 1701 760 1745 et
808 1692 1174 1747 Philoxenum
1225 1695 1594 1765 presbyteros,
1646 1697 1869 1765 quibus-

226 1796 341 1833 cum
373 1793 502 1835 erat
535 1782 794 1851 quidam
832 1782 952 1837 Leo
998 1784 1280 1840 diaconus.
1327 1786 1543 1841 Primas
1587 1787 1870 1844 obtinebat

231 1870 279 1922 in
306 1871 524 1939 synodo
553 1887 813 1941 magnus
846 1871 944 1926 ille
961 1870 1176 1926 Hosius.
1203 1874 1303 1940 Qui
1334 1875 1635 1930 intererant
1656 1877 1865 1940 caeteri,
1900 1875 1938 1928 Β

232 1975 291 2014 ex
321 1960 622 2031 Hispaniis
650 1971 849 2027 erant,
888 1963 1109 2026 Galliis,
1138 1964 1315 2029 Italia,
1345 1965 1668 2036 Campania.
1713 1968 1869 2021 Cala-

235 2053 368 2118 bria,
408 2054 654 2120 Apulia,
695 2054 920 2118 Africa,
971 2053 1241 2118 Sardinia,
1292 2054 1611 2124 Pannoniis,
1662 2057 1868 2129 Mysiis,

238 2146 416 2206 Dacia,
450 2143 702 2208 Norico,
733 2144 948 2212 Siscia,
985 2146 1278 2212 Dardania,
1328 2148 1497 2202 altera
1545 2149 1728 2213 Dacia,
1758 2149 1871 2204 Ma-

241 2239 486 2303 cedonia,
543 2237 895 2302 Thessalia,
953 2239 1181 2303 Achaia,
1216 2240 1398 2309 Epiro,
1431 2240 1686 2306 Thracia,
1722 2243 1870 2296 Rho-

237 2332 392 2398 dope,
437 2329 764 2384 Palwstina
803 2370 820 2394 ,
859 2330 1086 2394 Arahia,
1127 2330 1288 2384 Creta
1339 2341 1394 2386 et
1441 2331 1699 2402 Egypto.
1742 2323 1872 2399 (ﬁti-

239 2437 360 2474 nam
391 2436 459 2476 ex
495 2423 764 2489 qualibet
791 2423 1021 2491 regione
1051 2423 1344 2485 adfuerint,
1383 2439 1488 2477 non
1532 2426 1584 2478 in
1618 2437 1870 2495 promptu

239 2522 322 2565 est
357 2527 697 2568 recensere.
732 2512 988 2566 Aderant
1015 2513 1145 2567 item
1175 2515 1526 2582 Athanasius,
1559 2516 1870 2584 Marcellus,

241 2605 544 2673 Asclepas,
582 2618 700 2658 nec
735 2619 852 2658 non
881 2605 974 2658 alii
1013 2606 1251 2674 episc0pi
1291 2606 1620 2661 Arianorum
1667 2608 1871 2674 furore,

241 2696 386 2759 doto,
428 2694 669 2748 insidiis
704 2695 895 2764 patrio
921 2696 1199 2748 exturbati
1226 2696 1361 2751 solo.
1397 2698 1684 2752 Eminebat
1737 2701 1876 2755 inter

242 2788 383 2842 alios
439 2787 671 2842 Lucius
719 2787 1274 2855 Adrianopolitanus,
1322 2800 1542 2844 catenas
1589 2791 1876 2846 circumfe-

246 2890 373 2930 rens
417 2878 594 2946 queis
641 2891 756 2929 non
801 2875 974 2927 semel
1020 2875 1196 2929 fuerat
1229 2879 1558 2934 constrictus
1596 2889 1650 2934 et
1683 2896 1876 2936 onera-

247 2977 376 3021 tus:
420 2968 876 3022 ventitabantet
914 2967 1029 3032 alii,
1071 2967 1263 3038 plagis,
1316 2969 1483 3038 fame,
1529 2973 1698 3029 variis
1731 2974 1877 3029 cala-

248 3061 548 3114 mitatibus
587 3058 813 3113 aﬂlicti.

317 3155 378 3204 2.
433 3149 766 3205 Orientales
826 3151 1184 3220 reformidant
1232 3153 1498 3221 judicium
1556 3155 1877 3211 Occidenta-

248 3243 409 3298 lium.
441 3272 519 3282 --
551 3242 884 3297 Orientales
924 3257 1055 3296 vero
1083 3284 1097 3306 ,
1141 3260 1370 3313 quorum
1409 3247 1686 3318 principes
1720 3259 1876 3304 erant

256 3334 600 3390 Theodorus
645 3334 960 3398 Heracleae,
1016 3333 1303 3391 Narcissus
1354 3338 1702 3405 Neroniadis,
1750 3341 1874 3394 Ste-

258 3429 479 3496 phanus
512 3428 934 3488 Antiochenus,
974 3427 1062 3495 qui
1097 3443 1204 3482 non
1240 3431 1328 3483 ditt
1368 3429 1652 3484 Flacillum
1685 3431 1878 3486 defun-

259 3530 407 3572 ctum
444 3529 778 3588 exceperat,
816 3520 1060 3574 Aeacius
1109 3519 1488 3585 Caesariensis,
1544 3522 1879 3592 Menophan-

263 3617 352 3662 tus
390 3608 735 3679 Ephesinus,
773 3607 1042 3664 Ursacius
1080 3609 1420 3679 Singidonis,
1461 3609 1656 3666 Valens
1682 3612 1875 3678 Mursi,

261 3702 468 3771 aliique
509 3716 748 3755 numero
787 3701 882 3767 73,
923 3701 968 3754 si
1008 3712 1185 3756 tamen
1213 3703 1706 3772 subscriptionibus
1750 3705 1864 3760 l’hi-

267 3792 690 3860 lippopolitanis
721 3793 796 3847 sit
825 3791 990 3856 fides,
1023 3793 1189 3847 nimia
1211 3793 1560 3848 conscientia:
1584 3794 1879 3850 formidine

269 3885 629 3947 tenebantur,
654 3893 713 3938 ut
745 3885 1082 3938 accederent
1113 3885 1248 3951 soli;
1277 3885 1370 3940 sed
1402 3900 1588 3941 secum
1618 3897 1878 3956 patronos

269 3987 326 4030 et
359 3977 461 4030 viae
491 3979 678 4030 socios
718 3976 1073 4028 adducebant
1103 3975 1484 4032 Musonianum
1533 3979 1787 4032 comitem
1826 3989 1881 4033 et

276 4069 612 4139 llesychium
645 4067 1029 4122 Castrensem.
1063 4066 1208 4122 Nihil
1253 4069 1397 4124 enim
1439 4071 1664 4139 perinde
1705 4071 1878 4127 refor-

277 4160 560 4212 midabant
614 4167 784 4226 atque
857 4157 1092 4211 honesto
1132 4166 1188 4211 et
1245 4159 1624 4216 ecclesiastico
1675 4161 1878 4230 judicio

277 4250 590 4303 conﬂictari
616 4290 632 4314 ,
660 4265 766 4304 nec
795 4250 904 4303 nisi
931 4252 1348 4316 magistratuum
1380 4267 1481 4321 ope
1511 4268 1570 4308 se
1602 4269 1716 4307 rem
1747 4255 1881 4309 bene

278 4350 538 4406 gesturos
597 4342 924 4409 sperabant.
978 4341 1049 4392 At
1101 4341 1192 4393 ubi
1255 4341 1538 4394 Sardicatn
1589 4344 1878 4409 advenere,

282 4447 398 4486 rem
440 4444 639 4488 contra
669 4450 736 4488 ac
787 4434 894 4486 rati
925 4441 1081 4486 erant
1116 4447 1174 4486 se
1204 4434 1405 4488 habere
1438 4435 1762 4505 conspicati,
1794 4452 1885 4491 ec-

1907 3215 1948 3272 C

1967 616 2163 660 xerant
2193 606 2352 661 aliter
2386 620 2608 660 causam
2641 607 2723 677 agi
2756 616 2920 675 atque
2953 607 3024 660 illi
3050 609 3450 662 existimarent.

2040 697 2093 750 5.
2129 696 2281 767 Fuga
2314 697 2768 753 Orientalium.-—
2797 698 2888 751 llis
2922 698 2994 751 illi
3024 699 3418 754 animadversis
3447 698 3546 770 (ὁ),

1969 789 2182 844 tametsi
2231 790 2490 844 alacriter
2540 800 2594 844 et
2650 798 2901 859 prompte
2942 803 3060 844 sese
3104 790 3204 844 vite
3259 792 3549 845 commise-

1969 889 2111 944 rant,
2154 883 2258 934 rati
2285 881 2643 935 Athanasium
2673 880 2964 950 pulsosque
2991 889 3240 945 czeteros,
3272 890 3416 936 metu
3440 882 3546 944 sui,

1970 984 2037 1024 ne
2081 970 2443 1038 commigrare
2496 971 2712 1040 quidem
2777 970 3059 1025 Sardicam
3129 985 3378 1036 ausuros,
3434 969 3548 1033 ubi,

1967 1074 2122 1114 versa
2179 1074 2360 1115 rerum
2406 1063 2737 1127 conditione,
2788 1071 3037 1129 paratos,
3089 1075 3270 1116 causa:
3327 1062 3553 1117 fidentes

1968 1165 2327 1220 conspexere,
2381 1153 2432 1205 in
2475 1152 2696 1220 palatio,
2751 1167 2860 1220 quo
2917 1152 3195 1208 domicilio
3237 1152 3554 1217 utebantur,

1970 1240 2169 1296 clausis
2196 1240 2406 1295 foribus
2437 1243 2746 1296 considunt.
2782 1243 2918 1295 Tum
2949 1243 3226 1311 perterriti
3254 1245 3560 1299 deliberant

1970 1329 2099 1398 quid
2129 1328 2274 1383 facto
2304 1344 2460 1397 opus,
2486 1345 2608 1399 quae
2641 1329 2724 1383 via
2748 1332 3070 1400 expediendi
3107 1333 3245 1387 sein
3275 1341 3383 1386 tam
3421 1333 3560 1387 ditii-

1971 1420 2060 1474 cili
2098 1420 2410 1474 conditione
2445 1434 2630 1472 rerum
2665 1439 2676 1473 :
2707 1421 2840 1475 nihil
2873 1423 3110 1492 praesidii
3162 1421 3377 1486 adesse,
3433 1437 3558 1476 om-

1973 1513 2060 1566 nia
2095 1512 2160 1565 ad
2194 1514 2276 1566 sui
2310 1511 2606 1581 perniciem
2637 1522 2950 1580 comparata
2979 1529 2994 1577 ;
3021 1513 3270 1583 integros
3319 1512 3556 1581 iudices,

1973 1614 2319 1660 accusatores
2365 1605 2707 1660 documentis
2753 1605 3071 1672 instructos,
3120 1621 3233 1660 rem
3262 1621 3428 1677 pr0pe
3467 1607 3561 1661 de-

1971 1703 2268 1762 speratam.
2343 1693 2573 1747 Demum
2627 1707 2692 1747 eo
2738 1693 3018 1762 appellunt
3087 1681 3373 1758 animum,
3437 1710 3560 1764 quae

1975 1787 2135 1840 unica
2190 1795 2480 1852 supererat
2526 1786 2662 1839 tanti
2722 1786 2953 1854 periculi
3005 1786 3315 1839 declinandi
3363 1787 3469 1850 via,
3498 1795 3561 1839 ut

1975 1876 2094 1946 fuga
2131 1891 2193 1930 se
2220 1875 2606 1929 subducerent.
2640 1873 2891 1946 Synodus
2942 1884 3122 1927 tamen
3177 1874 3256 1928 ait
3298 1872 3391 1944 (c),
3441 1872 3556 1940 jam

1973 1983 2094 2022 cum
2168 1967 2272 2020 iter
2322 1966 2759 2035 ingrederentur,
2827 1981 2892 2021 eo
2945 1967 3177 2020 consilio
3239 1965 3429 2030 fuisse,
3495 1975 3555 2017 ut

1974 2058 2375 2128 quamprimum
2418 2057 2701 2111 Sardicam
2736 2057 3035 2120 venissent,
3071 2071 3191 2110 sese
3229 2056 3410 2110 statim
3455 2054 3556 2109 ali—

1974 2165 2080 2219 quo
2110 2150 2332 2204 obtentu
2371 2150 2741 2218 proriperent.
2793 2147 2864 2202 Ut
2893 2157 3074 2201 autem
3118 2163 3342 2202 causam
3375 2147 3556 2215 digre-

1973 2240 2155 2293 diendi
2175 2239 2256 2292 vel
2275 2239 2698 2294 commentitiam
2716 2238 2999 2302 alierrent,
3023 2253 3081 2292 se
3101 2253 3202 2292 non
3223 2253 3381 2306 posse
3403 2236 3557 2290 aiunt

1975 2338 2176 2386 coetum
2209 2331 2361 2384 adire
2412 2330 2812 2399 episcoporum,
2858 2331 2963 2383 nisi
3004 2330 3381 2392 Athanasium,
3412 2327 3557 2382 Mar-

1981 2423 2179 2477 cellum
2225 2431 2559 2492 czeterosque
2592 2437 2623 2476 a
2668 2437 2727 2478 se
2757 2426 3038 2477 damnatos
3091 2422 3372 2492 ejicerent.
3424 2420 3556 2487 Quae

1975 2513 2216 2568 conditio
2249 2513 2534 2582 periniqua
2590 2523 2751 2576 erat;
2819 2528 2942 2566 cum
2985 2513 3061 2578 id,
3107 2512 3284 2580 quode
3330 2513 3558 2580 qucestio

1976 2612 2107 2657 tunc
2142 2611 2306 2667 esset,
2341 2613 2400 2656 ut
2447 2603 2731 2657 decretura
2779 2617 2842 2656 ac
2879 2602 3160 2656 definitum
3199 2601 3386 2655 haberi
3421 2616 3554 2655 con-

1981 2696 2285 2751 tenderent.
2315 2694 2450 2750 Tum
2480 2693 2669 2748 Patres
2697 2710 2801 2748 una
2839 2709 2960 2749 cum
2988 2691 3288 2747 Athanasio
3321 2692 3559 2760 compel-

1979 2785 2093 2841 lare
2133 2787 2383 2842 homines
2413 2801 2476 2842 ac
2501 2799 2842 2855 provocare:
2881 2801 2979 2856 par
3006 2786 3176 2840 fuisse
3200 2793 3295 2839 aut
3325 2799 3432 2838 non
3456 2783 3561 2836 iter

1979 2878 2212 2947 ing-redi,
2248 2876 2472 2945 autjam
2504 2891 2690 2931 coram
2736 2877 2944 2946 positos
2992 2890 3099 2929 non
3142 2873 3556 2941 subterfugere:

1981 2969 2033 3024 id
2064 2984 2184 3024 esse
2233 2970 2528 3022 maximum
2587 2977 2965 3040 argumentum
3025 2981 3119 3021 cos
3167 2965 3559 3018 maleficiorum

1981 3066 2312 3121 conscientia
2346 3063 2613 3133 torqueri.
2644 3063 2700 3116 Si
2736 3069 2958 3131 possent
2991 3075 3109 3129 qua:
3133 3060 3362 3115 crimina
3387 3058 3560 3112 Atha-

1982 3156 2140 3211 nasio
2170 3153 2878 3222 obtulerantpomprobare,
2902 3152 3226 3207 accederent
3254 3167 3268 3215 ;
3302 3150 3408 3215 sin,
3437 3163 3559 3201 cum

1983 3263 2092 3301 non
2125 3255 2372 3317 possent,
2401 3260 2459 3300 se
2488 3243 2631 3298 nolle
2654 3242 2999 3305 simularent,
3028 3249 3213 3310 aperte
3249 3238 3561 3308 symphan-

1984 3347 2065 3393 tas
2090 3352 2213 3392 esse
2259 3346 2315 3392 et
2353 3337 2674 3392 damnatum
2711 3334 2804 3390 iri.
2857 3333 3067 3399 Quibus
3113 3332 3187 3386 illi
3219 3331 3418 3385 auditis
3453 3340 3564 3386 stu-

1981 3430 2204 3499 pefacti,
2235 3443 2407 3497 usque
2443 3441 2508 3482 eo
2551 3426 2685 3496 quid
2736 3425 2940 3479 inirent
2990 3423 3204 3478 consilii
3247 3437 3354 3477 non
3395 3422 3563 3478 babe-

1982 3522 2133 3587 bant,
2158 3527 2220 3573 ut
2251 3519 2504 3574 iteratam
2561 3518 2630 3571 ad
2685 3516 2980 3572 Mareotem
3020 3516 3344 3584 legationem
3379 3526 3565 3585 postu-

1982 3610 2178 3674 larent,
2209 3625 2316 3680 quo
2357 3610 2489 3680 ipsis
2517 3609 2570 3662 in
2602 3608 2740 3664 locis
2773 3608 2902 3677 quid
2953 3621 3082 3662 vere
3112 3617 3326 3677 gestum
3371 3604 3568 3660 fuisset

1982 3702 2507 3772 deprehenderetur.
2538 3700 2774 3770 Explosa
2806 3699 3086 3753 hominum
3117 3698 3396 3769 petitione,
3427 3697 3565 3751 alte-

1983 3810 2099 3848 ram
2129 3793 2205 3848 illi
2239 3791 2627 3862 perridiculam
2688 3790 2922 3845 afferunt
2957 3789 3280 3858 remigrandi
3313 3801 3563 3852 causam;

1981 3884 2084 3939 sibi
2139 3883 2346 3939 scilicet
2389 3882 2768 3937 maturandum
2818 3883 2872 3935 in
2921 3879 3225 3944 Orientem,
3255 3873 3384 3949 quia
3418 3877 3563 3933 Con-

1983 3976 2216 4031 stantius
2248 3975 2524 4040 Augustus
2572 3973 2770 4028 litteris
2819 3972 3196 4035 renuntiarat,
3226 3986 3479 4040 magnam
3511 3985 3570 4024 se

1981 4066 2274 4122 Persarum
2305 4077 2540 4137 stragem
2567 4067 2827 4130 edidisse,
2861 4076 2916 4119 et
2963 4065 3190 4120 victoria
3220 4064 3400 4118 laetum
3440 4078 3573 4118 evo-

1982 4175 2110 4215 care
2151 4160 2429 4230 praesules.
2476 4160 2617 4212 Ante
2669 4158 2975 4228 profectum
3035 4157 3275 4222 Hosius,
3321 4171 3429 4225 quo
3468 4156 3573 4208 illis

1984 4268 2201 4307 onmem
2231 4253 2494 4322 querendi
2542 4266 2766 4306 causam
2820 4250 3048 4316 levaret,
3091 4249 3343 4304 homines
3379 4248 3434 4300 in
3484 4262 3572 4300 ec—

1986 4347 2206 4401 clesiam
2237 4348 2595 4400 adventantes
2625 4344 2823 4404 leniter
2857 4352 2911 4396 et
2944 4342 3170 4411 paciﬁce
3219 4348 3529 4394 counnonet
3556 4355 3570 4390 :

1990 4440 2036 4493 si
2070 4439 2203 4507 quid
2232 4437 2482 4491 criminis
2511 4437 2752 4490 habeant
2793 4434 3091 4488 Athanasio
3137 4430 3472 4486 offerendum
3507 4443 3574 4481 ne

282 4527 774 4596 clesiasticunique
827 4526 1064 4580 tribunal
1123 4528 1335 4591 adesse,
1393 4529 1480 4581 ubi
1539 4545 1643 4583 non
1697 4545 1882 4585 comes
1921 4557 1962 4610 ι)
1994 4538 2319 4584 cunctentur
2365 4526 2672 4590 enuntiare,
2715 4539 2925 4593 aequum
2976 4524 3090 4577 fore
3128 4537 3194 4577 ea
3231 4523 3300 4575 de
3335 4535 3394 4574 re
3431 4521 3574 4589 judi-

282 4633 448 4686 esset,
479 4636 589 4673 non
622 4620 852 4685 milites,
898 4634 1005 4672 non
1039 4619 1385 4688 imperatoris
1409 4619 1662 4687 formido,
1697 4624 1792 4676 sed
1815 4637 1879 4677 ex

284 4714 516 4767 veritate
544 4728 717 4768 causa
749 4711 1106 4782 penderetur,
1141 4712 1345 4781 ingenti
1377 4721 1504 4766 sunt
1531 4723 1743 4769 terrore
1770 4730 1886 4783 per-

285 4803 440 4856 culsi.
477 4802 693 4857 Praesto
719 4813 964 4868 namque
987 4809 1143 4852 erant
1163 4811 1513 4857 accusatores
1544 4819 1611 4857 ex
1658 4805 1886 4874 singulis

288 4895 566 4959 Ecclesiis,
598 4893 860 4956 urbibus,
899 4890 1232 4960 regionibus,
1281 4895 1619 4962 argumentis
1665 4905 1719 4949 et
1757 4911 1885 4964 pro-

288 4987 601 5042 bationibus
658 4983 948 5040 instructi.
1004 4983 1366 5053 lnopportune
1404 4987 1678 5041 ceciderat
1729 4990 1880 5057 ipsis,

289 5082 425 5148 quod
467 5081 580 5136 duo
633 5075 995 5133 venerabiles
1039 5077 1302 5146 episcopi,
1363 5077 1530 5134 Arius
1585 5080 1802 5135 scilicet
1835 5081 1887 5135 in

292 5169 567 5225 Palaestina
600 5172 912 5241 episcopus
939 5174 994 5218 et
1027 5165 1276 5221 Asterius
1321 5165 1608 5222 Petrarum
1656 5169 1709 5223 in
1753 5170 1890 5224 Ara-

293 5263 394 5329 bia,
422 5265 511 5334 qui
547 5278 680 5318 cum
715 5259 1082 5314 factiosorum
1113 5269 1328 5314 caterva
1355 5274 1421 5313 ex
1451 5259 1681 5315 Oriente
1719 5276 1887 5315 vene-

292 5363 421 5418 rant,
460 5369 588 5408 cum
629 5350 890 5422 primum
933 5344 1217 5400 Sardicam
1287 5347 1676 5412 advenissent,
1717 5349 1890 5402 desci-

288 5456 488 5501 scerent
531 5445 605 5499 ad
665 5436 1087 5502 Occidentales,
1120 5452 1184 5493 ac
1225 5437 1494 5493 vafritiem
1521 5442 1886 5510 conspiratio-

279 5551 498 5609 ucmque
547 5533 868 5592 hominum
928 5529 1141 5583 ueteris
1186 5531 1585 5596 renuntiarent,
1642 5546 1888 5588 comme-

331 5683 679 5754 (a)'Athan.
733 5673 1151 5754 ΑροιοΑξοκις-ιι
1195 5675 1471 5754 Arian_.__n.
1502 5677 1596 5741 36,
1631 5675 1736 5743 55;
1784 5675 1884 5754 So-

260 5741 400 5814 crat:
442 5756 539 5808 lib.
608 5766 681 5810 ιι.
743 5741 883 5813 cap.
929 5741 1040 5815 go;
1086 5743 1303 5798 Sozom.
1358 5747 1449 5800 lib.
1511 5762 1573 5811 n,
1613 5741 1732 5815 cap.
1779 5745 1880 5800 H'

260 5813 526 5882 Throrlor.
571 5823 608 5875 Ι.
659 5835 702 5884 l,
751 5825 889 5882 ων·
929 5813 980 5865 7-

1998 4623 2159 4676 :ium.
2189 4619 2286 4674 llis
2315 4633 2480 4674 senex
2513 4617 2696 4671 verbis
2734 4614 3029 4684 alloquitur
3061 4612 3482 4675 consceleratos,
3511 4625 3576 4664 ac

1992 4714 2075 4767 bis
2105 4714 2376 4775 hortatur,
2415 4711 2460 4766 si
2504 4708 2709 4763 nollent
2760 4708 2811 4761 in
2863 4716 3161 4776 conspectu
3207 4705 3424 4776 synodi,
3467 4703 3573 4757 sibi

1989 4803 2181 4858 Saltem
2229 4802 2469 4855 indicent
2519 4800 2648 4869 quid
2690 4809 2841 4853 esset
2893 4795 3272 4867 querimoniae.
3316 4793 3374 4849 Si
3423 4810 3576 4851 reum

1990 4903 2250 4962 peragant
2296 4891 2681 4955 Athanasium,
2741 4890 3111 4944 damnandum
3167 4888 3455 4958 pollicetur
3507 4887 3576 4940 al)

1989 4983 2431 5039 Occidentalibus
2477 4999 2493 5050 ;
2539 4981 2623 5036 sin
2670 4982 2859 5034 insons
2901 4979 3012 5046 ille,
3065 4978 3170 5048 ipsi
3228 4967 3577 5050 sycophanta:

1997 5077 2491 5147 deprehendantur,
2537 5086 2593 5127 et
2645 5083 2826 5127 tamen
2869 5072 3043 5126 nolint
3078 5072 3256 5125 virum
3306 5071 3572 5136 recipere,

1996 5177 2274 5221 auctorem
2299 5165 2399 5234 ipsi
2431 5164 2572 5224 fore,
2607 5163 2742 5217 utin
2776 5162 3070 5232 lliSpanias
3121 5174 3306 5216 secum
3355 5157 3576 5229 proﬁci-

1995 5267 2199 5313 scatur.
2227 5255 2919 5324 Conditionem,disparem
2951 5254 3075 5308 licet
3098 5261 3152 5306 et
3191 5253 3452 5319 iniquam,
3482 5261 3572 5301 acc

1997 5351 2233 5419 cipiebat
2280 5347 2631 5403 Athanasius.
2695 5345 2894 5399 Verum
2943 5343 3042 5407 illi,
3103 5351 3257 5396 tanto
3314 5339 3569 5392 nimirum

1997 5439 2349 5495 conscientia:
2376 5438 2570 5493 timore
2595 5437 2940 5499 tenebantur,
2977 5447 3091 5488 rem
3133 5437 3354 5501 negant,
3387 5437 3445 5482 et
3489 5427 3574 5481 fu-

1999 5549 2119 5605 gam
2154 5533 2384 5587 faciunt.
2413 5530 2521 5586 lter
2552 5530 2829 5600 ingressos
2864 5527 3105 5596 synodus
3136 5522 3305 5577 mittit
3331 5517 3572 5590 compel-

2066 5675 2141 5744 (b)
2169 5674 2364 5744 Athan.
2388 5672 2552 5744 Apol.
2583 5679 2764 5744 contra
2793 5667 3006 5744 Arium,
3041 5682 3093 5718 η.
3128 5662 3217 5718 36.

2073 5737 2143 5813 (ιτ)
2175 5743 2342 5796 Hilar.
2381 5737 2596 5811 Μίδεω.
2637 5742 2689 5804 2,
2729 5757 2759 5791 n
2818 5741 2868 5790 7.
