4038 6526
480 481 565 517 αν

483 583 665 641 latum,
719 573 1204 639 denuntiatumque
1249 570 1582 625 damnandos
1637 569 1749 622 fore
1799 578 1855 621 ut
1892 583 2044 638 syco-
2075 576 2117 627 Α

481 671 728 740 phantas,
779 664 881 718 nisi
927 676 986 717 se
1031 662 1304 716 sisterent.
1356 661 1424 712 At
1466 660 1538 711 illi
1585 675 1706 712 cum
1758 658 1910 712 Izesos
1954 673 2039 712 ve-

482 769 743 826 xatosque
783 771 813 808 a
869 768 928 808 se
974 753 1118 805 viros
1158 765 1342 805 coram
1387 749 1780 816 conspicerent,
1821 761 1885 799 ne
1915 762 2042 800 cou-

479 862 634 902 verso
667 845 881 915 quidem
915 843 982 896 ad
1005 843 1209 911 legatos
1238 839 1410 905 vultu,
1450 838 1830 910 properantius
1868 838 2042 906 fugieé

477 939 624 993 bant.

547 1031 599 1086 ι.
645 1029 866 1083 Exsufes
923 1025 1149 1092 depulsis
1199 1023 1503 1076 criminibus
1559 1023 1930 1075 restituuntur,
1972 1049 2040 1060 —-

473 1122 608 1176 Cum
646 1122 805 1189 igitur
828 1117 1127 1174 Orientales
1158 1116 1408 1169 indecore
1441 1127 1504 1166 ac
1541 1113 1770 1179 turpiter
1811 1126 1872 1165 so
1917 1127 2041 1180 pro-

475 1213 791 1282 ripuissent,
843 1220 953 1264 tum
1005 1207 1193 1275 reliqui
1223 1206 1414 1260 Patres
1445 1203 1693 1257 exsulum
1733 1212 1788 1255 et
1811 1217 2036 1270 Oppres-

475 1317 655 1356 sorum
687 1315 904 1354 causam
934 1299 1157 1368 agitant.
1183 1294 1456 1361 Leguntur
1486 1294 1679 1346 litteras
1702 1293 1828 1345 cieri
1857 1302 1910 1346 et
1945 1309 2038 1359 po-

472 1392 580 1460 puli
620 1389 998 1451 Alexandrini,
1046 1388 1236 1440 littera:
1267 1399 1481 1452 quoque
1521 1383 1791 1451 octoginta
1827 1382 2033 1450 Aigyp-

473 1484 670 1536 tiornm
701 1481 1100 1548 episcoporum,
1133 1477 1379 1537 diversae,
1417 1485 1472 1526 ut
1503 1483 1770 1542 putamus,
1825 1473 1892 1526 ab
1934 1473 2038 1525 illis

471 1573 535 1625 de
572 1571 765 1640 quibus
799 1571 864 1622 ad
893 1582 1092 1621 annum
1121 1566 1225 1620 340
1253 1566 1457 1618 dictum
1495 1573 1595 1615 est.
1647 1563 1810 1635 l-Jrant
1849 1561 2036 1614 isthazc

473 1663 688 1715 totidem
721 1659 1042 1712 innocentia:
1073 1655 1408 1720 testimonia,
1466 1653 1662 1716 quibus
1704 1651 2035 1719 purgabatur

469 1750 804 1812 Athanasius.
827 1750 893 1802 ab
919 1748 1096 1800 allatis
1127 1744 1471 1799 criminibus.
1507 1741 1803 1796 Vertuntnr
1835 1742 1898 1794 ad
1920 1741 2034 1794 haec

468 1839 763 1893 decantata:
780 1837 886 1892 illa:
923 1837 1328 1890 il-leletianorum
1358 1833 1730 1887 accusationes
1753 1832 1817 1884 de
1839 1841 2032 1884 euecto

1788 456 2312 510 PRULEGOMENA.

2161 570 2234 622 ria
2268 577 2568 636 temporum
2606 567 2838 622 amissns.
2873 566 3054 619 Prima
3093 581 3283 635 nempe
3331 568 3397 619 ad
3432 566 3634 620 elerum
3666 574 3726 621 et

2147 659 2395 727 populum
2427 659 2874 720 Alexandrinum,
2900 658 2989 710 tibi
3024 658 3213 710 ordine
3244 667 3598 712 recensentur
3631 674 3719 711 res

2146 751 2198 802 in
2229 749 2437 818 synodo
2473 759 2664 814 gestae;
2703 749 2962 816 aiuntque
3000 747 3188 800 Patres
3249 761 3307 800 se
3350 763 3569 816 rogasse
3605 749 3722 801 Au-

2142 850 2326 908 gustos
2353 849 2408 892 ut
2441 838 2563 891 finis
2594 839 2808 892 tandem
2850 849 2994 892 esset
3024 840 3249 892 vexandi
3285 839 3585 907 epist-epos,
3624 855 3717 892 ar-

2141 939 2500 997 cerentnrque
2528 929 2740 996 judices
2771 945 2800 982 a
2827 931 3007 983 causis
3030 929 3352 983 clericorurn
3379 947 3394 984 :
3428 930 3721 984 hortantur

2142 1030 2200 1072 ut
2251 1019 2562 1072 redeuntem
2612 1018 2993 1080 Athanasium,
3043 1028 3248 1086 patrem
3304 1030 3356 1071 et
3402 1020 3718 1088 episcopum

2141 1124 2317 1173 suum,
2354 1107 2649 1162 honorifice
2672 1117 2727 1160 et
2757 1123 2878 1161 cum
2928 1109 3123 1176 gaudio
3156 1107 3457 1176 recipiant:
3495 1119 3721 1163 monent

2141 1196 2458 1266 Gregorium
2492 1197 2583 1250 τὸν
2615 1197 3051 1267 ψευδεπίσκοπον
3090 1212 3119 1249 a
3164 1199 3368 1265 synodo
3403 1198 3718 1252 damnatum

2140 1298 2191 1342 et
2218 1288 2520 1341 abdicatura
2547 1301 2667 1341 esse
2693 1304 2708 1341 :
2735 1288 2952 1342 edicunt
2989 1296 3043 1339 ut
3080 1286 3223 1338 nulla
3259 1301 3378 1339 cum
3410 1301 3476 1341 eo
3504 1287 3722 1339 ineatur

2138 1378 2534 1431 communionis
2562 1379 2814 1432 societas.
2858 1378 3136 1431 Admissus
3173 1379 3412 1432 indicant
3441 1389 3497 1431 ut
3533 1380 3720 1432 inson-

2141 1477 2241 1532 tes,
2293 1468 2683 1535 Aphthonium,
2737 1467 3093 1522 Athanasium
3141 1468 3438 1536 Capitonis,
3486 1465 3716 1520 Paulum

2137 1566 2192 1611 et
2239 1555 2543 1610 Piutionem
2603 1557 2949 1625 presbyteros
3010 1556 3190 1621 pulsos
3238 1557 3305 1609 ab
3366 1555 3712 1611 Eusebianis.

2139 1647 2232 1702 llis
2277 1647 2470 1702 similia
2519 1648 2767 1701 scribunt
2819 1651 2886 1699 ad
2931 1648 3212 1716 episcopos
3255 1646 3540 1717 Egyptios
3590 1647 3712 1715 (li):

2137 1739 2382 1808 pluribus
2404 1747 2582 1792 autem
2615 1738 2800 1792 omnia
2831 1739 2881 1791 in
2911 1739 3182 1806 encyclica
3219 1740 3471 1807 epistola.
3504 1739 3586 1792 Ad
3619 1737 3718 1792 Ju-

2139 1828 2266 1880 lium
2329 1843 2520 1896 papam
2581 1827 2908 1888 scribentes,
2953 1827 3137 1880 iisdem
3189 1827 3357 1881 ferme
3401 1827 3711 1891 recensitis,

465 1926 694 1980 Arsenio
725 1934 779 1978 et
803 1926 867 1978 de
899 1925 1064 1978 calice
1094 1924 1286 1986 fracto,
1319 1935 1550 1990 quarum
1598 1920 1784 1973 statim
1819 1919 2031 1971 vanitas
2065 1907 2105 1959 Β
2139 1918 2398 1985 adjiciunt
2445 1917 2633 1971 Patres
2656 1931 2714 1970 se
2741 1917 2815 1969 ita
2841 1918 3084 1981 credere,
3115 1929 3171 1970 ut
3199 1932 3415 1984 semper
3441 1928 3570 1970 ante
3598 1931 3716 1971 cre-

466 2017 640 2084 palam
677 2015 798 2072 fuit.
849 2014 1113 2070 Arsenius
1163 2012 1385 2082 quippe,
1430 2026 1588 2078 quem
1643 2013 2030 2063 obtruncatum

459 2107 791 2175 jactitaraut,
822 2107 961 2158 inter
986 2105 1136 2157 vivos
1165 2101 1516 2170 comparebat
1551 2101 1760 2168 integer
1795 2111 1849 2153 et
1882 2099 2030 2152 inco-

462 2196 644 2250 lumis.
675 2200 808 2249 Acta
845 2201 1024 2248 autem
1056 2192 1370 2257 Mareotica,
1413 2207 1442 2242 a
1473 2190 1720 2244 factiosis
1744 2189 1909 2253 edita,
1949 2189 2030 2242 iu-

463 2295 545 2339 ter
579 2299 636 2340 se
669 2285 1000 2355 pugnabant,
1037 2293 1095 2338 ut
1117 2294 1202 2339 est
1231 2283 1480 2352 superius
1508 2290 1846 2335 enarratum.
1889 2278 2030 2332 Mar-

461 2377 628 2430 celius
658 2376 786 2429 item
815 2385 868 2428 et
897 2374 1154 2442 Asclepas
1210 2378 1378 2442 probe
1423 2382 1478 2427 et
1527 2370 1744 2425 naviter
1789 2369 2022 2424 crimina

461 2465 793 2533 propulsant,
857 2480 922 2517 ac
980 2463 1185 2517 innoxii
1261 2460 1762 2529 deprehenduntur.
1825 2459 2026 2514 Praesto

458 2566 612 2610 erant
658 2555 746 2609 alii
799 2555 1150 2609 scelestarum
1201 2561 1588 2608 accusatores:
1640 2552 2026 2621 comparebant

460 2648 558 2700 viri
587 2648 656 2702 ab
678 2645 867 2701 exsilio
896 2646 1118 2710 reversi,
1147 2645 1372 2698 aliorum
1403 2645 1528 2698 item
1559 2643 1804 2698 exsulum
1837 2642 2022 2710 legati,

460 2738 865 2805 familiaresque
891 2738 1120 2790 aliorqu
1153 2736 1241 2804 qui
1271 2736 1554 2790 ferocitate
1591 2734 1851 2788 Arianica
1894 2733 2018 2787 caesi

458 2831 707 2883 fuerant:
733 2827 1039 2896 proferebat
1065 2824 1266 2881 Lucius
1296 2817 1543 2890 catenas,
1568 2826 1763 2894 quibus
1784 2825 2022 2878 constri-

454 2931 576 2974 etus
611 2929 942 2988 onustusque
974 2918 1170 2974 fuerat.
1228 2917 1459 2972 Vulnera
1493 2917 1582 2970 alii
1627 2916 1977 2970 ostentabant
2006 2933 2018 2968 :

456 3010 597 3062 fame
625 3018 679 3060 et
703 3008 878 3061 inedia
905 3023 964 3062 se
1006 3006 1234 3061 afflictos
1279 3006 1518 3060 nonnulli
1570 3006 2019 3061 testificabantur.

453 3102 705 3151 Oratores
758 3113 786 3150 a
835 3097 1063 3153 diversis
1115 3099 1262 3154 missi
1310 3097 1568 3152 Ecclesiis
1602 3099 2018 3161 denuntiabant,

451 3189 651 3244 milites
679 3199 918 3244 armatos
954 3189 1228 3244 immissos
1274 3189 1328 3242 iu
1375 3189 1660 3252 ecclesias,
1718 3188 2014 3256 turbasque

449 3279 616 3332 clavis
649 3280 960 3344 instructas,
993 3280 1198 3333 litteras
1221 3279 1273 3332 in
1307 3279 1602 3349 perniciem
1642 3278 2018 3348 episcoporum

449 3372 727 3428 confictas.
763 3370 938 3426 Lecta:
981 3382 1108 3426 sunt
1148 3372 1339 3424 litterae
1389 3388 1418 3422 a
1464 3369 1742 3437 Theognio
1787 3369 1896 3437 jam
1925 3370 2020 3424 de-

454 3459 634 3511 functo
663 3459 731 3512 ad
759 3461 1032 3528 Augustos
1065 3459 1260 3520 missae,
1291 3457 1478 3512 dolose
1526 3457 1795 3520 confictas,
1823 3459 2020 3527 quibus

458 3549 813 3618 imperatores
874 3549 1234 3602 inﬂammaret
1281 3548 1337 3600 in
1399 3547 1758 3601 Athanasium
1809 3565 1823 3613 ;
1886 3564 2020 3618 quas

455 3656 580 3694 vere
604 3656 633 3692 a
661 3638 938 3708 'l‘heognio
965 3639 1120 3692 datas
1163 3637 1294 3692 fassi
1335 3646 1462 3691 sunt
1503 3636 1619 3704 ejus
1655 3638 1889 3691 diaconi.
1923 3637 2018 3692 llis

450 3729 673 3798 adjectae
706 3729 970 3798 virginum
1001 3726 1412 3790 denudationes,
1445 3727 1797 3780 ecclesiarum
1835 3727 2019 3781 incen-

446 3823 557 3884 dia,
591 3835 864 3884 carceres,
895 3835 1015 3888 qua:
1047 3818 1185 3872 mala
1220 3817 1272 3872 in
1300 3819 1530 3887 gratiam
1571 3818 1898 3873 Arianorum
1932 3820 2015 3873 iu-

446 3911 588 3964 liiela
619 3910 856 3965 fuerant.

517 4003 567 4056 5.
616 4002 803 4055 Ariani
835 4002 1058 4068 episwpi
1096 4001 1434 4058 damnantur.
1471 4031 1540 4043 —
1584 4002 1655 4059 Iis
1719 4005 2017 4072 perspectis

447 4109 510 4148 ac
545 4093 710 4162 probe
743 4095 1199 4156 commonstratis,
1236 4092 1425 4146 Patres
1459 4095 1839 4162 Athanasium,
1873 4095 2016 4149 Mar-

448 4185 664 4247 cellum,
703 4183 1007 4254 Asclepam,
1044 4184 1285 4253 aliosque
1319 4185 1502 4255 pulsos
1528 4187 1808 4257 episcopos
1836 4188 2014 4242 decla-

449 4284 568 4327 rant
607 4274 939 4338 innocentes,
985 4274 1279 4328 restituunt
1328 4275 1383 4328 in
1427 4277 1606 4340 sedes,
1655 4277 1706 4330 in
1753 4278 2014 4332 ecclesias

446 4367 744 4429 remittunt,
797 4367 1083 4436 missisque
1137 4368 1332 4423 litteris
1383 4367 1574 4436 jubent
1627 4385 1655 4422 a
1702 4368 2012 4423 Christiana

444 4459 598 4526 plebe
633 4459 816 4528 recipi.
850 4459 904 4513 in
936 4462 1332 4517 consociaratos
1372 4473 1550 4515 autem
1584 4478 1792 4526 severe,
1835 4462 2012 4532 gravi-

2132 2010 2410 2064 didissent.
2457 2008 2696 2062 Prohant
2733 2016 3122 2077 acceptumque
3171 2008 3369 2062 habent
3410 2007 3537 2062 Julii
3581 2025 3712 2061 con-

2131 2101 2332 2161 silium,
2362 2101 2453 2165 qui
2489 2114 2594 2152 non
2631 2102 2746 2153 sine
2773 2113 2935 2152 causa
2973 2099 3253 2152 Sardicam
3293 2115 3398 2151 una
3433 2115 3554 2152 cum
3586 2100 3714 2153 aliis

2131 2207 2234 2245 non
2264 2191 2627 2244 cencesserit:
2662 2191 3205 2260 congruentissiznum
3243 2191 3410 2243 videri
3440 2189 3542 2242 sibi
3569 2191 3615 2242 si
3640 2191 3711 2243 ad

2129 2291 2304 2347 caput,
2336 2281 2387 2332 id
2440 2289 2538 2343 est,
2573 2278 2718 2332 Petri
2754 2281 2980 2346 apostoli
3007 2282 3200 2344 sedem,
3243 2283 3306 2334 de
3331 2283 3554 2350 singulis
3587 2283 3709 2350 qui-

2129 2373 2322 2441 busque
2359 2373 2640 2439 provinciis
2681 2371 2897 2425 Domini
2945 2373 3174 2440 referant
3217 2376 3537 2426 sacerdotes.
3573 2371 3711 2425 Nar-

2130 2471 2250 2515 rant
2293 2463 2529 2516 breviter
2573 2477 2691 2530 quaz
2725 2471 2872 2531 gesta
2919 2462 3155 2518 Sardicre
3201 2464 3331 2517 sint.
3368 2464 3495 2518 Tria
3539 2463 3714 2520 fuisse

2129 2553 2528 2621 pertractanda,
2570 2553 2636 2606 de
2670 2553 2772 2607 fide
2811 2554 3042 2620 scilicet,
3073 2554 3138 2608 de
3183 2558 3392 2610 vexatis
3437 2567 3492 2608 et
3533 2557 3711 2626 pulsis

2126 2644 2413 2711 episcopis,
2441 2644 2507 2697 de
2531 2643 2813 2698 sceleratis
2842 2653 3112 2697 tantarum
3141 2646 3453 2700 auctoribus
3479 2647 3706 2700 calami-

2128 2744 2318 2788 tatum.
2363 2736 2652 2805 Exagitant
2694 2736 2888 2791 deinde
2932 2737 3130 2806 impios
3165 2746 3220 2791 et
3257 2738 3536 2804 imperitos
3573 2738 3706 2792 ado-

2125 2825 2412 2893 lescentes,
2461 2829 2537 2882 sic
2569 2837 2764 2882 vocant
2801 2828 3086 2884 Ursacium
3127 2841 3180 2883 et
3213 2830 3521 2893 Valentem,
3558 2831 3708 2900 quod

2125 2933 2400 2986 nunquam
2432 2918 2591 2972 finem
2618 2919 2858 2974 facerent
2881 2919 3236 2974 adullerinam
3263 2923 3554 2989 spargendi
3617 2923 3708 2975 do-

2123 3009 2377 3062 ctrinam.
2431 3008 2704 3062 Valentem
2754 3010 2988 3063 maxime
3025 3011 3461 3078 carptint,quod,
3514 3011 3705 3066 relicta

2123 3100 2352 3153 ecclesia
2381 3114 2499 3164 sua,
2527 3099 2784 3165 alienam,
2810 3100 3062 3154 nimirum
3087 3102 3515 3170 Aquileiensem,
3550 3103 3705 3156 iuva-

2125 3190 2252 3244 dere
2303 3198 2594 3256 tentasset;
2642 3204 2750 3258 quo
2805 3189 3004 3243 factum
3054 3199 3113 3243 ut
3159 3202 3427 3246 commota
3478 3193 3708 3247 civitate

2126 3296 2261 3333 unus
2296 3295 2362 3334 ex
2396 3280 2676 3346 fratribus,
2721 3279 2904 3334 Viator
2951 3282 3189 3346 nomine,
3241 3283 3466 3336 obrutus
3505 3294 3560 3337 et
3605 3300 3705 3352 op-

2124 3386 2345 3438 pressus
2389 3372 2600 3424 fuisset.
2651 3371 2808 3426 llisce
2859 3371 3102 3440 epistolis
3149 3387 3342 3426 nomen
3392 3374 3704 3442 ascripsere

2121 3458 2309 3514 Patres
2363 3461 2734 3526 Sardicenses,
2791 3471 2954 3530 atque
2993 3463 3189 3515 exinde
3239 3463 3390 3515 multi
3438 3463 3529 3532 qui
3588 3479 3702 3517 non

2120 3550 2403 3603 adfuerant
2433 3552 2630 3605 dedere
2668 3551 3007 3618 suffragium,
3042 3567 3180 3612 quos
3210 3554 3276 3608 ad
3308 3569 3577 3610 ccuxxrv
3613 3570 3701 3610 re-

2119 3651 2305 3697 censet
2331 3644 2684 3700 Athanasius.

2189 3735 2242 3788 7.
2289 3733 2436 3787 Nihil
2457 3735 2520 3788 de
2541 3736 2645 3798 ﬁde
2670 3733 2909 3790 Sat-dicte
2933 3746 3127 3790 actum.
3155 3766 3226 3779 -
3253 3737 3328 3792 De
3354 3737 3458 3791 fide
3478 3752 3701 3807 quoque

2119 3835 2298 3878 actum
2332 3823 2570 3880 Sardicze
2609 3828 2742 3893 fuit;
2791 3841 2888 3881 nec
2932 3828 3156 3882 deerant
3201 3831 3291 3897 qui
3329 3843 3521 3882 novam
3569 3828 3698 3882 fidei

2118 3916 2405 3972 formulam
2444 3919 2494 3971 in
2535 3918 2768 3972 medium
2799 3917 3053 3975 afferrent
3097 3921 3482 3974 admittendam
3516 3934 3546 3973 a
3596 3935 3694 3990 sy-

2117 4010 2278 4072 nodo,
2321 4019 2482 4075 atque
2510 4010 2978 4079 promulgandam,
3009 4013 3162 4080 quasi
3197 4011 3446 4066 videlicet
3486 4012 3695 4079 aliquid

2117 4098 2169 4152 in
2205 4099 2418 4153 Nicasna
2445 4100 2868 4156 desideraretur.
2909 4102 3063 4168 Quod
3098 4104 3316 4170 indigne
3368 4103 3541 4157 tulere
3585 4103 3693 4156 Pa-

2117 4198 2246 4252 tres,
2304 4191 2770 4262 decreveruntque
2822 4193 3024 4247 nullam
3087 4193 3314 4248 ulterius
3358 4195 3443 4247 edi
3490 4194 3693 4249 debere

2115 4279 2235 4332 fidei
2281 4278 2586 4347 formulam,
2628 4296 2692 4334 eo
2718 4283 2858 4350 quod
2898 4293 3043 4336 esset
3077 4282 3293 4336 Niczena
3327 4283 3497 4346 satis;
3537 4292 3593 4336 nt
3623 4299 3694 4336 ne

2117 4367 2443 4421 turbulentis
2500 4369 2809 4424 hominibus
2859 4387 3025 4426 novas
3079 4371 3352 4426 scribendi
3426 4372 3692 4425 formulas

2115 4455 2240 4509 hinc
2286 4458 2502 4511 occasio
2543 4458 2705 4512 foret.
2751 4460 3005 4514 Oblatum
3051 4470 3229 4534 auten}
3265 4462 3568 4528 hujusmodi
3606 4478 3692 4517 re-

445 4557 526 4601 ter
562 4557 616 4601 et
673 4549 847 4617 prisce
879 4558 1078 4605 actum.
1113 4551 1216 4605 Eos
1244 4566 1496 4619 namque,
1531 4551 1622 4618 qui
1647 4551 1888 4618 luporum
1923 4551 2006 4604 in-
2044 4567 2086 4619 ι)
2112 4547 2370 4614 scriptum
2415 4547 2645 4616 idipsum
2690 4561 2910 4618 putatur
2947 4566 3085 4616 esse,
3125 4552 3269 4620 quod
3317 4553 3692 4608 Theodoretus

439 4649 552 4690 star
581 4639 736 4693 sedes
772 4640 1047 4707 pulsorum
1080 4642 1414 4706 invaserant,
1450 4641 1769 4708 Gregorium
1801 4641 2010 4694 scilicet

438 4729 879 4794 Alexandrinum,
932 4730 1186 4785 Basiliam
1233 4737 1608 4802 Ancyranum,
1653 4731 2004 4797 Quintianum

437 4819 757 4885 Gazensem,
796 4837 860 4875 ne
892 4822 1250 4879 nominandos
1293 4825 1514 4892 quidem
1551 4825 1837 4892 episcopos
1873 4821 2006 4876 defi-

437 4913 590 4966 niunt
622 4927 794 4984 neque
823 4928 944 4967 cum
984 4913 1116 4980 ipsis
1145 4915 1308 4968 ullam
1336 4915 1636 4968 habendam
1661 4915 1999 4968 societatem.

435 4985 778 5058 Theodorum
803 5015 980 5058 autem
1011 5005 1302 5068 Heracleae,
1328 5003 1640 5059 Narcissum
1663 5002 2001 5064 Neroniadis,

431 5093 687 5146 Acacium
736 5091 995 5149 Caesareae
1041 5095 1361 5157 Palaestinae,
1419 5094 1754 5162 Stephanum
1815 5092 2003 5144 Antio-

433 5181 593 5246 Chiae,
625 5181 904 5238 Ursacium
932 5185 1265 5256 Singidonis,
1297 5186 1578 5240 Valentem
1604 5183 1791 5245 Mursi,
1827 5182 2002 5235 Meno-

432 5273 686 5340 phantom
733 5274 948 5344 Ephesi,
991 5275 1283 5347 Georgium
1323 5275 1626 5337 Laodicea,
1658 5275 1921 5327 damnant
1949 5282 2002 5326 et

431 5367 699 5419 abdicant.
1581 5414 1584 5415 ,

498 5455 550 5506 6.
591 5451 847 5522 Epistofre
877 5459 1160 5528 synodicw.
1188 5484 1259 5495 —
1289 5455 1380 5507 liis
1411 5453 1667 5521 peractis,
1707 5468 1826 5520 quae
1850 5462 1996 5522 gesta

430 5545 481 5594 in
525 5549 732 5612 synodo
770 5548 999 5600 fuissent
1026 5547 1222 5600 litteris
1257 5546 1450 5611 ubique
1481 5543 1857 5610 significantur
1889 5543 1989 5612 (α).

427 5638 664 5696 Quarum
687 5648 906 5691 exstant
935 5637 1098 5691 etiam
1131 5649 1272 5690 nunc
1313 5643 1567 5707 quatuor,
1613 5633 1824 5688 caeteris
1849 5632 1992 5698 inju-

495 5751 570 5863 pi)
597 5751 788 5802 Athan.
818 5750 958 5802 Hist.
983 5751 1168 5802 Ariau.
1193 5750 1259 5801 ad
1287 5733 1582 5808 "tonat/tos,
1611 5763 1661 5800 η.
1688 5746 1986 5812 t9,20,et.

519 5820 567 5863 bl
603 5818 765 5863 “ILH‘.
803 5820 904 5863 μοι-
954 5818 1106 5863 {290-

519 5820 567 5864 bl
603 5818 766 5870 Iltldl‘.
803 5820 904 5873 col.
954 5818 1107 5870 1⁸290.

2115 4639 2179 4706 τῇ
2230 4637 2500 4708 ἐγκυκλίῳ
2526 4640 2763 4706 epistolae
2809 4642 3020 4696 concilii
3065 4642 3400 4696 Sardicensis
3431 4647 3685 4698 attexuit.

2115 4731 2242 4785 Haec
2290 4730 2507 4783 Patrum
2561 4732 2960 4784 Sardicensium
3001 4743 3144 4796 acta,
3182 4733 3296 4785 haec
3321 4743 3471 4800 gesta
3514 4732 3684 4786 fuere.

2113 4821 2193 4874 Ad
2227 4823 2338 4875 haec
2367 4836 2513 4884 vero,
2547 4837 2664 4890 qua:
2705 4822 3044 4896 disciplinam
3077 4824 3396 4890 spectabant
3425 4823 3688 4878 ecclesia-

2111 4911 2322 4974 sticam,
2349 4913 2537 4980 viginti
2567 4914 2863 4966 canonibus
2891 4915 3184 4966 constituta
3223 4925 3370 4968 sunt.

2179 5002 2231 5056 8.
2289 5001 2530 5070 Synodus
2575 5014 2810 5056 oratores
2860 5006 2928 5055 ad
2971 5004 3336 5058 Constantium
3382 5007 3562 5058 mittit.
3612 5037 3684 5048 --

2109 5094 2363 5146 Oratores
2415 5103 2600 5160 postea
2651 5095 2886 5163 synodus
2935 5096 3103 5148 mittit
3152 5095 3220 5149 ad
3276 5097 3682 5162 ConStantium,

2109 5183 2446 5237 Vincentium
2476 5199 2667 5254 nempe
2688 5185 3002 5254 Capuanum
3024 5188 3334 5255 episcopum
3356 5201 3408 5240 et
3434 5187 3684 5257 Euphra-

2106 5281 2211 5324 tam
2233 5272 2630 5337 Coloniensem,
2655 5275 2745 5342 qui
2768 5289 2892 5327 cum
2912 5277 3155 5345 Augusto
3178 5277 3242 5328 de
3265 5276 3434 5344 gestis
3461 5279 3680 5346 synodi,

2103 5367 2272 5431 deque
2298 5363 2540 5417 exsulum
2569 5380 2730 5418 causa
2756 5378 2976 5432 agerent
3002 5366 3096 5435 (c).
3119 5365 3324 5432 Quibus
3350 5368 3509 5420 etiam
3529 5382 3682 5420 com-

2105 5455 2446 5508 mendatitias
2472 5457 2538 5508 ad
2572 5454 2790 5508 fratrem
2837 5456 3044 5510 litteras
3083 5458 3232 5510 dedit
3262 5457 3531 5511 Constans
3562 5459 3678 5510 Au-

2103 5553 2309 5609 gustus,
2347 5544 2725 5597 interminatus
2760 5543 2913 5596 fratri
2951 5545 3173 5610 bellmu,
3211 5547 3312 5599 nisi
3347 5546 3514 5612 pulsis
3540 5561 3681 5612 pra:-

2102 5633 2306 5686 sulibus
2341 5634 2394 5686 in
2423 5634 2681 5690 ecclesias
2705 5649 2832 5689 suas
2863 5639 3168 5688 revertendi
3199 5635 3411 5702 copiam
3445 5637 3676 5691 faceret.

2173 5746 2243 5816 (c)
2298 5749 2508 5804 Socrat.
2560 5752 2652 5804 lib.
2706 5765 2767 5813 tt,
2828 5765 2950 5816 cap.
3001 5752 3094 5815 ‘13;
3149 5754 3365 5807 Solum.
3441 5752 3535 5810 lib.
3594 5767 3675 5816 In,

2097 5834 2212 5884 cap.
2247 5819 2334 5868 ‘30.
