4038 6522
1564 410 1727 464 YlTA
1770 411 1828 466 s.
1874 413 2267 469 nnmasu.
3487 448 3550 487 ε,

226 522 542 579 Constantio
574 525 884 582 nimirum
929 536 1117 583 auctor
1146 538 1230 585 est
1256 536 1314 582 ut
1347 528 1619 597 episcopis
1653 529 1865 584 facilem
1899 536 1942 592 Α
1974 532 2289 585 damnatum
2345 532 2763 604 abdicatumque
2808 536 2975 593 fuisse
3024 547 3078 594 et
3124 541 3193 595 ab
3229 541 3548 611 imperatore

231 615 449 685 prebeat
481 632 742 685 aurem,
782 620 1056 691 Stephani
1090 619 1411 674 Antiocheni
1444 629 1503 674 et
1535 620 1861 675 asseclarnm
1968 622 2274 693 ablegatum
2316 623 2366 677 in
2398 625 2683 692 exsilium;
2723 626 2775 680 in
2804 628 2979 683 reditu
3024 632 3266 699 pristinis
3298 634 3547 704 graviora

231 710 415 765 scelera
445 716 835 782 perpendat,
886 714 1263 777 Athanasium,
1294 714 1634 783 deprehensa
1674 715 1866 768 advcr-
1966 713 2201 769 edidisse
2243 714 2511 780 facinora,
2559 718 2842 774 damnatos
2887 721 3176 793 episcopos
3218 725 3270 779 in
3312 728 3543 795 priorem

230 804 487 858 sariorum
526 807 944 876 sycophantia
974 816 1028 862 et
1066 806 1415 873 malignitate,
1449 805 1599 876 gregi
1649 820 1749 860 suo
1780 820 1865 861 re-
1969 804 2271 859 restituisse
2309 807 2556 875 gradum,
2596 807 2845 876 indignos
2874 808 3105 877 aliquos,
3138 811 3246 867 imo
3276 815 3543 881 ethnicos,

233 896 360 950 stitui
390 896 610 963 iubeat
647 912 668 950 :
720 902 774 953 si
813 908 981 967 neget
1010 898 1303 966 postulata,
1334 912 1475 961 sese,
1507 897 1739 951 admotis
1770 910 1863 951 co-
1966 896 2337 963 promovisse;
2375 898 2591 954 adiecto
2645 899 2698 953 in
2748 899 3064 970 episcopum
3120 902 3547 961 Alexandrinum

233 992 338 1060 piis,
376 987 849 1060 profligatisque
894 992 1157 1046 scelerum
1211 989 1548 1053 auctoribus,
1590 989 1862 1044 hominem
1965 983 2259 1055 Gregorio,
2294 988 2649 1043 Athanasium
2677 991 2951 1046 concitata
3003 1001 3059 1047 et
3101 994 3330 1050 abducta
3375 997 3545 1064 genti~

238 1079 632 1133 Alexandriam
696 1080 1099 1134 deducturum.
1162 1078 1346 1134 Saluta
1407 1093 1570 1147 porro
1632 1081 1861 1148 synodo,
1968 1075 2097 1128 lium
2132 1090 2291 1130 manu
2317 1077 2571 1146 templum
2596 1079 3120 1146 iucendisse,altare
3142 1086 3546 1154 connninuisse,

240 1176 479 1231 Naissum
518 1174 908 1229 Athanasius
936 1172 991 1228 io
1024 1175 1356 1244 superiorem
1394 1172 1614 1227 Daciam
1647 1186 1706 1227 se
1733 1187 1864 1227 con-
1966 1172 2019 1219 et
2049 1165 2191 1219 clam
2215 1166 2514 1237 aufugisse.
2548 1170 2603 1225 In
2635 1170 2861 1227 Paulum
2896 1173 3094 1231 exinde
3122 1184 3285 1245 atque
3322 1178 3374 1233 in
3404 1178 3547 1234 Mar-

237 1269 348 1331 fert,
379 1268 476 1321 ubi
520 1277 939 1323 commoratus
978 1275 1064 1321 est
1105 1266 1274 1321 donec
1302 1272 1624 1321 evocat-stur
1659 1280 1691 1319 a
1725 1263 1863 1319 Con-
1966 1256 2160 1311 cellam
2187 1266 2242 1313 et
2272 1259 2560 1330 Asclepam
2587 1264 2853 1320 acerrime
2888 1265 3236 1335 invehuntur,
3262 1280 3317 1325 et
3344 1270 3547 1327 nefaria

236 1370 422 1415 mare,
1968 1349 2033 1403 de
2066 1361 2218 1403 more
2254 1350 2762 1409 comminiscuntur.
2797 1356 3030 1427 Moxque
3058 1360 3420 1417 Athanasium
3453 1366 3550 1420 dc-

296 1450 346 1504 9.
383 1448 786 1503 Orientalium
820 1448 1086 1517 facinora.
1119 1476 1191 1487 -——
1227 1447 1373 1502 inter
1403 1448 1519 1502 haec
1558 1446 1862 1504 Orientales
1966 1454 2073 1494 nuo
2093 1440 2395 1497 maledictis
2417 1442 2771 1501 etcalumniis
2790 1458 3044 1515 onerant,
3069 1450 3295 1508 fallaciis
3316 1454 3549 1519 scilicet,

237 1542 441 1611 profugi
471 1541 530 1594 in
581 1539 935 1603 Thraciam,
981 1553 1100 1609 qua:
1121 1539 1187 1593 ad
1223 1539 1526 1594 Constantii
1570 1537 1858 1607 imperium
1965 1534 2240 1603 precibus,
2287 1533 2445 1604 dolis,
2488 1537 2688 1595 multos
2728 1539 3109 1611 episcoporum
3141 1545 3209 1599 ad
3252 1557 3379 1602 suas
3424 1550 3551 1619 pel-

240 1633 571 1702 periinebat,
612 1646 752 1687 sese
784 1632 1065 1701 recipiunt
1094 1630 1194 1701 (a).
1223 1629 1357 1697 Quia
1384 1639 1566 1684 autem
1596 1631 1855 1700 permulti
1965 1624 2167 1681 lexisse
2205 1636 2417 1696 partes,
2452 1638 2509 1684 et
2551 1630 2746 1685 fraude
2788 1633 3110 1702 impetrasse
3141 1645 3253 1691 uta
3292 1635 3433 1707 Julio
3461 1643 3553 1695 ad-

238 1726 287 1779 in
317 1720 571 1778 Thracia
606 1732 786 1778 erant
824 1723 1096 1792 episcOpi,
1133 1723 1231 1791 qui
1278 1737 1307 1776 a
1334 1722 1715 1778 seditiosorum
1746 1722 1857 1778 fre-
1966 1718 2293 1773 mitteretur.
2314 1718 2629 1785 Queruntur
2654 1723 3028 1781 Occidentales
3049 1725 3420 1796 defensorum,
3446 1746 3552 1786 non

239 1817 453 1889 quentia
493 1826 554 1870 et
587 1816 997 1871 communione
1030 1817 1410 1882 abhorrerent,
1443 1815 1649 1870 delatos
1684 1815 1757 1869 illi
1794 1817 1860 1872 ad

1977 1809 2202 1868 uidicum
2230 1812 2417 1869 animo
2450 1816 2770 1881 accessisse,
2795 1825 2848 1872 et
2876 1818 3035 1875 novis
3061 1820 3283 1877 studere
3320 1823 3551 1894 legibus,

242 1877 661 1970 éozrstantium,
687 1904 788 1975 qui
812 1903 1037 1959 Arianis
1056 1905 1235 1959 ontnia
1254 1877 1585 1974 indulgebat,
1603 1917 1861 1961 curarunt
1894 1877 1936 1931 Β
1969 1911 2024 1955 ιιι
2054 1903 2263 1958 scilicet
2297 1902 2606 1967 Orientales
2636 1877 2875 1978 episcopi
2896 1909 3103 1979 judicio
3131 1877 3550 1972 subesseritOe:

242 1997 392 2052 malis
452 2004 512 2051 et
566 1995 1005 2051 calamitatibus
1049 1993 1211 2060 allici,
1257 2005 1313 2050 et
1360 1996 1646 2052 nonnullos
1699 1994 1858 2051 etiam
1967 1994 2339 2050 cidentalium.
2364 1994 2590 2066 Quijam
2613 1998 2743 2054 inita
2763 2014 2895 2070 pace
2922 2010 3168 2057 mutuam
3198 2006 3549 2061 concordiam

242 2087 455 2158 capitali
513 2087 808 2142 sententia
858 2087 1133 2141 damnari.
1180 2086 1310 2153 Quae
1358 2087 1574 2156 quidem
1624 2089 1858 2142 maxima
1965 2084 2238 2151 foverent,
2269 2088 2489 2143 acribus
2531 2089 2659 2144 olim
2702 2090 3003 2148 inimicitiis
3033 2095 3372 2151 conflictatos
3404 2112 3545 2165 esse,

245 2195 364 2248 pars
395 2190 524 2249 past
557 2180 848 2251 synodum
908 2179 1455 2250 Philippopolitanam
1499 2180 1858 2250 contigerunt.
1964 2178 2032 2231 ab
2071 2177 2371 2235 Athanasio
2407 2181 2619 2237 scilicet
2660 2183 2977 2238 damnatum
3023 2185 3190 2242 fuisse
3233 2186 3548 2257 Asclepam,

247 2269 383 2338 Fuga
416 2281 617 2324 tamen
656 2269 907 2341 Olympii
951 2267 1241 2333 diuorum,
1285 2278 1341 2324 et
1374 2268 1635 2326 Theoduli
1677 2268 1862 2338 Traja-
1964 2267 2188 2323 Paulum
2235 2270 2519 2327 Athanasii
2571 2274 2898 2329 abdicationi
2949 2275 3288 2343 interfuisse,
3348 2278 3549 2333 suifra-

230 2363 571 2433 .nopo|itani,
604 2364 768 2429 prius
794 2377 962 2431 quam
991 2362 1357 2417 scriberentur
1377 2378 1405 2416 a
1430 2364 1639 2435 synodo
1669 2362 1862 2417 littera:
1963 2362 2108 2431 gium
2135 2362 2470 2419 damnationi
2498 2365 2736 2421 dedisse.
2763 2365 2949 2421 Multis
2981 2368 3179 2423 additis
3225 2368 3279 2423 in
3320 2379 3551 2425 caeteros

243 2455 507 2510 accidisse
553 2455 810 2510 videtur.
867 2454 933 2508 lii
992 2454 1186 2524 capitis
1235 2454 1474 2509 damnati
1525 2454 1646 2524 fuga
1702 2454 1858 2509 saluti
1966 2454 2207 2508 adversa:
2236 2455 2409 2524 partis
2440 2457 2741 2526 episcopos,
2770 2457 2822 2512 in
2849 2457 3048 2514 Julium
3082 2475 3293 2529 nempe,
3326 2459 3548 2516 ilosium
3618 2500 3621 2505 μ

243 2546 637 2614 prospiciunt;
710 2558 775 2599 ac
857 2545 988 2599 dum
1044 2559 1103 2599 se
1152 2543 1505 2599 carnificibus
1562 2544 1864 2613 proriperet
1964 2554 2021 2598 ct
2052 2544 2431 2615 Protogenem,
2464 2554 2518 2600 et
2548 2547 2781 2602 conficta
2814 2548 3039 2603 immani
3067 2551 3335 2605 scelerum
3362 2552 3549 2608 multi-

244 2634 588 2697 Theodulus,
626 2643 957 2688 extremum
990 2633 1185 2688 clausit
1208 2622 1376 2697 diem,
1420 2633 1658 2688 nondum
1689 2632 1859 2688 soluta
1965 2636 2172 2702 tudine,
2213 2636 2413 2707 quibus
2451 2638 2737 2694 discordia:
2780 2639 3043 2696 invidiam
3088 2644 3140 2696 in
3173 2640 3551 2702 Occidentales

242 2726 450 2796 synodo
504 2724 873 2780 Sardicensi.
926 2724 1056 2788 Quae
1110 2725 1249 2779 ratio
1304 2723 1464 2779 unica
1514 2733 1597 2779 est
1648 2732 1706 2778 ut
1756 2723 1862 2779 duo
1962 2727 2295 2795 derivarent,
2357 2740 2544 2785 vetant
2598 2731 2819 2787 demum
2883 2747 2951 2787 ne
3001 2734 3127 2804 quis
3185 2750 3307 2789 cum
3360 2736 3548 2803 llosio,

244 2818 529 2872 Athanasii
560 2817 691 2871 loca
722 2816 996 2871 hactenus
1020 2817 1071 2870 in
1096 2816 1522 2871 controversiam
1548 2826 1735 2872 vocata
1763 2817 1859 2887 (b),
1962 2819 2283 2891 Protogene,
2339 2822 2662 2890 Athanasio,
2717 2823 2999 2892 Marcello,
3048 2825 3299 2896 Asclcpa,
3356 2826 3546 2893 Paulo,

243 2928 302 2967 ac
341 2926 590 2982 quorum
653 2909 986 2964 conciliatio
1030 2924 1199 2979 prope
1252 2910 1558 2979 desperata,
1616 2910 1862 2979 apprime
1960 2909 2124 2977 Julio,
2152 2912 2458 2969 Gaudentio
2496 2923 2551 2969 et
2585 2914 2707 2971 aliis
2734 2930 2873 2984 quos
2913 2918 3174 2972 damnant
3201 2918 3549 2975 anathemate

241 3006 624 3068 conveniant;
658 3003 758 3057 ille
790 3002 1008 3057 scilicet
1033 3002 1275 3071 epistolae
1302 3000 1641 3057 Sardicensis
1673 3003 1860 3073 synodi
1963 3001 2084 3070 ipsi,
2115 3011 2280 3071 atque
2323 3003 2600 3070 abdicant,
2636 3006 3042 3060 communionis
3078 3007 3339 3061 societate
3361 3008 3548 3078 junga-

242 3099 411 3162 loeus,
447 3112 570 3167 quo
602 3097 819 3151 dicitur
862 3094 1176 3150 Theodulus
1206 3109 1327 3151 esse
1365 3095 1669 3162 defunctus,
1699 3096 1863 3151 alter-
1964 3101 2071 3146 tur.
2120 3092 2215 3146 llis
2244 3094 2430 3158 editis,
2474 3095 2821 3165 sycophantas
2875 3096 2999 3151 fidei
3044 3094 3337 3151 formulam
3369 3098 3544 3151 ascri-

240 3206 343 3259 que
388 3192 441 3245 in
482 3189 776 3244 Historia
799 3187 1130 3242 Arianorum
1149 3188 1217 3240 ad
1242 3188 1552 3254 monachos,
1582 3203 1691 3257 quo
1737 3204 1861 3242 nar—
1891 3210 1932 3268 ο
1966 3185 2119 3248 bunt,
2162 3195 2216 3240 et
2258 3200 2426 3240 LXXIII
2468 3187 2844 3257 episcoporum
2892 3188 3111 3242 nomina
3159 3202 3223 3242 ac
3266 3187 3545 3258 suffragia,

236 3294 389 3337 ratur
428 3280 804 3339 Theodulum
832 3290 959 3350 post
984 3279 1309 3336 Arianorum
1358 3279 1537 3352 fugam
1567 3280 1781 3351 pulsum
1813 3290 1868 3336 et
1969 3277 2084 3331 sive
2114 3290 2266 3341 vera,
2301 3278 2416 3332 sive
2461 3277 2601 3333 forte
2633 3280 2889 3343 conﬁcta,
2920 3280 2985 3334 ad
3018 3279 3222 3334 calcem
3260 3280 3543 3350 adjiciunt.

238 3374 624 3446 proﬂigatum,
677 3373 833 3443 quod
892 3371 1104 3427 cavesis
1138 3371 1409 3440 intelligas
1458 3380 1583 3441 post
1634 3371 1865 3427 solutam
2038 3368 2127 3422 ll.
2168 3367 2351 3423 Decem
2400 3368 2526 3424 laici
2577 3370 2748 3441 capite
2805 3371 3059 3439 truncati,
3098 3370 3194 3425 alii
3244 3371 3435 3425 cerati.
3476 3400 3552 3415 -—

236 3466 511 3534 synodum
543 3463 957 3517 Sardicensem
998 3461 1308 3531 contigisse.
1968 3457 2151 3529 Neque
2176 3458 2267 3515 bic
2291 3460 2538 3515 constitit
2566 3461 2763 3517 scelus.
2791 3460 2896 3516 Eos
2917 3461 3084 3526 enim,
3111 3460 3202 3530 qui
3225 3477 3283 3517 se
3307 3461 3551 3533 perfidia:

312 3553 411 3608 10.
438 3552 714 3623 Synodus
762 3548 1280 3620 Pltilippopolitana.
1314 3580 1383 3591 —
1420 3550 1735 3607 Facinorosi
1770 3566 1868 3605 au-
1966 3562 2024 3607 et
2060 3550 2366 3606 timiditatis
2412 3550 2659 3623 fugatque
2697 3552 2916 3608 nomine
2941 3561 3350 3615 aversarentur,
3388 3550 3548 3606 nullis

240 3653 347 3697 tem
416 3644 696 3698 homines
745 3640 1111 3710 Philipponoli
1153 3642 1457 3697 consistunt
1486 3640 1581 3713 (ε),
1625 3656 1869 3712 ausuque
1971 3656 2075 3697 non
2105 3643 2444 3699 insectantur
2473 3643 2648 3699 malis.
2674 3643 3209 3714 Adrianopolitanos,
3237 3643 3328 3713 qui
3359 3643 3426 3697 ab
3456 3656 3549 3698 eo-

243 3735 544 3789 tcmerario
600 3731 890 3786 damnant
938 3730 1243 3800 episcopos,
1287 3730 1491 3784 Julium
1538 3731 1864 3794 Romanum,
1973 3751 2091 3789 rum
2136 3735 2518 3792 communione
2567 3732 2957 3803 abhorrebant,
3001 3735 3256 3791 deferunt
3299 3734 3365 3788 ad
3408 3733 3550 3787 Con-

243 3825 495 3890 Hosium,
575 3824 990 3892 Pretogencm,
1041 3821 1426 3888 Gaudentium,
1491 3822 1866 3888 Maximinum,

1977 3827 2262 3891 stantium;
2302 3827 2543 3896 ipsisque
2577 3826 2967 3891 hortatoribus,
2996 3840 3062 3881 ex
3089 3826 3320 3879 Fabrica
3353 3824 3547 3879 Adria-

244 3916 645 3978 Alhanasium.
677 3910 1033 3976 Marcellum.
1067 3910 1344 3980 Asclcpam
1369 3920 1425 3965 et
1452 3909 1704 3977 Paulum;
1763 3912 1869 3981 epi-
1972 3917 3181 3987 nopolitaua,utvocabant,decemlaicisunt
3203 3918 3380 3986 capite
3406 3926 3551 3970 trun-

247 4005 562 4075 stulamque
622 4003 894 4059 scribunt
945 3999 1256 4069 ἐγκύκλιον,
1310 4015 1475 4070 quam
1527 4002 1763 4056 nominis
1816 4009 1871 4059 et
1971 4009 2121 4061 cati:
2160 4006 2408 4061 miniStro
2436 4007 2593 4075 hujus
2622 4007 2699 4060 rei
2732 4006 2814 4061 usi
2850 4015 2976 4061 sunt
3008 4006 3218 4060 famoso
3244 4006 3335 4059 illo
3366 4005 3549 4060 Phila-

247 4099 763 4155 commendationis
793 4111 970 4151 causa
1000 4095 1240 4151 Sardicae
1270 4096 1452 4150 datam
1476 4095 1866 4162 ementiuntur,
1971 4100 2113 4168 grio,
2144 4107 2254 4152 tum
2280 4098 2346 4153 iis
2370 4098 2423 4152 in
2447 4097 2580 4154 locis
2601 4097 2817 4154 comite.
2848 4096 3049 4152 Horum
3076 4097 3311 4152 tumulos
3332 4106 3553 4168 propter

248 4211 355 4265 quo
392 4194 720 4250 faciliorem
759 4192 867 4261 ipsi
909 4192 1049 4260 apud
1081 4204 1273 4245 omnes
1323 4190 1529 4243 aditum
1565 4190 1865 4244 munirent.
1972 4191 2162 4245 urbem
2189 4189 2325 4244 sitos
2355 4189 2643 4259 conspexit
2688 4188 2812 4257 illac
2845 4188 3173 4242 transeundo
3199 4186 3547 4240 Athanasius.

251 4288 319 4341 Et
361 4302 497 4343 sane
542 4300 638 4341 res
670 4274 881 4339 evenit
917 4292 974 4336 ut
1020 4285 1379 4353 peroptabant
1426 4283 1520 4337 illi.
1567 4281 1701 4337 Nam
1756 4286 1869 4339 haec
1974 4270 2115 4336 Duos
2152 4280 2523 4350 presbyteros,
2565 4280 2938 4348 diaconosquo
2987 4289 3117 4342 tres,
3148 4291 3287 4346 quos
3320 4277 3425 4331 sibi
3468 4277 3553 4330 in-

252 4380 472 4447 cpistola
506 4379 579 4433 ad
611 4392 794 4446 usque
832 4383 1053 4444 tempus
1080 4374 1365 4446 Augustini
1395 4390 1493 4445 pro
1522 4390 1646 4429 vera
1680 4374 1868 4429 Sardi-
1972 4372 2157 4428 fensos
2197 4373 2689 4442 deprchenderant,
2732 4380 2926 4427 curant
2963 4370 3017 4424 in
3051 4371 3360 4424 Armeniam
3406 4369 3555 4424 able-

257 4473 429 4528 censis
468 4472 674 4543 synodi
708 4467 956 4540 epistola
992 4482 1022 4522 a
1054 4468 1239 4523 multis
1273 4468 1457 4524 habita
1504 4476 1604 4524 est.
1633 4468 1869 4524 Ordiun-
1974 4466 2113 4538 gari.
2148 4465 2335 4521 Arium
2370 4474 2550 4519 autem
2590 4471 2644 4517 et
2691 4462 2969 4517 Asterium
3011 4461 3316 4529 episcopos,
3358 4472 3497 4528 quos
3522 4472 3554 4513 a

262 4575 347 4618 tur
382 4572 565 4620 autem
600 4563 676 4618 ab
708 4560 988 4616 ementito
1034 4560 1175 4628 quod
1218 4559 1516 4628 pnnferunt
1543 4562 1692 4631 pacis
1737 4574 1870 4615 cou-
1901 4557 1946 4612 D
1977 4566 2121 4612 coetu
2170 4570 2359 4611 eorum
2406 4553 2700 4608 descivisse
2744 4566 2909 4621 supra
2956 4552 3400 4615 memoravimus,
3443 4564 3551 4604 non

262 4658 568 4725 cordiaque
620 4653 925 4710 servandae
969 4651 1171 4707 studio.
1232 4651 1544 4706 Marcellum
1589 4651 1785 4708 exinde
1817 4662 1873 4705 ttt
1974 4651 2131 4702 modo
2157 4655 2406 4700 extorres
2430 4646 2481 4699 in
2514 4642 2850 4712 superiorem
2878 4641 3095 4711 Libyam
3123 4641 3438 4706 amandant,
3460 4641 3553 4695 sed

264 4749 632 4805 facinorosum
658 4745 981 4814 exagitant,
1005 4743 1303 4797 admissum
1338 4743 1405 4797 ad
1438 4744 1871 4799 communionem
1972 4741 2135 4795 etiam
2167 4738 2490 4793 ulciscendae
2536 4734 2862 4791 defectionis
2907 4745 3073 4789 causa
3110 4732 3464 4788 contumeliis
3500 4744 3557 4787 et

264 4849 580 4904 queruntur.
605 4833 991 4893 Athanasium
1022 4834 1373 4905 sacrilegum,
1395 4835 1707 4904 profanum,
1742 4835 1875 4889 mul-

266 4934 335 4986 tis
370 4935 718 5004 implicatum
759 4928 1074 4985 sceleribus
1104 4930 1445 4984 denuntiant.
1485 4930 1876 5000 Redintegrant

270 5023 515 5090 pristinas
547 5026 836 5079 adversus
868 5035 996 5097 eum
1024 5018 1438 5075 criminationes
1466 5020 1533 5076 de
1563 5022 1733 5076 calice
1765 5020 1872 5074 fra-

270 5103 373 5178 cto,
407 5115 473 5170 de
514 5106 947 5175 diruto'altari,
983 5112 1049 5164 de
1094 5112 1223 5166 sede
1275 5112 1598 5166 sacerdotali
1655 5126 1871 5176 eversa,

267 5204 603 5276 ccclesiaque
638 5202 771 5260 solo
797 5208 1037 5269 aequata,
1069 5199 1136 5255 de
1168 5202 1488 5272 presbytero
1516 5201 1731 5272 lschyra
1764 5210 1875 5254 tra-

265 5296 367 5352 dito
397 5299 672 5354 custodia:
728 5292 993 5349 militari.
1030 5293 1316 5347 Addebam
1354 5307 1425 5347 ne
1466 5292 1597 5361 ipsis
1655 5293 1873 5359 quidem

1974 4829 2188 4901 probris
2236 4836 2488 4884 onerant.
2536 4827 2593 4880 in
2648 4825 2874 4882 Lucium
2926 4835 3107 4880 autem
3169 4824 3556 4893 Adrianopolis

1974 4922 2296 4988 antistitem,
2353 4921 2446 4990 qui
2499 4919 2692 4990 grandi
2746 4919 2997 4988 loquendi
3050 4917 3245 4973 fiducia
3292 4916 3556 4985 lucil’ugas

1972 5013 2367 5079 insectabatur,
2400 5014 2583 5069 acrius
2618 5013 2863 5068 saevitum
2894 5021 2999 5068 est.
3029 5012 3237 5067 Curant
3265 5012 3408 5066 enim
3452 5011 3557 5064 fer-

1976 5108 2084 5161 reis
2112 5106 2323 5162 catenis
2350 5113 2408 5159 ut
2436 5116 2565 5160 ante
2589 5106 2729 5161 collo
2759 5115 2813 5161 et
2846 5105 3094 5161 manibus
3121 5104 3444 5171 constringi,
3477 5112 3558 5155 at-

1975 5211 2080 5265 que
2106 5196 2252 5251 ferro
2284 5207 2574 5252 oneratum
2597 5197 2872 5266 deportari
2899 5196 2951 5252 in
2984 5194 3273 5261 exsilium;
3308 5193 3396 5247 ubi
3428 5206 3557 5261 pau-

1977 5288 2057 5343 cis
2103 5298 2225 5359 post
2270 5289 2428 5342 annis
2480 5300 2702 5344 sanctus
2753 5286 2972 5357 praesul,
3029 5294 3107 5342 tot
3156 5284 3556 5341 calamitatibus

1981 5380 2321 5450 perfunctus,
2366 5381 2509 5435 diem
2553 5380 2688 5435 obiit
2726 5390 3050 5435 extremum.
3096 5378 3384 5432 Diodorum
3427 5373 3555 5427 item

1983 5472 2303 5541 episcopum
2333 5473 2570 5541 patrium
2614 5480 2828 5527 vertere
2869 5471 3041 5526 solum
3069 5472 3382 5536 coegerunt.
3418 5462 3556 5531 Quid

1982 5564 2135 5619 sttde
2152 5561 2433 5617 Theodqu
2456 5573 2505 5617 et
2530 5562 2777 5633 Olympio
2802 5569 3005 5624 actum,
3024 5557 3132 5626 jam
3160 5555 3552 5622 enarravimus,

1983 5657 2114 5727 quia
2136 5669 2249 5711 rem
2282 5665 2406 5712 ante
2453 5658 2690 5713 clausam
2725 5655 3102 5713 Sardiccnsem
3136 5649 3403 5722 synodum
3428 5663 3549 5706 con-

2038 5771 2123 5842 ‹(ε)
2145 5768 2315 5825 llilar.
2346 5769 2450 5825 col.
2483 5769 2638 5824 tam.

256 5391 647 5448 sacratissimis
697 5385 947 5443 Pascha:
987 5383 1177 5440 diebus
1210 5384 1543 5439 abstinuisse
1571 5398 1599 5438 a
1635 5383 1869 5447 scelere,

252 5482 340 5535 sed
362 5483 668 5538 nonnullos
704 5474 965 5548 injuriis,
1002 5474 1342 5540 verberibus,
1368 5474 1479 5529 imo
1503 5474 1669 5529 etiam
1698 5483 1873 5529 morte

250 5577 539 5643 multasse;
582 5575 829 5645 jussum
896 5564 1200 5621 Cmsaream
1239 5568 1304 5621 ad
1334 5566 1602 5637 synodum
1650 5581 1710 5621 se
1741 5580 1874 5620 con-

247 5664 383 5723 ferre
423 5668 719 5728 renuisse,
778 5661 1021 5727 ideoque
1060 5667 1181 5726 post
1217 5672 1421 5712 annum
1467 5656 1695 5713 alterum
1743 5656 1873 5726 Tyri

308 5784 384 5857 (π)
432 5786 647 5840 Athan,
702 5777 867 5857 ῌίσς.
914 5773 1098 5826 Arion.
1137 5771 1543 5857 admonachoi,
1580 5788 1632 5827 n.
1672 5772 1877 5843 18,19.

310 5842 382 5926 (νῆ
419 5857 637 5912 Athan.
678 5846 860 5919 Apol.
902 5857 1083 5898 contra
1124 5842 1330 5909 Arium,
1364 5860 1419 5897 ιι.
1462 5842 1550 5896 45.
