4038 6544
520 444 604 482 cvt
1882 429 2416 486 PROLECOM‘ENA.

525 547 709 611 tiglsse
739 544 1098 610 arbitramur;
1129 555 1182 600 et
1215 545 1447 600 fortasse
1480 545 1736 598 nonnulla
1768 561 1831 598 ex
1861 546 1947 605 iis,
1978 559 2094 612 quae
2122 549 2169 602 Α
2197 552 2492 597 sectatores
2519 537 2884 609 [apprimereh
2931 532 3133 587 Horum
3182 529 3338 584 facile
3375 529 3624 600 princeps
3654 533 3769 583 erat

522 634 765 699 proxime
805 637 1195 700 recensuimus,
1226 647 1349 690 ante
1385 636 1545 690 finem
1577 637 1767 706 synodi
1803 636 2093 690 Sardicen-

523 723 598 776 sis
624 724 914 781 obvenere.
961 727 1076 782 Non
1108 727 1296 784 ordine
1329 730 1524 800 quippe
1566 743 1652 784 res
1683 738 1903 784 enarrat
1927 728 2092 781 Atha-

522 828 724 870 naSIIIS.

513 935 522 946 -
593 903 679 957 12.
721 904 1093 960 Alexandrinis
1123 917 1170 961 et
1202 908 1466 978 zEgyptiis
1512 909 1660 963 illata
1688 909 1848 963 mala.
1878 939 1947 949 --
1985 909 2090 962 Eo-

524 995 768 1048 rumdem
798 1010 958 1064 opera
991 1008 1045 1052 et
1075 999 1246 1067 gratia
1296 1001 1360 1052 ad
1394 999 1795 1055 Alexandrinos
1830 1015 1999 1068 usque
2039 1010 2093 1053 et

419 1095 429 1106 '
521 1084 804 1155 Egyptios
852 1087 1136 1143 calamitas
1189 1099 1243 1143 et
1296 1093 1512 1145 vexatio
1567 1092 1821 1160 pervasit.
1872 1089 2093 1144 Litteris

523 1189 757 1243 namque
780 1175 1014 1244 jussum,
1037 1186 1093 1232 ut
1117 1187 1304 1247 portus
1346 1181 1629 1249 aditusque
1665 1181 1876 1235 urbium
1907 1189 2089 1234 custo-

521 1268 626 1323 diis
664 1269 1112 1334 intercludantur,
1145 1287 1210 1325 ne
1250 1273 1442 1342 quibus
1469 1273 1520 1325 id
1552 1287 1865 1326 concessum
1898 1273 1964 1326 ab
2004 1287 2093 1340 sy-

521 1361 664 1416 nodo
701 1362 1008 1418 Sardicensi
1067 1365 1256 1428 fuerat,
1321 1365 1386 1418 ad
1435 1363 1690 1418 ecclesias
1737 1363 2093 1430 remigrarcnt

522 1463 679 1513 suas;
709 1452 1177 1521 prazscribiturque
1197 1451 1490 1520 judicibus,
1521 1459 1578 1503 ut
1607 1450 1719 1503 sive
1740 1448 2090 1512 Athanasius,

522 1540 635 1594 sive
675 1540 810 1596 alius
854 1542 1120 1611 quispiam
1155 1541 1307 1596 exsul
1351 1542 1629 1611 episcopus
1666 1549 1760 1594 aut
1789 1540 2091 1610 presbyter,

449 1677 457 1683 .
521 1630 604 1683 vel
633 1631 686 1685 in
713 1631 922 1696 urbem,
951 1631 1035 1686 vel
1073 1632 1123 1686 in
1167 1632 1300 1688 fines
1332 1631 1446 1700 ejus
1485 1633 1758 1702 ingressus
1790 1630 2092 1699 deprehen-

521 1726 700 1792 datur,
731 1724 888 1781 liceat
908 1727 1066 1781 isthic
1085 1736 1326 1797 repertos
1357 1727 1533 1796 capite
1560 1737 1828 1780 truncare.
1859 1725 2092 1794 Accepta

519 1826 698 1870 autem
732 1817 806 1871 illi
850 1819 1047 1887 publici
1078 1820 1330 1874 curriculi
1372 1817 1646 1880 facultate,
1682 1817 1726 1870 si
1765 1831 1924 1885 quos,
1952 1815 2091 1869 ultro

2197 633 2417 703 quidam
2457 632 2712 700 projectae
2744 624 3064 680 temeritatis
3089 622 3428 686 adolescens,
3465 621 3648 674 multis
3677 619 3770 672 lla-

2193 723 2338 792 gitiis
2370 719 2717 781 nobilitatus;
2766 715 2856 784 qui
2890 729 2994 768 non
3030 712 3202 766 solum
3260 711 3504 764 homines
3539 725 3605 763 ex
3654 708 3770 762 foro

2192 814 2481 876 abducere,
2530 825 2594 863 ac
2654 805 2996 862 contumeliis
3045 803 3466 871 verberibusque
3517 801 3769 868 excipere

2193 908 2410 966 soleret,
2441 916 2625 954 verum
2655 899 2818 952 etiam
2849 896 3040 949 domos
3082 896 3363 956 invadens,
3395 892 3591 961 probos
3621 891 3769 946 viros

2193 1005 2576 1058 matronasque
2631 986 3047 1042 honestissimas
3107 984 3421 1037 deturbat-et
3469 980 3767 1034 lacessendi

2193 1099 2374 1139 causa.
2435 1082 2570 1147 Quia
2625 1093 2751 1131 vero
2810 1092 2914 1130 non
2976 1076 3220 1129 manibus
3285 1083 3511 1134 tantum,
3572 1071 3668 1124 sed
3715 1079 3768 1123 et

2193 1173 2432 1227 calcibus
2475 1169 2666 1223 obvios
2712 1168 3019 1234 impeteret,
3063 1163 3279 1232 Onager
3328 1158 3766 1227 nuncupabatur.

2194 1264 2241 1318 Is
2269 1261 2386 1316 heri
2409 1261 2560 1330 jussu
2592 1259 2725 1327 ipsis
2759 1255 3089 1312 sanctissimi
3118 1252 3396 1308 Paschalis
3433 1252 3621 1305 diebus
3654 1264 3769 1302 me-

2196 1356 2448 1408 retriccm
2489 1353 2700 1416 adiens,
2737 1349 3052 1419 peregrinos
3085 1346 3369 1401 advenisse
3416 1344 3492 1398 ait
3521 1344 3612 1413 qui
3652 1344 3768 1413 ejus

2193 1445 2442 1514 cupidine
2494 1443 2822 1512 flagrarent,
2879 1450 3208 1506 noctemque
3265 1451 3386 1490 cum
3447 1437 3558 1504 ipsa
3609 1451 3769 1505 agere

2193 1540 2575 1600 percuperent.
2625 1529 2949 1596 Assumptus
2994 1525 3188 1578 deinde
3229 1523 3539 1592 quindecim
3590 1524 3770 1578 socios

2194 1621 2337 1675 locat
2373 1621 2427 1673 in
2469 1617 2714 1681 insidiis;
2753 1616 2983 1682 datoque
3022 1612 3376 1666 conveniendi
3422 1613 3595 1680 signo,
3643 1627 3770 1680 pro-

2195 1722 2348 1781 perat
2381 1713 2446 1764 ad
2493 1710 2641 1764 fores
2668 1706 2978 1762 diversorii.
3015 1704 3149 1757 Tum
3202 1713 3383 1758 scorto
3412 1714 3604 1758 auctor
3643 1704 3767 1768 init,

2195 1815 2254 1858 ut
2284 1818 2406 1858 sese
2433 1802 2484 1855 in
2523 1801 2573 1854 id
2606 1799 2862 1853 conclave
2893 1797 3228 1852 immitteret.
3253 1795 3488 1864 Contigit
3515 1811 3678 1864 porro
3714 1807 3769 1849 nt

519 1907 765 1976 cirroque
787 1882 1074 1976 cu'rsando,
1101 1909 1433 1964 attenderem
1458 1909 1547 1977 qui
1569 1907 1748 1977 fugam
1774 1882 1874 1960 ἐξω
1900 1921 2090 1975 “pro-
2123 1882 2161 1934 Β
2195 1896 2245 1948 ἱιι
2296 1894 2567 1947 exteriore
2603 1890 2853 1946 cubiculo
2902 1904 3155 1943 somnum
3199 1897 3414 1957 caperet
3462 1887 3768 1954 Euphratas

517 1996 761 2064 brarent,
817 2000 1179 2068 Arianamque
1227 2009 1607 2054 aversarentur
1659 1996 1934 2060 haeresim,
1991 1999 2088 2050 hos

517 2086 718 2154 ﬂagris,
747 2087 995 2156 vinculis,
1030 2090 1221 2144 exsilio
1252 2089 1573 2144 multabant.
1607 2086 1920 2156 Tantusqne
1977 2098 2084 2139 ter-

515 2194 608 2234 τοι·
637 2180 954 2235 carnificum
981 2189 1119 2245 erat,
1156 2190 1215 2235 ut
1244 2181 1396 2236 multi
1438 2182 1504 2235 ad
1549 2180 1906 2235 simulandum
1943 2187 2086 2231 metu

514 2270 774 2339 compulsi
813 2271 941 2338 sint,
979 2271 1130 2324 multi
1167 2281 1353 2326 contra
1389 2271 1441 2323 in
1489 2269 1834 2323 solitudinem
1866 2281 1927 2320 se
1957 2282 2085 2336 pro-

514 2360 692 2429 ripere
722 2361 962 2430 mallent,
994 2376 1154 2430 quam
1182 2375 1303 2416 cum
1349 2357 1658 2430 bujusmodi
1683 2357 1816 2412 viris
1841 2370 2087 2413 commu-

514 2451 629 2505 nica
639 2468 714 2507 re.

584 2544 672 2598 15.
711 2542 1120 2597 Mediolanensis
1143 2543 1395 2613 synodus.
1422 2541 1681 2596 Photinus
1708 2542 2087 2595 damnatur.—

514 2633 713 2687 Eodem
737 2648 880 2687 anno
910 2633 1213 2689 celebratur
1246 2633 1527 2688 Mediolani
1561 2633 1798 2704 synodus
1825 2634 2084 2688 adversus

511 2724 800 2780 Photinum
831 2726 1140 2795 episcopum
1182 2726 1560 2780 Sirmiensem.
1609 2725 1711 2792 Qui
1750 2735 1945 2794 quotve
1972 2723 2086 2776 fue-

512 2815 621 2869 rint
663 2815 921 2885 praasulcs
952 2816 1024 2871 ibi
1075 2817 1268 2880 coacti,
1310 2817 1513 2885 pariter
1554 2815 1852 2885 ignoratur.
1908 2813 2081 2868 Unum

509 2917 741 2972 constat,
782 2908 1070 2963 Photinum
1097 2909 1408 2963 damnatum
1441 2908 1862 2976 abdicatumque
1894 2906 2080 2961 fuisse.

510 2997 707 3053 Verum
734 2998 1046 3055 Sirmiensis
1076 3001 1253 3070 populi
1283 3014 1437 3054 amor
1461 3010 1516 3054 et
1551 3000 1923 3056 benevolentia
1949 3015 2084 3070 prae-

509 3089 647 3144 sidio
673 3091 771 3160 ipsi
809 3091 926 3156 fuit,
948 3106 1015 3146 ne
1041 3093 1168 3147 sede
1194 3093 1507 3163 pelleretur.
1533 3083 1676 3147 Sunt
1694 3091 1784 3161 qui
1811 3091 2074 3145 arbitren-

510 3190 617 3245 tur,
648 3182 790 3235 eain
837 3185 1044 3254 synodo
1091 3184 1374 3240 Ursacium
1426 3194 1480 3239 et
1525 3183 1801 3239 Valentem
1843 3182 2078 3238 libellum
2110 3211 2151 3268 ο

511 3268 838 3334 poenitentiae
879 3270 1113 3325 dedisse.
1142 3271 1267 3336 Sed,
1307 3281 1364 3326 ut
1394 3273 1562 3340 probe
1596 3274 1944 3327 adverterunt
1975 3271 2084 3323 fra-

510 3367 622 3410 tres
674 3359 842 3411 nostri
891 3360 944 3412 in
982 3370 1254 3428 postrema
1307 3361 1498 3415 Hilarii
1549 3377 1773 3430 operum
1825 3361 2082 3425 editione,

513 3458 614 3497 non
647 3444 782 3498 adeo
811 3446 1106 3515 desperatae
1139 3463 1223 3502 res
1246 3465 1433 3503 eorum
1473 3458 1582 3502 tum
1614 3451 1779 3504 fuisse
1813 3450 2082 3513 videntur,

512 3541 569 3585 nt
607 3532 852 3588 homines
891 3537 1126 3603 protervi
1151 3552 1214 3592 ac
1259 3541 1520 3608 propositi
1569 3539 1978 3594 retinentissimi
2019 3555 2083 3593 eo

511 3623 691 3693 inopia
720 3626 929 3680 consilii
963 3627 1279 3683 devcnircnt
1319 3647 1332 3682 :
1365 3647 1675 3700 quanquam
1711 3631 1940 3686 fortasse
1965 3632 2082 3686 exi-

511 3715 717 3770 stimari
749 3726 931 3786 queat,
975 3732 1080 3772 non
1121 3720 1233 3788 pari
1283 3729 1392 3773 tum
1435 3722 1740 3776 conditione
1775 3723 1940 3777 fuisse
1977 3721 2081 3776 Va-

511 3806 705 3859 lentem
732 3816 786 3861 et
818 3807 1120 3873 Ursacium,
1153 3825 1216 3863 ac
1247 3820 1471 3866 caeteros
1495 3813 1747 3877 Arianos,
1774 3823 1956 3884 utpote
1991 3815 2080 3884 qui

511 3896 567 3949 in
612 3897 943 3966 Constantis,
987 3900 1265 3955 catholicae
1294 3902 1431 3971 parti
1469 3903 1818 3970 deditissimi,
1857 3904 2082 3976 imperio

511 3997 882 4043 versarentur.

578 4081 730 4133 ANNO
766 4079 890 4135 548.
931 4111 1002 4120 -
1041 4082 1096 4136 1.
1155 4083 1407 4154 Stephani
1447 4087 1752 4141 Antioc/reni
1789 4087 1987 4156 factum
2028 4088 2084 4140 in

510 4171 728 4241 legatos.
763 4201 834 4212 —
859 4173 1183 4245 lnsequente
1221 4192 1361 4231 anno
1391 4179 1684 4248 contigisse
1711 4188 1928 4247 putatur
1961 4177 2084 4231 Ste-

507 4261 674 4332 phani
697 4263 1017 4320 Antiocheni
1041 4255 1364 4323 Arianorum
1390 4271 1725 4340 antesignani
1754 4270 2084 4339 conspiratio

508 4355 562 4408 in
598 4352 935 4413 Sardicensis
965 4361 1150 4428 synodi
1181 4371 1427 4416 oratores
1456 4362 1556 4432 (ιι),
1588 4377 1748 4431 quam
1782 4362 2083 4417 Athanasio

505 4460 571 4500 ac
606 4445 943 4505 Thcodoreto
981 4450 1065 4504 his
1093 4467 1230 4521 pene
1254 4454 1436 4508 verbis
1463 4464 1742 4522 acceptam
1775 4454 2080 4509 referimus.

2191 1985 2428 2039 Coloniae
2484 1983 2801 2052 Agrippinae
2847 1981 3154 2050 episcopus,
3216 1978 3530 2033 Vincentius
3586 1985 3768 2032 autem

2191 2078 2477 2146 Capuanus
2502 2076 2553 2129 in
2581 2073 2858 2128 interiore.
2882 2071 3126 2142 lngrcssa
3149 2070 3401 2124 alacriter
3427 2070 3768 2137 muliercula,

2190 2168 2330 2238 quod
2366 2182 2424 2223 se
2455 2182 2484 2220 a
2517 2166 2720 2235 juvene
2761 2165 3012 2220 advocari
3063 2172 3299 2232 putaret,
3334 2163 3530 2217 deinde
3580 2179 3766 2217 senem

2191 2259 2461 2314 hominem
2487 2258 2868 2322 dormientem,
2902 2256 3142 2324 episcOpi
3176 2255 3368 2319 forma,
3411 2255 3768 2324 ignarumque

2190 2348 2316 2402 facti
2359 2347 2694 2416 conspicata,
2744 2360 2802 2400 se
2853 2345 3095 2399 delusam
3146 2344 3456 2410 aestimavit,
3508 2353 3626 2397 rata
3660 2359 3766 2396 non

2189 2438 2465 2493 hominem
2514 2438 2565 2490 id
2607 2437 2790 2489 aetatis
2821 2444 3058 2490 scortum
3092 2449 3394 2490 arcessere.
3445 2433 3631 2488 Sensit
3663 2420 3777 2487 Eu-I

2189 2532 2413 2598 phralas
2453 2529 2505 2584 in
2536 2527 2783 2582 cubiculo
2809 2529 3180 2597 gradientem;
3215 2527 3765 2596 expergefaetnsqin-,

2187 2621 2307 2690 quis
2347 2630 2491 2676 esset
2528 2628 2896 2689 percontatur.
2947 2619 3037 2672 llla
3081 2619 3228 2672 edito
3262 2619 3503 2672 clamore
3547 2618 3655 2671 vim
3689 2619 3768 2670 in-

2185 2712 2317 2768 ferri
2392 2711 2496 2766 sibi
2562 2710 2938 2780 conqueritur.
3001 2709 3369 2763 Conturbatus
3435 2707 3767 2778 Enphratas,

2186 2805 2484 2858 daemonem
2524 2803 2834 2870 suspicatur
2877 2801 3126 2855 muliebri
3153 2802 3320 2855 forma
3355 2800 3768 2864 adventantem,

2188 2895 2513 2964 Dominiqne
2537 2894 2741 2948 Christi
2775 2893 3027 2962 implorat
3063 2892 3323 2946 auxiliqu
3353 2910 3365 2945 :
3397 2892 3612 2962 Onager
3637 2908 3769 2947 vero

2186 2996 2340 3055 rogat
2367 2996 2608 3041 scortum
2654 2994 2711 3038 ut
2744 2995 2940 3049 taceat,
2975 2993 3135 3053 atque
3164 2984 3474 3054 episcopum
3507 2985 3767 3038 crimine-

2188 3089 2305 3146 tur;
2337 3080 2628 3148 statimque
2664 3095 2722 3133 se
2773 3095 2892 3132 cum
2934 3079 3149 3147 agmine
3199 3077 3252 3130 in
3303 3076 3558 3131 conclave
3591 3078 3765 3131 intro-

2187 3171 2357 3236 misit,
2401 3171 2711 3226 vociferans
2746 3171 2993 3224 homines
3039 3171 3254 3238 iniquos
3298 3170 3646 3228 adventasse,
3673 3169 3765 3237 qni

2187 3276 2247 3315 se
2298 3273 2582 3331 sperarent
2616 3260 2917 3330 iniquitatis
2963 3259 3079 3313 fore
3114 3259 3342 3326 judiccs.
3395 3258 3529 3311 Tum
3560 3259 3766 3327 ingenti

2185 3359 2376 3412 oborto
2415 3347 2674 3417 clamore,
2707 3352 2850 3405 servi
2886 3365 3074 3404 omnes
3112 3365 3420 3416 accurrere,
3451 3349 3581 3419 quid
3617 3357 3768 3403 esset

2185 3446 2471 3509 sciscitari,
2505 3455 2780 3498 maturare
2807 3444 2873 3496 ad
2899 3441 3041 3495 fores
3071 3441 3354 3495 diversorii
3383 3442 3768 3496 occludendas.

2184 3541 2402 3610 Onager
2450 3537 2628 3607 fugam
2681 3537 2833 3601 facit,
2877 3537 3082 3590 relictis
3133 3536 3275 3590 intro
3319 3543 3525 3603 septem
3577 3535 3766 3599 sociis,

2184 3631 2276 3700 qui
2326 3645 2429 3684 una
2466 3643 2590 3682 cum
2642 3636 2824 3682 scorto
2861 3628 3180 3695 deprehensi
3223 3626 3275 3680 in
3312 3625 3615 3680 custodiam
3650 3636 3771 3679 tra-

2184 3722 2280 3775 diti
2332 3727 2480 3775 sunt.
2545 3719 2729 3772 Primo
2767 3717 3023 3780 diluculo,
3079 3732 3201 3770 cum
3257 3715 3537 3770 Salianum
3601 3716 3772 3784 magi-

2184 3822 2357 3866 strnm
2386 3810 2620 3865 militum
2650 3809 2978 3863 excitassent
3003 3824 3030 3860 a
3075 3823 3284 3872 somno,
3320 3806 3481 3860 simul
3511 3806 3579 3859 ad
3612 3807 3765 3875 pala-

2183 3905 2315 3958 tium
2366 3910 2666 3971 properant
2719 3917 2732 3952 :
2780 3915 2843 3954 ae
2894 3900 2959 3953 de
3009 3898 3288 3967 Stephano
3336 3895 3648 3964 conquesti,
3697 3900 3766 3950 ad

2182 4009 2342 4064 quem
2390 3992 2628 4060 suspicio
2690 3991 2943 4044 maleficii
3000 3990 3343 4059 pertinebat,
3404 4003 3509 4042 non
3557 3987 3766 4054 judicio

2182 4099 2320 4154 opus
2349 4099 2472 4138 esse
2494 4083 2918 4147 contendebant,
2944 4081 3027 4134 vel
3063 4080 3475 4149 perquisitione.
3505 4077 3766 4146 Magister

2183 4191 2311 4230 vero
2360 4175 2593 4228 militum
2641 4173 2890 4242 rogabat,
2925 4183 2983 4225 ut
3026 4170 3243 4240 juberet
3279 4171 3599 4238 imperator,
3655 4184 3764 4223 non

2183 4266 2580 4329 ecclesiastico,
2603 4266 2697 4319 sed
2739 4264 2946 4318 forensi
2975 4263 3178 4333 judicio
3206 4276 3320 4315 rem
3341 4261 3560 4325 inquiri
3603 4278 3618 4314 :
3647 4261 3763 4315 cle-

2187 4360 2332 4413 ricos
2357 4357 2655 4427 Euphratae
2687 4367 2742 4411 et
2772 4356 3043 4411 Vincentii
3077 4369 3134 4409 se
3155 4353 3470 4422 quaestionis
3498 4353 3763 4406 habendae

2182 4465 2344 4505 causa
2387 4449 2738 4511 traditurum,
2767 4449 2891 4502 dum
2929 4447 3046 4517 pari
3089 4447 3247 4500 modo
3278 4446 3617 4498 traderentur
3648 4442 3765 4498 Ste-

505 4535 848 4591 Antioehiam
899 4553 1019 4592 cum
1073 4540 1446 4609 pervenissent
1493 4541 1652 4609 legati
1704 4538 2074 4605 Sardicenses,
2108 4547 2151 4602 D
2182 4543 2346 4613 phani
2376 4542 2579 4597 clerici.
2611 4542 2816 4596 Contra
2851 4539 3188 4608 Stephanus,
3214 4553 3374 4606 quem
3421 4538 3761 4591 conscientia

507 4628 715 4683 litteras
752 4630 1066 4685 Constantis
1113 4630 1268 4685 fratri
1317 4631 1639 4686 Constantio
1679 4630 1936 4695 offerunt,
1984 4632 2073 4686 cui

507 4728 619 4772 tum
654 4723 912 4790 temporis
957 4724 1116 4776 sedes
1165 4722 1495 4787 Antiochiae;
1547 4722 1939 4792 polliceturque
1982 4722 2073 4777 ille

479 4801 644 4867 lnibil.
671 4824 773 4863 non
806 4811 990 4864 fratris
1019 4820 1149 4863 nutu
1185 4820 1241 4866 et
1268 4810 1494 4865 arbitrio
1522 4810 1817 4866 facturum.
1852 4813 1923 4865 At
1951 4826 2074 4866 cum

509 4915 625 4952 rem
665 4900 982 4970 perindigne
1016 4900 1222 4955 ferrent
1251 4904 1497 4959 veritatis
1528 4906 1731 4972 hostes,
1777 4906 1828 4959 in
1868 4906 2079 4974 episco-

504 5005 600 5058 pos
634 4990 722 5059 qui
754 4990 904 5057 juxta
936 4990 1132 5044 clivum
1165 4992 1517 5062 diverterant,
1553 4997 1809 5066 magistro
1849 4996 2077 5049 militum

507 5098 614 5135 non
646 5083 831 5137 eodem
863 5083 980 5137 loco
1011 5085 1339 5151 diversanle',
1376 5092 1772 5144 exsecrandum
1809 5103 1947 5156 opus
1979 5103 2075 5156 ag-

504 5173 846 5240 grediuntur.
870 5171 1129 5245 Princeps
1150 5188 1328 5232 autem
1353 5179 1770 5248 conspirationis
1796 5177 1898 5232 fuit
1928 5179 2078 5232 urbis

503 5263 753 5328 antistes,
790 5265 884 5335 qui
932 5267 1040 5322 alio
1083 5268 1388 5324 incredibili
1421 5269 1626 5325 scelere
1655 5269 1841 5340 priora
1867 5268 2075 5323 scelera

502 5355 826 5415 cumulavit.

568 5449 624 5502 2.
651 5448 948 5519 Stephanus
967 5451 1266 5518 abdicatur,
1291 5453 1375 5505 cui
1392 5452 1705 5521 subrogatur
1725 5449 1990 5504 Leontius.
2010 5480 2080 5492 —

503 5538 778 5608 Stephano
824 5543 986 5612 igitur
1029 5544 1240 5613 praesuli
1279 5544 1614 5598 Antiocheno
1655 5545 1788 5598 varii
1837 5545 2079 5600 audaciae

503 5645 614 5685 sua:
645 5633 950 5689 administri
984 5644 1165 5701 erant,
1206 5648 1433 5703 quorum
1469 5634 1556 5690 ille
1584 5649 1746 5704 opera
1780 5651 1920 5691 verae
1953 5637 2076 5692 fidei

2187 4635 2412 4689 sceleris
2449 4632 2786 4702 exagitabat,
2832 4646 2938 4685 non
2970 4631 3132 4685 licere
3166 4629 3347 4683 aiebat
3387 4627 3620 4682 clericos
3651 4639 3762 4682 tor-

2184 4725 2380 4779 mentis
2407 4724 2628 4793 subjici,
2661 4723 2887 4775 vetitum
2913 4721 3124 4775 scilicet
3157 4719 3208 4772 id
3234 4733 3355 4772 esse
3392 4717 3760 4772 ecclesiastica

2185 4815 2394 4885 regula.
2431 4814 2769 4884 Interrogata
2805 4813 3036 4882 primum
3076 4812 3270 4865 mulier
3306 4810 3427 4874 fuit,
3464 4809 3588 4878 quis
3613 4811 3758 4862 acci-

2185 4909 2352 4962 visset
2385 4925 2397 4960 :
2441 4905 2843 4961 adolescentem
2891 4902 2979 4957 illa
3034 4901 3311 4965 indicavit,
3340 4900 3431 4968 qui
3465 4902 3762 4954 comitante

2177 5001 2435 5069 juvenum
2459 5008 2634 5052 turma
2657 5011 2715 5051 se
2745 4997 3030 5050 deductam
3058 4996 3442 5049 intromisisset
3462 4993 3515 5046 in
3542 4994 3762 5047 cubicu-

2179 5092 2311 5145 lum.
2341 5091 2809 5145 Commemoravit
2843 5090 2972 5144 item
3022 5088 3523 5155 interrogationem,
3557 5095 3756 5139 metum
3816 5094 3822 5098 ‘

2176 5191 2231 5237 et
2280 5183 2654 5251 precationem
2713 5180 2978 5249 episcopi,
3037 5180 3407 5248 impetumque
3461 5178 3758 5246 petulantis

2176 5281 2429 5328 catervae.
2462 5272 2557 5327 His
2587 5273 2820 5342 cognitis
2849 5271 3061 5340 judices
3090 5281 3219 5324 natu
3250 5271 3533 5323 minimum
3563 5268 3756 5322 adduci

2172 5363 2397 5431 jnbent;
2449 5365 2540 5432 qui
2598 5380 2704 5417 non
2742 5371 3057 5432 exspectata
3116 5361 3402 5417 verberam
3432 5363 3752 5431 quaestione,

2176 5455 2461 5526 compositi
2491 5456 2752 5510 facinoris
2776 5471 2996 5510 scenam
3025 5456 3247 5520 detexit,
3271 5465 3324 5508 et
3366 5457 3444 5509 rei
3476 5467 3756 5510 auctorem

2179 5547 2453 5616 Onagrum
2479 5563 2600 5603 esse
2629 5547 2803 5601 fassus
2832 5557 2936 5602 est.
2961 5547 3181 5601 Accitus
3207 5547 3422 5617 Onager
3449 5548 3498 5600 id
3521 5563 3580 5601 se
3603 5549 3756 5617 jussu

2180 5638 2437 5708 Stephani
2479 5639 2766 5695 admisisse
2812 5640 3157 5696 testiﬁcatur.
3209 5639 3340 5706 Quis
3395 5640 3586 5708 pmlor,
3641 5655 3757 5706 qua:

575 5836 654 5907 (α)
705 5838 899 5892 Athan.
959 5835 1097 5893 Hist.
1157 5838 1343 5894 Arian.
1386 5841 1803 5914 adgpmonaclras,
1858 5859 1910 5900 tr.
1951 5843 2049 5907 i9;
2094 5843 2418 5901 Theodorct.
2461 5843 2500 5900 l.
2527 5859 2585 5907 ll,
2623 5858 2739 5906 cap.
2769 5843 2876 5899 Set
2909 5844 2964 5899 9.

539 5971 580 5989 α
