4038 6532
1576 368 1737 423 VlTA
1779 373 1834 429 S.
1877 367 2271 426 ATHANASH.

237 463 436 520 inlsmia
477 465 633 524 hinc
685 481 1055 533 consecuta!
1107 480 1504 535 Antiochenum
1554 485 1865 552 episcopum
1897 492 1937 547 Α

236 559 338 610 tanti
366 558 420 610 in
454 557 726 617 Oriente
754 571 1040 636 nominis,
1073 581 1236 626 tanta:
1271 572 1323 625 in
1355 572 1598 628 Ecclesia
1640 575 1868 646 dignita-

239 651 293 703 tis
315 652 683 719 turpissimae
726 660 819 713 rei
865 665 1134 719 artilicem
1180 665 1611 733 deprehensum!
1658 667 1712 720 In
1749 683 1868 723 sce-

241 741 346 795 leris
403 743 589 811 igitur
632 762 895 816 penam
963 753 1244 807 abdicatur
1293 753 1626 824 Stephanus,
1676 760 1864 814 Ariani

241 842 423 899 autem,
477 836 586 890 tali
647 843 890 897 amisso
930 854 1179 914 patrono,
1229 861 1448 914 operam
1497 849 1761 903 dederunt
1810 862 1867 905 ut

244 925 359 978 alius
417 942 540 982 suze
611 931 917 989 factionis
979 937 1032 990 in
1094 938 1208 1005 ejus
1260 939 1434 993 locum
1492 951 1862 1010 cooptaretur,

247 1016 492 1074 Leontius
525 1025 776 1082 scilicet
808 1038 1115 1085 castratus.
1137 1031 1181 1085 ls
1206 1047 1330 1104 cum
1356 1031 1655 1087 Eustolium
1676 1050 1865 1104 quam-

249 1112 354 1164 dam
401 1117 741 1184 adamaret,
783 1134 918 1188 quae
959 1122 1110 1190 virgo
1160 1097 1426 1185 audiebat,
1477 1122 1606 1178 licet
1652 1097 1862 1179 Leontii

248 1209 652 1262 consuetudine
694 1227 729 1264 a
784 1212 1072 1283 virginum
1099 1215 1410 1269 conditione
1451 1225 1506 1269 et
1555 1217 1865 1286 integritate

249 1295 403 1366 lapsa,
441 1314 508 1352 ea
566 1302 642 1355 de
702 1317 769 1356 re
815 1313 1132 1368 accusatus,
1163 1321 1270 1375 quo
1311 1305 1537 1362 facultas
1592 1309 1692 1362 sibi
1730 1309 1867 1364 foret

248 1403 358 1440 cutn
392 1389 487 1442 illa
541 1391 890 1458 habitandi,
934 1411 1056 1451 sese
1085 1406 1453 1464 castraverat;
1507 1408 1668 1468 atque
1706 1401 1862 1465 adeo,

247 1478 285 1531 si
332 1494 395 1533 ex
454 1483 890 1540 ecclesiastica:
954 1487 1148 1557 regulae
1217 1489 1534 1558 prwscripto
1595 1505 1716 1545 cum
1774 1491 1865 1546 illo

249 1580 418 1623 actum
450 1585 636 1637 esset,
667 1592 968 1647 nunquam
995 1578 1165 1635 fuerat
1199 1581 1252 1634 in
1285 1582 1594 1651 episcopum
1643 1597 1865 1651 promo-

250 1663 464 1718 rendus.
501 1666 580 1719 At.
615 1670 779 1722 enim
814 1671 1120 1726 Arianismi
1153 1672 1389 1726 studium
1426 1675 1628 1728 aditum
1659 1673 1865 1729 facino-
1965 1667 2193 1721 consilio
2227 1675 2556 1736 praecautum
2592 1667 2761 1723 fuisse
2783 1667 3030 1722 videatur
3065 1687 3079 1723 :
3127 1686 3249 1724 nam
3296 1681 3542 1740 postmo-

250 1769 364 1808 roso
400 1758 621 1811 homini
678 1761 935 1828 praebuit
984 1762 1048 1815 ad
1099 1762 1280 1817 sedem
1336 1765 1749 1819 Antiochenam.
1782 1766 1863 1820 Ab
1967 1762 2090 1814 dum
2117 1760 2326 1827 Ariani,
2359 1764 2502 1830 quod
2526 1761 2857 1815 Athanasius
2886 1761 3241 1817 Constantem
3283 1763 3544 1834 frequens

246 1849 516 1918 episcopis
556 1850 764 1922 itaque
801 1853 1034 1908 Arianis
1082 1866 1358 1924 promotus
1407 1857 1497 1911 ille
1548 1857 1669 1923 fuit,
1703 1869 1864 1928 atque
1896 1855 1938 1913 Β
1970 1850 2211 1916 adiisset.
2276 1851 2399 1906 inde
2452 1852 2778 1907 criminandi
2825 1867 2948 1907 eum
2999 1870 3186 1910 ansam
3227 1855 3538 1926 εττίρυετες

250 1942 501 2010 deinceps
552 1943 810 1998 Arianas
862 1962 954 2000 res
981 1962 1077 2016 pro
1107 1948 1243 2002 virili
1288 1949 1468 2013 auxit;
1497 1951 1858 2021 ementitaque

1964 1942 2107 2010 quod
2167 1941 2375 1998 scilicet
2446 1945 2743 2000 simultatis
2805 1946 2946 1999 inter
3015 1946 3211 2003 fratres
3264 1949 3541 2004 movenda

3430 378 3538 420 CVII

2043 483 2097 537 2.
2133 480 2453 534 Athanasius
2481 479 2817 533 Constantem
2856 479 3110 534 convenit.
3152 509 3222 522 -
3249 478 3395 537 Inter
3425 485 3540 540 hac

1970 577 2086 644 ipse
2109 572 2467 634 Athanasius,
2495 570 2584 639 qui
2609 569 2782 623 soluta
2821 569 3126 627 Sa‘rdicensi
3155 572 3360 643 synodo
3381 573 3537 629 Nais-

1970 682 2092 722 sum
2127 673 2497 729 concesserat,
2534 663 2730 718 litteris
2761 679 2790 715 a
2825 661 3123 719 Constante
3167 664 3412 735 Augusto
3447 682 3540 720 ac-

1969 757 2142 825 ceptis
2179 757 2275 826 (ι’),
2320 756 2444 809 inde
2470 754 2746 825 profectus
2783 754 3083 823 Aquileiam
3120 765 3224 820 est,
3252 757 3340 811 ubi
3372 758 3540 826 impe-

1969 857 2207 901 ratorem
2237 847 2433 900 comite
2487 845 2877 900 Fortunatiano
2933 845 3074 899 illius
3110 847 3259 901 urbis
3288 849 3540 919 episcopo

1965 945 2049 991 est
2075 936 2362 990 allocutus.
2393 933 2761 1004 Memoratque
2803 936 2942 990 idem
2977 937 3302 992 Athanasius
3337 955 3542 1008 nequa-

1966 1042 2129 1096 quam
2192 1041 2251 1080 se
2296 1026 2655 1081 Constantem
2712 1026 2886 1082 solum
2954 1028 3285 1098 remotisque
3318 1031 3540 1086 arbitrls

1965 1119 2309 1182 convenisse,
2348 1121 2442 1174 sed
2478 1120 2678 1175 comite
2723 1134 2941 1189 semper
2997 1121 3255 1190 episcopo
3285 1122 3437 1176 urbis
3485 1123 3540 1178 in

1965 1224 2071 1279 qua
2103 1209 2324 1278 degeret
2368 1210 2678 1279 imperator.
2725 1210 2990 1265 Nimirum
3037 1213 3237 1267 Patavii
3271 1229 3392 1268 cum
3423 1213 3542 1270 Cri-

1965 1302 2123 1371 Spino
2161 1301 2333 1369 ipsum
2385 1302 2538 1366 adiit,
2569 1300 2794 1356 Verona:
2834 1318 2953 1356 cum
2989 1303 3215 1367 Lucillo,
3261 1306 3312 1359 in
3359 1305 3542 1362 Laude

1967 1391 2221 1460 Pompeia
2260 1390 2338 1461 (ά)
2364 1405 2484 1444 cum
2524 1393 2806 1462 Dionysio,
2845 1393 2968 1448 aliis
3008 1394 3060 1447 in
3096 1394 3228 1449 locis
3257 1410 3378 1449 cum
3415 1396 3542 1451 Vin-

1966 1482 2149 1536 centio
2201 1480 2483 1550 Capuano,
2545 1482 2838 1538 Maximino
2891 1482 3239 1549 Trevirensi,
3293 1484 3541 1543 Protasio

1966 1573 2379 1640 Mediolaneusi,
2427 1574 2661 1646 Eugenio
2710 1575 2834 1630 item
2866 1577 3143 1646 magistro.
3175 1578 3327 1644 Quod
3358 1579 3542 1635 divino

251 2035 706 2090 mansuetudinis
775 2039 986 2106 specie.
1058 2039 1385 2102 Catholicos,
1451 2044 1909 2112 prmserlimque-

251 2124 640 2188 Athanasium,
676 2129 867 2196 quoad
921 2128 1093 2196 licuit,
1130 2130 1247 2185 dire
1301 2132 1546 2197 vexavit;
1602 2133 1682 2186 vel
1736 2134 1861 2188 hinc

249 2217 495 2270 omnibus
529 2217 746 2272 deinde
795 2220 1016 2274 sarculis
1057 2236 1152 2290 pro
1185 2220 1392 2276 nefario
1436 2232 1490 2277 et
1524 2224 1859 2278 exsecranda

251 2308 555 2374 habendus,
591 2312 750 2380 quod
789 2312 1009 2366 Aetium
1048 2313 1137 2366 τὸν
1167 2313 1324 2368 ἄθεον
1357 2313 1409 2368 in
1442 2315 1631 2370 amicis
1662 2315 1861 2371 habue-

251 2399 334 2462 rit,
372 2409 427 2454 et
467 2399 785 2456 diaconum
833 2402 1129 2460 ordinarit.
1162 2401 1427 2459 Nimirum
1475 2405 1651 2469 κακὸς
1689 2405 1858 2460 κακὸν

247 2492 532 2563 ἡγηλάζει.

309 2608 362 2661 5.
389 2605 769 2662 Constantius
808 2619 1020 2664 revocat
1052 2609 1276 2664 exsules.
1315 2640 1384 2652 —
1422 2609 1719 2682 Imperator
1763 2629 1859 2668 au-

249 2708 348 2751 tem
382 2697 768 2755 Constantius
803 2715 922 2754 rem
978 2701 1031 2754 in
1063 2700 1396 2770 Euphratam
1431 2711 1637 2772 gestam
1671 2718 1856 2758 secum

246 2800 528 2858 reputans,
565 2800 628 2846 et
684 2791 929 2846 crimine
979 2791 1046 2845 ab
1095 2805 1200 2846 uno
1253 2792 1306 2847 id
1355 2807 1525 2862 genus
1579 2807 1699 2848 esse
1753 2795 1855 2850 alia

244 2883 578 2937 Arianorum
621 2883 681 2937 in
741 2892 980 2938 ca—teros
1030 2883 1312 2952 episcopos
1362 2884 1639 2939 molimina
1676 2887 1854 2955 suSpi-

244 2985 391 3029 catus
416 2974 526 3046 (a),
567 2976 644 3030 de
679 2975 849 3028 solita
877 2974 929 3028 in
959 2975 1156 3044 probos
1179 2975 1583 3046 catholicosque
1611 2980 1857 3037 homines

240 3066 440 3120 saevitia
477 3065 725 3134 paulurn
774 3065 1012 3126 remisit.
1045 3064 1407 3131 Quamobrem
1443 3082 1578 3137 quos
1622 3068 1854 3124 Alexan-

1963 2047 2126 2087 causa
2160 2049 2282 2088 cum
2330 2034 2623 2090 Constante
2661 2035 2916 2104 frequens
2957 2037 3222 2109 colloquia
3265 2040 3535 2094 misceret.

1961 2123 2057 2178 Cui
2113 2125 2494 2194 propulsanda:
2548 2127 2835 2182 calumniae
2882 2132 3224 2202 commodum
3273 2141 3536 2201 opportu-

1963 2228 2201 2282 numque
2225 2214 2347 2279 fuit,
2373 2216 2516 2286 quod
2539 2232 2816 2286 nunquam
2846 2217 3020 2273 solum
3051 2217 3402 2276 Constantem
3439 2236 3536 2278 so-

1962 2300 2045 2355 lus
2077 2303 2439 2357 convenisset.

2032 2393 2085 2446 5.
2133 2393 2472 2449 Constantius
2501 2395 2851 2452 Athanasium
2898 2399 3140 2452 hortatur
3169 2401 3237 2454 ad
3287 2401 3531 2458 reditum.

1958 2508 2028 2520 —
2051 2479 2314 2550 Aquileia:
2343 2498 2464 2537 cum
2504 2483 2747 2554 degeret,
2776 2486 3272 2558 ecclesiasticisque
3301 2505 3535 2546 conven-

1960 2574 2104 2628 tibus
2141 2588 2360 2643 operam
2397 2575 2567 2640 daret,
2603 2575 2656 2630 in
2701 2580 2898 2646 templo
2929 2582 3070 2649 quod
3103 2589 3213 2635 tum
3261 2583 3535 2638 excitaba-

1960 2674 2070 2730 tur,
2130 2667 2358 2722 necdum
2421 2679 2600 2725 tamen
2660 2673 2946 2738 absoluto,
3001 2674 3286 2729 collectam
3345 2675 3534 2730 haberi

1958 2756 2265 2825 conspexit,
2319 2758 2402 2812 cui
2454 2760 2620 2813 etiam
2677 2762 2867 2816 aderat
2920 2761 3184 2816 Constans
3234 2762 3531 2832 Augustus.

1957 2847 2089 2916 Qua:
2119 2865 2210 2904 res
2249 2851 2458 2920 pariter
2493 2852 2592 2922 ipsi
2628 2854 2776 2907 utilis
2805 2854 2904 2907 fuit
2935 2855 3003 2908 ad
3046 2854 3208 2909 aliam
3253 2855 3533 2925 depellen-

1957 2941 2079 2995 dam
2125 2941 2584 3008 criminationem,
2616 2953 2670 2998 ut
2707 2944 2934 3000 inferius
2977 2946 3207 3000 dicetur.
3239 2947 3297 3000 ιη
3342 2947 3530 3002 eadem

1957 3035 2089 3088 urbe
2136 3034 2346 3090 litteras
2379 3037 2575 3104 accipit
2627 3035 2928 3092 Constantii
2981 3038 3354 3106 imperatoris,
3410 3039 3529 3107 qui,

1964 3124 2297 3193 deprehensa
2361 3126 2687 3180 Arianorum
2777 3126 2828 3179 in
2905 3125 3106 3195 legatos
3179 3127 3530 3183 Sardicenses

239 3159 351 3212 dria
383 3159 437 3212 in
485 3158 832 3213 Armeniam
870 3157 1139 3227 relegat-at
1174 3159 1541 3226 presbyteros,
1568 3161 1855 3217 diaconos-

236 3264 361 3316 ρυε,
393 3248 614 3304 uberes
641 3214 1060 3319 quampame
1101 3214 1296 3304 σίιὶιειιί
1324 3214 1506 3320 iubet;
1527 3214 1851 3322 βιιιηεεειιυε
1879 3235 1923 3295 ο
1958 3214 3527 3322 ῗῗ⁵¹ἱέῗ¹ἷῗ¹¹ξίῖέῗξξὶ⁵ῗ¹¹ῗπῗῗῗὲτῗῖέλῖ¹ἶῗη¹¹ἔῗ⁵ξ¹¹ἔ¹¹ξ⁹έῖ³¹¹1¹¹ῗῖξ³

237 3302 680 3397 ,ξιιέηεᾱωίιεῑ
728 3302 1150 3406 “gms...
1193 3302 1854 3400 .‘.;..;;"..I.;;.".;r.;:
1956 3312 2010 3357 ει
2203 3304 2462 3406 demta
2506 3303 2992 3406 ιειηρεεεθῖεοθρίι
3026 3302 3407 3406 (exs-ch
3440 3304 3530 3406 E”°

236 3433 346 3486 rius
375 3432 534 3489 clero
590 3443 651 3487 et
689 3433 900 3503 populo
947 3394 1314 3490 Alexandrino
1358 3435 1526 3506 inlligi
1575 3436 1855 3491 calamita-
2669 3403 2962 3506 “in”???
2999 3395 3528 3506 ῪἮθΨ-ῗξ

237 3534 362 3577 tem.
417 3487 708 3594 Aliisque-
741 3524 957 3594 pariter
1006 3525 1283 3580 exsulibus
1342 3487 1568 3581 liberum
1610 3529 1676 3582 ad
1729 3543 1855 3583 suas
1955 3501 2090 3594 sm?
2142 3501 2296 3594 suam
2325 3487 2948 3594 ,ἢυδεῳθτθλιῖὼυμθῖδθ
2998 3487 3141 3594 de
3189 3495 3530 3594 “Sp???”

233 3615 389 3670 “des
419 3577 814 3670 El'égcl’esi'as
865 3577 1122 3670 rediu'm’.’
1956 3586 2244 3632 venturum
2287 3578 2430 3633 ultro
2458 3593 2522 3634 ac
2566 3577 2824 3632 redeundi
2873 3578 3185 3633 facultatem
3219 3579 3525 3673 postulatu-

237 3661 389 3758 ;a'si';
427 3661 1498 3778 gl,[nam;i;;1;;;'m;‘};;;;gi"fa
1505 3661 1854 3765 ὧδέ-ᾖξο
1956 3685 2096 3724 rum.
2123 3668 2200 3724 Ne
2228 3678 2406 3724 metus
2430 3669 2702 3724 ulterioris
2734 3683 2898 3723 morae
2942 3684 3104 3723 causa
3141 3679 3306 3730 esset,
3341 3667 3532 3738 jubere

1683 3750 1696 3763 ⁸
1959 3774 2007 3778 λ-
2063 3767 2114 3778 --ι
2181 3759 2321 3778 -..Αηε
2376 3758 2545 3778 _--2._
2609 3757 2893 3778 l'____!,l!-_-
2952 3760 3052 3778 2-,;
3102 3758 3477 3778 !__A_-,l-_-._-..
3510 3772 3527 3778 -

296 3757 375 3805 ’κη
433 3757 543 3760 ἥβη
609 3757 648 3758 η
714 3757 786 3808 κν.
1032 3757 1696 3811 *”““’““’“ῠ“““”’“.“”“’“““⁷’
1742 3757 1853 3765 ””⁷
1955 3774 2013 3813 se
2063 3767 2120 3812 υι
2175 3759 2321 3813 omni
2376 3758 2552 3826 pOSila
2608 3757 2898 3812 formidine
2952 3760 3053 3813 iter
3101 3758 3527 3828 illgl‘ederel‘ll':

236 3809 433 3848 mirum
484 3804 711 3860 tamen,
741 3812 787 3850 SI
823 3807 1114 3865 perspecta
1161 3799 1595 3853 adversartorum
1642 3799 1851 3866 fraude,
1961 3863 1973 3866 A
2278 3863 2321 3866 Α
2381 3849 2402 3866 ,.
2585 3849 2647 3866 ,.,
2735 3859 2747 3866 ,
2833 3851 2868 3866 ,.
2960 3860 2972 3866 ,
3068 3865 3075 3866 ί
3129 3852 3165 3866 ,ί
3235 3851 3266 3866 ,.

233 3886 675 3956 Constantiiqne
706 3887 963 3951 levitate,
998 3888 1220 3944 insidias
1251 3903 1472 3957 cavens,
1519 3905 1623 3946 non
1671 3892 1851 3946 conti-
1955 3863 2248 3957 3W???
2270 3849 2872 3957 Ῠθίηηξξοῐὶδιῗωυ
2919 3851 3526 3957 Ψ,νθῳθῃό¹

575 3939 1218 4008 ἷᾼᾎᾲξέξξοξίδζήψή
1256 3939 1472 3957 "in"
1519 3939 1623 3946 nm
1677 3939 1818 3946 "u"
1953 3940 2176 3996 faceret.
2217 3940 2289 3996 At
2333 3956 2456 3997 cum
2510 3942 2865 4008 Athanasius,
2922 3950 3000 3997 tot
3033 3951 3156 3997 ante
3203 3941 3362 3996 malis
3391 3939 3528 3996 allii-

238 3996 343 4036 nuo
371 3994 501 4036 sese
531 3995 646 4034 Vite
672 3991 1042 4039 commiserit.
1954 3991 2177 4045 "_‘""'1
2218 3991 2289 3996 "'
2338 3991 2468 4045 "."f.
2510 3991 2865 4045 ““’“““,”””“”’
2920 3991 2999 4045 .'"
3034 3991 3154 4045 'i'"
3204 3991 3357 3996 "m'"
3394 3991 3499 4045 "‘2'.

1953 4041 2097 4094 ctus,
2126 4032 2219 4085 vix
2251 4046 2281 4086 a
2316 4032 2548 4102 pristino
2594 4042 2740 4087 metu
2793 4033 3109 4103 respiraret,
3153 4032 3529 4101 comperendi-

1955 4129 2116 4174 natus
2141 4127 2225 4174 est
2252 4119 2423 4175 donec
2469 4120 2641 4174 altera
2676 4122 2964 4176 accederet
3010 4121 3355 4189 imperatoris
3394 4120 3530 4174 Con-

1953 4212 2140 4264 stantii
2199 4211 2474 4280 epistola,
2538 4226 2645 4281 qua
2713 4213 2887 4267 virum
2939 4212 3164 4282 jubebat
3231 4226 3529 4266 conscenso

1955 4301 2172 4371 publico
2218 4303 2470 4359 vehiculo
2505 4319 2564 4359 se
2608 4305 2921 4369 convenire,
2970 4315 3028 4358 ut
3076 4304 3271 4372 Optatis
3316 4302 3529 4356 fruere-

1957 4403 2064 4449 tur.
2094 4392 2336 4447 Tertiam
2368 4393 2494 4447 item
2525 4393 2806 4462 epistolam
2851 4392 3206 4448 Constantius
3235 4405 3328 4460 per
3360 4389 3527 4444 Achi-

305 4093 456 4147 Arum
486 4091 623 4146 549.
647 4121 720 4131 -
740 4091 793 4144 1.
821 4087 1110 4162 Gregorius
1131 4093 1194 4146 ab
1216 4093 1594 4148 Alexandrinis
1635 4094 1853 4149 obtrun-

239 4198 406 4236 catur.
454 4212 533 4224 —
586 4181 926 4237 Secundum
980 4183 1113 4249 haec,
1167 4183 1365 4254 elapsis
1419 4201 1612 4254 nempe
1666 4186 1850 4240 decem

241 4285 356 4344 post
396 4273 681 4338 Stephani
720 4273 1135 4328 abdicationem
1173 4278 1473 4340 mensibus,
1501 4276 1850 4332 Alexandrini

244 4367 465 4423 nefariis
489 4368 756 4437 Gregorii
790 4363 894 4418 τοῦ
923 4364 1358 4434 ψευδεπισκόπου
1386 4369 1681 4423 sceleribus
1705 4383 1851 4424 com-

249 4459 396 4522 moti,
432 4458 891 4526 mitioribusque
930 4465 1200 4525 postremo
1226 4457 1368 4522 datis
1407 4459 1710 4516 Constantii
1736 4462 1852 4531 jus-

1957 4494 2064 4538 tam
2095 4486 2382 4539 diaconum
2421 4484 2571 4538 misit
2619 4484 2686 4536 ad
2732 4495 2976 4537 sanctum
3032 4481 3336 4548 praesulem,
3366 4495 3528 4549 quem

247 4549 320 4603 sis
356 4551 544 4604 animo
594 4548 939 4602 audaciores
968 4547 1066 4616 (b),
1108 4557 1167 4603 ut
1204 4565 1320 4605 mos
1355 4559 1438 4605 est
1471 4551 1848 4619 multitudinis,
1883 4571 1928 4626 ι)
1959 4576 2326 4632 diummiores
2368 4575 2584 4628 ιηιιρτε
2620 4589 2803 4627 moras
2832 4587 2974 4642 “re
3019 4572 3260 4636 ferebat;
3286 4547 3527 4639 con—que-

248 4639 456 4696 afﬂictis
484 4640 662 4696 rebus
690 4638 906 4708 frangi,
935 4639 1186 4694 secundis
1214 4641 1353 4695 ultra
1405 4642 1619 4697 modum
1649 4643 1848 4708 efferri,

251 4731 442 4800 impetu
491 4732 668 4797 facto,
715 4730 1020 4785 scelestum
1057 4733 1337 4800 praesulem
1385 4735 1676 4790 trucidant.
1721 4736 1852 4800 Quae

249 4837 424 4890 causa,
473 4838 680 4894 quaeve
728 4821 882 4876 ratio
931 4823 1112 4886 etedis,
1159 4823 1400 4876 omnium
1449 4825 1653 4894 pariter
1711 4825 1848 4880 scri-

251 4923 452 4981 ptorum
521 4913 761 4970 silentio
812 4912 1103 4982 premitur.
1157 4913 1358 4968 Verum
1415 4913 1666 4980 fortasse,
1717 4915 1846 4985 quia

250 5008 532 5075 superstite
565 5003 861 5074 Gregorio
903 5001 1055 5069 plebs
1087 5003 1453 5058 Alexandrina
1503 5007 1848 5075 optatissime

247 5097 338 5151 sibi
384 5098 708 5153 Athanasio
781 5094 1070 5164 prarcisam
1130 5109 1251 5149 esse
1310 5095 1640 5164 remigrandi
1696 5110 1847 5164 spem

245 5187 590 5259 intelligeret,
643 5188 700 5241 in
772 5185 829 5238 id
887 5182 1142 5238 facinoris
1193 5184 1458 5254 prorupit.
1511 5185 1639 5253 Ejus
1697 5187 1848 5241 obitu

241 5277 462 5336 levatum
499 5277 843 5337 Athanasio
875 5273 978 5329 fuit
1020 5289 1179 5331 omne
1233 5275 1440 5332 reditus
1491 5276 1850 5347 impedimen-

237 5379 358 5424 tum.

263 5511 366 5618 3(a)
406 5511 625 5566 Athan.
686 5504 854 5559 Hist.
900 5501 1091 5558 Arion.
1144 5507 1211 5559 ad
1271 5508 1575 5574 monac/tos,
1640 5527 1691 5564 n.
1751 5508 1845 5578 21,

263 5617 363 5721 ὀδό)
405 5650 774 5721 Theodoret.
816 5642 917 5721 lib.
942 5658 1022 5721 at,
1047 5660 1164 5713 cap.
1200 5645 1279 5700 12.

283 5713 356 5785 ξεῖ
398 5722 622 5776 Alban,
672 5713 849 5779 Apol.
884 5714 952 5767 ad
982 5713 1283 5782 Constant,
1328 5735 1383 5769 n.
1414 5720 1466 5774 5.

283 5794 361 5863 (Δ)
398 5792 546 5847 Lodi
590 5785 852 5844 t'eeeltt'o.

225 5579 261 5632 2

1958 4676 2075 4721 stus
2105 4679 2164 4720 se
2190 4663 2400 4733 jamdiu
2426 4663 2575 4717 illum
2601 4672 2941 4732 exspectare,
2964 4675 3123 4732 quem
3155 4663 3341 4731 patriae
3368 4661 3531 4718 resti-

1961 4764 2112 4809 tuere
2163 4763 2474 4824 peroptaret
2527 4763 2581 4808 et
2623 4753 2872 4808 ecclesiae
2918 4767 3048 4808 sure.
3116 4751 3345 4822 Scripsit
3398 4751 3528 4807 item

1957 4844 2239 4900 Constanti
2297 4845 2481 4910 fratri,
2519 4859 2718 4914 rogans
2744 4853 2801 4898 ut
2824 4858 2946 4898 eum
2972 4844 3040 4899 ad
3074 4843 3309 4899 reditum
3337 4846 3531 4898 cohor-

1959 4945 2186 4992 taretur.
2224 4935 2295 4992 At
2333 4937 2479 4993 enim
2530 4935 2836 4991 allirmabat
2884 4949 2944 4991 se
2998 4950 3199 4990 annum
3257 4935 3529 5004 integrum

1952 5036 2324 5096 exspectasse,
2354 5043 2530 5098 neque
2573 5027 2911 5083 concessisse
2951 5041 3121 5082 novas
3161 5026 3277 5081 dari
3319 5027 3528 5090 turbas.

1957 5118 2240 5188 aliumque
2263 5119 2510 5189 Gregorii
2544 5119 2663 5174 loco
2693 5119 2856 5190 deligi
2886 5119 3223 5189 episcopum.
3260 5117 3526 5172 Nimirum

1953 5209 2008 5265 id
2035 5211 2568 5280 satagebantAriani
2604 5211 2920 5280 imperatori
2960 5210 3206 5266 suadere.
3239 5207 3310 5264 Ut
3348 5218 3527 5261 autem

1953 5314 2174 5358 omnem
2201 5302 2508 5357 formidinis
2537 5317 2758 5357 causam
2792 5301 3022 5368 levaret,
3062 5300 3289 5354 comites
3314 5311 3528 5366 quoque

1951 5409 2106 5459 suos,
2132 5394 2334 5462 quibus
2363 5394 2597 5448 maxime
2627 5392 2873 5448 habenda
2898 5392 3030 5447 lides
3057 5399 3193 5453 erat,
3231 5387 3522 5444 Polemium

2029 5509 2098 5584 (ρ)
2135 5508 2333 5584 Athan.
2392 5509 2547 5584 Apol.
2601 5509 2672 5562 ad
2732 5507 3043 5584 constant...
3088 5520 3142 5557 n.
3203 5501 3486 5584 l5:ﬂist.

1955 5571 2146 5632 Aria’n.
2195 5580 2263 5630 ad
2316 5571 2618 5640 monachos.
2673 5593 2727 5631 n.
2779 5578 2881 5638 21;
2914 5575 3062 5640 Apol.
3101 5571 3522 5631 contraAriam.

1955 5665 2012 5703 n.
2047 5647 2137 5710 54,
2171 5647 2276 5710 55;
2328 5647 2540 5702 Socrat.
2583 5647 2673 5701 lib.
2699 5662 2759 5711 tt,
2795 5659 2914 5713 cap.
2948 5641 3273 5707 2'5;Sozom.
3315 5642 3406 5697 lib.
3439 5654 3523 5705 tu,

1952 5733 2071 5787 cap.
2106 5715 2201 5785 *λος
2257 5715 2578 5773 Theodoret.
2632 5715 2722 5770 lit).
2771 5728 2830 5779 tt,
2872 5726 2987 5781 cap.
3024 5713 3105 5768 ll.
