4038 6532
544 368 675 410 cvm

1909 346 2445 404 PROLEGUMENA.

542 462 771 526 scilicet,
812 462 1121 528 Datianum,
1168 462 1516 526 Bardionem,
1573 462 1915 527 Tbalassum,
1973 461 2085 515 'l‘au
2150 462 2362 521 Asiam
2423 460 2657 527 aliquam
2728 457 3075 511 Alexandriae
3135 456 3354 510 Arianis
3420 456 3487 509 ad
3546 454 3804 510 collectas

544 569 663 608 rum
694 562 749 609 et
779 552 1139 621 Florentium,
1183 556 1487 619 Athanasii,
1514 566 1572 609 ιιι
1604 555 1833 619 videtur,
1869 570 2118 609 necessa-

544 647 656 701 rios
688 644 788 717 (α),
810 648 971 716 jussit
1005 647 1266 716 epistolas
1301 646 1367 702 ad
1403 648 1759 701 Athanasium
1784 647 2119 702 dimovendae

544 739 873 805 suspicionis
905 754 1067 793 causa
1102 740 1338 794 mittere.

615 827 669 883 4.
697 827 978 882 Athanasii
1010 828 1235 882 reditus.
1263 858 1333 869 —-
1361 827 1666 897 Imperator
1689 818 1820 897 ergo
1851 825 2120 882 Constans

543 920 753 975 iteratis
786 920 968 975 fratris
1001 922 1084 975 sui
1113 920 1307 976 litteris
1340 930 1618 991 permotus
1641 920 1735 993 (ὁ),
1762 920 2119 974 Athanasium

543 1017 742 1072 accivit
783 1016 833 1070 in
864 1017 1086 1073 Gallias.
1121 1016 1221 1083 Qui
1258 1032 1381 1071 mox
1425 1016 1691 1086 Aquileia,
1720 1016 1807 1071 ubi
1846 1026 1955 1069 tum
1996 1031 2120 1069 ver-

541 1111 785 1175 sabatur,
824 1108 1120 1179 profectus,
1149 1107 1375 1164 Romam
1420 1110 1585 1172 venit,
1617 1110 1869 1178 episcopo
1898 1106 2040 1161 Julio
2068 1115 2122 1160 et

541 1198 797 1253 Ecclesiae
812 1199 935 1253 vale
952 1200 1216 1255 dicturus.
1233 1199 1368 1253 Tum
1389 1198 1625 1254 Ecclesia
1649 1198 1885 1251 Romana
1915 1196 2118 1265 ingenti

540 1288 743 1358 gaudio
772 1288 1018 1359 perfusa,
1053 1288 1340 1359 Juliusque
1368 1289 1609 1358 pontifex
1658 1287 1902 1343 redeunti
1935 1295 2120 1353 gratu-

539 1379 704 1444 latus,
750 1379 963 1435 litteras
1006 1380 1153 1435 dedit
1183 1380 1249 1434 ad
1292 1380 1495 1434 elerum
1520 1390 1574 1435 et
1598 1382 1854 1448 populum
1886 1378 2119 1434 Alexan-

541 1471 777 1533 drinum,
806 1471 1005 1540 quibus
1044 1486 1102 1525 se
1131 1470 1525 1526 testiﬁcabatur
1564 1486 1908 1540 summepere
1947 1469 2118 1523 laetari

540 1562 607 1617 dc
647 1562 822 1616 reditu
872 1564 1006 1617 tanti
1053 1561 1349 1633 tandiuque
1398 1564 1623 1635 expetiti
1672 1562 1941 1634 praesulis,
2006 1563 2119 1616 lau-

542 1652 673 1708 dare
721 1654 984 1725 propositi
1018 1670 1207 1710 eorum
1258 1656 1746 1725 perseverantiam,
1793 1670 1954 1725 quam
1988 1670 2120 1710 con-

541 1739 704 1811 cliguo
756 1754 809 1797 et
840 1744 1186 1812 optatissime
1229 1746 1371 1801 Deus
1402 1747 1547 1801 exitu
1589 1747 1867 1802 donasset.
1910 1744 2119 1800 Laudat

2221 552 2466 619 concedi.
2498 549 2705 617 Quibus
2747 563 2954 603 morem
3003 562 3197 617 gerens
3224 546 3602 610 Constantius,
3649 557 3802 616 rogat

2222 645 2605 708 Athanasium,
2638 640 3077 712 quandoquidem
3110 641 3226 707 ipse
3254 656 3320 694 ex
3356 640 3476 709 ejus
3525 648 3655 693 voto
3694 654 3803 692 om~

2223 738 2308 790 nia
2346 743 2555 807 ageret,
2591 735 2691 789 sibi
2720 733 2883 788 etiam
2922 731 3012 786 ille
3038 731 3182 800 quod
3226 732 3276 785 in
3321 732 3523 801 optatis
3548 740 3671 785 erat
3696 746 3801 783 non

2224 830 2537 898 denegaret,
2573 836 2632 881 ut
2655 816 2867 881 scilicet
2889 824 3265 887 ecclesiarum,
3291 838 3409 893 qum
3439 823 3577 877 bene
3620 821 3803 874 multa:

2222 931 2381 977 erant
2421 920 2785 985 Alexandriae,
2819 934 2981 973 unam
3034 918 3255 972 Arianis
3292 915 3427 970 tradi
3475 916 3802 969 concederet

2222 1028 2321 1083 pro
2396 1010 2754 1067 conventibus
2818 1009 3062 1081 agendis.
3127 1009 3209 1061 Ad
3271 1012 3386 1062 haec
3444 1006 3805 1067 Athanasius,

2221 1118 2436 1173 a-qnnm
2470 1102 2687 1171 quidem
2722 1114 2846 1155 esse
2882 1100 3164 1170 respondit
3204 1099 3549 1168 imperatoris
3601 1098 3807 1165 placito

2220 1213 2282 1252 ea
2312 1198 2362 1249 in
2398 1212 2455 1251 re
2482 1196 2894 1263 obtemperare;
2925 1195 3017 1248 sed
3058 1191 3183 1262 quia
3223 1192 3373 1245 multi
3406 1191 3571 1244 etiam
3608 1190 3804 1245 Antio-

2220 1289 2358 1344 chiae
2390 1286 2653 1342 Catholici
2689 1287 2971 1356 degerent,
3024 1285 3116 1355 qui
3166 1286 3234 1337 ab
3284 1283 3612 1337 Arianorum
3654 1298 3801 1335 com-

2222 1382 2479 1436 nmnione
2526 1380 2918 1443 abhorrerent,
2962 1376 3237 1447 postulare
3287 1389 3344 1428 se
3384 1383 3571 1427 nmtuo
3611 1375 3803 1427 iisd-m

2220 1468 2286 1519 ad
2318 1466 2576 1521 collectas
2609 1465 2964 1519 celebrandas
2988 1463 3274 1518 ecclesiam
3306 1464 3553 1518 concedi.
3588 1464 3648 1515 Et
3676 1478 3807 1516 vero

2224 1572 2330 1611 non
2374 1557 2559 1624 iniqua
2599 1554 2909 1625 imperatori
2944 1554 3058 1607 visa
3087 1552 3187 1607 fuit
3212 1552 3476 1622 ejusmodi
3523 1552 3591 1606 ab
3636 1553 3806 1606 Atha-

2224 1649 2378 1702 nasio
2407 1647 2585 1702 oblata
2614 1648 2874 1702 conditio.
2900 1646 3096 1701 Verum
3124 1646 3307 1699 Ariani
3341 1658 3495 1699 secus
3522 1644 3803 1698 existima-

2223 1742 2371 1796 bant.
2407 1741 2541 1794 l‘lam
2572 1754 2695 1794 cum
2721 1740 2944 1809 grandis
2966 1738 3246 1793 Athanasii
3280 1744 3421 1791 esset
3453 1738 3804 1793 Alexandria:

540 1834 739 1888 exinde
789 1834 1069 1891 Athanasii
1127 1837 1385 1892 virtutem
1414 1878 1428 1901 ,
1479 1838 1855 1893 fortitudinem
1910 1839 2114 1901 animi,
2152 1824 2193 1877 Β
2220 1834 2545 1897 auctoritas,
2579 1848 2685 1887 non
2720 1832 2903 1902 magni
2939 1832 3200 1886 interesse
3234 1830 3497 1901 putabant
3528 1829 3809 1884 sodalibus

542 1925 858 1992 patientiam
913 1929 970 1983 in
1015 1931 1307 1988 adversis:
1350 1932 1526 1985 virum
1575 1939 1656 1987 tot
1702 1931 1961 2000 periculis
1995 1946 2114 2000 per-

542 2015 781 2070 tunctum
831 2017 942 2086 jam
999 2020 1285 2076 clariorem
1337 2021 1533 2079 reverti
1600 2038 1763 2093 quam
1816 2033 1943 2079 ante
1997 2024 2119 2078 fue-

542 2114 641 2165 rat,
691 2118 757 2160 ex
811 2109 994 2164 animo
1044 2125 1105 2166 se
1153 2113 1394 2181 gaudere
1428 2114 1847 2184 prospicientem
1906 2116 1958 2168 iu
2020 2116 2119 2169 ad-

538 2207 707 2251 ventu
756 2199 1044 2257 Athanasii
1112 2202 1352 2260 lmtitiam
1411 2206 1619 2275 populis
1675 2206 1913 2261 futuram
1964 2225 1979 2261 :
2041 2208 2121 2262 sic

539 2293 812 2355 prmtcrita
854 2294 993 2348 mala
1026 2294 1150 2349 lteto
1181 2298 1329 2351 exitu
1365 2298 1691 2352 oblitterari.
1726 2295 1864 2352 Tum
1907 2298 2121 2353 decedit

540 2378 713 2435 Ruina
759 2382 811 2437 in
844 2383 1073 2454 Gallias,
1116 2386 1528 2460 Augusmmquc
1567 2391 1825 2445 convenit
1868 2388 2120 2444 Athana-

538 2488 671 2527 Illis.

611 2564 665 2618 5.
696 2564 1067 2622 Constantium
1103 2571 1342 2624 convenit
1372 2572 1717 2627 Athanasius.
1757 2602 1826 2611 —
1856 2570 2121 2627 Haesimus

540 2670 641 2710 nos
674 2658 966 2726 aliquando
992 2662 1182 2715 incerti
1206 2662 1527 2731 Aquileiaue
1554 2664 1607 2718 in
1634 2662 1858 2731 Gallias,
1881 2665 2120 2732 acceptis

546 2747 775 2818 Augusti
831 2749 1049 2816 litteris,
1097 2751 1383 2807 confestim
1441 2763 1589 2808 recta
1650 2754 1998 2825 properarit,
2057 2770 2121 2809 ac

539 2838 737 2895 deinde
773 2855 840 2897 ex
893 2841 1085 2898 Galliis
1116 2846 1450 2899 concesserit
1478 2845 1737 2913 Romam;
1772 2861 1840 2900 an
1871 2845 2117 2916 Aquileia

541 2932 817 2999 profectus
871 2934 1099 2989 Romam
1158 2938 1405 3004 venerit,
1468 2949 1762 3007 antequam
1821 2939 1887 2994 de
1944 2938 2119 3004 Italia,

538 3025 839 3094 Augustmn
890 3026 1161 3091 aditurus,
1193 3025 1501 3083 decederet.
1556 3028 1750 3083 Verum
1798 3028 1912 3099 jam
1963 3030 2119 3085 nobis

539 3130 677 3185 pene
706 3125 941 3173 constat.
982 3119 1109 3188 quia
1144 3119 1478 3175 Athanasius
1509 3119 1860 3192 Adrianopoli
1889 3121 2118 3176 Alexan-

538 3202 715 3258 driam
761 3207 1063 3276 remigrans
1099 3209 1444 3276 pertransiit,
1493 3207 1740 3279 Aquileia
1774 3210 1996 3266 Romam
2029 3227 2118 3265 ve-

536 3294 684 3351 nisse
732 3306 1023 3366 antequam
1076 3300 1145 3354 ad
1195 3297 1546 3355 Constantem
1599 3312 1941 3371 properaret,
1993 3304 2118 3358 inde

536 3401 671 3443 vero
725 3401 822 3453 per
874 3389 1224 3445 Germaniam
1278 3393 1538 3457 secundo,
1592 3404 1648 3447 ut
1704 3404 1946 3463 putatur,
1996 3393 2116 3451 lstri

537 3476 762 3531 ﬂumine
793 3493 1042 3548 magnam
1083 3483 1295 3536 itineris
1336 3491 1545 3550 partem
1579 3484 1898 3540 confecisse.
1923 3486 2121 3541 Adria-

540 3569 776 3639 nopolim
812 3586 935 3625 cum
980 3576 1316 3641 pervenisset
1354 3574 1448 3645 (r),
1492 3577 1679 3631 decem
1712 3576 1992 3641 laicorum,
2027 3582 2114 3648 qui

536 3660 865 3715 Arianorum
897 3664 1185 3732 prwsulum
1213 3664 1369 3733 jussu
1416 3668 1541 3722 cazsi
1588 3666 1829 3735 fuerant,
1878 3671 2117 3727 tumulos

537 3753 823 3822 conspexit
876 3766 1095 3824 propter
1134 3758 1322 3811 urbem
1375 3758 1529 3817 sitos.
1585 3758 1712 3817 inde
1765 3778 1892 3817 vero
1922 3763 2118 3819 Antio-

538 3843 718 3896 chiam
774 3846 1079 3899 concedens
1122 3846 1502 3901 Constantium
1557 3851 1735 3917 adiit;
1791 3854 1883 3921 qui
1940 3856 2116 3908 virum

536 3933 952 4013 perhumaniter
975 3938 1210 4008 excepit,
1242 3939 1381 3993 comi
1421 3940 1741 4010 placidoque
1772 3945 1919 3999 vultu
1954 3946 2118 4000 intui-

539 4030 650 4083 tus.
704 4024 839 4080 Cum
899 4036 1077 4083 autem
1110 4029 1440 4087 Athanasius
1486 4034 1553 4088 de
1583 4034 1705 4092 .sibi
1758 4037 1923 4092 illatis
1962 4038 2118 4093 malis

537 4128 989 4187 conquereretur,
1025 4136 1089 4176 ac
1121 4120 1366 4177 benelicii
1400 4133 1455 4179 et
1494 4126 1683 4195 gratiae
1719 4127 1836 4183 loco
1879 4137 2113 4198 peteret,

537 4217 597 4261 ut
628 4224 696 4263 ne
720 4209 1132 4268 criminationes
1175 4214 1614 4271 adversariorum
1661 4230 1782 4288 post
1811 4216 2113 4276 discessum

537 4316 695 4355 suum
738 4302 987 4371 audiret;
1028 4307 1143 4372 sed,
1176 4306 1219 4360 si
1251 4305 1479 4376 luberet,
1508 4308 1619 4378 jam
1663 4313 1960 4368 maledicos
1986 4328 2116 4367 evo-

537 4399 709 4455 caret,
759 4401 817 4446 ut
859 4409 1045 4449 coram
1079 4398 1378 4467 objicerent
1416 4400 1646 4456 crimina
1675 4442 1690 4467 ,
1742 4402 1793 4458 id
1828 4404 2115 4476 denegavit

2219 1925 2334 1981 suis
2376 1924 2768 1980 Alexandrinis
2798 1924 2941 1994 quod
2975 1923 3271 1979 Ecclesium
3307 1922 3641 1983 obtinerent.
3679 1938 3804 1977 cum

2222 2018 2355 2071 tanti
2393 2018 2492 2070 viri
2549 2017 2771 2071 monitis
2822 2026 2988 2086 atque
3041 2015 3507 2069 adhortationibus
3558 2015 3802 2069 futurum

2221 2109 2619 2179 prospicerent,
2668 2118 2727 2161 ut
2773 2108 2966 2177 exigua
3019 2116 3106 2160 aut
3149 2106 3290 2160 nulla
3345 2105 3482 2159 foret
3533 2106 3812 2161 Arianicis

2224 2205 2384 2260 rebus
2432 2203 2696 2269 accessio,
2738 2202 2954 2256 etiamsi
2985 2201 3270 2256 ceclesiam
3317 2199 3390 2253 illi
3438 2202 3803 2270 possiderent.

2220 2296 2421 2351 Contra
2494 2299 2623 2349 ve'ro
2700 2294 3003 2348 Antiochia!
3062 2293 3445 2348 Eustathianos
3505 2292 3809 2347 cernebant

2222 2402 2417 2457 magno
2450 2400 2573 2442 esse
2600 2400 2866 2449 numero;
2898 2387 3015 2455 qui,
3055 2386 3101 2439 si
3135 2384 3363 2440 ecclesia
3408 2382 3513 2438 sibi
3544 2384 3813 2437 concede-

2221 2489 2391 2543 retur,
2422 2480 2583 2533 rebus
2627 2478 2740 2532 suis
2781 2477 3038 2545 augendis
3070 2477 3347 2531 studerent
3388 2476 3439 2529 in
3476 2476 3695 2529 Arianae
3728 2476 3811 2525 fn-

2220 2571 2421 2625 ctionis
2468 2572 2656 2640 ingens
2705 2568 3114 2623 detrimentum.
3158 2567 3292 2621 Nam
3336 2578 3445 2622 tum
3481 2568 3649 2621 etiam
3682 2583 3813 2621 cum

2220 2661 2422 2717 nullam
2449 2661 2730 2727 baberent,
2754 2661 2855 2715 sibi
2886 2670 3064 2715 tamen
3096 2658 3371 2714 formidini
3397 2669 3576 2714 erant.
3605 2659 3810 2726 Quatu-

2219 2755 2405 2807 obrem
2441 2751 2753 2821 imperatori
2798 2759 3048 2806 auctores
3092 2748 3268 2816 fuere,
3321 2760 3379 2803 ut
3419 2751 3487 2804 ab
3534 2750 3809 2819 ejusmodi

2220 2844 2504 2913 postulatis
2532 2844 2840 2897 absisteret.

2289 2938 2343 2992 'I.
2378 2934 2633 3000 Epistolw
2684 2933 2989 2989 Constantii
3029 2936 3082 2989 in
3122 2936 3351 3007 gratiam
3378 2936 3688 2991 Athanasii.
3739 2965 3815 2979 --

2218 3027 2570 3083 Constantius
2603 3037 2782 3081 autem
2814 3028 2867 3081 vi
2916 3038 2970 3081 et
3002 3028 3220 3103 ingenio
3265 3028 3502 3083 hominis
3545 3029 3812 3097 obstupe-

2220 3135 2381 3175 scens
2411 3120 2513 3191 (Δ),
2542 3119 2721 3173 missis
2748 3119 2814 3172 ad
2857 3122 3038 3174 varios
3082 3133 3179 3187 per
3207 3118 3414 3173 diversa
3448 3117 3562 3173 loca
3592 3117 3815 3186 judices

2223 3211 2456 3277 litteris,
2502 3211 2702 3281 quibus
2750 3222 2877 3266 ante
2921 3211 3163 3281 jusserat
3214 3211 3396 3266 aditus
3443 3211 3814 3266 intercludere

2222 3316 2430 3367 omnes,
2455 3310 2565 3356 tum
2584 3301 2908 3369 significavit
2932 3312 2989 3355 ut
3019 3303 3249 3358 liberum
3278 3304 3586 3373 praeberent
3616 3316 3808 3360 trans«

2222 3392 2377 3446 itum.
2415 3390 2546 3445 Data
2614 3391 2741 3446 item
2785 3392 3010 3460 epistola
3054 3394 3321 3462 episcopis
3364 3409 3428 3449 ac
3466 3397 3809 3465 presbyteris

2220 3482 2570 3547 renuntiavit,
2597 3496 2656 3538 se
2693 3483 3045 3538 Athanasium
3096 3485 3282 3552 patriae
3314 3493 3369 3539 et
3406 3484 3655 3539 ecclesia:
3691 3501 3807 3538 sum

2220 3573 2528 3635 restituere,
2574 3571 2757 3626 omnia
2807 3587 2927 3642 qua:
2980 3574 3239 3626 adversus
3282 3587 3403 3626 eum
3455 3573 3660 3640 scripta
3719 3572 3807 3625 vel

2218 3672 2369 3732 gesta
2400 3662 2617 3717 fuerant
2648 3662 2935 3732 abrogare,
2965 3663 3364 3731 deccrnereque
3391 3670 3449 3716 ut
3477 3662 3662 3717 clerici
3682 3662 3807 3731 ejus

2219 3756 2406 3809 eadem
2456 3769 2560 3823 qua
2593 3763 2720 3809 ante
2762 3756 3058 3824 gauderent
3101 3756 3440 3809 immunitate
3477 3774 3492 3811 :
3532 3756 3650 3810 dari
3684 3758 3806 3824 epi-

2219 3847 2423 3916 scopis,
2459 3846 2573 3901 dari
2612 3846 2839 3902 clericis
2886 3847 3061 3904 eidem
3102 3848 3408 3903 adherendi
3443 3849 3801 3912 facultatem;

2219 3952 2335 3989 eam
2375 3935 2491 3990 fore
2520 3936 2715 3991 exinde
2756 3946 2940 3989 notam
2975 3947 3459 4008 argumentumque
3492 3938 3627 3992 recti
3673 3954 3803 4007 pro~

2219 4027 2402 4095 positi,
2435 4027 2477 4081 si
2506 4027 2626 4096 quis
2658 4026 2937 4081 Athanasii
2976 4031 3408 4084 communionem
3454 4042 3799 4099 sequeretur.

2219 4120 2393 4174 Aliam
2451 4119 2579 4175 item
2630 4120 2787 4179 dedit.
2832 4120 2897 4173 ad
2946 4119 3366 4174 Alexandrinam
3415 4120 3663 4190 plebem;
3707 4121 3800 4175 ubi

2220 4222 2507 4281 postquam
2538 4212 2764 4266 summis
2806 4210 3165 4265 Athanasium
3204 4211 3453 4266 laudibus
3485 4212 3800 4275 exornavit,

2219 4304 2399 4373 populi
2433 4302 2604 4373 carpit
2649 4304 2887 4357 animum
2943 4303 3239 4372 inquietum
3282 4318 3345 4357 ac
3378 4304 3801 4367 tumultuosum.

2220 4396 2470 4449 hortatur
2517 4394 2583 4448 ad
2642 4407 2826 4464 pacem
2886 4402 2939 4449 et
2999 4395 3361 4460 concordiam,
3401 4405 3583 4449 monet
3630 4396 3800 4450 senu-l

539 4480 851 4551 imperator.
878 4485 948 4538 At
975 4486 1120 4540 enim
1154 4487 1415 4557 quidquid
1450 4491 1713 4548 adversus
1750 4509 1873 4548 eum
1904 4508 1970 4548 ex
2013 4512 2107 4550 ca-
2144 4502 2187 4557 Ι)
2220 4486 2521 4555 “8"”qu
2567 4494 2625 4538 υι
2675 4487 2863 4541 l“Vbiis
2920 4486 3169 4543 mOVCIIdi
3234 4487 3393 4541 ﬁnem
3445 4486 3684 4551 ἷτιεῖθηιν
3736 4503 3800 4543 Se

538 4568 754 4627 lumniis
814 4571 1197 4640 inimicorum,
1259 4575 1455 4632 litteris
1517 4587 1573 4633 et
1630 4580 1858 4648 publicis
1914 4580 2110 4636 tabulis

537 4662 849 4718 mandatum
879 4673 1053 4731 esset,
1082 4666 1271 4721 abradi
1300 4676 1356 4722 et
1374 4668 1673 4723 oblitterari
1697 4669 1881 4740 jussit,
1898 4669 2110 4738 pollici-

537 4763 625 4807 tus
656 4753 977 4824 juratusque
1009 4757 1185 4812 nullas
1217 4758 1445 4815 ulterius
1492 4761 1857 4816 admissurum
1900 4775 1959 4816 se
2004 4760 2110 4816 cri-

537 4844 881 4899 minationes.

608 4933 661 4987 6.
698 4934 1005 4990 Antiochiae
1036 4937 1161 4990 dum
1194 4936 1415 5007 degeret
1442 4936 1796 5003 Athanasius,
1820 4953 1847 4991 ρ
1894 4938 2109 4995 Leontii

537 5028 967 5094 emterorumque
996 5026 1319 5082 Arianorum
1352 5041 1620 5084 conventu
1650 5041 1705 5084 et
1730 5031 2110 5085 communione

534 5127 749 5182 semper
783 5115 1068 5181 abstinuit,
1112 5118 1205 5171 sed
1234 5121 1299 5173 ad
1332 5118 1585 5175 collectas
1628 5121 2105 5175 Eustathianorum

534 5201 792 5273 frequens
813 5207 1132 5263 ventitabat.
1160 5207 1327 5263 Erant
1361 5218 1472 5264 tum
1498 5227 1564 5266 ex
1598 5211 1837 5274 Arianis,
1862 5211 1951 5279 qui
1981 5210 2104 5264 cum

535 5296 707 5365 gratia
744 5298 1036 5366 plurimum
1074 5302 1316 5357 valerent
1364 5304 1503 5374 apud
1561 5305 1964 5371 imperatorem,
2010 5318 2107 5356 au-

534 5394 711 5441 ctores
747 5388 848 5458 ipsi
888 5399 1043 5444 erant
1091 5402 1147 5445 ut
1186 5401 1433 5448 curaret.
1452 5391 1895 5463 provideretque,
1925 5391 2102 5447 eccle—

606 5565 682 5633 (η)
721 5568 919 5623 Athan.
960 5568 1106 5622 Hist.
1143 5571 1332 5623 Arion.
1376 5570 1445 5621 ad
1479 5569 1783 5631 monachos,
1819 5583 1872 5622 n.
1904 5568 1995 5624 22.

634 5638 682 5711 li)
718 5639 919 5711 Athan.
954 5639 1105 5711 Apol.
1136 5652 1319 5711 contra
1360 5640 1572 5711 Arium,
1605 5655 1658 5691 n.
1696 5639 1784 5711 55.

632 5706 917 5788 c)Ath_a_n.
966 5706 1111 5760 Hist.
1166 5710 1371 5788 Arion;
1412 5708 1480 5760 ad
1530 5708 1829 5788 monachos,
1888 5723 1941 5761 n.
1996 5708 2102 5788 22?;

542 5771 757 5831 Socrat.
810 5777 905 5833 lib.
942 5793 1002 5844 ιι,
1044 5792 1162 5853 cap.
1198 5778 1301 5844 25;
1339 5777 1554 5834 Sozom.
1590 5777 1680 5832 lib.
1732 5792 1815 5843 ut,
1844 5793 1963 5845 cap.
1995 5771 2100 5845 20;

2211 4577 2489 4648 judicibus
2533 4578 2856 4647 praecepisse
2904 4589 2963 4634 ut
3008 4588 3274 4650 quotquot
3323 4579 3617 4633 seditiosos
3674 4594 3798 4633 esse

2217 4666 2599 4736 comperirent,
2648 4669 2823 4736 legum
2882 4669 3211 4738 subjicerent
3261 4668 3477 4722 ultioni.
3534 4666 3798 4725 Fortasse

2216 4755 2460 4826 Gregorii
2496 4772 2628 4812 nece
2661 4767 2963 4812 commotus
2996 4757 3310 4828 imperator,
3342 4759 3587 4812 animum
3622 4775 3795 4830 appu-

2218 4847 2272 4902 lit
2304 4850 2368 4902 ad
2401 4850 2572 4903 minas
2616 4850 2919 4919 hujusmodi
2966 4850 3335 4921 proferendus.
3373 4848 3547 4906 Jussit
3576 4864 3803 4922 praeter-

2215 4953 2298 5003 ea,
2335 4956 2669 5011 quaecunque
2705 4942 2922 4997 Eusebii
2970 4941 3396 4997 Nicomediensis
3439 4943 3669 4998 consilio
3697 4946 3797 4996 ad-

2214 5041 2402 5081 verSns
2434 5027 2789 5082 Athanasium
2832 5031 2886 5083 in
2927 5032 3346 5086 commentarios
3379 5044 3562 5086 essent
3598 5034 3791 5099 relata,

2212 5116 2509 5172 oblitterari
2543 5131 2597 5173 et
2636 5119 2884 5191 abrogari
2917 5139 2931 5175 :
2963 5123 3269 5193 missusque
3316 5124 3581 5179 Eusebius
3624 5128 3794 5181 decu-

2214 5209 2295 5262 rio
2328 5224 2390 5262 ea
2429 5208 2647 5264 abstulit
2677 5227 2741 5265 ex
2790 5213 3005 5268 tabulis.
3038 5214 3205 5282 Cujus
3251 5215 3325 5268 rei
3361 5231 3525 5269 causa
3574 5216 3795 5273 litteras

2213 5302 2359 5354 misit
2388 5301 2741 5358 Constantius
2769 5304 2835 5357 ad
2858 5303 3169 5360 Nestorium
3191 5304 3409 5377 .Egypti
3445 5305 3790 5375 praefectum,

2210 5394 2447 5462 itemque
2475 5394 2541 5447 ad
2572 5395 2857 5461 praefectos
2884 5396 3343 5466 Augustamniczn,
3374 5396 3675 5453 Thebaidis
3733 5410 3789 5453 et

2211 5571 2477 5645 Theodor.
2515 5573 2607 5628 lib.
2641 5592 2698 5639 ll,
2729 5592 2847 5645 cap.
2883 5577 2964 5632 12.

2281 5644 2355 5712 (d)
2396 5645 2593 5717 Athan.
2623 5646 2777 5717 Apol.
2800 5644 2996 5701 contra
3022 5646 3230 5717 Arium,
3260 5664 3312 5703 η.
3338 5646 3428 5716 34,
3459 5659 3511 5705 et
3550 5650 3689 5707 llisl.
3719 5657 3790 5709 ad

2208 5714 2509 5783 ntehac/tos,
2551 5733 2603 5772 n.
2631 5716 2723 5770 ‘23.
