4038 6534
1508 402 1688 501 VITA.
1714 404 1772 460 S.
1816 404 2211 460 ATHANASII.

3395 432 3482 472 CIX

198 516 481 587 Libyarum;
522 520 973 593 mandavitque
1009 532 1067 576 ut
1098 523 1443 579 abolerentur
1475 540 1809 593 quaecunque
1842 536 1882 589 Α
1918 528 1969 581 in
2024 527 2271 583 ecclesiis
2298 567 2315 593 ,
2375 529 2650 599 episeOpis
2709 530 2948 599 undique
3004 536 3071 587 ad
3136 535 3482 591 Athanasium

200 612 235 663 iu
267 611 522 662 damnum
584 620 651 665 et
707 615 1117 669 contumeliam
1169 615 1451 669 Atlianasii
1490 618 1708 670 decreta
1754 628 1807 671 et

199 700 470 770 conscripta
527 716 780 770 essent,
822 706 1054 776 ejusque
1097 705 1312 762 clericis
1365 709 1593 777 pristina
1646 709 1806 763 resti-

202 802 403 848 tueretur
436 794 845 853 immunitas.

250 887 291 939 8.
320 885 622 955 Facipilur
652 890 1008 945 Athanasius
1037 900 1067 945 tt
1102 891 1301 961 synod‘o
1336 891 1806 962 Jerosolymilana.

200 1006 248 1017 —-
276 976 359 1032 llis
408 980 488 1033 ita
527 985 727 1048 gestis
770 981 857 1052 (η)
889 1021 905 1046 ,
942 992 1221 1051 postquam
1276 982 1635 1037 familiaribus
1691 984 1810 1037 vale

206 1071 393 1123 dixisset
420 1071 849 1137 Athanasius,
905 1087 1027 1128 sese
1072 1072 1173 1126 via:
1221 1074 1514 1127 commisit.
1566 1075 1811 1143 Dumque

211 1160 389 1229 Syriam
418 1170 808 1229 peragraret,
845 1161 1008 1214 amici
1031 1162 1263 1214 amicum
1304 1161 1575 1224 videntes,
1603 1160 1806 1226 lauari;

208 1254 275 1307 alii
302 1270 361 1307 ex
388 1263 697 1323 gestorum
726 1255 1076 1310 consc’entia
1096 1270 1214 1308 cum
1248 1255 1454 1323 pudore
1485 1268 1808 1319 occurrere;

208 1362 309 1417 pars
357 1361 420 1401 se
461 1361 670 1400 coram
733 1347 949 1401 sistere
982 1362 1085 1401 non
1136 1346 1293 1411 ausi,
1342 1362 1464 1402 sese
1494 1347 1809 1410 occultare;

209 1441 278 1495 alii
300 1440 648 1511 pernitentia
709 1441 872 1494 ducti
931 1440 1132 1509 scripta
1180 1441 1441 1495 adverSus
1496 1441 1810 1509 episcopum

209 1549 284 1586 sua
320 1532 651 1600 repudiare.
691 1533 752 1585 In
781 1532 1136 1587 Palmstinam
1173 1542 1348 1586 autem
1377 1548 1499 1586 cum
1536 1532 1813 1601 pervenis-

210 1634 313 1691 set,
358 1640 568 1679 omnes
604 1625 766 1678 illius
807 1626 1103 1693 provincia:
1138 1625 1370 1694 episcopi
1405 1665 1419 1686 ,
1467 1624 1678 1679 duobus
1733 1624 1813 1677 vel

212 1722 365 1775 tribus
394 1718 665 1788 exceptis
696 1760 711 1784 ,
744 1718 1075 1788 Patrophilo
1106 1718 1314 1774 scilicet
1361 1727 1413 1773 et
1460 1717 1662 1772 Acacio
1692 1758 1706 1781 ,
1760 1727 1817 1771 ut

211 1813 423 1866 amicum
478 1825 816 1881 excepere;
881 1811 1185 1880 litterisque
1230 1809 1472 1865 nonnulli
1522 1808 1659 1880 apud
1692 1825 1811 1863 eum

213 1920 261 1959 se
306 1904 593 1959 factorum
637 1905 926 1974 pmniterc
962 1901 1230 1957 testificati
1270 1911 1394 1955 sunt
1423 1941 1437 1966 ,
1477 1915 1575 1954 nec
1628 1909 1815 1969 suopte

214 2008 339 2052 motu
371 2013 437 2051 ac
470 1997 723 2051 consilio
751 2038 765 2059 ,
817 1997 919 2051 sed
966 2007 1108 2050 metu
1164 2010 1227 2049 ac
1274 2004 1481 2047 terrore
1509 1991 1816 2061 compulsos

215 2073 406 2140 litteras
458 2072 747 2139 adversus
781 2098 913 2137 eum
968 2082 1201 2138 dedisse.
1241 2080 1493 2151 Synodus
1548 2088 1724 2131 autem
1764 2078 1815 2130 in

218 2177 435 2231 adventu
470 2176 634 2230 illius
667 2173 1039 2244 Jerosolymis
1060 2182 1393 2228 coavocatur
1424 2189 1438 2226 :
1478 2170 1563 2224 ubi
1589 2170 1818 2224 comiter

218 2277 460 2335 exceptus
518 2265 924 2330 Athanasius,
976 2279 1097 2318 cum
1156 2262 1353 2316 litteris
1405 2261 1469 2314 ad
1536 2261 1817 2328 episcOpos

217 2357 419 2428 Egypti
452 2357 860 2426 gralnlatoriis
878 2356 1189 2410 dimittitur.
1221 2354 1615 2422 Episcoporum
1645 2351 1820 2404 nomi-

220 2466 293 2513 na,
326 2450 417 2518 qui
456 2448 732 2520 synodali
768 2447 1024 2517 epistola:
1058 2446 1449 2514 subscripsere,
1474 2443 1587 2495 iure
1614 2455 1817 2493 memo-

219 2551 396 2591 rantur
426 2540 500 2591 ab
554 2535 886 2591 Athanasio
928 2553 942 2590 :
984 2533 1248 2588 Maximus
1284 2531 1774 2601 Jerosolymitanus
1801 2568 1814 2590 .

219 2633 389 2686 Aetius
409 2674 423 2695 ,
459 2631 639 2684 Arius
669 2669 686 2694 ,
726 2629 1054 2683 Theodorus
1074 2668 1089 2689 ,
1134 2626 1441 2682 Germanus
1461 2666 1473 2689 ,
1518 2625 1781 2696 Sylvaaus
1802 2664 1817 2689 ,

220 2726 440 2789 Paulus,
481 2722 822 2787 Patricius,
870 2721 1146 2790 Elpidius,
1179 2716 1500 2778 Germanus,
1528 2716 1818 2778 Eusebius.

219 2816 521 2882 Zenobius,
574 2814 834 2877 Paulus,
894 2812 1207 2875 Macrinus,
1276 2808 1472 2863 Petrus
1546 2817 1601 2862 et
1654 2806 1818 2861 Clau-

216 2910 344 2961 dius.

277 3001 329 3055 9.
369 3000 665 3055 Gaudium
704 2995 1199 3050 Alexandrinorum
1238 2992 1292 3045 in
1332 2992 1555 3044 adrentu
1588 2990 1823 3041 Athana-

214 3094 290 3146 sii.
317 3121 387 3131 -
416 3094 653 3159 Quanta
689 3102 864 3158 porro
905 3085 1067 3139 fuerit
1095 3092 1148 3138 et
1169 3097 1326 3152 quam
1359 3082 1526 3138 ellusa
1561 3082 1615 3134 in
1646 3080 1820 3134 reditu

1910 620 2122 675 litteras
2156 621 2521 683 mittentibus,
2552 624 2619 676 ah
2653 636 2829 691 eoque
2863 624 3266 694 recipientibus.
3303 645 3322 678 ι

1980 710 2070 766 i0.
2112 711 2393 765 Athanasii
2429 712 2814 767 Alexandriam
2848 715 3145 783 ingressum
3205 718 3487 787 magnifice

1911 818 2010 858 suo
2043 820 2193 859 more
2223 803 2484 859 describit
2539 804 2839 874 Gregorius
2868 804 3255 862 Nazianzenus.
3292 826 3310 860 ι
3348 809 3486 864 Tum

1913 896 2073 951 nobis
2098 937 2113 961 ,
2151 897 2365 966 inquit,
2403 899 2489 951 ille
2521 898 2724 952 athleta
2776 913 2840 952 ex
2872 899 3130 969 praeclara
3176 903 3489 969 peregrina-

1914 988 2083 1053 tione,
2117 988 2196 1041 sic
2222 990 2364 1041 enim
2402 988 2517 1055 ejus
2558 1003 2654 1056 pro
2690 987 2959 1043 'l‘riuitate
2991 998 3043 1044 et
3071 1003 3191 1043 cum
3229 989 3489 1046 Triuitate

1913 1086 2221 1145 susceptam
2262 1078 2441 1147 fugam
2475 1079 2702 1148 appello,
2733 1079 2997 1145 remigrat
3017 1080 3069 1133 in
3108 1081 3295 1135 urbem
3329 1096 3343 1145 ;
3404 1090 3488 1133 at-

1913 1183 2019 1237 que
2048 1183 2112 1223 eo
2156 1169 2315 1221 modo
2360 1169 2497 1222 laetis
2523 1168 2734 1223 civibus
2780 1170 3025 1235 accedit,
3068 1171 3174 1225 imo
3199 1185 3328 1226 vero
3378 1180 3489 1225 tota

1917 1269 2084 1323 prope
2127 1253 2364 1325 Egypto
2409 1258 2765 1327 undequaque
2805 1260 2856 1312 in
2896 1274 3063 1313 unum
3113 1270 3487 1319 concurrente.

1918 1348 1974 1403 lu
2002 1350 2223 1405 tumulis
2256 1353 2565 1421 quibusque
2609 1354 2762 1406 turba
2810 1356 3145 1423 consistere,
3180 1366 3239 1411 ut
3285 1357 3375 1412 alii
3408 1358 3491 1412 vel

1917 1442 2030 1497 sola
2063 1441 2345 1497 Athanasii
2375 1458 2529 1506 voce,
2572 1443 2660 1496 alii
2693 1445 2862 1498 forma
2896 1456 2950 1499 et
2982 1457 3199 1517 aspectu
3239 1445 3491 1503 frueren-

1919 1541 2036 1595 tur;
2068 1531 2181 1596 alii,
2217 1532 2361 1602 quod
2394 1533 2462 1585 de
2493 1533 2752 1600 apostolis
2776 1537 3117 1604 accepimus,
3146 1536 3229 1590 vel
3257 1552 3323 1590 ex
3370 1553 3493 1591 um-

1917 1623 2013 1677 bra
2046 1623 2264 1690 saltem,
2294 1640 2471 1682 vacuo
2504 1626 2747 1694 corporis
2784 1627 3098 1691 simulacro,
3149 1629 3495 1683 sanctitatem

1917 1719 2311 1772 contraherent
2343 1738 2357 1771 :
2391 1719 2464 1773 ita
2493 1726 2549 1772 ut
2580 1734 2701 1774 cum
2724 1719 2875 1773 multi
2909 1735 3276 1787 saepenumero
3293 1722 3501 1778 honore

1919 1821 2261 1875 occursuque
2296 1809 2618 1877 p0pulorum
2668 1810 2847 1863 ornati
2900 1809 3143 1877 fuerint,
3191 1826 3291 1866 nec
3340 1814 3499 1868 modo

1922 1897 2159 1967 praefecti
2197 1909 2251 1954 et
2292 1901 2555 1969 episcopi,
2591 1916 2781 1956 verum
2807 1903 2973 1957 etiam
3004 1903 3108 1956 viri
3148 1904 3348 1972 quique
3378 1920 3497 1957 am-

1920 1989 2145 2057 plissimi
2199 1991 2251 2044 in
2306 1990 2562 2045 familiam
2594 2006 2749 2045 suam
2802 1993 3042 2059 reversi;
3098 1993 3274 2048 nullus
3318 2004 3523 2065 tamen‘

1917 2096 2180 2137 occursus
2212 2082 2540 2153 frequentia,
2573 2085 2753 2139 nullus
2778 2086 3063 2155 Splendore
3087 2086 3261 2154 major
3296 2100 3499 2142 memo-

1919 2181 2091 2227 retur.
2126 2173 2283 2228 Unus
2332 2175 2596 2229 duntaxat
2626 2175 2956 2231 Athanasius
3002 2176 3302 2231 Athanasio
3345 2194 3498 2231 com-

1918 2266 2215 2335 parandus,
2251 2281 2391 2321 unus
2418 2268 2697 2337 ingressus
2722 2268 2985 2337 lngressui
3017 2287 3029 2321 :
3057 2283 3177 2322 cum
3206 2269 3413 2323 scilicet
3430 2282 3498 2325 ex

1918 2359 2099 2427 priore
2128 2355 2278 2428 fuga,
2318 2359 2481 2413 simili
2527 2360 2591 2413 de
2620 2374 2782 2414 causa
2824 2370 3099 2430 suscepta,
3127 2376 3340 2415 summo
3374 2378 3495 2415 cum

1922 2450 2124 2504 honore
2182 2451 2234 2503 in
2293 2450 2483 2503 urbem
2534 2451 2737 2504 rediret
2785 2465 2962 2505 suam.
3017 2472 3034 2503 ι
3074 2452 3140 2505 Et
3192 2453 3380 2520 paucis
3434 2454 3500 2507 de

1923 2540 2197 2610 Philagrio
2225 2539 2545 2606 interiectis.
2596 2557 2615 2591 ι
2670 2538 2804 2594 Tum
2839 2555 2869 2595 e
2904 2543 3063 2610 vulgo
3088 2542 3379 2612 quispiam,
3413 2546 3497 2598 cui

1923 2632 2131 2686 infinita
2166 2647 2286 2687 esse
2318 2640 2462 2686 tanta
2493 2631 2779 2687 multitudo
2813 2634 3115 2697 videbatur,
3148 2649 3245 2689 ceu
3283 2635 3502 2704 pelagus

1922 2723 2189 2790 quoddam
2236 2724 2392 2791 cujus
2426 2738 2530 2777 non
2569 2735 2714 2779 esset
2766 2725 2927 2779 fittem
2979 2728 3152 2781 oculis
3207 2728 3501 2795 attingere,

1924 2815 2269 2881 familiarem,
2304 2824 2363 2868 ut
2398 2816 2534 2869 solet
2570 2817 2620 2869 in
2657 2816 2919 2885 ejusmodi
2956 2818 3137 2881 rebus,
3164 2817 3234 2871 ita
3274 2820 3504 2886 compel-

1924 2906 2068 2959 lasse
2099 2904 2271 2959 fertur
2306 2928 2317 2960 :
2352 2923 2370 2956 ι
2421 2905 2516 2960 Dic
2542 2908 2697 2973 mihi,
2719 2908 2801 2960 vir
2835 2908 3057 2977 optime,
3094 2916 3370 2962 tantamne
3403 2926 3503 2963 ttu-

1929 3014 1948 3047 t
1997 3012 2158 3065 quam
2189 2996 2584 3050 multitudinem
2627 2998 2830 3061 vidisti,
2880 3010 3097 3068 tamque
3145 3003 3504 3057 concordibus

1929 3108 1948 3142 ι
1995 3090 2188 3143 animis
2218 3091 2281 3143 ad
2310 3105 2471 3143 unum
2487 3089 2787 3143 ornandum
2812 3090 3078 3144 hominem
3096 3091 3322 3146 effusam
3351 3094 3374 3146 ?
3407 3094 3503 3146 Mi-

216 3186 491 3241 Athanasii
578 3182 1102 3239 Alexandrinorum
1158 3193 1221 3232 ac
1289 3179 1664 3246 episcoporum
1729 3189 1825 3242 ρετ
1853 3201 1897 3263 c
1937 3201 1956 3235 t
1991 3183 2159 3245 nime,
2186 3181 2263 3235 ait
2289 3181 2396 3246 ille,
2429 3195 2497 3235 ne
2532 3182 2907 3236 Constantium
2940 3182 3155 3250 quidem
3190 3184 3361 3251 ipsum
3386 3186 3500 3254 pari

212 3277 505 3349 Egyptum
543 3285 607 3329 et
643 3272 1002 3327 Thebaidem
1058 3267 1241 3323 laatitia
1288 3267 1384 3339 (ὁ),
1420 3267 1549 3319 libet
1597 3281 1661 3320 ex
1706 3264 1825 3331 ipso

211 3370 517 3425 Athanasio
550 3366 822 3422 ediscere
858 3381 871 3416 :
911 3376 1244 3432 quanquam,
1274 3369 1333 3413 ut
1361 3368 1446 3413 est
1482 3358 1570 3412 ille
1620 3367 1827 3424 tempe-

212 3478 336 3516 rans
362 3472 419 3516 et
445 3478 476 3512 a
513 3460 693 3514 laude
726 3453 958 3525 propria
991 3452 1215 3516 alienus,
1266 3465 1371 3505 non
1411 3450 1516 3515 sui,
1547 3450 1640 3504 sed
1681 3447 1828 3518 pacis

214 3554 528 3608 conciliata!
565 3563 772 3606 causa.
819 3543 1024 3615 gaudio
1071 3542 1319 3612 perfusos
1349 3551 1590 3597 enarret.
1620 3558 1639 3592 ι
1674 3540 1826 3607 Quod

1933 3292 1952 3325 ι
1991 3272 2399 3328 honorificentia
2430 3281 2710 3341 exceptum
2732 3272 2793 3326 iri
2816 3272 3271 3342 arbitror,iquasi
3295 3274 3509 3329 scilicet

1931 3367 2312 3435 imperatorem
2346 3364 2697 3418 memorando
2738 3364 2958 3418 honoris
2986 3363 3260 3417 cumulum
3298 3365 3504 3419 indica-

1930 3468 2033 3512 ret.
2066 3455 2201 3510 Tum
2235 3456 2321 3510 ille
2344 3470 2604 3524 perquam
2637 3455 2878 3509 suaviter
2900 3450 3352 3522 arridens,tQuid
3387 3457 3517 3510 ais?

1936 3567 1953 3600 t
1998 3548 2205 3618 inquit;
2240 3549 2347 3601 imo
2370 3547 2543 3617 ipsum
2564 3544 3148 3615 quoqueAtbanaslum
3174 3547 3286 3612 pari
3305 3547 3510 3602 honore

211 3655 438 3714 spectat,
480 3640 704 3711 inquit.
777 3635 1008 3705 Egypti
1049 3643 1101 3687 et
1150 3633 1442 3704 Libyarum
1501 3632 1784 3701 episcopos
1812 3670 1827 3693 ,

211 3756 419 3793 necnon
445 3732 791 3792 earumdem
845 3728 1130 3797 regionum
1179 3725 1629 3791 Alexandrireque
1657 3737 1829 3792 popa-

211 3831 309 3895 los,
328 3843 607 3883 enarrare
643 3825 794 3877 forte
823 3833 1294 3889 supervacaneum
1332 3818 1512 3871 fuerit.
1533 3816 1831 3869 Accurrere

212 3925 354 3976 enim
400 3933 615 3976 omnes
676 3912 899 3985 ingenti
958 3910 1153 3981 gaudio
1209 3908 1460 3979 perfusi,
1513 3918 1616 3964 non
1658 3907 1830 3963 solum

216 4015 355 4082 quod
389 4020 607 4083 prteter
638 4023 797 4077 spem
842 4012 977 4060 suos
1029 4002 1338 4072 reciperent
1384 4001 1708 4064 incolumes,
1739 4000 1832 4053 sed

218 4108 379 4159 etiam
403 4108 555 4173 quod
582 4103 656 4155 ab
697 4096 988 4153 haereticis
1014 4096 1373 4171 eriperentur,
1404 4108 1499 4147 ceu
1532 4106 1561 4145 a
1588 4091 1832 4163 tyrannis

222 4196 540 4264 rahidisque
573 4189 839 4245 canibus.
887 4184 1124 4239 Grandis
1156 4183 1339 4252 itaque
1379 4181 1479 4236 fuit
1514 4181 1697 4235 laetitia
1742 4196 1835 4251 po-

224 4286 475 4352 pulorum
529 4297 596 4336 se
657 4290 860 4333 mutuo
914 4276 966 4329 in
1005 4275 1299 4345 synaxibus
1330 4273 1396 4327 ad
1429 4271 1686 4326 virtutem
1739 4287 1833 4326 co-

1939 3660 1957 3693 ι
2003 3650 2284 3708 exceptum
2340 3639 2429 3692 vix
2457 3635 2803 3705 crediderim,
2844 3638 3024 3705 iquod
3055 3636 3521 3705 patrioillejura-A

1936 3742 2117 3786 mento
2174 3728 2480 3784 affirmavit.
2529 3728 2607 3782 Eo
2644 3739 2822 3782 autem
2867 3728 2954 3781 hic
2988 3742 3167 3781 sermo
3208 3727 3508 3796 spectabat,

1934 3822 2391 3892 quemadmodum
2429 3820 2625 3886 cuique
2652 3828 2992 3887 perspectum
3035 3818 3294 3883 arbitror,
3324 3829 3382 3872 ut
3410 3820 3513 3888 ipsi

1935 3916 2245 3983 imperatori
2279 3912 2635 3965 Athanasium
2675 3909 2992 3964 anteferret.
3030 3908 3200 3963 Tanta
3229 3911 3367 3979 apud
3397 3926 3512 3964 om-

1936 4022 2031 4060 nes
2083 4013 2202 4059 erat
2243 4003 2345 4057 viri
2401 4003 2715 4056 veneratio!
2770 4011 2918 4055 tanto
2968 4011 3189 4068 stupore
3234 4000 3510 4071 ingressus

1935 4098 2052 4166 eius
2084 4094 2343 4149 memoria
2377 4092 2626 4148 homines
2654 4092 2950 4145 etiamnum
3001 4090 3160 4144 afﬁcit
3191 4089 3204 4142 l
3243 4089 3375 4143 Nam
3414 4104 3511 4159 per

1936 4204 2123 4253 sexus,
2154 4195 2341 4240 artates
2376 4197 2538 4253 atque
2568 4192 2715 4238 artes
2751 4182 2947 4253 singuli
2984 4181 3175 4245 divisi,
3221 4197 3328 4251 quo
3356 4192 3514 4251 pacto

1938 4284 2077 4339 solet
2103 4283 2298 4336 civitas
2321 4282 2407 4336 illa
2438 4282 2654 4344 instrui,
2693 4294 2813 4333 cum
2848 4277 3063 4347 publica
3101 4277 3336 4347 aliquem
3361 4276 3515 4329 exci-

226 4373 591 4429 hortantium.
624 4370 777 4437 Quot
824 4368 1092 4434 innuptaa,
1141 4363 1381 4418 nubendi
1426 4372 1553 4418 ante
1598 4363 1832 4433 cupidze,

230 4468 463 4534 virgines
492 4465 733 4519 Christo
762 4458 1004 4514 addicta:
1029 4465 1451 4524 permanserunt
1484 4456 1497 4510 ἰ
1545 4454 1688 4522 Quot
1708 4454 1836 4508 ado-

1936 4378 2015 4448 pit
2067 4377 2269 4431 honore
2323 4377 2515 4445 (ecqua
2561 4373 2706 4425 enim
2757 4370 2859 4423 alia
2926 4370 3133 4422 ratione
3168 4368 3367 4437 possim
3401 4384 3517 4422 tua-

1937 4469 2190 4537 gnilicum
2210 4466 2311 4519 hoc
2341 4461 2701 4531 spectaculum
2728 4458 3004 4513 declarare
3018 4458 3086 4525 ?),
3108 4458 3299 4511 ﬂuvius
3329 4471 3519 4510 omnes

232 4553 516 4618 lesceutes,
554 4555 803 4609 aliorum
839 4546 1091 4616 exemplo
1113 4548 1569 4609 concitati.vitam
1602 4547 1825 4617 amplexi

1945 4575 2085 4614 unus
2110 4564 2286 4613 erant.
2310 4555 2484 4607 Nilum
2514 4554 2675 4605 etiam
2708 4550 2884 4617 quivis
2909 4558 3063 4616 poeta
3103 4547 3321 4609 dixerit,
3344 4545 3515 4609 illum,

234 4659 358 4702 sunt
382 4649 759 4702 monasticam
790 4645 806 4697 ε
841 4646 987 4708 Quot
1014 4653 1263 4709 parentes
1300 4640 1424 4694 filiis
1455 4641 1567 4697 suis
1592 4652 1840 4696 auctores

236 4747 389 4793 erant
442 4737 713 4793 arctioris
759 4732 1021 4788 iucundas
1062 4732 1223 4787 vitte!
1274 4732 1415 4799 Quot
1448 4731 1540 4786 lilii
1589 4743 1841 4803 parentes

239 4831 619 4896 obsecrabant,
671 4838 733 4882 ut
764 4842 837 4880 ne
866 4840 1022 4880 suam
1056 4841 1152 4895 pro
1179 4824 1384 4879 Christi
1418 4839 1603 4879 amore
1633 4826 1843 4880 exercic

243 4923 493 4978 tationem
550 4915 1043 4989 interpellarent!
1079 4917 1217 4981 Quot
1257 4929 1457 4969 uxores
1495 4915 1630 4969 viris
1658 4956 1674 4979 ,
1711 4922 1843 4984 quot

244 5022 341 5075 viri
371 5021 635 5077 uxoribus
661 5022 1006 5077 suasere,ut
1037 5014 1329 5067 secundum
1368 5012 1608 5081 Apostoli
1632 5013 1844 5082 jussum

243 5116 462 5168 orationi
503 5106 960 5169 incumberent!
1004 5104 1145 5170 Quot
1176 5106 1372 5167 viduae,
1414 5114 1546 5173 quot
1590 5103 1843 5173 orphani,

242 5205 375 5260 fame
405 5207 558 5276 prius
590 5218 660 5257 ac
699 5198 967 5254 nuditate
1008 5194 1225 5261 amicti,
1251 5211 1319 5250 ex
1365 5196 1574 5249 ardenti
1616 5195 1839 5265 populo-

242 5312 349 5350 rum
377 5298 603 5361 affectu,

668 5293 955 5347 alimento
998 5298 1051 5342 et
1079 5290 1276 5341 vestitu
1326 5286 1543 5341 abunde
1573 5297 1701 5341 sunt
1759 5287 1845 5339 in-
1884 5354 1887 5355 ν

1940 4650 2187 4717 inquam,
2227 4656 2355 4697 Vere
2384 4638 2670 4693 auriﬂuum
2700 4647 2755 4690 et
2794 4638 2959 4705 spicis
3006 4636 3251 4697 uberem,
3286 4635 3352 4687 ab
3385 4634 3518 4687 urbe

1945 4744 2010 4795 ad
2044 4740 2253 4793 Chcreu
2292 4742 2570 4788 rctt'oaeto
2614 4743 2774 4783 cursu
2820 4724 3096 4792 fluentem,
3149 4728 3362 4792 diurno,
3409 4726 3520 4781 into

1948 4831 2193 4900 longiore
2233 4827 2449 4881 itinere.
2489 4823 2677 4878 Liceat
2725 4822 2853 4875 mihi
2894 4837 2991 4890 per
3012 4835 3132 4884 vos,
3158 4830 3362 4891 quaeso,
3397 4837 3523 4889 pau-

1950 4927 2057 4978 lum
2094 4920 2270 4975 adhuc
2305 4920 2356 4973 in
2398 4920 2498 4972 hac
2533 4914 3159 4981 narrationeluxuriari;
3191 4928 3255 4968 eo
3290 4926 3522 4982 namque

1951 5014 2122 5067 fertur
2153 5011 2385 5077 auiums,
2425 5022 2523 5064 nec
2570 5022 2875 5063 sermonem
2907 5008 2974 5061 ab
3007 5022 3067 5060 ea
3096 5006 3412 5060 celebritate
3438 5020 3525 5059 re-

1949 5118 2149 5159 vocare
2180 5101 2339 5155 facile
2371 5084 2609 5170 possunt.
2642 5098 2824 5154 Pullus
2856 5100 3083 5153 vehebat
3112 5097 3292 5169 (absit,
3314 5112 3518 5166 quzeso,

1950 5198 2179 5252 insania:
2229 5194 2510 5264 suspicio),
2536 5194 2677 5248 haud
2704 5209 2862 5249 secus
2898 5193 3008 5247 fere
3047 5208 3108 5247 ac
3132 5190 3314 5245 Jesum
3348 5204 3522 5242 meum

1950 5289 2127 5359 pullus
2179 5287 2269 5341 ille
2297 5287 2538 5340 famosus
2565 5326 2578 5349 ,
2630 5284 2745 5340 sive
2794 5285 3009 5355 gentilis
3041 5283 3305 5353 populus,
3364 5296 3522 5347 quem

1951 5394 2251 5434 conscensu
2297 5375 2573 5440 benefico,
2616 5375 2937 5441 ignorantia).
2985 5373 3215 5425 vinculis
3268 5368 3520 5430 absolvit,

1953 5471 2067 5525 sive
2093 5469 2222 5536 quid
2242 5468 2402 5521 'aliud
2456 5468 2604 5521 hisce
2634 5467 2813 5519 verbis
2850 5465 3180 5531 designetur.
3218 5458 3330 5512 Hoc
3355 5474 3519 5511 unum

1953 5560 2201 5615 interfuit
2227 5560 2585 5622 discriminis,
2633 5558 2775 5627 quod
2815 5556 3085 5611 Christum
3124 5551 3256 5605 rami
3298 5565 3526 5618 excepe-

1958 5659 2112 5715 runt,
2138 5659 2192 5704 et
2223 5652 2373 5704 varia
2418 5651 2755 5714 indumenta,
2809 5643 3090 5715 multiplici
3121 5641 3307 5697 (lorum
3333 5655 3538 5713 genere

233 5395 419 5447 structi
451 5392 466 5447 Σ
502 5390 695 5446 Tanta
739 5386 971 5439 demum
1003 5392 1125 5434 erat
1153 5380 1219 5433 de
1268 5380 1470 5434 virtute
1526 5379 1806 5434 contentio
1831 5416 1848 5443 ,

231 5491 289 5534 ut
337 5482 587 5551 singulas
639 5471 930 5535 familias,
975 5470 1212 5534 singulas
1266 5470 1486 5533 domos,
1542 5482 1607 5521 ex
1665 5468 1850 5537 prohi-

229 5583 333 5630 tate
383 5569 850 5630 inhabitantium
917 5571 973 5615 et
1022 5562 1277 5629 precandi
1316 5561 1576 5626 fervore,
1635 5569 1714 5615 tot
1764 5576 1854 5613 ec-

221 5664 419 5722 clesias
482 5664 935 5721 existimasses.
988 5653 1169 5706 Altam
1229 5666 1416 5723 pacem
1488 5653 1675 5706 videre
1738 5660 1856 5705 erat

287 5781 365 5845 (η)
392 5780 611 5834 Athan.
651 5768 833 5893 Αρῖι.
865 5771 1053 5820 contra
1086 5764 1295 5831 Atiam,
1321 5780 1378 5819 η.
1411 5762 1575 5829 57,ct
1599 5761 1833 5817 Historia
1855 5765 1925 5818 ad
1952 5765 2253 5831 Monac/tos,
2293 5781 2344 5819 n.
2378 5762 2471 5817 ‘25.

287 5852 359 5893 {In
402 5850 611 5893 Athan-
645 5845 753 5893 ibit
785 5877 802 5893 .

285 5852 359 5921 (ὁ)
396 5850 611 5905 Athan.
645 5845 802 5898 ibid.
