4038 6540
570 412 638 451 cx
1945 368 2481 434 PROLEGOMENA.

568 518 884 575 constrata;
909 506 1165 564 excelsus
1199 512 1380 559 autem
1400 510 1455 556 et
1494 498 1818 570 magniﬁcus
1845 496 1928 549 vir
1974 492 2142 549 Atha-
2168 494 2217 551 A
2246 486 2659 548 lentissimum.
2709 496 2816 575 noti
2869 479 3035 552 probe
3083 487 3238 535 norat
3273 479 3590 551 Gregorius,
3615 480 3708 552 qui
3742 488 3821 539 tot

571 604 759 659 nasius
811 602 862 655 id
904 598 1127 654 honoris
1179 595 1405 650 minime
1452 600 1775 647 consecutus
1805 595 1906 650 est,
1937 585 2140 640 Christi

574 693 787 748 scilicet
812 687 1065 745 adventui
1102 686 1297 753 impar.
1331 681 1439 735 [lac
1475 691 1691 748 quoque
1719 677 1770 730 in
1802 689 1863 729 re
1883 673 2144 728 adventus

568 780 772 837 Christi
826 791 1137 846 expressam
1184 773 1469 842 imaginem
1519 781 1745 824 cernere
1784 765 1955 827 licet,
2000 761 2142 831 quod

567 883 724 928 erant
774 872 939 926 etiam
989 868 1079 938 qui
1139 864 1428 937 prteeuudo
1456 861 1797 923 clamarent,
1829 871 1893 912 ac
1917 854 2142 911 chorum

567 973 833 1029 agerent:
872 962 976 1017 nisi
1008 959 1154 1029 quod
1199 972 1304 1010 non
1358 953 1580 1026 puerilis
1615 951 1787 1006 solum
1821 948 1974 1003 turba
2022 944 2141 999 fau-

570 1057 671 1111 stis
693 1057 863 1107 virum
894 1049 1377 1106 acclamationibus
1403 1045 1680 1114 exciperet
1703 1081 1718 1104 ,
1744 1055 1929 1094 verum
1979 1037 2139 1092 etiam

566 1146 746 1201 omnis
776 1144 954 1213 lingua
996 1156 1225 1195 concors
1258 1149 1311 1193 et
1347 1136 1654 1192 adversaria
1710 1132 1985 1187 hominum
2025 1143 2145 1182 sese

568 1245 755 1289 mutuo
805 1247 1059 1302 superare
1085 1228 1545 1284 contendentium.
1573 1223 1707 1278 Nam
1740 1220 1865 1291 quid
1893 1220 2141 1288 publicos

568 1326 791 1396 plausus
824 1336 1265 1385 commemorem,
1319 1328 1371 1372 et
1421 1323 1724 1370 aromatum
1758 1311 2098 1381 prolusiones
2124 1349 2139 1373 ,

568 1411 847 1483 pervigilia
879 1420 934 1465 et
962 1419 1126 1464 totam
1157 1409 1348 1462 urbem
1386 1406 1589 1459 lumine
1614 1412 2015 1466 coruscantem,
2040 1415 2145 1454 ca:-

570 1515 792 1572 teraque
819 1503 1001 1556 omnia
1050 1500 1250 1554 laetitia)
1294 1505 1610 1565 argumenta
1641 1536 1655 1557 ,
1695 1507 1815 1560 qua:
1847 1490 2144 1545 Athanasio

530 1578 533 1581 δ
567 1593 899 1664 amplissime
928 1634 943 1658 ,
1001 1591 1111 1645 imo
1141 1603 1300 1657 supra
1353 1588 1509 1642 ﬁdem
1559 1581 2017 1640 conferebantur?
2053 1580 2145 1635 Sic

565 1691 650 1743 vir
680 1688 934 1751 eximius,
975 1699 1038 1738 ac
1065 1699 1185 1737 cum
1220 1681 1310 1737 tali
1338 1695 1535 1752 pompa
1569 1688 1623 1735 et
1662 1676 1977 1732 celebritate
2006 1673 2141 1727 civi-

569 1788 732 1833 tatem
769 1793 919 1831 suam
957 1776 1277 1846 ingreditur.
1326 1792 1345 1826 ι

2245 577 2499 635 laudibus
2529 573 2833 631 exornavit.

2313 669 2576 726 12.Mors
2647 665 2941 721 Pttcltontii.
2984 662 3120 733 Ejus
3161 664 3415 718 sententia
3470 664 3535 717 de
3592 664 3823 717 Athana-

2242 763 2342 816 sio,
2368 791 2439 802 —
2467 758 2585 825 Quo
2619 766 2859 826 tempore
2904 753 3228 808 Athanasius
3266 769 3293 808 a
3336 753 3595 807 comitatu
3628 754 3683 808 in
3721 754 3824 807 Ec-

2246 851 2470 907 clesiam
2508 862 2665 903 suam
2719 844 3108 909 revertebatur,
3160 843 3413 898 monachi
3456 843 3677 912 quidam
3724 841 3824 896 Pa-

2244 943 2471 1007 cltomii,
2506 956 2573 996 ex
2607 954 2835 1008 quorum
2866 952 3091 993 numero
3120 938 3288 992 abhas
3324 935 3618 991 lacchzrus
3664 944 3781 999 erat
3804 978 3820 1002 ,

2244 1034 2542 1089 Antonium
2581 1046 2833 1098 magnum
2873 1030 2926 1084 in
2957 1030 3210 1084 exteriori
3242 1039 3421 1084 monte
3452 1038 3562 1083 tttm
3599 1041 3825 1081 versan-

2247 1135 2353 1180 tem
2379 1126 2666 1185 adeuntes,
2689 1122 3070 1175 renuntiarunt
3101 1120 3301 1174 obiisse
3337 1119 3687 1174 Pachomium
3710 1117 3822 1188 (a);

2244 1231 2383 1287 quos
2414 1215 2505 1270 ille
2547 1213 2733 1268 multis
2760 1212 3068 1267 consolatus
3116 1211 3520 1276 sciscitabatur,
3544 1212 3669 1280 quis
3709 1209 3824 1279 jam

2244 1309 2364 1377 ejus
2391 1311 2538 1362 vices
2587 1305 2859 1377 impleret.
2898 1304 3351 1374 Responderunt,
3380 1302 3644 1359 Orsisium
3678 1316 3822 1357 esse.

2246 1398 2452 1464 Quibus
2487 1397 2575 1451 ille
2610 1416 2624 1451 :
2658 1414 2677 1447 ι
2716 1394 2792 1451 Ne
2816 1393 3105 1460 Orsisium,
3139 1395 3347 1464 inquit,
3377 1395 3468 1448 sed
3522 1392 3825 1448 lsraelitam

2247 1489 2589 1557 nuncupatis.
2629 1487 2686 1543 Si
2720 1502 2850 1541 vero
2879 1487 2945 1540 ad
2984 1487 3296 1556 episcopum
3324 1484 3705 1550 Athanasium,
3749 1484 3827 1539 vi-

2248 1594 2364 1633 rutn
2391 1594 2456 1634 eo
2481 1579 2648 1648 gradu
2669 1576 3070 1647 dignissimum,
3094 1576 3247 1629 vobis
3274 1584 3356 1629 est
3381 1574 3505 1641 iter,
3537 1573 3618 1628 sic
3646 1574 3824 1642 ipsum

2248 1684 2367 1723 meo
2403 1671 2619 1724 nomine
2640 1667 2988 1737 compellato:
3014 1684 3033 1718 ι
3069 1665 3190 1721 llaac
3216 1665 3313 1721 tibi
3343 1667 3690 1720 commendat
3716 1667 3828 1721 An-

2251 1760 2454 1815 tonius:
2489 1760 2685 1815 Curam
2715 1759 2853 1814 habe
2879 1758 3106 1813 ﬁliorum
3144 1758 3418 1815 lsraelitas.
3444 1776 3463 1809 ι
3512 1758 3630 1825 Quo
3657 1760 3826 1826 dicto,

638 1865 727 1920 il.
764 1864 879 1918 Etsi
925 1840 1086 1931 porro
1116 1860 1411 1930 Gregorius
1454 1858 1829 1913 Nazianzenus
1858 1857 2141 1912 Athanasii
2178 1840 2219 1894 Β
2248 1852 2412 1906 fausta
2444 1852 2549 1906 illis
2602 1860 2850 1922 precatus
2874 1891 2889 1918 ,
2940 1865 3045 1904 non
3087 1850 3205 1904 sine
3250 1848 3712 1905 commendatitiis
3758 1851 3823 1904 ad

567 1957 794 2010 reditum
815 1998 830 2022 ,
862 1956 951 2023 qui
980 1969 1121 2008 anno
1160 1952 1285 2016 562,
1317 1960 1440 2022 post
1473 1951 1691 2021 Georgii
1742 1965 1928 2006 necem
1966 1951 2142 2005 conti-

566 2048 665 2116 git,
696 2062 921 2101 narrare
946 2061 1004 2100 se
1032 2045 1373 2114 proﬁteatur,
1404 2042 1771 2097 certissimum
1803 2050 2004 2108 tamen,
2046 2056 2142 2095 ex-

565 2150 670 2204 que
701 2136 867 2203 ipsius
896 2135 1076 2189 verbis
1099 2134 1439 2202 exploratum
1469 2133 1705 2196 videtur,
1743 2131 2019 2201 complura
2052 2132 2141 2187 hic

565 2226 828 2280 recensita
873 2225 941 2279 ad
991 2224 1221 2278 reditum
1264 2232 1321 2277 et
1351 2222 1653 2292 ingressum
1703 2221 1987 2276 Athanasii
2016 2220 2139 2277 Ale-

565 2318 845 2373 xandriam
883 2318 1154 2387 pertinere
1181 2316 1309 2370 anni
1366 2316 1493 2378 549,
1542 2315 1651 2369 imo
1694 2328 1825 2369 vero
1852 2323 2141 2383 utrumque

565 2408 869 2475 ingressum
900 2408 1208 2478 promiscue
1238 2406 1505 2475 superiori
1557 2406 1875 2461 narratione
1906 2406 2138 2461 describi

565 2500 928 2553 existimatur.
958 2498 1089 2553 Nam
1116 2514 1237 2568 qua:
1265 2498 1332 2553 de
1362 2497 1680 2553 Constantio
1708 2512 2140 2552 commemoran-

564 2599 678 2654 tur,
709 2590 939 2645 suadent
967 2590 1127 2643 istum
1150 2631 1166 2655 ,
1190 2604 1351 2658 quem
1376 2600 1565 2642 narrat
1595 2589 1918 2658 ingressum,
1952 2604 2141 2659 super-

564 2684 695 2735 stite
740 2682 916 2736 adhuc
958 2681 1281 2736 Constantio
1321 2682 1655 2752 contigisse;
1687 2680 1780 2750 qui
1832 2696 1951 2735 cum
1998 2694 2139 2735 anno

562 2771 662 2827 561
692 2773 853 2826 vitam
872 2772 1153 2835 clauserit,
1180 2773 1304 2828 hinc
1326 2788 1457 2828 sane
1479 2774 1833 2843 consequitur
1859 2788 1962 2827 non
1981 2785 2138 2841 posse

563 2864 751 2918 isthmc
792 2865 859 2917 ad
906 2879 1105 2918 annum
1145 2863 1251 2918 562
1306 2864 1540 2929 referri,
1597 2865 1690 2918 sed
1750 2878 1869 2918 esse
1919 2864 1970 2918 in
2039 2878 2138 2917 au-

565 2970 691 3007 nnm
731 2954 836 3009 549
886 2954 1242 3012 conferenda.
1282 2953 1510 3009 Inferius
1555 2956 1682 3009 item
1719 2955 2009 3025 Gregorius
2040 2955 2139 3011 Na-

562 3047 901 3111 zianzenus,
932 3056 1073 3101 orat.
1125 3045 1215 3112 2i,
1270 3055 1555 3116 postquam
1600 3047 1665 3101 de
1712 3047 1994 3102 Athanasii
2043 3063 2137 3103 ve-

561 3138 868 3193 xatione~et
910 3137 1034 3207 iuga
1084 3139 1183 3192 sub
1227 3137 1443 3192 Juliano
1490 3139 1748 3209 Apostata
1787 3138 1945 3193 verba
1990 3138 2135 3194 fece-

560 3236 678 3291 rat,
726 3227 841 3283 haec
876 3225 1058 3295 adjicit
1088 3245 1103 3281 :
1138 3229 1283 3281 Ἔδει
1326 3228 1435 3300 γὰρ
1471 3229 1623 3299 τρισὶ
1668 3228 2005 3299 παλαίσμασι
2045 3228 2137 3282 τὸν

557 3312 817 3381 γεννάδαν
847 3316 1143 3384 νικήσαντα
1177 3316 1387 3379 τελείας
1419 3319 1599 3386 τυχεῖν
1642 3317 1735 3371 καί
1765 3318 1863 3387 τῆς
1892 3318 2134 3389 ἁναρρή-

558 3418 699 3465 σεως
724 3444 739 3467 ,
779 3405 833 3457 id
872 3413 957 3459 est
996 3423 1009 3459 :
1050 3424 1069 3456 ‹
1109 3404 1489 3459 Fortissimum
1517 3405 1661 3459 enim
1715 3406 1888 3460 virum
1940 3406 2134 3475 triplici

560 3493 864 3547 certamine
917 3494 1138 3548 vincere
1189 3494 1513 3563 oportebat,
1552 3503 1613 3548 ut
1665 3495 1963 3564 perfectum
2012 3496 2135 3552 inde

558 3582 886 3651 prmconium
932 3591 1369 3649 consequeretur.
1402 3602 1422 3635 ι
1456 3583 1572 3650 Quo
1593 3584 1851 3654 liquidum
1884 3595 1987 3651 est,
2012 3588 2135 3641 bina

555 3687 681 3727 eum
711 3674 813 3727 sub
850 3672 1164 3729 Constantio
1209 3674 1398 3727 exsilia
1443 3684 1497 3728 et
1525 3678 1821 3729 certamina
1859 3677 2086 3731 miscere
2115 3716 2131 3742 ,

555 3772 720 3832 atque
766 3776 824 3817 ut
868 3780 1030 3818 unum
1066 3779 1361 3827 enarrare;
1403 3764 1475 3819 ita
1510 3774 1567 3819 ut
1612 3769 1752 3834 quod
1783 3766 1882 3821 sub
1914 3766 2132 3822 Juliano

553 3854 801 3923 contigit,
849 3865 1101 3921 quartum
1135 3869 1361 3909 numero
1391 3895 1406 3921 ,
1450 3866 1509 3911 ut
1541 3857 1758 3911 tertium
1802 3859 1916 3926 ipse
1944 3876 2133 3915 recen-

554 3953 690 3999 seat.
722 3945 903 3999 Primo
934 3961 1166 4016 namque
1198 3946 1436 4002 Treviris
1480 3949 1750 4004 exsulavit
1796 3950 2132 4007 Athanasius

551 4034 653 4087 sub
696 4033 1088 4102 Constantino;
1132 4039 1370 4093 secundo
1418 4038 1601 4093 nonne
1646 4048 1701 4094 et
1734 4041 1785 4095 in
1840 4041 2131 4097 Occidente

552 4134 814 4193 regnante
843 4123 1193 4193 Constantio;
1250 4126 1409 4181 tertio
1456 4128 1510 4183 in
1547 4129 1763 4184 deserto
1795 4128 2015 4201 IEgypti
2074 4140 2129 4185 et

551 4214 861 4271 Thebaidos
892 4218 1080 4271 eodem
1121 4218 1447 4287 imperatore
1474 4260 1490 4285 ,
1524 4237 1632 4291 quo
1662 4222 1916 4276 defuncto
1943 4262 1959 4287 ,
2003 4222 2130 4279 Ale-

536 4308 831 4361 'xandriam
860 4322 1110 4363 reversus
1140 4320 1244 4373 est,
1266 4321 1462 4381 quarto
1492 4313 1592 4367 sub
1620 4312 2124 4382 JulianoApostata.

548 4395 814 4452 Caeterum
835 4414 953 4468 qum
966 4400 1031 4454 de
1049 4400 1319 4473 Philagrio
1341 4404 1606 4459 habentur
1624 4406 1761 4474 apud
1783 4406 2124 4475 Gregorium,

2242 1943 2600 1997 Athanasium
2656 1943 2849 1997 litteris
2897 1941 3120 1996 dimisit.
3176 1940 3276 2008 Qui
3330 1950 3390 1995 ut
3435 1940 3499 1996 Al
3536 1941 3824 1995 xandriam

2241 2043 2643 2104 pervenerunt,
2702 2048 2731 2087 a
2785 2032 3126 2087 sanctissimo
3172 2032 3427 2101 pontiﬁce
3478 2033 3549 2086 ob
3600 2032 3822 2085 Antonii

2239 2124 2762 2179 commendationem
2787 2139 2976 2192 magna
3007 2123 3398 2178 benevolentia:
3420 2123 3824 2191 signiﬁcatione

2240 2217 2449 2285 excepti
2472 2226 2618 2272 sunt.
2655 2236 2673 2269 ι
2712 2216 2834 2271 llzee
2867 2217 2917 2270 in
2953 2216 3074 2271 Vita
3125 2214 3418 2271 Pachomii.
3448 2214 3559 2271 Nec
3594 2224 3824 2286 praster-

2241 2308 2504 2363 mittenda
2532 2325 2651 2380 qua:
2697 2310 2927 2365 inferius
2972 2309 3163 2364 eadem
3199 2309 3268 2364 de
3297 2324 3354 2365 re
3396 2308 3669 2364 feruntur.
3718 2306 3824 2363 Pa-

2238 2400 2487 2455 chomius
2515 2416 2639 2456 cum
2680 2400 2956 2456 didicisset
2984 2400 3343 2455 Athanasium
3379 2400 3499 2454 ﬁdei
3530 2414 3699 2454 causa
3730 2416 3825 2455 ex-

2238 2492 2441 2558 sulare,
2461 2507 2567 2547 non
2599 2492 2688 2547 diu
2717 2500 2845 2548 a‘nte
2877 2494 3205 2563 praedixerat
3228 2492 3490 2547 eum'cito
3512 2492 3820 2547 rediturum

2238 2584 2304 2639 ad
2336 2584 2634 2639 Ecclesiam
2666 2600 2842 2640 suam.
2872 2584 2973 2651 Qui
3010 2584 3400 2640 sanctissimus‘
3424 2584 3819 2641 monachorum

2239 2686 2394 2745 pater
2416 2677 2517 2731 sub
2548 2676 2725 2746 ipsum
2763 2675 3046 2731 Athanasii
3079 2677 3333 2743 reditum,
3367 2676 3538 2749 signis
3570 2687 3627 2731 et
3660 2678 3825 2732 virtu-

2241 2768 2385 2821 tibus
2413 2768 2634 2832 clarus,
2696 2768 2838 2823 diem
2901 2767 3098 2823 clausit
3152 2778 3480 2823 extremum.
3536 2768 3637 2823 Diu
3695 2778 3825 2824 ante

2239 2859 2441 2913 obitum
2471 2858 2557 2912 his
2587 2856 2785 2913 fratres
2833 2874 2961 2913 suos
2983 2900 2999 2925 ,
3051 2857 3336 2922 Theodoro
3383 2861 3658 2916 monacho
3688 2876 3825 2930 pne-

2240 2959 2417 3016 sente,
2464 2950 2807 3004 sermonibus
2837 2958 2919 3004 est
2946 2949 3232 3004 allocutus.
3267 2967 3291 3001 ι
3343 2949 3617 3005 Ιδιιιιηυηι
3641 2963 3729 3007 est
3763 2963 3824 3007 ut

2241 3039 2446 3094 nostris
2468 3054 2684 3109 quoque
2709 3039 3043 3109 temporibus
3069 3040 3169 3093 tria
3207 3039 3260 3095 in
3288 3039 3524 3111 Egypto
3554 3042 3822 3112 praeclara

2245 3130 2337 3184 Dei
2389 3130 2654 3185 benelicio
2709 3129 2912 3185 lumina
2970 3131 3295 3196 intueamur,
3340 3132 3393 3186 iu
3451 3132 3823 3189 laborantium

2242 3219 2483 3273 omnium
2523 3220 2870 3274 commodum
2900 3228 3062 3288 atque
3104 3220 3417 3285 utilitatem,
3453 3220 3822 3277 Athanasium

2242 3310 2494 3365 videlicet
2528 3310 2840 3379 episcopum
2867 3351 2883 3376 ,
2935 3311 3253 3366 Christiana:
3286 3311 3408 3365 ﬁdei
3456 3310 3825 3369 fortissimum

2240 3400 2543 3466 vindicem;
2580 3400 2833 3455 abbatem
2865 3400 3158 3456 Antonium
3183 3400 3437 3456 solitariae
3481 3403 3611 3457 vita:
3638 3404 3824 3472 perfe-

2237 3490 2542 3547 ctissimum
2571 3493 2880 3563 exemplar;
2918 3492 3253 3564 fratrumque
3281 3493 3819 3553 Tabenuesiotarum

2238 3592 2465 3646 emtum,
2492 3582 2585 3651 qui
2615 3585 2868 3638 omnibus
2906 3585 3133 3639 salutem
3177 3588 3434 3655 consequi
3468 3586 3824 3656 cupientibus

2240 3671 2291 3726 in
2324 3672 2797 3742 praeclarissimum
2829 3675 3131 3746 exemplum
3176 3689 3240 3731 ac
3269 3690 3515 3731 normam
3546 3682 3823 3750 propositi

2235 3775 2383 3820 sunt.
2424 3784 2445 3816 ι

2310 3858 2398 3912 15.
2431 3856 2640 3912 υηαεὶἱ
2671 3868 2720 3914 et
2767 3856 2997 3912 Valentis
3025 3860 3348 3927 pamitentia.
3368 3892 3439 3902 —
3460 3860 3595 3916 Cum
3623 3878 3825 3921 cerne-

2235 3958 2359 4002 rent
2392 3962 2556 4018 porro
2589 3947 2848 4004 Ursacius
2873 3958 2928 4001 et
2948 3947 3150 4004 Valens
3187 3961 3391 4007 tantam
3424 3953 3477 4009 in
3520 3955 3817 4012 Athanasii

2233 4044 2396 4097 rebus
2444 4041 2849 4097 inclinationem
2874 4079 2891 4105 ,
2924 4056 3019 4097 sua
3051 4058 3109 4099 se
3139 4042 3428 4100 damnante
3470 4046 3815 4103 conscientia

2232 4133 2591 4189 Mediolanum
2641 4144 2765 4188 sunt
2823 4134 3097 4203 profecti;
3150 4136 3238 4189 ubi
3284 4136 3588 4206 proscripta
3646 4148 3817 4208 atque

2231 4224 2586 4280 condemnata
2628 4223 2824 4278 Ariaua
2855 4224 3070 4291 haeresi,
3107 4224 3337 4279 conﬁcta
3369 4240 3492 4281 esse
3524 4227 3818 4283 declarant

2230 4314 2461 4370 crimina
2487 4329 2516 4367 a
2542 4328 2602 4368 se
2632 4314 2841 4381 pridem
2874 4315 3178 4369 Athanasio
3202 4315 3406 4372 oblata.
3435 4316 3818 4389 Miserumque

2230 4406 2330 4477 ipsi
2377 4406 2676 4461 Athanasio
2725 4408 3079 4463 concilianda:
3111 4410 3301 4477 gratiae
3333 4424 3498 4463 causa
3548 4411 3809 4479 litteras,

545 4506 772 4560 quaeque
818 4507 917 4546 nos
960 4492 1244 4549 brevitatis
1270 4511 1432 4550 causa
1484 4496 1952 4566 prmtertnisintus,
1986 4496 2121 4550 ἀσύ-
2155 4509 2197 4563 ι)
2231 4499 2449 4550 tametsi
2480 4496 2654 4551 nullas
2693 4498 2759 4551 ab
2789 4513 2854 4552 eo
2876 4508 3200 4568 acceperant
3232 4498 3328 4570 (ὁ).
3362 4497 3585 4566 Verum,
3626 4511 3686 4555 ut
3741 4517 3815 4558 ex

549 4599 719 4637 στατα
744 4592 891 4638 sunt.
907 4583 1088 4654 Neque
1107 4585 1249 4639 enim
1280 4586 1345 4639 ad
1373 4587 1668 4642 secundum
1698 4588 1779 4643 vel
1809 4588 1874 4641 ad
1905 4590 2121 4643 tertium

544 4675 826 4730 Athanasii
884 4677 1115 4730 reditum
1175 4678 1448 4745 pertinere
1500 4690 1745 4748 possunt.
1796 4678 1929 4734 Nam
1978 4694 2123 4734 anno

542 4765 671 4831 549,
705 4783 811 4821 non
846 4767 1169 4838 Philagrius,
1204 4778 1261 4823 ut
1296 4769 1471 4823 innuit
1501 4769 1795 4841 Gregorius
1824 4770 2124 4825 Nazianze-

544 4872 680 4924 nus,
721 4860 814 4912 sed
848 4856 1132 4915 Nestorius
1157 4868 1278 4916 erat
1328 4859 1545 4931 Egypti
1606 4861 1913 4931 praefectus.
1965 4863 2121 4917 Anno

542 4960 726 5002 autem
766 4950 897 5014 562,
933 4966 1040 5004 non
1071 4951 1245 5020 potuit
1274 4949 1579 5021 Philagrius
1606 4966 1725 5007 eam
1772 4966 1959 5022 gerere
1980 4967 2118 5022 prte-

544 5038 830 5106 l'ecturam,
867 5057 991 5095 cum
1015 5052 1151 5097 teste
1177 5041 1522 5098 Nazianzeuo
1565 5051 1618 5098 et
1666 5044 1782 5114 ipso
1821 5043 2118 5097 Athanasio

540 5131 627 5187 bis
666 5132 839 5187 solum
877 5132 1252 5201 praefecturam
1287 5134 1513 5201 obierit;
1544 5135 1779 5203 primum
1811 5148 1955 5187 anno
1992 5133 2118 5200 555,

543 5231 600 5274 ιιι
622 5221 792 5291 liquet
814 5238 881 5276 ex
912 5222 1091 5294 Tyria:
1117 5225 1303 5295 synodi
1322 5223 1566 5293 epistolis
1592 5240 1606 5287 ;
1634 5223 1951 5288 secundum,
1977 5237 2119 5277 anno

538 5311 668 5374 3H.
698 5314 749 5368 in
781 5313 1031 5385 Gregorii
1062 5316 1310 5385 ingressu
1345 5315 1729 5368 Alexandriam
1758 5352 1774 5379 ,
1810 5321 1868 5365 ut
1897 5321 2119 5366 enarrat

539 5404 892 5463 Athanasius.
931 5406 1102 5475 Quem
1131 5406 1490 5476 Philagrium,
1524 5405 1796 5459 hominem
1826 5418 1958 5458 sane
2004 5418 2096 5459 sce

612 5634 688 5704 (ο)
723 5634 847 5689 Vita
871 5634 933 5692 S.
978 5634 1276 5701 Pachomii,
1311 5633 1443 5688 Acta
1489 5631 1609 5695 88.,
1649 5631 1771 5686 Maii
1804 5632 1889 5687 die
1932 5633 2018 5701 14,
2052 5649 2104 5704 p.

538 5703 924 5836 ωῗῶὅὲῗίκιη.
974 5774 1122 5842 Apol.
1158 5786 1340 5828 contra
1387 5772 1596 5839 Arium,
1631 5788 1683 5825 n.
1716 5772 1817 5840 37;
1866 5771 2100 5828 Historia

2226 4589 2516 4657 postremis
2548 4590 2824 4643 hominum
2857 4590 3023 4659 gestis
3052 4590 3393 4659 exploratum
3425 4590 3561 4654 fuit,
3599 4607 3708 4647 non
3741 4608 3814 4648 ex

2226 4694 2352 4734 vera
2384 4678 2459 4732 illi
2506 4680 2891 4734 maleﬁciorum
2934 4679 3249 4749 paenitentia
3294 4680 3580 4735 Athanasii
3616 4683 3815 4737 amici-

2226 4767 2354 4821 tiam
2384 4775 2439 4821 et
2466 4768 2902 4823 communionem
2942 4768 3270 4837 expetebant
3301 4786 3315 4823 :
3354 4770 3447 4823 sed
3486 4770 3616 4838 quia
3642 4782 3701 4825 ut
3725 4787 3813 4827 res

2223 4872 2345 4913 sese
2378 4859 2605 4927 dabant,
2633 4860 2699 4914 ad
2732 4874 3086 4930 quascunque
3104 4861 3340 4915 transire
3360 4872 3542 4930 partes
3565 4866 3812 4934 prompti

2222 4949 2506 5017 paratique
2534 4958 2722 5014 erant;
2775 4958 2890 5003 tum
2935 4948 3273 5005 labefactatis
3316 4966 3380 5004 ac
3414 4966 3585 5021 prope
3610 4953 3813 5023 despe-

2218 5041 2355 5095 ratis
2381 5041 2709 5094 Arianorum
2742 5045 2926 5104 rebus,
2968 5041 3315 5097 aestimabant
3358 5042 3502 5097 haud
3531 5044 3655 5098 sine
3699 5060 3812 5100 ma-

2216 5145 2321 5201 gno
2346 5130 2587 5200 periculo
2608 5145 2769 5200 posse
2800 5147 2860 5185 se
2885 5131 3077 5200 emptis
3102 5132 3375 5187 insistere.
3401 5133 3603 5189 Animo
3619 5145 3805 5192 autem

2216 5223 2291 5277 ita
2322 5222 2514 5291 fracti,
2543 5223 2618 5277 ita
2643 5226 2902 5295 prostrati
2933 5235 3113 5290 erant,
3140 5227 3231 5295 qui
3263 5241 3363 5281 nec
3404 5226 3493 5281 diu
3518 5237 3679 5283 antea
3709 5243 3811 5298 pe-

2216 5323 2355 5369 stem
2388 5315 2676 5370 catholica:
2701 5316 3010 5385 reipublicae
3029 5316 3411 5383 moliebantur,
3439 5326 3499 5371 ut
3526 5319 3805 5387 supplices

2216 5406 2445 5462 Romam
2481 5408 2881 5465 concederent:
2916 5409 3003 5463 ubi
3043 5408 3329 5465 maledicta
3363 5416 3530 5480 atque
3560 5411 3801 5466 crimina

2215 5637 2285 5688 ad
2336 5640 2636 5709 monachos,
2671 5654 2723 5692 n.
2748 5637 2873 5709 26:
2902 5634 3116 5709 Socrat.
3154 5638 3248 5695 lib.
3282 5653 3347 5705 ιι,
3384 5652 3506 5709 cap.
3534 5638 3641 5708 εις
3695 5638 3801 5695 So-

2215 5722 2356 5761 zom.
2394 5708 2489 5765 lib.
2529 5724 2613 5775 ut,
2654 5723 2771 5778 cap.
2806 5707 2877 5762 25
2910 5718 2964 5764 et
2984 5706 3073 5764 ει.
