4038 6538
1561 425 1717 483 VLTA
1760 426 1818 482 8.
1858 424 2250 482 ATHANASII.
3397 439 3489 479 esi

186 554 288 645 ause
323 538 629 645 hactenus
668 542 1169 645 iii-Athanasium
1194 556 1450 618 congesta
1505 546 1816 602 immerenti
1844 550 1887 607 Α
1920 555 2111 601 contra
2168 545 2461 601 Photinum
2521 542 2841 599 baereticum
2893 544 3133 615 synodos
3169 544 3492 599 sententiam

186 631 320 736 oblata
373 629 567 735 fuisse
584 636 912 736 .confessi,
944 640 1159 736 veniam
1198 639 1395 736 aJulio
1423 653 1562 709 papa
1584 647 1639 695 et
1661 652 1812 692 com-
1925 637 2045 692 tulit
2069 636 2166 709 (b).
2199 637 2300 704 Qui
2329 637 2619 692 damnatus
2668 649 2792 690 cum
2848 632 3060 703 fuisset,
3116 633 3495 702 interpellante
3530 622 3533 625 “

190 724 430 778 munionis
466 726 853 784 societatem
884 731 1185 799 postulant.
1206 730 1479 796 Pontifex,
1510 738 1569 784 ut
1591 728 1812 800 pronior
1922 726 2085 781 turba
2122 726 2326 797 populi,
2366 725 2452 781 cui
2485 725 2664 780 adhuc
2697 733 2817 779 erat
2849 724 3170 793 eloquentiae
3202 724 3374 793 gratia
3396 736 3493 777 ac-

191 825 279 869 erat
302 815 362 868 ad
397 817 820 874 condonanda
849 863 869 889 ,
919 837 1084 891 quam
1132 822 1346 877 scelesti
1383 821 1455 874 illi
1506 821 1573 874 ad
1617 832 1812 889 perpe-
1921 816 2296 884 ceptissimus,
2322 816 2623 879 abdicatus,
2660 814 2737 868 uti
2787 816 3064 869 decretum
3122 812 3320 878 fuerat,
3346 813 3498 867 sede-

193 907 349 961 tranda
384 906 697 977 facinora,
737 910 1016 967 homines
1044 912 1264 969 admisit
1289 914 1352 966 ad
1382 910 1809 969 ecclesiasticam

194 999 653 1073 communionem.
708 1000 965 1060 Reversi
996 1004 1060 1058 ad
1086 1010 1421 1069 suassedes,
1452 1002 1681 1059 necdum
1716 1014 1810 1068 po-

198 1094 277 1146 sita
309 1090 623 1148 formidine
646 1135 664 1157 ,
714 1092 956 1149 litteras
983 1093 1318 1163 prenitentiaa
1350 1108 1462 1147 suae
1504 1102 1669 1148 testes
1693 1093 1812 1147 mit-

202 1194 296 1239 tunt
327 1184 392 1239 ad
439 1182 663 1239 Iulium
711 1200 933 1255 papam
969 1203 984 1239 :
1024 1201 1253 1253 quarum
1307 1186 1589 1256 exemplar
1632 1186 1812 1240 'Atha-

201 1280 328 1334 nasia
370 1294 471 1349 per
508 1278 840 1334 Paulinum
876 1277 1237 1334 Tiburensem
1282 1279 1595 1348 episcopum
1626 1287 1811 1332 trans-

201 1373 394 1425 missum
444 1370 578 1429 fuit.
614 1371 1013 1429 Tiburensem
1038 1373 1178 1427 enim
1208 1412 1224 1438 ,
1267 1388 1372 1426 non
1426 1371 1807 1427 Trevirensem

199 1463 380 1533 biclegi
402 1474 682 1529 oportere
704 1466 1006 1535 propalam
1034 1476 1145 1533 est;
1174 1464 1391 1534 quando
1419 1463 1471 1517 in
1492 1477 1621 1517 mss.
1647 1461 1807 1515 Τιϐέ-

200 1575 291 1630 ρων
324 1556 550 1626 legitur,
585 1565 647 1611 et.
691 1559 1002 1627 episcopus
1028 1557 1344 1613 Tiburensis
1376 1554 1516 1625 apud
1552 1554 1801 1609 Photinm

199 1661 403 1703 vocatur
436 1648 775 1713 ἐπίσκοπος
808 1650 1113 1722 Τιϐεριέων.
1145 1650 1288 1703 Sane
1316 1648 1426 1702 veri
1470 1646 1705 1702 similius
1726 1654 1808 1700 est

200 1741 547 1795 ’liburensem
578 1742 928 1811 episcopum
962 1740 1174 1805 italum,
1208 1754 1371 1808 quam
1401 1737 1805 1798 Trevirensem‘,

203 1834 392 1887 litteras
422 1833 695 1889 Valentis
752 1846 811 1889 et
867 1831 1078 1889 Ursacii
1132 1832 1198 1884 ad
1247 1829 1445 1885 Julinm
1506 1825 1808 1882 Athanasio

1917 922 2025 977 que
2054 908 2244 975 pulsus
2268 924 2375 963 non
2403 922 2507 964 est.
2544 908 2759 963 Photini
2787 907 3194 961 damnationem
3252 904 3491 974 episcopi

1923 999 2252 1054 Sirmienses
2277 1002 2459 1055 missis
2491 1000 2853 1068 undequaque
2897 998 3092 1052 litteris
3125 996 3490 1066 publicarunt.

1918 1090 1975 1144 in
2009 1086 2233 1145 Oriente
2284 1105 2435 1155 vero,
2488 1091 2748 1160 praesules
2776 1098 2935 1144 erant
2986 1089 3219 1160 prompti
3282 1100 3493 1155 scnmer

1920 1182 2209 1251 paratique
2241 1182 2309 1235 ad
2339 1184 2642 1252 captandas
2669 1182 2793 1236 belli
2832 1181 3219 1247 turbarumque
3247 1177 3495 1232 occasio-

1917 1290 2057 1330 nes:
2092 1276 2183 1344 qui
2222 1274 2346 1328 data
2388 1275 2454 1328 ad
2484 1272 2861 1329 Occidentales
2904 1271 3130 1343 epistola
3178 1268 3493 1324 Marcellum

1917 1369 2270 1437 Ancyranum
2296 1364 2516 1420 Photini
2547 1366 2822 1420 conscium
2849 1375 2898 1420 et
2930 1364 3210 1436 ὁμόφρονα
3245 1375 3368 1417 esse
3393 1361 3496 1415 cri-

1916 1458 2290 1522 minabantur,
2324 1472 2389 1511 eo
2412 1472 2606 1527 nempe
2633 1457 2864 1512 consilio
2913 1468 2972 1511 ut
3025 1453 3362 1510 Sardicensis
3410 1465 3497 1512 sv-

1916 1554 2066 1617 nodi,
2098 1565 2217 1621 qum
2255 1548 2573 1604 Marcellum
2609 1547 2891 1602 innoxium
2957 1545 3316 1609 declarabat,
3373 1553 3495 1599 acta

1916 1646 2182 1714 abrogare
2236 1652 2291 1698 et
2336 1652 2584 1698 evertere
2615 1649 2858 1710 possent,
2913 1638 3220 1707 exindeque
3269 1635 3499 1690 facultas

1915 1736 2056 1791 foret
2084 1734 2371 1789 Athanasii
2408 1734 2585 1788 denuo
2616 1730 2962 1786 criminandi.

1986 1829 2140 1883 ANNO
2164 1827 2290 1882 350.
2307 1855 2379 1867 —
2402 1825 2456 1880 1.
2478 1824 2758 1879 Athanasii
2787 1823 2993 1877 reducis
3005 1831 3150 1892 gesta
3169 1822 3225 1874 in
3243 1819 3491 1873 Arianae.

205 1925 417 1980 misisse.
450 1923 628 1979 lnitio
661 1925 1018 1989 fatebantur,
1056 1922 1274 1978 fictilias
1316 1935 1376 1975 se
1405 1918 1811 1973 criminationes

1919 1919 2321 1975 —Athanasius
2340 1918 2546 1972 interea
2565 1918 2677 1971 sedi
2697 1931 2807 1969 sua:
2829 1914 3136 1974 restitutus.
3154 1912 3496 1974 Arianosque

205 2020 248 2072 in
269 2017 641 2073 Athanasium
678 2016 1017 2086 protulisse;
1068 2014 1266 2068 Julium
1298 2023 1476 2066 tamen
1514 2025 1614 2080 pro
1648 2009 1808 2063 insita

206 2113 533 2167 humanitate
573 2110 814 2165 veniam
849 2108 985 2163 facti
1036 2106 1312 2163 tribuisse.
1349 2103 1601 2161 Polliceri
1651 2118 1731 2167 se,
1762 2103 1807 2157 si

205 2204 263 2258 ab
285 2202 673 2259 Orientalibus
720 2203 810 2259 vel
844 2203 919 2257 ab
960 2200 1262 2255 Athanasio
1310 2199 1363 2253 in
1406 2199 1496 2270 jus
1524 2203 1805 2259 vocentur,

208 2295 329 2348 citra
358 2294 780 2350 conscientiam
827 2291 962 2347 Julii
1005 2305 1111 2346 non
1139 2290 1454 2353 adfuturos;
1492 2287 1807 2342 lizereticum

206 2385 376 2439 Arium
414 2386 702 2439 damnare
727 2400 811 2445 se.
838 2398 908 2439 ac
930 2396 1148 2450 semper
1180 2382 1491 2437 damnasse.
1524 2379 1674 2445 Quod
1695 2378 1807 2447 jam

210 2478 253 2533 in
283 2478 461 2548 priore
489 2477 699 2532 libello
750 2492 856 2532 suo
889 2475 1178 2533 Mediolani
1209 2472 1442 2545 professi
1476 2470 1713 2525 fuerant.
1738 2467 1810 2523 Ut

209 2579 374 2623 autem
404 2569 725 2625 Athanasii
756 2583 984 2638 quoque
1016 2566 1245 2637 gratiam
1275 2564 1477 2618 inirent
1506 2601 1521 2627 ,
1555 2559 1809 2630 pacificas

207 2660 291 2729 ipsi
323 2660 538 2716 litteras
579 2676 687 2729 per
738 2658 1008 2713 Musaeum
1071 2656 1445 2726 presbyterum
1495 2651 1807 2714 miserunt,

207 2763 444 2822 rogantes
484 2762 549 2806 ut
580 2767 645 2805 se
676 2751 751 2804 ad
794 2748 1241 2804 communionem
1283 2744 1616 2806 admitteret,
1664 2740 1811 2794 litte-

206 2857 388 2912 rasque
421 2851 631 2896 mutuo
657 2841 828 2894 daret
853 2840 973 2908 ipse
1008 2839 1060 2892 in
1087 2836 1393 2892 concordia.-
1423 2832 1811 2899 societatisqne

206 2934 607 2989 testimonium.
653 2918 988 2986 Secundum
1039 2928 1153 2983 haec
1210 2926 1473 2982 Ursacius
1506 2934 1559 2979 et
1582 2922 1805 2986 Valens,

203 3023 383 3080 oblatis
433 3026 548 3080 sibi
605 3020 923 3078 Athanasii
953 3020 1169 3074 nomine
1202 3032 1299 3087 per
1354 3016 1571 3071 Petrum
1602 3023 1655 3071 et
1705 3014 1813 3069 Ire—

204 3132 369 3172 mum
408 3117 803 3188 presbyteros
832 3125 891 3169 et
924 3127 1020 3182 per
1048 3108 1394 3164 Ammonium
1437 3106 1633 3162 laicum
1667 3103 1813 3159 litte-

198 3210 290 3273 τὶς,
326 3210 573 3265 libenter
604 3207 1098 3276 subscripserunt.

266 3306 356 3361 H.
406 3305 555 3359 Tam
585 3300 787 3355 fausto
824 3311 1012 3352 rerum
1049 3295 1218 3360 exitu,
1249 3308 1368 3363 qure
1385 3289 1659 3361 jnbilatio.
1688 3302 1810 3353 quae

198 3401 375 3456 lactitia
399 3397 672 3453 omnium
702 3392 946 3448 subierit
977 3385 1524 3452 animos,Athanasio
1551 3392 1812 3438 narrante

196 3494 567 3563 comperimus
596 3488 710 3560 (α).
753 3502 773 3537 ι
812 3483 954 3552 Quis
978 3520 993 3546 ,
1022 3480 1237 3550 inquit,
1276 3478 1361 3531 his
1390 3474 1810 3543 animadversis,

203 3597 459 3658 tantaque
484 3582 893 3639 Ecclesiarum
921 3589 1061 3645 pace
1085 3579 1376 3640 conspecta
1421 3583 1535 3623 rem
1572 3582 1678 3621 non
1712 3567 1815 3619 mi-

198 3689 339 3733 ratus
364 3676 499 3732 est?
540 3673 694 3741 Quis
744 3685 862 3725 non
904 3665 1100 3735 gaudio
1147 3661 1398 3733 perfusus
1440 3668 1525 3714 est
1556 3698 1573 3725 ,
1605 3666 1810 3711 tantam

196 3786 417 3825 cernens
483 3777 574 3823 tot
633 3764 1035 3834 episcoporum
1076 3753 1468 3811 concordiam?
1522 3750 1654 3817 Quis
1707 3763 1811 3803 non

196 3862 437 3916 laudibus
475 3860 660 3913 Deum
695 3851 1031 3914 celebravit,
1078 3855 1362 3918 perspecta
1410 3844 1464 3900 in
1513 3840 1814 3915 synaxibus

200 3964 341 4008 tanta
372 3950 567 4023 pupnli
606 3946 811 4002 laetitia
844 3944 869 3996 ?
904 3942 1150 4008 Quantus
1193 3955 1384 3996 eorum
1415 3950 1696 4000 numerus,
1721 3933 1811 4002 qui

198 4061 315 4103 cum
358 4042 615 4100 inimicis
668 4048 803 4093 ante
859 4032 1202 4105 computati,
1240 4029 1629 4101 resipiscentia:
1660 4026 1813 4096 signa

202 4137 462 4193 dederunt
490 4134 517 4188 ?
560 4131 748 4200 Quam
789 4126 958 4182 multi
1003 4125 1093 4193 qui
1142 4122 1291 4193 prius
1328 4120 1555 4176 crimina
1601 4118 1815 4189 objece-

206 4239 340 4293 rant,
365 4227 595 4281 veniam
634 4230 772 4277 sunt
802 4215 1070 4288 precati?
1095 4214 1265 4281 Quam
1294 4211 1444 4266 multi
1473 4226 1543 4265 ex
1573 4210 1816 4264 inimicis

206 4321 341 4374 inter
370 4320 615 4380 amicos,
655 4328 823 4368 versa
872 4321 1060 4361 rerum
1100 4305 1437 4366 conditione,
1469 4300 1814 4356 annumerati

210 4411 371 4465 sunt?
418 4409 603 4475 Quam
652 4400 819 4458 multi
876 4394 1078 4449 litteris
1127 4402 1253 4446 ante
1280 4394 1457 4444 virum
1516 4386 1812 4452 criminati,

212 4501 536 4573 palinodiam
571 4496 925 4552 cecinerunt
954 4486 977 4540 ἲ
1027 4483 1168 4551 Quot
1197 4482 1311 4549 alii,
1337 4480 1429 4550 qui
1466 4494 1571 4533 non
1598 4477 1815 4548 proprio

1912 2027 2012 2069 nec
2039 2012 2387 2078 indiligenter
2408 2009 2653 2075 adortus,
2680 2008 2985 2075 rescriptis,
3012 2004 3373 2065 orationibus,
3406 2000 3496 2053 lit-

1912 2108 2040 2163 teris
2090 2107 2453 2174 undequaque
2503 2101 2687 2156 missis
2740 2098 3073 2168 exagitabat.
3129 2095 3186 2149 Si
3223 2095 3357 2148 fides
3407 2101 3519 2159 est,
3582 2133 3591 2141 .

1914 2198 2124 2255 Socrati
2161 2199 2574 2266 Sozomenoque
2609 2193 2704 2264 (c),
2734 2193 2850 2260 ejus
2875 2201 3036 2246 sectae
3052 2186 3333 2259 praesules.
3355 2197 3494 2253 quos

1914 2291 2068 2363 pravi
2100 2290 2316 2346 consilii
2343 2288 2658 2355 errorisque
2680 2295 2899 2341 tenaces
2931 2282 3292 2349 conspiceret,
3337 2274 3493 2329 abdi-

1911 2386 2094 2448 cabat.
2133 2397 2193 2440 ut
2235 2400 2424 2439 eorum
2478 2385 2637 2439 sedes
2673 2380 2858 2452 probis
2912 2374 3305 2439 catholicisque
3358 2365 3492 2421 viris

1910 2476 2279 2539 contraderet,
2313 2488 2379 2529 ac
2414 2474 2648 2529 Nicaeum
2693 2471 2817 2525 fidei
2852 2465 3204 2523 haerentibus.
3245 2460 3314 2515 Et
3361 2470 3493 2511 vero

1911 2569 2151 2641 episcopi
2181 2566 2558 2629 Alexandrini,
2585 2562 2740 2632 cujus
2770 2574 2984 2616 summa
3017 2556 3136 2613 erat
3168 2555 3223 2609 in
3256 2554 3493 2626 Egypto

1912 2672 1965 2716 et
2004 2659 2171 2730 Libya
2206 2659 2530 2719 auctoritas,
2559 2657 2661 2710 hoc
2696 2668 2893 2708 munus
2930 2651 3034 2705 hoc
3062 2648 3298 2703 ollicium
3329 2654 3491 2707 erat,

1912 2762 1971 2808 ut
2000 2751 2287 2807 haereticos
2309 2748 2603 2810 antistites,
2628 2745 2719 2816 qui
2746 2746 2797 2799 in
2826 2741 3164 2813 popularium
3193 2737 3493 2809 perniciem

1913 2843 2234 2914 spargendis
2262 2840 2548 2897 erroribus
2576 2836 2956 2907 advigilarent,
2992 2834 3123 2887 sede
3152 2830 3377 2899 pelleret
3406 2835 3491 2881 at-

1914 2952 2019 3007 que
2046 2934 2378 3005 profligaret.
2422 2930 2621 2985 Verum
2679 2927 2822 2997 quod
2876 2926 3035 2979 iidem
3072 2929 3318 2981 narrant,
3372 2931 3496 2973 sar:-

1915 3037 2061 3083 ctum
2097 3040 2291 3095 nempe
2324 3024 2631 3094 praesulem,
2664 3035 2784 3074 cum
2826 3019 2879 3072 in
2927 3017 3099 3071 reditu
3131 3014 3313 3067 varias
3372 3024 3493 3080 per-

1917 3127 2132 3189 agraret
2168 3114 2500 3185 provincias,
2532 3115 2575 3167 si
2598 3126 2737 3183 quos
2752 3107 3181 3178 deprehenderet
3208 3103 3495 3173 episcopos

1916 3208 2114 3262 Ariana
2148 3205 2271 3260 labe
2298 3201 2714 3271 conspersos.in
2740 3199 2987 3253 ordinem
3021 3195 3314 3264 redegisse,
3345 3192 3495 3245 aliis-

1920 3314 2026 3369 que
2074 3296 2373 3351 contulisse
2413 3292 2729 3365 dignitatem
2756 3333 2772 3359 ,
2816 3290 2955 3345 haud
2994 3287 3153 3341 facile
3190 3289 3491 3339 credatur:

1919 3391 1961 3446 si
1994 3390 2211 3460 quidem
2239 3396 2291 3442 et
2323 3401 2533 3457 magnae
2569 3384 2786 3439 invidia:
2826 3397 2912 3437 res
2965 3379 3156 3434 fuisset
3203 3376 3258 3430 in
3305 3373 3498 3427 alienis

1921 3480 2239 3551 regionibus
2268 3478 2558 3549 episcOpos
2594 3474 2869 3540 abdicare,
2905 3482 2960 3528 et
3012 3468 3247 3541 iungentis
3273 3479 3455 3535 operte
3478 3507 3494 3531 ,

1922 3570 2224 3627 transeunti
2261 3570 2497 3624 maxime
2526 3579 2691 3638 atque
2741 3567 2804 3620 ad
2853 3565 3234 3633 imperatorem
3298 3569 3498 3627 prope-

1920 3663 2088 3727 ranti,
2130 3662 2332 3716 invitos
2377 3659 2707 3722 deturbare,
2751 3653 2946 3723 quibus
2989 3650 3131 3706 haud
3183 3646 3347 3701 dubie
3390 3658 3497 3698 non

1920 3757 2230 3827 Spernenda
2253 3753 2532 3808 civitatum
2566 3764 2693 3819 pars
2720 3748 2974 3801 haereret.
3008 3740 3201 3797 Mirum
3232 3736 3496 3806 profecto,

1921 3825 2078 3899 sisic
2106 3858 2193 3898 res
2244 3851 2368 3896 acta
2423 3840 2517 3905 sit,
2563 3839 2797 3893 Arianos
2832 3835 3122 3904 episcopos
3165 3843 3274 3883 non
3314 3825 3498 3879 acrius

1920 3933 2299 4006 expostulasse
2320 3948 2443 3988 cum
2477 3930 2590 3996 illo,
2629 3929 2717 3998 qui
2746 3928 2938 3998 quavis
2964 3924 3185 3980 minima
3209 3917 3498 3975 occasione

1922 4029 2173 4100 ingentes
2207 4025 2455 4080 excitare
2508 4021 2694 4075 turbas
2725 4018 2869 4074 soliti
2923 4025 3099 4070 erant.
3132 4010 3271 4080 Quid
3319 4022 3499 4063 causa:

1922 4098 2090 4188 igitur
2128 4125 2233 4180 est,
2265 4114 2408 4184 quod
2439 4112 2746 4183 lmjusmodi
2779 4107 3000 4178 querela
3034 4108 3175 4160 inter
3196 4098 3503 4156 accusatio-

1921 4224 2019 4264 nes
2044 4207 2186 4263 infra
2226 4204 2628 4268 memorandas,
2679 4216 2783 4254 non
2835 4192 3187 4267 compareat?
3230 4189 3500 4245 Nimirum

1922 4302 1987 4356 de
2025 4298 2374 4355 abdicatione
2399 4295 2686 4366 praesulatu
2719 4308 2825 4346 non
2858 4270 2919 4343 in.
2947 4288 3151 4342 crimen
3192 4287 3499 4343 vocassent,

1921 4392 2012 4463 qui
2046 4390 2187 4460 quod
2237 4387 2539 4456 lschyram,
2578 4386 2671 4453 qui
2709 4398 2939 4437 vacuum
2964 4375 3261 4449 presbyteri
3304 4385 3501 4425 nomen

1924 4461 2246 4553 usurpabat,
2284 4492 2567 4537 sacrorum
2614 4474 2800 4528 officio
2834 4481 2888 4525 et
2941 4469 3088 4523 aditu
3135 4461 3504 4518 interdixisset

1930 4571 2262 4628 Athanasius
2292 4587 2307 4637 ;
2359 4583 2480 4622 eum
2518 4564 2744 4619 infinitis
2768 4574 2932 4630 prope
2962 4553 3383 4614 calamitatibus,
3417 4561 3506 4602 ve-

1928 4663 2267 4725 xationihus,
2297 4658 2492 4713 exsilio
2520 4656 2737 4708 denmm
2778 4649 2995 4705 multari
3031 4639 3405 4701 curaverant?

1991 4755 2046 4809 2.
2074 4753 2332 4808 Constans
2350 4749 2628 4804 occiditur.
2649 4743 2835 4798 Crede:
2862 4734 3338 4794 Roma—ineunte
3356 4747 3502 4787 anno

1923 4845 2048 4911 550,
2082 4842 2489 4911 conspiratione
2526 4835 2847 4898 Marcellini,
2895 4832 3110 4887 Chresti
3133 4838 3185 4884 et
3208 4823 3504 4895 Magnentii

1925 4954 2098 4995 cmsus
2126 4936 2477 5004 sublatusque
2523 4940 2606 4987 est
2636 4930 2899 4984 Constans
2946 4925 3249 4994 Angustus,
3292 4919 3507 4974 fervens

1926 5028 2209 5083 Athanasii
2251 5035 2511 5097 patronus
2536 5022 2635 5094 (Δ).
2665 5019 3001 5090 Magnentius
3026 5018 3509 5079 autem,occupato

1930 5118 2238 5178 Occidentis
2256 5118 2503 5188 imperio,
2522 5114 2717 5177 bellum
2736 5112 2960 5181 parabat
2976 5108 3234 5163 adversus
3248 5103 3505 5158 Constan-

1934 5215 2088 5267 tium.
2122 5211 2322 5266 Audita
2361 5205 2678 5265 Constantis
2736 5219 2890 5268 nece,
2927 5199 3185 5257 Vetranio
3208 5196 3423 5265 quidam
3450 5192 3507 5245 in

1934 5301 2217 5357 Pannonia
2247 5302 2480 5369 legatus,
2507 5298 2717 5354 curavit
2752 5311 2781 5350 a
2811 5294 3074 5349 militibus
3103 5286 3385 5358 imperium
3415 5283 3509 5336 de-

217 4570 446 4656 consilio.
480 4592 585 4647 sed
629 4588 685 4641 vi
711 4594 892 4653 atque
923 4576 1251 4633 necessitate
1275 4571 1539 4640 compulsi
1575 4570 1640 4623 ad
1668 4570 1819 4622 Aria.

218 4700 312 4741 nos
352 4687 709 4741 desciverant
738 4718 755 4741 ,
796 4680 970 4730 noctu
1019 4668 1232 4724 veniam
1274 4664 1545 4736 precaturi
1592 4665 1820 4717 accede-

218 4778 341 4833 bant
372 4775 799 4840 :hmrcsimqtte
848 4764 1107 4818 ferientes
1150 4760 1524 4821 anathemate,
1560 4756 1825 4825 rogabant

222 4885 321 4923 non
347 4870 447 4924 sibi
470 4866 611 4921 vitio
643 4858 820 4924 verti,
855 4854 1003 4924 quod
1033 4859 1176 4907 metu
1209 4848 1533 4904 insidiarum
1567 4846 1825 4902 crimina-

226 4961 554 5029 tionumque,
580 4968 792 5011 eorum
824 4945 1198 5007 .conventibus
1223 4943 1572 5002 interessent,
1598 4952 1721 4991 cum
1748 4946 1827 4989 ta-

227 5066 335 5107 men
364 5027 523 5106 corde
556 5059 616 5105 et
640 5041 1029 5117 propensione
1050 5032 1347 5090 voluntatis
1372 5045 1494 5084 cum
1520 5027 1821 5083 Athanasio

226 5141 605 5198 convenirent!
684 5155 707 5190 ι
782 5133 1034 5200 Quorum
1092 5137 1273 5181 tamen
1325 5121 1681 5194 postulationi
1731 5124 1820 5173 vix

222 5241 459 5292 credatur
484 5229 887 5289 Athanasium
920 5224 1349 5289 obtemperasse,
1370 5230 1491 5269 cum
1519 5213 1822 5267 nullatenus

218 5326 406 5385 licitum
461 5329 540 5385 sit
605 5322 700 5378 vel
772 5313 1138 5377 formidinis,
1188 5310 1271 5365 vel
1330 5310 1582 5365 humana:
1637 5304 1825 5374 gratia:

214 5434 360 5475 causa
391 5436 422 5475 a
450 5412 906 5475 Catholicorum
952 5400 1185 5458 cratibus
1218 5399 1285 5454 ad
1328 5395 1620 5453 haereticos
1653 5392 1829 5449 desci-
1933 5396 2064 5450 ferri
2102 5395 2228 5449 sibi.
2277 5392 2351 5449 Ut
2400 5402 2580 5446 autem
2642 5388 2918 5459 permistis
2970 5385 3152 5444 rebus,
3187 5378 3509 5442 turbatoqne

209 5526 369 5568 scere.
1929 5485 2143 5556 imperii
2174 5485 2385 5547 ordine,
2414 5483 2591 5538 solent
2614 5478 2769 5534 multi
2802 5479 2853 5530 in
2888 5474 3006 5543 ejus
3054 5465 3302 5540 potiundi
3355 5476 3508 5532 spem

271 5604 355 5660 15.
379 5603 711 5658 Damnatur
761 5586 1056 5645 ΡΙιοίὶηαεο
1089 5613 1159 5625 ·-
1203 5581 1408 5637 Eodem
1458 5591 1602 5633 anno
1639 5573 1830 5633 Sirmii
1927 5552 2136 5645 venire,
2190 5577 2522 5648 Nepotianus
2551 5572 2795 5641 Eutropii
2835 5565 3042 5622 sororis
3074 5556 3418 5617 Constantini
3444 5552 3512 5608 fio

2012 5693 2089 5765 (ά)
2124 5690 2437 5765 Eutropius,
2471 5688 2726 5765 Zosimus
2773 5684 2985 5737 Socrat.
3011 5676 3106 5733 lib.
3147 5689 3210 5742 tt,
3241 5686 3362 5744 cap.
3392 5668 3504 5740 25;

265 5720 338 5789 (α)
373 5718 521 5773 Hist.
550 5712 788 5789 Ariqn._
801 5697 1204 5789 offringito/150:,
1232 5690 1418 5789 $127.:

274 5759 337 5829 Ξἶ(
373 5759 743 5829 ἥξῆξξ-Ϊὲέιῖζ-
762 5759 920 5829 12116
947 5788 961 5829 ;
999 5759 1217 5824 δοκοίη.
1249 5764 1322 5818 lib
1382 5775 1455 5824 tv,
1486 5775 1605 5829 cap.
1632 5759 1686 5815 6.
1944 5759 2164 5819 Schem.
2196 5759 2339 5817 libi!
2362 5776 2416 5825 v,
2440 5775 2561 5829 cap.
2598 5759 2621 5809 l
2651 5766 2705 5810 et
2720 5767 2872 5821 seqq.

264 5759 337 5861 ἰῐὶ
371 5759 743 5861 ἱὶἶῖεἱὲἰζὲὸῖῖ
766 5770 920 5861 “98‘
947 5764 1322 5861 5.519122%}?
1353 5775 1455 5861 ,ξεν
1482 5759 1686 5861 εἶδος..ίέ

364 5829 726 5915 so'c'éfniffi
732 5829 781 5911 1,7
811 5829 1075 5911 capfill;
1104 5842 1301 5892 Sozom
1353 5830 1453 5885 lib.
1482 5829 1561 5915 tu,
1580 5845 1700 5901 cap.
1733 5829 1822 5884 ei.
