4038 6526
590 398 699 437 CXII

1974 396 2504 452 PROLEGOMENA.

596 494 701 548 lius
733 493 922 550 Romae
951 495 1355 567 inauguratur;
1404 502 1497 556 sed
1528 502 1748 556 vixdum
1771 502 1975 572 elapsis
2005 520 2173 558 xsvm
2206 512 2247 566 Α
2282 522 2433 568 nece.
2468 524 2710 565 rumores
2737 512 2914 567 denuo
2946 526 3202 584 spargere
3232 530 3536 587 cmpernnt,
3570 532 3732 595 atque
3758 544 3848 585 oc-

594 586 785 641 dicnus
820 604 849 641 a
894 589 1181 660 Magaentii
1231 591 1407 659 legato
1452 592 1766 649 Marcellino
1800 596 1976 651 victus
2032 598 2173 666 peri-

596 680 780 733 mitur.
810 679 944 734 Tum
1011 681 1178 737 [initia
1212 682 1496 753 Nepotiani
1532 694 1886 756 cognatorum
1940 686 2171 742 familia-

596 771 848 838 riumque
898 772 1164 840 sanguine
1226 785 1507 828 cruentata
1539 774 1640 846 (a).
1678 775 1994 845 Eutropium
2052 777 2171 845 ejus

598 872 773 915 mater
797 863 1120 917 obtrunrata
1150 873 1233 918 est
1269 883 1280 918 :
1309 867 1434 919 caesi
1469 867 1597 919 item
1626 866 1927 921 Abuterius
1958 878 2009 921 rt
2037 866 2172 937 Spe-

597 952 807 1006 rantius
841 956 907 1006 de
954 953 1255 1009 Athanasio
1307 955 1445 1010 bene
1485 957 1683 1019 meriti,
1722 957 1813 1025 qui
1864 972 2011 1021 eum,
2048 972 2168 1010 cum

594 1038 781 1095 Rom
834 1042 1091 1111 degeret,
1151 1043 1434 1099 beneficiis
1491 1044 1755 1114 donisque
1803 1045 2167 1101 cumularant.

596 1134 837 1199 Quorum
863 1135 1105 1188 omnium
1129 1146 1315 1190 ensum
1345 1136 1667 1205 deploravit,
1700 1137 1948 1207 fusisque
1985 1136 2170 1207 lacry-

596 1225 699 1276 mis
725 1233 1043 1291 prosecutus
1069 1235 1152 1279 est
1191 1226 1544 1281 Athanasius.
1842 1275 1855 1286 ,

664 1315 718 1368 5.
743 1313 1080 1370 Constantius
1112 1316 1245 1370 bello
1276 1314 1493 1370 Persico
1519 1317 1809 1396 expeditus.
1837 1318 2171 1389 Magnentius

596 1416 836 1460 oratores
870 1407 1029 1461 mittit
1075 1409 1144 1459 ad
1195 1407 1581 1462 Constantium.
1605 1439 1675 1449 —
1705 1409 1840 1464 Dum
1887 1409 2170 1463 seditioni-

595 1496 694 1550 bus
729 1496 992 1552 Occidens
1024 1498 1410 1568 conflagraret,
1449 1500 1502 1553 iu
1528 1498 1749 1554 Oriente
1774 1499 1955 1554 Persze
1987 1501 2168 1553 redin-

597 1596 807 1655 tegrato
840 1588 981 1643 bello
1008 1589 1109 1644 sub
1135 1589 1339 1656 Sapore
1382 1605 1506 1660 rege
1531 1591 1629 1661 (ὁ),
1655 1590 1866 1645 Nisibin
1917 1590 2171 1646 Orienta-

596 1678 725 1729 lium
788 1681 1019 1745 partium
1071 1680 1384 1748 praesidium
1443 1681 1558 1749 jam
1608 1681 1771 1735 tertio
1823 1681 2165 1736 obsidebant.

594 1766 840 1836 Cumque
861 1778 1049 1823 contra
1078 1780 1257 1824 tantas
1298 1770 1636 1825 difficultates
1666 1771 2017 1828 Constantius
2040 1787 2171 1827 con-

595 1855 717 1910 silio
746 1857 880 1910 satis
909 1859 1190 1927 providere
1216 1874 1320 1913 non
1359 1868 1575 1926 posset,
1607 1869 1908 1928 opportune
1938 1862 2168 1937 accessit
2201 1840 2243 1896 Β

597 1947 689 2002 Dei
715 1948 1041 2003 subsidium.
1076 1949 1333 2005 Precibus
1364 1963 1601 2018 namque
1636 1949 1822 2005 Jacobi
1868 1950 2167 2006 Nisibensis

598 2046 711 2092 tum
739 2041 1031 2095 sanctitate
1061 2040 1339 2110 signisque
1366 2041 1639 2111 pricclari,
1680 2040 1861 2097 Persae
1885 2044 2052 2097 variis
2083 2042 2167 2097 di-

592 2132 795 2184 vinitus
824 2131 1085 2187 immissis
1123 2133 1374 2188 cladibus
1415 2134 1927 2204 calamitatibusque
1960 2134 2163 2195 amicti,

593 2222 763 2292 fugati
792 2224 1005 2279 tandem
1035 2236 1183 2283 sunt.
1208 2225 1560 2281 Constantius
1588 2242 1720 2281 vero
1760 2241 1825 2281 ea
1865 2236 2020 2289 parte
2057 2225 2167 2280 sol-

593 2314 889 2371 liei.udinis
918 2316 1148 2381 levatus,
1175 2317 1465 2387 diligenter
1501 2318 1738 2386 undique
1770 2317 1821 2370 in
1874 2316 2164 2371 Vetranio-

592 2421 716 2459 nem
745 2415 800 2458 et
853 2406 1223 2475 Magnentium
1280 2407 1466 2476 copias
1519 2408 1787 2477 cogebat,
1851 2407 2167 2478 ingentique

592 2507 906 2566 comparato
935 2500 1202 2563 exercitu,
1235 2499 1437 2553 milites
1480 2513 1728 2568 quosque
1770 2497 2021 2554 hortatus
2060 2508 2165 2563 est,

591 2590 684 2659 qui
720 2590 954 2643 nondum
988 2604 1144 2645 sacro
1174 2591 1519 2659 baptismatis
1571 2592 1719 2645 fonte
1757 2590 1926 2645 abluti
1956 2598 2160 2653 essent,

592 2689 650 2732 ut
674 2679 1073 2748 quamprimum
1102 2683 1433 2737 sacramenti
1476 2681 1635 2747 hujus
1662 2681 1925 2736 beneficio
1966 2696 2163 2751 pecca-

594 2779 768 2822 torum
791 2771 982 2825 sordes
997 2771 1349 2842 deponerent.
1371 2772 1515 2828 Inter
1538 2775 1650 2829 haac
1676 2772 2018 2843 Magnentius
2041 2788 2164 2828 ora-

592 2869 740 2915 tores
772 2864 838 2917 ad
868 2862 1245 2919 Constantium
1285 2866 1432 2921 misit
1455 2867 1757 2923 Servatium
1792 2866 2160 2937 Tuugrensem

590 2954 928 3021 episcopum,
957 2968 1009 3009 et
1052 2956 1342 3012 Maximum
1388 2960 1515 3013 item
1564 2960 1902 3028 episcopum,
1933 2961 2164 3015 aulicos-

588 3057 697 3112 que
731 3046 886 3109 duos,
917 3046 1273 3102 Clementium
1311 3059 1364 3104 et
1412 3050 1713 3105 Valentem.
1768 3050 1965 3106 Valens
1990 3053 2042 3107 in
2072 3053 2164 3107 Li-

589 3135 748 3208 byam
777 3143 1079 3203 contendit.
1129 3142 1265 3211 ejus,
1302 3155 1360 3198 ut
1390 3145 1623 3210 videtur,
1681 3147 1749 3200 ad
1804 3146 2161 3204 defectionem
2191 3176 2232 3233 ρ

588 3229 949 3287 sollicitanda:
978 3238 1180 3290 studio.
1217 3237 1551 3293 Athanasius
1579 3253 1741 3308 porro
1772 3256 1895 3295 cum
1928 3243 2163 3310 accepis-

588 3332 673 3377 set
700 3321 977 3379 Valentem
1009 3342 1104 3394 per
1127 3327 1350 3398 Libyam
1385 3330 1491 3383 iter
1518 3330 1718 3386 habere
1737 3370 1753 3395 ,
1813 3334 2165 3388 vehementer

590 3414 863 3479 extimuit,
897 3418 1099 3473 veritus
1129 3436 1194 3473 ne
1225 3420 1501 3491 quidpiam
1548 3422 1638 3476 ille
1680 3422 1941 3477 facinoris
1973 3439 2163 3494 aggre-

590 3506 851 3571 deretur;
908 3523 1010 3560 neu
1043 3508 1360 3565 Constantis
1386 3511 1597 3576 amicis,
1633 3514 1832 3582 quibus
1872 3513 1990 3584 ipse
2039 3530 2161 3569 cum

591 3596 782 3663 primis
838 3600 1333 3663 annumerabatur,
1370 3601 1640 3658 violentas
1687 3605 1914 3661 inferret
1952 3622 2158 3663 manus.

589 3686 857 3751 Quorsum
892 3698 1071 3744 autem
1124 3692 1358 3746 abierint
1402 3694 1671 3765 ejusmodi
1734 3697 1979 3753 Valentis
2009 3699 2165 3753 moli-

590 3779 762 3845 mina,
786 3780 950 3848 quive
974 3782 1049 3835 rei
1079 3781 1243 3836 fuerit
1268 3785 1468 3849 exitus,
1503 3802 1608 3841 non
1652 3785 1824 3843 fertur
1851 3790 1990 3860 apud
2019 3791 2162 3845 illius

574 3869 688 3922 »αξνί
726 3872 1044 3939 scriptores.
1081 3872 1414 3931 Clementius
1458 3877 1599 3932 alter
1651 3877 1895 3947 legatus,
1928 3881 2163 3935 Alexan-

590 3958 765 4012 driam
790 3962 1084 4029 profectus,
1121 3963 1475 4021 Athanasium
1514 3971 1800 4037 convenit;
1838 3987 2072 4041 cumque
2097 3974 2162 4027 de

588 4048 885 4105 Constante
919 4067 1137 4107 suorum
1172 4054 1396 4123 perfidia
1434 4057 1705 4113 trucidato
1736 4060 1896 4113 verba
1935 4060 2158 4122 faceret,

590 4139 645 4193 in
681 4139 949 4211 lacrymas
1000 4155 1222 4200 sanctus
1286 4146 1482 4215 praesul
1529 4150 1726 4217 erupit,
1767 4151 2162 4221 gemitibusque

586 4229 689 4284 viri
724 4233 921 4285 caedem
956 4229 1374 4291 latueritabatttr.
1423 4234 1558 4288 Tum
1595 4251 1693 4303 pro
1736 4236 2044 4291 Constantii
2082 4240 2163 4291 in-

587 4321 896 4378 columitate
929 4325 1139 4379 Damiui
1172 4341 1327 4394 opem
1374 4326 1720 4396 imploravit;
1771 4329 2161 4397 prmaentibus-

585 4426 690 4480 que
719 4412 1057 4471 Felicissimo
1085 4416 1309 4488 Egyptl
1348 4417 1505 4482 duce,
1544 4417 1742 4473 Rufino
1775 4420 2114 4473 Ihesaurario
2143 4461 2157 4485 ,

2275 597 2421 651 culte
2449 598 2752 654 maledictis
2786 610 3026 668 serpere,
3054 604 3283 658 crimina
3312 606 3421 675 jam
3482 612 3609 665 olim
3642 618 3845 682 oblata,

2277 688 2549 758 totiesque
2581 690 2803 759 depulsa
2836 692 3087 747 ementiri
3129 710 3254 749 vera
3291 712 3433 762 esse,
3487 702 3700 760 Arsenii
3757 726 3852 765 ne-

2272 794 2413 845 cem,
2443 795 2685 835 mensam
2709 796 2977 849 eversam,
3004 784 3239 838 fractum
3269 789 3519 855 poculum
3546 794 3729 851 denuo
3756 816 3852 869 0p-

2274 884 2493 932 ponere,
2529 886 2594 924 co
2630 885 2821 941 nempe
2850 872 3097 937 consilio,
3129 884 3189 929 ut
3239 891 3394 932 versa
3428 896 3609 937 rerum
3663 891 3852 945 condi.

2275 959 2444 1023 tione,
2475 961 2629 1016 liberi
2689 973 2832 1017 metu
2862 1004 2878 1028 ,
2930 966 3287 1023 Athanasium
3332 970 3574 1042 aliosque
3623 979 3853 1038 infestos

2274 1048 2379 1102 sibi
2406 1049 2662 1117 praesules
2689 1062 2807 1105 astu
2843 1052 3165 1124 insidiisque
3194 1058 3683 1121 circumvenirent.
3714 1070 3845 1136 Qui-

2274 1138 2374 1193 bus
2422 1142 2721 1209 perspectis
2773 1143 3103 1202 Athanasius
3152 1150 3419 1217 prolixmn
3477 1155 3621 1211 illam
3683 1162 3853 1216 edidit

2272 1230 2600 1298 apologiam,
2638 1242 2954 1302 antequam,
2979 1248 3036 1291 ut
3078 1253 3143 1292 ex
3176 1243 3543 1311 compluribus
3578 1248 3695 1317 ejus
3724 1250 3853 1305 locis

2274 1321 2707 1382 animadvertere
2756 1339 2875 1397 est,
2912 1331 3172 1391 Ursacius
3222 1346 3280 1391 et
3325 1340 3541 1407 Valens,
3582 1345 3674 1413 qui
3727 1347 3851 1400 ficta

2274 1414 2594 1482 pmnitcntia
2648 1417 2963 1476 defecerant
3000 1425 3333 1495 abArianis,
3381 1441 3598 1489 mutata:
3655 1437 3851 1491 iterum

2271 1506 2552 1560 sententia:
2575 1509 2726 1580 signa
2754 1511 2969 1581 darent,
3007 1530 3070 1571 ac
3100 1534 3236 1574 nova
3265 1522 3585 1580 molirentur
3606 1526 3657 1580 in
3682 1528 3853 1583 Atha-

2274 1596 2411 1651 nasii
2440 1600 2761 1667 perniciem.
2806 1601 2863 1657 ln
2900 1620 2961 1660 ea
3009 1608 3173 1676 igitur
3217 1612 3460 1682 apologis
3497 1618 3581 1669 vir
3628 1630 3853 1676 sanctus

2272 1699 2335 1739 ex
2366 1687 2497 1756 ipsis
2531 1703 2711 1745 rerum
2741 1693 2880 1748 ac.is
2907 1703 2960 1749 et
2990 1701 3356 1755 monumentis
3389 1701 3523 1757 falsa
3554 1706 3658 1760 sibi
3705 1724 3855 1762 com-

2272 1779 2488 1844 probat,
2526 1789 2581 1833 et
2612 1781 2726 1851 jam
2787 1784 3057 1842 multoties
3121 1791 3335 1860 repulsa
3365 1794 3526 1864 ol-jici
3577 1800 3809 1853 crimina
3840 1824 3851 1856 :

2278 1868 2474 1923 malam
2510 1882 2769 1936 mentem,
2806 1876 3004 1930 malum
3048 1880 3286 1936 animum
3320 1884 3662 1941 inimicorum
3697 1902 3854 1958 pate-

2276 1960 2424 2014 facit.
2454 1961 2927 2030 Supervacaneum
2963 1969 3056 2036 ait,
3106 1969 3173 2025 de
3228 1974 3425 2041 quibus
3460 1970 3852 2047 tatiesjudica-

2273 2056 2385 2101 tum
2420 2048 2613 2118 fuerat,
2642 2053 2829 2107 eadem
2863 2056 3035 2111 denuo
3082 2058 3133 2113 in
3174 2058 3441 2128 judicium
3475 2068 3682 2121 vocari.
3720 2071 3854 2125 Esse

2276 2139 2484 2194 Ursacii
2516 2153 2569 2197 et
2602 2142 2846 2200 Valentis
2879 2149 3250 2217 paenitentiam
3281 2153 3346 2208 ad
3384 2155 3711 2213 innocentiae
3737 2176 3849 2216 sua:

2273 2233 2639 2289 testimonium
2673 2238 2849 2305 satis;
2909 2254 3008 2295 suo
3054 2242 3201 2310 ipsos
3230 2255 3387 2311 nutu,
3438 2249 3695 2320 nulloque
3760 2269 3855 2308 co-

2273 2330 2453 2389 gente,
2495 2323 2622 2379 facti
2648 2327 2861 2381 veniam
2894 2329 3223 2396 postulasse.
3262 2333 3468 2390 C:etera
3515 2348 3696 2390 autem
3732 2354 3855 2410 qua:

2273 2410 2361 2465 iile
2391 2416 2755 2484 persequitur,
2796 2418 2907 2473 suis
2930 2418 3045 2489 jam
3075 2420 3128 2475 in
3158 2422 3293 2479 locis
3314 2426 3583 2498 descripta
3605 2440 3656 2482 et
3687 2446 3851 2485 enar-

2272 2511 2385 2555 rata
2418 2514 2563 2558 sunt.

2348 2592 2402 2646 5.
2423 2591 2721 2650 Constantii
2755 2596 2947 2653 littera’
2973 2600 3041 2651 ad
3071 2600 3447 2659 Athanasium.
3470 2637 3539 2649 —
3567 2607 3659 2660 Ait
3686 2624 3852 2676 porro

2274 2682 2531 2737 Socrates
2564 2682 2665 2755 (ά),
2700 2681 2915 2741 eosdem
2947 2688 3228 2744 Athanasii
3257 2692 3598 2750 adversarios
3648 2713 3848 2754 nomen

2270 2772 2387 2837 ejus
2416 2775 2554 2842 apud
2591 2775 2972 2844 imperatorem
3025 2780 3302 2845 detulisse,
3346 2786 3488 2853 quod
3542 2800 3638 2855 per
3687 2787 3854 2860 Egy-

2270 2874 2418 2932 ptum
2453 2874 2615 2934 atque
2658 2864 2881 2937 Libyam
2918 2868 3104 2924 turbas
3159 2872 3559 2945 sedilionesque
3605 2879 3853 2933 concita-

2272 2969 2373 3023 ret,
2408 2965 2571 3027 atque
2609 2970 2809 3026 praeter
2839 2959 3094 3016 Ecclesia:
3120 2965 3360 3034 regulam
3399 2967 3449 3021 in
3482 2968 3679 3024 alienis
3717 2986 3847 3040 pro-

2272 3050 2462 3105 vinciis
2506 3050 2790 3121 episcopos
2818 3055 3188 3113 constitueret.
3241 3059 3437 3114 Verum
3489 3060 3849 3119 Constantius

2272 3138 2652 3210 Magnentiauo
2707 3150 2816 3196 tum
2852 3144 2994 3199 bello
3046 3158 3364 3217 occupatus.
3418 3144 3485 3206 ac
3529 3156 3847 3224 prapediem

2263 3246 2496 3299 pugnam
2524 3234 2934 3301 commissurus,
2977 3239 3200 3305 veritus,
3229 3252 3287 3295 ut
3318 3245 3575 3298 credibile
3623 3256 3708 3300 est
3744 3246 3845 3319 (e),

2263 3337 2353 3385 ne,
2374 3322 2432 3391 Isi
2473 3339 2635 3397 quam
2665 3326 2964 3383 Athanasio
2987 3329 3208 3387 inferret
3239 3334 3538 3389 molestiam
3567 3345 3660 3391 aut
3695 3340 3851 3393 cala-

2265 3404 2538 3478 mitatem,
2577 3416 2702 3471 hinc
2731 3433 2907 3474 causa!
2941 3422 3142 3476 irarum
3174 3425 3550 3482 suborirentur
3596 3444 3662 3483 ac
3699 3431 3852 3485 sedi-

2265 3503 2464 3559 tionum
2495 3508 2635 3575 apud
2664 3509 3084 3568 Alexandrinam
3113 3514 3318 3584 plebem
3338 3518 3619 3574 Athanasii
3658 3535 3853 3574 aman-

2265 3594 2550 3661 tissimam,
2586 3599 2863 3657 Asterium
2928 3607 3207 3673 comitem,
3259 3608 3385 3664 olim
3428 3611 3701 3665 Armeniae
3742 3612 3849 3666 du-

2261 3699 2402 3748 cem,
2458 3696 2512 3740 et
2558 3686 2855 3767 Palladium
2908 3694 3089 3763 palatii
3148 3698 3465 3766 magistrum
3520 3700 3669 3754 misit
3717 3710 3847 3756 cum

2262 3773 2456 3829 litteris
2486 3777 2551 3830 ad
2591 3777 2983 3837 Felicissimum
3034 3783 3247 3856 Egypti
3298 3787 3489 3843 ducem
3537 3800 3593 3844 et
3645 3792 3713 3845 ad
3750 3791 3857 3848 Ne-

2261 3866 2488 3920 storium
2515 3869 2853 3939 praefectum,
2881 3875 3052 3931 arceri
3079 3877 3277 3944 jubens
3309 3876 3617 3949 Philippum
3661 3898 3854 3951 quem-

2263 3956 2384 4010 dam
2410 3973 2473 4012 ac
2500 3962 2749 4028 quemvis
2774 3964 2939 4020 alium
2971 3968 3037 4021 ab
3066 3968 3275 4024 insidiis
3314 3970 3613 4027 Athanasio
3642 3989 3850 4045 paran-

2262 4048 2363 4103 dis.
2411 4051 2716 4123 lisdemque
2768 4058 2977 4114 litteras
3030 4058 3179 4115 dedit
3239 4059 3432 4118 Latine
3486 4063 3724 4135 scriptas
3779 4070 3849 4122 ad

2261 4143 2616 4200 Athanasium
2643 4148 3001 4218 deferendas;
3030 4152 3226 4223 quibus
3260 4153 3535 4224 deplorata
3569 4157 3849 4213 Constan-

2267 4233 2334 4286 tis
2368 4233 2552 4291 fratris
2606 4253 2760 4304 nece,
2806 4243 3162 4298 Athanasium
3192 4244 3357 4300 lidere
3403 4246 3574 4314 jubet,
3616 4262 3717 4303 nec
3750 4251 3853 4303 ad-

2268 4326 2633 4381 versariorum
2668 4330 3119 4389 machinamentis
3160 4340 3470 4406 perterreri,
3518 4341 3612 4394 sed
3676 4356 3851 4410 popu-

2264 4413 2371 4469 lum
2400 4416 2627 4474 edocere
2657 4435 2838 4476 veram
2868 4425 3121 4492 pietatem
3144 4442 3209 4482 ac
3238 4428 3572 4499 religionem,
3609 4433 3753 4487 velle
3786 4451 3847 4488 sc

585 4504 862 4573 Stephano
889 4509 1165 4578 magistro,
1196 4510 1412 4563 Asterio
1439 4511 1664 4573 comite,
1707 4508 1948 4564 Palladio
1978 4512 2155 4581 palatii
2190 4514 2233 4570 D
2264 4519 2326 4559 ³ο
2352 4518 2643 4575 ρθνοριπθ
2672 4518 2729 4563 lli
2768 4509 2821 4565 in
2851 4512 2983 4567 sede
3002 4514 3363 4571 Alexandrina
3411 4518 3848 4588 imperturbatus

583 4599 864 4668 magistro,
889 4602 980 4669 qui
1018 4602 1182 4656 ambo
1223 4603 1371 4656 missi
1406 4602 1643 4668 fuerant,
1679 4612 1736 4655 ut
1764 4605 1888 4656 mos
1919 4604 2153 4666 dicetur,

580 4703 612 4741 a
648 4687 995 4758 Constantio;
1027 4694 1295 4748 Antiocho
1326 4704 1382 4747 et
1405 4694 1639 4764 Evagrio
1678 4695 1963 4764 agentibus
1990 4698 2041 4749 in
2073 4712 2157 4750 re-

580 4778 704 4845 bus,
738 4783 899 4837 hasce
924 4785 1194 4852 supplices
1224 4786 1506 4840 emittebat
1543 4801 1745 4840 voces:
1800 4784 2021 4841 Oremus
2062 4803 2155 4855 pro

581 4870 753 4922 salute
771 4872 995 4938 piissimi
1024 4874 1249 4942 Augusti
1291 4872 1613 4929 Constantii.
1668 4875 2011 4946 Populusque
2049 4892 2152 4929 una

581 4972 714 5013 voce
731 4963 913 5015 statim
933 4963 1249 5018 acclamavit
1266 4981 1281 5018 :
1300 4964 1524 5031 Cluiste,
1539 4967 1803 5020 auxiliare
1822 4966 2151 5021 Constantio.

583 5048 649 5102 Et
680 5051 793 5106 hate
817 5056 1087 5122 precando
1117 5055 1429 5126 aliquandiu
1455 5060 1840 5127 perseveravit.

657 5137 709 5195 ι.
749 5141 945 5194 Ariani
972 5144 1196 5199 crimina
1232 5147 1591 5217 redintegrant
1627 5148 1680 5200 in
1709 5148 2152 5201 Athanasium.—

582 5228 899 5286 Consmntis
929 5245 1072 5289 metu
1107 5246 1162 5289 et
1189 5238 1518 5291 auctoritate
1566 5238 1837 5307 perterriti
1866 5237 2149 5293 Athanasii

581 5323 901 5389 adversarii,
947 5326 1081 5380 nihil
1108 5331 1223 5382 ausi
1262 5339 1411 5394 sunt,
1466 5328 1558 5382 illo
1598 5328 1910 5396 superstite,
1946 5329 1999 5382 in
2031 5344 2153 5382 san-

581 5419 727 5462 ctum
757 5412 1043 5479 przcsulcm
1097 5429 1315 5469 movere
1366 5416 1458 5484 (ε).
1517 5415 1645 5482 Ejus
1683 5424 1860 5469 autem
1902 5416 2171 5484 evulgata'

652 5586 730 5658 (ιι)
758 5591 957 5646 Athan.
996 5590 1151 5650 Apol.
1189 5592 1256 5643 ad
1288 5588 1581 5659 Constant.,
1618 5610 1648 5646 n
1705 5593 1758 5646 6.

652 5661 746 5727 (ὁ)
786 5659 1014 5721 Victor.,
1048 5660 1255 5729 Eutrop
1284 5701 1297 5723 ,
1329 5659 1533 5714 Zosim.

658 5730 730 5796 (ί)
759 5732 975 5799 Apolog.
1002 5742 1182 5783 contra
1207 5732 1370 5783 Ariun
1402 5770 1414 5797 ,
1442 5734 1540 5788 sub
1570 5732 1803 5787 initium.

654 5799 731 5865 (ά)
762 5799 874 5854 Lib.
907 5815 963 5864 tt,
983 5814 1101 5867 cap.
1136 5799 1224 5852 20.

1048 6010 1059 6039 ξ

2262 4611 2476 4666 semper
2501 4602 2782 4657 consistat.
2819 4604 2994 4661 Hasce
3022 4606 3229 4663 litteras
3271 4610 3603 4667 Athanasius
3635 4629 3737 4668 ceu
3764 4616 3849 4669 in-

2262 4686 2447 4741 ducias
2487 4689 2635 4757 belli,
2685 4692 2827 4747 haud
2873 4695 2945 4748 ita
2972 4698 3138 4752 multo
3178 4709 3298 4768 post
3336 4698 3523 4765 futuri,
3560 4705 3848 4775 accepisse

2264 4776 2510 4830 videtur:
2549 4794 2655 4833 non
2690 4782 2933 4850 ignarum
2989 4787 3187 4856 quippe
3239 4786 3406 4843 fuisse
3451 4792 3791 4848 arbitramur
3829 4839 3846 4861 ,

2261 4878 2642 4936 exasperatum
2678 4872 2977 4929 Constantii
3019 4878 3259 4931 animum
3287 4876 3539 4934 simulato
3576 4883 3848 4941 beneficio

2261 4959 2467 5013 occulta
2477 4962 2539 5015 ri.

2335 5047 2388 5101 6.
2436 5048 2680 5106 Vetranio
2714 5055 3016 5111 abdicatus.
3048 5056 3488 5116 ——Constantius
3517 5078 3684 5133 porro
3717 5082 3843 5121 cum

2261 5142 2448 5206 grandi
2480 5143 2673 5199 itinere
2726 5147 3018 5219 multisque
3061 5153 3365 5221 peragratis
3411 5155 3727 5213 nationibus
3786 5160 3841 5213 in

2261 5230 2478 5287 Daciam
2513 5240 2872 5306 pervenisset,
2913 5241 3286 5299 Vetranionem
3311 5263 3601 5303 numeroso
3634 5251 3844 5307 instru-

2258 5332 2403 5377 ctum
2437 5329 2681 5383 exercitu
2711 5331 2935 5389 offendit
2965 5335 3076 5405 (f);
3114 5347 3475 5407 eventumque
3518 5355 3714 5411 pugnae
3752 5359 3841 5397 re-

2264 5410 2593 5484 formidans,
2627 5430 2685 5474 ut
2721 5433 2838 5477 astu
2865 5423 3180 5492 declinaret,
3223 5430 3288 5483 de
3321 5429 3472 5498 paris
3498 5410 3841 5487 conditioni-

2327 5599 2397 5669 (e)
2424 5604 2642 5678 Apolog.
2668 5607 2736 5660 ad
2771 5606 3157 5673 Constantium,
3218 5625 3271 5664 n.
3304 5608 3393 5675 22,
3429 5609 3534 5678 2'5;
3591 5604 3838 5666 Historia

2253 5677 2320 5723 ml
2349 5677 2645 5740 monachos,
2682 5692 2732 5728 tt.
2765 5678 2853 5731 24.

2325 5738 2391 5860 (9
2427 5738 2640 5826 Sperat.
2670 5747 2762 5802 lib.
2795 5762 2854 5817 ιι,
2893 5764 3011 5820 cap.
3044 5749 3153 5818 98;
3191 5749 3416 5803 Sozam.
3452 5749 3546 5803 lib.
3601 5767 3674 5818 tv,
3707 5768 3835 5820 cap.

2394 5829 2550 5860 nsum-
2585 5815 2671 5860 lih.
2705 5832 2759 5860 Il.

2249 5812 2314 5877 4;
2350 5812 2551 5869 Zosiln.
2583 5815 2672 5870 lib.
2705 5832 2762 5871 ll.
