4038 6532
18 9 359 133 κη
472 22 751 33 η

1456 389 1619 447 VITA
1658 391 1713 447 S.
1755 388 2149 448 ATIIANASIL

152 511 355 578 arrigere
381 505 537 562 velle
578 507 869 565 simulat.
907 507 1040 564 Tum
1083 507 1172 561 ubi
1204 520 1369 563 senex
1421 506 1542 575 ille,
1580 507 1728 562 Con-
1756 513 1801 570 Α
1834 508 1961 573 tius,
1995 508 2086 576 qui
2129 508 2245 575 jam
2290 505 2512 563 nimium
2563 507 2616 567 in
2654 508 2887 566 Arianas
2921 526 3009 567 res
3055 513 3237 569 animo
3283 530 3414 585 pro~'

3278 411 3408 453 CXIII

151 598 274 653 suntii
296 604 408 650 arte
442 594 737 663 delusus,
774 596 839 650 iu
901 605 1248 667 conspectum
1283 595 1402 667 ejus
1453 596 1727 660 venisset,

150 694 184 746 in
201 698 473 760 suggestum
508 690 708 745 ambo
741 690 1152 750 conscendunt,
1203 688 1733 743 circumsistentilms

151 783 320 852 undique
343 780 667 836 militibus.
706 780 1083 837 Constantius
1112 789 1328 843 autem,
1375 780 1469 849 qui
1517 780 1729 834 occulta

150 876 367 946 largitione
390 874 662 927 militum
698 874 818 928 sibi
852 873 1067 948 animos
1104 872 1443 938 devimerat,
1489 872 1731 942 pluribus

151 980 522 1022 commemorare
588 963 979 1020 Constantini
1025 964 1284 1018 beneficia
1314 1003 1330 1027 ,
1381 972 1730 1018 sacramenta

154 1060 319 1115 militum
346 1056 416 1111 ob
444 1055 667 1111 oculos
703 1071 953 1124 ponere,
988 1073 1099 1111 rem
1157 1056 1434 1124 indignam
1496 1055 1686 1109 dicens
1711 1095 1728 1121 ,

159 1167 381 1225 tyrannum
401 1165 556 1205 caeso
576 1150 967 1205 Constantini
993 1150 1100 1203 filio
1123 1148 1406 1218 imperium
1440 1148 1728 1202 invasisse.

157 1246 252 1301 Tum
280 1244 477 1297 milites
511 1257 636 1297 uno
666 1258 780 1298 ore
816 1244 1082 1307 clamare,
1119 1242 1334 1295 nonnisi
1384 1240 1729 1294 Constantini

157 1336 234 1391 lilio
256 1332 614 1387 deferendum
656 1333 969 1403 imperium
996 1347 1133 1395 esse,
1167 1332 1340 1401 ipsum
1372 1330 1546 1383 solum
1578 1330 1733 1382 inau-

152 1427 286 1498 gurari
316 1436 609 1494 oportere.
647 1424 936 1479 Vctranio
969 1434 1148 1479 autem
1173 1431 1320 1477 tanta
1354 1437 1535 1475 rerum
1576 1418 1731 1473 incli-

152 1521 321 1573 natione
342 1517 723 1587 perterritns,
763 1517 1024 1584 protinus
1083 1530 1149 1569 ex
1196 1523 1449 1584 suggestu
1507 1513 1732 1565 descen-

152 1612 265 1673 dens,
290 1610 525 1679 insignia
556 1609 797 1677 imperii
830 1608 903 1661 ad
936 1608 1095 1677 pedes
1121 1604 1424 1661 Constantii
1456 1603 1727 1672 deposuit;

152 1718 269 1770 quem
301 1701 747 1770 perhumaniter
818 1699 1174 1755 Constantius
1232 1705 1560 1763 exceptum,
1598 1694 1733 1747 Pru-

152 1796 349 1861 siamque
407 1792 465 1845 in
526 1790 809 1858 Bithynia
856 1788 1103 1849 missum,
1148 1785 1398 1839 omnibus
1428 1784 1497 1837 ad
1534 1785 1731 1836 victum

156 1888 513 1953 honestumque
546 1882 776 1937 cultum
843 1880 1171 1936 necessariis
1222 1876 1500 1932 instruxit.
1549 1874 1727 1928 Senex

156 1992 250 2030 vero
284 1976 380 2045 piis
412 1976 550 2029 hinc
582 1976 863 2044 operibus
898 1974 1133 2037 deditus,
1169 1971 1435 2039 reliquum
1470 1968 1592 2021 vita:
1622 1980 1733 2021 suae

154 2080 323 2136 tempus
379 2066 559 2134 probe
627 2074 688 2120 et
749 2075 812 2121 ut
865 2065 1239 2119 Christianum
1271 2059 1493 2115 decebat
1531 2059 1728 2126 exegit.

1763 1847 1807 1903 Β

1834 601 2147 669 pendebat,
2198 608 2344 661 totus
2396 601 2615 656 demum
2670 605 2737 657 ad
2799 604 3177 661 hereticorum
3226 617 3411 676 partes

1833 692 2141 746 accederet.
2180 691 2332 757 Quod
2361 706 2467 761 qua
2498 694 2708 749 ratione
2738 705 2949 764 gestum
2982 699 3184 762 sit,ita
3220 708 3411 753 narrat

1836 780 2103 849 Sulpitius
2138 781 2372 836 Severus
2408 799 2420 835 :
2470 801 2490 833 ι
2521 781 2675 837 Nacti
2709 800 2838 853 ergo
2883 786 3068 840 Ariani
3103 788 3409 845 istiusmodi

1831 872 2198 939 occasionem,
2231 874 2552 943 conspirant
2600 877 2817 944 penitus
2853 876 3192 934 Sardiceusis
3219 881 3411 951 synodi

1834 969 2055 1023 decreta
2088 967 2430 1024 subvertere.
2465 968 2679 1023 Etenim
2710 970 2790 1023 eis
2829 971 2981 1023 color
3003 969 3226 1039 quidam
3277 984 3412 1038 sup-

1835 1068 2025 1127 petere
2089 1058 2412 1115 videbatur:
2475 1061 2620 1130 quod
2659 1071 2766 1114 tam
2809 1060 3008 1128 injuste
3060 1060 3256 1116 fuisset
3313 1076 3413 1128 pro

1832 1149 2140 1204 Athanasio
2163 1147 2485 1216 judicatum,
2526 1167 2689 1220 quam
2722 1151 3008 1206 Marcellus
3040 1152 3217 1206 fuerat
3250 1154 3416 1208 abso-

1833 1242 1999 1306 lutus,
2041 1241 2137 1309 qui
2179 1256 2323 1295 nunc
2357 1244 2525 1295 etiam
2555 1243 2843 1298 Athanasii
2890 1244 3095 1313 judicio
3123 1245 3415 1300 haereticus

1833 1347 1954 1387 esse
1978 1333 2323 1400 probaretur.
2352 1330 2601 1401 Namque
2643 1333 2933 1388 Marcellus
2958 1334 3278 1389 Sabelliana:
3310 1336 3417 1390 ha:-

1834 1425 1972 1479 resis
1996 1434 2250 1478 assertor
2275 1426 2561 1479 exstiterat
2587 1442 2601 1478 :
2632 1423 2893 1479 Photinus
2918 1440 3046 1478 vero
3077 1411 3269 1478 novatn
3300 1426 3415 1480 ha:-

1834 1517 1999 1572 resim
2026 1515 2138 1583 jam
2199 1526 2324 1571 ante
2369 1516 2693 1585 protulerat,
2729 1530 2757 1568 a
2814 1515 3057 1581 Sabellio
3107 1517 3327 1584 quidem
3361 1518 3415 1570 in

1834 1609 2035 1663 unione
2078 1609 2442 1672 dissentiens;
2504 1608 2598 1663 sed
2638 1608 2852 1661 initium
2884 1607 3089 1661 Christi
3138 1623 3204 1663 ex
3246 1607 3418 1666 Maria

1834 1699 2182 1770 praedicabat.
2214 1700 2386 1768 Igitur
2442 1700 2632 1753 Ariani
2661 1709 2845 1753 astuto
2899 1699 3132 1754 consilio
3188 1702 3419 1755 miscent

1836 1792 2118 1847 innoxium
2168 1791 2482 1845 criminosis
2534 1790 3057 1860 damuationemqtte
3094 1790 3314 1848 Photini
3366 1806 3421 1848 et

1834 1883 2065 1938 Marcelli
2091 1892 2143 1936 et
2190 1882 2481 1937 Athanasii
2525 1883 2716 1936 eadem
2757 1883 3028 1936 sententia
3062 1884 3422 1949 camprehen-

1833 1976 1993 2030 dunt:
2029 1974 2157 2028 illud
2190 1975 2447 2028 nimirum
2467 1974 2607 2042 apud
2634 1975 3020 2043 imperatorum
3047 1976 3257 2030 animos
3280 1993 3421 2044 pra:—

1833 2077 2123 2129 struentes,
2159 2077 2216 2120 ut
2253 2082 2359 2121 non
2378 2076 2705 2134 putarentur
2725 2066 2791 2119 de
2814 2068 3116 2120 Athanasio
3131 2083 3417 2136 perperam

154 2160 347 2228 Contigit
378 2157 758 2213 Vetranionis
791 2155 1075 2211 abdicatio
1099 2168 1241 2206 anno
1267 2149 1477 2205 Ποωίιιί
1496 2148 1622 2214 ⁵5οι
1647 2147 1736 2202 die
1827 2155 2120 2223 judicasse,
2150 2171 2240 2225 qut
2270 2156 2337 2209 de
2358 2154 2604 2208 Marcello
2620 2165 2675 2208 et
2696 2154 2924 2207 Photino
2949 2169 3074 2209 vera
3098 2157 3414 2210 sensissent.

157 2252 373 2309 riu-sima
398 2250 607 2319 quinta
646 2246 995 2303 Decembris.

207 2342 336 2395 Anno
377 2341 512 2394 35L
544 2367 623 2378 —
646 2338 703 2392 1.
742 2334 1054 2391 Sirmiemt'a
1084 2329 1314 2400 synodus
1351 2326 1610 2382 Photinus
1640 2327 1736 2380 tib-

155 2434 323 2503 legatur
371 2434 427 2485 in
482 2431 783 2485 exsilium.
819 2456 895 2468 —
922 2429 1079 2480 Anno
1134 2432 1397 2491 sequente
1431 2421 1739 2474 celebratur

156 2523 353 2581 secunda
396 2521 745 2578 Sirmiensis
793 2517 1040 2588 synodus
1104 2515 1369 2568 adversus
1420 2509 1734 2571 Photiuum,

155 2624 366 2670 versante
395 2625 514 2668 tum
579 2609 786 2666 Sirmii
846 2606 1168 2663 Constantio
1206 2602 1305 2674 (α).
1364 2600 1463 2668 Qui
1512 2601 1741 2655 aderant

154 2705 381 2776 episcopi,
435 2703 699 2759 maxima
744 2714 877 2769 pars
906 2695 1211 2753 Orientales
1250 2703 1426 2748 erant.
1478 2690 1740 2746 Photinus

155 2811 309 2865 porro,
334 2812 459 2851 cum
517 2793 824 2849 obstinato
880 2788 1065 2844 animo
1115 2788 1184 2841 ad
1229 2793 1534 2839 extremum
1570 2793 1740 2848 usque

153 2903 340 2944 errores
370 2891 781 2958 propugnaret
816 2895 973 2945 suos,
1026 2879 1204 2948 impias
1257 2876 1521 2931 doctrinae
1576 2888 1739 2931 causa

149 2982 413 3039 «innatus
444 2978 872 3050 depositusque
904 2972 1027 3029 fuit.
1053 2971 1171 3037 Quo
1200 2979 1445 3040 peracto,
1478 2967 1639 3022 aliam
1680 2967 1742 3027 lie

148 3074 214 3126 dei
235 3072 524 3127 formulam
556 3068 810 3138 adjectis
838 3064 1243 3131 duodetriginta
1276 3058 1743 3121 anathematismis

1836 2247 2221 2303 Verumtamen
2262 2262 2325 2301 ea
2348 2255 2671 2316 tempestate
2713 2246 2900 2299 Ariani
2939 2244 3216 2313 perﬁdiam
3262 2260 3417 2299 suam

1834 2340 2210 2405 occultabant,
2262 2355 2379 2404 non,
2402 2339 2522 2391 ausi
2575 2336 2750 2407 palam
2800 2338 3006 2392 erroris
3039 2338 3123 2391 sui
3165 2337 3417 2405 dogmata

1836 2432 2169 2502 praedicare;
2218 2429 2516 2485 catholicos
2549 2444 2607 2483 se
2635 2428 2917 2497 gerebant,
2953 2430 3087 2483 nihil
3123 2432 3225 2484 sibi
3263 2432 3415 2500 prius
3510 2410 3515 2413 Χ

1838 2527 2103 2594 agendum
2141 2524 2267 2590 rati,
2308 2538 2469 2592 quam
2522 2531 2582 2576 ut
2609 2522 2969 2575 Athanasium
2999 2521 3257 2577 Ecclesiae
3289 2524 3421 2577 sub-

1839 2625 2140 2679 moverent,
2184 2616 2274 2684 qui
2324 2628 2544 2683 semper
2578 2613 2660 2668 eis
2712 2612 2862 2667 velut
2891 2628 3079 2666 murus
3109 2614 3419 2678 obstiterat,

1838 2722 1944 2778 quo
1982 2716 2194 2761 remoto
2230 2705 2470 2774 reliquos
2515 2705 2568 2759 in
2617 2704 2894 2757 libidinem
2955 2717 3110 2757 suam
3168 2704 3421 2758 cessuros

1839 2796 2148 2865 sperabant.
2206 2793 2312 2849 Sed
2376 2807 2502 2863 pars
2557 2793 2973 2861 episcoporum,
3035 2806 3157 2859 quae
3228 2793 3418 2846 Arium

1840 2882 2186 2960 sequebatur,
2232 2888 2637 2942 damnationem
2704 2884 2986 2938 Athanasii
3042 2885 3280 2951 cupitam
3331 2900 3425 2938 ac-

1841 2984 2008 3051 cepit,
2057 2994 2186 3048 pars
2220 2978 2394 3031 coacti
2446 2984 2590 3029 metu
2621 2983 2677 3028 et
2708 2972 2943 3026 lactioue
2983 2972 3037 3026 in
3071 2974 3244 3026 studia
3291 2988 3420 3041 par-

1843 3072 1976 3123 tium
2027 3074 2428 3124 concesserant.
2482 3064 2669 3130 Pauci,
2720 3062 2915 3131 quibus
2953 3063 3085 3117 fides
3146 3065 3310 3117 chara
3368 3073 3425 3117 et

148 3168 408 3224 ediderunt
436 3160 799 3225 Orientales,
825 3172 991 3228 quam
1022 3155 1373 3210 transmisere
1401 3153 1555 3207 nobis
1576 3152 1743 3207 Atha-
1771 3180 1812 3235 ρ
1848 3163 2048 3217 veritas
2082 3161 2261 3229 potior
2297 3168 2436 3220 erat,
2463 3157 2720 3225 injustam
2755 3155 3020 3223 judicium
3068 3169 3176 3208 non
3203 3168 3426 3222 recepe-

147 3260 305 3313 nasius
336 3268 388 3312 et
416 3252 685 3310 Hilarius
719 3250 821 3323 (b).
852 3247 911 3303 ln
933 3263 997 3303 ea
1030 3244 1241 3302 tametsi
1278 3245 1416 3299 nihil
1465 3254 1741 3314 comparet

145 3352 198 3402 ab
224 3348 613 3407 ecclesiastica
653 3344 766 3399 fide
807 3342 1107 3405 absonum,
1158 3339 1210 3396 id
1250 3338 1613 3407 suspiciosum
1664 3348 1741 3390 ta-

145 3458 245 3496 men
270 3452 359 3497 est
380 3439 534 3511 quod
564 3435 674 3491 τοῦ
707 3432 1010 3504 eumenien
1043 3446 1236 3487 nomen
1263 3438 1493 3493 tacetur,
1526 3443 1624 3485 nec
1646 3442 1743 3481 ex-

142 3531 355 3587 cluditur
379 3532 681 3587 htereseos
727 3537 1032 3583 venenum.
1096 3520 1326 3577 Photiuo
1382 3516 1567 3572 oblata
1620 3515 1743 3570 fidei

143 3622 351 3683 formula
380 3631 492 3685 est,
512 3628 604 3684 ut,
632 3617 684 3672 si
716 3630 844 3669 eam
888 3613 1047 3669 vellet
1072 3610 1474 3680 subscriptione
1502 3622 1598 3661 sua
1628 3622 1746 3660 mu-

142 3715 261 3778 nire,
292 3712 528 3782 integris
565 3708 747 3767 rebus
780 3718 945 3761 suam
975 3710 1244 3772 repeteret
1273 3701 1482 3755 sedem.
1510 3697 1745 3768 Respuit

143 3803 215 3856 ille
245 3803 636 3857 conditionem
666 3838 685 3864 ,
744 3795 1056 3861 adiensque
1110 3790 1516 3853 Constantium,
1560 3803 1619 3843 se
1654 3788 1748 3842 im-

143 3907 422 3950 merentem
451 3889 662 3947 vexari
692 3898 748 3942 et
776 3885 1030 3943 abdicari
1058 3886 1424 3952 querebatur;
1488 3882 1532 3934 si
1591 3879 1744 3948 copia

145 3986 268 4043 foret
317 3986 423 4041 sibi
478 3976 907 4050 congrediendi
946 3990 1069 4029 cum
1112 3973 1463 4037 adversariis,
1497 3986 1564 4024 ex
1598 3970 1748 4024 Scri-

146 4090 408 4145 ptararum
438 4093 504 4132 se
530 4069 892 4130 testimoniis
921 4065 1244 4121 sententiam
1271 4079 1426 4123 suam
1456 4064 1745 4119 confirma-

150 4180 336 4224 turum.
380 4164 766 4225 Constantius
824 4168 1017 4212 autem
1075 4154 1294 4210 Photini
1352 4154 1749 4223 conquestione

153 4272 437 4327 permotus,
470 4267 703 4328 septem
746 4248 957 4307 aulicis
1001 4245 1320 4316 designatis,
1366 4244 1520 4314 jubet
1563 4262 1747 4300 coram

156 4352 269 4415 ipsis
297 4353 420 4406 iniri
450 4344 946 4406 controversiam.
996 4339 1314 4407 Quanquam
1360 4339 1535 4409 turpis
1563 4341 1753 4394 condi-

163 4442 246 4504 tio,
276 4445 401 4513 quia
434 4453 629 4496 tamen
670 4436 726 4491 id
760 4431 1088 4502 imperatori
1120 4430 1172 4483 in
1199 4431 1405 4499 Optatis
1439 4441 1581 4494 erat,
1607 4431 1738 4485 deli-

1847 3263 2005 3320 runt;
2039 3254 2183 3329 inter
2226 3265 2365 3319 quos
2400 3248 2660 3303 Paulinus
2708 3249 2993 3317 episcOpus
3033 3245 3421 3309 Treverorum,

1844 3345 2022 3399 oblata
2055 3344 2154 3398 sibi
2186 3341 2411 3410 epistola
2450 3340 2524 3393 ita
2567 3339 2960 3405 subscripsisse
2993 3338 3248 3402 traditur,
3282 3352 3341 3392 se
3368 3337 3420 3391 in

1848 3431 2061 3486 Photini
2098 3439 2259 3499 atque
2294 3429 2528 3485 Marcelli
2570 3428 2971 3485 damnationem
3022 3428 3265 3496 praebere
3293 3442 3428 3481 con-

1847 3538 2088 3586 sensum,
2117 3524 2182 3576 de
2208 3522 2511 3575 Athanasio
2542 3536 2646 3574 non
2669 3518 3084 3589 praebere.'l‘um
3109 3534 3241 3572 vero
3266 3520 3426 3572 Aria-

1846 3615 1926 3678 ni,
1980 3616 2068 3669 ubi
2115 3614 2221 3669 doli
2282 3629 2473 3683 parum
2513 3621 2914 3683 processerant,
2944 3611 2996 3664 vi
3044 3626 3208 3681 agere
3236 3611 3429 3665 decer-

1849 3714 2004 3759 nunt.
2036 3704 2279 3773 Namque
2312 3702 2587 3767 quodlibet
2620 3703 2820 3756 audere
2858 3711 3021 3769 atque
3064 3715 3227 3768 agere
3269 3700 3432 3754 facile

1847 3806 1983 3861 erat,
2043 3797 2187 3865 regis
2239 3796 2481 3850 amicitia
2532 3793 2811 3857 subnixis,
2861 3807 3022 3862 quem
3081 3792 3185 3846 sibi
3246 3791 3432 3859 pravis

1850 3890 2248 3945 adulationibus
2302 3888 2707 3942 devinxerant:
2744 3885 3041 3955 quinetiam
3093 3898 3160 3937 ex
3202 3896 3433 3936 consen-

1850 3983 2001 4038 sione
2042 3982 2334 4037 multorum
2366 3978 2818 4048 inexpugnabiles
2841 3984 3018 4029 erant.
3061 3974 3195 4028 Nam
3238 3987 3433 4027 omnes

1852 4072 1964 4127 fere
2028 4073 2258 4127 duarum
2331 4070 2736 4125 Pannoniarum
2811 4066 3097 4137 episcopi,
3170 4064 3436 4132 multique

1851 4162 2205 4219 Orientalium
2256 4177 2319 4216 ac
2360 4172 2469 4215 tota
2513 4161 2641 4215 Asia
2690 4160 2743 4214 in
2770 4158 2996 4226 perﬁdia
3026 4170 3212 4210 eorum
3246 4154 3436 4221 conju-

1855 4264 2128 4309 raverant.
2175 4252 2281 4307 Sed
2333 4252 2605 4321 principes
2647 4249 2773 4303 mali
2822 4250 2981 4303 istius
3025 4247 3359 4302 habebantur
3404 4262 3433 4300 a

1855 4344 2157 4413 Singiduno
2197 4343 2479 4407 Ursacius,
2519 4341 2717 4397 Valens
2758 4354 2788 4394 a
2832 4339 3035 4405 Marsa,
3073 4341 3141 4393 ab
3183 4336 3435 4391 Heraclia

1856 4434 2196 4501 Theodorus,
2262 4433 2575 4502 Stephanus
2638 4431 3034 4495 Antiocheuus,
3105 4428 3339 4481 Aeacius
3402 4442 3434 4479 a

162 4511 351 4598 gituria
377 4532 598 4604 synodo
626 4526 878 4582 Basilius
928 4519 1269 4591 Ancyranus,
1301 4521 1392 4591 qui
1449 4520 1748 4577 Photinum
1786 4511 1830 4566 θ
1857 4527 2125 4592 Caesarea,
2158 4524 2519 4593 .llenOphanr-s
2550 4523 2618 4575 ab
2652 4521 2883 4590 Epheso,
2919 4518 3186 4589 Georgius
3221 4533 3251 4570 a
3288 4515 3435 4569 Lao-

164 4623 266 4689 ipso
316 4634 583 4693 prmsente
614 4614 956 4675 Constantio
993 4612 1313 4676 confutavit,
1355 4621 1516 4681 atque
1544 4629 1609 4668 ex
1661 4628 1752 4668 sa-

165 4715 261 4768 cris
282 4712 585 4786 Scripturis
616 4707 886 4780 coarguit
923 4706 1233 4760 luereticum
1256 4720 1402 4761 esse.
1433 4704 1530 4760 Hic
1556 4706 1751 4761 deinde

166 4803 214 4857 in
238 4806 477 4861 exsiliunt
513 4808 884 4873 deportatus,
918 4798 1104 4851 multis
1133 4804 1255 4866 post
1282 4797 1441 4850 annis
1470 4796 1523 4850 in
1556 4796 1750 4867 impie-

174 4903 267 4948 tate
291 4894 686 4966 perseveravit.
715 4891 790 4947 Et
816 4888 950 4958 quia
988 4889 1147 4941 rebus
1192 4886 1308 4940 suis
1335 4884 1594 4955 augendis
1616 4895 1754 4940 stre-

175 5001 263 5039 nuc
278 4988 452 5043 Ariani
471 4984 878 5056 invigilabant,
900 4977 1230 5033 Germiniqu
1251 4978 1536 5045 quemdam
1553 4991 1662 5029 suae
1679 4976 1758 5029 fa-

175 5078 350 5134 ctionis
364 5083 637 5137 hominem
661 5079 945 5129 curarunt
968 5070 1020 5125 in
1041 5069 1254 5125 Photini
1282 5070 1463 5123 locum
1488 5070 1751 5137 cooptari.

230 5169 281 5223 2.
315 5170 550 5226 Murrina
581 5170 751 5225 clade
784 5161 983 5217 accisae
1012 5175 1093 5215 res
1115 5159 1428 5229 Magnentii.
1453 5187 1526 5202 ο·-
1553 5160 1755 5215 Eodem

169 5270 317 5325 anno,
339 5261 638 5316 commisso
672 5254 748 5311 ad
807 5249 1059 5305 Mursam
1117 5250 1324 5320 praelio,
1379 5248 1472 5303 diu
1530 5251 1754 5319 ancipiti

163 5362 321 5406 marte
344 5363 651 5427 pugnatum
686 5355 804 5403 est.
837 5343 1030 5399 Victus
1060 5342 1278 5397 domum
1321 5340 1666 5410 Magnentius
1698 5345 1751 5397 in

156 5439 349 5501 italiam
376 5462 438 5503 se
469 5443 722 5515 recepit,
752 5447 819 5492 ut
854 5449 958 5509 pro
985 5433 1237 5491 facultate
1264 5434 1451 5503 copias
1483 5434 1760 5488 instaura—

155 5545 243 5588 ret.
273 5539 480 5595 Accidit
508 5551 737 5600 autem,
784 5539 849 5585 ut
886 5539 1129 5594 tempore
1155 5541 1367 5596 pugnze,
1404 5525 1529 5579 dolo
1577 5540 1642 5579 ac
1683 5526 1760 5582 si—

150 5628 427 5687 mulatione
467 5627 738 5687 Valentis
779 5621 908 5689 ejus
934 5616 1169 5672 civitatis
1194 5616 1459 5686 episcopi,
1486 5616 1756 5675 Constan-

202 5831 273 5897 (η)
313 5831 537 5889 Somn,
561 5830 673 5885 lib.
712 5840 784 5888 η,
814 5832 944 5886 cap.
973 5815 1042 5870 20
1067 5832 1082 5885 ;
1116 5815 1331 5872 Sozorn.
1358 5787 1454 5870 lib.
1485 5831 1558 5881 tv,
1582 5831 1702 5885 cap.
1722 5815 1774 5870 8.

1858 4622 2029 4683 dicen,
2065 4618 2350 4672 Narcissus
2383 4630 2411 4667 a
2452 4613 2727 4681 Neropoli.
2776 4611 2839 4664 lli
2877 4612 2950 4664 ita
2989 4609 3247 4677 palatium
3273 4622 3439 4661 occu-

1861 4718 2142 4781 paverant,
2174 4719 2234 4760 ut
2270 4706 2403 4760 nihil
2441 4707 2561 4760 sine
2589 4718 2775 4759 eorum
2805 4712 2938 4759 nutu
2984 4712 3169 4771 ageret
3202 4700 3438 4770 impera-

1863 4813 1985 4858 tor:
2021 4799 2290 4855 olmoxius
2333 4797 2552 4867 quidem
2591 4795 2870 4861 omnibus,
2898 4793 2992 4849 sed
3021 4792 3295 4862 praecipue
3332 4791 3439 4845 Va-

1864 4892 1997 4946 lenti
2033 4891 2267 4949 deditus.
2310 4887 2445 4943 Nam
2474 4902 2540 4943 eo
2574 4896 2837 4956 tempore,
2876 4899 2985 4954 quo
3021 4885 3163 4955 apud
3204 4885 3439 4939 Mursam

1864 4994 2055 5038 contra
2112 4980 2478 5049 Magnentium
2525 4979 2694 5034 armis
2738 4986 3031 5040 certatum,
3091 4976 3444 5032 Constantius

1865 5074 2195 5130 descendere
2259 5070 2313 5126 in
2368 5077 2720 5140 conspectum
2764 5083 2959 5138 pugnae
3002 5082 3111 5137 non
3156 5082 3343 5130 ausus,
3387 5068 3444 5120 in

1866 5165 2088 5221 basilica
2142 5161 2445 5234 Martyrum
2500 5173 2660 5218 extra
2730 5161 2984 5231 Oppidum
3041 5159 3169 5223 sita,
3222 5159 3448 5215 Valente

1869 5266 1981 5309 tum
2006 5254 2123 5324 ejus
2157 5255 2259 5311 loci
2284 5255 2538 5324 episcopo
2572 5254 2625 5309 in
2652 5253 2911 5310 solatium
2939 5261 3239 5321 assumpto,
3265 5250 3444 5304 diver-

1866 5360 2017 5402 satus
2044 5358 2148 5404 est.
2178 5346 2449 5404 Cmterum
2478 5347 2681 5401 Valens
2727 5345 2919 5403 callide
2952 5360 3049 5414 per
3092 5357 3222 5397 suos
3261 5341 3445 5408 dispo-

1867 5448 2068 5500 suerat.
2118 5447 2179 5495 ut
2220 5441 2344 5507 quis
2385 5438 2558 5507 praelii
2589 5437 2781 5494 fuisset
2817 5445 3064 5497 eventus,
3094 5433 3301 5501 primus
3351 5443 3444 5483 eo.

1867 5538 2155 5596 gnosccrct
2191 5544 2205 5581 :
2241 5527 2325 5585 vel
2361 5527 2591 5594 gratiam
2633 5526 2777 5593 regis
2822 5532 3066 5591 captans,
3101 5520 3151 5575 si
3181 5517 3445 5587 priorbo-

1869 5634 1995 5672 num
2035 5616 2282 5672 uuntiutn
2336 5617 2660 5680 detulisset;
2696 5614 2781 5668 vel
2815 5614 2936 5667 vita:
2975 5611 3288 5677 consulens,
3318 5617 3450 5669 ante

1927 5815 1999 5885 (1»)
2029 5815 2226 5870 Alban.
2253 5815 2291 5869 l.
2328 5812 2403 5867 De
2445 5809 2694 5880 agundis;
2722 5806 2892 5861 llilar.
2932 5804 3004 5860 De
3035 5803 3271 5877 synodis.
