4038 6526
609 405 734 446 CXIV

2002 373 2535 433 PROLEGOMENA.

613 514 870 575 capturus
908 500 1144 572 fugiendi
1182 498 1439 571 spatium,
1473 497 1520 552 si
1567 496 1696 566 quid
1734 500 1923 550 contra
1954 492 2189 547 accidis-
2217 497 2261 553 Α
2292 495 2429 545 sium
2473 488 2928 551 Alexandrinum,
2977 497 3033 544 et
3076 485 3335 558 gentilcm
3385 487 3500 556 ejus
3535 484 3881 553 Romanum,

612 606 715 652 set.
752 594 940 664 Itaque
972 592 1159 663 paucis
1191 589 1281 658 qui
1319 589 1465 643 circa
1500 600 1683 656 regem
1723 590 1882 643 erant
1911 590 2057 635 metu
2083 591 2191 634 tre-

615 689 777 758 pidis,
809 690 1138 757 imperatore
1168 685 1356 749 anxio,
1398 680 1608 750 primus
1644 677 1856 732 nuntiat
1894 675 2078 729 hostes
2110 674 2192 726 fu-

614 795 761 849 gere.
789 779 924 833 Cum
955 777 1047 831 ille
1093 775 1327 829 indicem
1366 773 1542 841 ipsum
1587 767 1873 823 intromitti
1921 776 2188 835 posceret,

620 870 815 927 Valens
862 878 923 922 ut
962 867 1315 921 reverentiam
1362 865 1444 918 sui
1496 862 1748 925 adderet,
1784 858 2033 928 angelum
2086 857 2190 911 sibi

617 959 783 1014 fuisse
812 961 1058 1013 nuntium
1083 956 1378 1026 respondit.
1408 955 1605 1009 Facilis
1634 952 1701 1006 ad
1731 950 2061 1006 credendum
2092 948 2191 1002 itit-

615 1062 847 1121 perator,
886 1050 1060 1119 palam
1093 1058 1275 1117 postea
1323 1048 1504 1102 dicere
1532 1055 1614 1100 est
1650 1045 1861 1106 solitus,
1903 1057 1962 1097 se
2001 1041 2190 1095 Valen-

616 1143 688 1211 tis
724 1144 950 1207 meritis,
987 1157 1093 1195 non
1134 1141 1336 1194 virtute
1378 1138 1677 1201 exercitus,
1718 1136 1935 1192 vicisse.
1970 1132 2051 1187 Ab
2091 1134 2192 1187 hoc

615 1233 772 1287 initio
806 1231 967 1284 illecti
1008 1228 1269 1299 principis
1296 1228 1539 1282 extulere
1570 1227 1782 1280 animos
1846 1223 2055 1287 Ariani,
2096 1235 2192 1290 p0-

615 1331 814 1376 testate
854 1323 997 1390 regis
1034 1321 1211 1383 usuri,
1250 1319 1341 1373 ubi
1376 1320 1700 1372 auctoritate
1732 1329 1828 1369 sua
1880 1326 2069 1383 parum
2099 1325 2193 1363 va-

616 1414 864 1471 luissent.
898 1431 917 1464 ι
957 1411 1083 1467 Haec
1116 1410 1381 1478 Sulpitius
1412 1410 1694 1479 .cherus,
1727 1406 1812 1459 cui
1863 1406 1915 1459 in
1948 1419 2011 1457 co
2048 1401 2190 1455 haud

616 1504 849 1559 libenter
895 1503 1274 1570 astipulamur,
1305 1501 1447 1568 quod
1494 1500 1570 1552 ait
1606 1496 1918 1551 Marcellum
1948 1508 2013 1548 eo
2054 1502 2188 1547 tctn-

617 1610 750 1665 pore
797 1593 1037 1649 bmretici
1090 1592 1209 1646 loco
1265 1593 1510 1644 habitum
1550 1592 1617 1644 ab
1644 1587 1968 1650 Athanasio,
1992 1586 2191 1654 quippe

616 1702 738 1740 cum
776 1687 830 1740 in
876 1684 1124 1751 Historia
1159 1684 1489 1737 Arianorum
1533 1682 1609 1750 (a)
1649 1695 1789 1733 anno
1827 1678 1931 1732 558
1964 1678 2031 1731 ad
2076 1692 2191 1732 mo-

617 1782 825 1836 nachos
856 1781 1042 1844 missa,
1065 1780 1211 1833 inter
1237 1778 1496 1848 praesules
1520 1777 1610 1845 qui
1649 1785 1808 1830 recta:
1838 1776 1959 1830 fidei
1983 1790 2048 1830 ac
2077 1777 2190 1845 pie—

2297 582 2714 650 Origenemqne.
2748 579 3014 634 Memorat
3043 589 3226 633 autem
3257 577 3528 633 fusiorent
3561 579 3875 648 epistolam,

2292 686 2452 741 quain
2482 670 2659 724 eidem
2694 667 2953 722 familiari
2996 669 3375 736 rescripserat,
3403 668 3628 736 jamque
3674 668 3879 737 injuria

2294 770 2596 831 tempormn
2655 759 2933 814 amissam.
2982 757 3181 812 Vocem
3223 758 3387 812 etiam
3441 758 3766 831 ἀγέννητον,
3823 760 3878 815 in

2291 850 2445 921 cujus
2489 866 2587 905 usu
2638 849 2899 904 ludebant
2949 848 3161 912 Ariani,
3200 848 3380 917 quoad
3439 851 3626 904 varias
3677 851 3881 919 quibus

2292 944 2465 1013 accipi
2495 942 2632 997 solet
2660 939 3093 1010 significationes
3129 940 3339 992 erudite
3378 941 3656 1009 explanat.
3704 940 3882 996 Occa-

2294 1036 2467 1099 sione,
2500 1035 2786 1102 ntquidem
2816 1032 3350 1096 azstimamus,hnjus
3377 1031 3648 1099 epistolat,
3681 1032 3877 1087 Ariani

2291 1142 2415 1181 cum
2461 1128 2651 1180 eodem
2676 1126 2962 1180 Athanasii
2992 1125 3175 1179 amico
3210 1124 3517 1193 congressi,
3554 1125 3879 1195 Dionysium

2290 1216 2715 1271 Alexandrinum
2791 1216 2894 1271 sibi
2948 1230 3168 1285 sumque
3217 1214 3505 1269 sententia:
3578 1215 3879 1286 astipulari

2292 1308 2693 1363 contendebant
2719 1305 2814 1377 (c).
2844 1306 2910 1361 Et
2938 1322 3071 1362 sane
3114 1305 3347 1359 Basilius
3377 1321 3481 1360 non
3512 1306 3753 1361 obscure
3794 1308 3883 1362 in-

2292 1398 2434 1462 nuit,
2470 1397 2647 1450 minus
2686 1399 2855 1465 probe
2894 1401 2959 1451 de
2991 1406 3116 1451 ortu
3148 1396 3272 1451 Filii
3318 1398 3413 1453 Dei
3457 1399 3623 1452 verba
3677 1397 3883 1453 fecisse

2292 1484 2635 1556 Dionysium.
2664 1483 2866 1539 Verum
2898 1486 3255 1551 Athanasius,
3286 1489 3411 1540 data
3444 1488 3639 1541 iterum
3671 1487 3882 1555 episto-

2291 1577 2362 1643 la,
2387 1593 2575 1631 sanam
2605 1577 2778 1631 sancti
2809 1576 2911 1631 viri
2942 1578 3104 1632 fuisse
3129 1578 3287 1632 fidem
3315 1581 3635 1647 comprobat
3655 1593 3723 1632 ex
3754 1577 3881 1631 aliis

2292 1670 2533 1737 ejusdem
2578 1669 2802 1738 scriptis
2847 1678 2905 1722 et
2941 1669 3218 1738 operibus.
3256 1668 3385 1735 Quae
3414 1684 3519 1734 res,
3545 1670 3673 1739 quia
3705 1668 3880 1738 pluri-

2294 1762 2397 1817 bus
2430 1760 2542 1829 jam
2578 1778 2607 1814 a
2633 1762 2791 1816 nobis
2819 1769 3158 1831 pertractata
3191 1770 3293 1819 est.
3323 1776 3391 1815 ne
3445 1761 3692 1817 historiae
3736 1763 3879 1817 lines

617 1873 748 1927 tatis
785 1888 949 1927 causa
975 1873 1043 1925 ab
1069 1871 1287 1926 Arianis
1317 1870 1578 1940 exagitati
1610 1869 1897 1937 vexatique
1928 1868 2185 1936 fuissent,

2292 1851 2661 1921 praetergressi
2711 1859 2867 1905 extra
2921 1859 3121 1905 metam
3151 1865 3529 1918 excurramus,
3578 1868 3689 1907 non
3736 1856 3882 1911 ulte-

615 1974 1005 2019 annumeretur
1033 1962 1337 2017 Marcellus.

683 2058 836 2110 Anno
860 2054 987 2109 352.
1010 2083 1081 2093 —
1108 2055 1167 2119 1.
1194 2054 1406 2106 Librum
1428 2052 1613 2105 scribit
1641 2051 1964 2106 Athanasius
1991 2054 2054 2107 de
2085 2052 2191 2107 Ni-

592 2145 774 2197 ‘cwnis
806 2145 1048 2207 decretis,
1075 2152 1123 2196 et
1153 2143 1218 2195 de
1253 2142 1505 2195 sententia
1540 2141 1891 2211 Dionysii.—
1919 2142 2029 2196 Etsi
2064 2158 2191 2199 vero

611 2238 795 2291 omnia
826 2235 894 2289 ad
931 2235 1224 2305 perniciem
1256 2234 1560 2288 Athanasio
1590 2233 1928 2287 inferendam
1975 2246 2189 2303 parata.

611 2329 987 2397 Arianuntque
1061 2327 1256 2381 bellum
1336 2335 1415 2381 tot
1469 2326 1755 2394 pnesnlum
1814 2326 2188 2381 luereticorum

611 2434 776 2487 opera
803 2434 927 2472 mox
966 2418 1389 2486 redintegratum
1430 2417 1495 2471 iri
1526 2417 1758 2471 formido
1804 2425 1942 2483 erat,
1978 2416 2029 2470 in
2059 2432 2191 2487 pace

617 2521 798 2564 tamen
851 2509 1200 2563 Alexandria
1256 2507 1576 2561 versabatur
1638 2508 1988 2574 Athanasius,
2049 2522 2190 2563 verte

616 2602 740 2655 fidei
776 2602 991 2655 tuenda:
1013 2600 1380 2668 augentlmque
1411 2598 1698 2668 plurimum
1724 2598 1982 2653 intentus.
2013 2597 2191 2668 Popu-

615 2691 701 2746 lus
750 2702 931 2745 autem
990 2688 1426 2751 Alexandrinus,
1475 2689 1651 2743 sancti
1704 2688 1807 2743 viri
1864 2690 2088 2744 monitis
2134 2699 2190 2745 et

613 2781 877 2848 exemplis
902 2780 1206 2844 institutus,
1244 2779 1471 2834 llorebat
1513 2781 1736 2849 pietate,
1765 2796 1895 2835 vera
1933 2782 2037 2835 fide
2074 2797 2188 2835 Ino-

615 2887 846 2939 rumque
885 2873 1149 2940 probitate
1188 2880 1433 2925 ornatus.
1486 2870 1620 2936 Quae
1657 2887 1748 2927 res
1781 2870 1997 2927 Eusebii
2030 2874 2189 2926 soda-

616 2960 748 3013 liutn
783 2959 1037 3014 invidiam
1083 2959 1475 3013 inflammabat.
1504 2961 1809 3028 Qttairitare
1853 2962 1926 3016 illi
1974 2978 2188 3032 semper

614 3051 848 3122 Spatium
889 3052 1345 3121 occasionetnqne
1391 3054 1695 3116 turbarum,
1729 3069 1871 3108 nova
1910 3056 2188 3109 machina-

616 3155 798 3200 menta
840 3143 1207 3206 comminisci,
1236 3144 1434 3211 quibus
1466 3153 1671 3196 tantum
1701 3145 1921 3212 pietatis
1945 3147 2182 3200 studium

615 3237 1066 3293 interturbarent.
1103 3235 1324 3304 Aliquot
1374 3246 1550 3289 tamen
1597 3236 1757 3289 annis
1802 3236 2100 3292 Athanasio
2131 3239 2191 3293 Ii-

612 3327 728 3382 cuit
755 3328 813 3380 in
837 3340 935 3380 sua
970 3324 1200 3380 ecclesia
1239 3324 1547 3387 considere,
1572 3324 1753 3379 donec
1789 3327 2001 3380 scilicet
2028 3328 2187 3381 Aria-

616 3432 810 3471 norum
841 3415 1015 3480 furor,
1047 3430 1150 3483 ope
1180 3414 1461 3483 principis,
1486 3429 1596 3485 quo
1629 3425 1939 3485 erumperet
1964 3418 2192 3474 haberet

617 3508 817 3564 locum.
852 3506 963 3561 Nec
1006 3508 1235 3562 deerant
1274 3508 1475 3561 interea
1518 3507 1766 3576 qutedaut
1803 3521 1903 3561 ceu
1952 3509 2190 3565 velifica-

619 3600 817 3661 tiones,
846 3599 900 3653 in
921 3598 1143 3667 diesque
1175 3599 1580 3652 controversias
1607 3597 1799 3667 agitari
1833 3598 2017 3653 videre
2045 3610 2186 3668 erat,

616 3703 677 3746 ut
719 3692 853 3746 solet
909 3691 1026 3747 ﬁeri
1063 3707 1187 3745 cum
1236 3691 1510 3745 contraria
1547 3691 1725 3744 studia
1783 3691 2187 3748 multitudinem

617 3784 673 3838 in
715 3782 897 3836 varias
937 3783 1251 3837 distrahunt
1292 3790 1496 3851 partes.
1531 3781 1663 3835 Erat
1694 3792 1805 3835 tum
1854 3784 2075 3852 quidam
2122 3800 2189 3840 ex

615 3875 896 3928 Athanasii
954 3874 1334 3939 familiaribus,
1371 3874 1462 3942 qui
1501 3874 1566 3928 de
1611 3874 1716 3929 fide
1760 3875 2016 3945 frequens
2064 3894 2188 3933 cum

615 3966 834 4019 Arianis
885 3964 1240 4034 disceptabat,
1286 3964 1589 4033 litterisque
1643 3966 1897 4020 monebat
1953 3969 2192 4024 Athana-

616 4059 759 4111 sium
800 4057 924 4125 quid
965 4058 1216 4126 utrinque
1255 4057 1457 4111 dictum
1500 4056 1835 4127 allatumque
1869 4070 2039 4123 esset,
2083 4077 2188 4131 qua

614 4149 848 4219 quisque
884 4151 1093 4202 ratione
1133 4150 1459 4202 sententiam
1494 4164 1743 4204 asserere
1772 4166 1928 4206 suam
1977 4161 2191 4223 satage-

618 4248 701 4293 ret
722 4236 819 4310 (b).
846 4236 903 4291 In
951 4239 1185 4306 quadam
1214 4253 1345 4293 vero
1381 4240 1764 4308 disputatione,
1808 4241 1894 4295 cui
1945 4242 2187 4295 nonnulli

617 4331 921 4385 intererant
970 4328 1187 4384 Eusebii
1245 4330 1562 4397 familiares,
1612 4347 1734 4386 cum
1789 4331 1950 4387 fracti
2003 4334 2187 4387 Ariani

616 4421 885 4493 planeque
937 4422 1005 4476 ab
1049 4422 1354 4492 hujusmodi
1398 4423 1516 4477 viro
1557 4424 1841 4493 confutati;
1874 4439 1940 4479 eo
1973 4428 2187 4480 tandem

2293 1942 2405 1996 rius
2431 1942 2523 1996 hic
2548 1943 2911 2011 indagabilur.

2360 2034 2418 2091 2.
2446 2033 2584 2088 Julii
2615 2051 2781 2097 mors,
2812 2044 2861 2089 et
2892 2034 3084 2089 Liberii
3116 2037 3389 2091 exordium
3416 2038 3781 2107 pontiﬁcatus.
3804 2065 3881 2079 —

2294 2124 2404 2180 Hoc
2430 2141 2595 2189 anno,
2629 2126 2949 2199 duodecima
2999 2128 3200 2182 mensis
3244 2129 3467 2198 Aprilis,
3494 2127 3694 2195 Julius,
3734 2131 3879 2185 invi—

2291 2228 2411 2272 ctus
2446 2217 2533 2270 ille
2566 2214 2853 2269 Athanasii
2879 2226 3167 2284 patronus,
3192 2219 3335 2273 diem
3372 2221 3508 2275 obiit
3536 2231 3874 2287 extremum,

2291 2326 2412 2364 cum
2440 2310 2623 2363 sedem
2657 2307 3015 2377 apostolicam
3063 2311 3293 2365 rexisset
3327 2327 3498 2366 annos
3530 2312 3873 2381 quindecim,

2292 2416 2509 2456 menses
2536 2402 2692 2465 duos,
2724 2410 2943 2471 tresque
2981 2400 3117 2454 dies.
3151 2401 3206 2456 In
3236 2400 3354 2469 ejus
3398 2418 3528 2459 vero
3564 2404 3748 2459 locum
3788 2406 3881 2459 die

2292 2494 2545 2548 vicesima
2566 2494 2806 2547 secunda
2843 2492 2970 2546 Maii
2998 2492 3255 2563 deligitur
3276 2493 3527 2550 Liberius
3560 2496 3866 2551 Romanus.

2290 2587 2360 2650 Is,
2393 2587 2439 2640 si
2467 2586 2598 2655 quid
2621 2584 2745 2638 l‘tdei
2771 2584 2853 2639 vel
2882 2586 3228 2639 auctoritatis
3258 2586 3459 2641 inesset
3494 2588 3745 2657 epistola:
3768 2590 3877 2660 (ά),

2288 2692 2410 2747 quae
2443 2676 2583 2731 illius
2613 2676 2833 2731 nomine
2861 2676 3001 2732 inter
3037 2676 3226 2731 Hilarii
3266 2676 3589 2746 Fragmenta
3617 2679 3869 2733 circum-

2292 2770 2484 2834 fertur,
2546 2783 2668 2822 mox
2723 2768 2793 2821 ab
2844 2766 2976 2822 inito
3023 2768 3336 2837 pontificatu
3379 2770 3683 2824 Athanasio
3732 2770 3877 2825 infe-

2291 2871 2429 2924 suts,
2465 2859 2639 2913 virum
2666 2875 2696 2913 a
2730 2860 2991 2915 societate
3023 2868 3078 2914 et
3104 2861 3483 2914 communione
3512 2875 3613 2915 sua
3648 2863 3876 2933 repulit.

2289 2950 2580 3005 Enimvero
2612 2964 2735 3004 cum
2794 2949 3030 3016 litteras,
3061 2961 3119 3004 ut
3152 2949 3326 3005 fertur
3358 2951 3579 3016 ibidem,
3608 2953 3879 3008 adversus

2287 3042 2643 3097 Athanasium
2667 3043 2734 3097 ab
2763 3040 3290 3098 Orientalibuthtlio
3310 3042 3527 3108 missas,
3557 3044 3678 3115 ipso
3704 3046 3880 3101 inter-

2292 3148 2355 3188 ea
2424 3136 2707 3189 demortuo
2741 3175 2757 3201 ,
2816 3134 3065 3189 Liberius
3127 3134 3469 3202 excepisset,
3518 3140 3877 3209 presbyteros

2216 3183 2263 3245 Ο
2293 3223 2541 3293 Lucium,
2574 3183 2799 3279 Pauluin
2826 3234 2882 3280 et
2920 3225 3205 3281 Helianum
3238 3183 3360 3280 ciunt
3392 3183 3589 3281 litietfis
3627 3183 3873 3285 Alexan-

2290 3316 2463 3370 driatn
2495 3315 2715 3384 legavit,
2751 3318 3057 3375 Athanasio
3082 3319 3280 3389 jubens
3319 3329 3377 3373 ut
3420 3330 3733 3376 maturaret
3764 3320 3878 3374 Ro-

2290 3423 2456 3471 mam,
2486 3409 2950 3465 execclesiasticte
2986 3411 3186 3482 regulae
3221 3411 3538 3481 praescripto
3562 3413 3879 3469 oblatormn

2290 3497 2578 3550 criminum
2620 3499 2933 3555 redditurus
2962 3503 3264 3569 rationem;
3297 3503 3343 3557 si
3378 3517 3482 3557 non
3525 3515 3878 3572 properaret,

2292 3586 2547 3644 Ecclesiae.
2598 3589 2855 3645 Romana:
2915 3576 3297 3647 communione
3366 3594 3721 3649 interdictum
3788 3596 3877 3650 iri.

2290 3677 2545 3735 Reversis
2570 3688 2749 3734 autem
2784 3680 3001 3750 legatis,
3045 3684 3594 3754 rennntiantibusque
3627 3688 3881 3741 Athana-

2294 3771 2431 3824 sium
2462 3774 2766 3824 detrectare
2812 3772 2916 3825 iter
2950 3771 3275 3838 Romanum,
3317 3775 3568 3832 Liberius
3598 3780 3769 3835 missa
3808 3783 3879 3835 ad

2290 3862 2596 3918 Orientales
2631 3863 2862 3933 epistola
2898 3864 3179 3928 indicavit,
3216 3882 3337 3921 cum
3380 3869 3486 3924 illis
3530 3872 3664 3936 sibi,
3708 3874 3879 3929 mini-

2293 3971 2485 4027 meque
2537 3971 2660 4011 cum
2710 3958 3009 4013 Athanasio
3072 3973 3260 4028 pacem
3322 3971 3379 4015 et
3426 3966 3875 4022 communionem

2290 4063 2430 4103 esse.
2467 4047 2701 4115 Verum,
2751 4059 2808 4103 ut
2856 4050 3025 4121 probe
3072 4062 3559 4108 commonstratum
3589 4071 3619 4109 a
3670 4060 3880 4115 nostris

2294 4141 2393 4194 fuit
2446 4142 2498 4195 in
2561 4151 2834 4210 postrema
2891 4142 3081 4196 Hilarii
3133 4143 3405 4209 editione,
3454 4145 3573 4201 haec
3632 4150 3876 4219 epistola

2291 4242 2477 4302 aperte
2506 4232 2689 4304 νοθείᾳ
2719 4233 2945 4288 laborat.
2977 4235 3308 4291 Athanasius
3335 4238 3501 4302 enim,
3533 4241 3625 4310 qui
3665 4241 3876 4298 illatam

2293 4324 2376 4378 sui
2434 4324 2723 4378 damnandi
2780 4339 2941 4379 causa
2994 4324 3209 4381 Liberio
3246 4330 3353 4382 vim
3405 4332 3575 4385 variis
3625 4333 3684 4387 in
3741 4336 3879 4391 locis

2294 4424 2703 4479 commemorat,
2738 4417 2873 4470 nihil
2915 4419 3124 4485 uspiam
3154 4420 3344 4474 horum
3374 4420 3579 4489 innuit;
3616 4427 3879 4497 quodque

614 4525 1058 4584 argumentorum
1084 4513 1266 4584 inopia
1290 4515 1664 4584 confugerent,
1694 4525 1748 4570 ιιι
1776 4515 2048 4570 Nicaanatn
2092 4532 2185 4586 sy-
2220 4518 2268 4577 ι)
2294 4506 2586 4577 Plurimum
2638 4517 2845 4576 υιέεειιι
2903 4510 3016 4577 ipse
3059 4508 3333 4578 Liberius.
3380 4528 3502 4575 cum
3560 4519 3732 4584 Dalrii
3778 4518 3880 4573 soli

615 4609 839 4665 nodum,
868 4605 997 4675 quia
1045 4606 1269 4661 vocibus
1303 4620 1367 4658 ex
1409 4606 1692 4674 Scriptura
1741 4622 1897 4660 sacra
1930 4623 2038 4660 non
2069 4624 2185 4661 mu-

616 4697 781 4752 tnatis
811 4712 906 4752 usa
938 4698 1153 4761 fuisset,
1203 4700 1580 4766 repudiarent:
1626 4713 1737 4751 rem
1769 4698 1859 4753 ille
1884 4700 2183 4755 Athanasio

618 4789 913 4861 significat.
949 4790 1290 4857 Quapropter
1324 4790 1651 4844 Athanasius
1682 4790 1825 4844 hunc
1855 4790 2096 4857 circiter,
2127 4800 2186 4845 ut

617 4893 894 4953 putamus,
921 4896 1120 4933 annum
1150 4880 1433 4950 epistolam
1460 4882 1608 4934 dedit
1635 4881 1701 4935 de
1732 4879 1964 4936 Nicznis
1990 4882 2185 4938 decre-

618 4978 689 5031 tis
714 4975 1056 5044 inscriptam;
1087 4972 1178 5025 ubi
1208 4986 1329 5041 quae
1362 4981 1507 5042 gesta
1535 4974 1643 5029 sint
1674 4974 1726 5028 itt
1767 4990 1921 5029 sacra
1954 4975 2041 5029 illa
2097 4990 2189 5047 sy-

621 5069 783 5132 nodo,
807 5067 893 5121 cui
918 5067 1031 5134 ipse
1060 5078 1301 5134 praesens
1327 5064 1962 5134 interfuerat,jrecenset,
1992 5082 2187 5137 quaeve

617 5174 782 5211 causa
818 5156 981 5211 fuerit
1006 5159 1156 5212 vocis
1181 5156 1470 5229 ὁμοούσιον
1506 5161 1851 5227 usurpanda,
1878 5173 1987 5227 quo
2026 5168 2187 5226 pacto

618 5251 886 5304 Eusebius
914 5251 1027 5320 ipse
1072 5250 1336 5322 Pamphili
1370 5264 1557 5305 vocem
1590 5250 1740 5303 illam
1769 5250 2052 5303 censuerit
2090 5251 2185 5303 ad-

618 5342 939 5395 mittendam
988 5340 1041 5394 in
1084 5355 1179 5395 sua
1227 5342 1295 5394 ad
1324 5339 1692 5394 Caesarienses
1724 5338 1974 5409 epistola,
2014 5354 2189 5407 neque

619 5432 813 5487 deesse
839 5448 906 5487 ex
939 5432 1182 5501 antiquis
1212 5431 1463 5486 Patribus
1501 5431 1594 5500 qui
1627 5443 1692 5484 ea
1744 5430 1860 5497 ipsa
1906 5438 2001 5483 aut
2030 5430 2187 5483 simi-

619 5522 763 5579 libus
790 5525 902 5580 sint
929 5526 1152 5581 vocibus
1184 5525 1288 5579 usi.
1338 5524 1741 5592 Theognostnm
1786 5519 1940 5587 dicit,
1988 5520 2184 5592 Diony-

693 5656 771 5728 (α)
802 5659 912 5713 Sub
938 5660 1175 5715 initium.

717 5726 993 5796 ὀχλώδη.
1036 5733 1191 5800 epist.
1218 5731 1293 5785 De
1318 5730 1552 5784 Nicanis
1575 5726 1933 5800 decretisnnb
1960 5727 2190 5782 initium.

717 5803 763 5866 c)
787 5801 983 5857 Athan.
1024 5798 1180 5869 epist.
1206 5800 1279 5854 De
1304 5800 1552 5853 sententia
1585 5798 1847 5866 Dionysii.

2296 4600 2574 4671 repetendi
2607 4600 2874 4655 desiderio
2908 4601 3163 4669 flagrans,
3193 4603 3563 4662 Orientalibus
3600 4612 3878 4667 rescribe-

2296 4703 2378 4745 ret
2404 4692 2502 4762 (ε),
2539 4694 2615 4745 ait
2645 4706 2705 4745 se
2740 4693 2915 4746 virum
2959 4693 3082 4747 ideo
3108 4695 3396 4749 admisisse
3424 4699 3492 4751 ad
3528 4703 3878 4758 communio-

2295 4799 2440 4850 nem,
2464 4785 2589 4854 quia
2616 4785 2949 4853 suscepisset
2974 4801 3098 4839 eutn
3130 4785 3387 4841 decessor
3423 4788 3543 4858 ejus
3577 4789 3779 4860 Julius,
3814 4809 3882 4851 ne

2296 4875 2350 4929 in
2383 4877 2739 4945 quorumdam
2770 4875 3146 4940 oll'ensionent,
3174 4876 3446 4946 despectis
3475 4881 3722 4938 defuncti
3757 4886 3876 4955 pla-

2294 4968 2439 5033 citis,
2479 4968 2821 5023 incurreret:
2849 4977 2905 5021 at
2942 4969 3029 5022 ubi
3069 4968 3519 5039 deprehendisset
3567 4973 3695 5043 jure
3726 4979 3880 5031 dam-

2299 5065 2485 5112 natum
2508 5058 2695 5122 fuisse,
2719 5067 2831 5112 tum
2851 5057 2968 5126 ejus
2994 5057 3319 5115 abdicationi
3345 5075 3467 5117 esse
3492 5065 3875 5135 astipulatum.

2298 5151 2502 5215 Quibus
2530 5151 2712 5205 verbis
2742 5152 2919 5221 palam
2944 5152 3139 5216 innttit,
3161 5168 3221 5208 se
3260 5164 3371 5207 tum
3404 5154 3579 5210 solum
3616 5162 3878 5214 condem-

2299 5258 2456 5296 nasse
2493 5245 2875 5307 Athanasium,
2906 5259 3027 5298 cum
3070 5243 3319 5299 Berteam
3364 5246 3666 5317 relegatus,
3714 5252 3875 5304 taedio

2296 5335 2655 5391 diuturnioris
2700 5335 2877 5390 exsilii
2923 5336 3153 5401 fractus,
3199 5338 3345 5392 sedis
3383 5353 3497 5393 sua:
3546 5341 3875 5411 recipiendae

2296 5441 2457 5483 causa
2491 5427 2843 5494 Arianorum,
2874 5442 3012 5497 quos
3055 5442 3222 5496 penes
3258 5438 3387 5484 tunc
3431 5444 3645 5485 summa
3687 5446 3872 5487 rerum

2295 5528 2435 5585 erat,
2460 5522 2687 5589 gratiam
2711 5514 3053 5588 eillagitaret.
3079 5518 3235 5584 Quod
3260 5533 3328 5574 ex
3357 5518 3481 5575 aliis
3508 5519 3638 5576 item
3670 5520 3875 5577 Liberii

2375 5658 2452 5729 (τι)
2488 5658 2662 5729 lliiar.
2686 5658 2790 5729 ςςιι.
2819 5658 2977 5717 L527.

2373 5727 2440 5799 (ιο)
2480 5728 2650 5782 Hilar.
2690 5727 2934 5798 Fragm.,
2968 5728 3074 5785 col.
3114 5728 3268 5784 l536.
