4038 6548
1524 411 1559 462 ν
1572 409 1683 461 ITA
1718 406 1775 460 S.
1819 394 2211 456 ATHANASII.

3374 386 3479 432 CXV

161 538 252 608 apud
273 535 549 590 Hilarium
592 535 786 592 locis
829 537 1136 592 advertere
1169 539 1274 586 est.
1312 528 1660 596 Compertum
1692 522 1793 575 ita-
1823 527 1869 584 Α
1895 517 2006 570 lum
2035 516 2354 582 eruperunt.
2383 503 2717 562 Athanasius
2743 513 2908 571 porro
2945 512 3066 553 eum
3093 492 3478 551 exaeerbatum

163 643 231 700 que
267 629 797 698 exploratumque
847 629 1019 682 nobis
1061 635 1136 680 est
1191 620 1488 682 Liberium,
1520 617 1690 668 donec
1742 612 1795 665 in

165 722 350 775 exsilium
391 720 636 790 pulsus
691 719 785 773 ab
833 719 1153 774 Athanasio
1187 713 1469 773 deficeret,
1503 708 1621 776 ejus
1658 719 1803 759 sem-

166 829 231 882 per
258 813 402 866 luisse
439 812 767 881 partibus
811 812 1128 866 addictum.

216 907 257 960 5.
286 903 437 958 Livor
474 905 890 958 Arianorum
928 901 1214 971 prcesulum
1243 899 1297 950 in
1333 893 1707 948 Athanasium.
1734 919 1805 930 —-

175 996 252 1050 Iloc
276 995 498 1049 circiter
535 1004 814 1062 tempus
849 995 1183 1047 Arianorum
1222 987 1519 1058 principes,
1548 981 1808 1037 Leontius

177 1088 542 1149 Antiochenus,
581 1083 923 1152 Georgius
980 1081 1337 1140 Laodicenns,
1376 1077 1607 1130 Aeacius
1636 1073 1809 1127 Cmsa-

178 1180 343 1242 riensis,
379 1176 768 1230 Theodorus
819 1172 1199 1234 Heracleotes,
1231 1179 1285 1223 et
1325 1167 1616 1221 Narcissus
1638 1162 1808 1216 Nero-

181 1272 333 1332 niadis,
366 1268 463 1337 qui
504 1281 778 1327 omnes,
827 1263 1073 1317 Leontio
1112 1270 1358 1328 excepto,
1401 1254 1642 1310 abdicati
1689 1253 1811 1306 fne-

181 1373 273 1417 raut
310 1363 360 1414 in
407 1357 656 1428 synodo
703 1354 1064 1408 Sardicensi
1094 1351 1192 1422 (a),
1222 1348 1417 1403 invidia
1463 1347 1616 1415 juxta
1649 1353 1813 1412 atque

184 1466 291 1509 metu
321 1451 548 1522 agitati,
588 1448 857 1517 magnis
895 1459 1120 1500 rursum
1150 1439 1453 1495 excitandis
1490 1435 1814 1490 tumultibus

187 1556 310 1614 atque
353 1543 538 1595 turbis
598 1538 843 1592 intenti
894 1534 1230 1598 sollicitique
1269 1541 1446 1584 erant.
1494 1527 1562 1581 Et
1595 1527 1812 1595 quidem

190 1636 351 1689 invidia
389 1633 468 1686 illi
508 1643 767 1685 summa
831 1623 1173 1692 flagrabant,
1208 1618 1350 1688 quod
1391 1626 1594 1669 tantam
1628 1628 1818 1668 cerne-

194 1737 286 1780 rent
307 1725 726 1793 episcoporum
769 1731 917 1770 cum
947 1711 1244 1765 Athanasio
1276 1706 1622 1762 concordiam
1659 1717 1815 1755 :nam

197 1819 286 1887 plus
312 1810 772 1886 quadringentis
839 1813 1034 1867 erant,
1075 1802 1164 1870 qui
1207 1815 1329 1854 cum
1383 1799 1475 1852 illo
1517 1811 1704 1865 pacem
1765 1802 1819 1847 et

200 1914 485 1968 societatem
520 1905 846 1960 foverent.
891 1897 1041 1952 Metu
1075 1896 1198 1950 item
1246 1893 1583 1953 laborabant,
1612 1904 1677 1942 ne
1707 1887 1822 1956 epi-

203 2003 320 2072 scopi
349 2015 524 2069 nuper
571 1994 800 2049 fraude
838 2006 912 2046 ac
953 1987 1164 2043 insidiis
1190 1985 1303 2038 suis
1332 1979 1716 2041 circumventi,
1754 1977 1819 2030 ad

206 2103 377 2148 tantam
407 2084 874 2144 multitudinem
930 2078 1191 2149 paulatim
1233 2074 1553 2134 deﬂuerent,
1595 2085 1696 2123 neu
1726 2070 1822 2120 de-

207 2185 311 2241 serti
350 2183 454 2247 illi,
490 2177 888 2244 Itaaresisque
949 2186 1136 2226 eorum
1183 2170 1470 2228 infantata,
1523 2164 1575 2217 in
1632 2162 1825 2216 trium-

208 2280 366 2348 phum,
397 2275 476 2328 ait
503 2269 920 2329 Athanasius,
959 2276 1066 2316 una
1098 2261 1451 2314 ducerentur.
1479 2255 1666 2307 Tantae
1695 2265 1828 2318 ergo

204 2366 517 2423 calamitatis
573 2355 968 2415 declinanda:
1010 2366 1193 2413 causa,
1230 2349 1464 2418 primum
1502 2342 1730 2397 Ursaeio
1775 2348 1830 2392 et

204 2461 388 2518 Valenti
422 2464 709 2511 auctores
747 2455 920 2509 sunt,
967 2453 1027 2496 ut
1069 2451 1271 2494 mutata
1303 2439 1497 2492 iterum
1536 2431 1829 2493 sententia,

197 2555 254 2608 ad
277 2567 405 2607 suas
435 2531 636 2602 denuo
679 2552 903 2614 partes
940 2535 1223 2597 deficiant,
1268 2531 1431 2598 idque
1463 2521 1833 2580 excusationis

199 2647 514 2705 obtendant,
549 2655 616 2694 se
658 2613 959 2690 nimirum
1011 2623 1322 2681 Constantis
1365 2616 1592 2687 Augusti
1645 2613 1835 2667 formi-

203 2742 315 2792 dine
341 2733 682 2803 compulsos
711 2727 911 2780 fuisse
943 2721 1012 2775 ad
1044 2712 1420 2788 paenitentiam
1454 2706 1834 2763 simulandam.

204 2832 326 2898 Qua:
361 2845 449 2882 res
483 2838 716 2884 tamen,
761 2818 849 2870 ait
911 2808 1266 2871 Athanasius,
1306 2817 1527 2872 prorsus
1563 2811 1840 2852 commen-

208 2924 316 2975 titia
368 2930 514 2974 erat.
568 2911 754 2968 Nullo
803 2903 1085 2975 siquidem
1124 2895 1506 2964 contpellente,
1549 2889 1697 2943 nullo
1743 2901 1836 2940 co-

209 3023 382 3085 gente,
421 3008 578 3063 nullo
615 3006 998 3058 accersente,
1030 2992 1126 3061 ipsi
1156 2989 1299 3043 ultro
1328 2986 1555 3039 Romam
1587 2977 1840 3048 profecti,

211 3071 264 3158 in
292 3112 439 3157 cortu
470 3093 788 3153 Ecclesiae,
826 3086 926 3141 ubi
963 3082 1106 3139 nulla
1145 3089 1404 3135 extranea
1434 3071 1843 3130 formido'erat,

212 3192 341 3248 facti
359 3190 581 3245 veniam
601 3180 829 3255 precati
851 3185 1004 3233 sunt.
1025 3173 1075 3226 Id
1095 3186 1242 3233 vero,
1262 3181 1380 3220 mea
1398 3164 1613 3234 quidem
1631 3167 1848 3212 senten-

214 3285 307 3348 tia,
341 3285 421 3338 sic
452 3278 860 3345 intelligatur;
917 3281 1021 3337 non
1051 3262 1191 3333 quod
1221 3259 1297 3314 illi
1338 3248 1848 3320 nttllointperatoris

214 3372 536 3430 Constantis
557 3373 813 3433 urgente
849 3360 1050 3413 timore
1085 3355 1150 3408 ad
1197 3347 1550 3406 simulandam
1583 3341 1850 3412 paeniten-

221 3467 354 3519 tiam
398 3431 785 3518 deductiﬁsint
819 3450 929 3521 (ad
975 3445 1102 3515 quid
1131 3445 1271 3496 enim
1304 3440 1391 3492 illa
1423 3444 1572 3490 tanta
1604 3431 1850 3492 terroris,

224 3571 375 3614 tanta
400 3554 566 3612 fracti
593 3548 778 3606 animi
806 3546 970 3610 signa
991 3538 1347 3608 pertinerent,
1376 3530 1478 3584 nisi
1516 3521 1854 3594 imperatoris

224 3667 406 3711 metus
429 3639 863 3710 accessisset?),
892 3637 989 3690 sed
1010 3631 1150 3702 quod
1174 3627 1314 3680 nulla
1333 3617 1856 3687 Constantisjussio—

229 3765 324 3814 ne,
361 3746 529 3801 nullis
563 3733 875 3795 intentatis
919 3726 1100 3789 minis,
1123 3721 1223 3790 ipsi
1265 3717 1406 3771 ultro
1443 3712 1561 3782 ejus
1602 3708 1852 3762 mandata

231 3827 974 3908 prmvertentes,'factorum
995 3831 1050 3870 se
1089 3810 1349 3882 poenitere
1367 3802 1759 3859 sintulaverint.
1779 3797 1856 3849 Ad

237 3890 348 3908 τη-
394 3890 412 3894 -
648 3890 658 3894 -

237 3930 636 3984 hereticorum
690 3920 892 3983 itaque
940 3917 1213 3962 catervam
1255 3897 1457 3954 reversi
1504 3890 1765 3946 Ursacius
1800 3895 1858 3941 et

238 4020 472 4084 Valens,
502 4027 617 4068 una
651 4024 783 4064 cum
841 4000 968 4056 aliis
1003 3999 1384 4064 imperatorem
1416 3985 1647 4045 adeunt;
1679 3979 1764 4032 cui
1793 3991 1855 4030 ea

245 4105 814 4164 eommemorarunt,
876 4104 998 4160 qua:
1045 4085 1153 4154 jam
1209 4075 1661 4150 praenuntiassent
1729 4077 1858 4122 ante

250 4198 545 4255 Athanasii
586 4193 865 4248 reditum,
897 4178 1150 4234 nimirum
1182 4173 1225 4226 si
1263 4168 1437 4224 exsuli
1479 4166 1618 4218 foret
1661 4160 1728 4213 ad
1769 4172 1856 4212 ec-

252 4291 484 4344 clesiam
551 4277 1001 4340 Alexandrinam
1057 4277 1338 4336 regressus
1398 4258 1558 4319 liber,
1623 4251 1855 4306 exitium

254 4394 427 4435 secta:
448 4394 559 4433 suae
589 4371 816 4445 parari;
848 4377 1042 4419 omnes
1064 4360 1128 4413 ab
1160 4348 1468 4421 ltujusmodi
1499 4345 1614 4398 viro
1640 4341 1859 4395 Arianis

260 4470 647 4531 infestissimo,
688 4480 720 4517 a
754 4460 877 4515 suis
907 4453 1152 4525 partibus
1192 4447 1486 4501 abductum
1515 4439 1616 4501 iri,
1647 4434 1858 4504 pericu-

263 4566 489 4634 lumque
523 4561 645 4614 fore
681 4571 752 4610 ne
796 4523 1065 4620 ipsiimox
1105 4540 1226 4598 soli.
1266 4531 1657 4590 deficientibus
1688 4523 1867 4580 muni-

266 4625 776 4716 bus-deserantur,
814 4653 982 4709 atquc
1010 4649 1129 4689 cum
1175 4625 1489 4685 Manicbzeis
1514 4632 1874 4677 annuntercn-

272 4756 368 4802 tur
391 4747 778 4802 haereticorum
824 4725 1194 4800 nequissintis.

351 4838 400 4891 4.
432 4833 762 4890 Athanasius
811 4816 1187 4878 Constantium
1235 4810 1473 4877 mitigare
1519 4803 1722 4874 frustra
1757 4808 1874 4852 ten-

276 4936 379 4980 tat.
405 4955 476 4966 —
505 4915 878 4979 Constantius
928 4919 1132 4969 autem,
1161 4903 1251 4972 qui
1298 4909 1410 4953 tum
1447 4890 1737 4963 Magnentii
1781 4889 1875 4943 de.

281 5018 514 5073 bellandi
550 5027 723 5070 causa
757 5001 1099 5077 «properabat
1126 4997 1222 5064 (ὁ),
1253 4997 1546 5059 conspecta
1573 4992 1651 5039 tot
1684 4989 1866 5035 tanto-

287 5123 510 5179 rumque
542 5108 944 5176 episcOporunt
1003 5104 1124 5143 cum
1156 5080 1456 5139 Athanasio
1487 5077 1772 5137 societate,
1800 5078 1882 5122 at-

288 5219 395 5271 quc
415 5204 484 5256 iis
507 5211 560 5256 et
591 5169 878 5253 similibus
911 5185 1239 5239 Arianorum
1277 5173 1459 5231 verbis
1489 5169 1879 5227 inflammatus,

294 5313 412 5348 cum
467 5307 578 5349 rem
612 5292 977 5351 concoquere
1009 5290 1116 5329 non
1164 5275 1368 5342 posset,
1403 5263 1602 5319 exinde
1638 5259 1760 5312 viro
1788 5255 1882 5309 ad-

295 5387 492 5441 versari
540 5379 1014 5440 calamitatesque
1058 5377 1252 5435 parare
1295 5358 1490 5428 coapit,
1537 5352 1889 5421 iuramento-

298 5492 408 5530 rutn
444 5479 597 5546 juxta
629 5486 701 5528 ac
742 5468 1087 5522 litterarum,
1114 5452 1451 5518 fraternique
1477 5443 1645 5500 ofﬁcii
1695 5440 1892 5494 imme-

299 5585 410 5626 mor
431 5527 593 5640 z'qnaa
626 5562 868 5636 quidem
907 5550 1066 5607 tertio
1094 5555 1214 5617 post
1241 5558 1384 5600 anno
1411 5542 1464 5596 itt
1493 5544 1747 5608 apertum
1776 5527 1890 5585 bel-

358 5715 435 5780 m
462 5712 666 5766 mnu-
698 5691 1072 5780 εξει-ιυινῑαιο
1103 5688 1180 5780 «εις
1194 5680 1499 5780 carica“:
1522 5691 1576 5780 ολ
1605 5670 1696 5780 ξῗς

358 5717 410 5780 (α
462 5715 666 5766 Athan.
698 5715 1072 5756 ﬂtu..'artart.
1103 5715 1169 5740 αα
1195 5715 1499 5740 mnuum"...
1523 5715 1576 5730 ...
1608 5715 1696 5727 ..--

354 5715 435 5860 ib;
455 5785 660 5860 Athan.
1106 5758 1180 5860 ϐἀ
1209 5749 1510 5812 manachos,
1540 5761 1596 5802 ιι.
1620 5743 1711 5799 '50.

353 5828 429 5930 (is
455 5828 823 5916 Ξὸἱόἰὶίηιιυ.
845 5850 924 5898 tv,
956 5843 1073 5898 cap.
1106 5828 1158 5880 9.

1905 605 2252 675 imperatoris
2284 600 2525 654 animum
2568 609 2688 650 esse
2727 598 3103 659 cognosceret,
3132 598 3482 655 persuasum-

1903 671 2008 765 que
2049 694 2274 748 haberet
2318 689 2547 744 insidias
2580 686 2683 740 sibi
2739 684 2792 736 in
2833 681 3034 752 palatio
3069 677 3326 732 adornari
3357 671 3471 745 (c);

1907 789 2020 856 ipse
2064 786 2279 854 quidem
2331 782 2394 834 ad
2441 775 2791 846 imperatoris
2825 772 3145 828 comitatum
3199 761 3480 834 proficisci

1906 894 2008 932 nec
2036 890 2222 940 ausus,
2259 887 2359 926 nec
2386 885 2415 925 e
2441 885 2501 924 re
2546 869 2661 922 fore
2713 881 2809 920 sua
2858 875 3032 921 ratus,
3063 859 3302 912 delectos
3324 854 3487 922 quin.

1908 983 2016 1036 que
2054 967 2359 1034 episcopos,
2393 977 2456 1015 ex
2505 973 2738 1028 quorum
2788 965 2908 1007 erat
2945 963 3171 1006 numero
3219 944 3484 1011 Serapion

1912 1058 2297 1119 Thutuitanns,
2325 1051 2630 1107 admirabili
2661 1051 2743 1102 vir
2769 1041 3128 1102 sanctimonia
3151 1049 3204 1092 et
3230 1037 3488 1104 eloquen-

1916 1153 2009 1214 tia,
2041 1162 2247 1216 parque
2289 1145 2380 1199 tali
2425 1144 2638 1210 negotio
2692 1137 2951 1209 gerendo,
2993 1135 3060 1187 ad
3103 1133 3487 1199 imperatorem

1915 1242 1966 1294 itt
2003 1215 2316 1295 Occidentis
2367 1233 2612 1302 partibus
2655 1239 2764 1283 tum
2807 1227 3093 1293 degentem
3144 1218 3314 1282 misit,
3344 1215 3490 1268 datis

1913 1331 2198 1400 legationis
2227 1327 2520 1382 comitibus
2561 1322 2735 1374 tribus
2773 1313 3134 1385 presbyteris,
3167 1309 3262 1378 qui
3294 1319 3488 1361 omnes

1917 1437 2020 1474 ttna
2060 1437 2088 1473 a
2131 1435 2190 1472 se
2236 1429 2486 1470 aversum
2535 1407 2838 1464 Constantii
2874 1405 3113 1457 animum
3149 1398 3489 1464 mitigarent,

1916 1523 1971 1568 et
2025 1509 2461 1565 adversariorum
2505 1499 2919 1558 criminationes
2960 1492 3317 1562 depellerent,
3359 1501 3494 1539 cun-

1918 1606 2004 1660 c'ta
2051 1604 2285 1670 denique
2324 1605 2570 1669 agerent,
2625 1607 2746 1662 qua:
2787 1604 2909 1645 cum
2941 1587 3038 1641 sibi
3083 1595 3192 1637 tum
3235 1577 3495 1635 Ecclesia:

1919 1697 2223 1750 conducere
2249 1691 2626 1744 existimarent
2664 1701 2678 1736 :
2707 1682 2824 1749 qui,
2849 1690 2904 1731 ιιι
2927 1692 2993 1730 ex
3039 1668 3498 1739 subsequentibus

1923 1785 2089 1855 gestis
2119 1783 2245 1835 licet
2269 1777 2549 1848 augurari.
2579 1790 2637 1827 re
2663 1770 2868 1824 infecta
2899 1764 3103 1820 reversi
3137 1769 3284 1817 sunt.

1852 1866 1895 1919 Β
1923 1845 1951 1855 ν
1993 1875 2142 1928 ΑΝΝο
2170 1871 2292 1924 553.
2325 1845 2376 1908 ξ-
2426 1868 2476 1919 l.
2522 1861 2815 1933 Magnentii
2853 1873 3017 1910 mors.
3056 1882 3127 1894 —
3156 1845 3500 1918 Magnentius

1925 1977 2126 2028 autem,
2164 1962 2254 2031 qui
2299 1968 2418 2028 post
2449 1955 2747 2010 Mursinant
2797 1949 3008 2003 cladem
3054 1957 3172 1998 sese
3190 1939 3499 2008 Aquileiam

1927 2064 2229 2125 receperat,
2259 2053 2436 2106 victus
2476 2048 2531 2101 in
2573 2044 2722 2099 Italia
2750 2037 3052 2100 anno‘352,
3079 2051 3202 2090 eunt
3243 2035 3310 2088 ad
3340 2031 3504 2099 Alpes

1927 2147 2163 2220 praasidii
2203 2159 2366 2199 causa
2391 2138 2780 2200 concessisset,
2823 2132 3041 2188 demunt
3093 2127 3292 2183 accisis
3343 2126 3505 2178 rebus

1929 2258 2072 2299 anno
2126 2241 2231 2294 553
2285 2234 2529 2306 Lugduni
2585 2246 2776 2284 manus
2826 2226 3007 2281 intulit
3071 2223 3195 2286 sibi,
3237 2236 3362 2275 cum
3397 2229 3508 2273 trcs

1931 2347 2103 2387 annos
2131 2346 2195 2384 ac
2218 2328 2501 2383 dimidium
2543 2321 2888 2392 tyrannidem
2921 2322 3243 2384 occupasset
3271 2311 3371 2381 (ά).
3414 2309 3510 2362 llis

1932 2437 2194 2494 prospere
2217 2418 2405 2489 gestis,
2437 2412 2794 2469 Coiistantius
2826 2407 3053 2461 victoria
3084 2406 3282 2468 elatus,
3313 2414 3511 2467 snper-

1935 2518 2134 2584 biuque
2169 2522 2404 2570 tumens,
2439 2521 2505 2561 eo
2532 2503 2762 2557 insania:
2791 2510 3109 2569 progressus
3139 2503 3243 2559 est,
3273 2501 3332 2544 ut
3360 2501 3515 2544 aeter-

1937 2623 2068 2662 num
2123 2619 2182 2658 se
2229 2601 2617 2665 dominumque
2662 2593 2828 2647 totius
2883 2590 3054 2650 orbis.
3094 2601 3193 2641 nec
3247 2585 3364 2638 sine
3403 2583 3514 2635 risu

1941 2696 2246 2768 gentilium,
2279 2689 2538 2760 appellari
2569 2686 2809 2755 jnberet.
2861 2681 2999 2735 Tum
3043 2679 3230 2732 videre
3271 2683 3392 2728 erat
3430 2686 3519 2725 as-

1944 2783 2277 2842 sentantium
2302 2782 2631 2833 Arianorum
2664 2772 3078 2842 itttpudentiam,
3104 2767 3194 2833 qui
3241 2764 3381 2819 Filio
3420 2760 3518 2814 Dei

1943 2876 2302 2932 aeternitatem
2357 2870 2632 2937 denegare
2659 2865 2800 2926 ausi.
2835 2859 3120 2918 leviusculi
3166 2856 3367 2924 ingenii
3418 2854 3520 2908 lto-

1956 2967 2178 3026 minem,
2210 2971 2474 3015 :eternunt
2541 2953 2870 3022 compellare
2919 2964 3023 3002 non
3056 2945 3408 3000 verebantur.
3463 2937 3522 2991 Itt

1947 3055 2099 3123 cujus
2129 3047 2512 3121 appellationis
2559 3043 2904 3099 insolentiam
2936 3038 3140 3092 acriter
3187 3033 3524 3087 invehuntur

1955 3147 2302 3206 Athanasius,
2332 3141 2594 3203 Hilarius,
2617 3145 2672 3190 et
2702 3133 2919 3188 Lucifer
2948 3126 3311 3185 Calaritanus.

2021 3237 2076 3289 2.
2113 3233 2287 3286 Fraus
2329 3230 2654 3282 Arianorum
2699 3221 2942 3290 insignis.
2972 3245 3043 3257 —-
3078 3214 3193 3268 IIoe
3224 3215 3349 3265 item
3383 3225 3530 3280 anno

1951 3327 2135 3383 Ariani
2179 3323 2419 3392 episc0pi
2474 3333 2569 3373 sua
2605 3324 2794 3370 contra
2835 3310 3192 3364 Athanasium
3248 3303 3530 3358 molimina

1952 3418 2088 3480 orsi,
2128 3390 2622 3469 fictiliasilitteras
2686 3399 3009 3458 Constantio
3063 3395 3379 3450 obtulerunt
3432 3390 3529 3461 (e),

1954 3509 2111 3577 quasi
2156 3507 2224 3559 ab
2264 3502 2566 3558 Athanasio
2629 3494 2988 3561 conscriptas,
3037 3487 3234 3556 quibus
3290 3488 3531 3551 rogaret,

1957 3600 2125 3669 ipsius
2171 3595 2400 3663 Augusti
2465 3587 2697 3644 adeundi
2734 3582 2930 3652 gratia,
2979 3578 3292 3632 facultatem
3341 3571 3443 3625 sibi
3479 3570 3534 3622 in

1958 3663 2169 3748 Italiam
2194 3685 2519 3758 properandi
2560 3679 2811 3742 concedi,
2840 3685 2892 3729 ut
2927 3689 3030 3727 una
3063 3674 3128 3725 de
3153 3663 3538 3723 ecclesiasticis

1961 3781 2328 3838 instaurandis
2373 3777 2534 3830 rebus
2586 3787 2746 3842 agere
2782 3769 2989 3821 liceret.
3021 3763 3096 3816 Eo
3125 3771 3331 3820 autem,
3363 3765 3423 3808 ut
3457 3754 3540 3807 vi-

1961 3878 2136 3938 detur,
2164 3869 2392 3925 consilio
2419 3869 2503 3921 his
2537 3863 2748 3919 insidiis
2778 3861 2858 3914 usi
2917 3865 3045 3910 sunt
3074 3848 3286 3912 Ariani,
3330 3857 3387 3900 ut
3412 3846 3538 3913 quia

1963 3979 2154 4024 sancto
2200 3961 2416 4034 pra-soli
2459 3952 2818 4013 Alexandrini
2868 3947 3048 4020 populi
3094 3958 3247 3998 antor
3286 3937 3541 4009 prmsidio

1963 4071 2102 4125 erat,
2138 4058 2354 4112 facilius
2393 4064 2539 4108 esset
2575 4041 2946 4118 peregrinanti
3000 4035 3296 4109 perniciem
3335 4028 3545 4085 machi-

1969 4153 2107 4208 ttari.
2143 4152 2208 4204 Et
2239 4147 2484 4202 fortassis
2516 4142 2631 4210 ipse
2659 4133 3017 4192 Constantius
3047 4131 3097 4183 in
3131 4134 3342 4196 partem
3376 4121 3542 4175 fabii-

1969 4243 2033 4297 ιω
2060 4249 2304 4296 venerat.
2346 4236 2444 4290 Vix
2477 4244 2711 4298 namque
2743 4231 3020 4284 credatur,
3058 4216 3399 4284 imprudente
3442 4213 3546 4263 in:-

1971 4343 2239 4400 pcratore,
2279 4321 2560 4380 Athanasii
2601 4318 2821 4373 nomine
2864 4314 3077 4366 litteras
3119 4318 3350 4361 exarare
3386 4315 3550 4354 ausos

1973 4424 2142 4477 fuisse
2187 4419 2454 4480 Arianos;
2506 4426 2628 4467 cunt
2676 4423 2799 4462 mox
2843 4401 3142 4458 Athanasio
3194 4394 3550 4454 reclamante,

1905 4519 2332 4603 Dfraudemque
2388 4508 2690 4579 aperiente,
2750 4496 3092 4566 exploratum
3149 4490 3312 4549 foret,
3378 4484 3554 4538 inscio

2356 4600 2365 4603 ‘
2434 4599 2445 4603 -
2689 4589 2701 4603 ¹
2746 4588 2756 4603 I
2838 4589 2848 4603 I
2893 4595 2971 4603 .--
3027 4580 3190 4603 r..:..-.-.
3252 4572 3551 4603 ι’..ζοιηιηιη

1979 4611 2258 4679 episcopo,
2294 4599 2641 4654 inimicorum
2672 4588 2796 4642 dolo
2819 4589 2974 4639 datas
3026 4580 3211 4633 fuisse.
3252 4572 3551 4644 Epistolant

1979 4665 2142 4771 porro
2163 4665 2491 4752 Constantii,
2519 4700 2625 4755 qua
2658 4679 2800 4750 quod
2828 4670 3189 4729 frautlulcntis
3239 4665 3437 4720 litteris
3461 4679 3558 4731 po-

1980 4754 2235 4849 stulatum
2267 4786 2444 4839 fuerat
2477 4754 2826 4834 concedebat,
2861 4761 3160 4821 Athanasio
3187 4757 3379 4814 detulit
3409 4754 3562 4808 ‘I-Ion-

1984 4895 2139 4940 Ianus
2172 4878 2488 4942 Palatinus;
2517 4880 2681 4939 atque
2725 4874 2784 4919 ut
2815 4877 2879 4916 ex
2909 4852 3191 4913 Athanasii
3220 4849 3401 4903 verbis
3426 4861 3562 4903 con-

1979 4977 2190 5046 jcetare
2211 4970 2356 5031 licet,
2397 4937 2605 5036 publici
2651 4954 2888 5012 vehiculi
2921 4950 3134 5019 capiant
3172 4941 3411 4997 faciebat
3461 4937 3565 4990 im-

1987 5073 2206 5137 perator
2236 5061 2301 5113 ad
2338 5057 2584 5111 Italicum
2609 5051 2714 5104 iter
2752 5041 3167 5101 instituendum.
3197 5033 3292 5088 His
3328 5028 3566 5097 acceptis

1988 5158 2187 5215 litteris
2243 5147 2598 5212 Athanasius,
2663 5139 3156 5200 anitnadversaque
3222 5125 3565 5179 inimicorum

1991 5242 2418 5316 conspiratione,
2450 5235 2655 5303 scripto
2677 5230 2954 5296 verboque
3003 5215 3333 5289 significavit
3367 5224 3426 5264 se
3464 5207 3569 5260 iter

1995 5341 2217 5398 minime
2281 5333 2615 5391 detrectare,
2666 5323 2712 5378 si
2773 5321 3071 5389 imperator
3129 5308 3480 5362 accerseret:
3513 5304 3571 5348 at

1999 5447 2120 5488 cum
2150 5443 2256 5482 non
2291 5437 2390 5479 suo
2427 5419 2516 5474 ille
2545 5426 2703 5478 ntttu,
2735 5413 2829 5467 sed
2854 5408 2976 5463 dolo
3003 5403 3327 5458 Arianorum
3359 5389 3570 5442 litteras

2000 5522 2261 5580 dedisset,
2294 5511 2454 5585 quasi
2485 5511 2599 5579 ipse
2629 5495 3008 5575 proficiscendi
3037 5487 3346 5545 facultatem
3392 5478 3576 5550 petiis-

2070 5654 2146 5727 (ά)
2172 5646 2496 5727 Διιιει-ηηψ).
2532 5635 2604 5694 De
2631 5634 2868 5707 synadis,
2913 5628 3016 5685 sub
3070 5622 3304 5685 initium;
3337 5611 3575 5670 Ammia-

2002 5718 2099 5785 nus
2127 5718 2342 5778 lilarcel.
2374 5718 2468 5770 lib.
2493 5727 2580 5785 xv.

2072 5767 2608 5868 ξοῖᾞίῑῖᾇιιίΑροιοθ.
2641 5775 2708 5830 ad
2733 5767 3122 5828 Constantium.
