4038 6526
514 409 637 449 CX"!

1907 384 2448 441 PROLEGOMENA.

514 522 619 575 set,
645 510 739 579 qui
768 525 838 563 ne
863 510 913 563 id
941 509 1207 579 cogitarat
1234 507 1483 577 quidem,
1508 519 1850 576 nequaquam
1872 506 1977 559 iter
2007 505 2092 559 in-
2122 511 2164 567 Α
2196 504 2392 575 ligere,
2424 503 2609 559 omnia
2644 504 2822 558 denuo
2871 503 3111 558 breviter
3140 478 3599 571 perstringamus.
3658 500 3784 557 llaec

513 613 856 668 grcssurum,
884 599 986 653 nisi
1015 598 1228 652 sincera
1248 607 1301 651 et
1352 596 1694 665 imperatoris
1716 594 1946 650 consilio
1964 596 2087 650 data

516 690 741 760 epistola
760 690 1065 744 accederet.
1091 688 1154 741 Et
1170 689 1274 741 hoc
1299 687 1349 740 in
1367 686 1599 754 capitale
1615 686 1817 740 crimen
1845 687 2088 739 Athana-

515 783 596 836 sio
626 790 835 835 vertere
868 781 1053 834 Ariani
1095 792 1219 835 sunt
1242 779 1444 842 conati,
1481 788 1816 832 utnarratur
1838 777 2087 834 inferius.

585 872 640 924 5.
689 870 812 925 llaec
857 872 1077 925 circiter
1126 880 1389 939 tempora,
1443 883 1648 923 annum
1704 872 1903 939 quippe
1954 872 2093 925 assi-

520 977 690 1030 gnare
738 963 791 1015 in
841 972 1090 1031 promptu
1140 978 1245 1016 non
1286 969 1389 1024 est,
1422 962 1567 1015 aliud
1603 964 1849 1032 contigit,
1888 978 1953 1016 ex
1984 978 2090 1032 quo

518 1054 644 1107 item
699 1052 1025 1107 criminandi
1070 1053 1355 1106 Athanasii
1419 1053 1708 1106 materiam
1762 1054 1910 1107 nacti
1964 1063 2091 1108 sunt

512 1144 632 1213 ejus
690 1146 1014 1200 adversarii.
1066 1144 1236 1198 Erant
1291 1143 1631 1198 Alexandria}
1679 1145 1922 1199 ecclesia:
1969 1160 2091 1214 pcr-

515 1235 715 1296 multas,
772 1236 866 1289 sed
915 1250 1013 1303 pro
1050 1234 1231 1303 populi
1289 1233 1593 1302 frequentia
1631 1234 1702 1288 ita
1735 1245 1999 1301 angusta‘,
2034 1246 2091 1289 ut

515 1327 657 1379 haud
689 1327 807 1379 sine
847 1324 1253 1393 prmfocationis
1282 1324 1523 1391 periculo
1542 1336 1723 1392 posset
1749 1326 2091 1381 Christiano-

514 1430 635 1468 rum
660 1414 815 1467 tnrba
847 1424 1148 1469 conventus
1174 1415 1454 1468 celebrare
1483 1412 1584 1484 (α).
1630 1414 1761 1481 Quae
1789 1432 1950 1471 causa
1986 1416 2093 1471 fuc-

514 1516 619 1569 rat,
650 1516 707 1559 ut
753 1504 1051 1574 Gregorius
1100 1508 1128 1558 6
1176 1504 1631 1574 ψευδεπίσκοπος.
1681 1507 1965 1576 impetrata
2022 1508 2091 1561 ab

513 1594 840 1662 imperatore
872 1596 1192 1650 Constantio
1253 1596 1510 1653 facultate
1539 1639 1553 1664 ,
1585 1598 1948 1663 Adrianeum,
1976 1598 2092 1651 sive

514 1687 770 1753 templum
797 1687 865 1741 ab
898 1686 1139 1741 Adriano
1192 1690 1483 1742 excitatura
1505 1729 1521 1753 ,
1573 1691 1623 1743 in
1652 1689 1935 1743 ecclesiam
1962 1703 2094 1742 con-

512 1786 729 1830 vertere
748 1792 1061 1847 aggressus,
1115 1778 1404 1833 aedilicium
1440 1780 1633 1849 apibus
1666 1778 1969 1834 Constantii
1994 1794 2091 1833 ex-

2197 598 2377 668 itaque
2406 596 2661 655 deferunt
2694 594 2767 650 illi
2805 594 2875 649 ad
2924 594 3335 662 imperatorem.
3382 592 3589 658 Primo,
3634 595 3783 662 quod

2196 690 2404 745 erehris
2436 689 2702 743 itionibus
2731 697 2905 756 atque.
2941 686 3228 755 colloquiis
3272 684 3626 740 Constantem
3667 684 3782 737 Ari-

2196 793 2411 853 guslum
2448 782 2501 834 in
2526 781 2904 834 Constantium
2931 792 3284 847 exasperare,
3316 778 3557 846 odiaque
3581 785 3638 830 et
3680 778 3785 829 ini-

2198 875 2433 929 micitias
2479 874 2621 927 inter
2662 872 2858 926 fratres
2909 884 3129 926 movere
3185 878 3415 924 conatus
3455 880 3626 924 esset.
3676 868 3779 923 Se-

2196 964 2396 1027 cundo,
2427 964 2567 1031 quod
2607 962 2914 1032 Magnentio
2947 961 3139 1030 gratire
3182 960 3297 1027 ejus
3332 960 3583 1013 ineundae
3616 976 3781 1013 causa

2199 1055 2438 1109 misisset
2470 1053 2702 1107 litteras.
2738 1053 2941 1111 Tertio.
2969 1053 3111 1121 quod
3158 1054 3209 1106 in
3252 1051 3484 1107 ecclesia
3516 1052 3785 1105 Caesareae

2198 1144 2365 1207 dicta,
2398 1143 2631 1197 necdum
2671 1142 2919 1196 absoluto
2953 1143 3202 1206 aedilicio,
3236 1150 3537 1195 conventus
3562 1140 3785 1209 habuis-

2197 1245 2300 1291 set.
2353 1222 2763 1302 Quartopquod
2815 1233 3001 1301 jussus
3031 1246 3060 1285 a
3093 1232 3415 1285 Constantio
3466 1231 3519 1283 in
3562 1231 3778 1284 ltaliam

2197 1328 2366 1397 ipsius
2397 1326 2628 1381 adeundi
2658 1339 2819 1380 causa
2857 1324 3149 1395 proficisci,
3185 1337 3291 1376 non
3323 1324 3781 1389 obtemperasset.

2198 1418 2254 1473 Si
2290 1418 2419 1487 quid
2453 1418 2553 1472 loci
2598 1416 2842 1486 :equitati
2896 1415 3164 1484 reliquum
3217 1414 3436 1477 fuisset,
3490 1414 3643 1467 hisce
3688 1426 3787 1465 ca~

2198 1509 2417 1564 lumniis
2464 1510 2679 1563 nonnisi
2709 1517 2829 1585 post
2861 1517 3174 1562 accuratam
3210 1522 3387 1560 rerum
3425 1505 3785 1575 perquisitio-

2196 1618 2319 1657 nem
2348 1602 2504 1654 fidem
2537 1601 2821 1655 habiturus
2848 1599 3431 1653 cratConstantius.At
3457 1598 3548 1652 ille
3568 1597 3783 1651 insidiis

2196 1694 2575 1762 obsequiisque
2598 1694 2921 1746 Arianorum
2950 1693 3375 1756 circumventus,
3396 1692 3779 1744 eunncborum

2199 1785 2412 1854 agmine
2464 1783 2737 1847 obsessus,
2771 1798 3000 1851 quorum
3058 1782 3280 1835 audacia
3333 1782 3447 1850 ipso
3480 1782 3785 1850 imperante
3866 1826 3871 1829 _

489 1876 767 1940 .strueret,
808 1868 883 1921 ita
919 1877 1097 1922 tamen
1144 1878 1199 1921 ut
1250 1870 1490 1923 nondum
1522 1870 1772 1924 confecto
1804 1884 1970 1938 opere
1994 1870 2093 1922 ob-
2124 1868 2165 1922 Β
2200 1875 2329 1931 nihil
2357 1890 2460 1929 non
2477 1874 2819 1937 moliebatur,
2841 1872 3271 1926 horumconsilio
3298 1882 3351 1927 et
3375 1888 3539 1940 opera
3567 1872 3772 1926 nullam

516 1968 805 2014 truncatus
835 1959 925 2013 ille
963 1960 1149 2015 fuerit.
1185 1960 1239 2014 in
1267 1962 1705 2033 quadragesimae
1740 1963 1903 2031 igitur
1929 1978 2096 2033 syna-

514 2049 694 2110 xibus.
726 2051 813 2105 -ob
863 2051 1103 2106 locorum
1149 2054 1454 2123 angustiam
1492 2053 1879 2121 ingentemque
1910 2054 2092 2122 pupuli

512 2141 899 2210 frequentiam,
952 2142 1105 2198 multi
1176 2144 1433 2207 infantes,
1494 2145 1775 2207 mulieres,
1839 2145 2091 2213 anicolm,

511 2233 907 2300 adolescentes,
941 2235 1236 2304 compressi
1265 2251 1329 2289 ac
1357 2250 1492 2304 pene
1521 2236 1824 2289 exanimati
1871 2236 2093 2289 domum

512 2324 674 2377 delati
723 2335 870 2390 sunt,
931 2327 1003 2379 ita
1057 2337 1237 2381 tamen
1272 2336 1330 2380 ut
1364 2326 1565 2390 nullus,
1603 2327 1712 2380 Deo
1739 2327 2091 2393 concedente,

513 2416 976 2482 exstingueretur.
1014 2416 1118 2469 Sed
1169 2416 1421 2470 universa
1461 2416 1767 2479 multitudo.
1814 2417 2093 2484 conqueri,

515 2504 932 2559 obmurmurare
980 2505 1364 2575 postnlareque
1407 2515 1464 2559 ut
1507 2507 1559 2559 in
1613 2521 1807 2575 magna
1839 2505 2093 2570 ecclesia,

516 2594 644 2647 licet
673 2593 908 2647 nondum
945 2595 1195 2648 absoluto
1224 2610 1411 2664 opere,
1456 2596 1865 2650 conveniretur.
1918 2596 2095 2651 Acce-

516 2685 676 2738 dente
721 2694 902 2739 autem
952 2684 1239 2739 Paschalis
1284 2687 1650 2751 solemnitate,
1712 2688 1901 2757 ingens
1933 2688 2094 2743 Chri-

513 2776 815 2828 stianorum
848 2773 1152 2843 frequentia
1191 2775 1422 2845 cogitur,
1471 2784 1527 2830 et
1586 2778 1777 2845 grandi
1818 2780 1965 2832 edito
2009 2788 2094 2832 tu-

516 2865 684 2917 multu
722 2880 913 2934 rogare
936 2880 1127 2920 oumes
1161 2875 1220 2921 ut
1273 2866 1328 2919 in
1377 2883 1500 2923 eam
1535 2868 1823 2922 ecclesiam
1856 2884 2096 2924 conven-

515 2966 599 3010 tus
622 2971 788 3011 causa
812 2957 1224 3024 concederetur,
1261 2975 1328 3014 ne
1351 2969 1547 3014 caetera
1558 2976 1675 3013 rum
1724 2961 1975 3031 angustia
2003 2977 2094 3016 ec-

514 3048 807 3102 clesiarum
846 3048 1044 3103 multos
1078 3050 1130 3103 in
1181 3050 1485 3115 periculum
1529 3052 1869 3122 conjiceret;
1928 3053 2095 3109 Atha-

514 3142 699 3195 nasius
751 3152 942 3195 contra
1001 3142 1228 3203 hortari,
1292 3144 1617 3214 turbamque
1670 3146 1981 3211 obsecrare,
2037 3156 2093 3199 ut

512 3233 647 3287 nihi'
681 3234 1063 3301 properantius
1096 3242 1377 3303 ageretur,
1426 3249 1653 3304 remque
1702 3236 1967 3305 tantisper
1996 3236 2095 3291 dif-
2121 3218 2162 3274 C

512 3324 751 3389 ferrent,
798 3335 851 3378 et
902 3325 1076 3379 donec
1126 3325 1456 3394 completum
1507 3341 1644 3393 opus
1689 3338 1852 3392 esset,
1891 3329 1943 3381 in
1973 3329 2095 3383 aliis

510 3417 758 3470 ecclesiis
785 3417 1039 3470 collectas
1068 3417 1434 3472 celebrarent.
1476 3418 1566 3482 At,
1613 3422 1755 3488 quod
1790 3418 1907 3475 fere
1940 3420 2001 3474 fit
2038 3423 2091 3475 in

515 3508 697 3575 populi
720 3506 897 3570 turba,
917 3515 975 3558 ut
1003 3506 1146 3574 quod
1178 3508 1343 3561 semel
1365 3509 1866 3577 apprehendcrunt,
1890 3526 2094 3566 exuere

516 3613 580 3651 ac
610 3597 899 3667 repudiare
928 3597 1015 3649 vix
1058 3598 1288 3665 possint,
1322 3613 1665 3675 nequaquam
1698 3599 1775 3653 illi
1814 3601 2094 3671 obtempe-

513 3697 745 3753 rarunt;
781 3688 892 3741 imo
919 3688 1093 3756 parati
1124 3696 1282 3741 erant
1310 3703 1377 3742 ex
1409 3690 1545 3744 urbe
1571 3691 1779 3758 egredi,
1816 3699 1869 3746 et
1900 3691 1967 3744 ad
2000 3693 2095 3747 dc-

509 3792 657 3837 serta
689 3782 806 3837 loca
839 3780 1031 3835 orandi
1057 3794 1223 3835 causa
1260 3780 1552 3850 proficisci.
1590 3780 1863 3837 ualebant
1894 3784 2094 3854 quippe

511 3873 723 3927 itineris
763 3872 1005 3941 perferre
1054 3871 1312 3936 laborem,
1366 3887 1528 3941 quam
1562 3889 1684 3927 cum
1736 3888 1973 3930 maerore
2012 3876 2092 3930 fe-

510 3973 654 4017 stmn
707 3977 987 4033 peragere.
1056 3960 1193 4018 Tum
1246 3963 1583 4018 Athanasius
1637 3967 1836 4035 populo
1888 3984 2089 4023 morem

511 4055 699 4126 gessit,
731 4056 938 4109 veritus
968 4063 1021 4108 et
1056 4054 1170 4121 ipse
1206 4068 1272 4108 ne
1302 4069 1426 4109 cum
1456 4055 1774 4112 discrimine
1799 4059 1922 4112 vita:
1961 4075 2090 4114 con-

510 4156 706 4202 ventus
728 4157 999 4214 ageretur.
1034 4146 1150 4213 Qua
1191 4146 1258 4200 de
1287 4161 1345 4201 re
1372 4148 1497 4201 item
1530 4149 1612 4201 vir
1651 4160 1873 4203 sanctus
1912 4150 1964 4203 in
1998 4166 2093 4206 ca-

510 4240 639 4308 pitis
688 4239 895 4292 crimen
946 4248 1171 4292 vocatus
1198 4248 1302 4291 est.
1333 4237 1407 4291 lta
1441 4240 1720 4305 nimirum,
1752 4250 1810 4293 ut
1841 4241 1955 4310 ipse
1992 4257 2092 4297 nec

512 4332 679 4386 semel
716 4331 1091 4399 conqueritur,
1142 4340 1261 4385 erat
1310 4340 1649 4399 opportunus
1682 4331 1892 4387 insidiis
1930 4342 2094 4402 atque

514 4424 989 4480 criminationibus
1020 4423 1425 4478 haereticorum.

2196 1967 2333 2035 a-qni
2374 1966 2606 2035 bonique
2630 1966 2891 2018 rationem
2925 1964 3135 2028 habuit,
3183 1965 3278 2018 sed
3298 1965 3503 2021 exinde
3526 1964 3779 2019 Athan:-

2197 2065 2276 2117 sio
2326 2078 2511 2118 necem
2546 2060 2734 2129 quavis
2768 2062 2890 2115 data
2953 2062 3240 2116 occasione
3275 2060 3621 2116 machinatus
3670 2072 3775 2116 est.

2265 2155 2319 2208 5.
2380 2154 2627 2225 Synodus
2683 2153 3029 2207 Arelatensis.
3078 2152 3281 2221 Lapsus
3350 2152 3637 2209 Vincentit',
3679 2153 3785 2205 Ca-

2194 2249 2377 2316 puani.
2404 2276 2477 2287 —
2505 2246 2862 2302 Constantius
2889 2256 3008 2313 post
3040 2245 3365 2298 debellatum
3417 2247 3786 2299 exstinctum-

2197 2352 2302 2407 que
2338 2338 2705 2407 Magnentium
2743 2336 2795 2388 in
2842 2334 3047 2389 Gallias
3086 2335 3229 2387 venit
3260 2334 3363 2404 (c),
3395 2335 3729 2403 Arelateqne
3753 2350 3782 2387 a

2195 2433 2283 2486 die
2331 2433 2539 2485 decima
2597 2428 2849 2484 Octobris
2904 2428 3108 2480 mensis
3138 2427 3203 2477 ad
3233 2440 3437 2479 annum
3496 2426 3784 2481 ineuntem

2195 2524 2302 2579 354
2336 2522 2602 2578 consedit.
2635 2520 2711 2574 Eo
2744 2521 2796 2573 in
2831 2519 2949 2573 loco
2997 2519 3260 2573 adversus
3300 2519 3665 2573 Athanasium
3718 2518 3784 2571 si-

2194 2632 2299 2684 gna
2361 2627 2558 2668 canere
2606 2620 2888 2677 cmperunt
2915 2611 3034 2680 ejus
3078 2611 3400 2673 adversarii,
3440 2625 3564 2662 cum
3606 2610 3783 2664 sancti

2196 2706 2445 2775 praesulis
2481 2705 2767 2758 abdicandi
2800 2704 2973 2773 gratia
3009 2715 3264 2757 anetores
3294 2713 3420 2757 sunt
3454 2703 3775 2771 imperatori

2204 2813 2407 2852 convoc
2428 2798 2581 2851 amite
2610 2797 2662 2850 in
2691 2798 2790 2852 ista
2819 2798 2950 2851 urbe
2979 2797 3187 2867 synodi.
3220 2796 3521 2865 Sperabant
3548 2796 3782 2859 scilicet,

2197 2901 2464 2958 praesente
2493 2905 2557 2943 ac
2583 2890 2959 2958 patrocinante
2990 2891 3250 2958 Angusto,
3299 2890 3505 2943 inimici
3552 2890 3784 2942 arbitrio

2196 2996 2295 3035 suo
2318 2980 2612 3035 ulciscendi
2645 2980 2956 3033 facultatem
2999 2978 3116 3034 fore
3146 2980 3271 3035 sibi.
3314 2979 3391 3033 Eo
3430 2980 3586 3033 missi
3620 2994 3651 3032 a
3688 2978 3785 3031 Li-

2196 3070 2345 3125 berio
2393 3080 2518 3125 sunt
2566 3069 2880 3124 Vincentius
2922 3071 3212 3140 Capuanus
3265 3080 3320 3125 et
3373 3070 3669 3125 Marcellus
3723 3072 3779 3123 in

2197 3162 2491 3230 Campania
2524 3162 2828 3231 episcOpns.
2870 3163 3011 3216 datis
3055 3162 3374 3231 quibusdam
3421 3162 3546 3216 aliis
3575 3163 3677 3214 via:
3705 3161 3783 3215 le-

2198 3256 2541 3327 gationisque
2571 3256 2758 3310 sociis.
2792 3254 2928 3321 Quia
2961 3268 3090 3308 vero
3125 3251 3541 3320 decretumjam
3572 3252 3781 3312 fuerat.

2199 3361 2255 3403 ut
2297 3350 2554 3419 Aquileize
2585 3349 2818 3419 synodus
2847 3348 3236 3409 celebraretur,
3272 3359 3377 3398 non
3420 3356 3605 3398 autem
3639 3346 3785 3397 Are-

2199 3441 2329 3507 late,
2383 3440 2715 3509 postulatum
2761 3440 3114 3503 accedebant,
3153 3448 3211 3491 ut
3241 3437 3291 3488 in
3330 3436 3417 3488 illa
3449 3430 3603 3503 prius
3642 3434 3785 3485 assi-

2196 3543 2355 3603 gnata
2384 3532 2517 3586 urbe
2553 3542 2916 3587 evocarentur
2955 3545 3164 3584 omnes.
3214 3527 3414 3581 Detulit
3468 3526 3598 3579 item
3648 3523 3787 3575 Vin-

2197 3626 2410 3680 centius
2442 3622 2800 3676 Orientalium
2826 3621 3059 3684 litteras,
3095 3633 3193 3673 uec
3220 3633 3326 3671 non
3354 3617 3491 3670 alias
3520 3615 3587 3668 ab
3611 3613 3787 3683 Egy-

2197 3718 2326 3785 ptiis
2359 3715 2629 3784 episcopis
2659 3713 2935 3783 octoginta
2970 3713 3022 3765 in
3059 3711 3286 3781 gratiam
3321 3706 3610 3761 Athanasii
3640 3720 3782 3759 con-

2195 3809 2443 3879 scriptas.
2495 3806 2735 3877 Rogabat
2787 3819 2952 3872 porro
3010 3818 3106 3871 per
3144 3812 3391 3856 oratores
3452 3810 3584 3851 suos
3613 3794 3782 3848 Libe-

2198 3903 2331 3966 rius,
2386 3910 2444 3954 ut
2500 3900 2565 3953 de
2617 3898 2719 3953 fide
2778 3898 2953 3967 deque
3010 3892 3295 3948 Athanasii
3345 3884 3510 3944 causa
3556 3888 3781 3942 sincera

2198 4006 2377 4049 mente
2403 4002 2677 4063 ageretur,
2704 4008 2813 4061 quo
2860 4004 2989 4042 vera
3040 3985 3308 4053 nullisque
3345 3980 3583 4035 obnoxia
3625 3976 3783 4030 frau-

2190 4088 2352 4142 dibus
2384 4084 2660 4139 insidiisve
2691 4098 2794 4152 pax
2822 4089 3004 4151 posset
3036 4074 3341 4131 conciliari.
3378 4071 3530 4127 llanc
3566 4068 3779 4123 Liberii

2196 4176 2612 4248 postulationem
2648 4172 2937 4244 perinique
2964 4169 3086 4222 tulit
3110 4164 3486 4226 Constantius,
3525 4170 3583 4215 ut
3615 4159 3783 4214 nullis

2196 4278 2378 4337 postea
2407 4266 2523 4337 ejus
2550 4266 2709 4319 dictis
2734 4259 3284 4327 excusationibusque
3309 4255 3549 4324 mitigari
3585 4264 3786 4320 potue-

2197 4360 2265 4413 rit
2294 4377 2308 4424 ;
2342 4368 2448 4412 tam
2482 4357 2648 4412 feroci
2680 4356 2935 4408 nimirum
2976 4367 3043 4406 ex
3080 4350 3355 4422 proslieris
3397 4349 3633 4402 fortunre
3683 4362 3783 4401 ca-

2195 4452 2343 4506 sibus
2368 4458 2487 4504 erat
2517 4448 2718 4502 animo.
2753 4447 3029 4502 Grandem
3080 4447 3132 4499 in
3176 4442 3465 4496 Vincentio
3516 4440 3783 4508 Capuano

580 4536 634 4592 4.
671 4537 966 4592 Calumnia:
1005 4538 1325 4591 Arianorum
1382 4538 1437 4591 in
1481 4536 1853 4593 Athanasium.
1892 4570 1963 4582 —
1995 4540 2090 4595 [iis
2121 4551 2165 4605 ι)
2195 4558 2344 4611 spem
2368 4539 2659 4607 repositam
2692 4538 2928 4592 habebat
2957 4535 3229 4599 Liberius,
3256 4532 3398 4602 quod
3432 4532 3477 4585 is
3509 4546 3625 4586 rem
3659 4546 3785 4599 qua:

508 4629 961 4686 machinamentis
986 4630 1170 4683 Ariani
1204 4630 1502 4685 Athanasio
1534 4631 1761 4686 exitium
1800 4633 2085 4701 parabant,

507 4723 651 4791 quod
681 4721 929 4775 videlicet
965 4730 1221 4790 putarent
1252 4719 1547 4788 perniciem
1584 4722 1706 4790 ejus
1741 4737 1865 4777 cum
1893 4738 2085 4792 magna

506 4813 789 4868 catholicae
825 4817 899 4868 rel
929 4812 1241 4866 calamitate
1284 4826 1404 4867 esse
1460 4813 1827 4881 conjunctam.
1881 4813 1973 4867 N;e
2009 4814 2085 4868 illi

505 4906 614 4973 jam
648 4904 950 4959 inveterata
985 4905 1226 4973 priorum
1258 4905 1546 4957 criminum
1586 4905 1811 4968 invidia,
1870 4907 2085 4961 Arsenii

509 5011 720 5059 necent,
754 5008 995 5049 mensam
1032 4996 1370 5057 subversam,
1399 4995 1614 5064 aliaque
1646 4996 1697 5049 id
1728 5012 1896 5067 genus
1920 4996 2083 5049 missa

508 5088 749 5140 faciunt:
779 5085 1139 5155 gravioraque
1168 5085 1483 5149 commenti,
1526 5086 1884 5140 Athanasium
1932 5099 2084 5139 reum

508 5187 680 5249 agunt
729 5177 868 5246 apud
911 5174 1297 5245 imperatorem
1331 5175 1426 5243 (ὸ).
1487 5174 1607 5229 Etsi
1642 5189 1803 5243 porro
1837 5173 2080 5242 quasdam

505 5270 735 5325 crimina
788 5269 901 5339 jam
960 5265 1309 5321 meminimus
1377 5266 1444 5321 ab
1493 5266 1710 5320 Arianis
1784 5264 2085 5319 Athanasio

508 5364 713 5428 oblata,
754 5376 861 5416 non
898 5360 1171 5431 ingratum
1200 5358 1387 5413 lectori
1416 5357 1544 5421 erit,
1575 5358 1618 5411 si
1650 5371 1770 5411 cum
1810 5355 2085 5409 memoria:

508 5469 693 5525 causa,
732 5463 841 5507 tum
877 5461 935 5505 ut
962 5450 1123 5506 liceat
1152 5449 1458 5518 bujusmodl
1507 5448 1920 5503 criminationes
1964 5457 2081 5496 om-

508 5560 605 5601 nes
634 5559 740 5613 quo
766 5544 957 5599 ordine
990 5542 1044 5597 in
1078 5532 1315 5596 medium
1347 5540 1524 5594 allata:
1548 5546 1673 5593 sunt
1698 5535 1887 5605 paucis
1918 5532 2083 5587 intel-

577 5674 652 5747 (a)
681 5676 876 5731 Athan.
916 5676 1068 5747 Apol.
1102 5673 1170 5727 ad
1206 5672 1596 5735 Constantium,
1625 5684 1678 5721 η.
1712 5666 1795 5720 Η.

575 5748 651 5816 (ὁ)
676 5750 895 5811 Atltan.,
932 5748 1063 5806 ibid.

577 5750 628 5816 (ὁ
676 5750 895 5811 Atlian.,
932 5750 1063 5806 ibid.

577 5750 651 5886 (ei
689 5818 956 5870 Atnniian.
990 5816 1308 5878 Marcellin.,
1334 5811 1427 5865 lib.
1456 5824 1584 5871 xw;
1634 5807 1799 5861 Ililar.
1831 5806 1881 5858 in
1914 5803 2079 5874 Frag-

2198 4633 2532 4688 tractabatur
2584 4632 2829 4700 apprime
2867 4637 3245 4698 cognosceret,
3288 4636 3341 4679 et
3387 4625 3553 4692 judex
3601 4624 3656 4677 in
3688 4639 3785 4677 ea-

2195 4728 2315 4782 dem
2353 4740 2513 4780 causa
2548 4723 2693 4777 inter
2719 4722 3004 4790 episcopos
3034 4718 3289 4788 frequens
3320 4717 3575 4773 sedisset.
3604 4714 3783 4768 Inter-

2198 4818 2375 4870 fuerat
2417 4814 2614 4883 quippe
2664 4809 2925 4864 Romana:
2973 4809 3184 4879 synodo
3232 4823 3361 4860 ann.
3407 4805 3537 4870 542,
3584 4802 3783 4857 Sardi-

2194 4908 2342 4964 censi
2385 4922 2515 4959 ann.
2540 4901 2663 4965 54⁷1,
2700 4910 2777 4964 et,
2806 4911 2862 4955 nt
2894 4901 3004 4954 veri
3030 4899 3250 4968 quidem
3294 4896 3473 4950 simile
3505 4905 3611 4959 est,
3661 4892 3784 4963 ipse

2193 4999 2507 5054 Vincentius
2554 5007 2665 5050 tum
2708 4996 2999 5065 presbyter
3049 4990 3307 5045 Nicaenas'
3336 4989 3550 5059 synodo
3605 4988 3783 5041 inter-

2192 5091 2288 5145 fuit
2341 5106 2463 5145 cum
2514 5088 2710 5142 Vitone
2765 5088 2888 5141 item
2944 5085 3287 5156 presbytero,
3328 5082 3489 5152 legati
3544 5082 3709 5135 ambo
3744 5099 3779 5137 a

2199 5184 2481 5256 Sylvcstro
2514 5181 2787 5252 pontifice.
2821 5176 3025 5233 Verum
3049 5178 3215 5232 cessit
3248 5190 3337 5229 res
3382 5186 3572 5229 contra
3605 5190 3776 5243 quam

2192 5286 2339 5329 ratus
2370 5283 2509 5326 erat.
2542 5272 2755 5325 Ardcns
2779 5270 2924 5324 enim
2952 5267 3134 5322 furore
3163 5282 3227 5321 ac
3250 5262 3461 5321 scelere
3509 5264 3564 5318 in
3605 5264 3782 5318 Atha-

2194 5366 2399 5421 nasium
2422 5364 2778 5419 Constantius
2804 5360 2907 5432 (di.
2934 5371 3141 5413 terrore
3172 5357 3355 5410 omnia
3390 5364 3446 5409 et
3468 5353 3773 5408 formidine

2189 5456 2447 5525 complet,
2486 5454 2743 5510 exsilium
2783 5450 3167 5506 interminatur
3185 5444 3477 5517 episcopis,
3508 5442 3605 5512 qui
3630 5442 3778 5497 bene

2186 5550 2339 5604 multi
2364 5564 2431 5604 ex
2468 5547 2620 5603 Italia
2664 5561 2730 5601 eo
2768 5549 3192 5608 concurrerant,
3246 5536 3353 5594 nisi
3402 5533 3779 5592 Athanasium

2192 5695 2388 5749 ιιιριιι.;
2420 5683 2593 5741 Hilar.
2636 5690 2820 5736 contra
2846 5677 3099 5737 Arianae.

2261 5757 2336 5825 (τι)
2376 5756 2646 5823 Sulpicius
2690 5752 2940 5804 Severus.
