4038 6526
1517 440 1677 496 VITA
1718 442 1777 500 S.
1819 446 2218 503 ATIIANASH.

226 554 644 627 proscribereut.
710 556 882 612 Minis
934 539 1239 627 huiusmodi
1289 558 1495 614 fractus
1550 564 1811 629 perterri-
1843 569 2114 635 Aspccie,
2165 567 2476 622 mandatum
2531 584 2626 637 per
2671 568 2881 623 italiam
2949 582 3112 628 totam
3175 578 3395 644 prodiit,
3442 585 3500 631 ut

228 663 393 718 tasque
422 646 795 715 Vincentius,
840 667 907 705 eo
954 652 1158 721 appulit
1222 654 1490 716 animum,
1541 666 1595 707 ut
1650 670 1811 725 quem

229 745 469 793 insontem
530 740 715 795 toties
767 741 1125 806 declarasset,
1165 744 1277 815 jam
1314 761 1464 799 remn
1506 758 1691 814 ageret
1729 759 1813 800 at-

224 849 311 902 que
330 832 644 886 damnaret.
690 832 764 887 Et
796 835 1065 903 principio
1094 837 1311 903 quidem
1340 838 1431 892 ille
1465 838 1698 908 integris
1727 855 1813 892 re-

226 927 307 979 bus
328 923 642 993 postulabat
685 929 780 996 agi
816 927 888 980 de
921 927 1044 981 ﬁde.
1078 928 1132 981 Id
1169 932 1440 1000 negabant
1476 930 1662 985 Ariani
1696 935 1812 1000 cpi-

224 1019 368 1089 scopi,
402 1017 566 1073 veriti
622 1034 702 1073 ne
760 1020 808 1074 si
861 1020 915 1073 in
960 1022 1195 1076 medium
1250 1023 1540 1079 alierretur
1590 1027 1813 1079 haeresis

222 1113 421 1178 Ariana,
477 1111 964 1171 Occidentalibus
1023 1117 1365 1172 stomachum
1448 1117 1672 1184 faceret,
1750 1134 1812 1172 ac

223 1204 391 1260 deinde
417 1215 797 1274 peroptatam
830 1208 932 1277 ipsi
960 1208 1243 1263 Athanasii
1280 1209 1688 1267 damnationem
1718 1212 1812 1264 im-

220 1310 411 1368 petrare
435 1313 545 1353 non
584 1310 854 1370 possent.
886 1301 1016 1356 Rem
1047 1304 1207 1371 paulo
1232 1319 1392 1359 secus
1420 1316 1610 1359 narrat
1660 1305 1813 1358 Libe-

220 1393 321 1445 rius
354 1390 452 1460 (τι)⁹
491 1390 724 1461 legatos
762 1393 1046 1459 videlicet,
1103 1394 1193 1449 ubi
1230 1397 1409 1466 urgeri
1450 1411 1509 1452 se
1545 1399 1613 1451 ad
1643 1397 1815 1451 Atha-

222 1489 407 1542 nasium
459 1488 873 1543 damnandum
910 1504 1275 1559 conspexere,
1319 1491 1677 1560 Spopondisse
1735 1490 1813 1544 vi-

222 1597 317 1635 rum
342 1595 398 1636 se
425 1581 840 1650 damnaturos,
873 1584 1001 1637 dum
1030 1584 1415 1639 damnarentur
1438 1584 1567 1639 item
1596 1583 1811 1639 Ariani.

221 1682 272 1735 lli
303 1696 422 1735 vero
452 1696 512 1736 re
552 1695 765 1737 secum
810 1683 1105 1737 deliberata
1145 1681 1497 1751 reSpondent,
1533 1696 1638 1736 non
1669 1697 1809 1750 pra:-

217 1776 360 1830 seutis
406 1788 534 1830 esse
588 1775 849 1829 inStituti
898 1775 1013 1829 Arii
1078 1774 1386 1829 doctrinam
1436 1776 1808 1846 proscribere,

217 1869 292 1922 sed
337 1869 396 1920 de
441 1867 565 1921 sola
619 1867 929 1920 Athanasii
974 1866 1320 1922 damnatione
1351 1868 1457 1938 agi.
1493 1867 1629 1922 Tum
1659 1869 1811 1923 deni-

217 1976 302 2027 que
334 1959 677 2017 Vincentius
702 1970 861 2015 tanta
891 1961 1235 2030 imperatoris
1274 1959 1563 2016 formidine
1600 1963 1810 2029 percul-

218 2067 292 2105 sus
319 2061 418 2115 est,
452 2063 515 2106 ut
541 2060 759 2106 contra
792 2067 963 2122 quam
1012 2066 1136 2107 vere
1188 2052 1478 2118 sentiebat,
1531 2053 1812 2109 simularet

218 2147 561 2201 Athanasium
616 2161 686 2201 se
749 2147 1044 2212 damnare,
1089 2148 1315 2217 ejusque
1372 2148 1809 2201 communionem

220 2254 462 2307 respuere.
490 2239 645 2294 Eam
690 2249 885 2294 tamen
916 2250 1097 2309 postea
1149 2240 1413 2295 maculam
1468 2242 1626 2295 diluit
1676 2240 1809 2295 Vin-

216 2348 292 2387 ceu
316 2335 416 2399 ius,
452 2334 548 2387 ubi
586 2346 839 2388 strenue
871 2333 1198 2387 Arianorum
1240 2334 1532 2389 conatibus
1577 2334 1807 2402 obstitit,

214 2427 483 2495 abnuitque
522 2426 689 2481 actis
725 2426 1172 2481 Ariminensibus
1198 2424 1505 2498 sull'ragari.

268 2516 315 2572 6.
346 2515 574 2571 Paulini
630 2516 976 2571 Trevirensis
1011 2520 1310 2573 constantia
1352 2528 1400 2573 et
1432 2522 1699 2576 exsilium.
1740 2551 1809 2561 ~—

215 2610 385 2664 Eadem
421 2612 474 2665 in
509 2611 751 2682 synodo
781 2609 1094 2666 Arelatensi
1127 2611 1445 2666 fortitudine
1485 2622 1646 2683 atque
1678 2629 1808 2668 con—

214 2707 385 2757 stantia
420 2704 671 2760 emicuit
708 2702 984 2759 Paulinus
1016 2704 1305 2775 episcopus
1329 2703 1673 2762 Trevirensis
1711 2707 1806 2779 (ὁ),

215 2799 287 2862 qui
318 2794 623 2850 Maximino
652 2803 1017 2849 successerat
1046 2795 1327 2851 Athanasii
1364 2798 1690 2852 necessario.
1735 2798 1804 2863 ls,

213 2903 312 2939 cum
369 2889 486 2957 pari
560 2888 884 2950 violentia,
946 2887 1232 2943 intentatis
1309 2890 1513 2953 minis,
1566 2891 1806 2960 episcopi

216 2983 370 3035 Ariani
406 2983 723 3046 instarent,
758 2980 1136 3049 iuberentque
1165 2989 1223 3033 ut
1257 2996 1380 3035 cum
1412 2982 1633 3037 Arianis
1673 2984 1808 3036 ami-

212 3072 369 3125 citiam
392 3071 942 3138 communionisque
971 3070 1280 3126 societatem
1302 3072 1465 3126 iniret
1507 3072 1602 3144 (δ),
1634 3073 1804 3128 Atha-

210 3166 505 3237 nasiumque
544 3166 888 3226 damnaret,
924 3163 1520 3221 maluitsceleratorum
1559 3167 1807 3221 vindictae

208 3258 489 3325 subiacere,
550 3274 732 3328 quam
773 3258 845 3311 ad
908 3256 1217 3312 indecorum
1267 3260 1669 3315 simulationem
1713 3262 1804 3316 de-
1832 3282 1873 3336 ο

210 3353 330 3416 duci,
361 3369 417 3407 sc
446 3352 759 3407 l’liotinum
796 3351 956 3403 aiens
979 3360 1033 3404 et
1054 3349 1366 3405 Marcellum
1398 3351 1803 3418 damnaturum,

212 3458 297 3499 non
334 3447 529 3500 adduci
593 3455 792 3499 tamen
836 3456 999 3509 posse
1027 3450 1087 3495 ιιι
1118 3442 1501 3504 Athanasium,
1535 3457 1694 3511 quem
1725 3441 1806 3495 in-

208 3550 392 3593 sontem
421 3541 773 3594 mstimaret.
810 3535 951 3590 Cum
983 3544 1163 3589 autem
1194 3550 1224 3588 e
1252 3550 1309 3589 re
1341 3535 1458 3589 fore
1504 3550 1600 3590 sua
1646 3542 1805 3605 puta-

212 3642 309 3683 rent
356 3633 534 3701 iniqui
586 3629 912 3690 'homines,
961 3627 1005 3681 si
1061 3644 1091 3680 a
1142 3636 1293 3682 tanto
1349 3628 1467 3682 viro
1517 3628 1805 3684 Athanasii

207 3721 454 3777 damnatio
518 3726 997 3789 extorqueretur,
1046 3716 1425 3772 blandimentis
1474 3728 1636 3786 atque
1683 3732 1808 3787 pro-

148 3803 153 3810 ’
210 3812 381 3877 missis,
410 3812 656 3884 quando
687 3811 742 3864 vi
776 3808 858 3863 nil
897 3808 1275 3877 impetrarent,
1310 3809 1362 3862 id
1405 3810 1658 3863 obtinere
1701 3809 1804 3865 nisi

208 3914 329 3958 sunt.
356 3905 464 3960 Sed
506 3918 652 3959 cum
687 3901 903 3955 frustm
935 3915 993 3954 se
1026 3901 1283 3953 invictum
1320 3899 1529 3955 Paulini
1562 3902 1803 3957 animum

206 4003 391 4051 tentare
421 3995 963 4050 animadverterent
994 3992 1096 4062 (Δ),
1132 4000 1190 4046 ut
1230 3990 1470 4047 Ecclesia
1524 3995 1801 4065 indignum

206 4100 343 4157 atque
390 4090 694 4145 nefarium
733 4089 789 4141 in
830 4085 1085 4141 exsilium
1134 4086 1407 4153 deportari
1444 4100 1656 4141 curant.
1710 4086 1801 4142 Sic

206 4195 363 4236 autem
394 4185 479 4237 vir
506 4182 613 4237 ille
658 4178 1003 4234 fortissimus
1029 4177 1319 4241 exsulavit,
1359 4189 1418 4231 ut
1464 4194 1569 4233 non
1599 4179 1687 4233 diu
1718 4195 1803 4234 eo-

205 4272 303 4326 dem
347 4275 466 4329 loco
510 4272 847 4328 consistere
894 4267 1106 4333 liceret,
1148 4269 1241 4322 sed
1276 4282 1341 4322 ex
1374 4267 1478 4322 alia
1514 4270 1579 4327 in
1636 4269 1798 4323 aliam

204 4370 365 4419 urbem
420 4375 717 4436 raptatus,
776 4359 962 4414 varias
1016 4370 1336 4429 peragraret
1376 4361 1621 4430 regiones
1664 4380 1678 4414 :
1733 4376 1798 4416 eo

204 4459 430 4516 nimirum
464 4457 745 4516 consilio,
790 4464 850 4506 ut
886 4452 1089 4506 fractus
1120 4452 1278 4507 mdio
1318 4452 1673 4507 diuturnioris
1712 4452 1800 4506 iti-

203 4555 328 4607 neris
353 4555 543 4607 animo
575 4548 938 4609 concideret,
970 4537 1283 4612 moremque
1310 4555 1522 4614 gereret
1552 4544 1793 4598 Arianis.

1916 658 2152 727 episcopi
2183 673 2369 713 omnes
2408 658 2766 715 Orientalium
2799 652 3094 720 sententiis
3134 668 3494 736 astipularen-

1923 761 2030 816 tur,
2065 751 2326 818 gravibus
2353 752 2407 806 in
2432 768 2528 806 eos
2558 753 2646 820 qui
2678 768 2781 808 non
2809 756 3251 825 obtemperarent
3274 758 3493 829 iactatis

1894 842 2465 927 ‘intcrtninationibus.
2507 845 2752 899 Liberius
2787 857 2988 909 autem,
3045 851 3133 904 cui
3181 860 3293 904 tum
3343 854 3493 906 cordi

1902 930 2326 1007 'erataaquitatis
2359 955 2608 1009 veraque
2654 941 2773 995 tidei
2823 956 2984 996 causa
3030 942 3122 1014 (ε),
3159 932 3381 1012 accepto
3415 946 3493 999 le-

1915 1042 2159 1095 gatorum
2191 1044 2411 1085 suorum
2447 1031 2621 1100 lapsu,
2678 1042 2827 1087 tanto
2887 1047 3117 1104 punctus
3158 1044 3241 1091 est
3288 1037 3493 1099 dolore,

1917 1133 1972 1173 ut
2003 1124 2403 1192 praeoptandam
2433 1126 2531 1179 sibi
2565 1125 2731 1179 fuisse
2774 1138 3009 1181 mortem
3066 1114 3359 1182 testaretur
3388 1128 3496 1183 llo-

1915 1215 1996 1267 sio
2034 1216 2363 1282 rescribens,
2400 1233 2562 1287 quam
2598 1229 2655 1273 ut
2686 1221 2737 1274 in
2767 1218 2959 1291 legatis
2998 1223 3113 1276 suis
3166 1222 3496 1277 novissimus

1914 1308 2154 1361 omnium
2188 1309 2468 1363 Athanasii
2501 1311 2707 1365 delator
2733 1313 3010 1368 videretur
3056 1329 3200 1377 esse,
3239 1325 3336 1369 aut
3369 1330 3495 1370 sen-

1915 1400 2098 1455 tentiis
2126 1401 2417 1471 Evangelio
2467 1403 2882 1459 adversantibus
2934 1405 3237 1475 astipulari.
3295 1407 3374 1462 Ac
3425 1423 3495 1463 ne

1914 1491 2193 1559 permultis
2243 1493 2514 1549 Vincentii
2564 1497 2747 1564 lapsus
2775 1497 3022 1567 exemplo
3050 1497 3132 1552 vel
3165 1497 3494 1554 oliendiculo

1914 1583 2073 1650 foret,
2132 1584 2343 1640 litteras
2396 1587 2561 1642 mittit
2604 1591 2673 1642 ad
2722 1588 3068 1644 Caecilianum
3140 1590 3490 1661 Spoletanum

1913 1676 2265 1745 episcopum,
2317 1679 2593 1734 hominem
2641 1680 2955 1747 cohortatus,
3014 1692 3071 1736 ut
3125 1698 3193 1737 ne
3245 1698 3275 1737 a
3312 1684 3493 1753 probo

1915 1768 2141 1823 consilio
2180 1769 2448 1826 Vincentii
2508 1774 2946 1841 transgressione
2996 1784 3355 1841 evocaretur;
3398 1775 3490 1829 [ir-

1918 1873 2145 1927 musque
2180 1861 2496 1929 persisteret
2526 1863 2577 1916 in
2617 1863 2891 1933 aequitatis
2941 1879 3187 1934 veraeque
3234 1865 3494 1920 doctrina

1916 1952 2278 2009 sollicitudine
2316 1970 2378 2010 ac
2416 1956 2614 2011 studio.
2652 1956 2718 2010 Et
2767 1971 2896 2011 vero
2953 1957 3022 2011 ad
3068 1971 3322 2027 magnum
3361 1959 3488 2012 item

1917 2042 2139 2099 llosium
2169 2045 2263 2099 dat
2302 2046 2534 2111 litteras,
2571 2047 2859 2117 deplorans
2908 2048 3205 2118 legatorum
3259 2047 3491 2118 lapsum.

1913 2135 2087 2201 Quem
2141 2136 2390 2203 llosium,
2427 2154 2525 2195 ceu
2575 2142 2865 2209 quamdam
2902 2140 3154 2195 Ecclesia:
3183 2140 3491 2195 columnam

1912 2229 2282 2298 suspiciebant
2333 2240 2444 2285 tum
2484 2231 2746 2286 universi.
2797 2229 3002 2286 Praater
3040 2231 3157 2286 haec
3203 2239 3385 2286 autem
3424 2232 3492 2286 de

1914 2321 2125 2391 integro
2171 2332 2419 2378 oratores
2479 2324 2544 2376 ad
2592 2322 2975 2378 Constantium
3019 2323 3314 2379 mittendos
3362 2338 3491 2379 cen-

1911 2414 2019 2468 suit
2078 2412 2169 2485 (Ῑ),
2235 2414 2543 2470 Luciferum
2598 2431 2788 2485 nempe
2832 2414 3220 2480 Calaritanum,
3262 2417 3354 2486 qui
3400 2415 3492 2471 Li-

1910 2503 2119 2558 berium
2150 2505 2359 2569 adiens,
2400 2520 2521 2560 sese
2553 2504 2694 2557 ultro
2731 2504 2983 2574 legationi
3021 2507 3087 2559 ad
3112 2506 3489 2561 Constantium

1909 2597 2172 2652 obeunda;
2213 2596 2512 2665 obtulerat,
2557 2595 2904 2653 Pancratium
2938 2597 3282 2668 (Eutropium
3335 2607 3491 2652 vocat

1844 2692 1849 2697 ”
1909 2690 2262 2760 Athanasius)
2323 2690 2721 2761 presbyterum,
2768 2699 2823 2745 et
2877 2688 3140 2744 Hilarium
3196 2690 3489 2769 diaconum

1910 2796 2031 2833 cum
2061 2781 2288 2851 epistola
2325 2780 2392 2834 ad
2421 2782 2747 2848 Augustum,
2777 2780 2920 2836 datis
2958 2781 3088 2836 item
3131 2780 3347 2848 litteris,
3375 2782 3487 2837 Eu-

1912 2873 2063 2926 sebio
2116 2872 2442 2927 Vercellcnsi
2504 2873 2695 2927 eodem
2736 2872 2949 2938 itinere,
3007 2882 3299 2942 antequam
3352 2873 3491 2928 Con-

1911 2965 2168 3018 stantium
2201 2965 2431 3027 adirent,
2474 2963 2788 3019 tradendis:
2825 2964 2979 3033 cujus
3005 2965 3108 3018 hoc
3154 2974 3275 3019 erat
3327 2980 3490 3034 argus

1912 3066 2173 3123 mentum,
2203 3057 2399 3112 solatio
2449 3071 2570 3111 esse
2618 3057 2722 3111 sibi
2758 3056 3012 3110 invictam
3042 3055 3165 3126 ejus
3194 3056 3352 3111 ﬁdem
3384 3060 3485 3126 (g),

1908 3150 2052 3219 quod
2099 3164 2231 3204 sane
2258 3149 2599 3203 connnodum
2648 3159 3121 3219 opportunumque
3171 3148 3482 3203 accedebat.

1909 3242 2044 3296 Nam
2075 3252 2195 3311 post
2232 3239 2499 3295 Vincentii
2551 3254 2759 3304 casum,
2792 3240 3159 3297 Orientalibus
3198 3242 3484 3309 obtempe-

1911 3343 2126 3387 raturos
2173 3330 2341 3387 fuisse
2390 3332 2626 3401 reliquos
2676 3345 2770 3400 per
2810 3330 3016 3386 italiam
3048 3333 3353 3403 episcopos,
3383 3334 3486 3389 nisi

1909 3423 2301 3496 superveniens
2323 3423 2540 3479 Lucifer
2572 3440 2639 3478 ex
2670 3423 2945 3488 Sardinia,
2979 3424 3073 3494 qui
3110 3425 3277 3494 probe
3326 3434 3485 3480 norat

1908 3533 2097 3574 eorum
2125 3520 2177 3572 in
2208 3517 2566 3572 Athanasium
2610 3518 2868 3571 invidiam
2901 3527 3064 3587 atque
3089 3516 3483 3588 implacabilem

1910 3613 2069 3678 iram,
2097 3628 2221 3668 sese
2245 3614 2534 3669 obtulisset
2565 3612 2630 3666 ad
2654 3612 2979 3682 legationem
3012 3614 3153 3680 apud
3178 3613 3485 3680 Augustum

1907 3708 2238 3771 obeundam,
2268 3706 2639 3777 postulaturus
2695 3703 3034 3760 celebranda:
3071 3703 3263 3773 synodi
3310 3701 3487 3756 facul-

1911 3809 2099 3857 tatem.
2150 3799 2323 3871 Rogat
2372 3816 2468 3856 sua
2516 3812 2808 3854 suorumve
2849 3811 3015 3864 opera
3058 3796 3313 3851 Lucifero
3335 3795 3403 3849 ad
3431 3794 3484 3847 id

1909 3892 2305 3961 impetrandum
2360 3891 2500 3946 ferat
2545 3905 2699 3960 Opem
2742 3906 2756 3955 ;
2806 3905 2919 3943 rem
2973 3888 3220 3955 pluribus
3265 3887 3475 3955 legatos

1906 3985 2008 4053 ipsi
2036 3994 2373 4038 narraturus.
2423 3983 2740 4037 Constantio
2786 3994 2966 4035 autem
3010 3980 3251 4051 Angusto
3286 3981 3483 4034 litteris

1905 4077 2271 4148 signiticabat,
2302 4090 2451 4145 spem
2500 4074 2670 4129 fuisse
2702 4074 2807 4129 sibi
2836 4089 2866 4127 a
2893 4073 3209 4129 Christiano
3248 4072 3484 4141 impera-

1906 4181 2021 4227 tore
2045 4180 2098 4225 et
2123 4168 2465 4225 Constantini
2505 4168 2616 4221 tilio
2656 4166 2921 4237 postulata
2957 4163 3305 4220 concedenda
3344 4162 3481 4225 fore,

1903 4262 2005 4317 nisi
2035 4270 2418 4330 exasperatum
2452 4260 2572 4330 ejus
2606 4273 2736 4328 erga
2773 4272 2832 4311 se
2879 4256 3120 4310 animum
3169 4264 3481 4325 arguerent.

1902 4365 2021 4420 quae
2061 4352 2134 4404 ad
2165 4364 2223 4403 se
2270 4348 2620 4404 lacerandum
2668 4346 2869 4416 populo
2914 4346 3179 4401 misisset.
3228 4344 3485 4399 Miracqu

1899 4456 2021 4497 esse
2049 4442 2153 4497 sibi
2197 4456 2227 4494 a
2265 4451 2372 4495 tam
2404 4440 2678 4496 clemente
2715 4440 2961 4510 principe
3018 4437 3319 4507 profectam
3368 4452 3484 4491 rem

1897 4535 2182 4603 ejusmodi.
2217 4535 2409 4588 Veram
2443 4548 2503 4588 se
2533 4548 2655 4587 cum
2708 4533 3038 4600 imperatore
3064 4545 3251 4600 pacem
3306 4531 3491 4599 requi-

204 4640 317 4695 υιηυ
348 4644 395 4696 νῇ
434 4639 785 4711 compulsus
818 4635 979 4689 sedes
1003 4636 1234 4689 subinde
1280 4645 1606 4698 commutat,
1650 4637 1701 4689 in
1733 4650 1794 4688 ea
1828 4643 1873 4697 D
1902 4642 2043 4691 rere,
2075 4641 2180 4680 lion
2211 4628 2390 4678 lietam
2415 4633 2469 4678 et
2499 4622 2830 4678 simulatam.
2855 4620 2971 4676 NOII
3006 4621 3295 4675 Athanasii
3327 4621 3491 4676 modo

201 4734 393 4786 demum
429 4733 559 4787 loca
599 4728 844 4799 appulit,
886 4726 972 4780 ubi
1010 4724 1136 4780 Jesu
1182 4726 1387 4780 Christi
1439 4742 1635 4780 nomen
1689 4744 1791 4780 non

200 4824 477 4890 colebatur,
514 4826 575 4879 in
619 4820 923 4890 Phrygiam
974 4818 1177 4872 scilicet
1225 4817 1679 4873 Montanistarum
1709 4834 1787 4871 cr-

204 4919 392 4972 roribus
431 4918 738 4971 refertam.
774 4913 907 4966 Erat
940 4910 1208 4981 siquidem
1259 4912 1422 4980 impia
1460 4927 1613 4965 mens
1640 4912 1792 4963 nefa-

204 5011 427 5081 riumque
484 5006 799 5066 consilium
849 5004 1198 5069 Arianorum,
1248 5013 1301 5056 ut
1346 5003 1430 5058 vel
1476 5003 1621 5057 fante
1671 5003 1792 5057 istic

203 5099 449 5167 interiret,
480 5102 575 5156 vel
611 5099 856 5169 pollutos
894 5097 1242 5150 exsecrandis
1266 5095 1504 5150 Montani
1538 5104 1593 5149 et
1616 5094 1789 5147 Maxi-

203 5193 334 5246 millae
363 5195 569 5248 ritibus
602 5193 787 5252 cibos,
812 5187 1035 5256 penuria
1065 5196 1310 5257 cogente,
1334 5187 1675 5252 comederet;
1701 5185 1791 5254 qui

204 5287 415 5351 tlenium,
448 5301 564 5339 non
607 5283 826 5336 fractus
860 5278 1063 5339 animo,
1097 5278 1190 5330 sed
1216 5277 1392 5331 inedia
1420 5279 1790 5345 mrumnisqne

202 5381 513 5441 debilitatus,
542 5378 846 5431 confessor
871 5383 925 5423 et
964 5370 1115 5425 exsul
1145 5369 1399 5424 occubuit
1425 5384 1564 5422 anno
1595 5368 1722 5423 558.

257 5474 394 5525 ANNO
435 5473 574 5527 554.
618 5499 694 5509 --
728 5468 785 5520 1.
836 5463 1031 5516 Liberii
1071 5474 1215 5532 gesta
1258 5461 1537 5515 Athanasii
1602 5477 1787 5513 causa.

203 5591 259 5600 —-
301 5565 421 5620 Post
467 5564 869 5619 Arelatensem
910 5556 1197 5627 synodum,
1230 5554 1379 5624 pacis
1434 5553 1791 5608 conciliandae

262 5738 331 5809 (η)
366 5710 545 5794 nitar.
579 5738 843 5809 Fragml,
885 5733 992 5809 col.
1022 5731 1181 5809 1332.

260 5800 325 5880 (ὁ)
354 5811 666 5866 Marcellin.
694 5800 747 5862 ΕΙ
778 5804 1055 5880 Faust_iu.,
1091 5805 1145 5856 in
1183 5800 1405 5859 Libello.

258 5876 323 5945 ir)
355 5880 616 5934 Historia
640 5880 709 5932 ad
738 5876 1052 5945 monachos.

259 5944 331 6016 (diu
366 5951 572 6015 Htlat‘.,
612 5952 716 6004 col.
752 5944 920 6001 19.82.

556 6049 846 6108 Punoc.
892 6044 1007 6107 Gn.
1054 6045 1256 6106 XXV.

1904 4734 2065 4771 causa
2097 4717 2280 4770 haberi
2315 4717 2579 4785 synodum
2615 4725 2871 4782 oportere
2904 4731 2918 4779 ;
2958 4714 3052 4767 sed
3100 4713 3206 4766 alia
3264 4728 3491 4782 quoque

1907 4811 2073 4865 multa
2114 4809 2321 4863 instare
2353 4809 2586 4879 negotia,
2626 4809 2868 4876 atquein
2894 4808 3085 4876 primis
3120 4806 3188 4861 de
3216 4821 3347 4861 vera
3383 4804 3492 4858 tide

1905 4919 2027 4958 esse
2058 4904 2350 4971 agendum.
2386 4902 2516 4956 Rem
2566 4901 2685 4970 ejus
2727 4901 2957 4970 imperio
3001 4900 3225 4971 dignam
3257 4914 3407 4963 esse,
3439 4890 3517 4950 ut.

1902 5007 1979 5052 tot
2036 4997 2466 5064 disceptationes
2528 4998 2688 5049 linem
2744 4997 3049 5050 inveniant.
3105 4993 3301 5049 Multos
3371 5006 3500 5046 eSse

1901 5090 2256 5145 discidiorum
2295 5091 2642 5161 percupidns,
2694 5090 2785 5159 qui
2838 5104 2898 5143 se
2955 5089 3172 5141 litteras
3224 5085 3496 5156 quasdam

1900 5185 2205 5240 occultasse
2235 5185 2620 5249 mentirentur,
2650 5200 2758 5254 quo
2792 5190 3014 5252 possent
3042 5182 3213 5236 latere
3252 5176 3490 5234 crimina

1900 5276 2143 5330 damnati
2190 5275 2316 5339 viri,
2357 5290 2551 5344 nempe
2604 5274 2914 5327 Athanasii.
2968 5274 3041 5327 Se
3095 5272 3217 5325 illas
3264 5270 3483 5337 quidem

1900 5367 2182 5436 evulgassc
2204 5367 2435 5430 litteras,
2465 5366 2659 5433 legisse
2688 5365 2954 5425 ecclesiae,
2984 5363 3182 5431 legisse
3210 5359 3479 5424 concilio;

1903 5461 2124 5513 minime
2160 5469 2339 5512 tamen
2366 5458 2431 5513 iis
2462 5459 2719 5512 habuisse
2748 5458 2927 5519 ﬁdem,
2958 5454 3103 5523 quod
3148 5460 3362 5520 putaret
3390 5465 3481 5504 oc-

1905 5551 2107 5621 toginta
2153 5550 2530 5619 episcoporum
2572 5550 2641 5603 tle
2695 5548 2994 5602 Athanasio
3038 5544 3367 5599 sententiam
3406 5540 3474 5597 iis

1964 5729 2032 5800 (ε)
2063 5727 2248 5781 Hilarii
2284 5727 2620 5800 F_ragnietit.,
2655 5726 2763 5800 col.
2790 5725 2951 5780 l55i.

1993 5794 2035 5866 Ι)
2069 5800 2269 5852 Athan.
2309 5796 2449 5851 Ilist.
2474 5797 2662 5849 Ariun.
2697 5798 2764 5847 ad
2796 5794 3101 5862 nionachos,
3131 5811 3187 5849 n.
3219 5794 3309 5849 Η.

1993 5813 2035 5866 ι)
2069 5813 2269 5852 Athan.
2309 5813 2449 5851 mst.
2474 5813 2662 5849 m-iun.
2697 5813 2763 5847 aa

1966 5813 2037 5940 ἔῃ)
2071 5868 2289 5931 Barun.,
2323 5883 2450 5921 ann.
2482 5866 2607 5931 555,
2637 5884 2686 5919 n.
2717 5866 2771 5920 ἓ.

3194 6038 3237 6095 ἃ

3346 475 3494 514 cmi
3532 450 3543 457 ’
