4038 6562
564 462 729 505 CXVIII

1888 448 2417 508 PROLEGOMENA.

565 581 685 622 esse
736 565 1163 621 anteferendum.
1213 564 1286 620 Ea
1321 566 1521 636 scripta
1556 569 1807 624 detulisse
1834 570 2122 625 Eusebium
2156 578 2200 631 Α
2229 570 2402 625 sulutn
2458 575 2576 619 vota
2633 560 3057 623 concurrebant;
3113 555 3204 624 qui
3251 553 3552 611 Constantii
3604 568 3706 624 ope
3741 563 3796 610 et

566 659 881 728 quemdam,
947 659 1036 728 qui
1093 658 1195 711 iter
1256 658 1309 711 itt
1356 656 1593 713 Africam
1649 661 1891 723 haberet,
1940 662 2125 713 eadem

566 749 836 805 Arelatem
862 751 1153 820 pertulisse
1178 750 1517 804 Vincentium
1562 752 1898 819 Capuanum.
1925 752 2129 805 Exinde

566 858 719 909 vero,
750 852 804 895 ut
834 842 1055 895 crimina
1101 842 1375 910 propulset
1426 842 1565 911 apud
1602 842 1975 896 Constantium
2024 842 2141 911 sibi

565 938 773 1002 oblata,
828 952 887 991 se
924 937 1244 991 testiﬁcatur
1283 937 1417 990 nihil
1462 952 1525 990 ex
1575 940 1863 991 temerario
1896 942 2127 1006 quodam

568 1030 776 1094 furore,
813 1029 944 1083 nihil
979 1044 1073 1097 per
1095 1027 1413 1097 jactantiam
1446 1038 1539 1081 aut
1568 1027 1749 1093 gloria:
1777 1030 2127 1097 cupiditatem

570 1122 835 1176 hactenus
867 1121 1201 1175 admississe.
1234 1118 1463 1173 lnvitmn
1490 1135 1548 1174 se
1576 1122 1641 1174 ad
1671 1120 1901 1174 delatam
1946 1123 2126 1176 sedem

570 1213 1013 1283 pontificiumque
1056 1227 1247 1265 munus
1295 1212 1613 1274 accessisse,
1651 1227 1805 1265 suum
1848 1214 1958 1281 jam
2009 1227 2131 1266 esse

569 1323 692 1361 cum
744 1308 935 1360 timore
982 1306 1070 1358 Dei
1130 1305 1311 1359 omnia
1348 1319 1626 1375 peragere,
1664 1321 1729 1360 ac
1780 1320 1974 1360 curare
2025 1320 2127 1359 non

568 1412 689 1460 sua,
744 1396 838 1450 sed
889 1397 1181 1465 apostolica
1230 1405 1430 1451 statuta
1471 1399 1718 1462 servari;
1758 1413 1815 1451 se
1850 1398 1977 1452 nihil
2007 1397 2129 1464 jura

568 1488 799 1542 Romani
844 1489 1185 1558 episcopatus
1230 1487 1417 1551 minui,
1468 1488 1601 1542 nihil
1652 1490 1834 1558 augeri
1867 1504 1986 1543 esse
2018 1504 2133 1558 pas-

568 1597 711 1645 sum,
742 1580 1006 1647 ﬁdemque
1037 1596 1218 1632 veram
1248 1580 1507 1636 illibatam
1542 1582 1799 1637 custodiri
1830 1597 1888 1635 se
1919 1596 2133 1649 semper

567 1681 846 1739 exoptare.
882 1669 1200 1739 Signiﬁcare
1234 1672 1448 1739 quidem
1474 1672 1803 1736 Orientales,
1856 1687 2043 1739 pacem
2074 1687 2133 1727 se

570 1776 692 1813 cum
725 1760 943 1814 Liberio
972 1771 1025 1813 et
1061 1777 1180 1815 cum
1225 1763 1664 1818 Occidentalibus
1710 1762 1911 1815 habere
1950 1761 2127 1826 velle;

567 1852 662 1905 sed
693 1851 892 1905 nullam
918 1868 1037 1906 esse
1062 1868 1216 1921 posse
1245 1866 1365 1906 cum
1398 1852 1721 1915 hominibus,
1750 1867 1973 1920 quorum
2010 1867 2132 1905 ora-

2237 659 2553 713 auctoritate
2585 654 2727 718 freti,
2754 666 2811 707 se
2837 650 2967 705 nihil
3006 663 3109 703 non
3138 648 3190 701 in
3221 646 3425 715 synodo
3456 660 3551 714 pro
3579 645 3799 700 libidine

2236 760 2289 801 et
2316 747 2538 799 arbitrio
2568 758 2664 798 suo
2690 748 3071 793 consecuturos
3096 737 3404 806 sperabant.
3429 735 3645 804 Resque
3672 752 3800 791 Sane

2238 837 2461 906 contigit
2491 845 2547 888 ut
2590 831 2941 901 peroptabant
2979 830 3100 897 ipsi.
3142 829 3197 882 In
3226 842 3422 880 annum
3457 828 3640 895 itaque
3675 842 3799 896 pro-

2238 930 2379 982 xime
2410 935 2721 994 sequentem
2764 924 3056 990 imperatur
3088 920 3350 990 synodum
3382 920 3569 974 indicit
3600 919 3802 975 Medio-

2238 1022 2342 1075 lani
2375 1018 2768 1074 celebrandam.

2306 1113 2359 1165 4.
2408 1109 2549 1163 Galli
2580 1125 2737 1161 mors.
2764 1134 2832 1146 -α
2860 1105 2973 1158 Hoc
3002 1119 3139 1158 anno
3165 1100 3348 1157 Gallus
3380 1101 3563 1156 Caesar
3595 1102 3662 1155 de
3694 1116 3801 1155 caa-

2237 1202 2393 1255 dibus
2437 1200 2664 1268 aliisque
2710 1198 2987 1252 maleﬁciis
3033 1194 3240 1249 delatus
3284 1195 3353 1247 ad
3400 1194 3801 1256 Constantium,

2233 1295 2386 1363 jussu
2417 1293 2532 1361 ejus
2558 1291 2731 1359 capite
2759 1299 3033 1342 truncatus
3058 1302 3243 1356 paeuas
3268 1286 3384 1369 luit:
3409 1284 3654 1338 Julianus
3677 1299 3802 1339 vero

2241 1386 2409 1437 frater
2447 1381 2562 1448 ejus
2592 1383 2640 1434 in
2675 1395 2941 1434 summum
2974 1378 3163 1444 capitis
3191 1378 3480 1429 discrimen
3518 1376 3686 1438 venit,
3717 1374 3801 1429 vix

2241 1480 2524 1547 impetrata
2551 1492 2580 1529 a
2602 1474 2917 1529 Constantio
2940 1470 3323 1525 incolumitate.
3349 1469 3396 1525 ls
3425 1470 3539 1538 ipse
3559 1466 3805 1521 Julianus

2238 1580 2340 1631 est,
2371 1571 2461 1638 qui
2502 1567 2567 1620 ad
2612 1565 2893 1635 imperium
2939 1573 3122 1631 postea
3156 1571 3397 1626 evectus,
3430 1575 3459 1613 a
3492 1560 3803 1615 Christiana

2242 1661 2498 1727 religione
2531 1660 2595 1712 ad
2640 1656 2932 1727 gentilitios
2970 1655 3104 1709 ritus
3145 1653 3419 1719 deﬁciens,
3456 1653 3700 1721 ingentes
3733 1655 3805 1707 itt-

2241 1752 2362 1804 titlit
2391 1748 2644 1803 Ecclesiae
2676 1747 3028 1801 calamitates.

2309 1842 2360 1895 5.
2402 1840 2600 1894 Missus
2636 1839 2728 1908 qui
2774 1837 3127 1889 Athanasium
3160 1834 3484 1900 deturbaret,
3527 1835 3743 1903 pellitur
3774 1851 3805 1888 α

570 1952 717 1997 tores
752 1952 879 1997 ante
926 1957 1100 1996 annos
1139 1953 1262 1997 octo
1318 1942 1601 1997 Mediolani
1656 1942 1971 1996 abnuissent
2014 1942 2125 1995 Arii
2164 1932 2202 1985 Β
2229 1933 2462 2002 Ριεὺεσ-
2479 1930 2534 1985 Si
2557 1932 2685 1984 “des
2718 1938 2798 1984 εει
2832 1929 3131 1982 δοῑοιηῡιιο
3158 1927 3259 1997 (α),
3290 1941 3429 1979 θηιιο
3455 1934 3574 1995 ροει
3600 1926 3809 1980 delatas

558 2034 889 2087 sententiam
932 2033 1296 2101 proscribere.
1332 2032 1605 2103 Erantque
1641 2032 1673 2085 ii
1712 2031 1871 2101 legati
1897 2042 2129 2099 quatuor

565 2124 801 2192 episcopi
837 2125 1020 2178 Ariani
1052 2125 1411 2191 Dem0pltilus,
1435 2123 1801 2183 Macedonius,
1826 2120 2125 2188 Eudoxius,

564 2222 619 2268 et
649 2212 957 2284 Martyrins.
996 2214 1109 2267 Non
1149 2231 1268 2270 esse
1308 2230 1502 2267 novum
1534 2215 1674 2283 quod
1706 2214 1814 2282 jam
1842 2215 2131 2267 occasione

566 2306 799 2359 nominis
864 2306 1142 2359 Athanasii
1219 2306 1576 2359 moliebantur
1632 2304 1841 2356 Ariani.
1907 2302 2131 2357 Exstare

566 2398 765 2466 quippe
810 2398 1015 2450 litteras
1053 2396 1344 2449 Alexandri
1398 2396 1739 2448 Alexandriae
1790 2393 2027 2463 episc0pi
2064 2393 2129 2445 ad

569 2489 904 2559 Sylvestrmu
947 2487 1075 2542 olim
1123 2487 1492 2556 conscriptas,
1547 2486 1745 2553 quibus
1793 2484 2133 2554 significabat

568 2579 814 2632 undecim
850 2589 956 2631 tam
995 2582 1339 2648 presbyteros
1377 2591 1535 2645 quam
1565 2577 1843 2641 diaconos,
1874 2576 2013 2644 quod
2042 2591 2132 2628 es-

570 2678 693 2722 sent
741 2668 853 2719 Arii
904 2668 1182 2724 erroribus
1223 2666 1532 2735 conspersi,
1578 2682 1605 2718 a
1659 2680 1717 2720 se
1745 2664 1981 2719 Ecclesia
2023 2664 2133 2731 eje-

566 2767 682 2812 ctos
716 2758 882 2811 fuisse
903 2776 917 2823 ;
936 2773 1002 2812 ex
1027 2773 1255 2827 quorum
1282 2771 1503 2810 numero
1526 2755 1742 2824 quidam
1785 2764 2129 2822 superessent

566 2849 656 2917 qui
695 2850 903 2919 privata
934 2859 1087 2904 extra
1135 2849 1420 2903 ecclesiam
1452 2846 1806 2902 conciliabula
1844 2844 2128 2910 haberent,

567 2940 763 3009 quibus
796 2951 914 2993 erat
939 2941 1201 2996 societate
1232 2958 1295 2994 ac
1321 2941 1702 2994 communione
1726 2933 1946 3007 junctus
1968 2936 2133 2991 Geor-

565 3032 689 3102 gius
718 3033 1022 3101 episcopus,
1056 3042 1113 3085 ut
1139 3031 1350 3085 videtur
1380 3030 1735 3084 Laodicenus.
1771 3028 1984 3083 Nullan;
2011 3045 2130 3085 esse

560 3138 753 3194 pacem
780 3137 960 3193 posse,
992 3124 1037 3178 si
1068 3123 1266 3177 talibus
1321 3122 1627 3177 hominibus
1677 3136 1942 3191 cogantur
1977 3122 2132 3175 obse-

558 3218 657 3286 qui
690 3217 807 3271 ltali
848 3216 1107 3287 episcopi.
1140 3215 1216 3269 Ex
1251 3214 1519 3269 Vincentii
1555 3223 1608 3269 et
1636 3216 1902 3269 sociorum
1936 3213 2130 3266 litteris

2234 2040 2264 2077 a
2307 2023 2561 2077 Montano
2599 2020 2978 2075 Alexandriam
3010 2020 3219 2073 litteras
3245 2019 3625 2087 subsequente,
3653 2018 3805 2072 scili-

2232 2125 2314 2169 cet
2358 2116 2456 2169 hoc
2487 2130 2626 2168 anno
2666 2113 2789 2176 554,
2826 2122 3045 2175 testate,
3089 2111 3224 2165 alter
3263 2112 3328 2165 ab
3364 2112 3687 2180 imperatore
3714 2126 3805 2165 ea-

2234 2208 2351 2261 dem
2411 2206 2475 2261 de
2526 2221 2686 2260 causa
2732 2206 2926 2258 missus
2957 2204 3362 2267 Alexandriam,
3392 2218 3495 2257 una
3538 2219 3659 2258 cum
3692 2219 3807 2256 nta-

2233 2300 2545 2369 gistratibus
2589 2300 2756 2362 urbis,
2809 2298 3166 2352 Athanasium
3199 2298 3427 2366 urgebat
3475 2305 3533 2349 ut
3584 2295 3805 2349 civitate

2233 2393 2541 2453 decederet,
2573 2392 3062 2462 gravissimumque
3090 2390 3301 2444 clericis
3340 2387 3454 2456 ejus
3480 2390 3681 2443 bellum
3717 2389 3803 2441 in-

2233 2485 2462 2539 dixerat.
2506 2485 2575 2537 At
2604 2499 2723 2537 cum
2769 2482 3049 2557 pepulares
3088 2481 3202 2549 ejus
3242 2483 3463 2551 appulsu
3499 2492 3664 2549 atque
3705 2481 3806 2533 im-

2236 2588 2355 2645 petu
2390 2577 2662 2647 perterriti
2696 2576 3055 2644 respirassent
3093 2591 3122 2628 a
3154 2585 3292 2628 metu
3327 2574 3575 2643 pristino,
3613 2574 3807 2626 adver-

2233 2671 2383 2738 sique
2396 2679 2449 2723 et
2465 2672 2530 2722 ad
2552 2684 2779 2738 pugnam
2800 2669 3045 2722 instructi
3065 2667 3443 2730 consisterent,
3461 2666 3806 2733 imperatoris

2235 2762 2691 2830 legatusmetuens
2708 2761 3021 2814 seditionem
3060 2774 3121 2813 ac
3141 2758 3362 2820 czedem,
3383 2772 3439 2812 re
3465 2757 3663 2812 infecta
3693 2756 3808 2809 dis-

2233 2853 2423 2921 cessit.
2442 2853 2514 2907 Eo
2536 2852 2635 2907 loci
2656 2851 2792 2920 apud
2829 2850 3183 2904 Sozomcnum
3207 2850 3487 2918 perspicuo
3504 2851 3633 2902 vitio
3656 2848 3810 2901 labo-

2236 2954 2317 2998 rat
2334 2944 2524 2998 Valcsii
2542 2942 3055 3012 interpretatioJlmc
3067 2943 3262 3011 quippe
3276 2941 3455 3003 Verba,
3469 2940 3613 3010 τῷδε
3628 2943 3812 3010 ἐπιγε-

2240 3038 2445 3108 νομένῳ
2478 3037 2623 3108 Θέρει
2647 3036 3082 3107 παραγενόμενθς
3107 3035 3289 3105 ἕτερος
3306 3036 3369 3087 ὲκ
3391 3032 3674 3104 βασιλέως,
3712 3033 3808 3085 σὺν

2232 3133 2344 3192 τοῖς
2362 3132 2416 3182 ὲν
2430 3129 2505 3197 τῷ
2522 3129 2660 3181 ἔθνει
2686 3128 2934 3199 ἄρχουσι,
2961 3129 3288 3198 κατήπειγεν
3314 3125 3475 3179 αὐτὸν
3492 3126 3694 3189 ἐξιέναι
3710 3126 3806 3195 τῆς

2236 3220 2459 3284 πολέως,
2488 3225 2555 3271 ita
2578 3219 3086 3287 interpretaturille:
3113 3216 3363 3287 Sequente
3387 3225 3568 3271 (estate
3599 3216 3806 3269 alterab
3878 3264 3889 3273 ,

556 3307 840 3378 propalam
883 3322 1025 3374 esse,
1076 3318 1283 3362 terrore
1332 3308 1477 3375 ipsos
1523 3306 1799 3374 animique
1849 3305 2133 3374 perturba-
2159 3286 2200 3339 ε
2240 3313 2549 3377 imperatore
2580 3311 2771 3363 missus
2802 3326 2917 3362 cum
2942 3310 3222 3379 provincia:
3256 3309 3546 3361 rectoribus
3582 3308 3809 3362 Alexan-

569 3403 736 3465 tione,
771 3416 875 3454 non
910 3401 1129 3469 pr0prio
1155 3400 1380 3454 consilio
1402 3399 1696 3454 descivisse
1725 3399 1791 3452 ad
1815 3398 2133 3452 sententiam

568 3491 923 3547 Orientalium
964 3509 979 3545 :
1028 3493 1376 3562 pr0posuisse
1423 3501 1602 3544 tamen
1653 3502 1709 3545 ut
1758 3491 1846 3544 alii
1899 3491 2135 3560 episc0pi

530 3602 533 3607 ν
569 3583 831 3637 A'rianam
865 3583 1113 3637 haeresim
1159 3583 1586 3652 proscrilierent,
1621 3583 1715 3635 sed
1752 3581 2017 3649 repulsam
2053 3590 2135 3633 tu-

569 3674 721 3727 lisse.
775 3672 1040 3729 Obsecrat
1088 3675 1303 3727 demum
1345 3672 1590 3727 Liberius
1631 3675 2038 3742 imperatorem,
2079 3680 2136 3725 ut

569 3765 759 3819 iSthtnc
798 3765 1013 3834 negotia
1041 3773 1197 3817 curet
1230 3764 1616 3832 provideatque
1667 3765 1716 3817 in
1768 3764 1975 3834 synodo
2022 3763 2135 3832 agi-

567 3855 670 3908 tari
704 3872 718 3907 :
751 3854 957 3923 legatos
990 3868 1117 3906 suos
1147 3852 1484 3917 Luciferum,
1522 3852 1863 3908 Pancratium
1904 3853 2135 3909 ettllila-

568 3948 706 3998 rium
736 3944 1064 4013 perbenigne
1090 3943 1332 4012 recipiat,
1374 3947 1744 4013 cuncedatque
1794 3944 2133 3999 celebranda:

566 4037 757 4108 synodi
784 4035 1115 4089 facultatem.

637 4127 692 4181 2.
730 4126 994 4180 Proiectis
1025 4134 1205 4179 autem
1234 4125 1444 4193 legatis,
1487 4124 1698 4182 litteras
1739 4126 2009 4191 Liberius,
2039 4126 2135 4180 Ca-

566 4220 779 4287 lepodio
834 4219 1065 4287 quodam
1123 4217 1427 4282 deferente,
1487 4220 1551 4271 ad
1605 4220 1900 4273 Eusebium
1951 4218 2132 4277 misit;

567 4324 896 4383 rogatusque
947 4311 1285 4375 tabellarius,
1352 4322 1410 4364 ut
1462 4312 1693 4366 Eusebio
1740 4322 1930 4365 auctor
1989 4322 2136 4365 esset

568 4421 689 4460 cum
731 4404 922 4473 legatis
956 4404 1021 4458 ad
1051 4405 1428 4459 Constantium
1472 4404 1868 4473 proficiscendi.
1906 4404 2143 4473 Legatus

565 4505 742 4550 autem
775 4494 1034 4549 Eusebius
1060 4494 1321 4551 Vercellis
1351 4495 1650 4551 honoriﬁce
1689 4497 2020 4565 comiterque
2046 4510 2137 4548 ex-

510 4612 511 4615 η
566 4589 713 4657 cipit,
778 4589 877 4643 vite
925 4588 1077 4655 juxta
1124 4598 1284 4659 atque
1338 4590 1629 4659 legationis
1673 4587 1925 4641 comitem
1974 4586 2131 4640 oﬁert

565 4694 706 4735 sese.
743 4680 958 4735 Liberio
992 4681 1281 4750 signiﬁcat,
1312 4682 1673 4737 libentissime
1703 4698 1761 4736 se
1790 4681 1917 4733 huic
1970 4696 2132 4747 nego-

568 4775 644 4826 tio
674 4773 805 4827 dare
837 4787 1083 4841 operam,
1123 4788 1220 4827 nec
1256 4774 1563 4828 defuturum
1613 4772 1808 4837 oﬁicio,
1855 4772 2131 4834 Ecclesiae,

568 4861 835 4917 Lucifero.
884 4863 979 4917 Cui
1031 4880 1150 4917 mox
1200 4866 1451 4918 rescribit
1500 4864 1767 4927 Liberius,
1804 4864 2037 4933 gaudere
2070 4878 2129 4917 se

567 4967 635 5006 ex
662 4953 841 5006 animo
869 4953 1008 5021 quod
1044 4955 1158 5020 ejus
1192 4954 1388 5021 negotii
1420 4968 1604 5008 curam
1652 4955 1967 5021 susciperet,
2012 4970 2133 5023 spe-

569 5056 693 5096 rare
720 5041 945 5096 multum
976 5057 1086 5096 rem
1114 5043 1232 5109 ejus
1258 5042 1622 5097 sollicitudine
1673 5042 1905 5097 feliciter
1936 5059 2130 5112 geren-

568 5134 728 5187 dam:
759 5134 1042 5202 scripsisse
1068 5132 1463 5187 Fortunatiauo
1492 5133 1846 5202 Aquileiensi,
1881 5149 1947 5186 ex
1976 5133 2127 5199 cujus

570 5226 696 5280 item
736 5225 966 5281 consilio
1000 5234 1161 5294 atque
1199 5241 1359 5293 opera
1397 5224 1746 5293 itnpetraudie
1779 5224 1968 5292 synodi
2010 5240 2131 5291 spes

568 5319 871 5373 accederet.

638 5409 691 5463 ’5.
727 5409 973 5479 Synorlus
1008 5409 1409 5462 Mediolanensis
1447 5407 1715 5457 indicitur.
1749 5436 1815 5444 —
1848 5406 2027 5475 Neque
2060 5417 2132 5460 ta-

569 5516 689 5555 men
723 5512 885 5555 tanta:
927 5504 1026 5554 fuit
1065 5517 1240 5569 Opera:
1271 5500 1529 5569 synodum
1573 5502 1877 5565 impetrare,
1918 5510 2131 5567 quanta:

567 5595 789 5649 rebatur
816 5593 1061 5648 Liberius
1096 5610 1106 5644 :
1142 5608 1262 5645 nam
1295 5607 1359 5645 eo
1389 5591 1708 5642 Arianorum
1755 5605 1965 5658 quoque
1993 5606 2133 5657 βηρ-

636 5801 711 5870 (.1)
755 5800 970 5853 Suzom.
1005 5798 1097 5870 lih.
1130 5815 1205 5860 tv,
1243 5812 1364 5863 cap.
1400 5797 1455 5851 9.

2239 3404 2411 3454 driam
2454 3403 2676 3463 veniens,
2719 3417 2836 3453 eum
2879 3417 2943 3453 e1:
2976 3401 3102 3452 urbe
3136 3400 3397 3453 discedere
3423 3398 3697 3468 compulit.
3749 3397 3805 3452 in

2237 3512 2338 3563 qua
2366 3495 2613 3545 versione
2644 3492 2908 3559 duplicem
2939 3508 3141 3545 nzcvum
3167 3492 3347 3545 statim
3372 3491 3648 3544 advertas.
3674 3490 3809 3544 Illud

2234 3587 2397 3649 cnim,
2432 3587 2527 3639 σὺν
2560 3587 2668 3646 τοῖς
2698 3585 2754 3635 ὲν
2782 3583 2858 3654 τῷ
2886 3583 3024 3637 ἔθνει
3056 3585 3299 3655 ἄρχουσι,
3332 3597 3674 3651 nequaquam
3719 3598 3812 3635 co.

2235 3679 2526 3748 pulandutn
2574 3696 2693 3735 cum
2746 3679 3083 3748 praecedente
3137 3691 3265 3728 vove
3323 3674 3807 3745 παραγενόμενοςς

2238 3788 2408 3841 neque
2437 3774 2579 3826 enim
2626 3772 2925 3843 putandum
2972 3770 3319 3836 magistratus
3361 3766 3584 3837 IEgypti
3615 3767 3699 3822 vel
3727 3769 3809 3822 ci-

2239 3866 2420 3919 vitatis
2462 3866 2860 3930 Alexandrinaa,
2900 3878 2963 3917 ex
3012 3862 3267 3915 comitatu
3313 3861 3680 3929 imperatoris,
3719 3860 3809 3929 qui

2239 3970 2347 4012 tum
2373 3959 2423 4011 in
2452 3957 2642 4011 Galliis
2673 3956 3009 4017 versabatur,
3039 3953 3090 4005 iit
3115 3950 3404 4021 [Egyptutn
3434 3952 3689 4017 venisse;
3716 3950 3809 4005 sed

2229 4053 2423 4121 jungus
2447 4050 2605 4103 velim
2631 4064 2751 4102 cum
2782 4062 2911 4102 voce
2932 4049 3285 4118 κατήπειγεν,
3312 4054 3369 4098 ut
3395 4045 3666 4098 sententia
3697 4045 3767 4099 sit
3792 4063 3804 4098 :

2236 4156 2356 4193 cum
2394 4134 2799 4207 magistratibus
2830 4134 3047 4204 [Egypti
3080 4134 3290 4201 legatus
3332 4131 3419 4185 ille
3451 4130 3813 4197 compellebat

2237 4231 2589 4286 Athanasium
2627 4228 2761 4281 urbe
2798 4226 3081 4281 excedere.
3110 4224 3237 4278 Illud
3262 4224 3404 4277 enim
3436 4221 3637 4276 Valesii
3663 4238 3811 4274 com-

2235 4321 2367 4390 pulit
2392 4322 2637 4373 vitiosum
2666 4319 2789 4371 item
2813 4329 2928 4382 est;
2958 4333 3129 4387 neque
3154 4317 3294 4369 enim
3322 4314 3649 4367 Alexandria
3681 4324 3815 4367 tunc

2238 4414 2464 4467 decessit
2497 4412 2845 4476 Athanasius,
2880 4423 2934 4466 et
2973 4425 3105 4465 sane
3132 4411 3350 4464 verbum
3388 4409 3727 4479 κατήπειγεν
3754 4407 3811 4458 in

2241 4505 2551 4575 imperfecto
2575 4506 2740 4573 jacet.

2172 4622 2211 4674 ι)
2310 4598 2461 4652 ANNO
2486 4596 2612 4652 555.
2645 4626 2712 4636 -—
2752 4598 2801 4648 l.
2842 4595 3091 4667 Synodus
3128 4593 3561 4647 Mediolanensis.
3597 4623 3667 4633 ——
3693 4593 3809 4645 Ans

2242 4704 2341 4741 nus
2366 4688 2470 4741 555
2505 4688 2580 4740 rei
2625 4686 2906 4741 catholica:
2946 4687 3209 4740 exitiosus
3256 4683 3387 4745 fuit;
3428 4683 3481 4735 in
3514 4697 3624 4750 quo
3659 4684 3707 4734 vi
3758 4690 3821 4735 et

2244 4781 2518 4849 tyrannica
2563 4778 2863 4831 Constantii
2911 4785 3173 4845 potestate
3224 4773 3497 4843 religionis
3525 4773 3651 4840 jura
3696 4774 3823 4824 vio-

2242 4870 2367 4932 luta,
2388 4868 2650 4922 haereticis
2667 4882 2871 4920 summa
2892 4866 2963 4919 rei
2982 4864 3352 4919 ecclesiastica:
3370 4861 3823 4915 adminisu'andze

2240 4960 2533 5026 permissa,
2570 4958 2848 5012 catholicis
2906 4958 3221 5024 prmsulibus
3280 4956 3358 5007 vis
3404 4954 3573 5017 illata,
3629 4954 3821 5007 oblata

2238 5050 2409 5102 exsilii
2440 5049 2734 5117 capitisque
2766 5048 3018 5117 pericula,
3050 5048 3148 5101 nisi
3192 5046 3540 5100 Athanasium
3582 5044 3823 5098 ferirent

2243 5140 2577 5193 anathemate
2605 5139 2697 5207 (b).
2727 5138 3076 5191 Mediolanum
3099 5138 3277 5208 igitur,
3304 5146 3358 5189 ut
3382 5144 3644 5190 statutum
3667 5151 3828 5189 anno

2243 5230 2481 5298 proximo
2530 5228 2724 5292 fuerat,
2767 5239 3132 5281 convenerunt
3182 5228 3434 5297 episcopi,
3478 5243 3542 5282 ex
3588 5227 3829 5282 Oriente

2243 5319 2455 5387 quidem
2499 5319 2675 5387 pauci,
2722 5317 2937 5384 reliquis
2974 5324 3065 5369 aut
3115 5318 3308 5381 morbi,
3350 5329 3439 5368 aut
3484 5318 3827 5384 senectutis,

2242 5417 2335 5460 aut
2364 5408 2633 5477 longinqui
2669 5408 2877 5461 itineris
2902 5422 3061 5460 causa
3092 5424 3156 5461 eo
3182 5409 3475 5461 concedere
3500 5409 3834 5461 detrectati-

2246 5500 2385 5552 tibus
2420 5519 2430 5552 :
2464 5497 2829 5552 Occidentales
2861 5510 3036 5551 autem
3082 5498 3277 5565 ingenti
3319 5514 3562 5559 numero,
3589 5500 3657 5552 ad
3702 5510 3835 5549 tre-

2242 5601 2424 5643 centos
2450 5590 2589 5643 enim
2626 5587 2860 5642 adfuere.
2889 5588 2973 5656 Et,
3009 5588 3082 5640 uti
3108 5604 3267 5657 supra
3296 5588 3591 5657 tetigimus,
3630 5590 3839 5656 suspi-

634 5860 708 5943 (bj
752 5874 961 5924 Sociat.
1002 5869 1073 5921 lib
1100 5886 1135 5933 ι,
1170 5886 1285 5938 ενι).
1313 5860 1421 5934 36;
1456 5866 1670 5922 Sozom.
1706 5866 1795 5920 lib.
1833 5883 1902 5933 tv,
1937 5882 2051 5936 cap.
2082 5865 2151 5931 9;
2187 5865 2451 5935 Sulpitius
2486 5864 2749 5929 Severus;
2782 5861 2975 5914 Bacon.
3015 5876 3143 5915 aun.
3172 5860 3297 5926 555,
3330 5876 3383 5912 ιι.
