4038 6532
1480 455 1634 512 VlTA
1677 453 2163 513 S.~.ATllANASll.

3324 473 3448 513 αις

202 588 282 645 rari
314 588 548 657 quidem
608 597 779 656 erat,
826 602 893 643 ex
942 584 1235 643 Constantii
1282 581 1461 636 animo
1514 579 1783 633 diuturnis
1809 586 1852 640 Α
1886 579 2157 649 principes
2187 576 2413 632 Nicaanzn
2444 574 2590 639 lidei,
2621 574 2703 628 cui
2731 568 2797 629 ab
2826 575 2976 629 anuis
3003 576 3222 645 triginta
3253 576 3443 646 impla-

206 681 487 733 Ariauomm
526 678 797 734 fallaciis
827 679 1206 738 circumvento,
1237 687 1411 740 exque
1449 670 1610 724 rebus
1640 669 1775 721 Are-

208 773 280 825 late
307 772 499 841 gestis,
529 773 892 842 Arianorum
933 768 1217 839 prtesulum
1253 766 1513 819 arbitratu
1545 766 1779 833 gerenda

205 865 338 917 omnia
370 864 523 919 fore.
558 863 953 928 Quamobrem
977 864 1172 934 quibus
1196 859 1343 915 cordi
1372 869 1488 912 erat
1518 857 1778 911 ecclesia-

208 958 316 1010 stica:
343 957 635 1010 doctrina:
677 958 986 1023 integritas,
1030 956 1178 1022 cujus
1223 967 1472 1010 strenuus
1507 952 1696 1005 vindex
1753 967 1782 1003 a

210 1049 348 1102 multis
379 1053 557 1101 annis
601 1050 879 1104 audiebat
910 1049 1251 1111 Athanasius,
1284 1049 1371 1101 vix
1408 1046 1591 1100 induci
1630 1056 1783 1114 pote-

210 1153 296 1197 rant
318 1155 371 1196 ut
400 1142 815 1197 Mediolanum
867 1143 1241 1204 concederent,
1289 1142 1376 1193 ubi
1418 1139 1781 1193 damnandum

207 1235 593 1303 prospiciebant
634 1235 922 1287 insontem
966 1234 1158 1285 virmn.
1197 1231 1459 1286 Eusebius
1487 1232 1538 1283 in
1572 1232 1783 1298 primis,

203 1326 268 1393 qui
296 1324 553 1392 proximo
601 1338 765 1376 anno
805 1333 989 1375 orator
1035 1321 1391 1374 Mediolanum
1442 1332 1684 1381 venerat,
1732 1321 1783 1371 in

204 1422 326 1471 istam
358 1416 594 1480 urbem,
628 1416 743 1468 etsi
782 1415 1160 1484 propinquam,
1195 1416 1449 1468 accedere
1491 1412 1781 1465 abnuebat.

200 1510 363 1565 Verum
393 1508 613 1563 Ariani
645 1523 680 1562 e
716 1523 779 1561 re
820 1507 936 1561 fore
962 1522 1056 1560 sua
1083 1506 1328 1560 arbitrati
1358 1505 1401 1558 si
1431 1504 1510 1556 vir
1544 1503 1629 1557 ille
1666 1513 1784 1557 tan-

201 1598 456 1671 tussynodi
495 1598 658 1653 actis
694 1597 1103 1665 astipularetur,
1136 1604 1395 1649 curarunt
1434 1594 1625 1647 litteris
1653 1609 1783 1663 syn-

195 1696 263 1748 odi
312 1692 544 1746 nomine
614 1688 959 1757 conscriptis
1017 1688 1248 1742 evocari.
1310 1686 1371 1738 Et
1418 1700 1544 1738 sane
1592 1684 1785 1737 littera:

198 1788 470 1841 niaximum
504 1783 678 1853 pacis
706 1782 1100 1849 charitatisqne
1126 1780 1358 1832 studimn
1382 1776 1781 1845 prmfercbant;

198 1880 429 1945 missique
473 1877 599 1930 duo
650 1885 785 1928 sunt
830 1873 921 1942 qui
972 1874 1115 1924 inter
1148 1870 1473 1923 Arianorum
1515 1868 1782 1936 principes

1884 675 2057 729 cabile
2104 674 2298 728 bellum
2330 673 2656 737 indixerant,
2709 673 3038 739 astipulaturi
3092 679 3269 724 erant.
3314 672 3448 725 Tum

1884 778 2102 835 accepta
2130 768 2317 821 charta
2360 765 2645 835 Dionysius
2678 763 3106 826 Mediolanensis,
3140 779 3278 818 verte
3325 766 3447 818 lidei

1884 866 2265 927 propugnator,
2321 857 2470 925 prior
2531 855 2845 925 sulfragium
2914 854 3142 909 Nicrenze
3203 856 3447 910 formula:

1885 950 2153 1003 ascribere
2196 949 2375 1018 ccepit.
2408 948 2604 1003 Valens
2634 959 2809 1003 autem
2840 948 3100 1003 calamum
3131 959 3183 1004 et
3205 950 3449 1004 chartam

1888 1042 2148 1096 violenter
2170 1041 2416 1104 extorsit,
2457 1040 2780 1095 vociferatus
2825 1040 2877 1094 id
2913 1041 3144 1095 nihilad
3187 1056 3299 1095 rem
3333 1056 3453 1110 quae

1889 1145 1998 1189 tum
2048 1134 2303 1204 agebatur
2344 1135 2632 1202 pertinere,
2681 1150 2780 1188 nec
2822 1135 3095 1205 quidpiam
3128 1150 3191 1189 ea
3239 1137 3454 1191 ratione

1888 1227 2181 1297 perfectum
2208 1227 2295 1280 iri.
2316 1226 2548 1281 Suborto
2570 1228 2763 1282 exinde
2789 1227 3041 1292 clamore,
3072 1243 3155 1281 res
3187 1228 3238 1281 in
3265 1227 3453 1298 vulgus

1886 1329 2124 1384 emanat,
2149 1319 2434 1388 gravisque
2456 1319 2695 1372 omnium
2735 1319 2941 1374 animos
2963 1320 3115 1373 dolor
3143 1319 3446 1383 occupavit,

1887 1412 2028 1481 quod
2062 1414 2128 1465 ab
2161 1413 2290 1481 ipsis
2319 1410 2689 1465 sacerdotibus
2730 1412 3033 1482 impugnari
3065 1414 3221 1469 tidem
3268 1428 3452 1468 cerne-

1891 1515 2028 1557 rent.
2062 1504 2254 1559 Valens
2279 1518 2480 1568 autem,
2511 1502 2789 1567 Ursacius,
2814 1514 2868 1558 et
2897 1506 3082 1575 reliqui
3128 1508 3338 1573 Ariani,
3367 1508 3453 1574 ju-

1888 1596 2082 1649 dicium
2124 1596 2301 1665 pepuli
2344 1594 2774 1658 reformidantes,
2813 1610 2878 1650 ex
2928 1598 3195 1651 dominico
3239 1613 3332 1651 seu
3361 1613 3452 1652 ec-

1887 1687 2050 1741 clesia
2103 1690 2166 1741 ad
2197 1688 2450 1755 palatium
2491 1698 2788 1751 transeunt,
2818 1688 2971 1757 quasi
3013 1688 3217 1742 scilicet
3244 1689 3449 1743 aulico-

1890 1794 2006 1832 rum
2042 1780 2282 1843 comitia,
2316 1795 2419 1832 non
2450 1779 2847 1846 episcoporum,
2881 1788 3328 1835 convocarentur.

1956 1871 2007 1924 9..
2052 1870 2297 1923 Edictum
2348 1870 2634 1923 Constantii
2666 1871 2882 1939 oﬁ'ertur
2909 1871 3353 1924 subscribendum.
3384 1899 3457 1910 —

198 1970 683 2037 coniputabantur,
715 1964 1027 2018 Eustomius
1051 1962 1277 2021 scilicet,
1311 1976 1425 2024 seu,
1454 1970 1509 2012 ut
1541 1971 1783 2028 putatur,
1821 1946 1858 1998 Β
1890 1961 2041 2015 Intra
2093 1961 2347 2027 palatium
2393 1964 2710 2030 congregati,
2755 1965 2828 2015 ait
2886 1963 3145 2031 Sulpitins
3198 1964 3455 2027 Severus,

200 2062 477 2125 Eudoxius,
531 2070 593 2113 et
638 2056 984 2117 Germinius,
1036 2056 1125 2123 qui
1166 2055 1373 2108 litteras
1413 2053 1688 2114 aﬂerrent,
1735 2062 1790 2106 ct

201 2153 551 2207 Mediolanum
610 2150 916 2203 accedendi
959 2158 1202 2201 auctores
1229 2156 1426 2201 essent.
1467 2146 1535 2199 Se
1577 2147 1791 2199 aiebant

204 2244 446 2311 equitatis
476 2239 925 2307 concordiaeque
947 2252 1127 2291 amore
1151 2239 1436 2289 adventum
1472 2234 1588 2302 ejus
1624 2252 1786 2304 expe-

204 2346 314 2397 tere,
336 2349 550 2404 rogare
580 2331 789 2400 legatis
815 2340 1031 2398 gereret
1060 2344 1289 2391 morem,
1321 2343 1416 2381 nec
1443 2338 1791 2382 cunctaretur

206 2438 370 2480 centra
411 2425 757 2479 blarcellum
793 2431 851 2476 et
886 2423 1171 2475 Photiuum
1216 2420 1518 2482 litereticos,
1553 2420 1793 2471 Athana-

204 2520 433 2586 siumque
471 2514 825 2583 sacrilegum
869 2513 1112 2577 delinire,
1146 2528 1263 2580 quae
1309 2512 1419 2580 jam
1455 2526 1617 2579 prope
1648 2521 1792 2563 totus

207 2610 491 2664 definiisset
529 2606 728 2670 orbis;
767 2604 927 2672 plura
954 2604 1189 2656 dicturos
1221 2602 1438 2671 legatos.
1478 2602 1659 2654 Sinon
1697 2600 1793 2652 ub-

209 2706 552 2767 temperaret,
588 2712 658 2771 ea
688 2710 750 2749 se
782 2693 1124 2763 praastituros
1151 2706 1267 2759 qua:
1300 2691 1592 2759 postularet
1624 2689 1793 2743 eccle-

208 2793 413 2845 siastica
453 2788 677 2858 regula,
711 2800 816 2840 nec
861 2785 956 2854 ipsi
1000 2784 1336 2853 querelarum
1386 2782 1559 2835 locum
1609 2796 1794 2846 super-

213 2882 335 2946 iore,
366 2883 597 2952 quando
630 2880 820 2933 missis
848 2877 1035 2946 legatis
1073 2884 1291 2943 rogatus
1325 2872 1515 2926 fuerat.
1547 2870 1641 2926 Cui
1676 2872 1786 2940 epi-

216 2974 353 3028 stolae
406 2972 680 3042 permulti
751 2970 991 3038 episcopi
1064 2966 1522 3034 subscripserunt.
1556 2964 1793 3016 ’Exstant

215 3066 469 3133 hodieque
503 3065 561 3117 in
596 3058 1097 3127 subscriptionibns
1134 3056 1350 3126 triginta
1383 3053 1666 3121 praesulatu
1699 3066 1795 3104 no-

214 3152 377 3216 mina;
414 3166 483 3205 ex
526 3162 774 3218 quorum
816 3160 1040 3197 numera
1085 3144 1296 3205 Valens,
1339 3143 1615 3204 Leontius,
1664 3142 1796 3194 Aca-

208 3244 342 3304 cius,
376 3243 727 3304 Germinius,
772 3238 1102 3292 Arianorum
1152 3235 1530 3304 primipilares.
1565 3235 1795 3288 Eusebio

214 3336 485 3403 rescripsit
534 3334 708 3389 etiam
760 3332 1075 3398 imperator,
1120 3343 1314 3397 urgens
1364 3328 1682 3397 profectum,
1736 3342 1799 3380 ac

209 3440 566 3479 commoneas
590 3435 660 3477 aut
688 3436 814 3476 cum
858 3421 1065 3474 caeteris
1090 3420 1351 3488 episcopis
1392 3419 1506 3488 paci
1546 3417 1799 3472 Ecclesiae

212 3518 565 3572 concilianda:
613 3522 847 3570 navaret
875 3526 1114 3580 operam.
1147 3513 1501 3565 Accesserunt
1532 3512 1657 3564 item
1714 3509 1800 3561 lit-

215 3618 341 3663 terae
372 3607 644 3671 Luciferi,
680 3603 955 3659 Pancratii
983 3612 1035 3656 et
1067 3600 1251 3654 llilarii
1284 3602 1600 3667 legatorum,
1637 3600 1800 3652 vehe-

215 3702 473 3756 mentiore
496 3715 567 3753 ac
598 3696 871 3758 mordaci,
914 3704 971 3749 ut
1011 3693 1215 3748 solebat
1252 3691 1645 3761 Lucifer,.stylo
1669 3706 1800 3745 cou-

210 3794 447 3861 scriptas,
472 3791 677 3861 quibus
712 3796 966 3842 auctores
1007 3784 1232 3839 Eusebio
1263 3794 1387 3837 sunt
1422 3783 1518 3854 (a),
1552 3792 1607 3835 ut
1639 3797 1798 3851 quam

214 3887 534 3939 maturrime
564 3881 968 3952 proﬁciscatur.
1001 3893 1147 3947 spem
1176 3892 1297 3931 esse
1337 3887 1393 3931 ut
1426 3877 1539 3943 ejus
1568 3876 1799 3929 adventu

213 3978 523 4045 propediem
577 3973 783 4027 Valens
830 3968 1160 4039 proﬂigetur,
1209 3969 1637 4037 Arianorumque
1686 3986 1801 4022 ma-

210 4068 387 4121 chinae
415 4068 726 4120 obruantur
761 4081 773 4115 :
829 4075 888 4115 se
930 4074 1267 4129 summepere
1298 4060 1414 4127 ejus
1456 4058 1798 4128 praesentiam

215 4171 271 4211 et
303 4176 522 4226 operam
565 4169 853 4227 expetere.
896 4154 990 4208 His
1016 4154 1311 4207 amicorum
1353 4154 1801 4222 inimicorumque

216 4252 411 4305 litteris
460 4252 716 4305 inductus
770 4248 1053 4310 Eusebius,
1101 4247 1262 4299 missa
1309 4245 1374 4298 ad
1421 4240 1796 4300 Constantium

213 4348 478 4398 adventus
505 4344 588 4398 sui
612 4340 920 4413 praanuntia
939 4338 1178 4407 epistola,
1207 4337 1559 4391 Mediolanum
1594 4352 1652 4390 se
1674 4352 1800 4390 cnn-

216 4438 360 4490 tnlit.
376 4437 493 4503 Quo
517 4436 740 4489 vixdum
762 4441 1104 4501 pervenerat,
1124 4446 1244 4485 cum
1275 4430 1518 4485 ecclesia:
1544 4432 1689 4484 aditu
1718 4430 1798 4482 in-

216 4531 581 4583 tercluditur:
622 4543 686 4582 ac
725 4526 924 4579 deinde
956 4534 1124 4578 totum
1162 4524 1344 4577 decem
1379 4523 1585 4577 dierum
1619 4532 1797 4577 extra-

1891 2055 2032 2106 illinc
2048 2053 2315 2121 epistolam
2336 2055 2428 2106 sub
2454 2055 2784 2121 imperatoris
2814 2056 3017 2108 nomine
3051 2058 3285 2120 mittunt,
3312 2058 3454 2109 omni

1890 2147 2140 2213 pravitate
2174 2145 2415 2211 refertam
2447 2158 2466 2195 :
2510 2161 2567 2198 eo
2606 2147 2849 2198 ninurum
2893 2145 3133 2210 consilio,
3163 2159 3216 2199 ut
3260 2147 3306 2199 si
3339 2163 3456 2199 eam

1892 2239 2054 2307 requis
2088 2238 2299 2289 auribus
2327 2236 2552 2305 populus
2577 2238 2868 2304 recepisset,
2900 2237 3104 2304 publica
3140 2240 3455 2291 auctoritate

1893 2331 2064 2397 cupita
2106 2327 2415 2396 proferrent.
2466 2329 2558 2383 Sin
2605 2329 2760 2381 aliter
2797 2328 2981 2397 fuisset
3014 2341 3246 2398 excepta,
3282 2332 3454 2384 omnis

1894 2423 2092 2475 invidia
2135 2432 2262 2475 esset
2297 2424 2349 2475 in
2400 2439 2534 2491 rege,
2574 2433 2621 2475 et
2659 2424 2771 2490 ipsa
2820 2425 3035 2478 veniatis
3075 2439 3095 2478 :
3131 2427 3255 2494 quia
3298 2428 3456 2479 etiam

1893 2529 2001 2566 tum
2035 2516 2427 2568 catechumenus
2458 2526 2836 2569 sacramentum
2882 2518 3007 2585 lidei
3037 2520 3217 2571 merito
3253 2520 3456 2572 videre-

1896 2615 1983 2657 tur
2000 2606 2227 2672 potuisse
2257 2607 2467 2659 nescire.
2501 2608 2629 2660 Erat
2651 2608 2864 2676 quidem
2886 2610 3122 2664 edictum
3161 2611 3457 2681 magniﬁcis

1901 2696 2223 2763 descriptum
2261 2697 2435 2750 verbis
2482 2717 2494 2749 :
2548 2696 2831 2753 allectabat
2877 2702 3073 2771 quippe
3114 2703 3461 2759 Constantius

1894 2785 2214 2839 eruditionis
2236 2796 2291 2838 et
2316 2788 2633 2856 eloquentia:
2656 2790 2873 2843 famam.
2904 2791 3120 2846 Arianis
3146 2795 3460 2848 auctoribus

1895 2888 1948 2931 et
1981 2880 2248 2948 magistris
2296 2882 2562 2935 haereseos
2592 2884 2813 2952 vestigia
2859 2884 2911 2937 in
2957 2885 3218 2951 ejusmodi
3260 2889 3454 2943 litteris

1896 2970 2075 3022 videre
2101 2980 2251 3034 erat;
2294 2980 2347 3023 et
2375 2973 2513 3041 quod
2547 2972 2646 3026 fuit
2678 2975 2817 3028 male
2857 2976 3032 3031 feriati
3074 2980 3267 3046 capitis
3302 2998 3459 3051 argu-

1899 3070 2154 3125 mentum,
2188 3075 2243 3114 se
2282 3077 2375 3129 per
2412 3078 2658 3117 SOlllann
2701 3064 3049 3122 Constantius
3095 3086 3213 3138 qua:
3255 3072 3460 3127 diceret

1897 3166 1924 3202 a
1961 3149 2072 3205 Deo
2100 3152 2376 3220 accepisse
2426 3155 2802 3210 mentiebatur.
2839 3156 3019 3212 Primo
3050 3160 3210 3229 igitur
3258 3162 3462 3229 episcoo

1824 3284 1866 3339 Ο
1899 3244 1980 3314 pis
2015 3243 2247 3298 edictum
2289 3246 2731 3300 subscribendum
2775 3249 2999 3303 oll‘ertur
3043 3266 3139 3317 per
3172 3252 3375 3307 aulicos
3406 3264 3463 3308 et

1901 3337 2183 3406 palatinos,
2209 3338 2457 3392 omnibus
2485 3339 2534 3391 in
2562 3340 2747 3394 eodem
2772 3357 2876 3409 quo
2900 3342 3192 3413 imperator
3221 3346 3460 3400 conclavi

1900 3430 2338 3495 consistentibus,
2362 3431 2452 3485 sed
2481 3433 2598 3485 velo
2626 3433 2967 3501 intermedio,
2999 3437 3090 3505 qui
3119 3452 3236 3494 mos
3262 3450 3464 3493 eratea

1901 3529 2236 3591 tempestate,
2260 3534 2316 3575 ut
2344 3523 2597 3592 perfacile
2634 3524 2980 3580 Constantius
3004 3529 3326 3599 colloquium
3361 3549 3461 3595 au-

1902 3612 2038 3666 diret
2093 3612 2188 3684 (b).
2234 3614 2736 3667 Commemorabant
2773 3613 2931 3668 aulici
2972 3618 3312 3687 imperatoris
3349 3621 3465 3675 sol-

1902 3704 2229 3759 licitudinem
2269 3707 2320 3759 in
2355 3706 2691 3760 concilianda
2724 3706 2981 3762 Ecclesia:
3018 3725 3172 3778 pace,
3203 3709 3318 3779 ejus
3343 3725 3467 3767 esse

1901 3805 2079 3849 votum
2111 3812 2176 3850 ac
2211 3798 2262 3850 in
2303 3811 2368 3851 eo
2421 3807 2589 3852 totum
2625 3801 2857 3865 versari,
2891 3809 2952 3854 ut
2986 3800 3077 3855 Dei
3131 3802 3464 3857 voluntatem

1903 3887 2179 3956 impleret;
2226 3888 2325 3941 etsi
2362 3904 2487 3942 vero
2522 3888 2737 3945 Lucifer
2766 3892 2983 3945 Arianae
3022 3891 3170 3945 illum
3205 3894 3467 3948 doctrina:

1902 3980 2169 4032 addictum
2212 3982 2610 4043 criminaretur,
2654 3998 2841 4036 sanam
2888 3984 3002 4053 ejus
3047 3999 3167 4039 esse
3211 3984 3367 4040 fidem
3403 4001 3471 4041 ex

1902 4070 2111 4123 collatis
2139 4071 2235 4138 ipsi
2265 4086 2293 4123 a
2324 4070 2429 4125 Deo
2454 4072 2728 4127 beneﬁciis
2750 4086 2813 4126 ac
2837 4072 3080 4127 victoriis
3107 4076 3467 4143 comprobari.

1901 4161 1980 4214 Ad
2000 4162 2111 4216 haec
2134 4161 2365 4226 Lucifer,
2394 4164 2694 4217 vehementi
2725 4165 2791 4220 de
2817 4181 2962 4220 more
2989 4167 3164 4220 studio
3196 4170 3468 4232 incensus,

1903 4254 2175 4319 reclamat,
2204 4256 2474 4309 Niczenam
2508 4257 2663 4310 (idem
2709 4259 2921 4311 Arianae
2955 4261 3254 4329 appositam
3303 4260 3471 4315 solam

1900 4347 2065 4416 piam,
2086 4348 2251 4401 solam
2272 4363 2480 4415 sanam,
2498 4366 2593 4403 nec
2611 4350 2652 4403 si
2672 4351 2917 4404 adessent
2935 4352 3193 4405 universa:
3209 4352 3475 4406 ConStan.

1902 4438 1959 4491 tii
1978 4439 2142 4507 copiae
2155 4439 2517 4507 militaresque
2537 4452 2743 4503 lill‘lllfﬁ,
2763 4454 2917 4507 posse
2933 4454 2989 4492 se
3006 4440 3238 4492 edictum
3261 4439 3475 4492 sacrile-

1902 4545 2023 4600 gum
2058 4545 2161 4582 non
2187 4530 2479 4598 despicere,
2507 4540 2559 4584 et
2588 4531 2863 4583 maledicta
2918 4531 2969 4582 in
3007 4530 3171 4583 Deum
3196 4544 3299 4582 non
3326 4545 3475 4584 exse-

217 4621 368 4675 bitur
394 4623 655 4693 spatium,
683 4629 979 4686 antequam
1007 4616 1263 4670 miscendi
1290 4616 1539 4683 colloquii
1570 4615 1795 4670 facultas
1832 4642 1877 4698 D
1904 4621 2063 4674 crari.
2085 4620 2219 4673 Tum
2237 4620 2585 4673 Conslandus
2606 4634 2666 4672 ea
2692 4620 2985 4687 legatorum
3006 4618 3261 4688 loquendi
3280 4620 3475 4673 tiducia

217 4726 379 4768 esset.
420 4716 541 4781 Quo
579 4724 692 4768 tota
737 4723 984 4779 tempore
1023 4710 1432 4779 conspirationis
1474 4709 1799 4763 adornanda:

219 4810 487 4861 rationem
534 4808 749 4860 inibant
794 4803 1001 4856 Ariani.
1035 4802 1166 4856 Cum
1207 4818 1367 4869 porro
1407 4812 1587 4855 essent
1621 4801 1798 4854 oumia

218 4901 287 4949 ad
318 4900 560 4954 fraudem
602 4896 933 4965 composita,
983 4903 1035 4947 et
1072 4895 1501 4947 machinamenta
1553 4894 1604 4945 iu
1640 4894 1804 4946 Atha-

218 4992 357 5043 nasii
386 4990 690 5059 perniciem
724 4994 1061 5053 comparata,
1105 4995 1213 5036 tum
1257 4994 1509 5037 evocatur
1537 4982 1803 5037 Eusebius

217 5084 343 5132 cum
374 5080 673 5135 comitibus
717 5075 938 5145 legatis,
979 5089 1006 5126 a
1047 5075 1239 5143 quibus
1274 5088 1453 5127 coram
1495 5074 1804 5128 constitutis

218 5172 546 5234 postulatum
579 5181 639 5223 ut
670 5165 963 5221 Athanasii
992 5166 1320 5219 damnationi
1351 5166 1800 5234 astipularentur.

218 5262 288 5312 At
316 5262 576 5318 Eusebius
603 5271 806 5315 contra
834 5259 1065 5326 primum
1097 5259 1161 5312 de
1186 5258 1286 5310 (ide
1310 5259 1651 5311 tractandum
1676 5272 1804 5311 con-

223 5354 489 5418 tendebat,
522 5354 725 5408 adesse
767 5350 971 5419 quippe
1008 5350 1152 5403 viros
1192 5349 1444 5402 haeretica
1482 5350 1599 5402 labe
1630 5349 1800 5417 pollu-

222 5454 335 5508 tos;
375 5446 669 5514 oblatoque
705 5442 937 5496 Nicaato
966 5440 1223 5509 symbolo,
1253 5457 1333 5503 se,
1379 5442 1422 5494 si
1463 5440 1660 5494 vellent
1704 5440 1801 5506 ipsi

211 5536 471 5602 ejusmodi
499 5540 625 5593 lidei
658 5535 915 5590 formula:
940 5532 1293 5596 subscribere,
1311 5537 1689 5588 damnatarum
1713 5538 1805 5586 ho—

211 5628 410 5684 minem
447 5632 769 5700 pollicetur.
804 5626 978 5690 Quam
1019 5624 1103 5678 ille
1144 5626 1529 5690 conditionem,
1568 5628 1803 5694 iniquam

204 5718 346 5789 licet,
401 5735 513 5778 tuto
558 5720 849 5777 oll'ercbat
897 5734 911 5769 :
963 5734 1229 5787 nunquam
1284 5720 1425 5774 enim
1477 5721 1800 5773 Arianorum

266 5906 347 5973 (ιι)
392 5905 591 5969 llilar.,
631 5900 751 5957 col.
789 5896 950 5951 1222.

1910 4712 2165 4775 oll‘ensus,
2209 4712 2453 4766 homines
2495 4727 2614 4766 esse
2660 4712 2968 4780 petulantes
3002 4713 3335 4779 esclamare,
3374 4729 3476 4769 nec

1912 4804 2147 4873 ipsorum
2184 4818 2375 4857 munus
2406 4818 2525 4857 esse
2556 4803 2937 4871 imperatorem
2975 4804 3042 4856 ab
3081 4804 3193 4857 Arii
3231 4805 3475 4859 doctrina

1910 4910 2204 4961 revocare;
2244 4910 2307 4951 ac
2348 4895 2661 4964 derepente,
2698 4908 2901 4953 mutato
2944 4898 3188 4961 consilio,
3226 4899 3478 4966 precibus

1917 4989 2079 5052 viros,
2110 4991 2325 5055 quando
2361 4988 2797 5042 iuterminatione
2828 4990 2960 5042 nihil
2984 4990 3323 5053 conﬁciebat,
3362 5000 3481 5041 ten-

1918 5088 2031 5131 tare
2063 5078 2244 5143 cmpil.
2285 5078 2391 5131 Sed
2435 5078 2629 5133 frustra
2672 5094 2858 5131 eorum
2892 5080 3101 5134 animos
3130 5097 3252 5134 cum
3297 5082 3479 5143 minis,

1918 5180 2028 5221 tum
2063 5168 2339 5221 blanditiis
2373 5169 2685 5235 impetebal.
2721 5170 2771 5222 ιιι
2802 5180 2950 5239 petra
2982 5186 3212 5239 namque
3250 5172 3478 5234 fundati,

1917 5272 1975 5315 ut
2005 5262 2331 5315 decumanos
2368 5260 2562 5316 ﬂuctus
2618 5266 2964 5332 imperterriti
3006 5276 3357 5333 exceperant,
3404 5266 3477 5316 ita

1903 5368 2078 5420 neque
2111 5354 2493 5407 blandimentis
2524 5373 2550 5405 a
2592 5357 2870 5424 proposito
2899 5356 3264 5409 dimoventnr.

1972 5446 2024 5497 5.
2064 5445 2299 5514 Dionysii
2350 5447 2663 5515 suffragium
2698 5463 2815 5500 astu
2847 5449 2977 5500 delet
3015 5446 3291 5498 Eusebius.
3338 5442 3480 5497 Con-~

1900 5539 2122 5590 stantius
2152 5538 2357 5605 [rustra
2407 5546 2570 5591 tentat
2616 5540 2897 5607 episcopos.
2944 5536 3184 5604 Episcopi
3236 5535 3383 5588 multi
3427 5539 3481 5587 in

1905 5628 2147 5680 exsilium
2175 5630 2422 5695 ablegati.
2450 5658 2518 5667 —
2541 5628 2776 5696 Populus
2803 5636 2980 5680 autem
3018 5627 3209 5678 lectam
3246 5626 3297 5678 in
3331 5636 3477 5680 casta

1907 5718 2162 5774 Ec‘clesize
2180 5720 2480 5775 Constantii
2510 5719 2792 5788 epistolam
2819 5718 3135 5787 perindigne
3162 5719 3304 5775 tulit.
3325 5717 3481 5775 Plebs

1866 5898 1937 5971 (ὁ)
1979 5898 2211 5957 Lucifer.
2241 5902 2331 5954 lib.
2372 5900 2507 5955 Mor.
2537 5916 2632 5970 pro
2667 5898 2760 5975 Dei
2785 5896 2975 5983 Filio.”
