4038 6520
591 485 695 525 CXX

1920 470 2442 528 PROLEGOMENA.

591 602 821 658 namque
882 588 1295 644 Mediolanensis
1351 605 1490 643 verte
1546 588 1665 642 fidei
1726 590 2115 642 stmliosissima
2139 630 2152 652 ,
2185 593 2227 649 Α
2258 604 2359 640 non
2382 604 2537 642 suum
2582 604 2701 642 esse
2744 585 3052 653 imperium,
3086 585 3177 637 sed
3218 585 3309 639 Dci
3340 587 3429 655 qui
3461 587 3771 643 tradidisset
3802 607 3817 643 :

589 678 848 748 quidquid
893 681 1234 750 peregrinam
1276 680 1390 733 Arii
1434 680 1733 733 doctrinam
1772 678 1961 744 oleret,
2009 695 2145 747 pra:-

588 769 720 825 sulis
754 770 834 823 sui
862 771 1097 840 vestigiis
1130 771 1402 835 insistens,
1434 786 1641 823 stunme
1676 769 2042 823 aversabatur.
2074 770 2147 821 De

587 860 845 933 Dionysio
879 872 1054 917 tamen
1092 863 1279 925 fertur,
1317 864 1366 915 in
1403 877 1653 915 sermone
1688 860 1905 914 Maximi
1952 860 2146 913 Tauri-

588 955 771 1008 nensis
804 955 868 1009 de
907 954 1067 1008 natali
1106 956 1191 1009 die
1229 954 1402 1009 sancti
1437 954 1674 1014 Eusebii,
1724 955 2026 1021 hnjusmodi
2065 954 2144 1005 hi-

587 1048 751 1101 storia
778 1047 940 1102 :Cum
972 1048 1294 1101 Arianorum
1335 1048 1472 1099 dolis
1512 1048 1911 1101 circumventus
1947 1048 2146 1116 Diony-

585 1135 717 1200 s‘ius,
750 1138 1063 1206 suffragium
1094 1155 1246 1191 suum
1280 1140 1535 1192 adversus
1567 1140 1915 1192 Athanasium
1945 1139 2145 1206 scripto

586 1230 857 1296 dedisset,
907 1232 1289 1299 superveniens
1326 1231 1611 1296 Eusebius,
1660 1241 1880 1300 rogatus
1925 1240 1982 1283 ut
2028 1231 2140 1298 pari

588 1324 744 1375 modo
779 1332 836 1375 et
860 1322 972 1389 ipse
1004 1322 1391 1385 subscriberet,
1421 1338 1479 1376 se
1502 1324 1637 1377 velle
1668 1326 1883 1392 quidem
1911 1324 2139 1390 idipsum

584 1424 841 1480 praestare
866 1413 1156 1475 simulavit,
1194 1414 1283 1465 sed
1324 1415 1463 1481 quod
1492 1414 1592 1467 sibi
1630 1414 1797 1467 filium
1832 1429 1985 1467 suum
2020 1412 2141 1481 (sic

586 1506 929 1572 nuncupabat
978 1505 1325 1574 Dionysium)
1373 1507 1424 1559 iu
1464 1508 1863 1575 subscriptione
1918 1514 2142 1573 antepo-

582 1595 841 1656 suissent,
891 1594 1205 1663 perindigne
1243 1596 1408 1649 ferre.
1456 1594 1557 1648 Vos
1601 1597 1757 1660 enim,
1811 1595 2003 1662 inquit,
2049 1594 2139 1663 qui

583 1682 758 1734 dicitis
782 1680 983 1734 Filium
1008 1683 1101 1735 Dei
1130 1680 1282 1736 Patri
1302 1682 1412 1737 Deo
1439 1684 1686 1752 (Pqualem
1707 1700 1813 1736 esse
1843 1699 1943 1735 non
1968 1698 2137 1750 posse,

584 1790 677 1825 cur
696 1774 821 1827 mihi
857 1774 1027 1842 ﬁlium
1068 1776 1464 1843 pra’posuistis?
1490 1776 1693 1840 Quibus
1717 1776 1789 1828 illi
1822 1776 1979 1828 dictis
2013 1790 2137 1843 per-

585 1865 737 1927 moti,
770 1865 1052 1919 confestim
1088 1867 1322 1936 Dionysii
1357 1868 1769 1935 chirographum
1802 1868 2133 1933 deleverunt,

2254 696 2441 749 rogare
2468 691 2523 733 ut
2550 696 2671 733 eum
2705 681 2935 738 timeret,
2976 694 3041 730 ne
3072 678 3359 745 derepente
3395 679 3576 731 datum
3612 681 3819 734 adime-

2250 783 2365 834 ret;
2401 772 2735 824 interminari
2756 770 2945 839 judicii
2974 768 3135 832 diem,
3180 770 3519 838 suadereque
3548 787 3614 824 ne
3646 773 3819 824 cccle—

2248 866 2490 918 siasticas
2523 878 2607 916 res
2631 878 2839 931 pessum
2869 862 3043 924 daret,
3074 878 3171 914 neu
3203 861 3503 915 Romanum
3532 865 3814 932 imperium

2248 972 2365 1010 cum
2390 954 2772 1008 ecclesiasticis
2817 957 3035 1007 statutis
3068 956 3468 1019 commisceret,
3508 972 3605 1007 nec
3650 958 3814 1008 Aria-

2248 1061 2367 1097 nam
2403 1044 2648 1098 haeresim
2702 1044 3069 1097 introduceret
3114 1045 3166 1097 in
3218 1044 3508 1099 Ecclesiam
3558 1046 3673 1099 Dei.
3709 1048 3810 1100 Ve-

2247 1152 2362 1188 rum
2399 1134 2488 1188 ille
2528 1149 2700 1204 neque
2731 1149 2913 1187 aurem
2951 1136 3194 1203 praebuit,
3232 1150 3410 1204 neque
3448 1136 3596 1201 plura
3630 1138 3816 1189 dicere

2245 1227 2553 1292 concessit;
2604 1227 2731 1295 quin
2776 1236 2829 1279 et
2886 1228 3063 1280 acrius
3112 1227 3299 1280 stricto
3351 1228 3636 1281 adversum
3697 1227 3815 1281 illos

2244 1317 2419 1381 gladio
2441 1317 2872 1371 comminabatur
2901 1334 2913 1369 :
2949 1319 3055 1369 imo
3082 1316 3366 1371 nonnullos
3393 1319 3456 1369 ad
3484 1317 3811 1386 supplicium

2246 1410 2359 1475 rapi
2395 1408 2983 1477 abduciquejusserat;
3013 1410 3106 1462 sed
3144 1419 3321 1477 postea
3357 1419 3559 1463 mutato
3585 1412 3817 1464 consilio

2242 1504 2406 1555 vitam
2438 1517 2535 1555 nec
2566 1502 2877 1571 rogantibus
2912 1502 3197 1556 concessit.
3239 1521 3255 1551 ι
3308 1502 3378 1556 lis
3413 1501 3631 1556 Lucifer
3676 1503 3813 1568 adji-

2241 1594 2334 1655 cit,
2375 1607 2493 1646 eam
2531 1594 2811 1662 cpiscOpos
2857 1592 3119 1647 obtulisse
3165 1592 3552 1653 conditionem.
3605 1604 3808 1661 praesto

2240 1700 2360 1739 esse
2387 1700 2443 1738 se
2473 1686 2585 1739 suis
2620 1685 2923 1755 sumptibus
2954 1683 3337 1737 Alexandriam
3382 1699 3698 1752 properare,
3751 1694 3809 1737 ut

2241 1776 2436 1830 auditis
2484 1777 2748 1830 duntaxat
2794 1776 3079 1830 catholicis
3139 1776 3572 1838 accus:itoribus,
3621 1777 3668 1829 si
3716 1778 3806 1845 qui

2241 1868 2436 1929 forent,
2486 1885 2696 1938 :equum
2747 1870 2813 1922 de
2853 1869 3128 1923 Athanasii
3186 1884 3347 1923 causa
3396 1868 3538 1922 ferre
3584 1879 3807 1936 possent

582 1957 783 2023 primas
817 1957 1045 2012 Eusebio
1077 1958 1402 2015 deferentes.
1442 1958 1587 2024 Quos
1619 1958 1709 2011 ille
1741 1956 2033 2027 ohjurgans
2058 1969 2138 2011 at-
2173 1936 2516 2026 Bjudicium.
2550 1936 2673 2014 liae
2720 1976 2850 2015 vero
2894 1960 3172 2029 repudiata
3214 1960 3540 2020 conditione,
3581 1961 3807 2015 habitis-

579 2062 683 2115 que
720 2048 947 2102 irridens
986 2049 1061 2101 ait
1097 2067 1109 2101 :
1165 2046 1343 2116 Neque
1384 2065 1476 2117 ego
1516 2064 1597 2100 me
1636 2048 1820 2100 vestris
1861 2048 2137 2102 sceleribus

576 2138 775 2205 pollue,
820 2154 980 2207 neque
1040 2140 1208 2207 [ilium
1270 2155 1438 2191 meum
1498 2138 1756 2191 vobiscum
1822 2140 2137 2205 participare

576 2236 818 2289 concedo.
850 2232 1003 2289 Unde
1042 2250 1160 2288 cum
1197 2235 1340 2287 dicat
1376 2234 1719 2301 Evangelium
1760 2234 1811 2284 in
1847 2233 1943 2285 hac
1974 2248 2137 2302 gene-

578 2328 785 2380 ratione
820 2326 1194 2395 prudentiores
1232 2326 1369 2380 filios
1410 2323 1755 2378 tenebrarum
1802 2338 1922 2377 esse
1976 2338 2135 2392 quam

578 2418 734 2481 lucis,
770 2426 879 2471 tum
914 2418 1041 2487 ipsis
1090 2418 1433 2472 tenebrarum
1468 2418 1591 2471 filiis
1631 2416 1949 2487 prudentior
2000 2417 2136 2470 lucis

575 2509 719 2563 filius
753 2520 1060 2575 compertus
1092 2518 1193 2561 est.
1246 2506 1337 2562 Sic
1370 2507 1553 2562 delusa
1591 2508 1911 2560 Arianorum
1945 2520 2136 2575 exspe-

576 2600 744 2654 ctatio
764 2600 881 2653 fuit.
907 2599 1023 2654 Jam
1052 2600 1193 2668 quod
1220 2598 1539 2667 colloquium
1573 2600 1752 2653 invicti
1793 2601 2135 2654 conl'essores

572 2709 691 2747 cum
721 2691 1038 2748 Constantio
1072 2692 1380 2753 habuerint,
1412 2691 1714 2745 Athanasio
1743 2701 1998 2745 narrante
2023 2692 2135 2745 edi-

572 2785 773 2838 scimus
809 2786 883 2855 (a)
919 2802 976 2837 τι
1023 2783 1245 2847 Accitis,
1280 2784 1451 2852 inquit
1489 2782 1596 2848 ille,
1621 2782 1907 2851 epismpis,
1947 2796 2135 2849 nempe

571 2874 839 2939 Lucifero,
878 2875 1109 2929 Eusebio
1144 2886 1197 2927 et
1230 2874 1516 2943 Dionysio,
1551 2874 1711 2941 jussit
1748 2873 2041 2941 imperator
2078 2881 2135 2923 ut

572 2977 760 3022 contra
802 2967 1159 3021 Athanasium
1210 2966 1460 3036 suffragia
1497 2967 1707 3020 darent.
1760 2965 1866 3033 Ipsi
1915 2980 2042 3017 vero
2081 2963 2129 3015 id

571 3072 691 3111 cum
733 3057 926 3111 fiducia
970 3074 1187 3125 negare,
1216 3072 1639 3110 commemorare
1683 3054 1893 3111 Ursacii
1940 3065 1990 3108 et
2030 3052 2132 3106 Va-

570 3149 728 3202 lentis
754 3150 1144 3217 pmnitentiam,
1186 3164 1304 3217 qua:
1334 3148 1607 3202 Athanasii
1654 3148 1994 3201 adversarios
2031 3145 2130 3199 fal-

568 3242 610 3294 si
653 3251 921 3310 argueret.
952 3238 1068 3293 Non
1104 3241 1241 3294 ultra
1288 3240 1446 3293 fidem
1488 3239 1692 3291 Valenti
1733 3240 1990 3305 socioque
2024 3239 2126 3291 ha-

568 3333 817 3393 bendam,
845 3332 931 3399 qui
960 3331 1163 3399 jamdiu
1189 3345 1250 3383 ea
1281 3329 1583 3399 ejurassent
1605 3345 1723 3397 quae
1756 3345 1899 3401 nunc
1937 3342 2125 3391 contra

566 3422 917 3475 Athanasium
974 3421 1245 3475 afferrent.
1295 3420 1385 3475 Ille
1433 3420 1721 3473 confestim
1776 3435 2125 3488 exsurgens:

566 3514 701 3582 Ego,
737 3528 859 3581 ego,
913 3514 1107 3583 inquit,
1143 3512 1424 3567 Athanasii
1460 3522 1745 3565 accusator
1785 3515 1998 3576 adsum,
2042 3514 2125 3567 vel

567 3606 669 3658 mei
711 3606 884 3673 gratia
919 3620 1104 3659 eorum
1136 3605 1296 3659 dictis
1326 3605 1516 3658 habete
1550 3605 1729 3658 fidem.
1776 3603 1855 3658 Illi
1894 3617 2122 3659 contra:

564 3696 663 3762 Qui
692 3708 977 3751 accusator
1002 3711 1123 3749 esse
1148 3707 1299 3764 potes
1326 3697 1547 3750 absente
1574 3696 1708 3750 reo?
1734 3712 1855 3750 nam
1885 3698 1984 3751 etsi
2015 3707 2126 3752 tute

564 3790 639 3841 sis
666 3799 967 3853 accusator,
996 3789 1060 3841 de
1090 3790 1308 3842 absente
1332 3804 1465 3842 sane
1493 3788 1719 3856 judicari
1771 3791 1976 3858 nequit.
2008 3790 2121 3844 Non

562 3882 824 3950 judicium
839 3885 1033 3951 quippe
1057 3879 1358 3934 Romanum
1387 3882 1706 3943 instituitur,
1725 3890 1783 3935 ut
1805 3882 1919 3946 tibi,
1940 3898 2125 3951 quam-

566 3976 646 4027 vis
692 3975 984 4042 imperator
1016 3974 1115 4036 sis,
1146 3971 1276 4027 fides
1306 3974 1597 4039 habeatur;
1628 3974 1721 4029 sed
1762 3991 1881 4029 cum
1920 3976 1985 4030 de
2012 3978 2123 4044 epi-

562 4080 727 4134 scopo
754 4068 824 4117 sit
854 4068 1253 4130 controversia,
1285 4069 1397 4136 pari
1424 4067 1547 4134 jure
1577 4082 1697 4121 cum
1731 4077 2045 4121 accusatore
2069 4078 2122 4121 et

561 4171 681 4209 cum
716 4170 806 4209 reo
840 4156 992 4225 agier
1034 4167 1264 4224 oportet.
1300 4157 1398 4222 Qui
1442 4167 1620 4211 autem
1667 4173 1923 4212 accusare
1971 4169 2122 4227 potes

562 4245 854 4311 hominem,
901 4262 966 4301 eo
1013 4258 1253 4317 tempore
1298 4248 1481 4317 procul
1520 4258 1823 4302 versantem
1873 4259 1927 4302 et
1972 4259 2121 4303 tanto

561 4339 771 4392 itineris
803 4324 1088 4394 intervallo
1128 4340 1419 4393 dissitum?
1447 4339 1598 4405 Quod
1627 4340 1670 4393 si
1719 4340 1823 4394 illis
1846 4340 2123 4394 narranti-

560 4432 660 4487 bus
692 4432 849 4487 fidem
877 4432 1065 4497 habes,
1093 4433 1220 4501 quid
1246 4441 1328 4485 est
1352 4432 1490 4500 quod
1522 4432 1813 4485 Athanasio
1837 4446 1939 4484 non
1966 4446 2117 4499 aeque

560 4524 793 4579 habeas?
819 4525 913 4579 Sin
952 4525 1081 4588 illis,
1114 4540 1216 4578 non
1242 4525 1366 4578 huic
1390 4524 1577 4591 habes,
1613 4538 1742 4577 sane
1778 4524 1901 4576 hinc
1926 4537 2118 4591 propa-

2238 2065 2342 2118 que
2380 2061 2437 2105 ut
2465 2066 2623 2120 supra
2656 2050 2962 2119 colloquiis,
2995 2050 3153 2119 (qua:
3187 2058 3363 2103 tamen
3391 2050 3567 2102 omnia
3612 2051 3811 2104 ordine

2239 2142 2312 2195 uti
2347 2152 2495 2208 gesta
2530 2152 2654 2194 sunt
2698 2156 2802 2194 non
2841 2142 2890 2193 in
2940 2152 3185 2211 promptu
3220 2150 3301 2194 est
3330 2155 3588 2198 enarrare
3628 2156 3643 2193 :
3674 2155 3805 2193 nam

2237 2254 2359 2308 hinc
2399 2262 2452 2307 et
2482 2254 2603 2308 imle
2635 2269 2699 2307 ex
2732 2254 2894 2307 variis
2938 2254 3161 2308 collecta
3211 2254 3564 2321 scriptoribus
3610 2268 3805 2307 conse-

2235 2355 2463 2413 quenter
2504 2361 2785 2400 recensere
2816 2346 3043 2399 facultas
3085 2360 3190 2398 non
3221 2345 3343 2412 est,)
3373 2354 3483 2398 tres
3512 2345 3808 2414 episcopos

2235 2437 2583 2492 Constantius
2637 2439 2690 2491 in
2747 2438 2993 2492 essilium
3047 2437 3215 2501 misit,
3270 2435 3617 2489 Pancratium
3675 2436 3804 2489 item

2234 2530 2603 2600 presbyterum
2638 2530 2825 2599 (quem
2858 2530 3170 2597 Eutropium
3212 2538 3365 2582 vocat
3396 2529 3800 2595 Athanasius),

2234 2634 2336 2673 una
2379 2634 2498 2672 cum
2530 2617 2780 2671 Lucifero
2814 2633 2841 2670 a
2871 2617 3090 2671 Liberio
3124 2616 3355 2685 legatum
3392 2617 3595 2683 pariter
3616 2627 3803 2668 extor-

2234 2726 2345 2765 rem
2395 2708 2538 2763 fecit.
2580 2709 2840 2762 Hilarium
2887 2717 3062 2761 autem
3096 2709 3410 2769 diaconum,
3452 2709 3695 2777 ejusdem
3730 2707 3805 2761 le-

2232 2800 2462 2870 gationis
2491 2802 2764 2862 comitem,
2791 2798 3046 2853 Ursacius
3074 2808 3126 2853 et
3160 2798 3352 2854 Valens
3379 2816 3482 2852 una
3516 2815 3637 2852 eum
3672 2814 3800 2867 spa-

2233 2895 2425 2944 donum
2462 2904 2678 2946 caterva
2711 2893 2797 2944 ubi
2835 2892 3147 2955 nudassent,
3183 2900 3343 2958 atque
3378 2892 3544 2946 dorso
3579 2891 3804 2961 flagellis

2232 2984 2583 3044 accidissent,
2634 2984 2684 3035 in
2731 2983 2977 3037 exsilium
3025 2983 3151 3035 item
3197 2984 3465 3051 deportari
3511 2993 3800 3037 curarunt.

2231 3073 2373 3128 Inter
2403 3075 2774 3145 flagellandum
2805 3085 2981 3127 autem
3013 3076 3127 3128 hmc
3153 3075 3399 3128 scelerati
3429 3076 3683 3129 homines
3716 3091 3805 3125 vo-

2231 3168 2594 3221 ciferahantur
2625 3168 2693 3235 (c)
2738 3187 2749 3220 :
2788 3167 2961 3234 Quare
2989 3165 3204 3221 Liberio
3238 3182 3339 3221 non
3379 3167 3671 3221 obstitisti?
3703 3184 3802 3221 cur

2229 3257 2346 3325 ejus
2387 3257 2623 3311 detulisti
2654 3256 2898 3311 litteras?
2934 3256 3195 3309 Diaconus
3233 3270 3362 3308 vero
3394 3256 3533 3307 inter
3569 3256 3798 3308 verbera

2229 3350 2433 3416 gratias
2464 3348 2688 3402 Domino
2734 3350 3030 3416 rependere
3072 3356 3234 3417 atque
3281 3348 3459 3400 dicere
3499 3366 3512 3400 :
3568 3347 3799 3400 Dorsum

2228 3455 2395 3491 meum
2426 3439 2647 3508 ﬂagellis
2676 3437 2857 3492 obtuli.
2902 3436 2979 3490 Illi
3010 3447 3187 3491 autem
3219 3436 3447 3490 irridere
3486 3452 3549 3490 ac
3576 3439 3801 3490 cachin-

2230 3546 2323 3583 nos
2354 3529 2651 3595 effundere,
2694 3520 3140 3584 nec‘erubescere
3171 3529 3311 3597 quod
3355 3528 3570 3581 levitam
3612 3538 3796 3582 contu-

2227 3621 2400 3674 meliis
2435 3630 2488 3674 et
2532 3622 2703 3690 plagis
2733 3631 3047 3675 onerarent.
3087 3619 3144 3674 In
3176 3620 3423 3674 exsilium
3468 3621 3652 3688 itaque
3693 3622 3797 3673 acti

2226 3713 2395 3765 sancti
2427 3711 2779 3775 confessores,
2810 3727 3039 3767 excusso
3069 3712 3289 3781 pulvere
3320 3711 3531 3789 pedum,
3559 3712 3798 3763 creuis-

2225 3821 2329 3872 que
2352 3805 2415 3857 ad
2442 3803 2604 3858 Deum
2637 3804 2832 3867 oculis,
2862 3804 3013 3869 cujus
3039 3819 3225 3856 amore
3247 3818 3419 3871 neque
3443 3801 3798 3870 imperatoris

2226 3895 2335 3949 iras
2367 3895 2872 3958 reformidaverant,
2901 3908 3074 3962 neque
3104 3894 3273 3945 stricti
3318 3892 3478 3959 gladii
3516 3901 3663 3944 metu
3698 3906 3794 3944 ve-

2225 3989 2436 4039 ritatem
2493 3987 2862 4054 prodiderant,
2913 3986 3159 4039 exsilium
3218 4001 3314 4052 pro
3361 3984 3649 4038 ministerii
3707 3986 3798 4039 sui

2222 4075 2397 4128 ollicio
2432 4075 2750 4130 habuerunt.
2788 4075 2920 4129 Dum
2962 4074 3102 4128 enim
3148 4074 3259 4126 loca
3296 4074 3650 4140 civitatesque
3680 4088 3801 4141 per-

2222 4178 2489 4237 agrareut,
2544 4170 2645 4223 etsi
2696 4168 2922 4222 vinculis
2957 4166 3256 4232 constricti,
3312 4180 3456 4219 same
3495 4165 3619 4217 fidei
3660 4181 3798 4232 prae-

2221 4262 2546 4315 dicationem
2582 4262 2712 4314 nihil
2755 4261 3201 4325 intermittebant,
3238 4259 3497 4312 Arianam
3539 4258 3792 4310 haeresim

2222 4356 2437 4421 impiam
2469 4354 2664 4420 ubique
2690 4354 3092 4415 renuntiabant,
3129 4353 3589 4419 traducebantque
3631 4350 3799 4403 Ursa-

2220 4447 2287 4499 cii
2339 4455 2393 4498 et
2449 4444 2688 4498 Valentis
2739 4445 3136 4512 posuitentiam.
3182 4444 3334 4509 Quod
3388 4454 3581 4497 contra
3630 4458 3799 4509 quam

2221 4536 2325 4589 rati
2370 4544 2544 4597 erant,
2594 4535 2757 4587 cessit
2804 4536 3233 4588 insidiatoribus.
3267 4533 3396 4586 Nam
3428 4544 3633 4602 quanto
3680 4536 3799 4587 lou-

559 4616 661 4669 lam
691 4626 775 4671 est
806 4618 949 4686 ipsos
979 4616 1046 4670 ad
1090 4618 1163 4668 tui
1191 4617 1415 4687 gratiam
1446 4616 1733 4669 iucundam
1765 4614 2116 4668 Athanasium
2151 4622 2193 4676 D
2224 4627 2371 4696 giure
2403 4626 2577 4692 spatio
2607 4634 2660 4678 et
2699 4626 3099 4695 intercapedine
3140 4624 3370 4679 distabat
3412 4624 3592 4678 exsilii
3625 4626 3798 4689 locus,

558 4722 835 4762 accusare.
890 4728 907 4759 ι
950 4709 1071 4761 Alio
1114 4717 1293 4762 autem
1346 4708 1462 4763 loco
1509 4708 1624 4763 haec
1675 4708 1836 4761 habet
1881 4706 2118 4759 Athana-

558 4801 670 4852 sius
707 4799 778 4869 (ὁ)
826 4816 841 4853 :
905 4817 923 4849 ι
980 4800 1111 4852 Cum
1160 4799 1375 4866 juberet
1416 4800 1709 4869 imperator
1752 4798 1896 4851 viros
1931 4807 2114 4852 contra

555 4890 910 4946 Athanasium
953 4891 1208 4958 suffragia
1254 4892 1515 4957 scribere,
1566 4906 1629 4944 ac
1675 4906 1794 4944 eum
1848 4890 2117 4943 luereticis

555 4985 992 5049 communicare;
1027 4984 1132 5037 illis
1180 4985 1255 5037 rei
1292 4983 1575 5038 insolentia
1618 4981 1980 5050 stupentibus,
2017 4996 2113 5049 pu-

554 5076 949 5145 gnantibusque
976 5076 1029 5129 id
1065 5076 1415 5130 ecclesiastici
1457 5088 1560 5127 nou
1592 5089 1711 5127 esse
1734 5075 1893 5141 juris,
1927 5076 2109 5127 statim

556 5165 644 5219 ille
672 5179 687 5216 :
726 5165 793 5219 At
825 5167 967 5234 quod
1010 5168 1137 5220 mihi
1181 5167 1386 5219 libitum
1420 5174 1531 5230 est,
1562 5164 1610 5217 id
1639 5164 1993 5218 ecclesiastici
2023 5164 2110 5230 ju-

553 5261 628 5313 ris
660 5261 778 5314 loco
806 5260 1065 5314 habeatur
1091 5279 1103 5314 :
1133 5261 1261 5313 mihi
1287 5261 1487 5329 quippe
1517 5260 1587 5311 ita
1614 5258 1848 5325 loquenti
1872 5268 2112 5311 annuunt

554 5352 676 5422 Syri
710 5352 945 5421 episcopi
978 5371 991 5406 :
1018 5363 1109 5404 aut
1140 5354 1300 5420 igitur
1321 5353 1713 5417 obtemperate,
1738 5359 1827 5400 aut
1861 5349 1957 5416 ipsi
1981 5362 2113 5416 quo-

549 5460 655 5513 que
685 5454 928 5499 extorres
960 5445 1121 5497 futuri
1154 5444 1301 5496 estis.
1341 5442 1433 5495 llis
1458 5441 1656 5494 auditis
1681 5441 1939 5508 episcOpi,
1972 5456 2113 5493 rem-

550 5550 653 5601 que
698 5549 1037 5603 summopere
1072 5534 1273 5595 mirati,
1314 5533 1584 5600 supplices
1626 5532 1691 5584 ad
1722 5531 1886 5585 Deum
1922 5547 2113 5585 manus

552 5627 791 5691 tendere,
828 5642 947 5680 cum
998 5621 1190 5680 fiducia
1221 5624 1545 5693 compellare
1577 5625 1773 5688 virum,
1810 5627 2111 5693 docereque

617 5799 693 5865 (α)
719 5799 913 5853 Athan.
959 5799 1097 5855 Hist.
1130 5801 1309 5855 Arion.
1341 5802 1406 5855 ad
1441 5800 1739 5865 monachos,
1772 5819 1822 5855 n.
1854 5803 1941 5859 76.

613 5873 689 5939 (υ)
720 5872 850 5924 Ibid.
888 5888 938 5923 η.
982 5872 1067 5935 53,
1106 5872 1192 5924 at.

2220 4729 2367 4773 tanto
2394 4719 2609 4788 gravius
2632 4718 2685 4771 in
2711 4718 2903 4787 impios
2928 4718 3171 4771 homines
3192 4715 3567 4771 coucitabatur
3586 4716 3797 4780 odium,

2216 4810 2484 4876 latiusque
2526 4810 2778 4875 serpebat
2810 4806 3005 4860 invidia
3039 4805 3189 4863 facti.
3234 4806 3560 4859 Sanctorum
3610 4809 3797 4875 itaque

2217 4898 2501 4965 prtesulum
2520 4896 2858 4965 demigratio,
2876 4912 3000 4950 vere
3018 4897 3327 4965 praedicatio
3347 4896 3461 4957 fuit,
3482 4911 3590 4964 qua
3608 4912 3800 4951 eorum

2220 4986 2511 5055 impietatis
2533 4987 2578 5039 fa
2590 5004 2672 5040 ma
2695 4989 2887 5056 ubique
2905 4998 3167 5041 manaret.
3186 4988 3313 5051 Quis
3337 4987 3477 5039 enim
3499 4987 3625 5039 dum
3645 5002 3803 5054 pera-

2218 5088 2443 5146 grautes
2460 5088 2728 5138 cerneret,
2751 5094 2854 5131 non
2877 5078 3118 5131 laudibus
3136 5088 3193 5130 ut
3209 5076 3547 5131 confessores
3564 5094 3801 5131 exorna-

2217 5170 2327 5221 vit?
2347 5170 2467 5236 quis
2485 5183 2587 5220 non
2607 5168 2834 5221 Ariauos
2857 5168 3155 5221 maledictis
3175 5178 3227 5220 et
3254 5168 3468 5236 probris
3492 5169 3799 5223 insectatus

2214 5274 2294 5315 est
2324 5272 2380 5314 ut
2407 5262 2620 5327 impios,
2658 5262 2943 5314 carnifices
2960 5268 3015 5313 et
3045 5262 3360 5324 homicidas,
3389 5273 3442 5313 et
3471 5278 3577 5313 non
3604 5264 3799 5330 quovis

2217 5353 2394 5418 potius
2437 5369 2599 5420 quam
2656 5350 3088 5406 Christianorum
3144 5352 3359 5404 nomine
3411 5354 3799 5420 compellavit?

2219 5446 2482 5497 Caeterum
2521 5444 2754 5509 exsules,
2793 5446 2860 5498 ait
2901 5444 3164 5513 Sulpitius
3211 5442 3469 5506 Severus,
3498 5446 3636 5498 satis
3663 5461 3798 5499 con-

2220 5547 2325 5589 stat
2360 5536 2525 5589 totius
2558 5536 2708 5590 orbis
2736 5537 2929 5590 studiis
2952 5537 3283 5599 celebratos,
3314 5537 3683 5605 pecuniasque
3710 5538 3796 5591 eis

2221 5634 2270 5679 iu
2299 5641 2567 5696 sumptum
2600 5627 2800 5681 aﬂatim
2839 5606 3141 5697 congestas,
3180 5627 3544 5697 legationibus
3574 5645 3794 5698 quoque

2283 5805 2350 5873 (c)
2386 5806 2579 5859 Athan.
2620 5807 2744 5860 ibid.
2768 5807 2853 5859 4i.
