4038 6530
1497 414 1649 468 VITA
1695 418 1751 468 S.
1796 414 2182 470 ATllANASll.

3314 442 3435 482 C32!

177 531 253 571 eos
277 516 459 584 pit-his
494 521 826 577 catholica:
850 539 911 577 ex
936 524 1178 579 omnibus
1210 524 1317 579 fere
1350 527 1638 594 provinciis
1676 531 1775 580 l‘re-
1813 532 1857 583 A
1889 543 2033 581 mero
2059 526 2482 585 Fortunatianus
2520 533 2900 602 Aquileiensis,
2931 545 2982 589 et
3010 537 3250 592 Eremius
3270 539 3440 594 Thcs-

179 618 480 678 qneulatos.

234 720 277 773 1.
317 720 529 774 Liberii
566 723 795 778 littera:
822 728 893 778 ad
939 731 1271 791 confess-ores.
1307 759 1374 766 -——
1418 729 1655 797 Accepto
1695 727 1781 780 Li-

184 814 337 866 berius
371 830 579 870 rerum
644 817 949 874 Mediolani
985 831 1251 887 gestarum
1291 819 1475 873 nuntio
1502 860 1515 880 .
1546 821 1780 889 gratula-

188 912 327 962 torias
356 911 675 977 exsulibus
710 915 871 968 misit
904 914 1128 977 litteras,
1171 915 1438 982 quamvis,
1466 914 1633 973 aiens.
1668 930 1781 968 ma-

154 1076 155 1083 γ
191 1006 239 1056 lis
262 1001 392 1056 allici
424 1005 781 1069 videantur,
831 1007 974 1075 ipsos
999 1017 1171 1060 tamen
1202 1007 1488 1076 singularis
1517 1022 1626 1059 sure
1657 1006 1776 1060 fidei

191 1111 322 1149 causa
374 1098 834 1166 acceptissimus
865 1114 982 1153 esse
1016 1100 1120 1153 Deo
1146 1139 1159 1161 ,
1206 1109 1259 1153 et
1297 1099 1407 1166 jam
1451 1102 1516 1153 ad
1546 1100 1775 1153 futuram

195 1190 410 1258 nurtyrii
459 1190 715 1260 gloriam
746 1193 1080 1262 designatos.
1115 1192 1341 1261 Optasse
1376 1203 1432 1247 ut
1477 1194 1577 1247 sibi
1611 1194 1777 1261 priori

196 1284 233 1335 id
252 1282 364 1335 boni
393 1281 809 1353 contingeret;
848 1284 943 1338 sed
973 1284 1091 1352 quia
1128 1284 1198 1337 illi
1227 1285 1660 1353 pnevertissent,
1687 1301 1773 1339 ro-

198 1390 298 1442 gare
318 1386 372 1427 ιιι
394 1389 456 1428 se
484 1377 685 1429 studio
721 1392 1021 1446 amoreque
1053 1386 1366 1445 praesentem
1402 1376 1732 1431 aestimarent
1760 1396 1771 1430 :

198 1478 390 1519 etcum
439 1480 544 1532 per
593 1466 925 1535 hujusmodi
980 1482 1244 1522 aerumnas
1293 1478 1453 1536 atque
1503 1464 1775 1520 calamita-

200 1558 518 1625 tespropius
573 1560 646 1610 ad
702 1559 882 1612 Deum
935 1560 1325 1623 accessissent,
1371 1560 1620 1629 precibus
1664 1560 1773 1627 jam

204 1651 294 1703 suis
340 1649 441 1719 ipsi
497 1649 946 1720 Opitularentur.
1001 1652 1238 1707 Postulat
1286 1653 1538 1717 demum,
1598 1652 1775 1706 miSslS

208 1741 369 1794 litteris
416 1742 526 1795 sibi
580 1743 725 1811 quid
767 1752 984 1812 gestum
1014 1744 1082 1797 sit
1123 1752 1374 1799 accurate
1424 1744 1722 1812 signiticent
1756 1785 1771 1809 ,

206 1848 259 1885 ne
302 1832 413 1901 ipse
471 1832 635 1887 inter
695 1834 947 1889 incertos
980 1834 1116 1905 vulgi
1168 1849 1410 1890 rumores
1450 1835 1613 1889 animi
1644 1850 1769 1904 pen-

208 1924 323 1978 deat.

264 2040 309 2095 5.
343 2039 464 2105 Quo
496 2048 693 2095 autem
750 2040 1086 2095 acerbiorem
1130 2039 1305 2095 exsilii
1337 2055 1546 2109 poenam
1603 2041 1771 2096 sancti

208 2131 435 2199 praesules
456 2132 888 2199 experirentur,
914 2131 1073 2199 (quod
1100 2142 1217 2186 erat
1248 2132 1622 2187 hazreticorum
1647 2148 1775 2187 con-

209 2223 355 2275 silium
400 2224 809 2291 studiumque,
837 2224 855 2293 )
882 2239 984 2276 non
1025 2239 1187 2277 unum
1234 2224 1286 2277 in
1331 2224 1501 2277 locum
1553 2225 1771 2296 relegati

208 2323 329 2376 sunt,
350 2316 443 2368 sed
473 2315 535 2368 in
563 2316 755 2369 varias
786 2324 843 2369 et
863 2315 1027 2369 multo
1054 2314 1562 2371 intervallodissitas
1592 2327 1765 2371 trans-

208 2408 331 2461 missi
364 2408 656 2477 regiones,
722 2421 792 2461 ne
832 2407 1001 2461 mutui
1039 2417 1358 2475 conspectus
1398 2408 1589 2462 solatio
1641 2425 1768 2476 sup-

208 2498 329 2563 plicii
370 2500 529 2554 dolor
583 2499 893 2554 levaretur.
925 2500 1142 2562 Verum,
1178 2509 1235 2553 ut
1264 2515 1405 2555 cteca
1435 2516 1521 2557 res
1548 2513 1628 2556 cst
1660 2518 1773 2556 ma-

208 2590 317 2653 litia,
372 2607 481 2645 non
541 2593 913 2646 advertebant
952 2593 1233 2657 scelerati,
1283 2594 1334 2646 in
1385 2610 1543 2662 grave
1597 2612 1771 2650 rerum

205 2698 397 2736 suarum
432 2686 841 2738 detrimentum
859 2685 1100 2739 veritatis
1122 2701 1393 2754 prtecones
1424 2701 1485 2741 ac
1512 2688 1772 2743 haereseos

207 2778 365 2830 hostes
399 2778 561 2829 varia
615 2776 737 2831 loca
792 2792 1102 2845 peragrare,
1135 2793 1239 2846 quo
1278 2777 1435 2832 latius
1492 2790 1773 2831 manarent

204 2868 276 2920 illa
325 2868 578 2937 perfidia
626 2868 855 2923 Arianae
900 2880 1232 2938 argumenta.
1276 2868 1440 2923 Nemo
1472 2871 1613 2924 enim
1648 2884 1774 2923 con-

200 2963 382 3028 spectis
431 2962 651 3016 sanctis
680 2961 817 3015 viris
857 2971 1058 3015 tantam
1088 2976 1183 3031 pro
1216 2963 1441 3017 veritate
1486 2964 1770 3018 calamita-

201 3063 292 3104 tem
322 3052 644 3107 ferentibus
666 3092 680 3115 ,
719 3053 1109 3107 sceleratorum
1167 3054 1505 3122 iniquitatem
1555 3073 1659 3111 non
1692 3068 1775 3111 est

197 3154 526 3200 exsecratus.
579 3145 856 3199 Eusebius
902 3145 1061 3213 igitur
1087 3144 1431 3216 Scythopolin
1463 3149 1637 3202 exsilii
1699 3151 1773 3202 lo-

1885 619 2276 687 salonicensis,
2329 637 2553 690 quorum
2607 624 2826 693 lapsum
2886 626 3130 695 deplorat
3186 628 3435 685 Athana-

1881 730 2011 764 SIIIS.

1956 824 2005 876 7.
2045 824 2308 881 Maximus
2338 832 2455 882 sede
2481 829 2715 895 pellitur.
2756 861 2828 873 —
2861 832 3093 887 Eminuit
3127 843 3301 889 autem
3350 835 3438 891 in-

1885 920 1965 964 ter
2016 917 2253 969 veritatis
2305 920 2641 973 confessores
2703 920 3436 993 MaximusNeapolitanus;

1880 1003 1968 1069 qui
2002 1019 2124 1057 cum
2159 1007 2477 1075 aegritudine
2504 1013 2766 1065 stomachi
2813 1013 3106 1082 laboraret,
3132 1018 3198 1071 ab
3227 1018 3439 1073 Arianis

1879 1096 2325 1163 subscriptionem
2361 1116 2511 1154 suam
2548 1113 2873 1173 extorquere
2905 1109 3233 1164 conantibus
3260 1111 3440 1167 multis

1881 1195 1965 1238 est
1992 1184 2223 1241 alllictus
2249 1188 2421 1244 malis.
2448 1191 2518 1244 At
2544 1207 2664 1247 cum
2706 1195 2791 1249 ille
2822 1195 2875 1250 in
2903 1212 3049 1268 aegro
3078 1214 3311 1270 corpore
3360 1204 3441 1258 in-

1880 1276 2079 1330 victum
2125 1289 2338 1346 gereret
2362 1282 2625 1347 animum,
2661 1286 2821 1341 nullis
2854 1290 3050 1345 cedens
3084 1294 3437 1361 cruciatibus,

1879 1369 1929 1421 in
1965 1369 2211 1424 exsilium
2251 1374 2461 1427 tandem
2508 1374 2691 1440 pulsus
2722 1388 2824 1432 est.
2856 1378 2909 1433 In
2958 1381 3114 1451 cujus
3142 1384 3313 1437 locum
3345 1401 3438 1440 co-

1876 1471 2094 1531 optatur
2126 1462 2370 1518 Zosimus
2396 1466 2635 1533 quidam.
2676 1468 2725 1523 ls
2753 1486 2873 1524 cum
2908 1472 3170 1531 hactenus
3200 1479 3437 1532 catholi-

1876 1572 1992 1611 cam
2034 1557 2191 1613 ﬁdem
2239 1571 2551 1617 constanter
2598 1578 3030 1637 propugnasset,
3070 1582 3178 1625 tum
3224 1574 3439 1629 Arianis

1877 1649 2036 1703 rebus
2056 1651 2403 1707 emolumenti
2432 1669 2595 1709 causa
2626 1659 2844 1713 studere
2874 1662 3061 1729 etrapit.
3113 1664 3229 1730 Quo
3257 1667 3439 1720 audito

1875 1739 2138 1798 Maximus
2169 1746 2286 1799 dira
2328 1746 2529 1801 homini
2568 1744 2914 1819 imprecatus,
2949 1758 3279 1823 przenuntiat
3315 1773 3437 1812 eum

1876 1847 1979 1887 non
1997 1834 2084 1887 diu
2103 1837 2387 1908 episc0pali
2411 1843 2465 1896 in
2494 1845 2619 1899 sede
2646 1860 3079 1912 permansurum.
3110 1848 3315 1902 Accidit
3355 1864 3440 1905 res

1878 1936 1933 1978 ut
1962 1927 2219 1994 prmfatus
2251 1930 2335 1985 ille
2364 1932 2559 1990 fuerat.
2594 1935 2726 1990 Cum
2771 1938 2916 1991 enim
2948 1938 3193 1993 Zosimus
3224 1939 3435 2008 episco-

1874 2018 1976 2086 pali
2006 2035 2228 2076 munere
2260 2022 2312 2076 in
2345 2027 2526 2093 populi
2559 2037 2707 2082 coetu
2760 2026 3098 2098 fungeretur,
3125 2035 3435 2104 {derepente

1874 2106 2051 2177 lingua
2082 2112 2409 2167 horrendmn
2440 2116 2491 2169 in
2530 2118 2743 2171 modum
2770 2117 2920 2174 foras
2950 2123 3147 2191 erupit,
3175 2134 3233 2178 ut
3263 2140 3437 2193 neque

1875 2202 2161 2257 reducendi
2198 2204 2426 2261 facultas
2455 2218 2618 2263 esset.
2659 2210 2809 2276 Quod
2854 2227 2975 2266 cum
3011 2215 3253 2283 repetitis
3305 2218 3436 2271 vici-

1874 2293 1973 2347 bus
2006 2295 2296 2351 accidisset
2319 2337 2334 2360 ,
2363 2300 2532 2354 sensit
2579 2301 2666 2355 ille
2696 2303 2951 2359 divinitus
2982 2306 3279 2361 immissum
3322 2324 3437 2361 ma-

1876 2386 2022 2450 lum,
2088 2390 2342 2458 novitque
2408 2408 2511 2447 non
2596 2392 2794 2450 frustra
2853 2397 3203 2452 vaticinatmn
3269 2399 3435 2457 fuisse

1874 2476 2213 2545 Maximum,
2269 2497 2334 2535 ac
2384 2494 2574 2551 sponte
2636 2486 2949 2553 dignitatem
3012 2491 3164 2543 exuit
3224 2491 3435 2557 episco-

1874 2568 2065 2635 palem.
2128 2568 2389 2625 Maximus
2445 2583 2627 2629 autem
2697 2577 2749 2629 in
2807 2577 2982 2632 exsilii
3038 2578 3158 2633 loco
3222 2591 3433 2649 postre-

1874 2674 2019 2713 mum
2068 2662 2205 2715 obiit
2248 2663 2387 2718 diem
2420 2706 2436 2731 ,
2476 2666 2839 2723 confessionis
2881 2669 3072 2724 exinde
3116 2672 3283 2739 gloria
3318 2673 3434 2727 cla-

1876 2768 1985 2806 τυε.

1943 2871 1996 2926 8.
2050 2871 2364 2943 Martyrium
2396 2873 2687 2943 Ruﬁniani.
2726 2907 2793 2917 -—
2824 2878 3012 2932 Iisdem
3046 2889 3437 2935 annumeratur

1875 2960 1999 3015 item
2035 2961 2354 3019 Ruﬁnianus
2403 2966 2621 3034 quidam
2655 2968 2778 3021 vitae
2823 2970 3179 3023 sanctimonia
3222 2970 3435 3038 conspi-

1874 3067 2043 3116 cuus;
2086 3056 2173 3123 qui
2213 3055 2335 3111 fidei
2370 3071 2531 3111 causa
2568 3058 2638 3112 ab
2680 3060 2999 3127 impiissimo
3033 3060 3273 3129 Epicteto
3299 3061 3436 3115 Cen-

1877 3145 2270 3201 tum-cellarum
2315 3149 2567 3217 episcopo
2605 3151 2891 3203 immanem
2940 3152 2990 3204 in
3027 3152 3244 3205 modum
3270 3166 3433 3205 vexa-

196 3253 305 3289 cum
351 3238 654 3306 pervenit;
710 3237 871 3305 cujus
916 3238 1063 3293 urbis
1114 3240 1394 3308 episcopus
1438 3251 1554 3294 erat
1582 3242 1770 3295 Patro-
1801 3237 1841 3293 C
1877 3246 1962 3290 tus
1991 3277 2005 3299 ,
2039 3247 2166 3291 ante
2211 3253 2428 3291 currum
2464 3241 2579 3308 ejus
2614 3240 2885 3294 concitato
2934 3256 3094 3295 cursu
3143 3245 3437 3309 procedere

197 3329 358 3394 philus
388 3329 642 3382 Arianus
669 3371 682 3393 ,
722 3329 817 3397 qui
867 3336 1011 3381 tanta
1054 3344 1186 3383 cura
1211 3370 1226 3393 ,
1262 3330 1563 3400 Epiphanio
1596 3341 1729 3387 teste
1758 3374 1773 3397 ,

199 3416 498 3472 Catholicos
538 3433 569 3470 a
602 3433 701 3471 sua
728 3418 973 3486 paroecia
1010 3428 1280 3487 exegerat,
1319 3429 1375 3473 ut
1403 3421 1609 3475 nonnisi
1640 3437 1776 3475 unus

200 3505 382 3577 «Ioseph
412 3523 612 3564 comes
644 3510 811 3563 isthic
870 3519 1194 3578 superesset,
1242 3512 1331 3580 qui
1363 3513 1620 3565 Arianum
1672 3527 1774 3565 non

205 3609 496 3655 sectaretur
540 3616 815 3655 errorem.
868 3601 982 3654 Erit
1030 3601 1257 3657 fortasse
1319 3605 1572 3659 narrandi
1628 3606 1777 3660 locus

208 3693 321 3757 quid
355 3694 477 3759 ejus
533 3708 667 3746 cura
723 3702 781 3745 et
832 3706 996 3760 Opera
1029 3710 1311 3762 perpessus
1363 3696 1436 3749 sit
1493 3694 1775 3750 Eusebius.

211 3782 323 3836 Fuit
368 3793 554 3837 autem
610 3782 853 3835 Eusebio
914 3784 1361 3853 peregrinationis
1426 3784 1778 3853 laborumque

216 3877 381 3932 socius
409 3875 853 3945 Exuperautius,
882 3876 973 3943 qui
1011 3886 1195 3944 postea
1231 3877 1330 3931 fuit
1378 3879 1427 3932 in
1474 3878 1776 3932 Tortonen-

217 3982 318 4019 sem
369 3969 693 4037 episcopum
737 3976 1048 4033 cooptatus.
1108 3963 1324 4019 Lucifer
1377 3965 1775 4021 Germaniciam

216 4060 467 4123 mittitur;
506 4059 670 4129 cujus
705 4067 822 4110 tum
855 4058 1141 4126 episcopus
1171 4066 1291 4110 erat
1325 4057 1602 4112 Eudoxins
1621 4056 1777 4110 Aria-

219 4163 325 4203 nus.
353 4151 468 4216 Quo
501 4152 556 4204 in
596 4151 721 4204 loco
766 4149 965 4216 quibus
995 4152 1065 4204 sit
1098 4151 1360 4204 aerumnis
1397 4148 1652 4212 allectus,
1687 4151 1778 4202 de-

218 4242 387 4295 scribit
408 4243 527 4311 ipse
552 4242 605 4296 in
640 4256 743 4295 sua
767 4240 837 4292 ad
871 4240 1244 4295 Constantium
1274 4241 1517 4309 epistola.
1554 4240 1608 4293 In
1655 4254 1776 4293 car-

219 4349 329 4388 cere
355 4336 553 4404 quippe
601 4331 866 4387 reclusus
908 4345 971 4384 ac
1001 4333 1118 4386 luce
1156 4331 1423 4401 privatus,
1455 4333 1506 4385 in
1538 4332 1778 4386 tenebris

220 4425 620 4488 asservabatur,
662 4430 722 4475 ut
772 4435 842 4474 ne
873 4419 1100 4490 cuipiam
1151 4421 1269 4487 ejus
1318 4422 1581 4475 invisendi
1624 4420 1776 4489 copia

219 4523 369 4567 esset.
399 4512 697 4582 Dionysius
745 4518 928 4563 autem
956 4508 1368 4564 Mediolanensis
1404 4510 1454 4563 in
1505 4509 1779 4578 Cappado-

219 4606 345 4659 ciam
391 4608 717 4675 deportatus
746 4642 762 4666 ,
796 4601 907 4656 illic
951 4601 1123 4657 exsilii
1171 4602 1320 4671 juxta
1371 4617 1433 4655 ac
1464 4603 1585 4656 vita:
1618 4601 1777 4655 ﬁnem

219 4695 439 4761 invenit;
477 4695 775 4750 Dominum
815 4702 1067 4762 precatus
1094 4693 1324 4757 scilicet,
1352 4704 1408 4746 ut
1445 4708 1507 4747 ex
1547 4694 1647 4747 hac
1671 4694 1779 4745 vita

217 4785 512 4855 demigrare
566 4785 807 4846 liceret,
857 4796 923 4834 ne
964 4797 1250 4849 reversus,
1297 4786 1593 4852 parteciam
1629 4796 1781 4836 suam

217 4876 403 4931 Ariana
441 4879 566 4933 labe
600 4877 866 4931 infectam
926 4876 1371 4945 deprehenderet.
1410 4876 1475 4929 Et
1531 4890 1664 4929 sane
1699 4889 1787 4929 res

219 4977 270 5020 ut
299 4970 671 5039 augurabatur
705 4966 1033 5032 accidisset,
1088 4967 1131 5020 si
1180 4968 1381 5021 diutius
1413 4966 1787 5036 |protraxisset

219 5062 389 5115 vitam.
418 5063 473 5116 In
501 5063 628 5133 ejus
654 5061 861 5130 quippe
885 5057 1057 5113 locum
1090 5057 1342 5113 suﬂ‘ectus
1375 5068 1458 5113 est
1481 5059 1784 5113 Auxentius

220 5153 531 5208 Arianorum
579 5152 923 5206 deterrimus
953 5187 969 5215 ,
1027 5166 1056 5203 a
1106 5148 1366 5220 Gregorio
1418 5151 1786 5206 Alexandrino

218 5246 485 5316 presbyter
509 5244 835 5303 ordinatus,
867 5243 958 5311 qui
988 5243 1202 5297 Arianae
1230 5244 1304 5297 rei
1340 5245 1596 5312 augenda:
1624 5253 1786 5314 atque

219 5338 592 5400 promovenda;
616 5344 851 5389 strenue
884 5348 1101 5401 operam
1126 5335 1293 5389 dedit.

276 5448 323 5501 6.
361 5449 576 5504 Praeter
604 5458 949 5503 memoratos
984 5458 1158 5503 autem
1197 5450 1502 5519 episcopos,
1536 5450 1621 5503 alii
1666 5466 1789 5519 per-

214 5542 352 5604 pauci
429 5542 619 5597 exsilii
698 5554 921 5609 pcenam
983 5542 1162 5594 subire
1227 5543 1571 5605 maluerunt,
1627 5558 1788 5609 quam

212 5631 283 5683 vel
327 5633 705 5687 Athanasium
760 5633 1021 5684 damnare
1052 5673 1066 5693 ,
1116 5633 1199 5687 vel
1251 5648 1373 5685 cum
1420 5634 1635 5687 Arianis
1685 5633 1790 5685 ini-

210 5740 260 5777 re
305 5730 658 5783 societatem.
728 5724 959 5777 Maxima
1016 5740 1139 5791 pars
1206 5727 1409 5791 minis,
1467 5726 1663 5781 terrori
1729 5741 1792 5778 ac

210 5816 483 5873 fraudibus
538 5815 864 5874 Constantii
899 5830 1253 5880 concessere;
1306 5832 1371 5869 ex
1428 5831 1654 5887 quorum
1694 5828 1791 5867 nu-

1878 3326 2183 3394 compulsus
2213 3336 2294 3383 est
2332 3345 2344 3381 :
2378 3342 2486 3397 quo
2516 3328 2711 3382 factum
2745 3367 2761 3393 ,
2800 3339 2860 3382 ut
2888 3337 3257 3399 erumpentem
3306 3345 3433 3385 san-

1876 3417 2087 3486 guinem
2115 3432 2208 3472 ore
2238 3433 2518 3485 evomens,
2546 3419 2849 3474 exstinctus
2878 3419 2971 3474 sit.

1947 3529 2000 3583 9.
2047 3529 2266 3585 Vexatio
2296 3530 2579 3586 Catholici:
2622 3548 2712 3600 per
2742 3534 2915 3585 orbem
2945 3531 3197 3586 illata.—
3218 3530 3329 3586 Nec
3353 3546 3441 3587 so-

1879 3620 1984 3675 lum
2014 3634 2193 3676 autem
2228 3622 2511 3679 Mediolani
2561 3638 2623 3679 ac
2672 3638 2768 3693 per
2820 3624 3030 3678 Italiam
3080 3625 3279 3679 Ariana
3323 3625 3439 3681 lues

1878 3716 2262 3783 grassabatur;
2308 3717 2400 3770 sed
2460 3731 2555 3784 per
2589 3725 2758 3770 totum
2800 3716 3101 3771 Romanum
3156 3716 3438 3786 imperium

1879 3808 2109 3861 horrore
2138 3808 2318 3860 omnia
2348 3807 2504 3877 plena
2538 3824 2553 3861 :
2587 3808 2766 3875 minas,
2815 3808 3246 3870 multamexsilia,
3274 3808 3438 3876 quod-

1878 3900 1959 3952 vis
2003 3914 2371 3953 aernnmarum
2422 3914 2592 3970 genus
2646 3900 2713 3955 iis
2760 3900 2851 3967 qui
2907 3899 3108 3954 nollent
3156 3899 3438 3958 Athanasii

1883 3990 2218 4042 damnationi
2243 3988 2605 4044 subscribere.
2643 3990 2755 4055 Qua
2790 3989 2858 4043 de
2889 4003 2946 4042 re
2976 3988 3332 4043 Athanasium
3374 3992 3440 4044 li-

1881 4079 1968 4133 bet
1995 4080 2180 4133 audire
2217 4079 2547 4148 loquentem.
2588 4079 2781 4133 Statim
2814 4080 3006 4132 litterzc
3033 4078 3099 4132 ad
3132 4079 3440 4148 praefectura

1881 4172 2079 4235 misszc,
2125 4170 2442 4238 iussumque
2488 4179 2569 4223 est
2608 4170 2965 4223 Athanasium
2997 4168 3153 4222 solita
3178 4169 3440 4222 frumenti

1880 4279 2093 4319 annona
2136 4262 2361 4332 privari,
2399 4271 2671 4330 totamque
2706 4262 2758 4314 in
2786 4276 2941 4315 usum
2972 4260 3089 4315 Arii
3115 4270 3442 4316 sectatorum

1881 4355 2139 4411 conferri.
2173 4355 2306 4408 Data
2344 4355 2537 4422 cuique
2562 4352 2759 4406 volenti
2790 4354 3015 4407 facultas
3037 4363 3138 4417 est,
3164 4364 3442 4407 contume-

1882 4448 2007 4502 liam
2035 4448 2101 4503 iis
2132 4445 2397 4500 inferendi
2435 4445 2524 4512 qui
2562 4444 2839 4497 Athanasii
2868 4445 3226 4499 conventibus
3276 4444 3444 4498 inter-

1816 4549 2088 4626 Dessent.
2157 4536 2295 4590 llinc
2342 4537 2501 4589 minze
2553 4550 2766 4602 quoque
2818 4536 3085 4602 jmlicihus
3125 4534 3441 4599 intentataa,

1889 4631 1993 4684 nisi
2016 4643 2137 4684 cum
2171 4627 2388 4681 Arianis
2426 4626 2819 4680 communionis
2861 4624 3175 4678 societatem
3223 4624 3442 4682 inirent.

1888 4719 2042 4776 Paria
2076 4720 2128 4773 in
2151 4719 2271 4772 aliis
2301 4716 2612 4786 regionibus
2642 4715 2793 4782 jussa
2822 4715 3075 4783 prodiere
3107 4732 3121 4769 :
3154 4716 3446 4782 videreqne

1888 4823 2007 4867 erat
2036 4825 2134 4880 per
2164 4810 2323 4864 urbes
2370 4808 2611 4878 singulas
2651 4808 2845 4863 missos
2891 4805 3133 4862 notarios
3168 4813 3223 4861 et
3250 4805 3445 4876 palati-

1889 4922 2005 4968 nos,
2034 4901 2351 4973 quijudices
2380 4902 2715 4959 concitarent
2742 4902 2793 4955 in
2825 4900 3180 4955 Athanasium
3205 4941 3219 4966 ,
3253 4910 3307 4954 et
3331 4901 3436 4971 epi-

1888 5012 2081 5067 scopos
2114 4997 2196 5050 vel
2226 4996 2292 5049 ad
2322 4995 2603 5049 ferendum
2642 4992 2958 5064 suffragium
2988 4994 3299 5048 inducerent
3320 5035 3335 5059 ,
3366 4992 3451 5047 vel

1890 5090 2155 5159 pellerent
2187 5090 2239 5142 in
2273 5088 2545 5152 exsilium,
2574 5086 2891 5157 p0pulisque
2914 5101 3104 5154 graves
3136 5085 3452 5139 intermina-

1889 5192 2082 5238 rentur
2110 5180 2470 5234 calamitates.
2508 5178 2725 5249 Legatis
2757 5182 3023 5234 dabantur
3046 5178 3257 5231 itineris
3286 5177 3453 5230 comi—

1894 5284 1973 5327 tes
2010 5270 2218 5328 Ursacii
2246 5281 2300 5325 et
2336 5269 2569 5323 Valentis
2600 5268 2783 5323 clerici
2819 5286 2832 5323 :
2865 5269 2955 5336 qni
2986 5268 3028 5321 si
3066 5266 3275 5334 judices
3299 5265 3451 5316 vide-

1891 5372 2009 5416 rent
2061 5376 2168 5413 non
2203 5369 2424 5413 strenue
2455 5372 2565 5411 rem
2599 5344 2780 5426 agere,
2816 5356 3089 5411 deferrent
3119 5358 3183 5407 ad
3219 5355 3450 5420 impera-

1895 5461 2088 5504 torem.
2131 5448 2191 5501 Et
2222 5448 2360 5516 quod
2396 5448 2716 5516 stupendum
2743 5447 2903 5515 plane
2929 5453 3204 5506 erat,cum
3224 5453 3450 5494 caeteras

1894 5544 2127 5597 haereses
2160 5540 2393 5593 intactas
2427 5541 2708 5603 sinerent,
2754 5538 2884 5591 solis
2914 5534 3221 5603 Catholicis‘
3255 5532 3450 5587 bellum

1896 5630 2218 5686 inferebant.
2247 5628 2380 5681 Tum
2407 5629 2663 5697 episc0pi,
2691 5637 2746 5679 ut
2779 5626 3037 5691 scriptum
3074 5635 3176 5687 est,
3213 5622 3279 5674 ad
3299 5636 3450 5689 reges

1894 5734 1947 5777 et
1985 5722 2237 5791 pra-sides
2288 5720 2453 5781 ducti,
2487 5737 2513 5770 a
2551 5717 2926 5785 judicihusqne
2961 5718 3071 5766 haec
3106 5714 3393 5766 audiebant
3432 5729 3445 5763 :

1898 5815 2002 5868 Aut
2029 5813 2369 5877 subscribite,
2412 5820 2499 5862 aut
2530 5806 2767 5863 decedite
2794 5807 2857 5859 ab
2884 5804 3169 5868 Ecclesiis;
3200 5817 3321 5855 nam
3340 5802 3453 5870 jus-
