4038 6516
584 432 647 474 CX
656 432 729 473 ιη

1934 416 2451 474 PHOLEGOMENA.

581 534 651 586 sit
684 534 975 598 imperator
1014 542 1073 589 ut
1099 536 1440 593 abdiCemini.
1473 540 1575 594 Alii
1603 552 1631 594 a
1657 540 1930 608 praefectis
1955 552 2143 597 exlur-
2171 542 2217 599 A
2252 543 2423 597 dictus
2460 541 2675 595 animus
2702 536 3060 607 episc0palcm
3093 535 3243 591 adire
3292 535 3605 609 dignitatem
3632 537 3801 606 perli-

583 626 731 690 bati;
783 626 925 694 quod
973 636 1151 682 tamen
1181 630 1426 698 primarii
1471 631 1570 684 viri
1603 647 1706 685 non
1750 633 1875 687 odio
1909 633 2138 703 quodam

584 715 901 785 infensaque
938 719 1117 773 animo
1142 722 1489 788 praestabant,
1539 723 1631 777 sed
1660 732 1721 777 ut
1763 738 1829 777 ne
1852 723 1951 792 ipsi
2002 725 2141 777 inter

581 809 955 879 episcoporum
1017 813 1221 867 amicos
1270 823 1745 883 computarentur,
1808 825 1967 884 atque
2017 815 2140 869 hinc

582 898 719 954 foret
776 901 855 955 sui
922 901 1239 956 criminandi
1298 904 1530 959 occasio.
1584 903 1716 959 Nam
1779 905 1909 974 ipsis
1966 905 2138 973 magi-

580 990 838 1045 stratibus
896 991 1073 1045 missae
1126 991 1316 1046 litterae
1368 1003 1524 1059 sunt,
1586 995 1857 1064 minisque
1926 995 2137 1049 adhibi-

606 1075 657 1135 is
689 1123 703 1143 ,
752 1082 916 1135 multa
1001 1083 1307 1150 pecuniaria
1364 1085 1559 1163 indicta
1587 1128 1602 1151 ,
1642 1086 1740 1140 nisi
1792 1086 1982 1154 singuli
2029 1101 2139 1139 suae

598 1170 818 1226 tiVilaliS
880 1174 1190 1243 episcopum
1256 1177 1603 1244 compelleret
1669 1177 1735 1229 ad
1791 1177 2135 1230 subscriben-

585 1260 730 1314 dum.
763 1260 951 1315 Omnis
1002 1262 1230 1331 denique
1262 1263 1410 1317 locus
1432 1304 1445 1327 ,
1497 1265 1671 1319 omnis
1699 1265 1892 1318 civitas
1931 1275 2137 1317 terrore

583 1360 702 1404 erat
739 1367 801 1404 ac
840 1352 1065 1407 tumultu
1115 1354 1272 1420 plena
1296 1395 1309 1407 .
1348 1356 1470 1407 dum
1511 1355 1703 1422 raptati
1742 1346 1975 1423 episcopi
2020 1354 2137 1423 pel—

582 1443 840 1508 lerentur,
865 1444 1040 1511 populi
1067 1445 1246 1498 omnia
1288 1444 1430 1498 luctu
1475 1446 1866 1514 gemitibusque
1900 1449 2135 1512 comple-

584 1547 725 1590 real.
856 1596 863 1609 λ

653 1629 741 1681 10.
768 1614 891 1682 Haec
916 1637 1069 1681 erant
1106 1629 1387 1682 missorum
1429 1626 1780 1695 palatinorum
1832 1634 1997 1695 gesta.
2032 1626 2134 1679 Ad-

584 1718 813 1771 mirandi
848 1727 1023 1772 autem
1055 1718 1298 1773 homines
1334 1719 1398 1771 iis
1419 1732 1536 1786 qua:
1561 1718 1700 1770 nacti
1736 1725 1861 1769 sunt
1896 1719 2135 1787 patroci-

587 1811 693 1864 niis
736 1810 883 1879 freti,
928 1811 979 1863 in
1012 1826 1076 1865 eo
1104 1811 1198 1864 loti
1231 1818 1388 1864 erant
1421 1818 1475 1863 ut
1508 1808 1642 1861 alios
1681 1807 1959 1875 episcopos
1991 1808 2131 1860 acci-

2247 642 2502 689 mesceret
2528 674 2542 696 ,
2574 648 2692 686 cum
2720 632 2787 684 de
2827 630 3069 697 eligendo
3108 630 3346 683 antistite
3386 629 3665 699 agebatur,
3708 629 3798 683 ubi

2242 727 2471 782 advertit
2519 726 2802 778 inclinatas
2835 723 2885 775 in
2932 737 2986 775 se
3026 722 3264 775 omnium
3289 721 3613 783 voluntates,
3651 721 3797 791 jura-

2240 831 2423 873 mento
2453 818 2617 872 edixit
2648 831 2724 879 se,
2757 816 2798 869 si
2830 814 3167 882 deligeretur,
3198 828 3535 883 nequaquam
3575 815 3783 867 obtem-

2241 922 2575 979 peraturum.
2623 907 2752 959 Cum
2804 915 2980 959 autem
3040 905 3306 956 communi
3345 903 3551 958 calculo
3597 903 3796 958 electus

2243 1001 2453 1061 fuisset,
2488 998 2796 1051 auctoribus
2824 1007 2878 1050 et
2906 996 3347 1050 ‘consnasoribus
3373 996 3653 1049 monachis
3682 980 3798 1061 qui-

2244 1091 2466 1144 busdam
2504 1090 2681 1157 fugam
2718 1087 2885 1149 fecit,
2919 1101 3146 1154 seseque
3191 1086 3498 1139 occultavit.
3550 1086 3627 1139 [ie
3657 1101 3795 1140 com-

2241 1192 2387 1251 perta
2422 1182 2745 1235 Athanasius
2782 1180 2846 1233 de
2895 1178 3013 1246 fuga
3060 1193 3268 1233 summe
3318 1178 3487 1232 doluit
3536 1220 3551 1244 ,
3583 1178 3795 1243 elegan-

2241 1286 2454 1341 temqne
2506 1272 2570 1324 ad
2625 1271 2967 1325 Dracontium
3004 1271 3150 1325 misit
3189 1270 3466 1337 epistolam
3509 1286 3606 1340 per
3639 1271 3797 1324 tabel-

2240 1363 2403 1417 larios
2432 1362 2705 1416 Hieracem
2726 1363 3099 1432 presbyterum
3128 1370 3180 1415 et
3204 1360 3490 1414 Maximum
3514 1362 3793 1421 lectorem.

2231 1456 2412 1524 jussos
2466 1464 2604 1508 utet
2655 1455 2751 1521 ipsi
2795 1454 3210 1508 cohortarentur
3251 1453 3315 1506 ad
3374 1452 3791 1520 remigrandnm.

2239 1547 2419 1600 Multis
2453 1546 2631 1599 aiebat
2681 1546 3023 1609 Athanasius,
3075 1544 3176 1597 sibi
3206 1545 3257 1597 in
3291 1544 3475 1613 primis
3516 1542 3793 1597 oﬂ'ensioni

2238 1655 2375 1718 esse,
2413 1639 2551 1706 quod
2583 1649 2800 1706 propter
2831 1637 3201 1705 impendentes
3234 1635 3494 1691 Ecclesia:
3515 1636 3795 1689 calamita-

2240 1741 2317 1783 tes
2379 1729 2559 1799 fugam
2613 1730 2864 1791 fecisset;
2908 1731 3031 1785 hinc
3082 1730 3319 1784 futurum
3365 1738 3422 1781 ul
3475 1726 3797 1797 episcOpalis

2237 1823 2391 1876 sedes
2446 1836 2475 1874 a
2510 1822 2691 1875 multis
2732 1822 2904 1889 iisque
2948 1821 3208 1890 improbis
3238 1819 3544 1875 hominibus
3584 1820 3806 1873 invade-~

585 1913 705 1957 rent
740 1903 803 1955 ad
830 1903 1227 1971 imperatorem,
1258 1901 1390 1955 alios
1437 1900 1629 1955 litteris
1660 1900 1903 1969 fictisque
1947 1900 2131 1953 crimi-
2165 1880 2205 1933 Β
2240 1923 2407 1976 retur,
2440 1922 2603 1981 mque
2632 1913 2833 1967 eumici
2861 1954 2875 1980 ν
2906 1913 2995 1982 qui
3047 1928 3107 1967 se
3136 1912 3470 1967 Christianos
3522 1911 3638 1965 fore
3673 1926 3794 1979 spo-

584 1995 890 2048 nationibus
929 1994 1425 2055 circumvenirent,
1470 2002 1526 2045 ut
1566 1992 1637 2044 illi
1670 1992 1967 2046 Constantii
2017 1991 2133 2044 vul-

583 2094 694 2138 tum
727 2094 1176 2152 conspeclumque
1199 2124 1213 2143 ,
1260 2084 1310 2135 hi
1348 2083 1581 2151 legatos,
1645 2083 1819 2136 minas
1845 2123 1859 2146 ,
1907 2082 2134 2137 conficta

581 2175 805 2229 crimina
833 2175 1293 2243 pertimescenles.
1325 2176 1532 2242 pariter
1556 2190 1583 2225 a
1615 2183 1763 2227 reeto
1793 2174 1988 2242 pioque
2016 2189 2137 2227 con-

581 2267 704 2321 sitio
733 2278 1111 2322 evocarentur.
1143 2267 1210 2320 lis
1241 2267 1447 2318 artibus
1476 2266 1771 2334 imperator
1805 2276 1911 2317 tam
1946 2267 2138 2321 multos

580 2360 861 2427 episcOpos
897 2359 1152 2428 compulit
1180 2358 1247 2411 ad
1280 2359 1393 2410 haec
1427 2357 1746 2425 proferenda
1784 2357 1983 2411 verba:
2017 2355 2138 2411 Non

584 2448 723 2503 ultra
752 2465 869 2502 cum
900 2450 1187 2503 Athanasio
1216 2450 1679 2502 communicamus.
1728 2447 1862 2501 Nam
1911 2463 2004 2503 eos
2046 2449 2134 2516 qui

583 2557 643 2596 se
697 2541 910 2596 adirent
960 2558 1065 2596 non
1125 2551 1248 2596 ante
1298 2541 1362 2594 ad
1418 2548 1759 2607 conspectum
1824 2540 2140 2592 admittebat

583 2648 758 2696 suum,
793 2648 963 2702 neque
1005 2634 1165 2687 domo
1200 2632 1381 2701 egredi
1424 2631 1730 2686 facultatem
1765 2632 1944 2691 dabat,
1978 2646 2137 2698 quam

584 2725 667 2778 vel
707 2725 1107 2779 subscriberent
1132 2765 1147 2789 ,
1172 2724 1255 2778 vel
1288 2726 1584 2778 abnuentes
1610 2723 1938 2792 pellerentur
1963 2723 2013 2775 in
2047 2738 2141 2776 ex-

585 2816 780 2870 silium.
833 2816 886 2869 id
917 2820 1109 2885 agebat
1138 2826 1317 2870 autem
1347 2856 1362 2880 ,
1393 2831 1593 2883 gnarus
1633 2815 1859 2869 invisam
1890 2816 2140 2869 omnibus

587 2908 832 2961 haeresim
868 2920 984 2959 esse
1017 2925 1030 2959 :
1057 2923 1173 2974 quae
1203 2908 1477 2976 potissima
1509 2922 1670 2962 causa
1723 2907 1823 2962 fuit
1854 2908 1995 2977 quod
2035 2916 2138 2960 tam

589 2997 781 3051 naultos
810 2998 856 3048 vi
892 2998 1277 3066 compelleret,
1311 3008 1367 3053 ut
1394 3000 1578 3068 paucis
1627 3008 2139 3055 annumerarentur.

585 3088 724 3144 Cura
756 3105 963 3143 summa
1002 3100 1163 3159 atque
1206 3092 1507 3147 sollicitudo
1542 3093 1640 3162 ipsi
1679 3102 1797 3147 erat
1826 3094 1928 3146 vim
1962 3094 2135 3147 nomi-

588 3198 711 3236 num
743 3198 847 3236 una
879 3198 1092 3253 cogere,
1128 3199 1246 3237 cum
1290 3194 1348 3237 ut
1380 3185 1637 3238 invidiam
1678 3184 1981 3238 Athanasio
2005 3199 2139 3237 con-

589 3273 743 3329 ﬂaret
770 3318 785 3341 ,
818 3285 925 3329 tum
962 3286 1020 3330 ut
1061 3276 1274 3331 Arianae
1322 3275 1513 3331 haresi
1542 3316 1557 3341 ,
1590 3277 1743 3346 cujus
1770 3274 1986 3329 fervens
2025 3276 2142 3342 ipse

589 3368 783 3421 vindex
818 3378 967 3432 erat,
1002 3366 1237 3435 aliquam
1292 3365 1509 3421 atTerret
1543 3367 1819 3435 dignitatis
1867 3368 2096 3435 speciem
2126 3407 2141 3430 ,

587 3467 734 3512 ratus
766 3459 1045 3512 veritatem
1078 3472 1137 3511 se
1182 3459 1401 3526 perinde
1447 3468 1606 3528 atque
1639 3458 1884 3513 homines
1914 3460 2144 3511 circum-

586 3550 771 3603 venire
801 3562 981 3615 posse;

658 3642 745 3697 i'l.
770 3641 988 3711 Syluani
1026 3640 1263 3708 defectio.
1300 3670 1369 3679 —
1392 3639 1536 3695 inter
1562 3640 1675 3694 haec
1710 3640 1763 3693 in
1790 3639 1978 3695 Galliis
2013 3654 2142 3693 con-

588 3732 708 3803 tigit
741 3734 961 3805 Sylvani
1017 3732 1251 3787 defectio
1279 3773 1292 3793 ,
1327 3733 1417 3803 qui
1463 3733 1531 3787 ab
1576 3733 1818 3788 exercitu
1852 3735 2145 3801 imperator

585 3838 668 3883 est
698 3829 1065 3895 inauguratus.
1109 3822 1183 3876 Ea
1220 3839 1307 3878 res
1361 3824 1732 3879 Constantium
1793 3826 1843 3878 in
1877 3840 2143 3880 summam

587 3919 794 3974 consilii
821 3919 1051 3987 inopiam
1081 3920 1642 3988 perturbationemque
1672 3920 1921 3989 conjecit.
1940 3921 2142 3973 Aleum

587 4013 677 4065 ille
708 4012 1043 4080 interpositis
1073 4011 1404 4084 vigintiocto
1429 4020 1548 4079 post
1574 4012 1929 4067 defectionem
1958 4012 2146 4065 diebus

591 4106 657 4159 ab
687 4102 938 4159 Ursicino
969 4102 1321 4157 obtruncatus
1349 4112 1513 4168 esset,
1563 4104 1759 4173 ingenti
1793 4102 2146 4159 Constantius

594 4204 737 4249 metu
775 4194 1030 4251 liberatus
1062 4202 1163 4248 est.

660 4290 750 4343 12.
800 4287 937 4342 Dum
968 4288 1022 4342 hi
1074 4301 1171 4358 per
1209 4296 1377 4343 totum
1408 4287 1591 4342 orbem
1619 4300 1815 4355 motus,
1859 4290 1941 4343 lue
1974 4288 2146 4342 turba:

589 4381 810 4443 dantur,
839 4379 1163 4434 Athanasius
1177 4378 1513 4434 Alexandriae
1544 4379 1684 4433 haud
1718 4380 1837 4433 sine
1874 4388 2016 4432 metu
2045 4380 2146 4433 im-

585 4473 871 4541 pendentis
902 4472 1124 4541 periculi
1176 4474 1512 4537 versabatur,
1564 4471 1741 4543 populi
1797 4470 2047 4539 praesidio
2093 4478 2146 4524 et

587 4580 773 4621 amore
818 4574 965 4620 lutns
1008 4564 1077 4618 ab
1126 4564 1336 4619 insidiis
1372 4565 1693 4618 Arianorum
1739 4580 1751 4614 :

587 4656 852 4711 machinis
879 4664 1038 4710 erant
1064 4664 1120 4711 et
1164 4657 1449 4711 calumniis
1475 4654 1746 4710 struendis
1775 4652 1991 4717 intenti,
2035 4667 2140 4720 quo

584 4746 756 4800 virum
791 4747 924 4799 urbe
950 4745 1212 4813 pellerent
1232 4756 1286 4801 et
1316 4746 1765 4801 exterminarent.

654 4838 739 4891 15.
784 4836 1100 4891 Dracontius
1138 4840 1194 4890 in
1222 4839 1514 4907 episcopum
1544 4838 1761 4891 allectus
1793 4837 1949 4905 fugit.
1978 4833 2139 4888 Revo-

583 4936 736 4982 catur
767 4929 831 4982 ab,
861 4928 1172 4983 Athanasio.
1201 4959 1273 4981 -τ-
1310 4929 1524 4982 Accidit
1575 4938 1753 4983 antem
1790 4930 1974 4997 paucis
2015 4937 2143 4982 ante

584 5017 899 5074 Paschalem
953 5019 1345 5075 solemnitatem
1395 5021 1582 5074 diebus
1636 5020 1793 5086 huius
1820 5060 1835 5082 ,
1872 5028 1929 5071 ut
1961 5020 2143 5088 opina-

586 5124 725 5172 mur,
762 5111 909 5175 anni,
937 5120 995 5163 ut
1030 5120 1255 5165 vacante
1285 5111 1410 5165 sede
1438 5110 1778 5178 Hermopolis
1807 5124 2000 5177 parvae,
2025 5124 2143 5176 quae

582 5202 819 5271 parmcia
854 5203 1143 5256 maximam
1196 5201 1543 5258 Alexandrini
1597 5201 1710 5269 agri
1746 5211 1955 5269 partem
1993 5213 2142 5253 com-

583 5291 935 5360 plectebatur,
984 5293 1306 5348 Dracontius
1355 5292 1572 5359 quidam
1607 5291 1904 5345 monachus
1932 5300 1986 5343 et
2024 5304 2136 5343 mo-

531 5382 545 5391 ’
582 5384 878 5438 meliorum
900 5383 1201 5456 ἡγούμενος
1235 5385 1285 5435 in
1316 5384 1621 5451 episcOpuin
1650 5381 1766 5447 eius
1798 5380 1896 5433 loci
1928 5396 2142 5449 promo-

582 5486 816 5529 veretur.
856 5476 920 5531 Et
952 5477 1166 5545 quidem
1204 5474 1367 5527 tantis
1398 5482 1516 5526 erat
1548 5472 1637 5524 ille
1663 5470 1980 5539 populorum
2008 5472 2144 5524 votis

581 5569 870 5638 expetitus,
900 5579 961 5623 ut
995 5567 1225 5637 gentiles
1257 5565 1420 5618 etiam
1448 5578 1503 5615 se
1533 5563 1866 5617 Christianos
1894 5562 2006 5615 fore
2030 5563 2145 5630 pol-

581 5655 895 5725 licerentur,
929 5660 1054 5713 dum
1091 5657 1416 5712 Dracontius
1443 5666 1585 5709 esset
1616 5656 1919 5723 episcopus.
1946 5655 1992 5708 ls
2020 5671 2145 5710 vero

581 5748 697 5803 sive
726 5748 1055 5803 imminentis
1102 5748 1413 5802 Christiano
1456 5748 1648 5815 populo
1673 5747 1994 5801 calamitatis
2050 5750 2138 5800 de-

585 5836 845 5891 clinanda:
874 5852 1036 5892 causa
1067 5877 1079 5902 ,
1116 5839 1227 5892 sive
1256 5840 1395 5906 quod
1433 5839 1730 5893 monachali
1783 5839 2025 5894 instituto
2059 5839 2146 5893 ad-

2238 2007 2572 2073 pondissent,
2605 2007 2659 2060 in
2703 2005 2964 2060 idolorum
2996 2005 3139 2059 cultu
3177 2013 3603 2074 perseverarent.
3639 2002 3797 2056 Mina-

2240 2098 2602 2167 baturjudicii
2624 2097 2789 2160 diem,
2811 2097 2911 2151 nisi
2951 2097 3172 2151 vocanti
3211 2095 3439 2149 Domino
3464 2096 3795 2163 obsequere-

2242 2202 2345 2244 tur.
2393 2190 2446 2244 Si
2475 2190 2641 2255 enim,
2679 2189 2872 2257 inquit,
2907 2190 3093 2243 eadem
3139 2202 3326 2241 omnes
3375 2200 3587 2255 semper
3622 2198 3801 2239 mense

2239 2282 2483 2345 inissent,
2507 2296 2610 2349 qua
2646 2281 2854 2333 ratione
2881 2278 3222 2333 Christianus
3255 2288 3307 2332 tu
3331 2293 3503 2344 esses,
3546 2293 3655 2332 non
3695 2294 3793 2332 ex-

2241 2374 2509 2427 stantibus
2534 2372 2844 2441 episcopis?
2885 2372 2950 2425 Et
2979 2372 3020 2425 si
3053 2371 3142 2440 qui
3178 2380 3302 2437 post
3336 2370 3499 2424 futuri
3525 2381 3676 2438 sunt,
3703 2387 3796 2425 eo—

2242 2463 2363 2516 dem
2394 2463 2572 2516 animo
2616 2462 2834 2528 fuerint,
2862 2477 2966 2530 qua
3003 2462 3212 2515 ratione
3246 2469 3495 2516 constare
3540 2463 3800 2515 valebunt

2244 2552 2497 2609 Ecclesia:
2533 2554 2556 2607 ἲ
2586 2553 2786 2608 Deinde
2834 2554 3078 2621 exemplo
3135 2551 3353 2624 Moysis,
3398 2551 3544 2619 Eliae,
3598 2552 3798 2612 Elisaei.

2242 2654 2299 2699 et
2327 2644 2733 2714 apostolorum,
2766 2645 2857 2713 qui
2902 2643 3220 2712 gravissima
3276 2642 3402 2696 olim
3453 2658 3551 2712 pro
3610 2643 3801 2711 pepulo

2244 2736 2336 2791 Dei
2395 2738 2581 2791 subire
2636 2737 2955 2802 certamina,
3001 2745 3055 2789 et
3099 2735 3289 2804 capitis
3318 2736 3612 2805 periculum
3653 2735 3805 2789 adire

2245 2842 2348 2882 non
2379 2836 2784 2889 recusaverant,
2818 2826 3168 2880 Dracontium
3203 2826 3295 2880 ille
3321 2826 3387 2879 ad
3421 2825 3654 2880 delatum
3683 2840 3798 2878 mu-

2244 2932 2344 2971 nus
2382 2932 2637 2971 revocare
2670 2916 2880 2979 nititur,
2906 2925 2959 2968 et
2989 2916 3054 2969 ad
3087 2914 3430 2970 calamitates
3450 2914 3652 2968 Christi
3683 2930 3803 2986 gre-

2245 3011 2430 3080 gisqtle
2453 3010 2536 3063 sui
2566 3023 2727 3063 causa
2756 3007 3106 3077 perferendas
3134 3007 3466 3061 cohortatur.
3498 3005 3796 3061 Monachus

2244 3103 2369 3156 item
2399 3109 2667 3164 recenset,
2707 3102 2796 3170 qui
2838 3100 2901 3154 ad
2931 3100 3294 3169 episcopatum
3320 3099 3573 3168 promoti,
3602 3099 3654 3151 id
3683 3114 3810 3153 one-

2247 3194 2321 3247 ris
2353 3208 2474 3247 cum
2524 3193 2679 3246 laude
2727 3191 3150 3260 populorumque
3191 3189 3549 3244 emolumento
3594 3190 3805 3258 perfer-

2251 3295 2388 3339 rent.
2419 3284 2583 3338 Erant
2612 3286 2644 3337 ii
2676 3283 2915 3352 Apollas,
2947 3284 3193 3352 Agathon
3222 3323 3237 3347 ,
3282 3282 3500 3336 Ariston
3532 3321 3546 3344 ,
3580 3281 3805 3337 Ammo-

2246 3376 2387 3439 nius,
2420 3374 2573 3435 Muis,
2604 3374 2822 3428 Paulus.
2877 3374 2987 3428 Non
3037 3384 3144 3427 tam
3197 3373 3560 3428 conditionem
3610 3374 3805 3443 ipsam,

2246 3483 2405 3536 quam
2431 3465 2729 3521 institutum
2767 3468 2879 3519 veri
2907 3467 3154 3521 monachi
3196 3466 3603 3534 amplexandum
3650 3482 3817 3532 esse;

2247 3557 2387 3627 quod
2419 3566 2673 3627 praestare
2696 3555 2858 3610 etiam
2894 3556 3153 3625 episeopo
3183 3555 3388 3610 liceret.
3418 3554 3600 3625 Carpit
3621 3569 3815 3611 autem.

2246 3648 2564 3711 monachos,
2609 3648 2698 3715 qui
2744 3647 3037 3701 Dracontio
3071 3646 3331 3714 ejusmodi
3388 3646 3522 3716 fugae
3551 3659 3805 3702 auctores

2247 3739 2492 3794 fuissent.
2552 3738 2809 3793 Hortatur
2868 3751 2924 3791 ut
2987 3747 3220 3793 maturet
3293 3739 3583 3807 parmciam
3658 3739 3813 3794 adire

2246 3847 2395 3886 suam
2428 3870 2444 3895 ,
2484 3846 2602 3883 cum
2647 3831 2877 3884 maxime
2917 3830 3082 3884 instet
3129 3829 3408 3883 Paschalis
3451 3829 3769 3883 solemnitas
3794 3848 3814 3883 ι

2246 3938 2313 3977 ne
2365 3922 2539 3992 populi
2598 3924 2650 3976 in
2708 3922 2987 3977 laetissimo
3037 3922 3451 3977 resurrectionis
3514 3922 3652 3976 festo
3710 3922 3813 3975 ah-

2245 4023 2447 4067 sentem
2523 4012 2742 4067 doleant
2808 4022 3080 4082 pastorem
3149 4027 3326 4067 suum.
3377 4010 3470 4065 His
3524 4012 3812 4065 Athanasii

2245 4104 2598 4159 hortamentis
2672 4104 2838 4159 cessit
2900 4104 3258 4167 Dracontius,
3312 4116 3413 4157 nec
3472 4101 3564 4154 diu
3620 4113 3812 4172 postea

2244 4212 2343 4268 pro
2369 4197 2631 4252 catholica
2677 4196 2780 4252 fide
2834 4196 2887 4250 in
2936 4195 3189 4251 exsilium
3238 4195 3306 4252 ab
3360 4194 3580 4249 Arianis
3622 4196 3818 4265 pulsus

2243 4300 2344 4347 est.

2315 4383 2405 4437 M.
2454 4381 2789 4435 Constantius
2840 4380 3103 4435 Liberium
3156 4398 3186 4433 a
3243 4382 3503 4448 proposito
3550 4380 3819 4433 dimovere

2248 4486 2431 4532 tentat.
2456 4506 2523 4516 ——
2554 4475 2921 4540 Constantius,
2952 4484 3027 4528 tot
3060 4474 3225 4543 pulsis
3258 4473 3543 4542 episcopis,
3580 4474 3820 4527 Ariano-

1804 4562 1893 4630 qui
1931 4574 2143 4627 semper
2174 4581 2218 4635 ι)
2252 4579 2367 4617 rum
2415 4563 2639 4616 consilio
2683 4562 2953 4616 Liberium
3009 4562 3334 4631 aggreditur.
3384 4560 3517 4615 Cum
3562 4562 3821 4615 adverte-

2252 4664 2373 4709 rent
2397 4654 2538 4708 enim
2564 4668 2683 4706 eum
2724 4668 2869 4707 same
2904 4654 3170 4707 doctrina:
3195 4652 3454 4706 cultorem
3492 4665 3630 4712 esse,
3652 4651 3824 4707 Atha-

2252 4748 2408 4802 nasio
2439 4746 2791 4817 patrocinari,
2826 4745 3103 4799 erroribus
3144 4743 3420 4798 adversari
3458 4744 3572 4797 suis
3600 4785 3613 4808 ,
3649 4758 3824 4811 seque

2250 4850 2309 4893 ut
2338 4839 2617 4893 haereticos
2657 4837 2853 4905 ubique
2889 4836 3132 4890 locorum
3178 4834 3493 4899 traducere;
3530 4834 3633 4887 rati
3663 4833 3823 4901 impii

2248 4930 2490 4983 homines
2514 4945 2592 4992 se,
2618 4929 2662 4983 si
2694 4928 2966 4982 Liberium
3016 4927 3317 4981 snbornare
3362 4933 3602 4994 possent,
3627 4939 3826 4978 omnes

2251 5020 2392 5075 illico
2426 5028 2796 5090 superaturos,
2834 5018 3011 5072 virum
3047 5019 3184 5088 apud
3211 5020 3590 5087 imperatorem
3628 5018 3827 5071 crimis-

2251 5122 2465 5166 nantur.
2506 5111 2594 5165 llle
2626 5126 2755 5166 vero
2788 5124 3014 5180 sperans
3045 5124 3102 5163 se
3124 5108 3318 5164 Liberii
3343 5122 3506 5176 opera
3538 5109 3831 5177 quampri-

2250 5218 2393 5258 mum
2423 5218 2611 5259 omnes
2661 5203 2761 5257 sibi
2807 5201 3215 5256 conciliaturum
3241 5240 3257 5265 ,
3295 5215 3417 5254 cum
3458 5198 3656 5254 litteris
3695 5215 3835 5269 spao

2250 5295 2439 5347 donem
2468 5294 2753 5361 quemdam
2785 5291 3008 5345 Romam
3042 5292 3207 5345 mittit
3240 5289 3531 5344 Eusebium
3571 5291 3826 5355 nomine,

2251 5382 2338 5449 qui
2394 5382 2691 5450 principem
2746 5383 2887 5433 inter
2937 5380 3214 5434 eunuchos
3252 5379 3531 5433 obtinebat
3585 5380 3823 5444 loc-tm;

2250 5474 2386 5529 dona
2431 5476 2707 5534 ferentem,
2739 5482 2799 5526 nt
2830 5472 3097 5528 Liberium
3129 5472 3440 5525 muneribus
3469 5480 3729 5535 tentaret,
3759 5488 3828 5526 ac

2253 5564 2296 5618 si
2325 5566 2499 5617 minus
2527 5564 2661 5616 dona
2693 5572 2929 5631 possent,
2967 5563 3161 5615 additis
3196 5562 3494 5614 litterarum
3527 5563 3693 5615 minis
3721 5577 3831 5630 op-

2257 5664 2420 5706 tatum
2451 5654 2607 5704 ﬁnem
2634 5660 3037 5719 assequeretur.
3069 5649 3347 5703 Profectus
3376 5650 3602 5703 Romam
3624 5650 3827 5719 spado,

2256 5744 2519 5813 principio
2548 5752 2741 5796 auctor
2771 5753 2887 5795 erat
2916 5742 3156 5810 pontifici
3202 5750 3258 5792 ut
3286 5740 3547 5794 adversus
3578 5742 3832 5796 Athana-

2257 5837 2392 5891 siam
2437 5834 2745 5903 sntfraginm
2779 5834 3037 5888 scriberet
3065 5846 3184 5885 cum
3215 5831 3541 5901 Arianisque
3574 5846 3830 5887 cominu-
