4038 6546
1512 408 1673 484 κτιτΑ
1719 408 1775 460 s.
1817 405 2210 462 ATHANASII.

3294 420 3463 461 CXXIII

180 513 351 567 πιαίνει
382 530 398 566 :
434 513 498 570 id
537 528 887 589 exoptare,
926 524 1183 593 idjubere
1216 527 1617 595 imperatorem.
1663 528 1799 582 llinc
1828 532 1875 586 Α
1904 528 2069 580 Roma
2121 540 2337 597 quoque
2397 525 2598 582 Christi
2656 526 2885 581 hostium
2949 527 3335 582 immanitatem
3372 543 3466 582 ex-

182 604 343 660 oblatis
396 612 796 670 muneribus
852 619 1197 682 hortabatur,
1244 636 1544 688 manusque
1595 620 1797 675 Liberii

186 705 517 755 contrectans
567 705 796 762 aiebat
847 728 863 763 :
927 727 945 761 ι
987 710 1299 779 Imperatori
1350 713 1703 780 obtempera,
1746 722 1801 765 et

186 788 271 843 hec
299 790 518 859 accipe.
587 812 610 845 ι
673 796 1012 869 Episcopus
1053 810 1238 855 contra
1270 802 1592 869 compellare
1625 802 1801 856 homi-

190 895 305 944 nem,
332 890 387 935 et
422 882 563 939 haec
594 887 937 944 adversum
965 892 1143 947 dicere
1176 910 1189 946 :
1217 892 1333 947 Non
1373 908 1531 961 posse
1554 894 1797 947 damnari

158 970 559 1053 jAthanasium,
584 992 781 1044 quem
820 997 935 1035 non
974 998 1077 1036 una
1106 984 1385 1046 duntaxat,
1424 984 1518 1038 sed
1548 992 1604 1038 et
1629 987 1796 1038 altera

194 1066 399 1133 synodus
430 1081 663 1134 purum
706 1072 1124 1143 innoxiumque
1154 1075 1585 1145 promulgassel;
1638 1090 1799 1143 quem

196 1154 403 1210 Romana
431 1161 713 1229 synodus
754 1179 896 1220 cum
937 1179 1068 1233 pace
1111 1165 1422 1232 dimisisset,
1455 1180 1666 1233 aequum
1695 1180 1799 1219 non

201 1265 297 1306 esse
328 1267 357 1305 a
393 1267 461 1309 se
487 1252 781 1311 Romano
836 1259 1097 1328 pontiﬁce
1128 1258 1493 1313 condemnari.
1537 1258 1593 1312 Si
1633 1259 1801 1329 impe-

200 1344 340 1397 ratori
394 1352 601 1400 tamen
662 1348 937 1418 placeret
990 1350 1235 1419 abrogari
1270 1364 1387 1418 qua:
1433 1350 1647 1403 fuerant
1706 1366 1801 1419 pro

203 1435 480 1491 Athanasio
538 1441 937 1511 conscripta,
999 1442 1152 1497 irrita
1201 1455 1415 1511 quoque
1452 1441 1629 1496 forent
1684 1458 1801 1510 qua:

206 1527 448 1583 adversus
474 1543 616 1582 eum
649 1539 858 1601 gesta,
892 1541 1055 1601 atque
1082 1533 1276 1587 litteris
1312 1532 1563 1586 mandata
1594 1542 1799 1597 essent,

206 1633 255 1673 ac
277 1620 337 1673 de
367 1619 600 1691 integro
633 1636 736 1677 res
771 1624 831 1677 in
864 1625 1074 1695 synodo
1115 1636 1381 1695 ageretur,
1415 1625 1603 1694 procul
1649 1626 1801 1694 pala-

204 1709 285 1772 tio,
314 1710 404 1764 ubi
441 1726 561 1765 non
588 1711 943 1782 imperator,
972 1730 1076 1769 non
1105 1714 1335 1770 forensis
1360 1714 1549 1784 judex,
1573 1732 1677 1770 non
1712 1733 1801 1771 co-

200 1816 301 1855 mes
325 1840 339 1863 ,
371 1801 530 1856 nulla
570 1803 818 1858 demum
850 1815 1109 1861 extranea
1144 1807 1370 1862 formido
1423 1808 1635 1863 adesset
1658 1846 1674 1869 ,
1707 1808 1798 1862 sed

198 1907 253 1946 ex
278 1892 389 1947 solo
422 1892 528 1948 Dei
568 1894 794 1951 timore
822 1895 1118 1952 ederentur
1147 1898 1326 1952 omnia
1363 1916 1375 1951 :
1405 1913 1468 1952 ac
1491 1899 1665 1967 primo
1694 1900 1807 1953 exi-
1836 1877 1877 1931 Β

200 1996 449 2055 gerentur
479 1985 696 2043 Ariani
727 2030 745 2055 ,
800 1999 993 2060 utpote
1031 2006 1059 2044 a
1092 1990 1305 2045 Nicrena
1345 1994 1547 2061 synodo
1576 1994 1804 2048 anathe-

198 2089 332 2133 mate
357 2082 661 2149 percussi,
700 2080 889 2137 aditus
919 2084 1096 2138 omnis
1122 2085 1186 2140 ad
1214 2086 1517 2155 bujusmodi
1543 2087 1803 2156 synodum

197 2181 333 2225 esset
356 2173 661 2227 haereticis
694 2174 1053 2239 interclusus,
1087 2185 1274 2246 postea
1302 2178 1367 2230 de
1400 2177 1507 2230 reis
1530 2185 1803 2246 ageretur,

197 2270 252 2314 ut
272 2270 461 2316 sontes
486 2277 705 2333 poenas
733 2262 973 2328 luerent,
995 2263 1229 2319 insontes
1259 2264 1410 2318 liberi
1448 2264 1653 2319 dimissi
1696 2274 1807 2319 tuto

196 2356 587 2413 consisterent
641 2358 703 2413 in
751 2358 983 2414 sedibus
1024 2358 1158 2413 suis.
1198 2360 1323 2413 llaec
1361 2357 1672 2427 imperatori
1724 2372 1808 2411 re-

196 2451 503 2517 nuntiaret,
542 2460 922 2521 moneretque
951 2460 1010 2504 ut
1060 2465 1124 2503 ne
1151 2465 1334 2504 aurem
1368 2449 1507 2503 ultra
1543 2449 1811 2518 praeberet

206 2541 435 2597 Ursacio
465 2553 527 2599 et
562 2542 813 2605 Valenti,
871 2544 966 2613 qui
1021 2559 1141 2598 cum
1173 2542 1239 2596 de
1266 2541 1423 2597 rebus
1472 2551 1596 2595 ante
1645 2541 1809 2609 gestis

203 2633 599 2699 prnuitentiam
651 2634 943 2704 egissent,
990 2634 1104 2703 jam
1153 2633 1295 2687 nulla
1340 2644 1527 2689 essent
1577 2635 1681 2689 ﬁde
1724 2634 1803 2687 di-

208 2738 323 2791 gul.

284 2816 373 2872 15.
405 2816 541 2873 Hac
585 2816 797 2872 Liberii
839 2819 986 2872 dicta
1016 2817 1232 2889 indigne
1276 2817 1453 2874 ferens
1485 2822 1670 2890 spado,
1702 2836 1807 2875 non

217 2914 329 2962 tam
352 2912 500 2979 quod
526 2911 587 2965 in
617 2910 989 2965 Athanasium
1014 2911 1349 2967 subscribere
1367 2913 1693 2969 detrectaret
1711 2914 1809 2983 (a),

220 3014 381 3069 quam
410 3001 566 3072 quod
604 3001 759 3055 illum
796 3003 994 3057 haeresi
1041 3003 1403 3058 adversarium
1441 3005 1811 3073 comperisset,

223 3094 364 3148 nihil
418 3096 703 3151 reveritus
755 3098 1098 3165 episcopum,
1154 3096 1352 3150 acriter
1403 3097 1802 3164 interminatus,

1902 630 2094 688 perta,
2156 634 2218 673 re
2276 619 2391 688 ipsa
2444 621 2593 673 novit
2647 634 2763 687 quae
2811 620 2901 671 vix
2955 628 3078 673 ante
3129 621 3465 684 crediderat,

1904 723 2024 762 cum
2051 722 2268 763 rumore
2293 709 2484 763 nuntio
2511 708 2719 761 audiret
2751 718 3007 776 quantam
3036 711 3246 765 caeteris
3274 709 3466 763 Eccle-

1904 801 2001 855 siis
2029 802 2364 873 singulisque
2400 802 2622 856 urbibus
2652 800 2799 869 impii
2828 800 2904 854 illi
2950 801 3258 857 intulissent
3298 803 3467 856 vasti-

1901 902 2083 947 tatem.

1972 984 2060 1041 16.
2122 985 2361 1041 Liberius
2401 989 2469 1041 ad
2516 988 2878 1055 imperatorem
2938 987 3188 1041 trahitur.
3232 1016 3299 1025 —
3331 985 3465 1039 Cum

1901 1079 2083 1149 itaque
2129 1078 2480 1135 Constantius
2515 1082 2736 1147 litteris,
2773 1079 3324 1143 interminationibus,
3353 1078 3469 1146 jus-

1902 1174 1977 1229 sis
2028 1174 2259 1229 instaret
2297 1186 2615 1245 urgeretque
2674 1174 2998 1243 profectum,
3054 1172 3301 1226 Liberius
3348 1180 3468 1223 tan-

1902 1266 2022 1321 dem
2070 1265 2146 1335 (b)
2179 1275 2407 1320 curante
2438 1264 2665 1320 Leontio
2712 1266 2895 1320 Roma‘
2921 1262 3171 1333 praefecto
3198 1261 3263 1314 ad
3308 1261 3469 1328 impev

1902 1367 2138 1411 ratorem
2188 1357 2453 1423 trahitur;
2490 1357 2764 1426 multaque
2805 1372 2931 1411 usus
2969 1353 3217 1423 loquendi
3251 1351 3465 1414 ﬁducia,

1907 1468 1926 1499 ε
1957 1448 2169 1513 Desine,
2207 1448 2401 1517 inquit,
2418 1446 2753 1503 Christianos
2774 1461 2990 1510 vexare,
3014 1460 3079 1504 ne
3101 1454 3283 1497 nostra
3308 1456 3468 1511 opera

1901 1554 2062 1595 cures
2087 1539 2419 1609 impietatem
2451 1539 2797 1592 introducere
2834 1536 2886 1590 in
2918 1536 3239 1590 Ecclesiam.
3270 1531 3468 1587 Sumus

1902 1645 2038 1686 sane
2075 1630 2141 1684 ad
2178 1630 2357 1685 omnia
2386 1629 2663 1685 toleranda
2706 1628 2878 1696 parati
2942 1627 3125 1696 potius
3156 1639 3317 1695 quam
3346 1638 3468 1677 cum

1902 1723 2255 1777 Ariomanitis
2323 1736 2762 1778 annumeremur.
2833 1719 2910 1774 Ne
2972 1734 3071 1773 nos
3133 1717 3471 1772 Christianos

1907 1831 2070 1887 cogas
2100 1816 2535 1872 christomachos
2567 1813 2817 1868 evadere.
2860 1812 3120 1864 Auctores
3146 1808 3234 1863 tibi
3262 1822 3469 1869 sumus,

1907 1923 1975 1964 ne
2002 1908 2199 1965 bellum
2250 1921 2465 1963 moveas
2518 1906 2569 1959 in
2606 1920 2726 1960 eum
2761 1905 2855 1974 qui
2888 1904 2991 1958 hoc
3033 1902 3128 1955 tibi
3187 1899 3471 1967 imperium

1908 2002 2149 2069 tradidit,
2195 2015 2297 2057 neu
2342 2000 2645 2070 gratiarum
2692 1996 2925 2051 actionis
2977 1994 3097 2048 loco
3143 1991 3471 2059 impietatem

1907 2095 2008 2165 ipsi
2046 2093 2272 2149 referas.
2300 2092 2376 2146 Ne
2403 2089 2762 2145 calamitatem
2796 2087 2863 2142 iis
2889 2085 3091 2141 inieras
3122 2084 3212 2152 qui
3238 2083 3291 2136 in
3317 2081 3474 2136 Chri-

1908 2195 2051 2241 stum
2089 2187 2339 2251 credunt,
2371 2197 2440 2238 ne
2480 2185 2595 2253 ipse
2622 2195 2840 2251 quoque
2886 2178 3076 2232 audias
3120 2196 3131 2229 :
3167 2175 3371 2229 Durum
3396 2184 3472 2229 ert

1909 2281 2005 2335 tibi
2051 2290 2235 2333 contra
2284 2276 2553 2332 stimulum
2598 2274 2874 2328 calcitrare
2912 2272 2950 2324 ί.
3001 2269 3105 2324 Sed
3142 2268 3346 2322 utinam
3379 2283 3474 2320 au-

1910 2389 2021 2430 rem
2050 2372 2318 2443 praebeas,
2353 2384 2418 2425 ac
2448 2378 2506 2423 tu
2539 2382 2755 2438 quoque
2786 2363 3238 2434 quemadmodum
3285 2361 3477 2415 beatus

1908 2464 2108 2521 Paulus
2136 2476 2341 2518 morem
2391 2461 2578 2530 geras!
2633 2458 2772 2513 Ecce
2805 2456 3087 2517 adsumus,
3120 2452 3474 2515 accessimus,

1908 2557 1993 2613 vel
2052 2565 2341 2626 antequam
2395 2555 2601 2609 crimen
2656 2550 2731 2605 illi
2785 2547 3294 2604 comminiscantur.
3350 2542 3476 2595 Ideo

1911 2648 2343 2719 properavimus,
2392 2645 2547 2714 gnari
2602 2643 2729 2697 licet
2762 2656 2791 2694 a
2844 2647 2898 2695 te
2957 2637 3111 2693 nobis
3158 2640 3477 2703 exspectan-

1911 2739 2037 2793 dum
2074 2737 2323 2792 exsilium
2368 2748 2507 2797 esse,
2549 2742 2608 2786 ut
2638 2739 2765 2785 ante
2812 2728 3095 2783 conﬁctam
3142 2720 3478 2779 criminatio-

1914 2845 2035 2885 nem
2077 2829 2414 2890 damnemur,
2453 2823 2775 2893 cunctisque
2816 2817 3092 2890 propalam
3138 2816 3206 2869 sit
3241 2810 3355 2883 pari
3392 2824 3478 2864 ra-

1916 2922 2059 2975 tione
2093 2933 2216 2974 cum
2241 2916 2363 2971 aliis
2393 2928 2573 2970 actum
2600 2929 2741 2978 esse,
2770 2911 3063 2979 oblataque
3086 2906 3218 2976 ipsis
3246 2902 3473 2959 crimina

1914 3010 2165 3065 similiter
2204 3006 2434 3064 conﬁcta
2481 3004 2549 3059 ab
2583 3003 2816 3059 inimicis
2851 3002 3051 3063 fuisse;
3090 3008 3316 3064 quorum
3362 3008 3481 3047 om»

1915 3102 2002 3156 nia
2033 3100 2177 3155 dicta
2223 3097 2359 3152 nihil
2408 3096 2513 3150 nisi
2548 3094 2848 3159 calumniae,
2902 3088 3031 3142 nihil
3064 3088 3167 3141 nisi
3195 3086 3479 3141 mendacia

225 3199 351 3237 cum
396 3184 559 3240 donis
597 3184 882 3250 abscedit;
927 3184 1295 3255 nefariamque
1338 3200 1449 3240 rem
1483 3188 1812 3256 aggreditur,
1840 3177 1882 3235 C
1917 3192 2085 3247 fuere.

226 3278 542 3334 Christiano
588 3279 811 3335 homine
866 3278 1168 3348 indignam,
1208 3288 1263 3334 et
1314 3279 1537 3348 majoris
1580 3282 1818 3338 audacia.

228 3386 392 3442 quam
445 3387 572 3443 qua:
605 3373 906 3443 Spadonem
965 3372 1170 3428 deceat.
1210 3372 1489 3438 Profectus
1547 3374 1688 3428 enim
1751 3376 1817 3430 ad

230 3468 560 3538 martyrium
614 3464 761 3520 Petri
798 3463 1060 3532 apostoli,
1109 3464 1248 3518 dona
1296 3465 1406 3529 illic
1438 3465 1703 3534 apposuit.
1738 3465 1817 3520 Re

234 3566 511 3628 comperta
560 3556 813 3612 Liberius
879 3554 1089 3608 in-loci
1120 3555 1393 3610 custodem
1424 3555 1665 3625 graviter
1696 3572 1819 3611 suc-

236 3661 421 3707 censet
464 3651 616 3722 quod
652 3664 758 3704 non
804 3644 1182 3718 prohibuisset
1229 3646 1499 3699 hominem
1538 3664 1550 3699 :
1599 3647 1819 3715 ipsaque

235 3747 395 3811 dona,
434 3744 596 3815 quasi
642 3742 896 3797 illicitum
935 3737 1284 3803 sacriﬁcium,
1316 3738 1522 3807 abiicit.
1557 3738 1685 3805 Quae
1732 3754 1819 3793 res

238 3846 535 3893 castratum
577 3824 967 3889 vehementius
1005 3831 1073 3883 ad
1108 3829 1245 3883 iram
1296 3829 1607 3883 concitavit.
1645 3829 1822 3895 Quare

239 3928 507 3999 profectus
553 3927 623 3982 ad
679 3926 1074 3994 imperatorem
1130 3922 1194 3974 de
1223 3918 1423 3973 Liberii
1466 3920 1517 3973 in
1567 3918 1817 3973 Arianam

242 4019 485 4075 heresim
515 4017 646 4074 odio
675 4021 1037 4083 conquestus,
1065 4010 1376 4079 juvantibus
1411 4011 1624 4065 creteris
1655 4025 1824 4064 eunu-

240 4114 372 4177 chis,
398 4125 568 4184 penes
598 4123 740 4179 quos
771 4115 887 4161 tum
943 4119 1152 4157 summa
1197 4118 1376 4156 rerum
1426 4114 1566 4167 erat,
1593 4118 1820 4172 quorum

245 4208 325 4262 vis
352 4217 406 4262 et
431 4204 664 4261 audacia
698 4200 875 4255 multa
915 4196 972 4249 in
1020 4196 1343 4249 Arianorum
1372 4196 1602 4262 gratiam
1637 4195 1823 4248 molie-

242 4295 409 4361 batur,
436 4295 719 4349 hominem
759 4289 1120 4356 impotentem
1152 4285 1203 4337 in
1232 4285 1468 4337 furorem
1496 4284 1625 4354 agit.
1648 4282 1823 4338 Litte-

244 4400 324 4441 ras
348 4388 512 4457 igitur
535 4383 777 4439 Romam
809 4375 1221 4449 quamprimum
1246 4375 1413 4428 mittit
1450 4392 1463 4429 :
1501 4390 1823 4445 rursumque

244 4480 480 4549 palatini,
521 4474 724 4534 notarii
755 4481 811 4527 et
840 4468 1073 4525 comites
1100 4467 1166 4522 ad
1202 4467 1253 4522 id
1284 4467 1484 4537 negotii
1515 4466 1619 4523 iter
1649 4468 1822 4523 susci-

244 4574 399 4643 piunt.
429 4574 663 4630 Litteris
689 4564 1004 4638 praefectus
1031 4561 1183 4616 urbis
1230 4560 1471 4627 jubetur,
1519 4571 1613 4616 aut
1666 4560 1825 4616 Libe-

246 4670 367 4723 rium
402 4668 524 4724 dolo
561 4665 751 4720 Roma
788 4656 1125 4713 subductum
1162 4652 1214 4706 in
1259 4662 1435 4707 castra
1468 4654 1822 4718 transmittat,

240 4773 321 4817 aut
370 4765 417 4819 vi
472 4768 671 4833 aperta
739 4747 1206 4819 comprehensum
1273 4747 1337 4799 ad
1398 4761 1456 4804 se
1517 4746 1819 4814 pertrahat.

238 4855 489 4924 Ejusmodi
518 4848 719 4907 missis
756 4838 975 4897 litteris
1001 4848 1185 4892 exorta
1216 4835 1443 4890 formido
1488 4845 1591 4901 est,
1621 4835 1827 4891 insidiae

230 4966 313 5021 per
357 4958 524 5006 totam
576 4942 789 4998 urbem
844 4937 1076 5001 paratae,
1116 4933 1379 4998 promissa
1431 4928 1569 4981 dona
1617 4926 1681 4980 iis
1735 4928 1824 4996 qui

223 5019 424 5102 strenue
479 5040 775 5097 adversus
846 5021 1127 5079 Liberium
1188 5035 1299 5074 rem
1359 5030 1627 5091 gererent.
1689 5019 1823 5073 Tum

219 5139 435 5207 episcOpi
464 5136 559 5191 his
587 5120 935 5199 perspectis
971 5120 1130 5171 rebus
1156 5131 1273 5170 sese
1303 5116 1520 5176 abdere,
1566 5123 1827 5165 matronae

214 5231 607 5286 calumniarum
647 5225 823 5275 metu
861 5224 966 5284 per
1007 5222 1173 5277 pagos
1201 5207 1475 5268 secedere,
1510 5214 1708 5258 aseetze
1755 5207 1829 5257 in-

209 5324 342 5380 sidiis
377 5318 601 5392 appeti,
640 5306 930 5366 homines
965 5299 1150 5352 Rerum
1184 5306 1586 5351 commorantes
1612 5295 1829 5364 expelli,

205 5431 372 5489 μοι-ωε
401 5387 740 5475 έέίιυείιιιθ
788 5403 1086 5467 portarum
1143 5388 1450 5451 intercludi,
1486 5397 1547 5440 ut
1594 5402 1660 5441 ne
1709 5387 1831 5455 quis

199 5476 467 5581 ingressus
502 5492 1012 5559 Orthodoxorum
1058 5481 1328 5537 Liberium
1370 5479 1645 5532 inviseret.
1682 5476 1830 5532 Tunc

252 5652 268 5684 ⁸
295 5656 424 5705 Act.
465 5658 555 5705 rx,
591 5636 653 5691 5-

249 5794 323 5861 (α)
348 5787 577 5843 Athan.
626 5772 812 5861 lysi;
837 5757 1457 5861 Ανὶανὲῆιξάῇιῖἷοηξιῗζιοίἱ

249 5794 299 5861 (α
348 5794 577 5843 Athan.
626 5794 812 5854 ιξιξι.
837 5794 1031 5843 num;-
1062 5794 1126 5809 αι.
1161 5794 1457 5835 ...ν......,.υν,
1565 5794 1649 5832 υ...

249 5794 585 5937 (ὺῖοΔῑὺεη.
657 5838 850 5901 113111.,
911 5848 964 5885 η.
989 5827 1089 5894 09;
1116 5830 1380 5881 Amnuan.
1409 5823 1577 5878 Marc.
1612 5824 1704 5878 lib.
1734 5836 1821 5875 xv.

1989 3284 2079 3338 i7.
2107 3280 2436 3350 Colloquium
2468 3276 2662 3330 Liberii
2694 3289 2810 3326 cum
2846 3269 3173 3325 Constantio.
3219 3263 3482 3319 Exsilium

1920 3369 2138 3423 Liberii.
2162 3396 2232 3407 —
2270 3365 2395 3421 Haec
2426 3364 2492 3419 de
2523 3362 2790 3431 colloquio
2819 3358 3024 3413 Liberii
3058 3371 3180 3412 cum
3215 3354 3483 3410 Constan-

1921 3462 1995 3516 tio
2044 3459 2391 3514 Athanasius.
2460 3456 2592 3511 Rem
2657 3454 2897 3524 pluribus
2959 3450 3116 3507 aﬁ‘ert
3169 3447 3480 3503 Theodore-

1922 3565 2006 3609 tus
2033 3554 2128 3623 (ε),
2154 3552 2308 3622 cujus
2357 3550 2626 3620 dialogum
2668 3546 2946 3602 ascribere
2978 3558 3044 3598 ne
3072 3542 3286 3612 pigeat;
3320 3554 3384 3594 ex
3420 3552 3485 3592 eo

1920 3646 2115 3714 quippe
2162 3658 2283 3698 cum
2338 3639 2539 3694 Liberii
2594 3638 2897 3691 constantia
2951 3643 3003 3687 et
3057 3630 3339 3693 fortitudo,
3374 3638 3483 3681 tttm

1921 3736 2261 3806 imperatoris
2323 3734 2375 3787 in
2435 3730 2780 3785 Athanasium
2842 3721 3084 3780 infensus
3126 3724 3337 3777 animus
3390 3734 3489 3788 pa-

1923 3830 2026 3883 lam
2099 3827 2439 3898 perspicitur.
2506 3819 2853 3879 Coustantius
2934 3818 3227 3885 imperator
3280 3811 3419 3866 dixit
3472 3827 3484 3863 :

1928 3938 1946 3970 ι
1996 3918 2122 3984 Nos,
2154 3917 2407 3987 quoniam
2441 3924 2495 3969 et
2526 3900 2867 3968 Christianus
2898 3922 2957 3962 es
2996 3916 3050 3961 et
3097 3914 3295 3959 nostra:
3342 3901 3489 3954 urbis

1922 4013 2230 4081 episcopus,
2257 4019 2310 4064 te
2353 4009 2689 4063 evocandum
2723 4004 2997 4063 duximus,
3030 4012 3091 4051 ac
3125 4006 3402 4049 monemus
3433 3999 3491 4041 ut

1924 4103 2143 4158 nefaria:
2193 4101 2475 4156 dementiae
2530 4096 2677 4164 impii
2724 4089 3009 4150 Athanasii
3057 4082 3488 4143 communionem

1924 4196 2166 4264 abjicias.
2202 4193 2254 4246 Id
2285 4192 2427 4246 enim
2458 4206 2667 4258 aequum
2699 4202 2820 4242 esse
2859 4183 3006 4239 orbis
3049 4190 3313 4233 terrarum
3363 4187 3492 4227 cen-

1924 4288 2051 4349 suit,
2077 4299 2307 4352 eumque
2333 4284 2400 4336 ab
2434 4280 2796 4336 ecclesiastica
2840 4273 3216 4331 communione
3256 4267 3490 4321 alienum

1923 4377 2044 4432 fore
2097 4376 2339 4447 synodali
2395 4372 2660 4428 sententia
2716 4370 2989 4425 decretum
3045 4374 3146 4419 est.
3198 4355 3495 4429 Respondit

1926 4470 2172 4526 Liberius
2217 4486 2230 4521 :
2267 4466 2474 4521 Iudicia
2508 4460 2900 4523 ecclesiastica,
2932 4472 2963 4512 ο
2997 4456 3315 4524 imperator,
3340 4462 3493 4503 sutu—

1931 4580 2013 4619 ma
2066 4579 2185 4616 cum
2218 4559 2469 4627 mquitate
2523 4555 2649 4609 ferri
2686 4559 2901 4621 oportet
2948 4561 3163 4616 :qnare
3213 4545 3256 4597 si
3312 4537 3493 4610 pietati

1932 4670 2034 4711 tuae
2074 4655 2263 4717 libeat,
2301 4650 2562 4718 judicium
2599 4644 2803 4701 institui
2844 4643 3059 4712 jubeto;
3102 4646 3157 4692 et
3198 4634 3244 4688 si
3279 4630 3494 4701 quidem

1930 4745 2260 4801 Athanasius
2288 4738 2634 4795 damnatione
2664 4736 2855 4804 dignus
2896 4730 3162 4791 videatur,
3196 4733 3307 4777 tum
3343 4720 3494 4789 juxta

1931 4832 2314 4891 ecclesiasticae
2344 4830 2543 4900 regulae
2584 4828 2809 4882 formam
2840 4820 3105 4878 sententia
3138 4820 3190 4872 iu
3240 4814 3387 4870 illum
3418 4812 3497 4865 fe-

1936 4934 2104 4981 retur.
2156 4921 2343 4991 Neque
2377 4920 2518 4973 enim
2562 4917 2644 4970 vir
2676 4931 2705 4968 a
2751 4913 2901 4967 nobis
2933 4904 3279 4965 condemnari
3324 4908 3501 4972 potest

1933 5020 1999 5074 de
2034 5034 2138 5088 quo
2189 5031 2291 5069 non
2349 5012 2724 5081 indicavimus.
2769 5005 2868 5060 Cui
2899 5001 3247 5059 Constantius
3284 5014 3297 5050 :
3331 4994 3499 5048 Totus

1936 5119 2204 5165 terrarum
2234 5107 2383 5161 orbis
2429 5105 2494 5158 de
2525 5104 2641 5174 ejus
2683 5100 2960 5168 impietate
3006 5094 3129 5150 tulit
3155 5088 3499 5149 sententiam,

1938 5220 2002 5258 eo
2029 5203 2170 5271 quod
2212 5200 2321 5266 jam
2370 5199 2493 5251 inde
2525 5192 2777 5249 ah‘initio
2801 5188 3100 5245 deludendo
3133 5195 3339 5251 tempus
3388 5190 3501 5271 tra—

1939 5267 2061 5350 hat:
2081 5295 2161 5348 Ad
2194 5294 2307 5347 haec
2332 5289 2577 5345 Liberius
2609 5286 2893 5354 episcopus
2925 5299 2936 5334 :
2966 5280 3234 5345 Quotquot
3267 5267 3505 5327 subscri-

1940 5394 2186 5456 pserunt,
2222 5399 2308 5438 res
2343 5392 2523 5453 gestas
2554 5378 2653 5445 ipsi
2686 5373 3098 5431 non-viderant;
3132 5365 3223 5420 sed
3251 5378 3314 5416 ex
3356 5358 3500 5412 inani

1942 5479 2136 5549 gloria,
2168 5476 2245 5527 tui
2290 5484 2454 5533 metu,
2498 5467 2801 5541 ignominia:
2836 5480 2864 5518 a
2914 5475 2961 5515 te
2997 5455 3267 5512 inurendae
3315 5448 3501 5504 torrui-

2010 5756 2080 5822 (τ)
2116 5750 2234 5803 Lib.
2265 5765 2323 5813 tt,
2354 5760 2469 5814 cap.
2506 5744 2585 5796 l6.
