4038 6548
1504 409 1667 465 νιτΑ
1708 408 1765 465 S.
1805 409 2080 465 ATHANA
2092 410 2196 466 Sll.

3299 435 3444 477 CXXV

180 536 251 592 est,
281 534 548 597 tanquam
602 528 993 599 imperatoris
1028 531 1193 601 jussis
1226 538 1282 584 et
1315 530 1662 599 plurimorum
1688 530 1771 583 sui
1802 536 1845 592 Α
1878 529 2059 584 Romae
2084 533 2411 601 aggreditur,
2434 549 2554 605 quae
2573 535 2890 593 Antichristi
2917 538 3303 608 malignitatem
3326 557 3443 611 prae

180 618 465 670 Consortium
534 618 827 675 decretis
884 622 1149 676 obsistens
1205 621 1258 674 in
1311 636 1368 676 re
1413 637 1573 690 quam
1622 620 1773 674 brevi

97 738 101 745 ν
182 718 285 763 textu
314 724 710 779 percurram.
765 715 1131 771 Athanasium
1172 716 1484 787 episcopum
1534 732 1599 770 eo
1633 726 1772 769 tem-

184 816 272 868 pore
295 800 432 868 apud
481 801 960 871 Alexandriam,
1006 806 1141 860 ultra
1186 807 1578 876 professionem
1614 805 1775 861 altius

184 908 222 945 se
262 891 612 959 efferentem,
673 897 1077 967 sciscitarique
1128 909 1379 954 conatum
1419 909 1667 962 externa,
1717 908 1774 952 ut

187 985 424 1051 prodidere
464 1002 766 1044 rumores
812 991 1045 1055 assidui,
1078 1002 1249 1046 castus
1286 991 1336 1044 in
1371 1006 1532 1043 unum
1572 991 1772 1059 quaesi-

189 1087 249 1130 tus
268 1076 510 1146 ejusdem
576 1079 699 1134 loci
778 1082 1076 1136 multarunt
1109 1082 1365 1154 (synodus
1394 1093 1449 1135 ut
1486 1080 1773 1150 appellant)

190 1169 371 1222 removit
420 1184 456 1222 a
514 1183 918 1227 sacramento
951 1174 1086 1242 quod
1143 1174 1433 1227 obtinebat.
1489 1172 1776 1226 Dicebatur

189 1260 292 1313 enim
342 1259 735 1317 fatidicarum
800 1266 1032 1319 sortium
1068 1264 1247 1326 fidem,
1276 1278 1461 1332 quaeve
1493 1263 1776 1333 augurales

190 1353 550 1419 portenderent
585 1353 773 1409 alites
814 1355 1181 1409 scientissime
1218 1354 1443 1418 callens,
1494 1354 1776 1423 aliquoties

192 1445 469 1515 predixisse
514 1445 754 1502 futura.
805 1448 987 1519 Super
1015 1449 1096 1504 bis
1137 1450 1550 1504 intendebantur
1577 1448 1625 1501 ei
1670 1447 1774 1500 alia

193 1553 367 1606 quoque
400 1552 431 1590 a
464 1539 789 1607 proposito
832 1539 971 1609 legis
1017 1540 1361 1594 abhorrentia
1400 1540 1485 1593 cui
1522 1539 1777 1607 praeside-

191 1628 276 1682 bat.
301 1627 453 1683 Hunc
486 1643 601 1698 per
657 1629 1130 1698 subscriptionem
1171 1629 1405 1698 abjicere
1438 1629 1561 1684 sede
1589 1644 1774 1684 sacer-

189 1720 323 1775 dotali
348 1720 511 1790 paria
554 1721 834 1777 sentiens
861 1723 1094 1788 caeteris,
1134 1721 1356 1791 jubente
1398 1721 1663 1791 principe,
1688 1719 1776 1774 Li-

188 1813 341 1868 berius
393 1813 668 1869 monitus
737 1823 1165 1884 perseveranter
1217 1814 1551 1871 renitebatur
1610 1831 1623 1868 :
1676 1827 1775 1868 nec

183 1905 329 1960 visum
356 1904 697 1969 hominem,
747 1920 857 1959 nec
885 1906 1128 1960 auditum
1160 1906 1420 1961 damnare
1466 1903 1617 1959 nefas
1648 1903 1773 1958 ulti-

181 2012 305 2050 mum
336 2011 492 2067 saepe
541 1996 911 2061 exclamans,
953 2007 1137 2067 aperte
1188 1997 1395 2052 scilicet
1429 1996 1777 2052 recalcitrans

179 2090 515 2160 imperatoris
559 2092 839 2148 arbitrio.
880 2092 938 2146 ld
979 2092 1119 2146 enim
1154 2091 1265 2157 ille,
1307 2089 1602 2145 Athanasio
1637 2102 1778 2144 sem-

177 2196 262 2248 per
288 2181 560 2247 infestus,
606 2182 746 2239 licet
779 2184 954 2238 sciret
1003 2181 1299 2250 impletum,
1333 2192 1507 2235 tamen
1543 2180 1777 2235 auctori-

178 2283 275 2327 tate
314 2290 555 2346 quoque
588 2290 705 2344 qua
762 2275 1016 2345 potiores
1062 2284 1278 2328 aeternae
1334 2271 1493 2328 Urbis
1539 2272 1776 2340 episcopi

176 2366 393 2429 ﬁrmari.
430 2368 735 2452 desiderio
796 2367 1075 2423 nitebatur
1104 2366 1331 2421 ardenti.
1371 2365 1487 2431 Quo
1524 2378 1628 2419 non
1666 2364 1780 2417 im-

177 2468 377 2527 petrato
413 2458 695 2514 Liberius
730 2474 905 2530 aegre,
934 2458 1110 2526 populi
1145 2464 1312 2521 metu,
1337 2459 1425 2525 qui
1455 2456 1568 2524 ejus
1598 2470 1779 2510 amore

179 2550 455 2618 ﬂagrabat,
490 2565 630 2604 cum
662 2564 861 2619 magna
899 2548 1236 2612 difficultate,
1271 2548 1444 2602 noctis
1481 2547 1654 2602 medio
1684 2560 1780 2617 po—

182 2643 276 2695 tuit
327 2642 638 2713 asportari.
689 2660 709 2694 ι
769 2640 927 2707 Quod
990 2640 1191 2694 ethnici
1252 2638 1486 2693 hominis
1538 2638 1781 2693 testimo-

185 2736 359 2797 nium,
426 2733 713 2788 Romanae
769 2733 922 2788 sedis
983 2732 1304 2787 auctoritate
1372 2731 1781 2801 comprobanda:

188 2827 590 2894 peridoneum,
640 2826 895 2893 iniquum
951 2837 1082 2879 sane
1132 2822 1430 2878 Athanasio
1476 2832 1581 2886 est,
1639 2823 1781 2891 quod

190 2916 431 2983 augurali
464 2917 577 2970 arti
610 2917 822 2971 tribuat
870 2929 994 2970 eam
1041 2914 1298 2969 divinitus
1343 2914 1567 2967 inditam
1617 2913 1783 2967 Atha-

192 3010 343 3062 nasio
374 3008 705 3063 facultatem
744 3008 929 3063 futura
978 3007 1359 3078 prospiciendi,
1388 3022 1548 3077 quam
1598 3014 1783 3060 sancto

193 3103 312 3153 viro
342 3103 579 3157 ascribit
610 3101 959 3156 Sozomenus
1003 3100 1101 3171 (α),
1152 3099 1239 3153 ubi
1289 3098 1437 3153 illum
1470 3114 1497 3152 a
1533 3099 1643 3153 Deo
1670 3112 1786 3152 mo-

1877 636 1936 675 se
1986 621 2143 676 ferat.
2179 624 2454 680 Adornato
2491 642 2723 697 namque
2768 627 2819 681 in
2861 630 3104 686 ecclesiae
3139 632 3310 687 vicem
3346 648 3440 701 pa-

1877 710 2025 778 latio,
2057 714 2234 781 populi
2269 713 2673 787 Christianique
2699 729 2873 774 castus
2896 720 3013 775 loco
3044 730 3154 776 tres
3187 722 3291 777 sibi
3314 738 3441 793 spa-

1875 800 2043 856 dones
2065 804 2250 859 adesse
2277 804 2452 874 jubet.
2480 805 2809 876 Demumque
2844 809 3115 878 improbos
3141 822 3249 866 tres
3292 822 3441 866 cata-

1876 908 2098 963 scopos,
2148 896 2200 949 id
2255 907 2337 952 est
2383 898 2746 967 exploratores
2791 901 2811 971 (
2827 901 2966 956 haud
3013 903 3154 957 enim
3202 904 3441 973 episcopi

1875 987 2270 1054 nuncupandi),
2305 988 2560 1055 compulit
2597 1000 2655 1043 nt
2701 989 2934 1046 Felicem
2957 993 3243 1062 quemdam
3283 995 3445 1048 mori-

1874 1078 1973 1133 bus
2028 1077 2127 1133 sibi
2158 1078 2492 1134 consimilem
2529 1083 2702 1137 virum
2748 1086 2801 1138 in
2842 1085 2958 1154 ipso
2993 1085 3191 1153 palatio
3218 1087 3439 1141 ordina-

1877 1181 1996 1223 rent
2035 1171 2370 1241 episcopum.
2406 1170 2597 1241 Papuli
2629 1190 2880 1243 namque,
2909 1177 3279 1232 animadversa
3329 1177 3444 1232 hae-

1873 1261 2161 1316 reticorum
2196 1264 2652 1332 praevaricatione,
2693 1267 2868 1323 aditus
2919 1268 3026 1323 illis
3064 1270 3132 1324 ad
3181 1269 3440 1324 ecclesias

1874 1358 2308 1425 intercluserunt,
2337 1369 2391 1415 et
2436 1362 2619 1431 procul
2662 1364 2989 1419 abscessere.
3027 1363 3128 1430 Qui
3165 1364 3314 1419 Felix
3342 1365 3441 1420 Ca—

1877 1450 2165 1507 tholicisne
2220 1463 2423 1521 postea,
2454 1469 2519 1507 an
2560 1454 2775 1510 Arianis
2808 1456 2968 1510 rebus
3000 1456 3290 1521 studuerit,
3325 1455 3438 1526 jam

1876 1544 2100 1611 quaestio
2131 1551 2214 1597 est
2235 1544 2373 1600 inter
2400 1546 2713 1616 scriptores.

1944 1631 2034 1689 20.
2059 1632 2394 1690 Constantius
2425 1637 2640 1691 hortatu
2678 1638 2993 1692 Arianorum
3049 1636 3274 1692 [Iasium
3325 1649 3438 1695 ten-

1877 1733 1973 1779 tat.
2004 1724 2158 1779 Harii
2195 1727 2413 1795 epistola
2442 1729 2509 1781 ad
2537 1726 3178 1784 Constantium—Unum
3201 1730 3445 1785 restabat

1876 1816 2092 1881 Arianis
2111 1818 2253 1886 quod
2284 1818 2516 1873 maxime
2543 1819 2691 1874 cordi
2727 1829 2867 1885 erat,
2893 1829 2952 1874 ut
2988 1820 3197 1875 scilicet
3218 1818 3443 1875 Hosium

1879 1905 2025 1961 illum
2056 1908 2420 1963 venerandum
2451 1918 2506 1964 et
2542 1910 2775 1965 nobilem
2805 1925 2987 1965 senem
3018 1911 3070 1965 in
3119 1926 3272 1966 suam
3312 1926 3442 1967 sen-

1880 1997 2097 2052 tentiam
2122 2000 2493 2067 perducerent.
2518 1999 2632 2065 Qua
2664 2000 2729 2055 de
2760 2015 2820 2056 re
2845 2001 3213 2057 Constantium
3248 2016 3446 2058 conve-

1879 2087 2031 2143 niunt
2065 2089 2168 2159 to),
2204 2100 2423 2144 mouent
2460 2090 2715 2144 nihildum
2772 2102 2950 2146 actum
2997 2108 3149 2159 esse,
3205 2094 3308 2147 nisi
3341 2093 3443 2147 sibi

1880 2179 2098 2249 suisque
2126 2179 2284 2235 factis
2317 2196 2542 2251 magnus
2576 2182 2664 2237 ille
2710 2182 2906 2239 ilosius
2938 2185 3295 2241 confessionis
3327 2185 3443 2253 glo-

1880 2274 1957 2329 ria
1985 2276 2305 2343 conspicuus
2330 2277 2666 2346 astipuletur.
2691 2277 2901 2347 Rogant
2927 2289 2987 2333 ut
3020 2278 3194 2332 virum
3224 2279 3446 2349 perinde

1880 2374 2039 2434 atque
2068 2374 2293 2420 caateros
2342 2366 2392 2419 vi
2425 2366 2732 2436 compellat,
2760 2379 2819 2423 ut
2860 2381 3042 2424 secum
3085 2368 3446 2424 communicet

1878 2457 2339 2528 Athanasiumque
2363 2457 2602 2517 damnet.
2636 2458 2732 2515 His
2762 2460 3011 2516 inductus
3032 2462 3327 2529 imperator
3355 2476 3447 2517 se-

1880 2563 1999 2601 nem
2034 2548 2249 2613 accivit,
2282 2548 2371 2618 qui
2414 2550 2723 2604 centenario
2762 2550 2930 2619 major
2975 2564 3148 2606 annos
3176 2551 3287 2620 jam
3329 2550 3450 2621 plus

1881 2640 2160 2709 sexaginta
2208 2639 2565 2710 episcopalem
2611 2642 2910 2709 occupabat
2942 2642 3146 2697 sedem.
3172 2642 3447 2696 Acceden-

1882 2740 1988 2787 tem
2035 2731 2257 2788 llosium
2287 2733 2513 2803 rogabat
2536 2732 2904 2801 Constantius,
2944 2732 3261 2802 lenibusque
3294 2734 3453 2788 dictis

1883 2824 2203 2879 hortabatur
2242 2834 2301 2880 ut
2335 2834 2517 2881 contra
2542 2825 2892 2882 Athanasium
2924 2826 3247 2882 sententiam
3277 2826 3448 2889 daret,

1882 2914 2204 2983 Arianisque
2237 2917 2618 2972 communione
2641 2916 2960 2986 jungeretur
2985 2924 3146 2985 atque
3191 2916 3448 2971 amicitia.

1886 3006 2083 3072 Senex,
2110 3009 2203 3076 qui
2238 3008 2316 3061 rei
2352 3007 2655 3076 hnjusmodi
2689 3006 2771 3061 vel
2819 3007 3055 3063 auditum
3086 3021 3225 3076 aegre
3262 3005 3451 3070 ferret,

1886 3099 2211 3168 indignatus,
2240 3098 2382 3167 quod
2434 3097 2594 3152 talem
2630 3097 2919 3165 imperator
2949 3096 3231 3151 obtulisset
3264 3096 3454 3151 condi-

198 3195 368 3247 nitum
399 3194 652 3261 pericula
680 3207 824 3262 smpe
858 3192 1176 3261 praevidisse
1204 3191 1610 3260 declinasseque
1638 3204 1786 3244 com-
1813 3211 1855 3270 α
1890 3187 2110 3251 tionem,
2145 3188 2317 3241 virum
2343 3187 2539 3240 acriter
2560 3186 2866 3254 compellat,
2894 3194 3072 3242 monet
3102 3194 3157 3239 ut
3180 3184 3339 3239 tinem
3377 3186 3453 3238 fa-

197 3295 488 3339 rnemorat.
521 3284 683 3340 Illam
727 3284 911 3338 futura
961 3283 1317 3353 prospiciendi
1344 3283 1448 3335 vim
1481 3284 1533 3336 in
1580 3280 1784 3334 crimen

199 3376 469 3430 vocabant
509 3375 746 3443 gentiles
783 3386 840 3429 et
882 3373 1149 3437 haeretici,
1195 3373 1348 3443 quasi
1386 3372 1590 3427 scilicet
1619 3373 1670 3427 id
1698 3372 1786 3429 ille

203 3467 426 3537 magicis
484 3466 701 3520 artibus
738 3473 1191 3532 consequeretur.
1248 3461 1320 3518 Ut
1372 3462 1543 3519 fertur
1582 3474 1783 3529 autem,

204 3558 439 3625 quodam
479 3565 754 3624 tempore,
789 3554 1094 3609 Athanasio
1125 3567 1220 3623 per
1249 3552 1434 3608 urbem
1484 3552 1785 3617 incedente,

205 3649 346 3704 forte
386 3646 797 3717 supervolitans
840 3644 1035 3700 cornix
1085 3643 1390 3699 crocitavit.
1425 3643 1608 3697 Turba
1658 3657 1787 3698 vero

207 3743 513 3811 gentilium,
548 3753 675 3809 quae
714 3747 830 3793 tum
879 3736 1093 3801 aderat,
1145 3735 1296 3803 quasi
1347 3733 1784 3804 prmstigiatoret‘n

209 3833 485 3897 deridens,
539 3829 768 3901 rogabat
797 3829 1065 3900 quidnam
1105 3828 1293 3883 cornix
1326 3827 1414 3882 illa
1461 3826 1789 3896 pra-nuntia-

211 3934 316 3976 ret.
359 3925 429 3977 At
472 3923 566 3976 ille
607 3920 851 3975 suaviter
884 3918 1073 3972 ridens
1103 3936 1115 3969 :
1147 3916 1304 3980 Cras,
1342 3917 1540 3985 inquit,
1570 3918 1785 3972 clamat.

214 4019 269 4072 ld
299 4029 472 4074 autem
506 4017 846 4083 vociferans,
889 4013 1236 4083 injucundam
1270 4014 1423 4070 vobis
1456 4013 1571 4068 fore
1606 4013 1793 4069 crasti-

216 4124 335 4162 nam
363 4112 501 4165 diem
526 4108 841 4162 denuntiat.
877 4104 1167 4173 Signiticat
1210 4104 1350 4158 enim
1408 4102 1561 4160 vobis
1591 4104 1658 4159 ab
1690 4104 1792 4157 im-

217 4210 457 4268 peratore
505 4197 855 4267 prohibitum
907 4194 1001 4259 iri,
1044 4208 1111 4247 ne
1140 4207 1262 4249 cras
1310 4192 1507 4248 festum
1555 4193 1691 4246 diem
1726 4192 1792 4248 de

218 4308 360 4350 more
398 4291 708 4351 celebretis.
758 4288 896 4356 Quae
933 4286 1213 4340 Athanasii
1261 4276 1561 4355 praedictio,
1590 4284 1690 4339 etsi
1722 4285 1794 4339 ri-

220 4388 384 4443 dicula
420 4390 536 4444 visa
584 4386 701 4441 illis
744 4390 854 4447 est,
903 4393 1039 4432 vera
1085 4386 1260 4432 tamen
1308 4378 1429 4432 fuit.
1476 4377 1794 4446 lnsequente

222 4481 350 4534 enim
399 4482 484 4537 die
514 4474 958 4549 magistratibus
1010 4468 1230 4523 reddita:
1279 4476 1404 4523 sunt
1454 4467 1795 4538 imperatoris

1888 3279 1997 3336 ciat
2043 3278 2344 3346 huiusmodi
2387 3277 2548 3333 verba
2584 3276 2909 3345 proferendi,
2943 3277 3177 3331 clamare
3204 3276 3280 3330 ait
3324 3275 3451 3329 facti

1886 3370 2222 3426 insolentiam
2262 3386 2276 3422 :
2311 3369 2523 3424 demum
2556 3369 2713 3424 dictis
2746 3369 2861 3423 suis
2898 3381 3210 3437 persuasum
3243 3380 3306 3420 ac
3336 3380 3454 3434 per-

1887 3463 2128 3518 territum
2152 3462 2364 3518 deducit
2399 3477 2430 3517 e
2462 3461 2760 3527 sententia;
2780 3461 3030 3529 atqueita
3050 3458 3271 3529 integris
3293 3458 3456 3511 rebus

1892 3556 2034 3612 redit
2068 3557 2118 3611 in
2151 3555 2385 3625 patriam
2413 3562 2467 3608 et
2502 3553 2553 3607 in
2573 3553 2854 3609 ecclesiam
2874 3566 3047 3607 suam.
3081 3551 3186 3606 Sed
3216 3566 3336 3605 cum
3360 3550 3456 3604 ab-

1888 3658 2038 3706 sente
2076 3663 2139 3703 eo
2171 3646 2407 3703 haeretici
2435 3645 2575 3702 haud
2601 3645 2718 3703 sine
2748 3644 3102 3717 querimoniis
3122 3654 3176 3699 et
3207 3641 3457 3697 lamentis

1888 3742 2064 3797 denuo
2094 3741 2433 3811 instigarent,
2458 3746 2733 3808 urgerent,
2768 3747 2822 3793 et
2855 3751 2953 3792 sua
2976 3736 3455 3803 cunuchorumque

1887 3849 2050 3899 opera
2102 3833 2262 3887 nullis
2305 3846 2409 3886 non
2463 3829 2729 3885 machinis
2780 3829 3110 3885 levissimum
3154 3824 3453 3882 Constantii

1890 3925 2127 3980 animum
2178 3931 2480 3987 tentarent;
2506 3921 2775 3991 acquievit
2804 3920 3020 3975 demum
3065 3917 3150 3973 ille
3176 3915 3459 3999 postulatis

1892 4026 2140 4071 assentan
2151 4015 2306 4080 tium,
2331 4014 2641 4082 litterasque
2658 4013 2920 4066 minarum
2940 4008 3121 4080 plenas
3146 4009 3212 4062 ad
3235 4006 3454 4061 Hosiqu

1891 4106 2055 4161 misit.
2096 4104 2229 4160 llinc
2250 4102 2447 4159 Hosius
2477 4101 2838 4165 contumeliis,
2866 4098 3223 4169 periculorum
3252 4097 3460 4150 denun-

1894 4198 2118 4252 tiatione
2169 4194 2474 4265 exagitatur
2505 4211 2520 4248 :
2551 4208 2724 4262 neque
2760 4202 2936 4246 tamen
2964 4190 3281 4245 insidiarum
3313 4196 3458 4240 metu

1892 4289 1957 4343 de
1985 4287 2249 4343 sententia
2276 4286 2595 4351 dimovetur,
2626 4283 2719 4339 sed
2745 4283 2971 4338 fidenter
2994 4281 3239 4336 haeresim
3266 4288 3326 4333 ut
3357 4278 3459 4332 im-

1893 4379 2038 4449 piam
2080 4376 2400 4445 noxiamque
2433 4374 2665 4430 traducit
2694 4373 2891 4443 ubique
2938 4372 3199 4427 locorum.
3227 4368 3322 4423 His
3372 4383 3460 4421 au-

1896 4471 2022 4526 ditis
2058 4467 2404 4525 Constantius
2429 4467 2593 4536 cmpit
2633 4465 2777 4519 senis
2808 4464 3043 4518 animum
3077 4461 3284 4516 iteratis
3312 4458 3457 4513 litte-

223 4570 419 4641 litterae,
449 4579 711 4628 vetantes
745 4580 815 4621 ne
851 4559 1303 4645 paganistempla
1333 4560 1483 4615 adire
1506 4576 1625 4627 sua,
1657 4574 1784 4614 neve

1900 4564 1974 4619 ris
2003 4560 2311 4621 sollicitare,
2350 4558 2507 4612 modo
2535 4555 2739 4610 adulari
2766 4554 2917 4623 quasi
2951 4562 3180 4622 patrem,
3224 4566 3346 4605 mox
3376 4549 3460 4605 in-

224 4664 472 4720 solemnes
496 4673 803 4719 sacrorum
841 4650 1079 4709 ritus‘ac
1106 4651 1346 4720 publicos
1380 4660 1679 4706 conventus
1713 4665 1798 4706 ce-

225 4752 414 4813 lebrare
438 4759 652 4813 liceret.

280 4849 354 4907 l9.
392 4847 547 4904 Felix
582 4852 641 4900 in
681 4838 907 4896 Liberii.
932 4835 1101 4887 locum
1124 4833 1396 4902 adlegitur.
1422 4862 1492 4874 —
1519 4830 1680 4885 Pulso
1712 4830 1804 4885 Li-

212 4940 373 5008 herio,
413 4944 479 4999 de
526 4946 877 4997 successore
927 4926 1206 4994 deligendo
1262 4933 1436 4979 actum
1482 4924 1601 4978 fuit.
1649 4922 1801 4991 Quod

208 5052 344 5106 quam
394 5037 645 5107 indigne,
684 5040 869 5099 quam
904 5030 1093 5075 contra
1128 5019 1552 5073 ecclesiasticum
1596 5034 1798 5073 morem

201 5144 453 5199 peractum
496 5130 597 5194 sit,
631 5125 717 5179 ita
768 5122 976 5174 narrat
1012 5113 1335 5185 Athanasius
1368 5111 1441 5184 (ὁ)
1470 5130 1483 5165 :
1508 5113 1802 5181 Imperator

196 5225 476 5296 Epictetum
514 5216 847 5291 quemdam
871 5249 886 5272 ,
939 5206 1196 5260 audacem
1245 5203 1677 5268 adolescentem,
1710 5202 1800 5273 qui

189 5293 271 5374 etsi
297 5319 623 5388 neophytus
666 5311 730 5365 in
792 5300 1123 5369 episcopum
1156 5295 1395 5349 adtectus
1429 5293 1630 5358 fuerat,
1663 5293 1805 5362 quod

184 5411 239 5465 ad
268 5411 408 5466 nulla
458 5422 580 5464 non
654 5397 899 5456 scelera
962 5396 1206 5456 paratum
1254 5393 1668 5455 promptumque
1717 5398 1807 5436 co-

1900 4652 2176 4712 terminari
2195 4650 2461 4705 exsilium.
2496 4648 2729 4702 Necdum
2756 4656 2930 4700 tamen
2963 4644 3049 4698 ille
3077 4645 3160 4697 vel
3196 4642 3460 4695 minarum

1901 4756 1954 4800 et
1977 4740 2390 4811 impendentium
2416 4738 2676 4793 malorum
2701 4736 3005 4798 formidine,
3024 4733 3109 4788 vel
3128 4731 3463 4788 blandimen-

1905 4846 2078 4890 torum
2114 4831 2400 4895 illecebris,
2445 4829 2609 4884 cessit
2644 4844 2674 4882 e
2705 4827 2998 4883 sententia.
3036 4824 3146 4879 lmo
3178 4821 3462 4893 epistolam

1903 4924 2216 4983 constantiae
2240 4934 2293 4978 et
2318 4922 2587 4977 ﬁrmitatis
2617 4919 2976 4990 plenissimam
3002 4916 3278 4984 rescripsit
3299 4915 3466 4982 impe-

1906 5017 2105 5081 ratori.
2141 5013 2449 5086 signiﬁcans
2489 5028 2549 5068 se
2590 5014 2701 5084 jam
2745 5012 2947 5082 pridem
2995 5010 3096 5063 sub
3143 5006 3469 5061 Maximiano

1904 5125 2000 5182 pro
2026 5110 2224 5165 Christi
2249 5109 2465 5162 nomine
2491 5121 2727 5177 passum,
2753 5112 2996 5175 paratum
3028 5116 3147 5155 esse
3174 5100 3239 5153 ad
3273 5111 3467 5152 aerum-

1906 5215 2002 5254 nas
2027 5197 2309 5268 quaslibet,
2329 5197 2374 5253 si
2414 5195 2485 5252 sit
2511 5208 2669 5264 opus,
2698 5208 2796 5262 pro
2836 5190 3060 5245 veritate
3094 5186 3464 5258 perferendas.

1903 5292 2101 5358 Monet,
2141 5290 2463 5345 Arianorum
2495 5287 2793 5342 doctrinam
2834 5299 2899 5338 ne
2946 5291 3177 5342 tueatur,
3223 5293 3323 5332 neu
3364 5276 3467 5331 Ur-

1903 5382 2048 5438 sacio
2075 5392 2130 5438 et
2172 5380 2381 5436 Valenti
2408 5378 2600 5434 habeat
2639 5376 2816 5430 (idem.
2848 5374 2965 5428 Non
2994 5383 3102 5426 tam
3147 5368 3266 5423 illos
3300 5366 3468 5420 Atha-

176 5455 825 5573 tlliosc-er‘etuin-amicis
876 5455 1148 5543 habebat,
1173 5480 1393 5549 ejusque
1420 5492 1582 5545 opera
1619 5476 1807 5529 invisis
1906 5474 2044 5529 nasii
2086 5472 2387 5542 perniciem
2422 5470 2745 5573 machinari,
2768 5483 2933 5573 quam.
2956 5455 3472 5573 illlplflaliméffil:

171 5549 929 5671 :Sbiveip'is‘e'opiswarbitratu
957 5588 1055 5628 suo
1088 5571 1309 5641 parabat
1343 5568 1589 5624 insidias.
1610 5566 1806 5636 Hujus-
1906 5568 2165 5634 augendae
2194 5564 2366 5629 latque
2403 5560 2777 5632 promovenda:
2813 5557 3044 5608 studere.
3074 5549 3481 5671 Commenm‘or:

830 5670 839 5671 ,
920 5666 932 5671 _
986 5664 997 5671 .
1332 5661 1344 5671 .
1520 5668 1526 5671 .
1700 5658 1711 5671 .
1828 5670 1831 5671 ν
2057 5656 2070 5668 .
2141 5654 2300 5671 συν
2348 5668 2395 5671 ,κ
2438 5653 2450 5671 ε
2492 5650 2688 5671 ψῃ)-
2728 5652 2868 5671 ,ηρη
2917 5654 3067 5671 ηοω,
3202 5652 3261 5671 ...Α
3358 5650 3419 5671 ...ι

760 5638 1119 5728 administro
1152 5676 1263 5717 rem
1294 5661 1456 5731 plane
1486 5658 1833 5729 stupendam'
1908 5671 2026 5727 quae
2057 5656 2109 5710 in
2141 5653 2453 5708 Sardicensi
2490 5650 2692 5723 synodo
2725 5652 2870 5716 gesta
2916 5645 3116 5702 essent.
3148 5638 3486 5691 Arianorum

221 5806 295 5874 (α)
335 5753 465 5860 Lib.
508 5803 780 5874 ινιςβρο
829 5780 996 5874 Et“
1055 5846 1117 5874 ΛΑ
1152 5845 1426 5874 manu.“
1492 5858 1521 5874 η
1576 5840 1645 5874 π
1984 5767 2053 5839 (cl
2090 5764 2292 5820 Athan.
2329 5763 2556 5826 ibid.,u.
2588 5758 2685 5821 45,
2712 5753 2800 5807 Η.

325 5841 764 5932 ἰῙί-ἇ.
808 5849 1019 5907 Arion.
1053 5846 1117 5898 ad
1152 5845 1450 5907 nionachos,
1492 5858 1544 5897 n.
1576 5841 1662 5895 75,

165 5693 293 5747 modi
324 5694 523 5760 itaque
