4038 6562
2002 448 2527 506 PROLECOXIENA.

639 577 864 632 metum,
898 566 1279 621 conscientiam
1323 562 1609 630 sti-lorum,
1648 580 1851 636 turpem
1905 569 1955 621 in
1986 585 2212 638 conspe-
2245 576 2286 629 Α
2318 569 2444 623 serti
2483 565 2652 621 incola
2685 564 2946 618 Antonius
2974 565 3068 633 (ὁ),
3098 579 3266 618 annos
3299 565 3537 633 quinque
3564 577 3729 633 supra
3752 578 3894 619 cen-
3948 604 3955 630 ε

639 668 725 712 ctu
750 659 935 729 synodi
963 658 1159 728 fugam.
1196 658 1249 710 In
1287 669 1519 711 mentem
1565 668 1777 713 revocat
1805 659 2008 714 Ursaeii
2045 671 2205 728 atque
2319 672 2425 713 tum
2462 668 2649 721 natus,
2685 658 2773 721 qui
2808 657 3046 710 instante
3086 665 3275 719 morte,
3304 654 3594 725 discipulos
3623 656 3891 710 hortatus

639 747 877 801 Valentis
899 750 1288 817 pmnitentiam,
1310 766 1416 817 qua
1448 750 1619 819 palam
1652 762 1786 805 esset
1815 750 2009 805 insonti
2039 752 2205 806 Atha-
2314 752 2495 805 multis
2528 752 2591 802 ad
2643 764 2783 803 vera:
2834 748 2957 802 ﬁdei
3013 747 3328 816 virtutisque
3376 747 3581 801 cultum
3602 786 3618 809 ,
3660 750 3887 801 demum

641 841 791 893 nasio
843 840 1007 895 fuisse
1043 844 1263 896 crimina
1302 846 1503 899 oblata.
1538 845 1793 901 Hortatur
1838 864 1901 900 ne
1937 864 1993 901 se
2045 850 2184 902 rebus

2310 857 2564 909 perorans
2587 842 2668 893 his
2701 848 3003 893 commonet
3030 840 3186 893 dictis
3217 858 3229 892 :
3274 858 3291 889 ι
3327 838 3441 893 Mea
3473 841 3620 893 inter
3645 854 3746 892 vos
3785 855 3891 891 ve-
3965 834 3973 853 τ

637 460 800 503 CXXVI

641 929 938 985 immisceat
969 935 1352 990 ecclesiasticis
1383 956 1395 990 :
1436 958 1453 989 (
1493 939 1631 1004 Tibi,
1657 940 1847 1007 inquit,
1878 940 2013 994 Dens
2036 941 2202 1008 impe-

642 1018 798 1079 rium,
832 1020 983 1074 nobis
1016 1023 1380 1080 ecclesiastica
1435 1031 1784 1084 concredidit.
1814 1031 1890 1085 Ac
1941 1031 2197 1100 quemad-

641 1110 850 1164 modum
882 1112 970 1181 qui
1000 1114 1089 1168 tibi
1128 1116 1408 1185 imperium
1458 1122 1710 1190 eriperet,
1762 1123 1870 1177 Deo
1903 1125 2196 1194 providenti

637 1215 987 1270 repugnaret;
1021 1206 1091 1260 ita
1134 1219 1309 1261 metue
1341 1228 1407 1265 ne
1436 1214 1477 1267 si
1508 1215 1600 1267 tibi
1625 1215 1987 1269 ecclesiastica
2024 1217 2197 1271 vindi-

636 1307 746 1356 ces,
789 1296 966 1365 magni
1003 1298 1244 1353 criminis
1277 1317 1398 1355 rens
1440 1306 1655 1359 evadas.
1703 1325 1719 1355 ι
1753 1304 1820 1359 Se
1851 1308 2038 1359 nedum
2077 1322 2193 1359 cum

635 1383 849 1438 Arianis
892 1388 1214 1454 consentiat,
1252 1406 1435 1445 eorum
1484 1394 1725 1448 hmresim
1763 1398 2099 1449 anathemate
2129 1396 2197 1451 fe-

636 1475 778 1539 rire;
809 1476 1157 1531 Athanasium
1191 1496 1316 1537 vero
1350 1484 1567 1536 minime
1601 1486 1874 1549 damnare,
1900 1504 2053 1553 quem
2083 1487 2193 1541 Ro-

634 1579 788 1617 tnana
823 1566 1086 1632 Ecclesia,
1110 1573 1429 1629 universalis
1475 1577 1735 1647 synodus.
1770 1579 1984 1646 ipseque
2025 1580 2192 1649 impe-

634 1665 780 1709 rator
816 1672 909 1725 pro
940 1660 1153 1715 insonte
1208 1664 1499 1721 habuisset.
1534 1666 1657 1722 Haec
1702 1678 1809 1721 tum
1856 1668 2069 1734 ilosius,
2100 1672 2189 1739 qui

632 1746 771 1800 haud
794 1748 907 1813 diu,
942 1760 997 1803 ut
1028 1752 1164 1806 infra
1208 1769 1557 1821 memoratur,
1584 1759 1633 1810 in
1682 1761 1847 1826 probo
1890 1760 2188 1830 hujusmodi

630 1840 905 1905 proposito
927 1846 1308 1909 perseveravit.
1330 1847 1566 1915 Namque
1584 1849 1926 1905 Ceustantius
1950 1867 2043 1905 nec
2062 1852 2191 1907 insi-

2309 936 2558 989 stimenta
2597 932 2851 985 dividite:
2881 931 3281 998 Athanasioque
3317 931 3567 1000 episcopo
3618 931 3886 985 melotem

2308 1026 2429 1078 date
2460 1038 2642 1087 unam,
2672 1022 2997 1091 palliumque
3023 1037 3128 1089 quo
3153 1022 3341 1075 utebar
3362 1020 3487 1074 olim
3519 1037 3533 1073 :
3568 1022 3638 1075 ab
3669 1036 3735 1076 eo
3773 1036 3884 1074 no-

2305 1129 2426 1167 vum
2458 1113 2917 1182 acceperam,jam
2954 1112 3210 1165 detritum
3255 1126 3351 1164 usu
3383 1118 3481 1165 est.
3512 1110 3761 1167 Melotem
3798 1112 3884 1163 al-

2305 1218 2474 1262 teram
2508 1205 2786 1275 Sarapioni
2837 1206 3086 1275 episcOpo
3117 1204 3337 1267 tradite;
3371 1216 3466 1256 vos
3511 1203 3710 1257 habete
3751 1202 3883 1255 cili-

2304 1300 2481 1353 cinum
2517 1298 2909 1351 indumentum.
2932 1296 2997 1349 Et
3026 1294 3164 1364 quod
3204 1293 3465 1361 reliquum
3497 1304 3613 1358 est,
3644 1294 3879 1357 salvete,

2304 1392 2393 1445 lilii
2430 1411 2440 1445 :
2472 1391 2732 1444 Antonius
2762 1389 2957 1459 quippe
2982 1389 3105 1442 hinc
3132 1388 3349 1455 migrat,
3382 1402 3479 1441 nec
3510 1388 3650 1440 ultra
3688 1388 3883 1441 vobis-

2300 1483 2556 1535 cumerit.
2600 1500 2617 1530 ι
2646 1480 2740 1534 llis
2768 1481 2856 1534 ille
2911 1480 3089 1544 dictis,
3130 1480 3336 1548 placido
3385 1479 3566 1537 vultu,
3604 1479 3881 1547 laetusque

2300 1575 2531 1625 animam
2560 1570 2777 1625 elﬁavit.
2797 1571 2895 1636 Qui
2927 1580 3125 1633 autem,
3151 1570 3879 1637 subsequiturAthanasius,

2299 1664 2517 1717 melotes
2545 1673 2597 1715 et
2621 1662 2835 1730 pallium
2868 1677 3142 1731 accepere,
3161 1663 3379 1730 perinde
3410 1672 3697 1716 asservant
3733 1677 3799 1716 ac
3828 1662 3880 1717 si

2297 1756 2467 1825 magni
2506 1771 2591 1809 res
2635 1754 2791 1824 pretii
2821 1764 3033 1819 essent;
3061 1755 3229 1822 iisque
3250 1755 3552 1821 conspectis
3567 1754 3877 1807 Antonium

2298 1861 2357 1900 se
2383 1847 2566 1900 videre
2594 1854 2809 1915 putant,
2844 1846 2909 1899 iis
2939 1845 3122 1898 amicti
3166 1846 3381 1898 Antonii
3422 1845 3623 1898 monita
3653 1854 3879 1914 gestare

630 1928 836 1983 diarum
858 1931 1016 1987 ﬁnem
1036 1935 1177 1999 fecit,
1199 1952 1373 2007 neque
1398 1938 1553 1993 desiit
1576 1943 1887 1996 occasiones
1918 1944 2191 2011 aucupari,
2226 1933 2267 1985 Β
2298 1951 2356 1991 se
2379 1936 2733 1991 arbitrantur.
2788 1937 2861 1990 lla
2925 1937 3178 1989 nimirum
3206 1934 3531 1989 AlhanaSiUS
3561 1934 3690 1989 dum
3737 1934 3880 1988 ίηεῖο

630 2021 976 2091 minasquein
996 2041 1174 2081 senem
1197 2029 1481 2084 intentare.
1503 2032 1858 2087 Accesserant
1874 2036 2189 2089 Arianorum

630 2112 1050 2183 criminationes,
1075 2120 1440 2189 querimoniae,
1478 2124 1779 2178 maledicta.
1796 2127 2025 2179 Aiebant
2047 2141 2187 2191 eum,

627 2204 821 2257 nedum
851 2207 1203 2263 Athanasium
1229 2211 1530 2279 damnaret,
1556 2216 1798 2269 haeresim
1826 2216 2079 2270 Arianam
2107 2218 2189 2270 di-

628 2296 704 2350 ris
739 2312 932 2352 vovere
958 2308 1119 2369 atque
1149 2304 1505 2370 proscribere,
1528 2307 1885 2377 omnibusque
1919 2319 2189 2363 auctorem

624 2401 745 2443 esse
772 2398 828 2442 ut
856 2390 1011 2445 ﬁdem
1036 2394 1357 2448 catholicam
1392 2397 1656 2464 integram
1694 2399 2057 2469 intactamque
2079 2416 2192 2455 ser-

624 2490 770 2535 vent.
800 2482 1020 2550 Insuper
1054 2496 1274 2540 monent
1302 2486 1670 2541 Constantium
1692 2489 1979 2558 ,plurimos
2010 2493 2060 2545 in
2099 2490 2192 2545 Hi-

623 2572 808 2638 Spania
848 2575 1031 2628 eadem
1054 2590 1172 2631 esse
1220 2585 1379 2645 atque
1417 2577 1631 2633 Hosiutn
1661 2581 1940 2647 sententia,
1965 2596 2187 2651 quorum

623 2661 913 2731 imperator
961 2666 1214 2737 suﬁragia
1264 2671 1521 2724 adversus
1560 2671 1912 2727 Athanasium
1957 2674 2191 2741 postula-

622 2753 735 2808 bat.
766 2754 826 2809 Hi
859 2772 976 2810 cum
1015 2774 1117 2813 non
1151 2770 1292 2815 metu
1336 2762 1699 2830 imperatoris,
1725 2779 1829 2818 non
1861 2765 2039 2831 minis,
2083 2782 2185 2820 non

621 2845 1099 2912 pollicitationibus
1150 2867 1214 2907 eo
1262 2852 1452 2908 adduci
1486 2863 1727 2923 possent,
1757 2855 1808 2908 in
1844 2853 2062 2909 Hosium
2098 2857 2190 2910 du-

622 2951 739 2991 cem
769 2942 992 2994 vertitur
1017 2942 1316 2998 Constantii
1352 2944 1523 3003 furor.
1557 2946 1778 3001 Accitus
1804 2946 1986 3017 itaque
2021 2963 2185 3004 senex

623 3020 767 3084 anno
794 3030 1001 3102 integro
1029 3033 1211 3089 Sirmii
1244 3036 1534 3092 detinetur.
1564 3037 1671 3093 Res
1709 3052 1965 3107 quorsum
1999 3052 2187 3094 evase-

623 3119 718 3185 rit,
756 3121 893 3175 inl‘ra
923 3135 1268 3181 memoratur.

686 3214 777 3269 21.
814 3215 1118 3287 Pro/ligatis
1171 3220 1288 3273 aliis
1339 3220 1674 3276 Constantius
1719 3222 2068 3277 Athanasium
2094 3238 2185 3293 ag-

616 3309 872 3379 greditur.
892 3339 967 3361 .—
1002 3310 1348 3367 Constantius
1394 3314 1581 3383 igitur,
1617 3323 1898 3382 postquam
1951 3324 2179 3379 terrore,

618 3401 803 3461 minis,
836 3400 1041 3463 exsilio,
1076 3403 1229 3457 malis
1274 3405 1479 3458 artibus
1506 3405 1784 3473 episcopos
1829 3421 1964 3474 pene
1993 3421 2182 3462 omnes

617 3492 1087 3562 autproﬁigasset,
1119 3503 1211 3548 aut
1261 3496 1324 3548 ad
1360 3496 1758 3552 simulationem
1810 3499 2177 3567 compulisset,

613 3582 724 3651 jam
766 3585 816 3636 in
846 3584 1198 3638 Athanasium
1241 3586 1518 3641 machinas
1547 3588 1775 3643 intendit
1811 3591 1884 3661 (a)
1913 3608 1928 3652 ;
1960 3592 2182 3661 promis-

618 3686 800 3725 sorum
841 3671 1047 3726 scilicet
1091 3674 1312 3737 oblitus,
1358 3675 1639 3730 immemor
1682 3677 1993 3747 juramenti.
2046 3680 2177 3735 Nam

616 3762 707 3830 qui
737 3761 900 3817 semel
934 3778 963 3815 a
994 3764 1218 3819 veritate
1255 3764 1489 3833 deﬂexit,
1528 3768 1615 3823 hic
1662 3784 1766 3823 non
1820 3771 2020 3841 majore
2054 3772 2181 3828 reli-

616 3856 774 3924 gione
823 3856 890 3909 ad
946 3854 1236 3926 pcrjurium
1278 3874 1439 3928 quam
1474 3862 1539 3914 ad
1576 3864 1907 3919 mendacium
1960 3869 2177 3934 perduci

616 3948 921 4001 consuevit.
974 3947 1085 4002 Hoc
1137 3962 1313 4004 autem
1346 3952 1540 4007 callide
1592 3954 1806 4009 Arianis
1840 3958 2175 4024 auctoribus,

617 4047 900 4107 postquam
946 4041 1231 4109 praesulum
1276 4043 1487 4098 turbam
1528 4045 1580 4098 in
1614 4062 1740 4100 suas
1766 4047 2182 4117 allexissetpar-

619 4141 718 4192 tes,
749 4146 1035 4201 aggressus
1064 4144 1164 4199 est,
1183 4150 1246 4188 eo
1274 4136 1520 4190 nimirum
1549 4139 1867 4202 consilio,ut
1894 4142 2177 4194 multorum

616 4221 915 4275 antistitum
951 4224 1199 4295 snﬂragia
1239 4236 1510 4283 ostentare
1542 4240 1757 4296 posset,
1784 4230 2180 4300 Athanasioque

615 4327 721 4366 non
752 4314 909 4367 modo
936 4317 1220 4371 retinendae
1239 4320 1533 4389 dignitatis,
1551 4321 1640 4375 sed
1661 4321 1820 4375 etiam
1846 4321 2181 4390 deplorandas

615 4405 934 4461 calamitatis
988 4409 1245 4464 adimeret
1297 4420 1633 4479 potestatem.
1687 4412 1869 4481 Itaque
1939 4414 2179 4467 concita-

619 4502 704 4545 tus
736 4492 1024 4561 imperator
1055 4495 1123 4548 ab
1145 4498 1380 4564 Arianis,
1412 4501 1641 4569 primum
1678 4500 1882 4555 litteras
1911 4501 2076 4555 mittit
2112 4502 2177 4556 ad

614 4587 801 4638 ducem
850 4595 903 4640 et
931 4588 995 4639 ad
1047 4587 1260 4655 milites,
1288 4592 1663 4646 interminatus
1695 4592 1828 4645 iram
1861 4607 2036 4657 suam,
2068 4594 2174 4648 nisi
2209 4618 2251 4672 ι)

612 4676 777 4744 probe
805 4686 989 4731 contra
1038 4679 1390 4734 Athanasium
1437 4698 1546 4736 rem
1600 4691 1867 4753 gererent.
1906 4682 2177 4753 Legantur

615 4766 740 4819 item
774 4768 966 4821 notarii
1010 4769 1270 4839 Diogenes
1304 4780 1359 4825 et
1384 4771 1639 4836 Hilarius,
1675 4783 1728 4827 et
1759 4790 1862 4827 una
1906 4790 2025 4828 cum
2074 4774 2178 4829 illis

614 4855 834 4924 palatini
862 4859 1102 4925 quidam.
1132 4860 1329 4915 Horum
1370 4864 1655 4919 consilium
1697 4874 1815 4919 erat
1849 4875 1904 4918 ut
1936 4865 2176 4919 Athana-

614 4946 752 5000 sium
776 4950 896 5004 dolo
922 4951 1241 5005 Alexandria
1282 4956 1649 5021 extraherent,
1682 4967 1735 5011 et
1768 4958 2003 5025 quidem,
2028 4966 2085 5010 ut
2111 4974 2174 5012 ex

616 5039 952 5107 imperatoris
975 5041 1163 5098 litteris
1188 5055 1366 5113 postea
1394 5050 1760 5103 memorandis
1785 5050 2044 5118 liquidum
2070 5059 2174 5114 est,

615 5132 774 5186 nullis
838 5148 941 5186 non
994 5135 1182 5201 malis,
1229 5138 1336 5191 imo
1378 5149 1432 5192 et
1475 5150 1646 5193 morte
1704 5139 2057 5193 multandum.
2104 5140 2159 5193 Si

615 5237 843 5290 namque
872 5224 1045 5292 palam
1077 5238 1130 5281 et
1154 5229 1291 5282 intra
1322 5231 1470 5284 urbis
1502 5232 1696 5285 mtenia
1721 5231 1975 5285 manusin
2008 5232 2174 5284 Atha-

612 5313 819 5367 nasium
840 5316 1098 5371 violentas
1117 5321 1560 5386 intulissent,non
1588 5323 1770 5375 deerat
1798 5322 2070 5375 turbarum
2093 5330 2174 5374 tu-

611 5404 979 5476 tnultuumque
1012 5408 1258 5466 formido.
1286 5412 1461 5478 Quare
1488 5420 1605 5473 astu
1634 5411 1976 5479 providerant
1999 5413 2166 5463 virum

612 5495 828 5563 pellere,
877 5500 1156 5570 populique
1216 5503 1463 5570 prmsidio
1509 5502 1821 5555 subducere.
1866 5499 2165 5567 lnterhmc,

612 5586 927 5644 imminente
961 5592 1277 5646 Arianorum
1326 5592 1528 5656 furore,
1560 5592 1692 5645 obiit
1728 5608 1947 5658 magnus
1977 5592 2064 5649 ille
2088 5597 2168 5648 de-

683 5788 758 5862 (ᾳ)
794 5791 993 5848 Athan.
1020 5795 1158 5847 Hist.
1184 5795 1369 5846 Arimt.
1403 5795 1471 5847 at!
1503 5794 1769 5849 monac/1..
1796 5813 1845 5847 n.
1874 5796 1957 5861 47,
1983 5797 2067 5862 48,
2095 5796 2179 5851 50.

689 5860 759 5930 (ὁ)
796 5863 991 5915 Athan.
1026 5865 1077 5917 in
1114 5862 1227 5916 Vita
1260 5866 1491 5929 Antonii,
1527 5882 1577 5917 η.
1620 5867 1708 5927 9|,
1747 5865 1831 5918 9‘2.

2293 2029 2397 2083 diis
2425 2030 2791 2085 cunuchorum
2824 2030 3251 2097 Arianorumque
3298 2029 3684 2096 impeteretur,
3734 2027 3875 2080 viris

2294 2119 2387 2173 Dei
2438 2122 2730 2188 percharus
2775 2132 2893 2174 erat
2944 2130 2997 2173 et
3051 2121 3100 2173 in
3149 2120 3355 2173 amicis.
3409 2118 3617 2171 Interea
3666 2119 3872 2171 notarii

2297 2212 2648 2266 adventantes
2689 2212 3068 2266 Alexandriam
3096 2211 3240 2281 jnssa
3282 2211 3579 2265 Constantii
3616 2224 3719 2264 nec
3764 2208 3873 2263 im-

2294 2304 2442 2373 pigre
2469 2304 2688 2371 cxseqni
2725 2311 3012 2357 conantur.

2360 2397 2508 2447 ANNO
2567 2393 2691 2447 556.
2748 2394 2798 2447 l.
2843 2391 3111 2460 Diogenes,
3178 2389 3416 2443 Hilarius
3485 2400 3531 2444 et
3591 2389 3867 2459 Syrianus

2291 2492 2475 2536 contra
2515 2483 2861 2535 Athanasium
2897 2496 3002 2534 rem
3048 2490 3251 2548 gerunt.
3291 2511 3359 2521 —
3395 2481 3656 2550 Diogenes
3698 2496 3867 2549 porro

2291 2576 2466 2629 nullas
2505 2576 2573 2630 ab
2613 2576 2936 2644 imperatore
2976 2556 3129 2629 datds
3177 2574 3383 2627 litteras
3418 2573 3640 2627 tradidit
3686 2573 3867 2626 Atha-

2291 2665 2461 2729 nasio,
2490 2680 2585 2719 nec
2608 2666 2663 2718 in
2688 2665 2804 2734 ejus
2827 2679 3057 2733 unquam
3091 2674 3435 2733 conspectum
3472 2663 3637 2718 venit.
3668 2662 3866 2733 Syria-

2291 2772 2390 2811 nus
2425 2766 2598 2812 autem
2635 2757 2739 2812 dux
2775 2756 3016 2829 Egypti,
3051 2759 3134 2813 vel
3162 2758 3257 2812 sub
3290 2758 3426 2811 idem
3453 2771 3561 2825 quo
3593 2756 3868 2825 Diogenes

2290 2860 2519 2920 tempus,
2558 2850 2643 2904 vel
2683 2851 2867 2920 paucis
2915 2859 3033 2921 post
3081 2849 3302 2913 diebus,
3342 2849 3728 2905 Alexandriam
3774 2851 3867 2905 in-

2288 2952 2520 3007 gressus,
2554 2938 2757 2992 instare
2773 2939 3074 3008 jubereque
3095 2947 3150 2993 ut
3173 2938 3503 2993 Athanasius
3518 2939 3862 2994 Alexandria

2287 3029 2571 3083 decederet
2603 3028 2693 3099 (c).
2720 3030 2905 3084 Ariani
2939 3041 3115 3085 autem
3143 3032 3339 3100 ubique
3376 3045 3657 3101 spargere,
3687 3032 3739 3085 id
3766 3032 3865 3086 lit-

2288 3121 2437 3185 teris,
2462 3120 2694 3189 idjussis
2714 3123 3076 3192 imperatoriis
3103 3122 3249 3177 ferri.
3274 3121 3668 3179 Sciscitabatur
3694 3138 3863 3192 porro

2287 3227 2355 3267 ex
2400 3213 2629 3283 Syriano
2662 3215 3020 3281 Athanasius,
3055 3231 3180 3270 num
3223 3232 3317 3271 eas
3370 3232 3503 3285 quas
3525 3216 3864 3287 jactitabant

2285 3305 2472 3359 Ariani
2523 3306 2728 3361 litteras
2776 3322 2941 3376 penes
2972 3322 3029 3363 se
3071 3309 3314 3362 haberet.
3357 3308 3490 3363 Cum
3537 3319 3718 3362 autem
3747 3324 3860 3362 non

2284 3398 2482 3451 habere
2522 3412 2580 3451 se
2618 3398 2861 3461 dixisset,
2896 3414 3082 3467 rogare
3110 3400 3454 3465 Athanasius,
3497 3410 3557 3454 ut
3595 3400 3681 3453 vel
3734 3401 3861 3465 ipse

2284 3488 2567 3559 Syrianus,
2594 3489 2673 3542 vel
2712 3490 2998 3559 prmfectns
3034 3489 3250 3561 [Egypli
3287 3490 3550 3546 Maximus
3595 3492 3703 3546 hoc
3750 3492 3863 3546 sibi

2277 3582 2483 3651 jussum
2524 3582 2725 3651 scripto
2757 3583 3047 3637 traderent.
3079 3582 3233 3648 Nam,
3263 3585 3338 3637 uti
3386 3599 3546 3651 supra
3578 3600 3862 3639 memora-

2284 3682 2414 3735 tum,
2456 3672 2809 3728 Athanasium
2834 3674 3179 3731 Constantius
3204 3674 3439 3745 iusserat
3478 3676 3643 3731 nullis
3665 3678 3859 3731 inimi-

2280 3780 2466 3820 corum
2496 3764 2686 3819 fraude
2737 3768 2941 3837 sparsis
2990 3768 3300 3821 rnmoribus
3333 3767 3560 3831 moveri,
3594 3768 3691 3822 sed
3729 3784 3859 3823 cum

2280 3872 2414 3926 pace
2470 3856 2721 3927 populum
2776 3858 3006 3913 edocere
3071 3873 3247 3911 veram
3301 3857 3670 3926 religionem:
3717 3858 3862 3913 velle

2280 3962 2513 4018 namque
2545 3964 2605 4004 se
2653 3958 2711 4003 ut
2749 3950 3037 4020 tranquille
3076 3950 3297 4019 degeret
3346 3951 3398 4004 in
3448 3966 3542 4005 sua
3587 3952 3858 4020 parmcia.

2281 4042 2406 4098 llaec
2439 4057 2602 4097 causa
2627 4054 2763 4110 erat,
2796 4054 2853 4097 ut
2887 4044 3095 4098 nonnisi
3123 4044 3422 4097 Constantii
3454 4043 3606 4113 jussu
3634 4045 3860 4099 civitate

2281 4134 2540 4188 decedere
2596 4133 2775 4188 vellet.
2814 4133 2869 4188 Id
2905 4136 3074 4203 ipsum
3126 4135 3191 4187 ad
3243 4134 3531 4205 Syrianum
3588 4135 3860 4189 adeuntes

2281 4226 2593 4294 populares,
2628 4226 2950 4296 presbyteri,
2975 4224 3179 4288 clerici,
3223 4239 3455 4293 parsque
3501 4225 3741 4277 maxima
3773 4225 3857 4278 ci-

2279 4317 2462 4370 vitatis
2488 4315 2849 4384 postnlahant,
2880 4326 3141 4383 prasente
3192 4314 3423 4370 Maximo
3457 4314 3678 4385 [Egypti
3715 4330 3861 4384 prte-

2281 4405 2743 4461 fectoznimirum
2789 4406 2871 4459 vel
2923 4406 3127 4460 litteras
3163 4407 3322 4473 tradi,
3371 4407 3414 4460 si
3473 4422 3593 4475 qua:
3632 4409 3855 4463 tandem

2281 4508 2493 4566 essent;
2522 4499 2605 4553 vel
2637 4499 2931 4554 Ecclesiam
2967 4515 3069 4553 non
3104 4499 3305 4553 turbari
3335 4539 3349 4563 ,
3381 4500 3555 4555 donec
3589 4515 3651 4554 ea
3689 4501 3757 4554 de
3794 4517 3858 4554 re

2280 4590 2461 4645 missis
2486 4591 2790 4645 oratoribus
2824 4606 2945 4644 cum
2979 4592 3303 4661 imperatore
3343 4604 3613 4659 ageretur.
3646 4592 3858 4663 Populo

2282 4682 2480 4737 acriter
2527 4682 2761 4736 instante
2784 4721 2799 4745 ,
2833 4683 3131 4752 Syrianus,
3162 4683 3275 4738 sive
3322 4686 3462 4750 quod
3503 4695 3854 4754 perspectum

2283 4776 2503 4829 haberet
2531 4789 2692 4844 quam
2725 4790 2876 4844 asque
2910 4776 3197 4842 postulatio
3228 4784 3388 4840 esset,
3415 4776 3531 4829 sive
3561 4778 3705 4844 quod
3737 4795 3854 4833 mo-

2285 4879 2392 4921 tum
2424 4866 2868 4934 seditionemque,
2892 4866 3157 4919 concitata
3192 4865 3364 4934 plebe,
3391 4877 3684 4929 metueret,
3716 4885 3858 4937 pra-

2282 4968 2432 5011 sente
2478 4966 2607 5011 tunc
2663 4956 2886 5019 Hilario,
2921 4958 3447 5026 inspectantibusque
3495 4959 3701 5024 multis,
3758 4976 3859 5029 per

2277 5048 2501 5102 salutem
2537 5048 2835 5101 Constantii
2863 5048 3147 5116 pollicetur
3173 5062 3232 5101 se
3272 5049 3403 5103 nihil
3440 5049 3565 5104 mali
3594 5052 3853 5107 Athana-

2276 5142 2356 5193 sio
2387 5138 2467 5192 vel
2499 5138 2739 5193 ecclesia:
2762 5140 3058 5203 illaturum,
3092 5152 3377 5211 antequam
3411 5158 3522 5197 rem
3563 5145 3853 5202 detulisset

2275 5232 2339 5284 ad
2374 5230 2762 5288 Constantium.
2790 5231 2954 5301 Cujus
2983 5235 3059 5288 rei
3087 5244 3248 5289 testes
3280 5248 3433 5289 erant
3465 5237 3719 5293 cohortes
3751 5240 3855 5294 du-

2275 5322 2374 5383 cis,
2398 5322 2747 5391 prmlectique
2807 5324 3046 5389 Maximi,
3079 5326 3168 5395 qui
3219 5325 3481 5395 ejusmodi
3514 5330 3849 5401 rescriptum

2275 5429 2438 5481 penes
2464 5430 2522 5468 se
2553 5415 2793 5468 retinuit.
2815 5414 2945 5480 Quae
2974 5431 3137 5484 porro
3162 5433 3320 5471 causa
3352 5430 3515 5485 esset,
3548 5422 3691 5489 quod
3723 5438 3849 5477 cum

2276 5506 2616 5568 Athanasius,
2650 5515 2758 5559 tum
2792 5508 2940 5575 plebs
2972 5509 3351 5576 Alexandrina,
3384 5512 3535 5567 ducis
3570 5512 3731 5568 ﬁdem
3760 5515 3850 5569 in-

2278 5599 2483 5667 terponi
2539 5608 2827 5672 curarent,
2872 5601 2982 5668 ipse
3041 5602 3216 5669 aperit
3258 5601 3603 5660 Athanasius.
3641 5606 3850 5660 Aderat

2360 5797 2428 5863 (ε)
2461 5797 2654 5873 Athan.
2688 5798 2833 5873 Apol.
2878 5800 2946 5873 ad
2983 5798 3276 5873 Constant,
3320 5816 3372 5855 tt.
3406 5801 3468 5855 19
3496 5811 3548 5857 cl
3579 5817 3758 5873 seqq.,
3786 5813 3847 5858 et

2276 5866 2619 5922 11ἰδΙ-.Ανὲιεη.
2647 5869 2711 5919 ad
2742 5870 3040 5935 innuat/tos,
3074 5885 3123 5922 n.
3157 5869 3243 5924 5'2.
