4038 6536
1533 446 1690 502 VITA
1733 450 1787 502 S.
1830 449 2218 507 ATHANASII.

140 561 324 619 scilicet
354 564 592 637 ingens
622 572 918 641 suspicio
945 572 1273 635 insidiarum,
1301 586 1405 625 non
1435 582 1636 626 tantum
1667 574 1788 641 quia
1821 581 1865 635 Α
1897 584 2126 629 traxere.
2166 575 2430 644 Raptatus
2472 584 2648 630 autem
2686 574 2797 639 ille,
2851 590 2912 631 ac
2954 577 3063 631 Deo
3102 576 3237 632 duce
3272 592 3460 630 mona-

144 658 268 713 nollo
295 657 502 714 oblato
545 661 969 731 imperatoris
1022 665 1277 731 rescripto
1312 662 1517 730 jussum
1550 680 1669 717 esse
1707 666 1787 733 ja-
1891 668 2217 735 cborumqne
2248 679 2303 722 et
2336 667 2650 721 clericorum
2675 683 2773 738 ope
2799 668 2882 721 via
2914 668 3054 722 facta
3079 670 3219 724 inter
3238 670 3460 724 strictos

3278 470 3459 511 CXXV"

150 754 377 804 ctitarent
415 762 487 806 ut
529 755 937 810 Athanasius
980 756 1297 810 Alexandria
1344 756 1645 821 exi-ederet,
1694 755 1785 808 sed

152 847 288 897 etiam
318 846 459 914 quia
506 850 835 916 permulti
863 866 984 903 cum
1014 850 1237 919 Syriano
1262 860 1441 902 essent
1476 848 1659 900 Ariani
1692 862 1785 901 co-

156 938 287 991 mites
315 938 700 1006 quibuscum
743 942 849 997 ille
883 942 1117 1011 quotidie
1139 941 1454 1009 epulabatur
1477 956 1539 993 ac
1564 940 1785 993 consilia

160 1030 321 1095 inibat,
350 1040 414 1083 ut
473 1031 599 1087 nisi
650 1048 878 1088 eorum
930 1034 1184 1087 arbitratu
1233 1032 1373 1085 nihil
1422 1041 1621 1098 ageret.
1659 1031 1786 1097 Qua:

163 1126 313 1177 omnia
351 1134 586 1180 certam
654 1127 827 1182 male
867 1127 1176 1197 suspicandi
1222 1140 1442 1180 causam
1492 1126 1786 1178 Athanasio

169 1218 415 1274 aberrent.
491 1218 652 1273 Cum
726 1222 1015 1292 Syrianus
1067 1222 1244 1289 itaque
1303 1220 1507 1273 decima
1562 1218 1784 1287 septima

175 1310 386 1366 Januarii
424 1313 608 1368 fidem
650 1314 740 1368 ita
782 1314 1047 1379 dedisset,
1079 1315 1302 1383 populus
1344 1315 1516 1374 laetus,
1555 1329 1617 1367 ac
1654 1317 1785 1366 bene

182 1422 333 1461 secum
361 1415 560 1460 actum
596 1422 740 1461 esse
766 1417 1002 1477 putans,
1030 1407 1377 1461 conventibus
1404 1406 1784 1459 ecclesiasticis

184 1498 399 1560 vacabat,
436 1497 601 1551 omni
640 1500 842 1565 posito
890 1508 1031 1551 metu
1062 1513 1123 1551 ac
1148 1497 1470 1565 suspicione.
1520 1495 1623 1548 Sed
1654 1496 1783 1549 insi-

191 1592 312 1644 diosa
343 1591 633 1659 promissa
673 1590 866 1645 fuisse
900 1592 1078 1644 exitus
1116 1589 1505 1658 comprobavit.

242 1683 290 1736 2.
324 1682 601 1751 Syriamts
646 1692 820 1736 noctu
851 1682 1126 1735 ecclesiam
1157 1682 1373 1734 invadit.
1402 1678 1581 1735 dees
1611 1697 1786 1749 perpe-

193 1785 339 1827 tratis.
362 1774 714 1827 Athanasius
739 1790 800 1827 se
828 1773 1094 1827 subducit.
1114 1801 1181 1812 -—
1212 1772 1340 1826 Nam
1372 1772 1568 1841 elapsis
1596 1773 1781 1843 viginti

195 1869 342 1921 tribus
372 1882 401 1919 a
446 1867 585 1919 data
620 1867 739 1922 fide
794 1866 1017 1930 diebus,
1049 1866 1265 1920 ineunte
1310 1882 1447 1919 nona
1477 1865 1777 1929 Februarii,

195 1963 300 2013 dum
331 1959 696 2030 pervigilium
752 1960 949 2029 agitur
978 1960 1353 2029 subsequentis
1394 1963 1448 2015 in
1485 1961 1779 2014 Parasceve

194 2065 460 2121 synaxeos,
490 2050 687 2103 media
718 2050 955 2105 circiter
988 2059 1158 2115 nocte,
1182 2053 1282 2105 dux
1305 2053 1575 2106 exercitus
1595 2052 1779 2124 Syria-

192 2161 281 2197 nus
295 2145 593 2213 derepente
622 2160 753 2199 cum
783 2144 1051 2199 militibus
1068 2146 1390 2216 irrupitplus
1410 2148 1643 2216 quinque
1668 2146 1784 2199 mil-

190 2237 340 2299 libus,
365 2239 458 2307 qui
501 2238 722 2305 armis,
757 2238 978 2292 strictis
1004 2238 1211 2308 gladiis,
1246 2242 1505 2303 arcubus,
1540 2241 1675 2304 telis,
1702 2240 1783 2292 fu-

190 2332 371 2395 stibus,
389 2332 569 2402 galeis
596 2332 857 2386 instructi
891 2342 1051 2387 erant
1070 2333 1167 2401 (α).
1192 2335 1365 2401 Atque
1392 2333 1785 2388 concitantibus

189 2425 586 2493 comitibusque
626 2424 860 2478 Arianis
887 2464 901 2486 ,
940 2424 1223 2478 ecclesiam
1278 2426 1458 2479 densis
1512 2426 1784 2479 collocatis

187 2517 480 2580 militibus,
524 2532 631 2572 ceu
681 2532 873 2571 arcem
914 2518 1199 2585 quamdam
1247 2518 1547 2571 hostiumve
1606 2529 1782 2572 castra

187 2610 561 2675 circumsedit,
594 2624 664 2664 ne
709 2610 839 2677 quis
880 2620 1061 2679 posset
1091 2611 1343 2665 evadere.
1374 2608 1508 2663 Tum
1542 2610 1783 2664 Athana-

188 2705 321 2765 sius,
358 2714 512 2757 ratus
547 2719 660 2757 non
695 2703 854 2772 probi
896 2705 1129 2771 pastoris
1154 2719 1271 2757 esse
1301 2718 1516 2772 gregem
1551 2704 1600 2756 in
1640 2713 1786 2756 tanto

186 2798 410 2851 tumultu
450 2799 740 2863 deserere,
776 2812 844 2850 ac
888 2811 948 2851 se
988 2795 1154 2851 solum
1202 2796 1499 2851 subducere
1530 2798 1784 2867 periculo,

183 2890 234 2942 in
264 2890 465 2944 throno
491 2888 699 2945 sedens
727 2890 965 2944 diacono
989 2887 1146 2956 jussit
1185 2900 1242 2942 nt
1273 2888 1538 2943 Psahnum
1568 2889 1784 2959 legeret,

179 2983 489 3052 populoque
520 2994 585 3036 ut
613 2982 1001 3051 responderet,
1028 2979 1284 3045 Quoniam
1320 2982 1376 3034 in
1402 2992 1650 3035 internum
1684 2981 1784 3033 mi-

181 3075 472 3129 sericordia
498 3073 641 3143 ejus,
662 3088 729 3128 ac
754 3088 953 3128 omnes
980 3073 1230 3142 deinceps
1254 3087 1312 3127 se
1343 3076 1664 3142 reciperent,
1695 3076 1789 3126 ab-

182 3167 434 3237 ireutque
489 3167 744 3221 domum.
795 3163 1000 3218 Verum
1034 3174 1250 3233 peracta
1284 3164 1536 3229 lectione,
1561 3164 1787 3235 populo-

1890 758 2094 827 gladios
2118 767 2170 811 et
2209 760 2512 820 carniﬁces,
2552 760 2640 828 qui
2686 761 2735 814 ei
2787 776 2969 813 necem
3013 760 3293 829 parabant,
3326 776 3462 829 pene

1889 851 2225 903 exanimatus
2268 852 2317 903 vi
2364 852 2693 905 trahentium
2727 861 2778 905 et
2822 854 3223 921 compressione
3268 854 3458 917 turbae,

1888 941 2027 994 clam
2078 942 2336 995 militibus
2390 944 2609 996 numine
2655 943 2969 1010 providente
3002 944 3295 1007 discessit;
3332 943 3460 997 licet

1888 1046 2010 1098 pars
2045 1034 2338 1085 sacrarium
2367 1034 2847 1099 circumsisterent,
2892 1049 3014 1103 pars
3040 1033 3322 1088 ecclesiam
3367 1034 3463 1087 ob-

1886 1126 2143 1177 siderent.
2176 1125 2252 1178 Ac
2280 1128 2329 1178 in
2361 1135 2473 1178 tuto
2495 1142 2616 1179 cum
2645 1126 2763 1191 fuit,
2792 1127 2980 1197 dignas
3005 1128 3199 1181 divina:
3246 1127 3459 1181 miseri-

1887 1217 2083 1269 cordia:
2142 1217 2344 1284 gratias
2400 1219 2597 1281 retulit,
2628 1221 2789 1286 quod,
2846 1234 2945 1273 nec
2988 1219 3184 1289 p0pulo
3224 1220 3460 1282 deserto,

1888 1309 2225 1362 inimicorum
2266 1325 2453 1364 manus
2504 1313 2734 1365 evadere
2792 1312 3050 1366 licuisset.
3095 1312 3299 1366 Exinde
3333 1327 3463 1367 vero

1890 1400 2147 1471 Syrianus
2174 1412 2228 1455 et
2270 1401 2509 1457 Hilarius
2544 1403 2635 1456 ubi
2673 1413 2906 1473 stragem
2932 1419 3288 1473 conspexere,
3321 1405 3464 1459 mili-

1890 1495 2031 1547 tibus
2073 1495 2403 1563 imperarunt
2427 1505 2481 1548 ut
2510 1495 2886 1549 defunctorum
2920 1511 3143 1567 corpora
3168 1498 3459 1553 amoliren-

1888 1594 2003 1647 tur,
2056 1584 2108 1637 in
2155 1585 2458 1654 abditisque
2513 1586 2645 1639 locis
2690 1586 3041 1654 deponerent.
3092 1588 3462 1641 Sanctissimae

1885 1689 2046 1742 porro
2070 1675 2325 1743 virgines,
2362 1692 2477 1744 qua:
2512 1691 2661 1729 cmsa:
2699 1678 2893 1731 relicta:
2930 1678 3162 1743 fuerant,
3193 1677 3243 1729 in
3274 1693 3466 1731 monu-

1886 1770 2079 1821 mentis
2102 1768 2321 1837 sepultze
2351 1779 2493 1831 sunt,
2517 1771 2761 1838 martyrii
2792 1771 3017 1840 gloriam
3046 1771 3174 1840 ipsis
3200 1769 3466 1823 Constan-

1888 1860 1944 1913 tii
2003 1861 2091 1929 qui
2139 1860 2609 1915 sca-Christianum
2664 1864 3052 1933 proﬁtebatur,
3131 1864 3465 1933 temporibus

1887 1951 2111 2020 adeptze.
2142 1952 2361 2005 Diaconi
2396 1961 2575 2006 autem
2610 1954 2662 2006 in
2712 1955 2841 2022 ipsa“
2874 1953 3102 2009 ecclesia
3135 1953 3305 2023 plagis
3334 1969 3466 2008 con-

1884 2044 1976 2097 cisi
2005 2057 2067 2095 ac
2092 2044 2280 2097 reclusi
2308 2055 2451 2097 sunt.

1954 2136 2005 2189 '5.
2040 2134 2357 2189 Conlestatio
2380 2135 2883 2190 Alexandrinorum.
2940 2166 3010 2175 -—
3052 2135 3231 2205 Neque
3281 2146 3457 2189 tamen

1883 2227 1971 2281 hic
1995 2227 2235 2280 constitit
2272 2225 2465 2281 scelus.
2524 2226 2657 2281 Nam
2710 2238 2828 2296 post
2860 2244 2919 2282 ea
2949 2238 3097 2299 gesta
3146 2228 3243 2298 (ὁ),
3287 2228 3462 2297 quivis

1891 2320 2154 2373 arbitratu
2177 2335 2273 2374 suo
2301 2335 2458 2389 quam
2495 2330 2675 2390 posset
2700 2322 2921 2390 januam
2963 2320 3336 2391 confringebat
3356 2361 3373 2387 ,
3404 2329 3462 2373 ut

1884 2413 2039 2467 obvia
2079 2428 2301 2483 quaeque
2322 2414 2595 2482 diriperet.
2632 2413 2742 2467 lino
2763 2414 2829 2468 ad
2858 2429 2919 2469 ea
2945 2413 3056 2467 loca
3085 2423 3457 2482 penetrarunt,

1892 2520 1997 2573 quo
2034 2519 2099 2560 ne
2126 2503 2447 2559 Christianis
2484 2504 2698 2574 quidem
2744 2503 2995 2559 omnibus
3031 2503 3189 2557 liceat
3230 2503 3458 2573 ingredi.

1887 2595 1982 2651 llis
2010 2596 2141 2649 locis
2192 2605 2298 2649 tam
2349 2596 2553 2650 sanctis
2594 2611 2784 2650 manus
2821 2596 3013 2664 impias
3060 2609 3123 2649 ac
3168 2595 3463 2665 sacrilegas

1889 2683 2080 2739 afferre
2121 2684 2235 2739 ausi
2271 2695 2399 2739 sunt
2426 2684 2671 2740 scelerati
2702 2686 2948 2739 homines
2970 2725 2985 2748 ,
3018 2701 3045 2737 a
3071 2686 3268 2754 quibus
3291 2687 3453 2738 etiam

1888 2779 2074 2833 oculos
2109 2780 2364 2835 cohibere
2392 2778 2669 2847 religionis
2706 2778 2829 2847 jura
2863 2780 3153 2848 cogebant.
3188 2777 3314 2832 Haec
3366 2794 3463 2831 au-

1890 2881 1993 2926 tem
2026 2882 2286 2940 praesente
2315 2873 2431 2941 ipso
2460 2872 2805 2927 Alexandria:
2845 2873 2980 2927 duce
3006 2872 3283 2941 Gorgonio
3312 2881 3459 2942 gesta

1890 2974 2035 3017 sunt.
2077 2964 2507 3018 Abscedentibus
2541 2980 2700 3033 porro
2741 2980 2797 3017 re
2843 2964 2979 3019 adeo
3007 2964 3267 3033 prmclare
3311 2972 3461 3033 gesta

1889 3055 2181 3118 militibus,
2252 3071 2431 3123 arma,
2477 3056 2617 3120 tela,
2662 3071 2817 3111 enses
2882 3057 2933 3109 in
2989 3056 3213 3109 ecclesia
3277 3057 3463 3110 relicta

1890 3154 2044 3212 sunt,
2076 3161 2194 3213 qua:
2229 3146 2449 3213 populus
2479 3146 2673 3199 ibidem
2706 3147 2987 3214 suspendit
3015 3146 3067 3200 in
3102 3147 3228 3201 facti
3254 3163 3459 3202 memo-

181 3271 287 3325 qoe
318 3266 605 3327 precante,
640 3271 671 3309 a
698 3255 971 3309 militibus
992 3254 1169 3325 januaa
1195 3255 1482 3311 confracta:
1517 3267 1660 3312 sunt.
1685 3257 1785 3311 Fo-

1892 3238 2046 3293 riain.
2082 3237 2215 3291 Nam
2244 3248 2523 3307 postquam
2558 3236 2713 3293 fracti
2748 3254 2811 3292 ac
2848 3240 3117 3308 perterriti
3170 3240 3459 3308 improvisa

184 3350 336 3404 ribus
364 3362 552 3403 autem
591 3349 643 3401 vi
671 3347 1043 3403 multitudinis
1068 3348 1370 3417 patefactis,
1392 3348 1607 3419 Syriani
1634 3349 1786 3419 jussu

183 3444 274 3495 alii
321 3446 556 3511 sagittas
608 3442 894 3504 emittere,
947 3442 1036 3496 alii
1097 3442 1346 3497 bellicum
1398 3458 1629 3507 canere;
1662 3443 1789 3498 hinc

184 3550 461 3589 armorum
519 3534 790 3604 strepitus
842 3534 1122 3598 insonare,
1177 3549 1336 3589 enses
1368 3535 1434 3588 ad
1484 3536 1785 3604 lampadum

185 3628 450 3699 fulgorem
510 3629 744 3683 micare.
782 3627 921 3682 Post
963 3627 1074 3681 ham
1119 3627 1353 3695 virgines
1388 3626 1599 3689 occisae,
1633 3626 1788 3681 multi

186 3721 620 3791 irrumpentibus
652 3719 929 3774 militibus
954 3732 1225 3783 corruere,
1269 3718 1362 3773 alii
1394 3718 1607 3788 sagittis
1654 3734 1781 3772 con-

188 3813 315 3869 fassi
351 3815 579 3869 cadere.
620 3811 860 3866 Militum
898 3824 1025 3878 pars
1056 3811 1122 3864 ad
1173 3812 1405 3879 praedam
1440 3812 1580 3866 versi
1629 3812 1791 3882 virgi-

190 3922 285 3960 nes
313 3907 624 3972 nudabant,
661 3903 868 3973 quibus
894 3902 980 3955 vel
1030 3903 1283 3957 minimus
1314 3904 1549 3957 virorum
1605 3912 1789 3958 conta-

186 4010 303 4054 ctus
333 4003 446 4070 ipsa
511 4008 701 4054 morte
732 3996 992 4052 acerbior
1020 3980 1169 4051 'erat.
1218 3996 1352 4051 Tum
1392 3998 1672 4067 episcopus
1698 4000 1789 4067 qui

187 4093 237 4145 in
275 4096 470 4148 throno
528 4092 794 4155 sedebat,
850 4099 1140 4156 conspecta
1183 4089 1334 4144 clade
1368 4101 1424 4143 et
1460 4090 1787 4153 calamitate,

184 4186 347 4254 surgit
369 4195 428 4239 et
455 4186 526 4239 ad
562 4196 767 4252 preces
809 4180 1151 4234 cohortatur.
1184 4180 1300 4234 Dux
1333 4189 1535 4245 autem,
1564 4181 1655 4250 qui
1687 4182 1785 4235 loci

184 4274 523 4327 sanctitatem
547 4270 823 4325 tantidem
850 4268 1039 4337 quanti
1068 4269 1221 4324 fidem
1250 4285 1401 4323 suam
1427 4269 1573 4334 fecit,
1597 4287 1788 4341 agmen

183 4359 366 4427 agebat
408 4360 619 4415 comite
656 4356 875 4411 Hilario
910 4358 1142 4421 notario,
1178 4360 1267 4427 qui
1293 4373 1355 4412 ea
1382 4361 1791 4415 rnaebinabatur

183 4463 292 4519 qua:
328 4466 517 4506 rerum
576 4449 777 4504 exitus
835 4445 1016 4515 palam
1074 4447 1219 4502 fecit.
1269 4447 1400 4501 Nam
1442 4448 1786 4513 Arianorum,

184 4556 398 4607 quorum
456 4541 676 4598 furoris
729 4536 1062 4592 administer
1098 4537 1195 4591 fuit
1224 4538 1331 4602 ille,
1374 4539 1474 4594 hoc
1506 4538 1787 4593 consilium

1890 3331 2193 3399 irruptione
2231 3325 2394 3383 animi
2431 3332 2899 3394 contirmatisunt,
2927 3341 3036 3385 tum
3072 3332 3461 3387 catholicorum

1894 3421 2178 3477 multitudo
2230 3433 2419 3477 coacta
2470 3424 2793 3492 rescriptum
2834 3423 3084 3488 edidere,
3136 3439 3241 3492 quo
3281 3439 3459 3478 rerum

1889 3516 2103 3586 indigne
2136 3528 2417 3586 gestarum
2452 3514 2658 3570 ferrent
2692 3517 3059 3570 testimonium
3082 3558 3095 3583 ,
3133 3532 3461 3572 commemo-

1890 3621 2181 3679 rarentque
2223 3612 2521 3666 contractas
2574 3610 2753 3674 fores,
2797 3610 3130 3664 invasionem
3174 3612 3227 3665 in
3283 3611 3453 3665 eccle-

1889 3704 2063 3769 siam,
2098 3704 2273 3758 credes
2293 3743 2308 3770 ,
2343 3704 2743 3771 expilationem,
2773 3703 2984 3771 aliaque
3017 3703 3068 3756 id
3098 3718 3287 3773 genus.
3313 3704 3462 3769 Quod

1893 3798 1983 3852 ubi
2008 3798 2271 3867 comperit
2302 3798 2408 3851 dux
2438 3797 2701 3868 Syrianus
2727 3836 2743 3861 ,
2785 3796 2979 3851 obvios
3008 3797 3057 3849 vi
3108 3796 3464 3866 compellebat

1889 3891 1955 3944 ad
1991 3892 2390 3945 testificandum
2414 3929 2428 3953 ,
2460 3891 2665 3944 nullum
2694 3891 2967 3945 exstitisse
2995 3890 3278 3943 tumultum
3301 3931 3316 3955 ,
3347 3889 3465 3942 nul-

1890 3986 1996 4038 lam
2022 3984 2220 4037 czcdem
2256 3983 2478 4037 factam.
2528 3981 2682 4049 Quod
2720 3998 2852 4037 sane
2890 3992 3268 4051 argumentum
3312 3993 3463 4049 erat,

1892 4075 2153 4143 injussnm
2192 4075 2342 4130 illum
2391 4075 2443 4129 id
2503 4076 2769 4131 facinoris
2817 4084 3177 4145 perpetrasse.
3230 4074 3466 4128 Alexan-

1891 4168 2031 4221 drini
2061 4175 2242 4221 autem
2266 4208 2281 4231 ,
2310 4175 2598 4236 conspecta
2632 4167 2783 4221 ducis
2820 4167 3102 4235 iniquitate
3128 4206 3143 4231 ,
3191 4166 3464 4221 hominem

1892 4261 2124 4325 adeunt,
2153 4269 2345 4332 rogant
2372 4259 2500 4314 nulli
2530 4260 2635 4314 vim
2677 4258 2907 4326 inferat,
2948 4274 3051 4314 neu
3099 4268 3250 4329 gesta
3282 4270 3462 4329 neget.

1890 4352 1982 4407 llle
2010 4352 2218 4422 plebem
2259 4351 2497 4407 fustibus
2536 4352 2669 4407 credi
2704 4366 2769 4405 ac
2816 4351 3090 4421 proﬂigari
3114 4351 3301 4419 jubet,
3328 4349 3465 4404 nihil

1893 4447 2159 4501 reveritus
2195 4444 2629 4501 Christianorum
2675 4454 2900 4501 emtum.
2944 4445 3023 4499 Ac
3053 4458 3175 4497 cum
3210 4443 3464 4497 edidicis-

1898 4549 2013 4605 set,
2044 4555 2193 4593 arma
2219 4548 2275 4592 et
2301 4539 2403 4593 tela
2433 4555 2464 4593 a
2492 4539 2751 4594 militibus
2774 4538 2962 4592 relicta
2994 4539 3045 4591 in
3073 4537 3270 4605 templo
3294 4537 3466 4591 fuisse

184 4642 307 4698 erat,
354 4645 413 4688 ut
454 4629 849 4699 Athanasium
901 4642 1003 4681 nec
1049 4631 1357 4694 opinantem
1397 4630 1783 4696 confoderent,
1817 4642 1861 4695 1)
1890 4647 2153 4701 suspensa
2179 4632 2231 4684 in
2262 4632 2336 4685 rei
2361 4639 2522 4701 gestae
2550 4631 2861 4684 memoriam
2889 4670 2904 4696 ,
2929 4629 3197 4685 exercitus
3226 4638 3283 4682 ut
3304 4643 3466 4683 voca-

184 4727 272 4779 rati
306 4742 410 4781 non
443 4740 619 4797 posse
646 4722 745 4777 diu
786 4734 869 4782 se,
903 4733 1035 4773 vero
1074 4720 1323 4790 episcopo
1344 4720 1597 4776 incolumi
1621 4761 1635 4782 ,
1663 4722 1787 4775 alie-

186 4832 291 4871 nam
328 4820 635 4874 ecclesiam
674 4813 959 4868 obtinere.
1002 4810 1191 4867 Milites
1221 4828 1381 4880 porro
1409 4815 1650 4869 sacrario
1683 4814 1786 4868 cir-

187 4913 415 4979 cumfusi,
456 4923 683 4969 corona
726 4906 908 4971 facta,
939 4904 1111 4958 locum
1150 4906 1418 4974 obsident,
1456 4917 1512 4960 ut
1546 4907 1787 4959 Athana-

186 5004 251 5059 sio
273 5008 522 5061 adimant
558 4998 856 5058 evadendi
892 4995 1221 5051 facultatem.
1264 4997 1414 5054 Tunc
1456 5007 1721 5069 quotquot
1757 5014 1787 5053 θ

186 5097 308 5153 clero
332 5108 387 5154 et
408 5094 628 5169 populo
664 5089 806 5147 istic
852 5088 1101 5153 aderant,
1132 5089 1368 5144 clamare
1408 5099 1463 5143 et
1496 5091 1788 5145 obsecrare

188 5201 296 5244 inse
327 5190 711 5245 subduceret.
748 5180 849 5236 llle
881 5189 1072 5235 contra
1105 5196 1301 5250 negare
1335 5195 1675 5239 recessurum
1703 5198 1785 5245 se,

187 5283 269 5336 nisi
324 5282 569 5354 singulis
623 5271 933 5346 egressis;
975 5272 1147 5327 satius
1195 5287 1316 5328 esse
1370 5274 1667 5343 periclitari
1707 5290 1786 5338 se,

186 5391 317 5442 quam
357 5378 482 5433 laedi
554 5367 909 5444 quempiam
938 5379 969 5420 e
1018 5365 1190 5437 plebe.
1237 5367 1634 5422 Excedentibus
1661 5383 1789 5438 ergo

185 5471 607 5541 quamplurimis,
646 5460 997 5528 caeterisque
1028 5461 1496 5529 subsequentibus,
1524 5461 1614 5529 qui
1665 5475 1788 5513 curn

182 5562 449 5620 Athanasio
497 5564 665 5617 intus
720 5561 896 5609 erant
936 5551 1178 5605 monachi
1210 5561 1264 5606 et
1301 5564 1366 5605 ex
1421 5552 1637 5607 clericis
1672 5552 1791 5621 qui-

182 5654 359 5724 llam,in
382 5660 669 5713 thronum
704 5643 1078 5701 ascendentes
1098 5652 1337 5698 sanctum
1362 5644 1643 5713 priesulem
1672 5658 1792 5712 per—

226 5882 291 5949 (α)
319 5884 536 5936 Athan.
570 5870 757 5949 Apol.
797 5866 876 5949 ad
903 5862 1196 5949 Constant”
1223 5884 1275 5949 n_.
1325 5868 1417 5931 25,
1447 5866 1793 5949 et_Apol.Ade

172 5936 418 6024 ίαάαέαα,
457 5970 519 6005 ιι.
558 5936 671 6009 24,
700 5950 765 5997 et
797 5936 949 5989 Hist.
986 5936 1165 5991 Arion.
1200 5940 1266 5991 ad
1308 5938 1789 6002 monachos,n.8l.

1894 4730 2023 4781 bant
2056 4725 2370 4797 Dynamium
2399 4740 2518 4778 cum
2545 4724 2760 4778 tribuno
2780 4724 2947 4789 misit,
2974 4723 3065 4792 qui
3100 4731 3459 4792 asportarent.

1894 4817 1961 4869 At
1993 4815 2393 4872 Catliolicorum
2454 4824 2627 4869 castus
2676 4813 2727 4867 id
2766 4813 2987 4867 minime
3032 4815 3331 4876 concessit,
3364 4827 3466 4868 nec

1894 4911 2019 4966 sivit
2048 4908 2247 4963 auferri
2280 4917 2385 4959 tam
2418 4906 2706 4975 conspicua
2759 4906 2969 4958 violata:
3010 4905 3252 4959 ecclesire
3295 4905 3460 4959 vesti-

1894 5004 2001 5072 gia.
2028 5000 2233 5054 Exinde
2260 5013 2387 5053 vero
2413 4998 2563 5067 plebs
2596 4996 2862 5053 catholica
2888 4996 3029 5052 aliud
3059 4999 3227 5052 edunt
3261 4999 3463 5053 rescri-

1894 5103 2043 5163 ptum
2079 5093 2141 5159 ad
2173 5092 2548 5160 imperatorem
2572 5090 3046 5144 transmittendum
3088 5089 3181 5161 (c),
3244 5106 3351 5159 quo
3384 5100 3467 5144 te-

1897 5187 2202 5241 stiﬁcantur
2225 5224 2242 5250 ,
2272 5201 2393 5238 cum
2425 5198 2486 5237 ex
2510 5184 2692 5252 priore
2720 5185 2985 5251 rescripto
3014 5184 3349 5238 occasionem
3379 5197 3467 5234 ar-

1898 5280 2126 5348 ripuerit
2162 5278 2429 5347 Syrianus
2455 5276 2729 5331 contraria
2763 5278 2930 5346 gestis
2968 5276 3127 5330 rebus
3158 5276 3463 5329 testimonia

1895 5369 2291 5438 extorquendi,
2355 5382 2545 5435 rogare
2615 5378 2669 5422 et
2718 5368 2977 5423 obtestari
3046 5382 3106 5421 se
3170 5366 3463 5419 Maximum

1895 5460 2117 5531 Egypti
2147 5460 2456 5529 praefectum
2505 5468 2557 5512 et
2597 5460 2838 5513 curiosos
2862 5499 2877 5524 ,
2913 5467 2970 5510 ut
3024 5457 3151 5510 facti
3180 5456 3461 5507 veritatem

1895 5550 2217 5605 Constantio
2266 5550 2551 5613 deferant;
2601 5551 2861 5604 obtestari
2906 5548 3035 5601 item
3082 5557 3136 5601 et
3179 5547 3468 5601 obsecrare

1902 5650 2094 5697 nautas
2124 5656 2344 5706 omnes,
2395 5651 2454 5695 ut
2511 5641 2820 5710 imperatori
2874 5639 3059 5692 isthaec
3114 5637 3471 5707 omnibusque

1972 5865 2046 5931 (li)
2087 5866 2284 5920 Athan.
2322 5825 2683 5920 "iusArian.
2730 5864 2798 5917 ad
2824 5864 3141 5935 monachos,
3179 5881 3234 5920 n.
3271 5864 3357 5921 81.

1972 5938 2040 6007 tr)
2082 5938 2278 5990 Athan.
2307 5937 2379 5989 ib.
