4038 6520
672 410 871 448 ειιοτνιιι

2030 391 2553 447 PROLEGOMENA.

670 527 760 578 per
791 512 1000 567 diversa
1031 512 1141 565 loca
1176 510 1442 579 praefectis
1489 524 1550 563 ac
1598 509 1863 578 judicibus
1902 510 2221 563 renuntiem.
2259 513 2297 565 Λ
2329 520 2487 561 nutus
2517 508 2645 561 dare
2695 520 2756 560 ac
2789 504 2965 558 dicere
2996 522 3009 557 :
3035 501 3168 556 Num
3205 501 3553 558 Constantius
3607 503 3892 558 haereticus

672 602 875 655 l-ixinde
908 610 1134 656 narrant
1183 603 1371 656 ordine
1425 616 1544 669 quae
1593 600 1658 653 ad
1709 616 1739 652 v
1786 598 1907 655 ldus
1960 599 2231 654 Februarii

668 702 819 757 gesta
840 704 1050 756 essent,
1082 694 1155 745 uti
1200 708 1294 745 nos
1341 707 1496 757 supra
1544 691 1928 744 recensuimns.
1966 690 2020 744 Si
2063 692 2129 744 sit
2173 691 2233 743 il-

672 783 759 832 lud
783 783 848 833 ab
886 783 1207 847 imperatore
1236 781 1489 842 edictum,
1509 789 1725 848 paratos
1760 795 1879 834 esse
1913 797 1972 834 se
1994 782 2058 833 ad
2088 798 2230 834 mar-

675 870 861 939 t'Jrium
896 871 1261 930 subeundum;
1304 871 1385 923 sin
1424 870 1524 923 huc
1563 870 1786 939 Augusti
1834 869 2083 939 placitum
2128 886 2229 924 non

668 960 767 1023 sit,
802 974 988 1027 rogare
1046 959 1329 1012 Maximum
1388 959 1729 1027 reliquosque
1779 961 2123 1028 magistratus
2180 962 2229 1013 id

671 1050 809 1117 apud
844 1050 1217 1103 Constantium
1270 1061 1464 1117 agant,
1493 1058 1551 1102 ut
1580 1065 1646 1103 ne
1686 1050 1736 1102 in
1786 1059 2054 1118 posterum
2082 1048 2229 1117 ejus-

669 1141 809 1194 modi
849 1156 933 1195 res
958 1140 1187 1193 eveniat.
1222 1139 1521 1195 Obsecrare
1548 1141 1708 1204 item,
1744 1151 1801 1194 nt
1850 1141 2165 1210 rescriptum
2199 1156 2228 1194 a

665 1246 725 1285 se
752 1232 957 1284 editum
991 1231 1300 1299 imperatori
1326 1230 1589 1286 oll‘eratur
1611 1272 1625 1295 ,
1659 1248 1756 1287 nec
1779 1232 1902 1300 quis
1952 1232 2088 1286 alius
2117 1232 2221 1299 epi-

665 1336 855 1389 scopas
902 1321 1206 1375 intrudatur
1242 1323 1291 1375 in
1340 1324 1513 1377 locum
1553 1323 1874 1389 Athanasii,
1904 1338 2061 1392 quem
2113 1324 2214 1377 sibi

668 1413 804 1465 Dens
834 1412 901 1464 ab
924 1412 1084 1468 initio
1115 1414 1346 1468 dedisset
1377 1415 1670 1467 secundum
1708 1415 2100 1468 successionem
2132 1412 2227 1467 Pa-

666 1512 803 1555 trum
826 1518 1043 1556 suorum
1068 1543 1084 1568 ,
1121 1519 1276 1572 quem
1330 1505 1441 1571 ipse
1483 1503 1827 1558 Constantius
1869 1504 2077 1572 juratus
2105 1519 2224 1558 cum

666 1592 863 1646 litteris
889 1594 1279 1647 transmisisset
1325 1594 1722 1648 Alexandriam.
1758 1595 1947 1647 Datum
1995 1594 2093 1647 fuit
2122 1595 2223 1648 hu-

660 1682 895 1747 jnsmodi
930 1684 1246 1753 rescriptum
1294 1695 1411 1753 post
1442 1685 1776 1739 consulatum
1807 1686 2151 1740 Arbethionis
2171 1697 2225 1743 et

664 1773 888 1828 Lnlliani
917 1816 931 1839 ,
959 1776 1157 1830 Mechir
1188 1792 1296 1829 xvn
1317 1818 1330 1842 ,
1362 1792 1479 1845 qua!
1500 1786 1581 1831 est
1613 1793 1689 1830 xu
1720 1776 2027 1832 Februarii.

2338 598 2556 654 effectus
2575 598 2695 652 est?
2725 596 2814 649 Ille
2840 604 3015 648 autem
3045 594 3189 648 nullo
3214 594 3533 663 turpissima!
3559 594 3634 647 rei
3667 598 3890 662 pttdore,

2338 691 2479 745 nullo
2514 690 2705 743 rubore
2762 687 2982 741 allectus
3002 725 3017 749 ,
3052 694 3234 738 contra
3266 686 3465 739 instare
3491 724 3508 749 ,
3541 700 3734 753 urgere
3754 725 3767 747 ,
3798 701 3891 751 po-

2334 782 2535 837 stulare
2569 795 2597 833 a
2626 780 2963 833 senatoribus
2987 777 3325 831 ethnicorum
3351 776 3700 846 optimatibus
3718 819 3733 844 ,
3758 779 3857 831 aidi
3874 808 3888 817 -

2339 875 2441 926 tuis
2470 871 2762 933 idolorum,
2788 878 2847 921 ut
2900 869 3244 938 imperatorio
3298 868 3556 936 rescripto
3603 882 3797 923 nomen
3840 877 3891 919 et

2336 961 2644 1028 sull‘ragiutn
2672 961 2897 1022 darent,
2948 959 3440 1028 proliterenturque
3477 957 3624 1012 illum
3672 973 3729 1013 se
3754 959 3892 1011 reci-

2333 1068 2459 1124 pere
2480 1052 2790 1121 episcopum
2814 1091 2829 1113 .
2858 1065 3013 1120 quem
3051 1051 3281 1104 mitteret
3298 1050 3665 1104 Constantius.
3699 1050 3757 1103 In
3789 1051 3889 1103 hoc

2331 1151 2478 1197 certe
2516 1142 2719 1213 agendo
2737 1181 2753 1206 ,
2787 1143 2864 1195 ait
2887 1142 3211 1195 Athanasius
3236 1180 3249 1203 ,
3271 1140 3617 1195 Constantius
3640 1140 3889 1194 Ecdesize

2330 1249 2566 1289 canones
2594 1233 2811 1303 egregie
2842 1232 3175 1295 vindicabat,
3210 1247 3441 1298 namque
3495 1248 3592 1301 pro
3642 1232 3888 1287 Ecclesia:

2332 1326 2563 1389 litteris,
2595 1324 2695 1379 fori
2726 1324 2961 1389 litteras;
2999 1338 3094 1392 pro
3142 1322 3431 1377 Christiani
3480 1322 3657 1392 p0puli
3697 1321 3885 1376 sulfra-

2329 1412 2459 1480 giis,
2488 1411 2807 1467 aedituorum
2837 1410 3089 1482 suﬂ‘ragia
3128 1414 3472 1481 reposcebat;
3522 1427 3719 1481 gnarus
3746 1412 3886 1466 scili-

2327 1511 2415 1556 cet
2436 1517 2493 1556 se
2532 1518 2634 1557 non
2665 1504 2969 1572 episcopum
3028 1502 3377 1568 Christianis,
3410 1504 3501 1557 sed
3549 1503 3612 1557 iis
3639 1503 3727 1571 qui
3765 1504 3886 1556 talia

2327 1596 2631 1649 scriberent
2658 1595 2979 1663 litigatorem
3021 1595 3256 1649 mittere.
3300 1593 3508 1649 Ethnici
3550 1595 3771 1664 itaque,
3798 1596 3887 1665 qui

2325 1686 2419 1739 tali
2446 1687 2840 1756 subscriptione
2876 1686 3209 1741 redimebant
3244 1684 3402 1738 idolis
3438 1686 3549 1739 suis
3586 1686 3890 1740 immunita-

2327 1788 2432 1832 tem
2456 1818 2471 1843 ,
2507 1788 2561 1833 et
2593 1780 2830 1834 nonnulli
2859 1794 2924 1835 ex
2955 1778 3237 1847 agricolis,
3276 1792 3341 1831 ac
3366 1778 3408 1831 si
3445 1777 3510 1831 de
3548 1776 3684 1832 duce
3708 1786 3802 1830 aut
3826 1779 3887 1832 de

732 1867 788 1921 4.
831 1866 1081 1935 Georgius
1136 1868 1427 1922 Antiochia:
1483 1870 1748 1937 deligitur.
1788 1901 1857 1911 —
1905 1870 2113 1926 Interea
2158 1873 2223 1925 de
2259 1864 2297 1917 Β
2328 1869 2432 1923 alio
2460 1870 2711 1940 quopiam
2747 1871 2911 1926 misso
2952 1870 3130 1938 judice
3182 1875 3473 1939 ageretur,
3524 1867 3652 1922 licet
3700 1868 3887 1933 inviti,

663 1970 973 2009 successore
1025 1956 1074 2008 in
1116 1958 1288 2011 vicem
1328 1957 1607 2010 Athanasii
1658 1958 1937 2027 deligendo
1992 1960 2224 2029 agebant

664 2047 871 2098 Ariani.
912 2046 975 2098 Et
997 2061 1126 2100 sane
1161 2048 1273 2100 veri
1300 2048 1430 2101 satis
1461 2048 1633 2101 simile
1662 2059 1745 2103 est
1768 2050 1911 2118 quod
1945 2051 2102 2105 habet
2124 2050 2223 2105 So-

664 2151 927 2190 znmenus
962 2137 1062 2206 (α).
1092 2138 1399 2193 ordinatum
1428 2140 1634 2194 scilicet
1653 2140 1937 2211 Georgium
1973 2142 2138 2197 fuisse
2169 2144 2221 2197 in

660 2229 863 2296 synodo
917 2229 1218 2284 Antiochiae
1269 2242 1485 2296 coacta;
1540 2231 1695 2300 cujus
1749 2233 2020 2302 principes
2070 2244 2225 2288 erant

659 2318 975 2372 Arianorum
1004 2334 1066 2374 ea
1105 2329 1419 2389 tempestate
1470 2323 1823 2391 antesignani.
1868 2322 1924 2376 lu
1978 2338 2217 2377 mensem

662 2407 1013 2461 Februarium
1047 2409 1269 2477 hujusce
1296 2412 1421 2464 anui
1453 2422 1750 2480 opportune
1798 2420 1973 2481 potest
2002 2410 2213 2481 Georgii

658 2499 923 2553 ordinatio
959 2498 1210 2553 conferri.
1238 2501 1443 2556 Caetera
1489 2517 1650 2571 porro
1677 2542 1691 2565 ,
1728 2517 1845 2571 quae
1869 2501 2062 2555 ibidem
2095 2518 2219 2555 nar-

660 2599 744 2642 rat
792 2589 1171 2658 Sozomenus,
1228 2592 1504 2645 ἁσύστατα
1565 2602 1716 2659 sunt,
1774 2594 2219 2662 potiSsimutnque

659 2679 797 2744 quod
846 2681 954 2740 ait,
1009 2682 1297 2749 superstite
1356 2682 1532 2736 adhuc
1574 2681 1864 2737 Constante
1914 2691 2219 2751 cooptatum

658 2766 827 2821 fuisse
858 2768 1164 2837 Georgium.
1191 2770 1265 2823 De
1298 2768 1447 2837 cujus
1480 2773 1722 2828 moribus
1746 2781 1799 2827 et
1820 2774 2063 2843 ingressu
2098 2770 2219 2826 Αιθα

671 2860 949 2913 xandriant
980 2861 1217 2927 pluribus
1246 2862 1491 2919 inferius.

729 2974 782 3027 5.
824 2972 1166 3028 Constantius
1211 2975 1413 3044 nefaria
1459 2974 1673 3046 Syriani
1714 2988 1860 3047 gesta
1908 2980 2132 3047 probat,
2172 2990 2218 3034 et

658 3063 764 3116 alia
787 3064 993 3133 adjicit.
1021 3093 1090 3104 —
1114 3065 1345 3136 Accepta
1376 3066 1668 3136 imperator
1688 3069 2044 3123 Alexandrina
2069 3071 2243 3123 clade

656 3172 684 3208 a
716 3156 941 3226 Syriano
972 3166 1116 3226 gesta
1137 3196 1153 3221 ,
1177 3166 1233 3211 ιιι
1262 3170 1377 3211 erat
1402 3160 1568 3214 feroci
1600 3160 1653 3214 in
1683 3159 2037 3215 Athanasium
2071 3160 2214 3229 ejus-

655 3261 759 3314 que
792 3261 1049 3315 sequaces
1090 3247 1305 3313 animo,
1346 3248 1542 3303 factum
1572 3250 1818 3317 probavit
1852 3250 1947 3321 (ὁ).
1978 3250 2093 3306 Non
2127 3252 2217 3306 ille

657 3336 979 3390 funestatam
1001 3337 1235 3393 cantibus
1263 3339 1545 3394 ecclesiam
1572 3383 1587 3407 ,
1627 3356 1733 3394 non
1761 3356 2039 3395 sacrorum
2065 3343 2219 3412 expi-

656 3426 904 3479 lationem
927 3465 942 3488 ,
978 3442 1083 3480 non
1118 3428 1414 3483 denudatas
1442 3430 1711 3500 virgines,
1756 3446 1861 3485 non
1893 3432 2079 3487 omnia
2133 3448 2218 3487 sa-

655 3532 745 3569 cra
787 3515 1123 3586 profanaque
1157 3519 1349 3571 violata
1384 3522 1620 3588 graviter
1668 3522 1806 3575 tulit.
1850 3521 2025 3578 Tanto
2054 3525 2216 3578 nimi-

654 3626 773 3665 rum
827 3612 1121 3666 Arianismi
1163 3614 1341 3668 studio
1384 3616 1699 3679 tenebatur,
1764 3625 1824 3671 ut
1878 3620 2219 3687 quantumvis

655 3712 805 3756 atrox
846 3704 1183 3773 immaneque
1212 3704 1419 3759 facinus
1447 3746 1461 3770 ,
1511 3707 1562 3759 in
1604 3721 1718 3760 rem
1755 3708 1911 3762 modo
1959 3708 2100 3764 illius
2124 3725 2216 3765 ce-

654 3795 843 3859 deret,
882 3796 1045 3864 probe
1094 3796 1293 3850 factum
1346 3797 1653 3868 optimeque
1683 3800 1987 3855 consultum
2024 3803 2215 3858 existi-

657 3896 848 3938 maret.
883 3885 1066 3953 Neque
1092 3887 1177 3940 hie
1210 3896 1383 3942 tamen
1417 3888 1901 3969 fuitcalamitatum
1930 3893 2069 3948 linis.
2104 3894 2217 3948 Lit-

658 3969 785 4021 teris
820 3969 1014 4037 quippe
1037 3970 1101 4023 ad
1125 3972 1367 4025 senatum
1399 3980 1452 4027 et
1499 3974 1749 4043 populum
1788 3977 2213 4035 Alexandrinum

654 4059 834 4112 missis
858 4060 1084 4129 juvenes
1107 4061 1524 4126 cohortabatur,
1561 4074 1617 4117 ut
1640 4079 1743 4118 una
1777 4069 1948 4121 coacti
1974 4068 2213 4122 Athana-

656 4150 793 4204 sium
827 4152 1272 4220 insequerentur,
1312 4170 1374 4208 ac
1417 4158 1502 4210 ubi
1551 4157 1787 4211 locorum
1843 4170 1984 4213 esset
2031 4176 2214 4227 perve—

650 4241 911 4309 stigarent
937 4281 950 4304 ,
984 4243 1359 4299 interminatus
1390 4246 1811 4318 indignationem
1848 4264 2000 4301 suam
2038 4251 2079 4302 si
2111 4268 2212 4305 non

651 4342 900 4400 gererent
967 4349 1193 4387 morem.
1237 4334 1470 4392 Litteras
1517 4338 1781 4407 ejusmodi
1832 4339 2022 4394 detulit
2058 4340 2216 4395 [lera-

647 4424 780 4476 t‘IlUS
811 4424 1022 4492 quidam
1052 4440 1267 4492 comes,
1317 4444 1617 4497 przecursor
1658 4429 1874 4501 Georgii
1921 4448 2041 4486 mox
2094 4433 2214 4488 Ale-

646 4515 961 4566 xandrinam
999 4516 1180 4568 sedem
1216 4518 1473 4571 invasuri.
1505 4518 1725 4574 Litterae
1769 4533 1947 4575 autem
1998 4524 2209 4593 publice
2242 4547 2289 4605 ι)

644 4604 792 4655 lectae
847 4613 988 4656 sunt.
1026 4604 1323 4676 Aiebatque
1379 4608 1726 4665 Constantius
1782 4627 1840 4666 se
1883 4612 1937 4665 in
1975 4614 2201 4682 gratiam

646 4696 825 4750 fratris
851 4700 929 4751 sui
955 4700 1295 4766 Constantis,
1329 4715 1434 4754 non
1462 4712 1650 4771 suopte
1678 4712 1823 4757 motu
1850 4704 1933 4758 vel
1958 4706 2202 4767 consilio,

644 4789 855 4842 dedisse
884 4790 1182 4844 Athanasio
1214 4792 1592 4846 Alexandriam
1630 4795 1929 4849 revertendi
1978 4796 2200 4849 faculta~

645 4886 770 4929 tem.
809 4877 1174 4947 Comesjussu
1200 4880 1539 4950 imperatoris
1569 4885 1903 4938 denuntiavit
1957 4886 2200 4940 Alexan-

644 4966 812 5022 drinis
836 5010 851 5035 ,
887 4971 1225 5039 maximeque
1255 4973 1574 5040 gentilibus,
1614 4975 1658 5029 si
1704 4990 1805 5028 non
1854 4979 2198 5044 obtempera-

644 5070 797 5127 rent,
821 5061 1173 5116 auferendum
1212 5079 1398 5133 panem
1428 5106 1442 5129 ,
1482 5070 1767 5121 evertenda
1806 5070 1944 5121 idola
1969 5109 1983 5132 ,
2012 5084 2073 5121 ac
2097 5069 2211 5135 plu-

644 5151 795 5205 rimis
824 5154 1169 5221 0ptimatibus
1191 5156 1636 5227 popularibusque
1658 5158 2070 5225 exspectandam
2094 5157 2208 5209 fore

640 5246 1026 5311 captivitatem.
1067 5246 1262 5302 Deinde
1298 5249 1379 5301 Itis
1396 5251 1717 5303 denuntiatis
1743 5250 1902 5302 minis
1926 5288 1938 5310 ,
1974 5264 2076 5300 non
2107 5265 2203 5315 pu-

640 5337 755 5391 duit
782 5339 1049 5392 hominem
1070 5381 1083 5402 ,
1115 5340 1227 5395 haec
1264 5342 1437 5409 palam
1478 5345 1689 5411 altaque
1721 5357 1854 5395 voce
1909 5340 2153 5407 proferre
2186 5358 2198 5393 :

640 5424 995 5480 Athanasium
1047 5428 1337 5496 imperator
1373 5446 1476 5483 non
1533 5432 1641 5483 vult
1687 5432 1994 5498 episcopum
2046 5444 2202 5493 esse,

640 5518 896 5574 ecclesias
944 5520 1166 5574 Ariauis
1208 5522 1344 5576 tradi
1369 5524 1539 5591 jubet.
1586 5522 1717 5575 llinc
1763 5521 1944 5575 mirari
1978 5536 2196 5584 omnes,

714 5712 788 5777 (ni
830 5714 947 5767 Lib.
993 5731 1080 5769 tv.
1116 5730 1232 5780 cap.
1288 5754 1297 5764 .

718 5784 789 5850 (tt)
832 5785 1028 5837 Athan.
1079 5784 1220 5837 Hist.
1291 5786 1469 5839 Arion.
1528 5786 1593 5838 ad
1659 5787 1967 5851 monac/tos,
2030 5802 2081 5839 ιι.
2134 5787 2199 5841 48

2327 1963 2500 2015 minas
2541 1972 2717 2014 tamen
2756 1963 3195 2030 pertimescentes
3225 2000 3239 2023 ,
3269 1958 3583 2026 sulfragium
3607 1958 3887 2013 dederunt.

2326 2049 2456 2103 Nam
2480 2052 2677 2106 ethnici
2708 2068 2828 2106 cum
2874 2060 3093 2114 essent,
3123 2051 3248 2120 quid
3286 2051 3460 2103 acturi
3504 2056 3696 2115 erant,
3730 2064 3889 2116 quam

2324 2142 2464 2213 quod
2496 2143 2803 2210 imperatori
2829 2143 3099 2210 placeret?

2393 2235 2445 2288 6.
2488 2232 2609 2284 Alia
2667 2233 3086 2286 Christianorum
3126 2233 3420 2288 calamitas.
3478 2262 3546 2273 —
3607 2231 3893 2287 Heraclius

2325 2338 2483 2391 porro
2504 2338 2684 2378 comes
2716 2342 2834 2379 cum
2867 2328 3221 2395 comperisset
3244 2325 3607 2380 Christianum
3634 2325 3885 2396 populum

2324 2426 2509 2482 quarta
2539 2416 2757 2470 Sabbati
2783 2428 3025 2472 coactum
3062 2419 3112 2471 in
3150 2416 3374 2472 ecclesia
3434 2432 3553 2472 esse
3592 2418 3707 2484 {c);
3744 2417 3890 2470 inse-

2323 2520 2519 2577 quente
2569 2511 2654 2563 die
2679 2554 2693 2577 ,
2732 2520 3011 2579 assumpto
3052 2526 3231 2566 secum
3278 2508 3640 2579 Cataphrouio
3674 2506 3890 2579 Egypli

2330 2599 2613 2669 przelecto,
2646 2600 2899 2655 Faustino
2932 2603 3194 2657 catholico
3233 2604 3345 2656 sive
3375 2602 3626 2655 rationali
3653 2643 3669 2666 ,
3705 2600 3893 2670 Bithy-

2330 2704 2504 2759 noque
2536 2691 2789 2745 heretico
2816 2692 3029 2747 homine
3054 2732 3069 2754 ,
3093 2691 3616 2761 junioresqubsdam
3646 2692 3892 2744 forenses

2323 2778 2585 2834 idolorum
2608 2780 2840 2835 cultores
2865 2783 3130 2847 concitat,
3154 2793 3208 2837 et
3230 2782 3296 2835 ab
3318 2784 3640 2851 imperatore
3674 2781 3890 2850 jussum

2334 2872 2641 2934 denuntiat,
2670 2882 2728 2926 ut
2760 2872 2812 2926 in
2846 2874 3129 2928 ecclesiam
3156 2875 3396 2938 irruant,
3431 2872 3795 2943 populumque
3818 2873 3894 2924 la-

2326 2964 2535 3034 pidibus
2554 2966 2807 3019 obruant.
2837 2964 2970 3020 Cum
3016 2969 3196 3035 itaque
3241 2965 3350 3034 jam
3388 2965 3605 3034 plurimi
3662 2972 3783 3034 post
3812 2965 3893 3017 di-

2322 3056 2631 3110 missionem
2666 3056 2925 3111 Catholici
2971 3059 3186 3126 digressi
3217 3066 3434 3122 essent,
3486 3056 3892 3110 retnanentibus

2323 3148 2507 3215 paucis
2546 3147 2893 3214 mulieribus,
2929 3158 3038 3202 tum
3062 3150 3133 3202 uti
3169 3148 3373 3219 jussum
3404 3149 3755 3217 lueratgesta
3799 3163 3889 3204 res

2320 3248 2421 3294 est.
2484 3238 2720 3307 Eratque
2770 3240 3075 3294 miserabile
3126 3239 3509 3307 spectaculum.
3577 3237 3715 3292 Nam
3764 3254 3891 3293 cum

2318 3342 2507 3397 pauca)
2541 3328 2810 3395 completa
2852 3331 3095 3385 oratione
3132 3331 3379 3385 mulieres
3415 3333 3696 3393 sederent,
3734 3314 3891 3385 dere-

2317 3430 2476 3491 pente
2527 3418 2776 3490 petulans
2812 3432 3025 3476 caterva
3083 3436 3200 3475 cum
3250 3421 3510 3489 lapidibus
3543 3429 3599 3474 et
3657 3420 3894 3476 fustibus

2318 3511 2446 3565 nudi
2475 3511 2743 3566 irruentes
2784 3512 2915 3566 alias
2937 3513 3168 3577 caedere,
3211 3509 3343 3564 alias
3396 3510 3635 3580 lapidare
3663 3550 3680 3573 ,
3719 3524 3881 3565 sacra

2316 3604 2582 3673 virginum
2613 3617 2843 3672 corpora
2876 3604 3047 3674 plagis
3092 3602 3375 3659 concidere
3396 3643 3409 3666 ,
3443 3602 3704 3657 detractis
3744 3603 3894 3658 vela-

2319 3693 2552 3747 minibus
2578 3709 2764 3749 earum
2797 3697 2973 3763 capita
3028 3694 3227 3747 nudare
3249 3734 3263 3758 ,
3295 3708 3359 3773 ex
3409 3693 3636 3747 adverso
3668 3694 3893 3747 trahen-

2322 3793 2404 3839 tes
2438 3784 2557 3840 illas
2609 3785 2832 3853 pedibus
2876 3786 3151 3853 impetere.
3207 3784 3480 3854 Virginum
3527 3797 3660 3839 vero
3704 3784 3893 3838 mode-

2317 3878 2498 3941 stiam,
2523 3878 2842 3946 auriumque
2869 3878 3239 3931 castimoniam
3270 3892 3389 3931 cum
3417 3885 3757 3945 perspectam
3789 3876 3892 3930 ha-

2315 3965 2535 4030 berent,
2573 3966 2722 4036 gnari
2760 3968 3058 4036 graviorem
3090 3968 3339 4022 obscenis
3374 3967 3553 4029 dictis,
3586 3983 3748 4037 quam
3770 3970 3893 4038 gla-

2318 4056 2420 4111 diis
2454 4068 2511 4112 et
2539 4058 2801 4127 lapidibus
2824 4098 2838 4122 ,
2874 4058 3119 4126 injuriatn
3163 4060 3384 4121 inferri,
3435 4061 3609 4126 turpia
3656 4075 3891 4130 qumque

2318 4149 2642 4215 vociferari,
2675 4150 3058 4219 instigantibus
3092 4152 3339 4212 Arianis,
3370 4151 3457 4218 qui
3505 4151 3573 4202 ad
3614 4150 3891 4220 ejusmodi

2316 4255 2590 4295 sermones
2623 4243 2975 4311 erumpebant
3012 4244 3063 4296 in
3096 4244 3407 4296 cachinnos.
3437 4241 3764 4296 lubentibus
3784 4257 3890 4295 au-

2326 4341 2429 4385 tem
2462 4345 2515 4388 et
2546 4334 2952 4390 cohortantibus
2993 4336 3186 4390 comite
3221 4345 3378 4403 atque
3410 4334 3676 4389 catholico
3699 4376 3716 4402 ,
3753 4336 3885 4391 sub-

2315 4424 2494 4490 sellia,
2530 4427 2820 4491 thronum,
2880 4426 3150 4495 mensam},
3198 4442 3316 4496 qua:
3354 4427 3527 4495 lignea
3572 4436 3728 4491 erat,
3766 4427 3889 4481 vela

2317 4517 2555 4572 ecclesia:
2596 4530 2650 4573 et
2695 4530 2887 4573 czetcra
2920 4504 3542 4588 quzecnnque'potuere,
3592 4519 3802 4588 direpta
3830 4530 3891 4574 et

2315 4621 2580 4678 asportata
2619 4613 2670 4664 in
2700 4627 2887 4681 magna
2937 4613 3113 4680 platea
3152 4622 3276 4667 ante
3318 4614 3511 4667 ostium
3558 4616 3885 4669 combusse-

2315 4708 2470 4759 runt.
2504 4702 2728 4769 thusque
2755 4702 3047 4771 iniecerunt
3078 4703 3129 4756 in
3164 4702 3359 4770 ignem.
3406 4703 3550 4757 Heu!
3589 4706 3714 4772 quis
3766 4706 3885 4759 haec

2315 4790 2538 4846 audiens
2559 4832 2575 4857 ,
2605 4792 2773 4860 inquit
2804 4786 3128 4849 Athanasius
3149 4835 3164 4858 ,
3204 4804 3460 4864 temperet
3512 4812 3543 4849 a
3587 4796 3890 4866 lacrymis?

2316 4884 2425 4938 imo
2458 4898 2611 4937 aures
2642 4901 2745 4940 non
2777 4886 3055 4949 obstruat,
3084 4902 3148 4939 ne
3176 4887 3335 4941 alium
3362 4896 3671 4941 narrantem
3702 4887 3843 4941 ferat
3867 4927 3886 4945 ,

2315 4983 2462 5027 ratus
2488 4972 2745 5041 ejusmodi
2774 4990 2949 5027 rerum
2978 4976 3058 5029 vel
3093 4978 3330 5030 auditum
3368 4979 3566 5033 damno
3591 4978 3697 5032 sibi
3723 4977 3841 5031 fore
3860 4978 3888 5030 ?

2314 5061 2450 5115 Tum
2477 5064 2677 5116 ethnici
2708 5064 2759 5116 in
2786 5064 3047 5117 idolorum
3082 5067 3411 5134 deorumque
3436 5080 3657 5120 suorum
3689 5067 3885 5123 laudes

2312 5161 2631 5219 erumpunt,
2663 5153 2941 5222 palamque
2962 5153 3193 5208 clamant
3223 5155 3287 5207 ad
3320 5170 3468 5209 suam
3492 5155 3886 5211 Constantium

2312 5242 2605 5295 accessisse
2645 5244 2952 5311 religionem
2976 5285 2991 5309 ,
3022 5244 3357 5313 Ariauosque
3390 5260 3547 5299 suum
3599 5261 3702 5302 nec
3752 5234 3889 5301 bor-

2311 5348 2432 5388 rere
2469 5349 2565 5387 nec
2594 5337 2894 5403 improbare
2917 5336 3117 5391 cultum
3142 5379 3158 5402 ,
3194 5338 3301 5392 imo
3328 5353 3454 5391 vero
3478 5352 3599 5393 sese
3621 5341 3882 5396 ethnicos

2306 5424 2597 5485 simulare.
2630 5436 2685 5479 ut
2712 5442 2805 5480 sua
2830 5426 3133 5482 stabiliatur
3164 5437 3218 5482 et
3249 5427 3600 5482 conﬁrmetur
3626 5430 3879 5483 hteresis.

2308 5520 2513 5574 Exinde
2545 5519 2787 5574 buculam
2817 5521 3104 5589 irrigandis
3128 5521 3297 5576 hortis
3325 5521 3635 5588 deputatam
3677 5521 3882 5576 immo-

2306 5729 2357 5771 et
2386 5732 2536 5784 seqq.

2379 5789 2447 5854 (ri
2490 5788 2684 5842 Athan.
2714 5786 2863 5854 ibid.,
2891 5803 2944 5843 ιι.
2976 5785 3061 5841 55.
