4038 6574
1496 462 1650 517 VITA
1691 464 1749 518 S.
1791 460 2182 520 ATHANASII.

134 572 217 624 lare
248 570 504 637 aggressi
543 583 749 639 sunt;
794 586 867 631 et
888 577 1411 639 saneimmolassent,
1441 576 1541 628 nisi
1570 575 1763 631 femina
1793 590 1838 646 Α
1867 591 1987 634 acta
2023 580 2352 650 temporibus
2379 580 2671 635 acervatim
2702 596 2810 635 uno
2830 580 2950 635 loco
2981 592 3224 638 recenset
3250 585 3421 638 Atha-

138 660 418 724 eafuisset,
446 676 616 729 quas
672 667 741 718 in
804 668 1142 721 sacrificium
1189 664 1383 720 offerre
1424 666 1607 735 religio
1639 668 1764 736 ipsis
1866 672 2066 726 nasius.

3259 485 3421 526 οιιιι

144 764 246 808 erat.

198 849 241 901 7.
277 844 419 900 Ultio
452 847 668 902 divina
721 852 794 905 in
856 854 1146 922 petulantes
1179 855 1433 909 ethnicos.
1481 883 1550 894 —-
1599 852 1760 923 Ejus-

151 941 264 995 modi
290 938 554 994 facinora
599 942 790 1013 impii
830 945 1022 1001 Ariani
1049 962 1166 1001 cum
1188 947 1414 1001 ethnicis
1451 947 1715 1000 admisere
1741 985 1757 1011 ,

156 1034 231 1085 rati
262 1046 318 1085 ea
371 1032 429 1083 in
485 1030 970 1089 Catholicorum
1004 1046 1211 1091 vertere
1264 1035 1663 1091 contumeliam.
1692 1036 1763 1090 At

161 1124 355 1177 divinent
386 1120 626 1177 Numen
661 1125 934 1179 inultum
962 1127 1134 1182 scelus
1153 1141 1256 1181 non
1283 1128 1626 1195 prtetermisit
1658 1127 1759 1199 (a),

166 1228 420 1283 gravesque
455 1213 837 1270 facinorosis
868 1217 1097 1271 immisit
1135 1231 1322 1289 poenas
1347 1258 1362 1284 ,
1411 1217 1603 1287 quibus
1644 1233 1761 1274 sese

170 1308 315 1360 lasum
333 1306 673 1376 iniuriaque
710 1308 991 1364 affectum
1020 1309 1584 1365 ostenderet..Nam‘ut
1609 1310 1763 1379 juve-

178 1400 239 1452 uis
267 1398 478 1467 quidam
533 1412 608 1452 ex
680 1400 1163 1468 petulantioribus
1219 1402 1271 1455 in
1328 1402 1628 1456 sacrarium
1679 1404 1757 1456 ir-

183 1505 309 1545 ruens
331 1504 496 1543 ausus
522 1501 688 1545 esset
730 1492 792 1545 in
828 1491 1127 1563 episc0pali
1160 1492 1350 1547 throno
1396 1494 1583 1547 sedere
1607 1534 1620 1556 ,
1672 1508 1758 1547 se-

186 1584 389 1650 deusque
429 1584 790 1638 temerarius
860 1583 959 1638 ille
1010 1583 1368 1638 meretricium
1427 1586 1609 1640 nescio
1635 1586 1758 1654 quid

188 1674 370 1726 naribus
393 1683 774 1741 personaret,
814 1674 953 1727 inde
974 1689 1092 1728 cum
1122 1674 1483 1739 surrexisset,
1509 1677 1756 1730 thronum

188 1763 452 1816 convellere
494 1763 567 1816 ad
621 1778 808 1831 seque
842 1763 1064 1816 trahere
1094 1772 1353 1827 conatus,
1398 1764 1648 1833 ignorans
1700 1780 1759 1820 se

191 1855 268 1909 sibi
296 1856 528 1907 divinam
560 1856 867 1909 attrahere
892 1854 1180 1909 vindictam
1202 1893 1218 1919 ,
1242 1854 1427 1909 avulso
1455 1855 1598 1926 ligno
1624 1871 1755 1912 ven-

1934 762 1985 815 9.
2026 762 2406 817 Praefectorum
2471 764 2653 834 itaque
2700 773 2757 819 et
2816 765 3072 820 comitum
3117 768 3417 836 patrocinio

1865 852 1986 907 freti
2008 855 2191 909 Ariani
2222 855 2473 909 omnibus
2520 856 2712 910 terrori
2751 867 2937 922 erant,
2975 859 3421 928 imperatorisque

1865 945 2207 1000 formidinem
2239 957 2601 1014 opponentes,
2653 950 2792 1017 apud
2843 964 3030 1003 omnes
3075 950 3423 1006 venditabant

1863 1051 2017 1100 sese,
2044 1038 2428 1090 comminantes
2472 1038 2611 1093 illius
2656 1039 2816 1094 iram.
2882 1040 3188 1109 Virginibus
3235 1051 3415 1095 autem

1862 1126 2061 1181 Christi
2092 1126 2427 1195 implacabile
2462 1127 2656 1183 bellum
2724 1130 3027 1185 indixerant
3072 1131 3268 1200 impuri
3319 1133 3418 1185 ho-

1863 1220 2032 1274 mines
2058 1217 2153 1289 (c),
2185 1219 2310 1288 quia
2345 1233 2438 1272 eas
2482 1218 2813 1287 impietatem
2861 1224 3111 1279 detestari
3148 1238 3423 1293 compere-

1865 1320 2009 1365 rant.
2047 1309 2409 1376 Quamobrem
2432 1310 2566 1366 alias
2587 1327 2651 1366 ex
2688 1314 2890 1369 aedibus
2919 1314 3250 1382 deiecerunt,
3291 1315 3424 1369 alias

1862 1400 2093 1456 offecere
2120 1401 2461 1456 contumeliis
2488 1419 2502 1467 ;
2535 1417 2825 1473 earumque
2852 1405 3025 1474 capita
3048 1444 3063 1470 ,
3102 1420 3223 1474 qua:
3252 1406 3425 1474 potis-

1860 1493 1995 1546 sima
2030 1502 2153 1546 tunc
2187 1502 2306 1546 erat
2332 1493 2643 1562 ignominiae
2672 1502 2796 1548 nota
2821 1535 2836 1560 ,
2868 1495 3053 1548 nudari
3075 1496 3361 1564 jusserunt
3389 1511 3417 1547 a

1862 1584 2118 1652 petulanti
2148 1583 2234 1638 illa
2268 1583 2528 1651 iuvenum
2585 1595 2824 1639 caterva.
2865 1584 3176 1641 Mulieribus
3207 1602 3421 1655 quoque

1860 1676 1971 1729 suis
2000 1671 2306 1729 facuftatem
2343 1674 2603 1730 dederunt
2651 1677 3006 1732 contumelias
3046 1678 3274 1731 arbitrio
3316 1691 3414 1730 suo

1861 1768 2031 1821 cuivis
2057 1767 2265 1821 illarum
2302 1766 2589 1823 inferendi.
2635 1767 2888 1822 Honesta:
2939 1768 3101 1838 igitur
3142 1783 3205 1823 ac
3237 1767 3423 1822 fideles

1861 1869 2152 1923 matronae,
2208 1858 2295 1913 his
2340 1860 2670 1926 conspectis,
2729 1859 3071 1913 declinabant
3137 1874 3421 1914 occursum

192 1958 301 1999 treat
325 1948 431 2013 ipse
464 1961 635 2000 suum
672 1947 1001 2014 percussit.
1042 1956 1198 2015 atque
1247 1947 1353 2001 ictu
1392 1948 1644 2003 intestina
1668 1948 1754 2003 fo-
1792 1926 1831 1980 Β
1859 1949 2183 2017 hujusmodi.
2225 1948 2331 2004 Illa:
2361 1960 2539 2005 autem
2574 1950 2727 2019 quasi
2757 1951 2978 2004 bacchae
3019 1960 3074 2004 et
3121 1951 3275 2004 furiae
3313 1951 3424 2004 cir-

190 2054 259 2092 ras
281 2039 472 2091 emisit.
506 2036 820 2107 Collapsus
857 2038 1043 2106 itaque
1091 2047 1396 2105 asportatus
1426 2045 1538 2104 est,
1573 2048 1628 2092 et
1662 2054 1757 2108 po—

184 2129 351 2182 suidie
379 2129 619 2181 interiit.
688 2126 985 2196 Ingressus
1045 2127 1171 2182 item
1224 2128 1396 2194 alius,
1431 2130 1520 2198 qui
1561 2128 1755 2184 thallos

182 2235 325 2272 manu
352 2220 607 2288 gestabat
630 2256 647 2282 ,
678 2233 807 2273 cum
864 2232 1019 2272 more
1054 2217 1392 2273 ethnicorum
1436 2233 1595 2272 manu
1636 2219 1754 2273 illos

180 2313 425 2379 agitaret,
460 2310 898 2375 cachinnosque
930 2309 1311 2377 profunderet,
1350 2319 1570 2378 repente
1604 2318 1753 2363 tene-

178 2404 275 2456 bris
307 2401 513 2456 offusus
540 2401 837 2469 oculisque
869 2410 1083 2469 captus,
1111 2416 1213 2455 non
1254 2400 1391 2455 ultra
1431 2401 1634 2456 sciebat
1660 2402 1748 2456 ubi

176 2508 429 2547 terrarum
471 2502 631 2548 esset
667 2510 685 2546 :
719 2494 815 2562 qui
853 2492 1082 2561 jamjam
1127 2492 1490 2561 collapsurus,
1520 2507 1548 2545 a
1579 2494 1751 2548 comi-

183 2588 317 2641 tibus
347 2586 460 2640 suis
488 2600 660 2638 manu
698 2584 972 2637 adductus
995 2592 1047 2637 et
1072 2592 1398 2637 sustentatus
1417 2583 1611 2646 exivit,
1636 2584 1753 2637 vix-

173 2690 265 2739 que
294 2675 561 2745 postridie
589 2675 796 2727 mentis
828 2688 1054 2742 compos
1082 2672 1302 2727 effectus
1339 2684 1423 2727 est
1444 2713 1458 2738 ,
1497 2672 1752 2729 facinoris

166 2768 307 2834 juxta
333 2781 393 2819 ac
419 2780 593 2821 casus
625 2766 714 2820 sui
746 2766 1056 2818 immernor.

231 2858 287 2912 8.
332 2856 424 2911 His
447 2855 774 2925 conspectis
799 2854 1007 2909 ethnici
1040 2855 1304 2923 perterriti
1337 2865 1484 2917 sunt,
1510 2856 1751 2924 nihilque

168 2947 306 3001 ultra
340 2947 565 3017 aggredi
594 2958 721 3000 sunt
751 2946 871 3000 ausi
906 2965 919 2999 :
952 2946 1175 3000 Arianos
1199 2962 1324 3001 vero
1366 2961 1435 2999 ne
1476 2957 1587 3000 tum
1627 2948 1750 3016 qui-

170 3043 288 3091 dem
328 3048 615 3107 gestorum
661 3036 893 3107 puduit,
930 3037 1024 3091 sed
1047 3036 1305 3104 ejusmodi
1328 3035 1568 3091 facinora
1610 3051 1638 3089 a
1670 3052 1754 3104 pe-

166 3130 463 3184 tulantibus
508 3127 835 3182 hominibus
868 3127 1106 3182 admissa
1134 3128 1356 3182 libentes
1384 3143 1447 3181 ac
1477 3128 1584 3181 '3‘.”
1619 3143 1752 3182 cou-

166 3223 485 3289 spiciebant.
526 3221 742 3274 Aderat
784 3220 957 3289 ipsis,
994 3234 1251 3289 opemque
1290 3218 1506 3274 ferebat
1532 3220 1747 3274 Fausti-

166 3329 265 3366 nus
294 3314 516 3382 quidam
576 3311 867 3366 rationalis
908 3310 1029 3365 sive
1085 3312 1460 3365 thesaurarius
1482 3353 1497 3377 ,
1525 3312 1754 3366 cireum-

168 3404 416 3459 luraueus
446 3414 503 3459 et
533 3419 811 3474 arrogans
846 3404 1032 3457 homo.
1063 3400 1244 3472 Neque
1267 3417 1394 3456 sane
1422 3412 1755 3472 spectatores

169 3497 235 3547 illi
261 3498 532 3551 scelerum
582 3505 797 3549 tantum
838 3494 1089 3556 fuerunt,
1134 3494 1226 3548 sed
1270 3494 1488 3549 nefariis
1519 3495 1619 3563 ipsi
1652 3509 1758 3547 ma-

169 3590 320 3642 nibus
370 3589 632 3659 graviora
696 3595 1107 3656 perpetrarunt.
1173 3606 1191 3638 ιι
1240 3586 1411 3653 Quam
1465 3585 1642 3653 enim,
1682 3588 1757 3640 ait

168 3682 489 3735 Athanasius
532 3681 634 3749 {fi},
680 3694 787 3733 non
822 3679 1099 3747 diripuere
1132 3678 1394 3732 domum?
1450 3692 1582 3747 quas
1614 3678 1756 3733 ardes

173 3773 571 3842 pervestigandi
601 3785 770 3826 causa
808 3785 919 3825 non
966 3768 1305 3837 expilarunt?
1329 3769 1496 3834 Quem
1540 3768 1752 3822 hortum

174 3863 344 3919 nimiis
378 3860 913 3919 concursationibus
956 3874 1060 3912 non
1096 3858 1476 3913 devastarunt?
1503 3856 1651 3924 Quod
1680 3872 1756 3912 se-

172 3955 399 4020 pulcrum
456 3971 571 4010 non
608 3967 927 4024 aperuere,
987 3950 1167 4019 specie
1209 3950 1423 4020 quidem
1473 3950 1753 4005 Athanasii

172 4049 506 4116 perquirendi
532 4088 549 4112 ,
574 4062 708 4101 cum
747 4043 886 4098 nihil
918 4051 1098 4096 tamen
1126 4042 1272 4095 aliud
1294 4042 1571 4107 curarent,
1590 4056 1752 4110 quam

170 4138 387 4206 diripere
420 4149 476 4193 et
521 4136 723 4190 obvios
750 4148 1003 4203 quosque
1032 4131 1301 4201 spoliare?
1351 4132 1518 4197 Quam
1553 4133 1751 4185 multo-

172 4242 274 4282 rum
313 4231 512 4284 domus
537 4226 856 4292 obsignata:
894 4223 1059 4275 sunt!
1113 4222 1282 4285 Quam
1329 4223 1525 4285 multa,
1555 4237 1672 4290 quae
1700 4222 1751 4275 in

171 4319 512 4392 hospitalibus
550 4327 761 4383 erant,
794 4314 1136 4371 administris
1158 4316 1270 4369 suis
1303 4315 1557 4369 militibus
1584 4314 1752 4369 tradi-

170 4413 373 4468 derunt!
402 4414 541 4481 Quis
568 4425 773 4466 eorum
802 4408 1208 4476 improbitatem
1226 4415 1598 4475 expertusnon
1630 4407 1754 4460 est?

172 4504 282 4570 Quis
308 4507 412 4561 illis
447 4504 658 4560 obvius
696 4516 807 4555 non
852 4513 976 4553 sese
1020 4498 1072 4552 in
1103 4498 1221 4581 foro
1256 4498 1589 4552 occultavit?
1624 4497 1753 4564 Quis

1857 2050 2291 2107 cutncursantes,
2321 2041 2699 2094 detrimentum
2738 2041 3018 2108 putabant,
3048 2041 3091 2096 si
3129 2055 3288 2109 quam
3315 2056 3419 2095 non

1856 2130 2184 2185 offenderent
2208 2133 2292 2185 cui
2333 2133 2591 2185 inferrent
2631 2132 2900 2200 iniuriam.

1927 2222 2011 2275 10.
2054 2223 2168 2286 Quo
2193 2239 2246 2276 se
2265 2223 2520 2290 proripuit
2551 2223 2893 2276 Athanasius.
2928 2252 2999 2262 —
3024 2219 3141 2275 Jam
3165 2222 3230 2275 ad
3250 2221 3420 2275 Atha-

1860 2314 2069 2367 nasium
2103 2314 2411 2378 redeamus,
2457 2326 2486 2365 a
2518 2326 2625 2380 quo
2670 2327 2767 2367 nos
2802 2313 3018 2382 paulum
3060 2314 3283 2368 abduxit
3329 2314 3418 2367 illa

1858 2414 2004 2457 tanta
2032 2404 2098 2457 ab
2132 2404 2352 2459 Arianis
2380 2404 2650 2458 concitata
2679 2413 2985 2474 tempestas.
3020 2404 3311 2473 Postquam
3337 2420 3423 2458 er-

1854 2509 1920 2563 go
1956 2495 2126 2549 furori
2165 2495 2379 2565 Syriani
2409 2496 2746 2564 militumque
2786 2509 2843 2550 se
2886 2496 3276 2564 proripuisset,
3319 2495 3421 2550 hoc

1864 2604 2027 2642 unum
2060 2589 2309 2653 curavit,
2338 2601 2397 2644 ut
2435 2593 2599 2645 vitam
2643 2605 2794 2645 suam
2827 2588 3145 2643 sicariorum
3173 2588 3423 2642 manibus

1851 2687 2088 2748 ereptam
2118 2678 2254 2749 fuga:
2272 2680 2654 2751 solitudinique
2689 2679 2988 2734 mandaret.
3021 2676 3131 2733 Nec
3159 2688 3334 2732 tamen
3364 2678 3420 2732 in

1852 2781 2103 2839 promptu
2134 2772 2425 2827 estdicere
2475 2787 2582 2837 quo
2628 2772 2809 2827 statim
2863 2771 2983 2825 loco
3031 2782 3090 2825 se
3134 2772 3418 2840 receperit.

1853 2860 1982 2914 Nam
2024 2861 2237 2931 vulgata
2272 2862 2362 2917 illa
2388 2862 2610 2918 Palladii
2644 2864 2711 2918 de
2755 2861 3043 2916 Athanasii
3074 2875 3291 2916 secessu
3330 2861 3417 2915 hi-

1852 2952 2017 3006 storia
2078 2952 2156 3022 (d)
2194 2956 2375 3010 multis
2419 2955 2730 3009 nominibus
2792 2963 3039 3023 suspecta
3096 2954 3253 3007 nobis
3309 2961 3417 3007 est.

1852 3043 2003 3109 Apud
2034 3045 2293 3114 virginem
2322 3046 2609 3114 quamdam
2633 3085 2649 3110 ,
2676 3045 2849 3114 inquit
2874 3044 3149 3098 Palladius
3172 3082 3190 3109 ,
3219 3044 3421 3112 specio-

1852 3132 2118 3185 sissimam
2140 3172 2155 3196 ,
2189 3134 2485 3202 vigintique
2508 3147 2678 3187 annos
2712 3142 2892 3187 natam
2934 3132 3175 3200 aufugit,
3213 3131 3416 3187 sticba-

1853 3224 1935 3276 rio
1970 3231 2172 3276 tantum
2206 3238 2297 3277 seu
2354 3224 2532 3277 tunica
2577 3233 2631 3278 et
2661 3223 2811 3278 birro
2865 3223 3181 3278 instructus.
3219 3220 3417 3277 Obstu-

1857 3314 1969 3383 puit
1991 3314 2143 3382 virgo
2177 3315 2251 3368 rei
2281 3314 2582 3370 insolentia.
2617 3314 2715 3370 Cui
2749 3314 3073 3385 episcopus:
3112 3312 3196 3369 Me
3231 3312 3417 3366 Ariani

1856 3406 2076 3461 nefariis
2106 3406 2400 3461 sceleribus
2438 3416 2744 3462 accusatum
2791 3406 3111 3476 perquirunt
3141 3422 3154 3460 :
3192 3419 3259 3459 ne
3286 3418 3419 3474 ergo

1856 3495 1910 3550 in
1947 3496 2142 3550 malam
2173 3496 2405 3551 incidam
2440 3496 2639 3551 famam
2666 3537 2682 3563 ,
2718 3510 2852 3551 neve
2885 3496 3088 3566 peccati
3121 3509 3282 3551 causa
3314 3495 3416 3548 siut

1856 3586 1923 3639 iis
1972 3584 2063 3653 qui
2120 3600 2207 3640 me
2250 3586 2434 3640 volunt
2487 3587 2745 3657 supplicio
2794 3587 3047 3650 afficere,
3116 3586 3238 3654 fuga
3285 3586 3417 3641 mihi

1856 3677 2141 3732 consulere
2170 3678 2416 3743 decrevi;
2465 3678 2705 3748 mihique
2750 3677 3007 3731 Dominus
3037 3675 3293 3731 revelavit
3319 3675 3420 3730 hac

1856 3779 2014 3823 nocte
2044 3768 2253 3822 nonnisi
2292 3768 2431 3837 apud
2465 3777 2516 3822 te
2545 3782 2703 3836 posse
2742 3782 2829 3821 me
2874 3766 3102 3821 salutem
3130 3768 3417 3835 consequi.

1855 3858 1949 3914 illa
1982 3874 2109 3913 vero
2138 3874 2204 3914 ex
2249 3860 2431 3913 animo
2457 3860 2725 3929 gaudens,
2779 3867 2918 3913 totos
2952 3872 3043 3911 sex
3072 3872 3247 3911 annos
3268 3894 3285 3919 ,
3315 3856 3418 3909 do-

1859 3965 1959 4005 nec
1989 3951 2197 4006 scilicet
2225 3960 2499 4021 superstes
2540 3949 2642 4004 fuit
2694 3951 2990 4019 imperator
3034 3948 3413 4010 Constantius,

1854 4042 2254 4097 sanctissimum
2288 4041 2597 4111 episcopum
2619 4040 2937 4105 occultavit,
2979 4040 3140 4109 pedes
3170 4038 3417 4102 abluens,

1856 4132 2158 4187 necessaria
2182 4133 2527 4203 suppeditans
2547 4171 2562 4196 ,
2587 4132 2862 4202 librosque
2892 4139 3133 4185 mutuata
3163 4130 3419 4197 legendos

1855 4220 2226 4293 ipsi'tradens.
2264 4225 2498 4292 Accepta
2527 4238 2685 4293 porro
2717 4223 3021 4278 Constantii
3054 4230 3248 4284 morte,
3273 4221 3420 4275 solus

1856 4322 2012 4368 noctu
2038 4314 2091 4367 in
2118 4312 2400 4369 ecclesiam
2454 4312 2740 4377 concedit,
2789 4313 3014 4367 honesto
3052 4313 3270 4365 indutus
3316 4311 3418 4362 ha-

1854 4407 1986 4459 bitu.
2033 4404 2350 4459 Mirantibus
2389 4415 2568 4459 autem
2602 4404 2829 4467 amicis,
2866 4403 3007 4472 quod
3036 4417 3194 4472 quem
3244 4402 3419 4454 virum

1855 4494 2161 4551 defunctum
2193 4503 2479 4565 putarent,
2513 4494 2693 4547 vivum
2723 4494 3127 4563 conspicerent,
3171 4492 3415 4560 roganti-

173 4613 292 4663 non,
329 4598 525 4652 relicta
563 4596 775 4656 domo,
817 4591 871 4643 in
907 4579 1545 4659 desertopernoctavit?
1582 4588 1752 4655 Quis,
1787 4599 1829 4653 ι)
1858 4587 2065 4656 Lusque
2096 4586 2187 4656 qui
2216 4584 2317 4639 sibi
2344 4584 2534 4639 fuisset
2556 4583 2882 4637 latebrarum
2922 4582 3105 4641 locus,
3141 4579 3421 4649 respondit

172 4689 276 4743 dum
304 4705 402 4744 sua
438 4692 657 4744 intacta
696 4697 935 4738 servare
964 4690 1153 4747 curat,
1186 4697 1291 4735 non
1334 4680 1622 4735 multorum
1661 4680 1747 4748 ja-

173 4793 355 4836 cturam
385 4776 391 4782 ’
418 4771 553 4837 fecit
577 4779 604 4833 2
640 4775 786 4844 Quis
850 4775 1021 4827 maris
1058 4772 1340 4841 imperitus
1402 4789 1503 4826 non
1564 4770 1749 4825 maluit

174 4873 296 4927 adire
327 4871 650 4943 periculum
697 4862 1038 4932 navigandi,
1066 4877 1229 4932 quam
1273 4862 1588 4915 minitantes
1630 4858 1752 4912 illos

172 4964 494 5033 conspicere?
516 4960 689 5017 Multi
731 4971 869 5010 sane
902 4956 955 5007 in
981 4954 1265 5008 discrimen
1292 4969 1362 5007 ne
1400 4961 1745 5015 vocarentur,

172 5060 403 5112 domicilia
442 5059 858 5126 perrnutarunt
878 5089 891 5109 ,
922 5055 975 5099 et
1004 5060 1031 5097 a
1060 5046 1175 5097 vico
1214 5046 1266 5097 in
1305 5046 1487 5099 vicum
1513 5086 1529 5111 ,
1568 5044 1634 5096 ab
1660 5060 1749 5097 ur-

172 5147 221 5201 be
247 5151 292 5202 in
315 5146 589 5202 suburbia
627 5144 1068 5196 transmearunt.
1098 5133 1267 5200 Quam
1296 5135 1483 5198 multi,
1509 5149 1632 5188 cum
1661 5133 1746 5186 in-

172 5239 293 5292 sidiis
326 5240 683 5292 Arianorum
746 5227 922 5282 multa
982 5226 1082 5278 sibi
1132 5236 1273 5279 esset
1308 5223 1576 5293 irrogata,
1625 5238 1746 5276 cum

172 5331 269 5384 nihil
295 5334 627 5401 suppeteret
656 5364 678 5387 ,
712 5321 785 5374 ab
817 5318 939 5371 aliis
970 5318 1197 5370 mutuari
1231 5317 1403 5370 coacti
1426 5326 1553 5369 sunt
1576 5355 1590 5379 ,
1620 5329 1745 5383 gra-

169 5424 298 5480 vim-is
334 5425 557 5479 scilicet
589 5419 847 5489 iactum:
879 5409 1105 5461 vitanda:
1144 5409 1336 5461 causa!
1377 5427 1394 5458 ι
1438 5405 1612 5461 Nemo
1648 5406 1753 5459 sci-

169 5514 263 5570 licet
296 5520 650 5571 Arianorum
698 5515 908 5559 manus
973 5498 1205 5569 effugere
1248 5508 1456 5567 poterat
1512 5499 1566 5549 in
1599 5497 1751 5549 cala-

165 5610 406 5662 mitatibus
446 5597 797 5670 inﬂigendis
829 5593 1166 5644 exercitatas.
1202 5589 1322 5643 limo
1371 5601 1552 5642 autem
1582 5590 1744 5641 Variis

197 5812 270 5882 ’(a)
301 5814 509 5866 Αιιιειη,
549 5804 723 5886 His}.
765 5798 954 5849 Arion.
982 5796 1045 5848 ad
1073 5795 1366 5859 monachos,
1398 5811 1449 5848 n.
1481 5793 1571 5848 57.

303 5886 467 5946 Ibid”
504 5898 567 5933 ll.
608 5876 698 5928 55
732 5880 791 5922 ει
823 5880 985 5937 sequo.

1856 4679 2189 4733 Athanasius
2231 4693 2245 4729 :
2286 4676 2358 4729 Ea
2391 4676 2458 4730 de
2482 4690 2640 4729 causa
2667 4675 2730 4727 ad
2754 4689 2850 4727 vos
2880 4688 2984 4727 non
3026 4671 3270 4741 confugi,
3297 4685 3416 4723 cum

1859 4780 1918 4823 ut
1950 4767 2353 4823 sciscitantibus
2381 4764 2567 4833 iurare
2595 4763 2749 4819 vobis
2778 4764 2983 4818 licitum
3007 4772 3176 4827 esset,
3208 4772 3317 4815 tum
3362 4770 3420 4814 ut

1857 4860 2056 4915 nemini
2082 4866 2386 4925 suspectum
2418 4858 2589 4910 locum
2621 4869 2776 4909 nemo
2803 4856 2906 4910 mei
2937 4854 3209 4925 quaerendi
3250 4866 3414 4908 causa

1855 4945 2054 5005 adiret."
2085 4947 2287 5002 Scribit
2314 4961 2475 5014 porro
2505 4945 2773 5000 Palladius
2793 4986 2808 5010 ,
2844 4960 2963 5001 eam
2996 4960 3056 5000 se
3084 4946 3280 5000 vidisse
3305 4943 3420 4997 vir-

1855 5042 2031 5111 ginem
2069 5040 2406 5110 septuaginta
2439 5049 2547 5093 tum
2577 5053 2746 5093 annos
2777 5047 2980 5093 natam.
3013 5037 3213 5093 Verum
3246 5039 3298 5092 in
3324 5038 3420 5090 hu-

1851 5132 2085 5200 iusmodi
2118 5130 2343 5185 historia
2366 5129 2620 5183 nonnulla
2650 5141 2834 5199 aperte
2870 5129 3004 5184 falsa
3032 5171 3048 5197 ,
3090 5130 3292 5198 reliqua
3331 5146 3424 5183 su-

1859 5234 2042 5295 specta
2077 5224 2341 5278 videntur.
2380 5222 2530 5289 Quod
2565 5232 2818 5276 narratur
2839 5225 2978 5278 enim
3006 5224 3258 5277 divinitus
3288 5238 3423 5291 pra:-

1853 5317 2113 5371 monitum
2137 5356 2152 5381 ,
2184 5314 2272 5369 vix
2303 5315 2428 5368 dato
2460 5314 2522 5367 ad
2564 5314 2885 5369 vestimenta
2915 5314 3179 5367 induenda
3216 5314 3421 5382 spatio,

1853 5407 2163 5474 aufugisse;
2198 5413 2311 5459 toto
2341 5403 2611 5459 sexennio
2642 5403 2922 5458 delituisse
2949 5404 3086 5473 apud
3119 5403 3375 5469 virginem
3402 5417 3420 5463 ;

1852 5499 2054 5552 amicos
2104 5496 2222 5566 ejus
2274 5496 2445 5549 virum
2494 5510 2590 5564 per
2642 5494 2970 5548 tantumdem
3011 5491 3267 5560 temporis
3324 5505 3420 5557 pro

1856 5598 2067 5643 mortuo
2100 5586 2393 5650 habuisse;
2446 5587 2578 5648 haec,
2628 5585 2864 5653 inquam,
2919 5582 3073 5652 plane
3124 5588 3424 5650 repugnant

1932 5788 2001 5855 fr)
2047 5791 2238 5843 Athan.
2268 5789 2394 5842 ibid.
2428 5805 2480 5842 n.
2509 5787 2596 5841 59.

1933 5853 2009 5927 (rt)
2050 5860 2248 5913 Pallad.
2289 5860 2379 5913 lib.
2410 5873 2499 5911 \‘ttt
2525 5896 2539 5921 ,
2566 5870 2682 5924 cap.
2729 5853 2851 5909 156.
