4038 6582
581 442 723 485 CII!

1936 414 2454 471 PROLEGOMENA.

586 547 857 604 sexcentis
882 543 1161 598 Athanasii
1219 552 1273 595 et
1325 542 1548 595 aliorum
1601 539 1935 595 testimoniis.
1984 537 2133 591 Unde
2162 540 2203 594 Α
2235 535 2311 587 Ac
2334 534 2482 586 Itetus
2510 529 2823 601 quidemille
2851 528 3001 591 obiit,
3026 527 3265 597 martyrii
3289 526 3510 596 gloriam
3544 527 3802 596 adeptus.

584 654 684 694 nec
714 637 982 692 immerito
1013 634 1238 689 historia
1271 634 1455 687 isthmc
1487 641 1591 684 tota
1614 630 1811 699 ingenti
1834 629 2134 697 suspicione

584 731 830 785 laborare
858 729 1087 783 videtur.
1123 726 1219 781 Vel
1267 727 1310 781 si
1354 726 1569 779 omnino
1603 723 1667 777 ad
1703 724 1956 791 virginem
2012 735 2134 789 pro-

592 821 789 891 fugerit
815 860 830 884 ,
857 820 1041 889 paucis
1066 834 1196 873 sane
1224 819 1411 871 diebus
1444 816 1603 868 isthic
1631 822 1991 867 commoratus
2015 823 2126 875 est;

587 925 711 965 cum
744 919 870 964 ante
897 910 1067 977 ipsum
1103 907 1316 976 Georgii
1350 907 1645 971 ingressum
1666 943 1681 966 ,
1710 918 1775 956 ex
1798 902 2005 955 deserto
2029 938 2045 961 ,
2081 908 2139 952 ut

578 996 819 1056 testatur
856 1000 1000 1069 ipse,
1029 999 1233 1052 litteras
1270 995 1527 1065 quasdam
1572 994 1807 1055 dederit,
1866 1006 1983 1059 quae
2042 990 2137 1043 ho-

589 1092 785 1159 dieque
812 1098 1119 1158 supersunt.

662 1181 750 1234 11.
778 1180 1097 1233 Athanasius
1136 1178 1189 1229 in
1219 1177 1418 1230 deserto
1457 1176 1653 1228 litteras
1678 1172 1745 1225 ad
1782 1171 1977 1240 plebem
2017 1168 2137 1223 Ale-

590 1270 905 1323 xandrinam
927 1268 1102 1321 mittit.
1121 1266 1259 1319 —Iu
1288 1265 1575 1319 remotiora
1603 1263 1760 1332 igitur
1783 1258 1997 1328 IEgypti
2025 1258 2139 1311 loca

591 1362 896 1425 concessit;
926 1374 1025 1417 nec
1058 1373 1291 1426 unquam
1330 1366 1505 1409 tamen
1533 1354 1600 1407 ab
1628 1368 1712 1417 eo,
1750 1352 1873 1407 licet
1899 1353 2139 1413 absente,

591 1453 828 1508 debitum
858 1450 1109 1506 Ecclesia;
1135 1464 1243 1503 suae
1266 1448 1498 1502 ollicium
1533 1445 1847 1515 requisitum
1882 1453 1985 1497 est.
2033 1443 2139 1495 Ac-

589 1555 745 1614 cepto
779 1557 1007 1610 namque
1058 1554 1236 1594 rerum
1270 1550 1391 1608 post
1438 1538 1732 1592 discessum
1785 1551 1936 1590 suum
1970 1540 2144 1602 gesta-

590 1653 709 1692 rum
734 1635 939 1696 nuntio,
969 1632 1381 1687 consolatoriam
1416 1629 1553 1696 plebi
1601 1628 1878 1683 catholica:
1906 1626 2140 1679 Alexan-

590 1730 758 1783 drina:
784 1725 1062 1795 epistolam
1094 1725 1267 1787 misit;
1296 1737 1400 1790 qua
1431 1720 1741 1787 deplorabat
1773 1718 2026 1772 inllictam
2053 1731 2144 1771 ca-

588 1819 889 1874 lamitatem
920 1855 935 1880 ,
985 1815 1180 1870 caedem
1213 1855 1228 1879 ,
1286 1811 1691 1879 expilationem.
1726 1807 2051 1863 Hortahatur
2079 1821 2144 1860 ue

591 1910 933 1964 conciderent
948 1904 1153 1968 animo,
1178 1904 1269 1957 sed
1308 1905 1358 1956 in
1396 1902 1501 1954 Deo
1535 1916 1683 1968 spem
1710 1910 2032 1969 reponerent
2059 1914 2144 1953 res

592 2003 829 2071 ipsorum
852 1999 1224 2071 prospiciente.
1255 1996 1317 2048 Et
1341 1995 1461 2062 quia
1483 1994 1547 2045 de
1577 1993 1772 2047 ablatis
1793 1993 2146 2045 Arianorum-

592 2088 884 2157 quecmtui
942 2086 1153 2143 traditis
1212 2083 1456 2137 ecclesiis
1488 2083 1743 2138 dolebant
1783 2082 2014 2135 maxime
2044 2081 2147 2135 Ca-

591 2179 813 2234 tholici:
848 2196 866 2229 t
898 2177 997 2244 Illi,
1033 2177 1225 2245 inquit,
1258 2176 1370 2230 loca
1399 2194 1413 2242 ;
1445 2190 1536 2229 vos
1591 2174 1749 2227 ﬁdem
1803 2172 2145 2241 apostolicam

593 2271 824 2325 habetis.
849 2268 927 2323 IIIi
955 2269 1005 2322 in
1042 2268 1174 2322 locis
1195 2268 1517 2321 exsistentes
1546 2282 1575 2317 a
1614 2280 1738 2319 vera
1782 2264 1885 2316 ﬁde
1915 2274 2038 2316 sunt
2064 2261 2145 2314 fo-

593 2364 710 2427 ris;
744 2377 839 2417 vos
870 2375 997 2415 vero
1026 2375 1056 2413 a
1117 2360 1251 2414 locis
1283 2359 1498 2427 quidem
1529 2356 1661 2410 furis
1691 2355 1843 2416 estis,
1899 2354 1990 2407 scd
2020 2352 2148 2405 ﬁdes

594 2456 740 2508 intus
769 2462 872 2507 est.
902 2451 1257 2506 Discutiamus
1292 2450 1420 2517 quid
1450 2449 1522 2501 sit
1566 2448 1756 2512 majus,
1786 2446 1955 2509 locus,
1984 2460 2050 2497 an
2086 2444 2148 2495 li-

594 2544 733 2598 des?
764 2544 965 2597 clarum
992 2552 1075 2595 est
1108 2543 1290 2609 utique
1330 2541 1454 2608 quia
1494 2553 1618 2593 vera
1647 2538 1801 2593 ﬁdes.
1842 2538 1973 2603 Quis
2023 2552 2151 2603 ergo

594 2634 714 2699 plus
738 2632 937 2695 amisit,
968 2631 1050 2685 vel
1074 2631 1190 2699 quis
1218 2634 1335 2699 plus
1363 2630 1541 2694 habet,
1567 2629 1657 2697 qui
1695 2628 1868 2681 locum
1897 2636 2063 2691 tenet,
2082 2640 2149 2678 an

594 2725 682 2793 qui
701 2723 880 2778 ﬁdem?
906 2725 1079 2778 Bonus
1094 2725 1302 2792 quidem
1322 2724 1468 2777 locus
1482 2733 1564 2777 est
1588 2722 1799 2789 quando
1816 2721 1921 2773 illic
1941 2732 2152 2787 aposto-

596 2816 699 2870 lica
727 2817 855 2870 ﬁdes
878 2816 1225 2885 praedicatur;
1248 2826 1468 2870 sanctus
1484 2825 1585 2878 est,
1604 2816 1646 2866 si
1671 2813 1741 2865 ibi
1764 2822 1981 2867 sanctus
2004 2811 2154 2865 habi-

598 2918 693 2962 tat.
722 2927 741 2961 ι
767 2908 971 2962 Exinde
993 2922 1119 2962 vero
1144 2921 1203 2961 se
1224 2909 1471 2963 didicisse
1497 2908 1590 2969 ait,
1617 2902 1844 2960 ArianOs
1874 2903 2153 2959 ecclesiam

595 3000 933 3055 convertisse
967 3000 1018 3052 in
1050 2999 1355 3066 speluncam
1388 2999 1681 3060 latronum,
1733 2999 1783 3050 in
1809 2999 2023 3050 domum
2057 3012 2154 3049 ne-

596 3092 924 3161 gotiationis,
954 3101 1009 3143 et
1045 3092 1097 3144 in
1121 3092 1335 3144 dontum
1364 3089 1491 3143 veli.
1527 3089 1666 3155 Quid
1699 3090 1771 3142 sit
1825 3097 2003 3140 autem
2053 3087 2152 3141 d0—

596 3197 717 3236 tttus
748 3182 867 3248 veli,
898 3181 1022 3235 vide
1050 3181 1101 3233 in
1129 3178 1462 3233 Onomastico
1488 3180 1553 3233 ad
1588 3194 1770 3233 vocem
1792 3178 1973 3247 βῆλον.
2006 3177 2154 3232 Hanc

596 3288 757 3342 porro
782 3271 1061 3339 epistolam
1094 3285 1158 3324 ex
1188 3286 1413 3324 numero
1443 3284 1626 3323 earmn
1657 3271 1985 3323 arbitramur
2013 3286 2153 3333 esse,

597 3380 716 3433 quae
737 3364 1078 3434 ὲορταστικαὶ
1123 3376 1217 3416 seu
1259 3361 1473 3415 festales
1500 3371 1781 3423 vocantur,
1815 3362 1957 3414 etab
1992 3362 2156 3414 Atha-

600 3456 755 3510 nasio
789 3457 937 3517 dum,
971 3454 1310 3507 inimicorum
1344 3453 1581 3507 furorem
1628 3453 1928 3515 declinans,
1965 3454 2014 3505 in
2066 3456 2157 3507 de-

598 3546 758 3600 sertis
790 3542 1007 3613 :Egypti
1043 3552 1096 3597 et
1121 3542 1422 3596 Thebaidos
1463 3542 1689 3596 subinde
1727 3553 1937 3595 mutans
1983 3544 2155 3595 locum

600 3645 933 3700 versaretur,
961 3636 1025 3688 ad
1048 3650 1259 3705 gregem
1284 3634 1451 3702 ipsius
1473 3635 1650 3687 missae
1676 3646 1820 3697 sunt,
1848 3647 1901 3688 tit
1932 3636 1982 3688 in
2015 3646 2156 3689 coetu

600 3726 1002 3781 Catholicorum
1071 3725 1400 3794 legerentur.
1462 3723 1695 3775 Alterius
1761 3725 1888 3776 item
1931 3741 2157 3780 numero

602 3833 766 3869 xxxix
795 3816 1155 3885 fragmentum
1189 3820 1366 3867 exstat
1396 3812 1602 3876 Graece,
1633 3829 1728 3867 nec
1758 3829 1863 3868 non
1891 3815 2034 3869 aliud
2066 3834 2160 3870 cu-

598 3908 813 3975 jusdam
846 3905 1083 3973 epistola:
1125 3918 1191 3957 ex
1237 3901 1530 3956 Feslalium
1562 3919 1787 3959 numero
1847 3905 1983 3960 infra
2020 3921 2158 3961 com-

605 4004 929 4048 memoratur
956 4010 1020 4048 ex
1060 3993 1414 4049 Thcodoreto.

681 4086 767 4139 12.
814 4084 1131 4154 Martyrium
1192 4084 1461 4155 Eutycliii.
1521 4115 1590 4124 —
1627 4086 1765 4139 Inter
1822 4087 1935 4140 haec
1971 4085 2156 4138 Ariani

604 4177 944 4234 Alexandria:
974 4176 1324 4231 ecclesiarum
1363 4192 1653 4246 rerumque
1686 4178 1922 4230 omnium
1982 4176 2158 4246 potiti,

608 4268 741 4323 nihil
763 4267 927 4321 semel
958 4268 1148 4321 initam
1179 4268 1601 4324 intermittebant
1634 4268 2027 4324 Catholicorum
2065 4284 2159 4322 ve-

607 4360 900 4424 xationem,
928 4360 1146 4423 easdem,
1207 4360 1515 4415 vastitatem
1550 4361 1649 4430 (a).
1689 4362 1972 4416 Enimvero
2034 4365 2164 4431 Scy-

607 4452 819 4505 tharqu
842 4448 1297 4518 barbarorumque
1322 4464 1489 4516 more,
1513 4451 1835 4521 Eutychium
1882 4450 2165 4505 subdiaco-

2240 622 2387 691 Impii
2420 631 2594 674 autem
2630 620 2892 682 homines,
2936 618 3028 686 qui
3061 631 3276 670 sensum
3303 631 3515 671 omnem
3544 616 3804 670 humani-

2241 713 2365 764 tatis
2393 712 2704 773 amiserant,
2731 708 2998 762 atrociora
3050 706 3228 760 statim
3265 707 3527 762 admisere
3565 707 3802 761 scelera.

2239 801 2371 855 Nam
2403 816 2522 854 cum
2549 802 2811 870 supplices
2846 798 3021 868 populi
3056 814 3154 869 pro
3181 799 3424 869 Eulychii
3463 799 3636 853 salute
3671 814 3805 865 pre-

2240 903 2523 953 curentur,
2562 890 2834 958 jusserunt
2867 891 2940 943 illi
2968 900 3026 945 ut
3073 899 3305 959 quatuor
3335 904 3402 943 ex
3436 890 3592 943 turba
3644 888 3804 958 probi

2241 986 2498 1051 liberique
2533 983 2653 1045 viri,
2698 983 2944 1052 interque
2976 999 3068 1038 eos
3095 984 3363 1047 llcrmias,
3396 982 3485 1050 qui
3521 981 3810 1035 mendico-

2241 1092 2357 1129 rum
2394 1073 2557 1143 pedes
2584 1073 2849 1137 abluebat,
2881 1089 3003 1128 mox
3046 1076 3465 1143 corriperentur,
3501 1086 3639 1140 quos
3669 1086 3808 1139 gra-

2241 1169 2395 1221 vibus
2433 1178 2557 1221 ante
2582 1167 2753 1236 plagis
2800 1168 3046 1220 concisos
3098 1168 3202 1221 dux
3255 1165 3489 1234 conjecit
3527 1165 3578 1217 in
3615 1177 3810 1218 carce-

2244 1273 2375 1312 rem.
2402 1258 2511 1313 Hos
2542 1259 2630 1312 ubi
2656 1262 2838 1315 Ariani
2876 1261 3149 1330 plagarum
3179 1260 3231 1311 vi
3273 1273 3377 1311 non
3409 1259 3636 1311 interire
3668 1270 3803 1322 per-

2242 1360 2552 1418 spexerant,
2588 1352 2824 1408 efferatis
2873 1353 3067 1406 animis
3103 1352 3153 1404 in
3186 1351 3373 1405 ducem
3420 1348 3675 1403 fremere.
3710 1362 3808 1398 ex-

2244 1441 2533 1506 postulare,
2565 1444 2924 1497 comminari:
2976 1440 3247 1495 Eunuchis
3272 1480 3287 1504 ,
3342 1440 3577 1502 aiebant,
3607 1452 3811 1492 renun-

2247 1532 2495 1586 tiahimus
2532 1534 2720 1587 ducem
2755 1549 2856 1587 non
2915 1533 3134 1587 arbitrio
3176 1541 3360 1585 nostro
3407 1530 3633 1584 verbera
3666 1527 3811 1581 inlli-

2242 1638 2387 1692 gere.
2415 1625 2526 1678 Dux
2558 1635 2733 1678 autem
2762 1640 2864 1681 non
2898 1616 3399 1693 ignarus'summam
3428 1637 3605 1675 rerum
3639 1635 3809 1688 penes

2245 1720 2520 1773 eunuchos
2544 1727 2665 1771 tunc
2680 1731 2821 1780 esse,
2849 1716 3164 1785 perterritus
3191 1715 3435 1769 homines
3459 1713 3637 1766 denuo
3661 1726 3809 1764 com-

2245 1811 2538 1878 prehensus
2566 1810 2771 1863 concidi
2800 1808 3109 1862 verberibus
3146 1806 3385 1860 mandat.
3414 1804 3494 1858 Illi
3519 1817 3651 1857 vero
3677 1817 3806 1856 cum

2247 1903 2409 1969 probe
2436 1910 2649 1957 nossent
2684 1900 2812 1969 quid
2840 1912 3015 1953 causa:
3036 1907 3176 1952 esset
3197 1902 3337 1965 quod
3360 1895 3432 1950 ita
3462 1892 3805 1962 vapularem‘,

2245 1993 2360 2046 lucc
2381 1993 2520 2047 inter
2551 1994 2771 2047 verbera
2801 1991 2951 2046 eilari
2986 2008 2998 2042 :
3038 2007 3057 2040 ι
3089 1988 3316 2059 Propter
3332 1988 3613 2042 veritatem
3640 1999 3810 2050 vapu-

2249 2084 2442 2148 lamus,
2479 2100 2579 2139 nec
2629 2095 2806 2138 tamen
2859 2082 3316 2139 communicamus
3346 2094 3465 2134 cum
3505 2076 3804 2132 haereticis.

2252 2172 2483 2227 Verbera
2520 2187 2618 2242 pro
2643 2172 2889 2236 libidine,
2922 2188 2950 2225 a
2981 2173 3089 2226 Deo
3115 2171 3215 2224 hac
3245 2170 3310 2222 de
3343 2181 3400 2220 re
3439 2167 3491 2219 in
3532 2165 3804 2232 judicium

2248 2266 2522 2317 vocandus
2548 2278 2625 2317 es.
2663 2282 2682 2314 ι
2704 2262 2853 2330 Impii
2887 2276 3015 2314 vero
3064 2259 3253 2314 Ariani
3279 2269 3625 2325 summopere
3648 2265 3809 2324 opta-

2249 2356 2395 2418 bant,
2424 2364 2481 2406 ut
2510 2354 2583 2406 illi
2618 2354 2669 2407 in
2706 2367 2925 2407 carcere
2952 2356 2998 2406 vi
3027 2353 3307 2406 vulnerum
3353 2355 3664 2407 interirent.
3702 2347 3809 2401 Sed

2251 2445 2510 2498 catholica
2542 2444 2690 2514 plebs
2715 2452 2867 2498 nacta
2893 2443 3367 2513 opportunitatem,
3394 2456 3595 2510 septem
3635 2443 3813 2493 inter-

2251 2538 2435 2605 positis
2494 2536 2677 2590 diebus
2709 2576 2724 2601 ,
2786 2537 3136 2606 impetrarunt
3184 2534 3368 2603 probis
3423 2533 3553 2589 viris
3586 2534 3816 2589 liberta—

2251 2639 2378 2682 tem.

2326 2718 2409 2769 l5.
2442 2716 2830 2787 Eleemosynam
2861 2732 3074 2785 erogare
3092 2715 3277 2768 Ariani
3295 2724 3485 2767 vetant.
3519 2708 3593 2753 -ῖ
3618 2710 3810 2763 Ariani

2254 2821 2454 2876 autem,
2487 2812 2640 2877 quasi
2668 2826 2777 2863 rem
2805 2810 3018 2878 indigne
3050 2809 3269 2875 ferrent,
3320 2810 3556 2861 immane
3594 2805 3811 2873 facinus

2255 2903 2653 2974 aggrediuntur.
2686 2902 2820 2958 Cum
2854 2904 2993 2957 enim
3022 2916 3217 2972 egenos
3247 2900 3698 2970 conspicerentet
3727 2898 3811 2952 vi-

2256 3000 2387 3050 duas
2414 2998 2601 3051 sedere
2635 2996 2686 3048 in
2724 2998 2997 3065 assignato
3039 2996 3138 3049 sibi
3166 2995 3283 3049 loco
3315 3010 3344 3048 a
3398 2994 3634 3058 clericis,
3691 2992 3814 3061 qui-

2260 3091 2358 3143 bus
2390 3089 2664 3141 viduarum
2702 3102 2829 3141 cura
2860 3088 3168 3159 concredita
3216 3086 3390 3140 fuerat
3414 3084 3514 3157 (b);
3551 3086 3816 3155 (namque

2181 3207 2223 3262 ρ
2258 3194 2377 3235 Cum
2405 3181 2509 3231 dux
2543 3178 2759 3231 Arianis
2776 3179 3036 3232 ecclesias
3084 3176 3390 3232 tradidisset
3415 3216 3430 3241 ,
3489 3176 3816 3230 interclusus

2262 3270 2552 3325 Catholicis
2580 3279 2693 3322 erat
2722 3286 2905 3323 earum
2938 3269 3173 3339 aditus;)
3201 3283 3324 3323 cum
3367 3276 3656 3324 cernerent
3687 3269 3813 3320 item

2260 3375 2502 3434 prompto
2531 3374 2583 3418 et
2608 3364 2770 3417 alacri
2802 3363 2980 3417 animo
3006 3363 3177 3417 viduis
3221 3363 3423 3418 victum
3466 3360 3816 3415 necessaria-

2258 3473 2361 3525 qnc
2392 3457 2642 3525 praeberi,
2683 3466 2793 3507 tum
2828 3465 3103 3522 coeperunt
3134 3453 3371 3508 calcibus
3402 3467 3496 3507 eas
3529 3454 3813 3521 impetere,

2258 3550 2461 3616 fugare,
2488 3548 2738 3600 territare
2765 3563 2778 3611 ;
2820 3561 2911 3599 eos
2938 3553 3115 3598 autem
3147 3546 3238 3614 qui
3280 3545 3478 3599 victum
3506 3543 3586 3598 eis
3621 3558 3817 3611 eroga-

2260 3646 2379 3690 rent
2408 3636 2724 3689 deferebant
2766 3636 2830 3687 ad
2879 3635 3092 3696 ducem,
3128 3634 3377 3686 ministro
3414 3634 3495 3687 usi
3554 3633 3817 3703 Dynamio

2259 3729 2489 3796 quodam
2518 3728 2707 3781 milite.
2742 3727 2977 3794 Eratque
3001 3726 3127 3779 illud
3154 3725 3470 3779 Sebastiano
3514 3724 3817 3780 Manichaee

2259 3830 2566 3889 pergratum
2591 3833 2790 3887 perque
2810 3818 3126 3884 jucundum.
3150 3818 3300 3886 Apud
3326 3817 3651 3871 Manichacus
3671 3835 3823 3873 nam-

2258 3925 2363 3978 que
2403 3909 2547 3962 nnlla
2576 3909 2975 3963 commiseratio
3006 3925 3020 3961 :
3051 3922 3241 3976 perosa
3274 3923 3402 3961 sane
3435 3923 3522 3962 res
3549 3909 3681 3977 ipsis
3702 3921 3821 3964 erat

2258 3998 2861 4069 pauperem’tniserari.
2920 3999 3161 4053 Insciens
3225 4000 3407 4069 itaque
3456 4004 3820 4057 accusationis

2261 4106 2454 4158 genus,
2484 4106 2678 4145 novum
2712 4090 2943 4144 tribunal
2969 4092 3035 4143 ab
3077 4089 3307 4156 illisjam
3341 4092 3575 4158 primum
3604 4097 3823 4165 excogi-

2264 4192 2434 4233 tatum
2459 4191 2563 4234 est.
2615 4178 2694 4235 Ob
2729 4179 3047 4234 beneﬁcium
3081 4196 3309 4248 namque
3348 4182 3603 4237 collatum
3657 4187 3710 4241 in
3736 4188 3823 4256 jus

2263 4273 2611 4327 ambulabant
2650 4274 2915 4328 homines.
2964 4273 3063 4338 Qui
3094 4272 3420 4327 beneficium
3477 4278 3823 4343 tribuerent,

2264 4363 2639 4418 deferebantur
2661 4404 2674 4429 ,
2699 4366 2789 4431 qui
2820 4367 3142 4434 reciperent,
3160 4365 3502 4433 vapulabant.
3525 4367 3711 4438 Neque
3746 4382 3823 4424 ta-

2268 4470 2390 4508 men
2418 4453 2631 4507 scelesti
2670 4455 2855 4508 Ariani
2875 4456 2957 4509 his
2981 4455 3232 4520 przeclare
3253 4459 3391 4512 actis
3411 4473 3472 4512 ea
3498 4462 3639 4513 nacti
3675 4476 3823 4526 sunt,

606 4556 754 4605 num,
794 4542 967 4595 virum
994 4542 1160 4610 probe
1182 4540 1435 4597 Ecclesia:
1459 4542 1878 4607 ministrantem,
1918 4545 2005 4596 ubi
2035 4553 2160 4596 tau-
2192 4539 2235 4593 D
2264 4560 2383 4613 quae
2415 4544 2624 4612 assequi
2654 4547 3008 4614 peroptabant
3037 4560 3052 4597 :
3085 4544 3191 4597 imo
3212 4560 3336 4600 vero
3365 4548 3417 4600 in
3447 4551 3823 4615 gravissimum

605 4634 738 4687 riuis
765 4632 982 4687 scuticis
1009 4634 1169 4688 dorso
1196 4635 1263 4687 ad
1286 4650 1472 4689 necem
1500 4635 1670 4689 ferme
1694 4635 1826 4689 caedi
1850 4644 2157 4699 curassent,

605 4736 861 4792 rogarunt
889 4724 955 4778 ad
979 4725 1191 4778 metalla
1238 4727 1572 4790 transmitti;
1628 4728 1695 4780 ad
1754 4728 1971 4780 metalla
2031 4740 2161 4781 sane

604 4815 840 4869 onmium
870 4817 1184 4884 asperrima,
1216 4815 1410 4870 Phaeno
1454 4816 1739 4885 appellata,
1793 4818 1881 4871 ubi
1918 4833 2043 4871 reus
2072 4818 2161 4869 vix

605 4905 794 4974 paucis
853 4907 1036 4961 diebus
1088 4909 1250 4960 vitam
1295 4922 1456 4976 agere
1514 4919 1715 4976 posset.
1757 4907 1825 4960 Et
1875 4908 2015 4977 quod
2043 4917 2164 4963 erat

607 5010 831 5064 prorsus
866 4997 1246 5064 inhumanum,
1283 5011 1345 5052 ac
1401 4997 1562 5052 ferini
1616 5000 1721 5053 odii
1775 4998 2056 5061 indicium,
2092 5013 2159 5049 ne

608 5087 794 5156 paucis
822 5087 1036 5155 qnidem
1074 5087 1224 5141 horis
1252 5089 1368 5159 ejus
1415 5091 1593 5145 curari
1627 5090 1845 5144 vulnera
1872 5106 2157 5145 concesse-

609 5186 770 5243 runt;
799 5179 890 5232 sed
921 5180 1173 5233 continuo
1207 5180 1439 5234 lacerum
1462 5184 1560 5236 via:
1591 5182 1996 5235 commiserunt.
2026 5181 2159 5235 Tum

609 5264 838 5332 superbe
874 5265 1020 5333 impii
1068 5267 1314 5322 homines
1353 5270 1465 5322 haec
1524 5270 1778 5324 ell’utire:
1833 5268 1891 5322 Si
1950 5271 2021 5321 ita
2076 5284 2162 5323 res

610 5364 825 5425 agatur,
858 5356 1282 5413 reformidabunt
1326 5376 1532 5425 omnes,
1571 5376 1635 5413 ac
1669 5361 1918 5428 deinceps
1961 5362 2160 5414 nostris

610 5456 771 5501 erunt
791 5448 1037 5516 partibus
1063 5450 1281 5503 addicti.
1308 5454 1374 5504 At
1408 5452 1496 5504 ille
1532 5466 1633 5504 non
1660 5450 1882 5503 multum
1918 5465 2161 5517 progres-

612 5553 731 5605 sus,
759 5553 879 5593 cum
905 5553 970 5593 ex
1001 5540 1277 5594 vulnerum
1312 5544 1494 5595 dolore
1540 5543 1643 5593 iter
1672 5542 1735 5592 ad
1785 5541 1993 5592 metalla
2028 5557 2159 5593 con--

612 5630 772 5686 ﬁcere
825 5646 929 5685 non
985 5641 1180 5699 posset,
1241 5631 1379 5685 inter
1428 5632 1660 5684 eundum
1706 5632 2002 5684 exstinctus
2059 5643 2157 5685 est.

687 5829 761 5902 (α)
791 5832 988 5887 Athan.
1022 5828 1159 5883 Hist.
1196 5830 1378 5883 Arian.
1403 5832 1471 5884 ad
1500 5830 1794 5895 monac/tos,
1842 5846 1894 5882 n.
1929 5830 2015 5883 60.

2270 4638 2615 4689 incurrerunt
2642 4637 3012 4690 universorum
3038 4639 3242 4694 odium.
3278 4639 3333 4692 In
3358 4654 3503 4707 spem
3540 4656 3822 4708 veneram,

2271 4738 2495 4793 terrore,
2526 4728 2759 4792 insidiis,
2812 4728 3174 4797 periculorum
3224 4731 3653 4798 denuntiatione,
3689 4735 3825 4787 mul-

2271 4830 2354 4874 tos
2380 4820 2444 4873 ad
2476 4821 2728 4873 haeresim
2758 4820 3185 4887 amplectendam
3218 4822 3506 4876 abductum
3538 4824 3637 4888 iri,
3667 4835 3825 4895 atque

2271 4912 2341 4964 ita
2366 4928 2612 4981 magnam
2645 4913 2997 4966 conventibus
3039 4913 3153 4966 suis
3200 4914 3376 4981 parari
3420 4912 3781 4982 frequentiam
3811 4937 3823 4971 :

2266 5018 2449 5055 verum
2486 5004 2651 5057 cessit
2689 5018 2776 5057 res
2814 5012 3001 5055 contra
3035 5018 3197 5070 quam
3247 5003 3347 5055 rati
3382 5016 3559 5057 erant.
3590 5005 3825 5061 Aﬁrum-

2274 5107 2373 5143 nas
2402 5092 2546 5144 enim
2579 5102 2633 5145 et
2661 5093 2967 5145 vastitatem
2991 5091 3254 5145 Catholici
3299 5091 3508 5145 fortiter
3540 5095 3823 5160 ferebant;

2268 5199 2330 5236 ac
2370 5184 2566 5235 nedum
2591 5185 2872 5237 veritatem
2900 5186 3191 5253 proderent
3215 5196 3269 5239 et
3297 5197 3576 5251 negarent,
3607 5186 3826 5241 fortiore

2271 5275 2460 5327 indies
2488 5274 2668 5327 animo
2712 5276 2949 5343 pericula
2992 5286 3047 5329 et
3078 5276 3411 5329 calamitates
3442 5277 3685 5343 adibant,
3728 5280 3825 5333 rati

2270 5380 2332 5416 ea
2362 5364 2461 5417 sibi
2487 5366 2725 5434 martyrii
2771 5367 2884 5420 loco
2916 5382 3054 5421 esse.
3096 5368 3350 5421 Amentes
3410 5378 3595 5421 autem
3644 5371 3825 5424 Ariani

2270 5456 2521 5523 grandem
2552 5457 2651 5508 sibi
2683 5458 2761 5509 vel
2794 5460 2931 5525 apud
2988 5460 3214 5527 gentiles
3240 5459 3497 5527 parabant
3527 5458 3783 5513 invidiam
3809 5479 3823 5527 ;

2270 5548 2359 5612 qui
2400 5558 2689 5614 conspecta
2724 5550 3078 5600 barbarorqu
3132 5549 3407 5601 hominum
3463 5548 3781 5604 carniﬁcina
3807 5592 3820 5616 ,

2272 5638 2433 5691 nullis
2472 5654 2573 5691 non
2607 5640 2926 5701 maledictis,
2953 5640 3112 5694 nullis
3155 5656 3260 5694 non
3288 5640 3547 5697 conviciis
3576 5643 3824 5699 scelestos

2340 5836 2409 5903 (ὓ)
2454 5836 2646 5889 Albuti.
2678 5834 2828 5898 ibid.,
2861 5851 2913 5888 Il.
2937 5834 3022 5888 61.
