4038 6534
931 336 958 355 ἢ

1480 402 1637 457 VlT.\
1679 404 1735 458 S.
1776 406 2168 463 A'l'llANASll.
3243 426 3404 465 cum

120 508 461 565 incessebant.
506 511 627 568 Est
660 518 903 587 quippe
938 520 1001 573 ab
1053 528 1168 571 ortu
1222 517 1378 571 insita
1431 521 1734 575 hominibus
1766 528 1809 583 Α
1839 525 1899 577 de
1931 528 2055 594 fuga
2108 526 2212 598 (ά),
2258 528 2401 582 inter
2435 541 2497 581 ea
2556 541 2674 595 quae
2721 536 2842 592 post
2874 526 3089 598 Georgii
3120 529 3406 585 adventum

122 615 213 668 erga
238 614 527 669 pauperes
577 616 650 659 et
678 622 921 677 egenos
947 610 1325 663 misericordia.
1846 626 1990 683 gesta
2020 627 2428 681 commemorat,
2460 617 2595 672 nihil
2630 633 2693 671 ex
2725 634 2887 687 supra
2921 621 3208 675 recensitis
3256 636 3409 675 com-

179 691 250 744 Η.
284 690 641 763 Presbyteri
701 709 767 751 et
808 701 1020 753 diaconi
1044 702 1228 770 fugati.
1260 732 1325 740 —
1354 700 1462 755 Sub
1491 704 1602 756 hac
1646 718 1743 755 au-
1845 718 2054 776 pareat.
2090 709 2156 761 Et
2189 726 2317 763 vero
2350 725 2415 763 ex
2450 710 2675 778 epistola
2713 711 2830 780 ejus
2863 712 3135 781 encyclica
3193 714 3259 766 ad
3295 714 3409 781 epi-

136 794 216 835 lem
243 781 314 871 in
340 786 786 855 presbyteros
822 798 881 843 et
916 790 1163 844 diaconos
1214 803 1487 860 grassatur
1543 792 1739 845 Ariana
1845 813 2033 864 scopos
2061 798 2278 869 Egypti
2333 800 2401 870 (e)
2433 806 2607 871 palam
2637 802 2865 869 est,jam
2891 802 3053 857 multa
3088 813 3211 856 ante
3240 804 3407 859 Geor-

134 871 271 965 (abte?
299 868 424 965 (ft);
464 873 853 965 (lgidusum
888 879 1199 948 etjudicum
1248 881 1567 934 auctoritate
1601 896 1732 949 pm-
1845 890 1917 957 gii
1948 890 2274 958 ingressum,
2304 868 2640 947 Auximum
2683 904 2737 948 et
2766 910 2863 964 per
2891 903 3056 948 totam
3112 895 3404 965 Aigypnum

139 958 283 1029 fligali,
307 957 434 1027 fuga
472 960 598 1015 sibi
633 962 907 1017 salutem
941 966 1217 1033 providere
1246 967 1415 1019 coacti
1440 977 1583 1018 sunt.
1607 965 1740 1019 Tum

1845 980 1896 1033 iu
1929 980 2210 1034 catholicae
2240 982 2312 1035 rei
2344 985 2639 1052 perniciem
2680 985 3019 1039 machinatos
3050 984 3221 1039 fuisse
3250 986 3408 1037 Aria-

144 1052 181 1101 in
206 1046 377 1102 aﬂines
408 1063 634 1103 eorum
676 1052 961 1106 saevitum
996 1062 1109 1118 est;
1139 1055 1229 1123 qui
1256 1055 1436 1108 statim
1471 1054 1607 1122 pulsi
1648 1055 1743 1109 do—

146 1140 284 1192 mibus
319 1154 381 1192 ac
410 1139 672 1194 sedibus
704 1142 860 1205 suis,
903 1141 1175 1212 fugatique
1198 1155 1343 1198 sunt.
1388 1143 1444 1198 Si
1479 1146 1569 1213 qui
1607 1159 1737 1200 vero

152 1230 343 1285 inducis
371 1246 590 1284 manus
635 1234 997 1299 inciderent,
1030 1236 1081 1289 hi
1130 1235 1300 1304 plagis
1337 1246 1391 1290 et
1428 1236 1743 1291 verberibus
1792 1254 1795 1255 ν

158 1324 204 1375 ad
224 1335 391 1376 necem
430 1320 626 1377 ferme
674 1324 962 1380 lancinali
991 1334 1133 1379 sunt.
1170 1326 1431 1396 Quodque
1478 1327 1744 1395 indignis-

162 1416 316 1468 simum
333 1415 492 1480 juxta
526 1428 599 1467 ac
623 1414 1017 1470 fcedissimum
1040 1425 1172 1481 erat,
1200 1432 1322 1471 cum
1344 1417 1607 1483 vivorum,
1628 1427 1741 1472 tum

166 1513 461 1556 mortuorum
527 1520 724 1572 panes
779 1506 1095 1574 petulanter
1151 1507 1498 1577 diripiebant.
1554 1509 1740 1579 Neque

168 1610 264 1649 vero
295 1594 579 1657 audiendi,
612 1596 716 1665 qui
744 1610 947 1654 vocem
976 1597 1188 1667 ἄρτους,
1217 1608 1389 1662 artus,
1427 1614 1529 1652 non
1560 1618 1740 1665 panes,

168 1690 272 1742 verti
300 1687 510 1741 volunt.
548 1687 671 1743 Res
719 1699 812 1744 est
864 1704 999 1744 sane
1028 1691 1391 1760 apertissima,
1428 1708 1595 1761 panes
1652 1694 1742 1748 hic

170 1782 221 1831 ab
243 1780 558 1844 Athanasio,
582 1791 648 1833 ut
673 1788 731 1834 et
763 1781 911 1835 alias
936 1782 1204 1837 similibus
1233 1782 1286 1835 in
1319 1783 1472 1848 locis,
1495 1784 1739 1853 intelligi.

1845 1085 1961 1136 nos,
1999 1071 2107 1124 imo
2146 1072 2429 1143 episcopos
2483 1084 2535 1128 et
2583 1076 2936 1145 presbyteros
2984 1076 3409 1145 quamplurimos

1847 1160 2059 1215 misisse
2085 1160 2139 1214 in
2170 1162 2443 1221 exsilium.
2467 1163 2597 1220 Nam
2634 1167 2699 1218 ad
2723 1166 2903 1220 omnia
2936 1180 3055 1234 qua:
3095 1166 3205 1234 jam
3233 1165 3409 1219 admi-

1846 1262 2029 1305 serant
2064 1251 2327 1314 facinora,
2351 1270 2542 1309 novum
2579 1256 2679 1309 hoc
2704 1257 3017 1311 insidiarum
3053 1271 3222 1326 genus
3255 1255 3406 1323 adje-

1846 1358 1968 1397 cere
1999 1358 2015 1397 :
2048 1347 2222 1401 coacti
2257 1346 2463 1400 scilicet
2506 1347 2690 1401 Ariani
2750 1348 3033 1402 formulam
3068 1349 3189 1402 ﬁdei
3238 1349 3407 1403 edunt

1847 1434 1910 1486 ad
1938 1433 2221 1503 episcopos
2275 1434 2494 1504 Egypti
2541 1437 3033 1503 transmittendum,
3062 1438 3129 1492 ab
3167 1438 3407 1506 ipsisque

1845 1522 2316 1589 subscribendam,
2353 1526 2731 1581 denuntiantes
2762 1528 3008 1581 exsilium
3059 1530 3123 1582 iis
3158 1529 3247 1598 qui
3284 1530 3404 1582 uol-

1846 1613 1954 1668 lent
2005 1614 2317 1685 suffragium
2375 1618 2525 1671 dare.
2577 1618 2692 1683 Quo
2743 1630 3017 1687 comperto
3076 1621 3408 1675 Athanasius

1843 1706 2127 1775 epistolam
2164 1708 2308 1761 misit
2365 1708 2694 1777 eucyclicam
2734 1711 2799 1764 ad
2855 1710 3136 1765 universos
3184 1710 3406 1783 Egypli

1842 1808 1896 1851 et
1917 1798 2101 1868 Libyae
2130 1798 2446 1867 episc0pos;
2484 1800 2536 1853 in
2580 1816 2709 1869 qua,
2771 1801 3066 1869 praemissis
3102 1804 3285 1857 multis
3342 1806 3410 1859 de

170 1872 322 1940 Neque
351 1874 615 1943 exemplo
654 1876 935 1943 quopiam
962 1876 1146 1928 nititur
1172 1877 1320 1945 prior
1344 1878 1737 1947 interpretatio.
1775 1878 1815 1931 Β
1845 1888 2048 1943 diaboli
2080 1889 2339 1950 versutia,
2375 1891 2608 1957 insidiis,
2636 1894 3152 1956 machinationibus,
3174 1897 3238 1948 de
3259 1897 3405 1950 inani

221 1965 297 2019 l5.
329 1963 673 2035 Martyrium
732 1967 1001 2021 Secundi.
1059 1967 1247 2019 Ariani
1294 1968 1578 2035 formulam
1614 1970 1741 2038 ﬁdei

173 2060 325 2111 edunt.
362 2058 614 2125 Epistofa
648 2058 969 2113 Athanasii.
996 2088 1062 2098 —
1102 2057 1175 2111 Ea
1206 2076 1368 2129 porro
1393 2071 1547 2115 erant
1581 2063 1742 2115 animi

172 2148 365 2203 vafrilie
397 2150 598 2204 Ariani
640 2161 695 2205 et
736 2151 1069 2215 calliditate,
1106 2162 1163 2206 ut
1194 2154 1479 2222 patrocinii
1521 2154 1603 2209 sui
1632 2155 1745 2221 pol-

170 2241 450 2294 licitatione
477 2256 547 2295 ac
575 2241 948 2310 pecuniarum
986 2242 1287 2313 largitione,
1315 2244 1513 2299 multos
1542 2246 1643 2299 sibi
1666 2246 1744 2297 al-

164 2330 314 2385 licere
336 2342 661 2399 tentarent;
698 2342 756 2386 ut
784 2333 1227 2401 quandoquidem
1258 2350 1361 2388 non
1410 2351 1476 2389 ex
1504 2351 1657 2405 atquo
1691 2345 1745 2389 et

158 2422 287 2475 bono
311 2424 360 2476 in
398 2426 583 2493 pretio
639 2437 827 2489 erant,
877 2426 965 2479 vel
999 2426 1123 2480 hinc
1147 2426 1338 2481 saltem
1375 2426 1519 2495 apud
1565 2427 1745 2480 rudio—

156 2529 235 2568 tes
260 2514 498 2584 aliquam
533 2516 876 2586 praeferrent
908 2518 1149 2586 speciem
1177 2518 1481 2586 dignitatis.
1522 2518 1578 2571 Si
1605 2533 1743 2588 quos

156 2613 324 2659 ratein
358 2604 506 2675 frugi
560 2607 827 2662 homines
887 2608 1132 2663 infensos
1173 2610 1278 2663 sibi
1310 2619 1558 2674 nossent,
1604 2613 1742 2678 apud

156 2713 283 2765 quos
317 2698 499 2753 nullus
537 2700 609 2752 ad
642 2702 962 2768 pecuniam,
997 2702 1061 2754 ad
1098 2701 1483 2765 blandimenta,
1532 2703 1598 2757 ad
1628 2718 1743 2755 mu-

157 2804 277 2841 nera
307 2790 490 2844 aditus
521 2801 697 2855 esset,
737 2792 840 2844 hos
875 2792 1041 2845 nullis
1084 2808 1188 2846 non
1225 2794 1399 2857 malis,
1438 2793 1596 2847 nullis
1637 2808 1740 2846 non

151 2881 437 2935 calumniis
473 2884 817 2935 onerabant.
858 2882 1057 2937 Videre
1084 2894 1199 2938 erat
1242 2886 1489 2939 homines
1517 2900 1610 2953 per
1650 2902 1742 2937 ur-

150 2973 291 3035 item,
322 2988 533 3042 perque
566 2976 719 3026 varia
753 2973 981 3043 [Egypti
1040 2975 1151 3028 lora
1188 2977 1636 3040 circumcursare,
1686 2988 1742 3030 ut

151 3064 192 3116 si
213 3080 353 3132 quos
374 3063 733 3119 offenderent
764 3066 1078 3134 hujusmodi
1103 3107 1117 3131 ,
1148 3066 1349 3139 flagris,
1404 3068 1739 3133 verberibus,

149 3156 365 3222 exsilio,
405 3159 520 3211 imo
554 3167 758 3221 morte,
798 3157 844 3211 si
880 3158 1460 3231 possenl,‘affic.ereut.
1490 3158 1607 3213 Non
1640 3159 1742 3213 illis

151 3258 420 3307 nocturna
456 3248 699 3312 invasio,
729 3262 836 3300 non
872 3247 1049 3302 credes
1104 3256 1267 3318 atque
1297 3250 1576 3316 expilatio,
1633 3264 1739 3303 non

150 3342 214 3390 ab
247 3337 507 3393 Heraclio
540 3339 695 3393 illata
730 3340 952 3393 vexatio
976 3350 1127 3393 erant
1169 3342 1340 3406 satis;
1406 3341 1499 3394 sed
1533 3342 1742 3396 levissi—

152 3446 297 3483 mum
324 3432 559 3499 suisque
595 3431 850 3485 consiliis
881 3431 1150 3484 addictmu
1176 3430 1474 3487 Constantii
1501 3433 1737 3485 animum

151 3524 215 3575 ad
250 3525 506 3591 graviora
540 3522 825 3577 inferenda
862 3523 1278 3592 compellebant,
1304 3539 1599 3593 necemque
1628 3524 1743 3593 pio-

152 3631 268 3667 rum
303 3618 592 3671 hominum
643 3618 792 3670 omui
837 3626 961 3670 arte
1015 3624 1068 3670 et
1124 3618 1304 3669 studio
1358 3616 1737 3671 moliebantur.

152 3704 284 3760 Nam
306 3724 541 3763 summa:
592 3709 698 3761 viri
759 3708 1022 3770 audacia,
1060 3706 1341 3761 Secundus
1375 3707 1739 3777 Pentapolita-

158 3814 252 3853 nas
280 3810 546 3855 strenuus
598 3801 681 3855 rei
743 3801 965 3853 Arianae
1013 3812 1402 3870 propugnator,
1437 3812 1488 3855 et
1518 3802 1743 3869 Stepha-

158 3906 252 3944 nus
287 3894 562 3947 scelerum
594 3892 808 3956 socius,
853 3892 1008 3961 gnari
1065 3906 1123 3946 se
1174 3892 1439 3947 haereseos
1477 3894 1643 3959 gratia
1688 3900 1741 3945 et

156 3985 447 4047 patrocinio
498 3982 657 4038 nulla
695 3997 804 4036 non
858 3980 1087 4035 crimina
1128 3982 1345 4051 impune
1382 3982 1736 4046 admissuros,

155 4084 268 4122 cum
304 4071 359 4125 in
400 4071 581 4125 Barca
631 4072 1022 4142 presbyterum
1062 4071 1164 4125 sibi
1214 4088 1319 4125 non
1359 4074 1739 4141 obsequentem

154 4162 649 4230 deprehenderent,
714 4160 1033 4215 Secundum
1086 4163 1323 4225 nomine,
1386 4164 1455 4216 ita
1499 4165 1741 4219 calcibus

154 4254 311 4307 virum
346 4256 745 4324 impetierunt,
781 4262 843 4305 ut
875 4252 1077 4305 ictuum
1110 4253 1159 4307 vi
1190 4263 1240 4306 et
1277 4254 1577 4323 frequentia
1606 4259 1740 4309 inte-

155 4347 289 4400 riret.
318 4347 415 4402 Ille
444 4349 578 4401 dum
601 4353 910 4399 necaretur
929 4343 1025 4396 has
1055 4345 1232 4397 emisit
1256 4346 1545 4415 voces.(b):
1573 4346 1740 4401 Nemo

152 4457 227 4492 me
251 4442 392 4511 apud
444 4440 677 4511 judices
707 4437 1045 4499 ulciscatur,
1083 4435 1222 4490 ultor
1251 4438 1425 4492 aderit
1460 4438 1736 4502 Dominus,

152 4532 286 4601 cujus
310 4550 479 4589 causa
512 4536 639 4587 haac
666 4530 875 4599 patior.
916 4526 991 4580 llli
1032 4542 1155 4583 vero
1188 4529 1333 4582 nulla
1365 4529 1479 4596 ejus
1514 4531 1739 4585 misera-

153 4628 280 4680 tione
304 4624 611 4686 commoti,
647 4620 805 4675 nulla
863 4618 1011 4672 ducti
1048 4629 1249 4673 sancta:
1276 4621 1733 4689 Quadragesinue,

153 4730 241 4782 qua
302 4719 416 4771 haec
467 4715 824 4786 agebantur,
866 4709 1193 4773 reverentia,
1232 4724 1350 4763 eum
1404 4710 1737 4764 calcitrando

154 4808 545 4863 interemerunt.
1028 4794 1033 4801 ’

211 4901 309 4955 li)".
334 4901 460 4955 llaec
488 4911 670 4969 porro
704 4908 835 4962 quae
871 4892 1121 4958 superius
1166 4904 1415 4944 enarrata
1462 4900 1587 4945 sunt
1639 4906 1735 4943 an-

156 5001 194 5041 te
240 4992 458 5062 Georgii
519 4994 857 5056 ingressum
919 4981 1292 5034 Alexandriam
1353 4992 1501 5052 gesta
1549 4982 1739 5049 opina-

153 5098 287 5136 mur:
328 5096 441 5137 tum
474 5082 637 5151 quod
673 5093 745 5131 ea
781 5076 901 5143 ipsa
934 5073 1257 5126 Athanasius
1282 5085 1403 5141 post
1428 5075 1642 5143 Syriaui
1683 5085 1735 5126 et

152 5174 353 5228 Herae-lii
411 5184 579 5245 gesta
655 5175 1078 5231 consequenter
1131 5176 1347 5218 enarret
1410 5166 1461 5219 in
1495 5164 1737 5217 Historia

151 5269 443 5321 Arianorum
485 5268 562 5319 ad
608 5255 1737 5327 monachos(c),antequamadingressum

148 5354 332 5428 Georgii
356 5354 788 5411 Alexandriam
822 5348 1040 5408 veniat;
1084 5358 1191 5401 tum
1223 5350 1364 5417 quod
1399 5350 1452 5402 in
1480 5348 1737 5418 Apologia

197 5535 261 5604 (ις)
289 5537 494 5590 Athan,
528 5523 1008 5604 Hist.Ariatt;ad
1034 5523 1330 5589 monac/tos,
1360 5539 1414 5577 η.
1445 5526 1535 5579 Ιίὄ.

286 5608 493 5659 Athan.
533 5604 717 5659 il)id.,
761 5612 826 5648 η.
861 5591 946 5646 65.

192 5680 252 5747 (ί)
279 5675 339 5731 Ν.
373 5678 448 5731 58
474 5687 536 5728 et
569 5684 753 5736 seqq.

190 5748 341 5818 MN.
383 5752 417 5801 6
449 5760 510 5800 et
555 5756 741 5810 setm-

187 5828 243 5892 (ιν)
281 5822 341 5873 Ν.
380 5820 480 5873 22.

1846 1981 2221 2034 haereticorum
2267 1982 2630 2037 sollicitudine
2680 1994 2737 2037 ut
2792 1987 3116 2040 testimoniis
3159 2002 3223 2041 ex
3259 1988 3406 2044 Scri-

1845 2081 1999 2140 ptura
2035 2073 2295 2126 muluatis
2330 2088 2546 2128 errores
2604 2090 2732 2130 suos
2761 2076 3103 2140 confirment,
3151 2080 3227 2133 ait
3259 2094 3407 2134 acce-

1846 2164 1990 2231 pisse
2016 2178 2072 2217 se
2103 2164 2225 2220 illos
2257 2166 2481 2219 multam
2508 2167 2562 2220 in
2588 2181 2652 2220 eo
2689 2182 2890 2223 navare
2918 2184 3163 2239 operam,
3205 2182 3263 2224 ut
3290 2188 3407 2241 ept-

1846 2267 2036 2319 scopos
2061 2251 2275 2323 Algypti
2310 2261 2364 2307 et
2395 2253 2574 2325 Libya:
2606 2264 2800 2324 cogant
2828 2271 2940 2310 sum
2958 2257 3237 2311 sententia:
3274 2260 3405 2313 asti-

1846 2343 2014 2411 pulari
2044 2361 2058 2410 ;
2093 2347 2137 2398 si
2158 2348 2418 2409 abnuant,
2457 2345 2656 2414 pellant
2685 2347 2935 2412 sedibus;
2965 2364 3029 2403 eo
3058 2349 3265 2404 scilicet
3283 2366 3409 2405 con-

1845 2435 1982 2501 sitio,
2010 2445 2064 2488 ut
2085 2450 2179 2490 sua
2198 2436 2516 2491 confirmata
2537 2438 2801 2492 sententia
2820 2478 2834 2501 ,
2859 2439 3128 2494 Niczenam
3144 2442 3406 2511 abrogent

1846 2525 2024 2583 fidem.
2060 2526 2170 2581 Nec
2203 2529 2421 2593 mirum,
2465 2544 2567 2581 non
2609 2544 2729 2583 esse
2761 2529 2866 2584 illis
2899 2530 3166 2585 Nicaanam
3208 2534 3407 2587 doctri-

1847 2636 1970 2673 nam
1995 2622 2149 2687 satis,
2188 2622 2401 2689 quando
2440 2636 2509 2673 ne
2533 2622 2644 2675 suis
2670 2622 2885 2689 quidem
2926 2624 3175 2676 contenti
3199 2623 3405 2678 formu-

1845 2712 1932 2775 lis,
1964 2728 2130 2766 novas
2159 2712 2386 2781 singulis
2413 2714 2571 2766 annis
2597 2714 2785 2777 edunt,
2816 2714 3023 2783 priores
3048 2714 3359 2771 oblitteram
3388 2736 3401 2771 :

1842 2801 1983 2869 quod
2010 2817 2137 2855 sane
2169 2803 2507 2870 perspicuum
2541 2802 2611 2856 sit
2643 2803 2857 2857 Arianae
2919 2804 3209 2873 impietatis
3243 2817 3407 2875 atque

1844 2892 2210 2947 instabilitalis
2262 2904 2661 2963 argumentum.
2712 2893 2963 2959 Queritur
2989 2896 3133 2951 viros
3181 2897 3247 2950 ad
3302 2898 3408 2967 epi-

1844 2985 2059 3053 Scopale
2090 3001 2305 3050 munus,
2332 2995 2480 3040 tanto
2538 2986 2702 3054 gradu
2738 2987 3002 3056 indignos,
3034 3003 3098 3041 ac
3120 3003 3185 3042 ne
3208 2988 3408 3043 Catho-

1845 3076 1974 3128 licos
2025 3076 2238 3143 quidem
2270 3115 2285 3139 ,
2358 3076 2664 3143 promoveri
2707 3074 2774 3129 ab
2831 3076 3008 3144 impiis
3070 3078 3400 3132 hominibus.

1842 3165 2078 3231 Adjectis
2113 3166 2311 3219 estinde
2371 3165 2577 3227 multis,
2625 3175 2816 3218 narrat
2846 3166 2959 3219 Arii
3015 3166 3309 3229 interitum,
3347 3180 3405 3222 ut

1844 3264 2231 3310 commonstret
2261 3256 2370 3309 Deo
2418 3256 2644 3309 invisum
2678 3255 2845 3309 fuisse
2890 3256 3159 3310 hominem
3190 3267 3294 3310 tam
3320 3260 3405 3313 in-

1843 3345 2040 3399 solenti
2068 3346 2257 3398 mortis
2289 3359 2483 3413 genere
2521 3343 2811 3398 sublatum.
2838 3343 3149 3400 Melettanos
3183 3347 3257 3400 ait
3279 3363 3401 3401 cum

1841 3437 2058 3490 Ariauis
2086 3452 2190 3489 non
2218 3436 2468 3506 primitus
2493 3437 2635 3489 etab
2674 3436 2883 3506 origine
2913 3438 3247 3500 consentire,
3305 3440 3402 3493 sed

1842 3544 1961 3581 cum
1992 3537 2115 3581 ante
2152 3536 2337 3581 mutuo
2366 3528 2490 3581 odio
2525 3527 2965 3595 conflagrassent,
2990 3528 3099 3594 jam
3145 3530 3195 3581 in
3236 3545 3401 3583 unum

1844 3617 2089 3671 veritatis
2114 3617 2479 3687 Opprimendae
2508 3617 2791 3671 consilium
2826 3622 3188 3672 concurrisse.
3218 3618 3403 3674 Utros-

1843 3722 1946 3776 que
1975 3716 2153 3761 autem
2212 3706 2280 3761 ab
2329 3707 2584 3761 Ecclesia:
2617 3710 2994 3764 communione
3035 3709 3237 3777 jamdiu
3283 3726 3406 3780 pro-

1842 3797 2070 3865 scriptos
2097 3795 2282 3859 fuisse,
2337 3794 2648 3850 Meletianos
2700 3811 2891 3864 nempe
2941 3805 2999 3849 ut
3028 3797 3401 3851 schismaticos

1842 3896 1965 3939 ante
1995 3886 2385 3955 quinquaginta
2411 3887 2647 3954 quinque
2683 3901 2877 3950 annos,
2906 3886 3141 3941 Ariauos
3172 3903 3299 3939 vero
3348 3897 3403 3939 ut

1842 3977 2118 4029 haereticos
2137 3976 2202 4028 ab
2219 3976 2372 4029 annis
2389 3976 2604 4045 triginta
2629 3990 2743 4041 sex,
2766 3977 2815 4028 iu
2839 3976 3193 4029 Alexandrina
3215 3993 3406 4045 nempe

1842 4069 2043 4139 synodo
2068 4084 2209 4122 anno
2228 4069 2356 4133 5‘20,
2388 4077 2441 4122 et
2468 4070 2520 4122 in
2551 4068 2761 4123 Nicaeua
2788 4084 2929 4122 anno
2952 4069 3210 4123 5'25Jam
3241 4072 3403 4123 multa

1843 4161 2054 4214 molitos
2077 4170 2127 4215 et
2158 4161 2496 4214 machinatus
2528 4175 2647 4214 esse
2678 4162 2930 4224 Ariauos,
2969 4161 3225 4214 ecclesias
3259 4162 3407 4214 ima-

1842 4250 1997 4314 sisse,
2023 4252 2301 4320 episcopos
2343 4250 2553 4304 misisse
2596 4252 2647 4302 in
2673 4251 2920 4304 exsilium
2946 4267 2960 4315 ;
2987 4251 3079 4304 sed
3114 4265 3260 4319 spem
3288 4267 3406 4305 esse

1841 4341 1964 4406 sibi,
1998 4340 2113 4394 fore
2139 4353 2195 4394 ut
2226 4342 2536 4409 imperator,
2573 4341 2614 4393 si
2646 4342 2863 4408 quando
2912 4340 3023 4394 hzec
3057 4342 3356 4409 comperiat
3388 4382 3404 4405 ,

1842 4449 2025 4487 eorum
2064 4435 2289 4487 consilia
2309 4435 2573 4488 disturbet
2606 4450 2668 4487 ac
2690 4443 3000 4503 pratrertat.
3036 4433 3290 4487 Hortatur
3313 4437 3407 4488 de-

1768 4542 1818 4600 D
1848 4543 1990 4580 mum
2028 4527 2245 4580 fortiter
2290 4527 2467 4593 impiis
2498 4526 2786 4589 obsistunt,
2818 4540 2918 4579 nec
2956 4526 3201 4579 veritatis
3243 4540 3405 4579 causa

1846 4619 2033 4672 mortis
2055 4618 2207 4671 adire
2242 4617 2540 4685 periculum
2572 4615 2943 4669 reformident.

1914 4709 1998 4762 16.
2031 4708 2312 4777 Ingressus
2339 4706 2549 4775 Georgii
2579 4707 2979 4760 Alexandriam.
3019 4704 3172 4759 Nova
3216 4706 3271 4759 in
3301 4704 3405 4759 Ca-

1847 4802 2062 4853 tholicos
2088 4799 2333 4862 irruptio.
2358 4827 2428 4837 ——
2458 4798 2621 4851 Erant
2647 4813 2710 4851 ea
2740 4812 2857 4865 qua:
2892 4813 3050 4865 supra
3085 4801 3406 4852 memoravi-

1848 4908 1967 4945 mus
2000 4891 2159 4956 mala,
2191 4889 2447 4959 praeludia
2473 4890 2742 4960 ingressus
2757 4889 2970 4957 Georgii
3000 4888 3402 4945 Alexandriam.

1845 4979 1894 5034 Is
1923 4984 2135 5033 demum
2177 4996 2364 5049 magna
2398 4979 2624 5033 militum
2661 4995 2821 5033 tnanu
2877 4982 3126 5048 stipatus,
3158 4984 3249 5049 qui
3291 4998 3407 5036 mos

1842 5084 1960 5128 erat
1993 5072 2316 5125 Arianorum
2345 5071 2653 5138 praesulatu,
2710 5074 2891 5125 sedem
2926 5072 3122 5125 invasit
3172 5073 3406 5127 Alexan-

1840 5167 2050 5218 drinam
2086 5162 2172 5233 (ί).
2208 5162 2334 5215 Erat
2363 5162 2625 5231 Georgius
2657 5178 2853 5232 genere
2886 5164 3190 5231 Cappadox,
3225 5163 3397 5217 Thar-

1843 5257 2137 5310 bastenites
2165 5256 2337 5307 dictus
2366 5270 2393 5306 a
2422 5256 2561 5317 vico,
2598 5266 2654 5306 ut
2677 5266 2912 5323 putatur,
2941 5257 3079 5309 unde
3117 5258 3279 5309 traxit
3300 5259 3409 5309 ori-

1844 5350 2021 5417 ginem
2057 5346 2434 5416 (aliLCiliCem
2469 5346 2698 5413 dicunt),
2724 5349 2880 5400 homo
2907 5345 3181 5399 illiberalis
3207 5359 3261 5399 et
3291 5348 3405 5400 iue-

1925 5522 1990 5592 (ί)
2015 5522 2210 5575 Athan.
2248 5522 2346 5588 Ep.
2400 5523 2467 5573 ad
2494 5524 2651 5588 episc.
2694 5522 2910 5591 Ᾱὶθῃμιί
2942 5534 2987 5573 et
3031 5522 3229 5590 Libym,
3264 5540 3315 5575 n.
3355 5523 3404 5586 7,

1852 5605 1903 5645 et
1929 5594 2078 5659 Apol.
2109 5594 2173 5645 de
2202 5593 2323 5660 fuga
2356 5609 2469 5649 stur,
2498 5610 2546 5643 ιι,
2582 5594 2630 5651 ϐ,
2657 5603 2709 5643 et
2744 5592 2882 5646 llist.
2914 5594 3097 5643 Aritnt.
3128 5594 3194 5642 ut!
3226 5610 3405 5642 monu-

1854 5668 1995 5719 c/tos.
2028 5680 2075 5713 ιι.
2116 5664 2202 5714 Ἱὸ.
2234 5664 2391 5725 Greg.
2427 5662 2553 5712 Nar.
2588 5673 2725 5714 ιιι-ιιι.
2752 5665 2840 5721 2|;
2874 5664 3143 5713 Aunuiau.
3169 5660 3400 5716 Maluit.

1856 5736 1890 5785 ι.
1932 5748 2039 5785 xxu
2072 5748 2085 5796 ;
2124 5736 2341 5786 Sezutu.
2366 5732 2459 5784 lih.
2494 5748 2562 5794 iv,
2593 5746 2711 5798 cap.
2748 5732 2832 5782 10.
