4038 6562
553 417 741 456 CXXXII

1933 397 2437 456 PROLEGOMENA
2450 429 2471 453 ,ι

560 518 790 579 ruditus.
826 516 970 572 nulla
997 518 1195 573 mentis
1235 518 1359 572 dote
1399 518 1843 570 commendatus.
1882 515 2123 570 Fullonis
2152 520 2196 575 Α
2223 514 2421 569 Christi
2466 512 2674 567 Domini
2726 510 2982 565 auxilium
3044 509 3353 577 implorant.
3411 511 3665 567 dentibus
3720 510 3799 565 illi

561 612 727 664 lilium
772 611 937 664 fuisse
973 611 1049 664 ait
1083 612 1399 665 Ammianus
1434 609 1809 674 Marcellinus;
1847 610 1935 678 qui
1963 624 2125 678 para-

563 702 652 755 siti
694 702 873 755 statim
898 712 953 756 et
982 703 1271 769 guathonis
1292 702 1651 755 conditionem
1687 710 1945 762 sectatus,
1994 697 2126 752 nihil

565 808 667 844 non
702 792 904 845 ventris
927 792 1170 861 gulazque
1189 807 1350 846 causa
1390 808 1550 860 agere
1572 800 1789 861 paratus
1814 796 1949 843 erat.
1975 789 2128 842 Post-

566 885 784 937 modutn
824 897 1002 937 autem
1040 894 1231 938 auctus
1262 885 1313 937 in
1350 884 1602 938 damnum
1629 882 2006 951 complurium,
2035 894 2129 947 pe-

566 976 882 1030 nuariorum
934 985 1189 1043 exceptnr
1219 973 1460 1036 eﬂ‘ectus.
1500 971 1962 1040 Constantinopoli
1994 970 2131 1023 suil-

569 1064 635 1117 lis
665 1065 923 1119 carnibus
950 1065 1271 1133 recipiendis
1294 1080 1359 1118 ac
1382 1062 1768 1118 distribuendis
1793 1076 2009 1131 operam
2038 1062 2130 1113 da-

568 1154 701 1219 bat;
739 1171 969 1223 cumque
1014 1156 1273 1224 pecunias
1320 1169 1509 1209 omnes
1542 1153 1886 1219 depeculatus
1940 1159 2081 1204 esset
2114 1190 2128 1211 ,

571 1250 989 1316 repetundarum
1050 1264 1175 1303 reus
1214 1247 1518 1314 aufugerat.
1558 1246 1651 1298 His
1710 1247 1793 1298 vir
1841 1242 2132 1313 praeclarus

570 1341 821 1409 gradibus
870 1342 935 1393 ad
975 1342 1213 1409 episcopi
1270 1340 1585 1407 dignitatem
1620 1337 1882 1392 ascendit.
1908 1334 1987 1388 Ne
2016 1333 2132 1399 qui-

572 1432 691 1485 dem
716 1431 1080 1486 Christianunt
1110 1433 1299 1495 fuisse,
1343 1432 1558 1499 quando
1583 1431 1681 1483 fuit
1707 1431 1772 1484 ad
1803 1427 2134 1483 sacerdotale

572 1525 929 1579 ministerium
977 1536 1218 1587 vocatus,
1272 1535 1499 1581 testatur
1542 1522 1889 1577 Athanasius.
1942 1519 2133 1589 Hujus-

572 1615 714 1669 modi
750 1615 1022 1668 hominem
1047 1617 1358 1683 quaerebant
1386 1615 1597 1676 Ariani,
1633 1613 1870 1666 venalem
1902 1611 2130 1677 scilicet,

570 1707 725 1775 cujus
753 1706 861 1758 vita
898 1706 1147 1759 omnibus
1197 1706 1413 1776 ﬂagitiis
1464 1707 1740 1773 inquinata
1775 1712 1936 1766 esset,
1990 1717 2135 1756 sutn-

573 1808 696 1863 plus
734 1796 887 1851 elfusi
945 1812 1066 1850 cum
1102 1801 1297 1865 probro
1347 1807 1507 1865 atque
1561 1798 1846 1859 dedecore,
1881 1804 2132 1863 prorupta

568 1889 817 1951 audacia,
846 1896 1100 1957 tantaque
1124 1889 1372 1953 avaritia,
1408 1898 1464 1941 ut
1490 1888 1622 1941 nihil
1648 1903 1752 1940 non
1778 1887 1876 1954 ipsi
1900 1889 2129 1955 quaestui

570 1990 714 2035 esset
739 1990 1119 2047 opportunum.
1154 1981 1222 2034 Ut
1273 1980 1431 2034 talem
1474 1981 1636 2049 igitur
1667 1980 1935 2034 hominem
1977 1982 2136 2035 dece-

575 2070 685 2130 bat,
720 2061 893 2121 adfuit
933 2069 1251 2137 ingredienti
1307 2070 1538 2124 militare
1594 2068 1935 2133 satellitium,
1979 2071 2132 2138 quasi

574 2162 780 2216 Scilicet
809 2176 987 2214 arcem
1041 2160 1129 2214 ille
1155 2177 1257 2213 non
1297 2160 1585 2215 Ecclesiatn
1645 2162 1930 2228 regendam
1966 2162 2127 2215 susci-

573 2263 747 2323 peret.
794 2253 1230 2321 Quadragesimae
1287 2262 1496 2321 tempus
1543 2262 1662 2306 erat
1690 2267 1813 2307 cum
1847 2254 1933 2307 ille
1973 2255 2135 2308 adve-

575 2345 654 2396 nit
683 2343 780 2413 (a).
805 2342 988 2412 Neque
1035 2343 1105 2396 ita
1152 2342 1321 2396 multo
1370 2351 1509 2411 post,
1547 2345 1672 2412 quid
1730 2345 1797 2398 ab
1834 2343 2136 2411 hujusmodi

576 2444 788 2501 pastore
818 2433 1095 2488 Dominico
1144 2434 1291 2503 gregi
1322 2437 1743 2503 exspectandum
1776 2444 1917 2490 esset
1960 2435 2134 2505 palam

576 2525 696 2580 fuit.
755 2525 963 2579 Etenim
1024 2534 1146 2595 post
1183 2526 1574 2580 hebdomadam
1630 2526 1909 2582 Paschatis
1957 2528 2139 2582 videre

578 2625 698 2669 erat
729 2616 970 2685 virgines
999 2616 1048 2669 in
1090 2631 1366 2670 carcerem
1412 2618 1628 2684 conjici,
1662 2618 1947 2687 episcopos
1976 2634 2002 2673 a
2034 2621 2137 2673 mi-

578 2705 761 2759 litibus
788 2707 998 2761 vinctos
1044 2706 1280 2771 abduci,
1330 2708 1696 2775 orphanorum
1750 2708 2138 2778 viduarumque

579 2799 771 2852 domos
800 2806 855 2852 et
884 2814 1051 2868 panes
1084 2800 1266 2869 diripi.
1298 2800 1621 2868 irruptiones
1647 2800 1700 2852 in
1738 2800 1926 2853 domos
1976 2800 2088 2854 ﬁeri
2120 2840 2136 2867 ,

578 2889 742 2942 multa
776 2900 931 2944 nocte
948 2890 1283 2946 Christianos
1310 2891 1514 2946 {edibus
1540 2891 1839 2954 deturbari,
1869 2891 2137 2945 domicilia

573 2980 877 3050 obsignari,
903 2979 1101 3035 fratres
1129 2981 1455 3036 clericorum
1509 2996 1605 3050 pro
1638 2982 1897 3035 fratribus
1925 2980 2136 3044 pericli—

581 3070 705 3123 tari.
738 3069 863 3124 Haec
884 3070 1100 3138 quidem
1127 3071 1351 3135 atrocia,
1374 3073 1466 3124 sed
1499 3072 1767 3124 atrociora
1793 3070 1991 3125 deinde
2014 3086 2140 3124 con-

579 3169 763 3213 secuta
839 3171 966 3215 sunt
1026 3161 1291 3216 facinora.
1348 3160 1480 3215 Nam
1544 3163 1874 3216 hebdomade
1928 3175 2137 3216 sacram

578 3245 929 3304 Pentecosten
959 3251 1320 3318 subsequente
1355 3250 1451 3320 (ὁ),
1484 3266 1606 3304 cum
1665 3252 1890 3319 populus
1924 3250 2141 3318 expleto

572 3341 778 3411 jejunio
806 3342 997 3397 orandi
1040 3357 1200 3397 causa
1250 3343 1317 3395 ad
1366 3343 1758 3405 cmmeterium,
1798 3344 1879 3394 vel
1936 3353 1995 3394 ut
2033 3340 2142 3393 alio

578 3433 695 3487 loco
734 3434 1179 3498 aitAthanasius,
1208 3434 1275 3486 ad
1302 3432 1571 3487 desertum
1623 3434 1797 3487 locum
1824 3446 1989 3502 prope
2031 3446 2143 3486 ca:-

580 3526 857 3577 tneteriutn
877 3538 1124 3593 egressus
1172 3532 1317 3578 esset
1349 3524 1492 3592 (nam
1527 3525 1669 3591 quod
1699 3539 1887 3578 omnes
1917 3539 1945 3576 a
1975 3522 2143 3577 Geor-

579 3615 651 3682 gii
683 3615 941 3668 societate
969 3622 1024 3668 et
1053 3615 1430 3668 communione
1468 3615 1850 3679 abhorrerent,
1879 3614 2141 3669 ecclesias

577 3707 794 3761 Arianis
825 3707 1049 3760 traditas
1078 3706 1422 3775 frequentare
1446 3707 1740 3776 nolebant),
1780 3721 1836 3761 re
1862 3716 2139 3773 comperta

578 3799 1028 3853 sceleratissimus
1079 3798 1168 3852 ille
1216 3796 1592 3852 Sebastianum
1646 3799 1837 3852 ducem
1877 3799 2139 3861 concitat,

581 3898 874 3957 auctorque
899 3897 981 3944 est
1018 3898 1077 3942 ut
1102 3888 1352 3957 pOpulum
1395 3887 1620 3943 infestus
1673 3889 1978 3942 adoriatur.
2037 3885 2139 3953 Qui

582 3994 881 4043 necanora,
903 3994 1026 4034 cum
1054 3994 1215 4033 manu
1244 3979 1467 4033 militum
1512 3980 1629 4049 plus
1663 3981 1821 4034 trium
1868 3980 2092 4035 millium
2124 4018 2140 4045 ,

583 4071 770 4133 armis,
803 4071 1007 4126 strictis
1031 4070 1241 4142 gladiis,
1272 4074 1501 4127 arcubus
1529 4083 1584 4127 et
1608 4072 1730 4127 telis
1758 4073 2141 4128 instructorum

584 4163 697 4232 ipsa
720 4163 806 4217 die
837 4163 1111 4218 Dominica
1139 4163 1192 4217 in
1224 4165 1474 4234 populum
1503 4165 1718 4236 irrupit.
1749 4165 1884 4221 Tum
1909 4179 2146 4236 perstre-

578 4268 711 4324 pere
748 4265 801 4309 et
843 4256 1067 4309 horrere
1094 4256 1296 4319 omnia,
1351 4257 1600 4321 tumultu,
1648 4258 1906 4327 clamore,
1944 4260 2141 4330 plagis,

584 4347 782 4416 gemitu
813 4346 1122 4411 dolentium,
1150 4347 1289 4416 quod
1318 4349 1450 4402 solet
1475 4350 1528 4402 in
1551 4349 1855 4417 hujusmodi
1880 4352 2143 4405 incursio-

584 4441 744 4495 nibus
765 4441 997 4495 evenire.
1038 4441 1388 4496 Commodum
1417 4450 1595 4496 tamen
1640 4442 1857 4501 accidit.
1917 4453 1974 4496 ut
2020 4457 2141 4497 cum

581 4532 897 4586 adveniente
929 4532 1060 4586 hora
1110 4531 1261 4585 turba
1301 4531 1476 4600 populi
1527 4532 1767 4602 digressa
1812 4532 2027 4585 domum
2084 4546 2145 4586 se
2178 4532 2219 4585 ἰ)

583 4625 894 4691 recepisset,
922 4624 1074 4695 pauci
1106 4639 1171 4677 eo
1204 4624 1255 4678 in
1292 4624 1410 4678 loco
1434 4624 1632 4678 residui
1654 4633 1835 4677 essent
1856 4662 1871 4687 ,
1899 4625 1988 4691 qui
2026 4624 2143 4675 nul-

583 4717 652 4770 lis
681 4731 782 4770 non
816 4715 972 4770 malis
993 4715 1438 4783 contumeliisque
1462 4724 1587 4771 sunt
1609 4713 1807 4769 all'ecti.
1830 4713 1943 4769 Non
1965 4714 2147 4769 mulie-

585 4822 695 4871 res,
719 4822 822 4861 non
852 4808 1056 4876 parvuli
1086 4807 1270 4859 intacti
1295 4807 1475 4872 fuere;
1514 4809 1606 4876 qui
1632 4816 1810 4859 tamen
1852 4807 1975 4859 mali
2012 4805 2145 4858 nihil

585 4899 935 4964 admiserant,
962 4900 1318 4968 precibusque
1350 4901 1631 4955 vacabant.
1672 4900 1877 4953 Exinde
1933 4916 2060 4953 vero
2086 4901 2137 4953 in

587 4991 822 5058 virgines
851 4992 1090 5045 saavitum
1129 5000 1229 5045 est.
1260 4992 1499 5045 Accensa
1525 4995 1724 5060 quippe
1780 5007 1927 5060 rogo,
1964 4992 2143 5044 admo-

590 5092 672 5134 tas
702 5080 806 5148 igni
868 5079 974 5132 dux
1012 5081 1362 5148 compellebat
1410 5082 1476 5133 ad
1528 5082 1780 5133 Arianam
1818 5081 1974 5131 tidem
2030 5095 2145 5131 am-

588 5174 941 5245 plectendam.
976 5172 1072 5228 Ubi
1116 5182 1294 5226 autem
1327 5188 1419 5225 eas
1462 5173 1567 5225 vim
1602 5172 1853 5224 tormenti
1884 5185 2139 5239 superare

589 5268 873 5334 ignemque
898 5265 1024 5318 nihil
1053 5280 1261 5335 curare
1294 5263 1693 5326 animadvertit,
1732 5262 1899 5315 nudas
1930 5269 2005 5314 tot
2034 5262 2147 5329 pla-

587 5361 670 5427 gis
699 5358 749 5409 itt
783 5356 983 5409 vultum
1016 5356 1261 5427 impactis
1285 5355 1682 5417 dehonestavit,
1709 5362 1766 5405 ut
1789 5367 1881 5422 per
1906 5352 2149 5419 aliquan-

591 5463 703 5504 tum
733 5450 985 5520 temporis
1013 5450 1242 5518 spatium
1274 5463 1340 5502 ne
1370 5464 1398 5500 a
1436 5446 1794 5500 familiaribus
1819 5444 2036 5511 quidem
2066 5446 2147 5497 in-

592 5542 824 5598 ternosci
878 5551 1116 5613 possent.
1168 5541 1301 5593 Dum
1354 5548 1534 5593 autem
1593 5536 1699 5590 illa;
1748 5536 1889 5591 inter
1922 5536 2144 5591 verbera

665 5676 740 5739 (τι)
767 5676 962 5729 Athan.
988 5674 1063 5728 De
1091 5674 1213 5742 fuga
1252 5691 1368 5736 sua,
1394 5689 1447 5725 ιι.
1478 5671 1531 5725 6.

665 5746 738 5810 (ιιι
767 5745 964 5798 Athan.
995 5740 1241 5810 Apolfad
1272 5742 1477 5804 Const,
1513 5758 1565 5794 ιι.
1599 5740 1691 5795 27.

669 5826 735 5883 (Γ)
765 5814 960 5900 Athan.
991 5815 1064 5867 De
1091 5812 1214 5881 fuga
1243 5829 1358 5878 suc,
1389 5827 1441 5864 ιι.
1473 5810 1525 5867 7.

2228 605 2456 659 stridere
2492 620 2587 659 ceu
2620 604 2727 657 laesi
2760 613 2815 658 et
2844 603 3037 672 injuria
3066 601 3265 657 aﬁ'ecti.
3332 599 3491 658 Viros
3552 604 3802 672 quadra-

2228 697 2372 762 ginta
2414 695 2851 765 comprehensos,
2886 696 2990 747 dux
3030 693 3278 749 insolenti
3313 708 3377 749 ac
3404 695 3628 747 immani
3662 710 3801 764 sup-

2230 788 2369 856 plicii
2415 800 2609 856 genere
2654 784 2918 839 multavit.
2952 783 3083 836 Nam
3133 784 3300 855 virgis
3369 785 3676 853 palmarum
3714 799 3809 838 re-

2229 894 2357 933 cens
2385 877 2694 946 amputatis,
2727 876 2925 944 quibus
2962 876 3137 929 adhuc
3161 874 3331 929 aculei
3373 875 3675 938 haerebant,
3720 874 3809 928 sic

2230 986 2413 1024 eorum
2444 980 2590 1036 terga
2628 967 2904 1029 laceravit,
2941 976 2998 1020 ut
3023 966 3263 1020 nonnulli
3308 967 3376 1020 ob
3416 965 3615 1019 inﬁxos
3671 979 3810 1018 acu-

2232 1062 2342 1117 leos
2366 1062 2692 1115 medicorum
2722 1058 2949 1114 subinde
2984 1073 3142 1111 manu
3180 1073 3313 1128 Opus
3351 1060 3638 1121 haberent,
3692 1058 3810 1111 imo

2231 1153 2445 1219 quidam
2498 1150 2603 1202 vim
2638 1150 2912 1218 plagarum
2954 1163 3056 1200 non
3118 1149 3353 1202 ferentes
3384 1147 3673 1201 interirent
3706 1147 3806 1217 (τ).

2234 1244 2486 1312 lieliquos
2514 1252 2692 1295 autem
2717 1256 2904 1294 omnes
2938 1240 3306 1308 apprehensos
3335 1254 3437 1291 una
3474 1252 3600 1291 cum
3632 1237 3810 1307 virgi-

2236 1335 2392 1387 nibus
2425 1336 2476 1387 in
2510 1349 2763 1402 magnam
2786 1332 2947 1386 Oasin
2976 1331 3248 1399 deportari
3279 1340 3557 1384 curarunt.
3854 1392 3859 1393 γ

2305 1428 2390 1482 l7.
2436 1426 2805 1481 Consolatoriu
2841 1424 3120 1476 Athanasii
3167 1422 3408 1491 epistola.
3438 1451 3511 1460 -—
3555 1421 3809 1491 Corpora

2233 1534 2395 1588 porro
2426 1533 2643 1577 eorum.
2676 1516 2767 1582 qui
2800 1515 2849 1567 vi
2880 1514 3155 1583 plagarum
3184 1513 3441 1567 exstincti
3494 1524 3645 1577 sunt,
3692 1529 3809 1568 non

2234 1612 2489 1666 continuo
2519 1609 2583 1661 ad
2616 1607 2978 1676 funerisjusta
3011 1605 3266 1659 solvenda
3300 1605 3682 1670 tradiderunt;
3708 1606 3811 1659 sed

2235 1702 2348 1772 ipsa
2387 1701 2697 1769 abjecerunt
2718 1697 3018 1768 insepulta,
3048 1697 3383 1765 canibusque
3416 1698 3810 1767 discerpenda,

2237 1797 2403 1849 donec
2436 1810 2556 1848 cum
2586 1791 2787 1862 ingenti
2819 1789 3058 1861 periculo
3081 1790 3295 1858 cognati
3320 1805 3541 1844 suorum
3566 1805 3810 1858 corpora

2170 1864 2213 1918 Β
2238 1888 2375 1941 clam
2401 1887 2763 1940 subducerent
2790 1901 2803 1946 ;
2829 1882 2921 1951 qui
2953 1882 3241 1936 haud'sine
3266 1897 3464 1951 magno
3493 1881 3681 1935 labore
3708 1896 3813 1935 cu-

2238 1985 2425 2032 rarunt
2449 2017 2464 2040 ,
2509 1984 2656 2029 utne
2681 1974 2912 2042 cuipiam
2948 1989 3033 2028 res
3068 1980 3195 2027 nota
3232 1983 3396 2026 esset.
3428 1972 3615 2025 Ariani
3650 1972 3813 2026 hisce

2236 2069 2442 2127 eli'crati
2480 2067 2643 2122 animi
2693 2066 2908 2121 indiciis
2946 2082 3171 2120 summa:
3204 2066 3305 2120 sibi
3341 2065 3684 2120 crudelitatis
3722 2065 3811 2118 fa-

2242 2180 2380 2217 tuam
2416 2161 2779 2217 conciliarunt
2804 2198 2819 2223 ,
2855 2166 2913 2211 ut
2945 2172 3101 2211 nemo
3154 2172 3256 2210 non
3289 2172 3381 2211 eos
3404 2157 3560 2225 quasi
3593 2155 3813 2210 facino~

2240 2268 2387 2308 rosus
2411 2264 2464 2306 et
2492 2251 2849 2306 exsecrandos
2897 2250 3092 2318 ubique
3126 2248 3451 2301 traduceret.
3488 2248 3603 2303 llac
3641 2248 3711 2301 de
3749 2264 3812 2300 re

2238 2360 2397 2414 porro
2443 2341 2857 2398 censolatoriam
2911 2341 3188 2408 epistolam
3238 2341 3384 2395 misit
3424 2339 3761 2393 Athanasius
3789 2378 3807 2403 ,

2239 2438 2392 2508 cujus
2440 2438 2802 2508 fragmentum
2854 2436 3007 2491 alTert
3046 2436 3439 2490 Theodoretus.
3484 2454 3501 2486 ι
3555 2433 3809 2500 Horum,

2244 2531 2450 2599 inquit,
2481 2544 2646 2583 causa
2680 2544 2835 2584 nemo
2865 2538 3104 2582 vestrum
3134 2529 3315 2582 dolore
3352 2530 3653 2591 crucietur,
3683 2527 3813 2582 licet

2245 2621 2389 2690 impii
2438 2622 2767 2689 sepulturam
2815 2620 3133 2682 invideant,
3194 2628 3247 2674 et
3295 2619 3559 2673 funeralia
3618 2619 3813 2688 prohi-

2241 2714 2422 2767 beant.
2479 2714 2552 2766 Eo
2602 2714 2742 2766 enim
2799 2726 2968 2778 usque
3017 2726 3296 2780 progressa
3347 2720 3431 2764 est
3474 2711 3810 2763 Arianorum

2244 2803 2515 2872 impietas.
2563 2801 2754 2854 Portas
2809 2801 3145 2865 occludunt,
3197 2802 3262 2853 ad
3312 2800 3557 2868 sepulcra
3615 2800 3816 2853 sedent

2246 2892 2397 2959 quasi
2442 2892 2731 2951 daamoues,
2770 2904 2840 2942 ne
2873 2889 2992 2957 quis
3030 2886 3310 2941 defunctus
3344 2903 3406 2941 eo
3441 2888 3733 2941 inferatur.
3784 2907 3808 2942 ι

2240 2982 2318 3036 Ad
2369 2983 2606 3052 virgines
2656 2982 2877 3034 missam
2932 2980 3215 3049 epistolam
3272 2980 3347 3031 ait
3399 2977 3814 3036 Theodoretus.

2240 3075 2398 3130 Viros
2452 3085 2626 3128 tamen
2678 3088 2781 3126 una
2836 3087 2956 3126 cum
3002 3070 3305 3140 virginibus
3338 3069 3539 3139 alloqui
3590 3070 3817 3124 videtur

2166 3201 2208 3257 Ο
2243 3166 2584 3228 Athanasius,
2608 3180 2726 3217 cum
2760 3166 2853 3229 ait,
2885 3164 2977 3217 καὶ
3011 3161 3370 3233 θαπτομένοις
3410 3163 3537 3232 ὑμῖν
3576 3163 3815 3232 φθονοῦσ-

2246 3273 2344 3310 σιν.
2387 3254 2539 3311 Unde
2576 3256 2882 3325 conjectare
2927 3256 3085 3309 liceat
3119 3256 3183 3308 ad
3232 3265 3431 3309 emtum
3488 3257 3810 3311 Catholica-

2246 3364 2361 3401 rum
2404 3348 2619 3402 missam
2646 3346 2930 3416 epistolam
2978 3344 3140 3399 fuisse
3168 3384 3181 3405 ,
3217 3354 3272 3398 et
3305 3345 3540 3413 aliquam
3570 3358 3693 3400 esse
3741 3361 3817 3401 ex

2244 3439 2310 3494 iis
2343 3454 2459 3508 quae
2508 3437 2850 3509 ἑορταστικαί
2885 3438 2994 3492 sive
3022 3438 3073 3491 in
3105 3446 3246 3491 ccetu
3266 3436 3699 3491 Christianorum
3729 3437 3817 3494 le-

2243 3530 2427 3600 genda:
2454 3531 2722 3583 dicuntur.

2314 3624 2402 3679 18.
2457 3620 2513 3675 1η
2559 3637 2739 3676 sacras
2784 3629 2959 3673 autem
3004 3618 3237 3687 virgines
3287 3618 3400 3671 hzec
3442 3618 3606 3671 etiam
3660 3625 3819 3688 gesta

2245 3720 2415 3775 fuisse
2461 3721 2847 3772 commemorat
2905 3710 3233 3765 Athanasius
3285 3710 3386 3779 (ά).
3445 3709 3766 3765 Admirandi
3798 3755 3816 3778 ,

2245 3809 2441 3879 inquit,
2494 3804 2702 3868 Ariani,
2736 3798 3009 3870 judicibus
3044 3800 3175 3868 ipsis
3208 3800 3307 3853 sibi
3346 3799 3445 3853 hac
3488 3799 3541 3852 in
3592 3813 3653 3853 re
3710 3799 3821 3851 mi-

2246 3900 2599 3956 niStrantibus
2668 3893 3318 3974 obtemperantibusque,
3389 3890 3621 3946 nudatas
3695 3892 3821 3945 vir-

2247 3994 2398 4064 gines
2453 3992 2504 4043 in
2559 3987 2950 4050 hertnetariis,
2990 3994 3049 4038 ut
3098 3993 3316 4048 vocant,
3372 3982 3635 4052 suspendi
3692 3983 3822 4052 jus-

2246 4092 2434 4139 serunt
2459 4124 2473 4147 ,
2507 4089 2561 4133 et
2607 4079 2687 4134 sic
2736 4078 2945 4132 illarum
2985 4077 3154 4131 latera
3195 4075 3363 4129 ternis
3395 4091 3567 4143 usque
3603 4076 3823 4130 vicibus

2248 4174 2625 4234 lancinarunt,
2656 4180 2715 4223 ut
2744 4184 2809 4222 ne
2839 4168 2937 4221 viri
2970 4168 3187 4237 quidem
3245 4166 3620 4220 scelestissittti
3682 4168 3822 4221 talia

2246 4282 2480 4337 unquam
2528 4265 2639 4318 sint
2667 4263 2898 4331 experti.
2929 4259 3032 4313 Sed
3058 4260 3170 4328 jam
3203 4259 3269 4312 ad
3306 4258 3407 4312 ista
3443 4259 3628 4312 omnia
3657 4260 3827 4314 Aria-

2246 4360 2300 4413 ni
2357 4358 2762 4419 obduruerant,
2807 4363 2860 4407 et
2899 4352 3294 4406 humanitatem
3341 4364 3556 4402 onmem
3607 4351 3824 4406 amise-

2248 4459 2391 4502 rant.

2322 4540 2407 4595 {9.
2440 4536 2691 4591 Ecclesia:
2718 4535 2874 4605 jussu
2914 4533 3211 4588 Constantii
3257 4532 3471 4585 Ariani:
3503 4536 3826 4593 traduntur.

2252 4630 2496 4700 Episcopi
2521 4629 2689 4681 vexati
2718 4636 2764 4679 et
2796 4626 2959 4695 pulsi.
2993 4654 3062 4663 —
3100 4625 3175 4678 Eo
3213 4625 3328 4692 ipso
3361 4634 3604 4691 tempore
3635 4627 3828 4678 edicto

2251 4721 2528 4776 mandavit
2573 4717 2954 4780 Constantius,
2980 4726 3035 4769 ut
3065 4730 3254 4769 omnes
3282 4715 3517 4782 episcopi
3555 4717 3825 4771 catholici

2250 4813 2468 4884 Aﬂgypti
2511 4820 2566 4865 et
2611 4810 2793 4880 Libyae
2818 4808 3034 4861 sedibus
3069 4807 3414 4876 pellerentur,
3458 4807 3828 4879 ecclesiznque

2254 4905 2602 4954 traderentur
2646 4896 2866 4952 Arianis
2895 4897 2989 4963 (ρ).
3013 4896 3127 4961 Qua
3160 4898 3279 4948 data
3308 4896 3556 4964 jussione
3578 4936 3594 4960 ,
3630 4898 3830 4953 confe-

2253 4992 2379 5044 stim
2427 5004 2530 5044 una
2564 5003 2755 5043 omnes
2785 4988 3023 5055 episc0pi
3055 4988 3230 5039 vexati
3253 5029 3267 5050 ,
3301 4985 3608 5056 proﬂigati,
3642 4990 3827 5058 pulsi,

2254 5084 2339 5136 vel
2368 5084 2432 5135 ad
2466 5082 2831 5135 simulandam
2861 5096 2980 5133 cutn
3009 5079 3226 5133 Arianis
3258 5080 3698 5136 communionem
3731 5098 3831 5137 co-

2253 5175 2359 5227 acti
2410 5183 2552 5228 sunt.
2601 5176 2681 5225 Ad
2740 5173 3035 5242 nonaginta
3084 5186 3310 5224 numero
3348 5184 3506 5225 erant
3557 5174 3647 5241 qui
3698 5190 3829 5229 cum

2252 5265 2549 5319 Athanasio
2582 5266 3014 5319 communionem
3049 5272 3104 5315 et
3157 5263 3472 5316 societatem
3530 5264 3783 5318 colerent
3809 5306 3828 5331 ,

2254 5359 2305 5410 in
2336 5371 2470 5425 quos
2503 5373 2697 5411 omnes
2725 5358 2958 5409 Arianus
3010 5354 3161 5409 furor
3210 5366 3494 5425 grassatus
3541 5365 3648 5410 est.
3682 5356 3828 5412 Nam

2255 5450 2398 5502 misit
2433 5448 2786 5503 Sebastianus
2820 5450 2924 5501 dux
2964 5449 3176 5501 litteras
3207 5446 3271 5501 ad
3301 5461 3489 5501 omnes
3514 5448 3720 5517 ubique
3747 5450 3831 5503 lo-

2254 5558 2439 5596 corum
2482 5543 2797 5610 praepositos
2841 5542 3212 5609 tnilitaresque
3248 5541 3534 5606 tribunos;
3584 5555 3831 5611 quorum

2335 5676 2413 5740 (ά)
2437 5674 2588 5739 Apol.
2615 5676 2682 5727 ad
2705 5674 3002 5734 Conslant..
3027 5690 3079 5726 ιι.
3096 5672 3186 5727 35.

2336 5744 2403 5812 te)
2437 5745 2634 5797 Athan.
2666 5746 2792 5797 ibid.
2825 5761 2878 5797 ιι.
2911 5744 2999 5807 ‘27,
3026 5756 3080 5796 et
3105 5742 3339 5812 Apol.rde
3373 5742 3498 5811 fuga
3529 5758 3627 5796 sua
3653 5784 3668 5809 ,
3693 5759 3749 5797 ιι.
3770 5742 3834 5809 7,

2263 5824 2316 5869 et
2348 5811 2484 5867 Hist.
2518 5817 2699 5867 Arum.
2738 5815 2804 5865 ad
2838 5815 3135 5879 invitae/tos,
3172 5828 3223 5866 ιι.
3255 5811 3343 5865 72.
