4038 6540
1534 450 1695 506 VITA
1732 452 1788 505 S.
1832 448 2231 505 ATHANASII.

3265 464 3471 504 CXXXIII

189 576 307 634 opera
351 564 476 619 veri
543 579 621 622 ac
659 568 842 637 probi
899 568 1146 639 episcopi
1178 569 1393 637 exacti;
1452 571 1486 622 ii
1524 584 1673 632 vero,
1705 571 1794 639 qui
1826 580 1868 635 Α
1904 579 2109 621 terrore
2130 576 2296 637 atque
2344 564 2778 636 Impendentium
2813 566 3179 635 periculorum
3211 577 3353 620 metu
3400 564 3471 621 ad

191 656 308 727 impie
342 657 700 725 sentirent,
799 661 858 714 in
934 676 1124 716 eorum
1184 661 1341 716 sedes
1397 660 1587 715 intrusi
1646 670 1792 715 sunt.

190 746 478 803 Grandaevos
515 749 719 819 igitur
755 752 1062 822 episcopos
1082 792 1097 817 ,
1126 752 1219 822 qui
1262 751 1331 806 ab
1363 752 1675 805 Alexandro
1702 768 1794 806 or-

193 840 317 893 dinati
354 840 413 893 in
447 843 824 897 sacerdotio
855 854 1289 909 consenuerant,
1334 845 1384 896 in
1410 844 1663 898 exsilium
1695 843 1793 897 de-

193 933 349 1004 portari
393 945 709 989 curarunt
739 976 757 1002 ,
806 937 1169 991 Ammonium
1225 936 1475 1001 scilicet,
1514 935 1789 1000 Hermem,

194 1022 581 1093 Anagampbum
653 1034 723 1079 et
773 1024 1033 1080 Marcum
1090 1026 1143 1080 in
1197 1025 1535 1094 superiorem
1585 1023 1788 1090 Oasin;

198 1115 319 1171 lluim
346 1156 359 1181 ,
413 1115 801 1171 Psenosirim
830 1158 847 1183 ,
882 1117 1278 1171 Nilamtnoncm
1304 1157 1319 1182 ,
1356 1116 1575 1171 Plenem
1600 1155 1615 1180 ,
1652 1115 1790 1168 Mar-

198 1225 287 1263 cum
329 1216 376 1263 el
439 1209 907 1263 Athenodorum
948 1209 1000 1261 in
1030 1208 1440 1261 Ammoniacam
1466 1246 1481 1271 ,
1530 1221 1634 1261 non
1683 1207 1786 1260 alia

202 1309 357 1364 mente,
389 1313 570 1367 quam
597 1309 663 1356 ut
698 1313 805 1368 per
834 1299 1061 1352 deserta
1091 1298 1206 1352 loca
1238 1307 1594 1367 peragrantes
1618 1297 1790 1351 inter-

182 1395 325 1469 irent.
374 1388 520 1443 Nam
583 1404 666 1445 ne
724 1390 991 1444 infirmos
1037 1389 1255 1458 quidem
1316 1388 1603 1451 miserati,
1662 1389 1787 1442 dum

204 1500 307 1555 agre
336 1484 405 1537 illi
451 1480 825 1537 conficerent
884 1481 1015 1544 iter,
1057 1480 1385 1547 compellere
1435 1489 1618 1534 tamen
1662 1480 1738 1533 illi
1774 1521 1787 1543 ,

208 1591 393 1647 urgere;
426 1584 482 1627 et
528 1573 734 1643 si'qui
772 1587 890 1627 non
926 1581 1150 1641 possent
1184 1571 1458 1634 incedere,
1496 1587 1561 1625 ne
1587 1581 1789 1641 puncto

207 1667 381 1735 quidem
441 1664 731 1732 temporis
797 1661 1117 1716 intermissa
1150 1662 1235 1713 via
1272 1659 1421 1714 sellis
1467 1659 1787 1714 defereban-

208 1769 287 1812 tur.
311 1756 435 1811 Tam
471 1756 643 1810 ardui
680 1754 915 1809 itineris
953 1754 1195 1808 laborem
1232 1768 1339 1806 non
1377 1754 1559 1806 ferens
1590 1768 1728 1805 unus
1758 1767 1788 1807 c

210 1863 346 1906 turma
375 1846 606 1919 praesul,
643 1847 821 1916 cujus
861 1856 1077 1900 tacetur
1105 1860 1325 1910 nomen,
1351 1845 1658 1901 exstinctus
1681 1854 1783 1901 est.

210 1944 324 1997 Illius
350 1943 593 1995 cadaver
625 1941 751 1994 suis
776 1939 1178 2008 asportandum
1214 1954 1319 1992 non
1368 1947 1782 1994 concesserunt.
1820 1924 1861 1978 Β

208 2036 311 2090 Tam
344 2035 513 2089 feroci
546 2032 822 2086 nimirum
852 2040 1013 2084 erant
1046 2030 1245 2093 animo,
1280 2040 1336 2084 ut
1376 2045 1442 2084 ne
1474 2040 1645 2083 morte
1671 2030 1789 2098 qui-

205 2134 301 2183 dem
351 2128 817 2182 adversariorum
857 2110 1109 2193 mitigari
1150 2133 1394 2191 possent.
1453 2124 1657 2177 Eadem
1722 2125 1787 2176 de

205 2236 342 2276 causa
377 2220 746 2283 Dracontium
803 2218 1126 2287 episc0pum
1156 2216 1220 2269 ad
1250 2215 1468 2271 deserta
1495 2216 1611 2271 loca
1638 2216 1783 2270 circa

202 2315 391 2386 Clysma
438 2315 493 2368 in
540 2311 750 2367 Arabia
806 2309 1125 2378 relegarunt
1160 2326 1173 2360 :
1204 2307 1486 2365 Philonem
1513 2348 1527 2372 ,
1554 2307 1785 2380 Babylo-

202 2421 334 2469 nem,
362 2404 696 2473 Adelphium
732 2404 787 2455 in
832 2398 1093 2455 Psittabla
1132 2399 1428 2455 Thebaidis
1452 2442 1465 2462 ,
1498 2400 1781 2455 llieracem

199 2497 578 2551 etDioscorum
638 2496 1009 2565 presbyteros
1057 2494 1291 2564 Sycnem
1345 2492 1563 2548 exsules
1618 2494 1783 2551 mise-

201 2600 327 2644 runt.
370 2589 529 2643 Alios
576 2588 648 2643 ad
700 2589 890 2661 fugam
950 2588 1341 2659 capessendam
1378 2586 1781 2656 compulerunt,

198 2698 370 2752 nempe
422 2683 783 2737 Ammonium
815 2722 828 2747 ,
862 2679 1140 2752 Agatbum
1170 2720 1184 2745 ,
1225 2679 1742 2749 Agathodtemouem
1767 2720 1782 2745 ,

195 2778 555 2848 Apollonium,
586 2776 877 2846 Eulogium
904 2814 920 2840 ,
950 2773 1201 2841 Apollon,
1250 2772 1639 2840 Paphnutiunt,
1678 2772 1785 2827 Ga-

188 2872 291 2939 jum
319 2882 375 2925 et
422 2869 681 2923 Flavium
734 2871 1003 2936 antiquos
1052 2867 1382 2935 episcopos:
1423 2866 1781 2926 Dioscorum,

187 2962 558 3025 Ammonium,
597 2959 957 3014 Heraclidem
1003 2968 1058 3011 et
1104 2958 1283 3013 Psaim
1344 2957 1470 3011 item
1503 2957 1785 3026 episcotios

186 3055 578 3127 proﬂigarunt;
628 3068 866 3121 quorum
938 3052 1077 3106 alios
1131 3052 1197 3104 ad
1256 3050 1620 3118 lapicidinas,
1670 3064 1781 3102 rem

185 3161 401 3213 prorsus
426 3144 738 3215 indignam,
765 3142 1304 3206 abduxerunt,alios
1354 3141 1421 3194 ad
1469 3155 1656 3196 necem
1700 3141 1782 3193 in-

181 3238 348 3291 secuti
393 3248 555 3302 sunt,
612 3236 847 3290 aliorum
887 3236 1185 3288 multorum
1217 3232 1505 3287 facultates
1540 3233 1778 3301 diripuc-
1809 3260 1852 3317 α

179 3337 318 3381 runt.
348 3329 591 3383 Demutn
617 3329 686 3382 ad
740 3326 973 3396 triginta
1019 3339 1248 3379 numero
1274 3365 1288 3387 ,
1321 3334 1378 3378 ut
1433 3324 1608 3378 fertur
1639 3324 1777 3392 apud

178 3418 565 3485 Athanasium,
610 3418 792 3473 vexati
826 3425 884 3471 et
919 3416 973 3470 in
1018 3416 1197 3485 fugam
1235 3414 1378 3469 versi
1411 3425 1556 3479 sunt,
1587 3424 1781 3483 praeter

178 3512 417 3575 exsules,
456 3512 556 3581 qui
594 3510 666 3564 ad
703 3508 952 3566 sedecim
985 3516 1164 3560 erant.
1198 3505 1440 3574 Eratque
1474 3505 1781 3559 miserabile

177 3602 589 3670 spectaculum,
615 3601 912 3670 episc0pos
947 3597 1181 3651 vinculis
1211 3595 1534 3664 constringi,
1566 3596 1784 3664 presby-

177 3706 316 3749 teros
348 3704 407 3750 et
438 3695 756 3749 monachos
783 3690 986 3746 ferreis
1012 3689 1221 3743 catenis
1254 3688 1431 3758 ligari,
1469 3689 1534 3739 ad
1567 3702 1781 3741 necem-

174 3802 275 3855 que
306 3788 558 3843 laniatos
592 3787 738 3841 mitti
794 3785 850 3838 in
897 3782 1174 3837 exsilium.
1209 3780 1345 3833 Tum
1384 3781 1542 3834 tnista
1581 3780 1780 3847 ubique

173 3881 353 3934 omnia
389 3921 406 3945 ,
464 3891 642 3948 atque
705 3877 761 3930 in
826 3872 1078 3944 periculo
1133 3871 1459 3927 versabatur
1515 3870 1782 3939 Egyptus

175 3981 301 4024 tota.
338 3972 477 4025 Dum
525 3970 681 4023 enim
718 3966 904 4037 populi
952 3964 1188 4018 edictum
1248 3960 1555 4031 hnjnsmodi
1601 3959 1782 4029 perin-

172 4063 328 4133 digne
365 4062 623 4125 ferrent,
679 4058 1055 4123 viderentque
1096 4052 1237 4106 bona
1284 4067 1383 4107 sua
1430 4061 1484 4105 et
1531 4051 1780 4104 fortunas

172 4155 448 4209 devastati
502 4162 560 4207 et
613 4152 668 4203 in
726 4149 1002 4201 Arianam
1061 4159 1175 4198 rem
1228 4142 1473 4197 converti
1508 4180 1522 4208 ,
1566 4142 1616 4194 in
1660 4155 1777 4194 mo-

173 4257 316 4299 tuum
351 4246 816 4310 seditionumque
850 4238 1153 4294 discrimen
1193 4234 1501 4304 respublica
1547 4232 1781 4287 vocaba-

173 4346 279 4392 tur.

236 4428 326 4483 ΞΟ.
396 4426 751 4482 Μοηαειενὶα
802 4438 1010 4477 eversa.
1067 4449 1132 4459 —-
1181 4416 1318 4471 Tum
1356 4416 1605 4469 monachi
1656 4430 1777 4469 cum

174 4523 358 4589 primis
380 4521 729 4579 Arianorum
771 4514 1022 4567 furorem
1051 4509 1260 4578 experti
1303 4517 1447 4561 sunt.
1484 4508 1776 4562 Enimvero

1894 660 2130 715 Arianos
2175 660 2468 714 deficerent
2490 674 2506 723 ;
2532 657 2680 712 inter
2714 672 2853 727 quos
2880 659 3271 715 adnumeratur
3294 658 3473 713 Theo-

1895 751 2060 805 dorus
2120 750 2463 821 Oxyrinchi,
2521 748 2613 814 qui
2688 758 2974 819 postquam
3040 751 3182 806 inter
3235 751 3471 805 Arianos

1895 852 2243 910 computatus
2315 849 2443 909 est,
2525 842 2703 896 denuo
2773 842 3060 898 ordinatus
3136 858 3165 896 a
3235 841 3470 911 Georgio

1894 932 1997 988 fuit
2023 934 2115 1005 (ε).

1961 1026 2053 1081 21.
2097 1026 2200 1092 Qui
2234 1027 2432 1097 fuerint
2464 1030 2693 1098 episcopi
2726 1030 2789 1082 ab
2814 1026 3030 1082 Ariani:
3067 1027 3363 1081 constituti.
3397 1052 3472 1067 --

1896 1117 2183 1187 Periniqna
2208 1132 2414 1187 perque
2441 1120 2658 1188 indigna
2697 1135 2782 1173 res
2810 1118 3023 1187 populis
3048 1118 3161 1171 visa
3191 1116 3313 1182 fuit,
3346 1128 3469 1169 cum

1895 1222 1972 1266 tot
2013 1222 2228 1279 tamque
2260 1212 2517 1280 gravibus
2548 1227 2613 1266 ac
2635 1212 2944 1281 gratulati-is
2988 1209 3260 1279 episcopis
3285 1207 3471 1279 profli-

1891 1300 2147 1371 gatis(d),
2180 1300 2383 1355 ethnici
2414 1303 2651 1356 nondum
2688 1301 2907 1365 initiati,
2942 1301 3341 1365 catechumeni,
3378 1313 3469 1353 se-

1894 1400 2133 1455 natores,
2171 1391 2417 1461 juniures
2466 1389 2883 1462 petulantesque
2932 1393 3207 1456 homines,
3239 1391 3470 1446 idolola-

1894 1494 2009 1548 trze,
2042 1483 2264 1555 bigatni,
2297 1485 2619 1554 magnisque
2645 1486 2968 1540 criminibus
3014 1484 3236 1539 obnoxii
3267 1485 3367 1538 viri
3403 1483 3470 1537 ad

1890 1589 2074 1627 eorum
2105 1574 2406 1643 implendas
2447 1576 2599 1630 vices
2627 1575 2824 1631 delecti
2858 1586 3023 1642 sunt,
3067 1586 3353 1645 postquam
3401 1574 3470 1627 ab

1888 1666 2108 1720 Arianis
2143 1666 2510 1721 Christianam
2549 1666 2708 1721 fidem
2761 1668 3116 1731 didicissent,
3160 1668 3251 1735 qui
3280 1666 3469 1720 Ariani

1890 1758 1958 1812 ad
1984 1773 2111 1812 suos
2146 1772 2383 1828 quaestus
2409 1758 2664 1814 Ecclesiae
2695 1759 3055 1829 dignitatibus
3096 1758 3274 1822 abusi,
3302 1772 3467 1812 vena-

1889 1850 1957 1904 lia
2012 1860 2206 1905 cuncta
2260 1854 2659 1921 proponebant.
2717 1851 2829 1907 Hoc
2876 1866 3011 1908 sane
3034 1851 3248 1907 caeteris
3277 1864 3468 1906 eorum

1889 1942 2190 1999 sceleribus
2219 1943 2361 1997 velut
2406 1944 2656 1998 cumulus
2694 1945 2941 1999 acceSsit.
2980 1943 3099 1998 Non
3124 1942 3471 2011 quaerebatur

1888 2050 1952 2088 ex
1981 2037 2279 2106 apostolico
2326 2044 2594 2107 prazcepto
2620 2077 2637 2103 ,
2666 2036 3047 2105 inculpatusne
3077 2035 3201 2106 quis
3236 2050 3300 2087 ac
3332 2033 3470 2086 inte-

1889 2128 2000 2196 gris
2032 2130 2273 2183 morihns
2296 2139 2473 2194 esset;
2525 2130 2619 2183 sed
2648 2131 2737 2198 qui
2771 2130 2890 2198 plus
2934 2128 3053 2182 auri
3103 2127 3386 2197 penderet,
3422 2124 3468 2181 is

1888 2217 2174 2287 cpiscopus
2206 2222 2648 2274 renuntiabatur.
2677 2220 2820 2275 Nihil
2848 2222 3112 2275 curabant
3146 2220 3297 2288 impii
3321 2217 3469 2286 quod

1892 2310 1970 2364 vel
2007 2313 2222 2381 gentilis
2260 2319 2405 2367 ess-et
2434 2314 2523 2383 qui
2562 2316 2892 2379 accederet,
2946 2329 3139 2368 aurum
3180 2314 3342 2365 modo
3370 2310 3468 2365 da-

1890 2411 1994 2456 ret.
2025 2402 2161 2458 llinc
2187 2405 2400 2474 populis
2444 2406 2662 2475 gravior
2708 2407 2929 2461 emersit
2974 2404 3265 2459 calamitas
3295 2420 3308 2456 :
3340 2415 3464 2455 eum

1887 2494 2032 2549 enim
2075 2497 2446 2551 mercenarios
2474 2497 2594 2552 illos
2634 2496 2954 2568 alienasque
2994 2496 3097 2551 sibi
3133 2498 3282 2549 viros
3311 2507 3467 2546 aver-

1888 2598 2165 2655 sarentur,
2209 2600 2336 2644 tunc
2371 2591 2664 2656 verberati,
2698 2589 3032 2660 proscripti,
3065 2587 3387 2654 carcerique
3435 2599 3466 2635 a

1888 2680 2023 2736 duce
2058 2682 2350 2752 mancipati
2400 2695 2547 2737 sunt.
2584 2684 2738 2749 Quod
2776 2670 2885 2747 ille,
2914 2690 3100 2750 utpote
3134 2680 3467 2734 Manicha'ns

1887 2782 1941 2827 et
1976 2773 2277 2829 Catholicis
2317 2774 2582 2838 infensus.
2620 2776 2859 2829 libenter
2886 2774 3310 2842 exsequebatur.
3362 2771 3466 2837 Qui

1888 2878 2050 2931 porro
2101 2862 2368 2930 ejusmodi
2425 2866 2713 2934 episcopos
2763 2866 3088 2919 ordinareut
3118 2904 3133 2927 ,
3189 2863 3464 2918 Meletiani

1886 2960 2087 3004 erant;
2128 2953 2218 3020 qui
2271 2954 2513 3021 plerique
2546 2970 2739 3009 omnes
2775 2970 2881 3008 non
2935 2954 3188 3023 religiosa
3239 2954 3453 3006 institu-

1889 3044 2036 3098 tione
2068 3046 2305 3111 educati,
2327 3062 2435 3101 non
2470 3063 2658 3101 sanam
2695 3048 2878 3112 fidem,
2915 3062 3024 3103 non
3048 3047 3176 3115 quid
3206 3045 3464 3100 Christia-

1887 3137 2117 3199 nismus,
2152 3153 2256 3191 non
2287 3127 2484 3207 quibus
2512 3140 2813 3194 Christiani
2843 3140 3142 3208 Scripturis
3173 3146 3464 3191 uterentur

1889 3232 2169 3278 noverant.
2202 3223 2336 3279 Nam
2370 3228 2585 3292 quidam
2636 3242 2823 3281 eorum
2874 3242 2942 3280 ex
2997 3226 3332 3295 gentilitate,
3368 3226 3460 3279 alii

1885 3330 1949 3370 ex
2002 3328 2197 3371 senatu
2245 3329 2298 3372 et
2342 3335 2407 3373 ex
2457 3322 2727 3386 supremis
2761 3322 3170 3392 magistratibus
3201 3322 3267 3375 ad
3301 3320 3463 3375 Chri-

1887 3410 2094 3463 stianos
2120 3420 2505 3473 accesserant,
2548 3421 2604 3464 ut
2645 3412 2905 3466 miseram
2955 3411 3352 3465 immunitatem
3397 3426 3462 3463 ac

1885 3498 2249 3567 patrocinium
2282 3502 2767 3567 nanciscerentur;
2803 3501 3314 3569 antiquioribusque
3360 3499 3465 3552 Me-

1884 3590 2101 3645 letianis
2122 3592 2353 3659 pecunia
2400 3593 2694 3661 corruptis,
2723 3593 2791 3647 ad
2818 3607 2939 3646 eam
2970 3605 3268 3662 pervenere
3295 3590 3465 3659 digni-

1886 3692 2075 3746 tatem,
2130 3684 2445 3753 priusquam
2488 3684 2865 3738 catechumeni
2905 3691 3106 3738 essent.
3134 3682 3205 3735 At
3244 3683 3465 3736 etiamsi

1884 3774 2156 3841 fuissent,
2191 3777 2368 3846 qualis
2393 3818 2408 3843 ,
2449 3792 2634 3847 quatso
2660 3818 2676 3844 ,
2712 3776 2986 3832 institutio
3033 3777 3174 3845 apud
3212 3775 3462 3830 Meletia-

1884 3870 2024 3923 nos?
2056 3868 2373 3923 Nullatenus
2412 3886 2545 3940 ergo
2582 3870 2817 3924 instituti
2851 3869 3144 3937 derepente
3171 3870 3462 3935 accedunt,

1884 3962 2179 4030 Statimque
2222 3971 2443 4029 accepto
2467 3962 2621 4031 quasi
2644 3950 2894 4016 infantes
2921 3960 3144 4016 nomine
3168 4000 3182 4025 ,
3218 3960 3461 4029 episcopi

1882 4061 2008 4105 sunt
2036 4052 2289 4120 appellati
2322 4070 2335 4106 :
2367 4053 2539 4122 ignari
2567 4067 2699 4107 sane
2723 4054 2975 4108 homines
3014 4053 3143 4122 quid
3176 4062 3320 4107 esset
3351 4052 3465 4120 pie.

1886 4153 2051 4198 latent
2095 4146 2238 4201 inter
2284 4157 2337 4199 et
2383 4147 2719 4216 impietatem
2775 4146 3133 4202 discriminis.
3171 4144 3236 4199 Hi
3270 4146 3462 4215 igitur,

1877 4234 2102 4304 jubente
2130 4236 2476 4306 imperatore,
2520 4252 2587 4292 ne
2628 4238 2907 4291 minimum
2932 4238 3151 4308 quidem
3200 4239 3460 4299 cunctati,

1882 4342 1947 4382 ex
1976 4329 2277 4385 Meletianis
2309 4331 2496 4383 Ariani
2549 4341 2675 4384 sunt
2704 4330 2883 4385 effecti
2911 4371 2926 4394 ,
2980 4330 3153 4399 parati
3185 4338 3338 4383 certe
3396 4328 3463 4381 ad

1882 4422 2133 4490 quemvis
2163 4422 2470 4477 Constantii
2520 4436 2709 4477 nutum
2741 4423 3058 4493 religionem
3104 4428 3334 4474 mutare.
3372 4418 3464 4472 Nae

1886 4513 2003 4578 illi,
2038 4530 2157 4566 cum
2214 4515 2285 4566 ita
2328 4514 2569 4567 moribus
2614 4524 2669 4567 et
2714 4513 2861 4568 cttltu
2912 4511 3200 4565 versatiles
3234 4519 3417 4563 essent
3445 4548 3460 4571 ,

176 4626 276 4664 non
300 4623 422 4665 erat
446 4608 727 4680 improbis
752 4604 1073 4660 hominibus
1102 4602 1236 4656 satis
1268 4606 1413 4670 quod
1445 4599 1774 4656 monasteria
1808 4596 1854 4652 ι)
1890 4604 1990 4660 rati
2050 4603 2349 4657 Ecclesiam
2410 4603 2624 4656 civilem
2678 4617 2799 4657 esse
2845 4611 3095 4657 senatum
3119 4640 3136 4665 ,
3186 4616 3307 4654 cum
3369 4601 3466 4654 ad-

176 4714 483 4758 everterent
509 4712 567 4756 et
597 4700 723 4756 solo
756 4705 1051 4766 aequarent
1097 4692 1209 4765 (a);
1263 4695 1360 4749 sed
1392 4694 1560 4749 etiam
1592 4705 1782 4746 mona-

179 4796 299 4849 tbos
333 4797 389 4849 in
422 4797 607 4866 ignem
644 4791 973 4862 conjicere,
1014 4787 1272 4854 vivosque
1297 4798 1653 4840 concremare
1685 4798 1780 4836 co-

184 4886 460 4942 nabantur.
498 4888 642 4942 Dum
696 4882 1128 4939 Catholicorum
1172 4879 1362 4933 domos
1405 4878 1777 4939 devastareut,

184 4979 413 5044 deposita
443 4981 616 5033 etiam
651 4977 726 5031 ab
747 4973 1068 5029 Athanasio
1106 4970 1158 5023 in
1183 4969 1545 5023 honestorum
1574 4967 1777 5022 civium

185 5070 375 5126 adibus
409 5072 686 5128 collocata
725 5068 1109 5131 irrumpentes
1141 5058 1512 5115 absmlerunt.
1563 5057 1777 5111 Interea

191 5170 353 5216 tamen
377 5164 552 5219 clerus
578 5162 860 5231 plebsque
885 5152 1158 5208 catholica
1182 5160 1257 5205 tot
1274 5149 1554 5214 aerumnis,
1587 5157 1665 5203 tot
1687 5160 1779 5200 ca-

194 5248 501 5308 lamitalibus
532 5250 730 5307 afﬂicti
758 5247 871 5316 (b),
891 5244 961 5296 de
985 5240 1288 5294 constantia
1316 5253 1379 5293 ac
1397 5236 1465 5290 de
1494 5250 1634 5290 verae
1656 5236 1778 5291 fidei

192 5342 349 5398 studio
380 5346 506 5400 nihil
545 5336 1037 5399 intermittebant.
1070 5330 1187 5385 Duo
1230 5338 1380 5384 certe
1418 5336 1624 5382 tantum
1658 5341 1779 5398 pre-

191 5434 393 5505 sbyteri,
425 5441 722 5497 Machetes
747 5443 809 5489 et
838 5430 1130 5500 Didymus,
1161 5428 1471 5483 vexationis
1499 5421 1781 5479 declinan-

186 5526 254 5582 da
298 5547 453 5589 causa
512 5534 584 5588 ad
644 5527 1007 5583 Arianorum
1076 5535 1133 5576 se
1189 5527 1378 5590 partes
1436 5516 1777 5588 proripuere.

177 5615 270 5679 Nec
321 5626 542 5685 defuere
603 5624 768 5679 inter
818 5602 1113 5685 episcopos
1158 5609 1383 5681 Egypti
1414 5648 1428 5674 ,
1470 5606 1563 5677 qui
1618 5600 1781 5657 fracti

227 5764 294 5837 (α)
318 5766 519 5822 Athan.
574 5764 745 5837 Hist.
781 5756 989 5837 {Ariani
1021 5755 1087 5805 ad
1120 5749 1421 5814 monachos,
1448 5764 1505 5804 n.
1543 5744 1644 5813 70,
1670 5738 1758 5796 72.
1850 5766 1859 5781 ι

226 5824 291 5905 ibi
322 5838 545 5893 Lucifer
562 5851 674 5906 pro
695 5824 1042 5906 Athanasio,
1074 5839 1134 5902 tt.
1168 5891 1218 5906 τ’

226 5890 289 5979 (ε)
322 5890 637 5965 iiii-celtu).
677 5911 741 5957 et
771 5896 1043 5952 Faustin.
1075 5896 1126 5946 in
1158 5890 1382 5949 Libelto.

374 6004 679 6064 Ρηιιοι..
729 5994 873 6054 GB~
914 5985 1121 6047 XXV-

1886 4694 1994 4747 huc
2054 4692 2319 4746 idolorum
2385 4690 2718 4759 impietatem
2790 4699 2979 4760 utpote
3037 4688 3240 4744 ethnici
3304 4703 3464 4758 sape-

1887 4793 2058 4847 rent,
2126 4792 2389 4851 usurpato
2447 4792 2627 4836 tamen
2700 4784 2965 4853 praeclaro
3022 4782 3224 4836 Christi
3284 4782 3465 4836 nomi-

1884 4891 1953 4930 ne
1984 4917 1999 4938 ,
2047 4874 2249 4928 Ariana
2304 4883 2453 4941 peste
2515 4882 2679 4927 totam
2745 4873 3051 4928 iniecerunt
3104 4869 3401 4945 Egyptum
3447 4891 3463 4938 ;

1884 4968 2182 5038 digyptum
2218 4966 2463 5033 scilicet,
2490 4967 2543 5020 in
2574 4981 2678 5036 qua
2711 4966 2820 5021 sola
2869 4964 3107 5021 Orientis
3133 4966 3361 5035 regione
3397 4964 3467 5017 li-

1890 5059 2017 5112 bera
2077 5058 2339 5114 hactenus
2370 5057 2571 5128 ubique
2627 5058 2805 5112 fuerat
2838 5073 2985 5112 sanae
3039 5057 3165 5111 lidei
3204 5058 3468 5126 praedica-

1892 5151 1967 5201 tio
1992 5148 2091 5211 (ei.

1972 5240 2049 5292 De
2108 5240 2324 5295 violatis
2384 5239 2643 5296 Ecclesia:
2707 5238 3083 5294 sacerdotibus
3146 5235 3468 5306 gravissime

1888 5329 2245 5397 conqueritur
2269 5329 2604 5384 Athanasius
2628 5328 2695 5399 (f)
2727 5346 2740 5382 :
2771 5338 3045 5395 tantaeque
3066 5335 3342 5379 auctorem
3375 5335 3468 5375 ca-

1891 5418 2150 5473 lamitatis
2177 5419 2327 5473 Sauli
2355 5427 2411 5473 et
2427 5418 2675 5482 Achabo,
2709 5416 2978 5471 Pharaoni
3020 5411 3339 5477 czeterisque
3361 5407 3468 5460 htt-

1885 5508 2120 5578 jusmodi
2151 5512 2398 5581 tyrannis
2424 5500 2727 5577 comparat.
2776 5508 2888 5561 ltno
2923 5503 3204 5558 Achabum
3235 5500 3287 5552 in
3315 5513 3379 5551 ea
3410 5510 3469 5550 re

1892 5600 2211 5656 Constantio
2238 5600 2671 5665 anteferendum,
2707 5600 2852 5668 quod
2886 5598 3001 5650 viso
3036 5594 3151 5647 Elia
3194 5588 3468 5661 paenitens

1960 5738 2037 5809 (tl)
2062 5738 2263 5809 Athan.
2294 5736 2425 5809 ibid.
2455 5752 2508 5789 η.
2536 5737 2623 5809 73,

1961 5799 2031 5876 (ei
2061 5808 2261 5860 Athan.
2288 5804 2508 5871 Apolog.
2542 5805 2609 5857 ad
2649 5803 2956 5876 Constant.,
2984 5816 3043 5876 [ιζ
3064 5799 3163 5876 19.

2069 5877 2212 5930 Hist.
2238 5867 2425 5928 Arion.
2448 5867 2517 5927 (id
2552 5874 2859 5937 monac/tos,
2891 5888 2948 5927 tt.
2977 5869 3066 5936 67,
3095 5867 3185 5923 68.
