4038 6548
578 463 784 508 CXXXIV

1949 432 2485 493 PROLEGOMENA.

577 574 948 637 pertaesusth
984 560 1209 617 sceleris
1233 557 1527 629 aliquando
1566 556 1731 611 fuerit
1763 574 1776 611 :
1813 570 2000 612 verum
2023 555 2163 609 Con-
2193 559 2240 615 Α
2267 567 2429 609 causa
2454 550 2793 607 versabatur.
2820 548 2955 605 Cum
2989 554 3169 602 autem
3212 546 3517 602 Constantii
3547 545 3858 614 imperato-

576 651 817 709 Stantius
852 651 905 704 in
945 650 1099 706 malis
1152 648 1455 705 inferendis
1496 646 1853 713 exercitatus,
1879 645 2164 701 calamita-

580 742 728 796 tibus
772 742 1123 796 calamitates
1149 741 1459 809 adjiciebat,
1485 748 1650 809 atque
1678 738 1850 806 pulsis
1881 736 2166 808 graviores

581 848 857 889 aerumnas
904 833 1151 904 parabat.
1200 833 1467 887 ἀθάνατον
1509 831 1679 886 κακὸν
1721 820 2041 900 γιγνόμενος
2082 827 2165 890 εἰς

583 923 800 989 αότοὺς,
846 925 922 979 ait
946 926 1279 981 Athanasius
1310 923 1681 995 (a),_alludens
1718 924 1785 978 ad
1802 922 2017 977 llomeri
2050 936 2169 976 car-

590 1030 715 1069 men
745 1015 811 1070 de
846 1015 1026 1086 Scylla
1053 1032 1069 1070 :

614 1104 686 1164 Ἦ
711 1107 778 1161 δέ
816 1125 904 1163 τοι
929 1110 1000 1163 οὐ
1031 1108 1240 1177 θνητὴ,
1274 1110 1412 1163 ἀλλ’
1451 1107 1754 1163 ἀθάνατον
1785 1107 1976 1160 κακόν
2003 1104 2157 1160 ἐστι.

658 1200 775 1255 Νυη
825 1203 1026 1256 mirum
1063 1211 1242 1268 autem
1271 1243 1284 1267 ,
1320 1202 1672 1272 subsequitur
1729 1200 1819 1257 ille
1850 1240 1866 1267 ,
1911 1199 1957 1255 s't
2006 1199 2080 1253 ita
2117 1197 2169 1252 in

590 1295 873 1364 episcopos
917 1295 1263 1365 sawiat,qui
1296 1309 1362 1349 ne
1394 1294 1643 1366 cognatis
1674 1293 1891 1363 quidem
1920 1291 2035 1347 suis
2072 1303 2170 1358 pe-

592 1387 787 1453 percit.
844 1385 1074 1441 Patruos
1112 1388 1256 1442 enim
1311 1386 1550 1450 occidit,
1585 1384 1863 1456 patrueles
1908 1381 2173 1447 sustulit,

592 1491 841 1532 socerum
869 1487 1238 1549 cognatosque
1279 1479 1412 1533 nihil
1445 1478 1740 1533 miseratus
1769 1484 1873 1532 est.
1909 1473 2173 1531 Omnibus

590 1567 846 1637 perjttrus
874 1583 889 1621 :
922 1583 1050 1637 erga
1086 1566 1334 1636 fratrem,
1361 1570 1521 1637 cujus
1571 1567 1883 1637 sepulcrum
1925 1564 2174 1621 excitare

589 1672 651 1712 se
682 1658 936 1723 simulat,
983 1659 1181 1729 impius
1227 1669 1283 1714 et
1339 1660 1667 1715 inhumanus
1722 1677 1735 1713 :
1787 1673 1910 1711 nam
1942 1657 2176 1726 despon-

590 1763 707 1803 sam
760 1751 877 1820 ejus
928 1750 1305 1822 Olympiadem
1365 1751 1616 1806 barbaris
1688 1749 1951 1813 tradidit,
2009 1762 2175 1817 quam

590 1845 684 1899 ille
713 1846 782 1899 ad
812 1846 1019 1899 obitum
1066 1860 1238 1915 usque
1285 1844 1427 1913 apud
1457 1859 1516 1900 se
1562 1842 1841 1908 servavit,
1879 1841 2167 1896 educavit-

590 1952 698 2008 que
744 1936 899 2007 quasi
948 1936 1223 2006 propriam
1277 1934 1380 1990 sibi
1427 1949 1674 1989 uxorem.
1718 1933 1851 1988 Eam
1904 1932 2175 1988 Constan-

592 2032 701 2083 tius
729 2029 939 2084 scilicet
959 2028 1150 2082 Arsaci
1173 2027 1447 2083 Armeniae
1475 2026 1586 2096 regi
1620 2027 1828 2081 locavit
1856 2024 2171 2094 coniugem,

592 2134 770 2189 neque
803 2119 972 2175 multo
1004 2119 1193 2190 elapso
1235 2128 1479 2190 tempore
1504 2126 1630 2189 post
1677 2118 1999 2174 Constantis
2030 2132 2175 2172 mor-

594 2218 727 2264 tem.

663 2302 754 2355 22.
790 2300 889 2355 Pia
922 2303 1103 2372 papuli
1140 2302 1431 2357 Christiani
1462 2303 1666 2358 studia.
1716 2330 1787 2344 --
1831 2301 1980 2356 inter
2011 2301 2177 2355 innu-

592 2406 779 2447 meras
817 2393 1122 2447 istiusmodi
1158 2393 1519 2458 calamitates,
1558 2392 1807 2459 verbera,
1829 2391 2045 2457 exsilia,
2072 2406 2178 2446 cae-

594 2486 713 2549 des,
754 2483 1030 2539 eminebat
1060 2484 1354 2541 Christiani
1394 2485 1575 2556 populi
1606 2484 1865 2540 alacritas
1920 2484 1984 2539 ad
2034 2500 2181 2539 mar-

595 2576 797 2646 tyrium
851 2576 1193 2630 subeundum
1222 2577 1320 2645 (b),
1349 2576 1699 2647 graviorique
1726 2576 1781 2631 in
1815 2576 2038 2647 impiam
2069 2577 2179 2631 bte-

592 2666 765 2723 resim
811 2665 937 2720 odio
979 2667 1392 2738 conﬂagrabant
1444 2666 1741 2724 Catholici.
1790 2666 1932 2723 Hinc
1958 2668 2136 2723 luctus
2163 2705 2178 2733 ,

597 2755 885 2826 lacrymat,
914 2756 1167 2825 gemitus,
1204 2756 1474 2813 universis
1508 2773 1617 2814 uno
1647 2773 1744 2815 ore
1775 2758 1842 2813 ad
1894 2758 2179 2814 DOminum

596 2847 959 2903 clamantibus
992 2866 1006 2902 :
1043 2847 1229 2915 Parce,
1255 2848 1498 2914 Domine,
1522 2850 1716 2921 populo
1749 2861 1865 2916 tuo,
1904 2862 1948 2904 et
1997 2866 2060 2904 ne
2081 2850 2173 2903 des

602 2939 961 2993 hatreditatem
993 2949 1141 2994 tuam
1176 2940 1230 2994 in
1270 2941 1609 3011 opprobrium
1652 2942 1879 2995 inimicis
1912 2941 2015 2994 tnis
2041 2957 2059 2994 :
2090 2941 2183 2995 sed

602 3030 793 3097 [estina
819 3040 873 3082 ut
901 3030 1095 3099 eripias
1136 3048 1229 3085 nos
1266 3032 1331 3085 de
1374 3048 1535 3085 manu
1567 3034 1889 3101 iniquorum.
1924 3031 2069 3085 Nam
2094 3032 2181 3101 [a-

600 3120 758 3173 nsulis
776 3137 892 3174 ecce
922 3122 1027 3176 tuis
1049 3138 1153 3178 non
1172 3133 1530 3192 pepercerunt,
1550 3125 1640 3177 sed
1667 3126 1804 3177 viam
1823 3126 2182 3194 pra’muniunt

598 3210 950 3266 Antichristo.

669 3302 763 3356 25.
808 3302 1099 3371 nyriuchi
1135 3303 1274 3363 laus.
1326 3335 1396 3346 —-
1436 3304 1621 3360 Sensit
1649 3315 1840 3362 sancta
1878 3306 2181 3379 Oxyrincbi

600 3392 794 3446 civitas
839 3392 1221 3449 hsereticorum
1252 3397 1513 3453 furorem.
1544 3398 1671 3451 Erat
1700 3413 1764 3453 ea
1801 3401 1936 3454 urbs
1962 3414 2181 3469 peram-

599 3480 687 3550 pla
722 3489 776 3533 et
800 3482 1216 3550 p0pulosissima
1240 3523 1255 3548 ,
1302 3486 1355 3540 in
1398 3500 1504 3555 qua
1548 3496 1660 3541 tum
1690 3502 1799 3542 uno
1827 3497 2073 3559 tempore
2101 3491 2185 3545 vi-

602 3571 737 3640 ginti
773 3571 944 3625 millia
974 3571 1281 3642 virginum,
1317 3583 1371 3629 et
1399 3576 1650 3630 monachi
1688 3578 1755 3631 ad
1789 3578 1977 3633 decem
2012 3580 2182 3635 millia

602 3662 873 3732 degebant
903 3663 997 3734 (c).
1030 3664 1181 3733 Ejus,
1214 3666 1291 3720 uti
1328 3667 1584 3733 diximus,
1620 3669 1909 3740 episcopus
1934 3672 2184 3730 Theodo-

602 3769 721 3820 rus,
752 3769 874 3810 cum
907 3757 973 3809 ad
1023 3756 1259 3811 Arianas
1309 3768 1488 3828 partes
1512 3761 1855 3831 descivisset,
1896 3764 2074 3821 denuo
2100 3781 2182 3821 or-

582 3846 825 3909 ,dinattts
853 3847 1152 3919 a‘Georgio
1184 3849 1303 3904 fuit.
1332 3850 1505 3918 Quam
1548 3868 1660 3907 rem
1692 3855 1912 3927 indigne
1941 3857 2183 3916 ferentes

603 3935 816 4005 populi,
863 3939 933 3992 ab
962 3937 1079 4008 ejus
1119 3942 1500 4015 communione
1532 3959 1898 4014 recesserunt,
1923 3950 2182 4019 quemad-

604 4024 823 4079 modum
869 4034 925 4080 et
978 4026 1267 4094 monachi;
1325 4043 1557 4098 quorum
1620 4041 1731 4085 tum
1788 4035 2185 4104 antesignanus

605 4123 727 4169 erat
754 4115 953 4172 Paulus
977 4118 1197 4186 quidam
1217 4158 1233 4183 ,
1260 4120 1344 4173 vir
1373 4122 1666 4178 sanctitate
1694 4126 2040 4196 conspicuus.
2080 4129 2182 4183 Ec-

606 4203 826 4258 clesiam
858 4219 989 4261 vero
1018 4209 1210 4264 deinde
1264 4211 1586 4281 interposito
1634 4216 1870 4284 quodam
1924 4220 2183 4289 temporis

605 4295 785 4363 spatio
834 4297 1092 4364 regebant
1124 4300 1429 4371 presbyteri
1473 4312 1527 4357 et
1558 4303 1796 4360 diaconi.
1825 4305 1881 4361 Si
1916 4306 2183 4363 Faustino

604 4396 659 4441 et
700 4386 1013 4444 Marcellino
1043 4391 1114 4445 sit
1148 4391 1300 4456 lides,
1337 4392 1389 4446 in
1420 4392 1695 4450 Theodori
1733 4397 1912 4452 locum
1951 4412 2183 4470 coopta'

607 4487 691 4534 tus
717 4489 802 4535 est
847 4479 1178 4547 Heraclides,
1203 4486 1294 4552 qui
1322 4496 1505 4553 postea
1538 4489 1605 4541 ad
1634 4489 2011 4547 Luciferianos
2039 4493 2184 4548 dele-

2268 644 2348 700 ris
2394 644 2633 699 animum
2668 656 2773 697 non
2804 642 2977 710 probe
3026 647 3374 709 perspectum
3419 638 3675 703 haberet,
3705 648 3858 692 ratus

2268 737 2615 808 imprudente
2653 736 2748 791 illo
2775 742 2928 789 tanta
2977 733 3191 788 admitti
3237 733 3505 797 facinora,
3538 734 3856 789 orationem

2269 832 2324 888 in
2358 831 2474 902 ejus
2507 839 2801 898 conspectu
2854 826 2920 880 ad
2970 824 3331 895 propulsanda
3364 825 3604 880 crimina
3641 825 3858 880 haben-

2269 924 2396 979 dam
2423 922 2745 977 adornabat.
2785 920 2851 974 Et
2876 919 3053 990 primo
3078 919 3297 988 quidem
3322 918 3412 972 ille
3435 917 3860 987 imperatorem,

2270 1020 2457 1082 utpote
2485 1011 2858 1067 Christianum
2900 1025 2964 1065 ac
3002 1009 3339 1079 religiosum,
3390 1022 3513 1063 cum
3550 1007 3757 1063 ﬁducia
3793 1021 3859 1062 se

2273 1105 2423 1160 adire
2446 1102 2809 1175 signiﬁcabat.
2853 1102 3162 1170 Statimque
3202 1116 3231 1154 a
3262 1100 3534 1170 principio
3564 1111 3633 1153 ex
3675 1098 3866 1152 visce-

2271 1199 2425 1255 ribus
2469 1212 2647 1253 causae
2684 1178 2880 1261 orsus,
2923 1196 3131 1266 grande
3173 1208 3232 1249 se
3268 1193 3344 1247 ait
3372 1193 3568 1247 atl'erre
3605 1192 3661 1246 in
3699 1206 3867 1263 syco-

2271 1292 2506 1361 phantas
2551 1298 2956 1358 argumentum,
2983 1288 3109 1358 quia
3138 1286 3349 1341 scilicet
3373 1283 3639 1339 Ursacius
3672 1294 3728 1337 et
3762 1281 3870 1336 Va-

2275 1381 2414 1448 lens,
2438 1382 2529 1452 qui
2554 1397 2583 1436 a
2603 1380 2788 1434 multis
2811 1389 2959 1434 retro
2982 1378 3145 1433 annis
3162 1377 3284 1432 (icta
3318 1376 3420 1431 sibi
3445 1375 3681 1430 crimina
3710 1373 3873 1428 obtu-

2277 1476 2473 1541 lerant,
2490 1474 2729 1530 libellum
2754 1484 2942 1543 postea
2969 1471 3302 1542 paenitentiae
3331 1470 3637 1534 dedissent,
3660 1483 3771 1535 quo
3806 1481 3871 1519 se

2275 1567 2535 1622 mentitos
2562 1580 2685 1623 esse
2727 1576 2781 1622 et
2809 1566 3112 1622 calumnias
3156 1563 3453 1636 protulisse
3495 1570 3693 1633 aperte
3717 1560 3870 1614 fate-

2278 1669 2486 1718 rentur.
2510 1659 2758 1733 Magnam
2789 1660 3096 1732 hnjusmodi
3126 1666 3452 1731 argumento
3482 1656 3873 1711 accessionem

2278 1766 2416 1819 esse,
2439 1753 2593 1823 quod
2635 1768 2695 1808 se
2742 1754 2989 1818 absente,
3019 1752 3287 1807 arbitratu
3325 1766 3426 1806 suo
3453 1750 3556 1820 ipsi
3583 1764 3699 1803 rem
3742 1763 3876 1818 ges-

2280 1846 2512 1913 sissent;
2553 1845 2854 1914 cujusmodi
2886 1855 3009 1900 acta
3042 1860 3149 1901 non
3165 1844 3349 1899 valere
3371 1842 3578 1898 nemini
3614 1856 3877 1910 comper-

2278 1948 2390 1994 tunt
2434 1953 2540 1992 non
2580 1947 2747 1994 esset.
2771 1938 2850 1991 Ex
2882 1938 3033 1993 hisce
3073 1937 3251 2007 palam
3286 1950 3408 1991 esse
3445 1933 3650 1989 nullam
3702 1933 3875 1988 ﬁdem

2278 2030 2627 2086 mendacibus
2668 2029 2993 2093 habendam,
3022 2028 3067 2084 si
3104 2042 3243 2099 quas
3271 2036 3391 2098 post
3430 2027 3546 2081 haec
3584 2026 3832 2082 crimina
3860 2055 3872 2065 -

2279 2120 2454 2175 tiones
2486 2118 2765 2173 oll'errent.
2804 2117 2870 2171 Et
2896 2117 3071 2187 primo
3102 2118 3319 2188 quidem
3355 2114 3497 2185 quod
3523 2114 3875 2185 jactitabatzt

2277 2211 2375 2277 illi,
2404 2210 2759 2266 Athanasium
2798 2209 3081 2264 Constanti
3138 2212 3380 2277 Augusto
3413 2210 3466 2262 in
3498 2206 3701 2260 malam
3740 2223 3880 2275 par-

2280 2309 2387 2356 tem
2432 2302 2499 2357 de
2529 2300 2849 2357 Constantio
2888 2299 3058 2354 fratre
3108 2300 3269 2356 verba
3298 2299 3525 2363 fecisse,
3568 2298 3622 2353 id
3665 2300 3878 2353 nedum

2279 2394 2574 2450 verisimile
2623 2402 2793 2457 esset,
2834 2407 2901 2447 ne
2932 2393 3045 2447 fieri
3077 2393 3299 2463 quidem
3332 2391 3603 2462 potuisse,
3646 2392 3883 2459 quando

2280 2501 2556 2557 nunquam
2585 2485 2674 2540 ille
2702 2485 3058 2541 Constantem
3093 2484 3267 2540 solum
3298 2483 3447 2538 solus
3480 2489 3627 2537 esset
3654 2480 3881 2537 allocu-

2282 2586 2391 2643 tus,
2430 2579 2525 2633 sed
2584 2591 2798 2647 semper
2841 2576 3132 2631 comitibus
3174 2574 3499 2647 permultis,
3560 2574 3653 2643 qui
3705 2584 3885 2642 gestae

2279 2669 2361 2723 rei
2394 2668 2767 2725 testimonium
2798 2668 2941 2723 ferre
2967 2677 3208 2740 possent.
3261 2666 3436 2737 Rogat
3475 2676 3534 2719 ut
3580 2680 3650 2720 ne
3682 2667 3879 2734 patia-

2282 2768 2370 2815 tur
2403 2760 2563 2816 istam
2614 2772 2837 2814 manere
2885 2759 3273 2829 suspicionem,
3323 2758 3421 2813 sed
3464 2758 3879 2813 reminiscatur

2293 2853 2531 2922 seipsum
2560 2852 2864 2923 Augustum
2896 2850 3272 2906 Constantium
3318 2857 3401 2904 ter
3430 2851 3784 2916 convenisse,
3812 2865 3887 2905 ac

2282 2944 2425 2999 inter
2453 2940 2844 3011 alloquendum
2878 2954 2945 2995 ne
2976 2940 3203 2995 verbum
3236 2939 3456 3008 quidem
3500 2937 3706 2994 fecisse
3739 2954 3889 2994 con-

2285 3042 2368 3088 tra
2397 3032 2688 3087 Eusebium
2724 3039 2780 3085 et
2808 3031 2990 3086 socios
3020 3037 3297 3084 tantarum
3335 3028 3439 3083 sibi
3484 3030 3886 3087 calamitatum

2285 3133 2561 3180 auctores.
2587 3122 2739 3189 Quod
2768 3122 2813 3177 si
2841 3137 2910 3177 ne
2942 3122 3064 3177 illos
3080 3122 3295 3191 quidem
3321 3124 3694 3188 accusaverit,
3732 3138 3889 3193 quos

2207 3231 2255 3295 c
2285 3213 2612 3268 criminandi
2641 3226 2805 3267 causa
2842 3211 3049 3279 aderat,
3077 3225 3179 3280 qua
3215 3211 3409 3265 ductus
3449 3211 3668 3266 insania
3697 3213 3889 3283 impc-

2287 3312 2526 3356 ratorem
2563 3302 2703 3371 apud
2731 3301 3120 3371 imperatorem
3154 3311 3487 3381 accusasset,
3521 3300 3886 3373 fratremque

2284 3392 2624 3447 concitasset
2659 3391 2712 3445 in
2745 3389 2971 3446 fratrem
3002 3390 3025 3444 ?
3051 3390 3225 3445 Aliam
3264 3390 3465 3444 exinde
3515 3392 3889 3447 adversario-

2286 3497 2405 3536 rum
2428 3480 2757 3536 calumniam
2780 3479 3050 3550 depellere
3071 3479 3408 3548 aggreditur.
3438 3478 3679 3533 Aiebant
3723 3482 3891 3534 enim

2285 3588 2412 3627 eum
2452 3572 2664 3628 litteras
2723 3573 2914 3644 gratiae
2958 3570 3316 3628 conciliandae
3357 3585 3523 3626 causa
3551 3572 3776 3627 misisse
3813 3575 3892 3628 a-I

2284 3663 2674 3734 Magnentium,
2700 3663 2856 3731 cujus
2882 3661 3166 3732 exemplar
3198 3662 3250 3714 in
3286 3676 3414 3715 suas
3453 3660 3727 3716 incidisse
3757 3678 3895 3717 Illa-

2284 3768 2387 3808 nus
2416 3754 2764 3824 jactitabant.
2798 3753 2978 3809 Gemit
3008 3753 3227 3824 quidem
3259 3752 3595 3806 Athanasius
3626 3752 3737 3807 sibi
3766 3763 3894 3807 tant

2284 3846 2494 3900 atrocis
2541 3846 2620 3900 rei
2669 3844 2755 3900 vel
2793 3844 3162 3914 suspicionem
3208 3842 3377 3897 fuisse
3418 3843 3704 3913 injectam,
3752 3859 3894 3899 cum

2284 3936 2506 4007 ignotus
2540 3936 2700 4006 plane
2730 3936 2833 3991 sibi
2865 3935 3030 3989 fuerit
3060 3935 3331 4004 parricida
3372 3933 3750 4005 Magnentius,
3782 3939 3893 4007 qui

2284 4031 2566 4086 Constanti
2622 4028 2725 4085 sibi
2790 4037 3021 4098 patrono
3064 4026 3300 4096 aliisque
3357 4025 3649 4095 permultis
3693 4027 3766 4082 de
3827 4044 3899 4085 se

2284 4124 2423 4180 bene
2465 4123 2675 4178 meritis
2706 4135 2895 4177 necem
2927 4120 3201 4175 intulerit.
3238 4119 3353 4173 Sibi
3385 4119 3619 4173 multum
3655 4120 3727 4175 ab
3768 4122 3856 4176 hu
3877 4151 3894 4164 -

2279 4215 2518 4286 jusmodi
2581 4215 2698 4267 viro
2765 4212 3068 4267 amicorum
3128 4210 3446 4265 Constantis
3510 4211 3899 4271 interfectore

2285 4305 2774 4376 pertimescendum
2824 4304 3015 4367 fuisse,
3065 4317 3188 4358 cum
3243 4303 3444 4358 nemini
3490 4304 3608 4371 ipse
3658 4307 3768 4360 hac
3833 4308 3896 4362 in

2285 4408 2438 4470 parte
2466 4398 2734 4453 secundus
2764 4404 2931 4451 esset.
2960 4396 3097 4450 Aliis
3128 4410 3259 4450 vero
3307 4395 3593 4464 permultis
3644 4398 3719 4452 ad
3751 4413 3897 4454 eam

2288 4491 2574 4545 levandam
2601 4489 2969 4559 suspicionem
3007 4488 3211 4551 allatis,
3242 4488 3310 4541 ad
3341 4488 3562 4541 tertiam
3606 4490 3899 4546 crimina-

604 4570 699 4624 cit.
739 4568 869 4623 Erat
904 4571 1055 4640 item,
1088 4585 1146 4628 ut
1178 4574 1232 4628 in
1262 4574 1381 4629 aliis
1409 4580 1691 4645 permultis
1717 4579 1943 4652 Egypti
1984 4584 2181 4640 Eccle-
2216 4570 2259 4627 Ι)
2289 4582 2491 4636 tionem
2537 4578 2909 4649 progreditur.
2961 4577 3017 4632 in
3060 4578 3270 4633 crimen
3315 4577 3518 4646 quippe
3552 4579 3898 4649 vertebant,

604 4660 725 4725 siis,
775 4662 1061 4732 episcopus
1087 4664 1305 4735 quidam
1361 4667 1661 4737 Oxyt-iuchi
1700 4670 2047 4737 Meletianus,
2080 4688 2180 4729 no-

604 4749 751 4803 mine
778 4749 1137 4819 Apollonius,
1188 4754 1280 4821 qui
1330 4754 1666 4810 Seleuciensi
1718 4768 1909 4827 postea
1969 4760 2179 4829 synodo

605 4838 871 4892 interfuit.
898 4838 974 4893 ita
1008 4852 1119 4896 tres
1151 4844 1204 4895 itt
1238 4851 1420 4910 partes
1451 4844 1713 4901 distracta
1748 4857 1861 4902 tum
1890 4860 2009 4903 erat
2041 4850 2181 4904 civi-

607 4939 709 4981 tas.
742 4924 969 4981 Tantam
1004 4930 1209 4983 scilicet
1249 4931 1628 4987 haereticorum
1659 4935 1811 4991 furor
1842 4938 2180 4992 Constantii—

604 5032 712 5086 que
733 5018 925 5073 levitas
953 5021 1261 5090 reipublicae
1284 5021 1605 5079 Christiana:
1635 5026 1935 5084 intulerant
1964 5039 2177 5098 pertur-

600 5108 881 5165 bationem
911 5120 1073 5178 atque
1113 5113 1431 5180 perniciem.

673 5198 763 5253 24.
808 5202 1131 5257 Athanasius
1177 5206 1485 5276 Apologiam
1516 5212 1583 5264 ad
1622 5210 1995 5267 Constantium
2041 5217 2175 5271 edit.

604 5292 672 5350 Ut
707 5294 1072 5353 Constantium
1101 5300 1254 5355 adeat
1300 5303 1400 5357 iter
1440 5306 1755 5373 ingreditur.
1799 5304 2072 5376 Remigrat
2121 5309 2178 5362 in

600 5388 961 5444 solitudinem.
991 5422 1060 5431 —
1090 5392 1235 5448 Inter
1262 5396 1373 5450 [nec
1407 5396 1743 5453 Athanasius
1772 5396 1826 5451 in
1856 5399 2177 5454 secretiori-

599 5481 701 5535 bus
726 5488 894 5535 eremi
922 5482 1054 5538 locis
1077 5500 1173 5553 per
1194 5501 1403 5541 summa
1431 5490 1677 5557 corporis
1706 5489 2055 5546 incommoda
2081 5494 2179 5547 de-

600 5571 881 5627 litescebat
909 5614 925 5638 ,
973 5590 1035 5629 ac
1075 5591 1197 5629 cum
1240 5577 1407 5644 feris,
1465 5589 1523 5632 ut
1556 5580 1668 5647 ipse
1698 5581 1776 5634 ait
1807 5582 1909 5652 (ά),
1968 5582 2176 5641 latendi

676 5772 751 5846 (ᾳ)
784 5772 923 5846 Hist.
954 5777 1141 5829 Arion.
1170 5778 1237 5830 ad
1272 5780 1575 5846 monachos,
1609 5794 1662 5835 tt.
1695 5780 1804 5839 68..

674 5842 744 5911 (ὁ)
777 5842 975 5900 Athan.
1007 5847 1162 5911 ibid.,
1197 5863 1250 5899 η.
1291 5848 1377 5903 79.

2288 4676 2433 4746 quod
2460 4675 2512 4729 in
2546 4688 2741 4742 magna
2774 4670 3033 4736 ecclesia,
3063 4670 3305 4724 nondum
3322 4667 3576 4723 absoluto
3608 4670 3899 4737 aedilicio,

2288 4782 2391 4822 nec
2419 4773 2737 4835 exspectato
2772 4763 3077 4819 Constantii
3103 4762 3279 4832 jussu,
3304 4760 3532 4831 synaxin
3564 4760 3901 4819 habuisset.

2288 4858 2383 4913 ille
2430 4872 2558 4913 vero
2600 4872 2705 4910 non
2753 4865 2913 4925 negat
2954 4853 3172 4922 quidem
3214 4852 3443 4917 factum,
3480 4867 3675 4908 verum
3710 4855 3798 4909 ait
3831 4872 3906 4911 se

2291 4963 2398 5003 non
2455 4947 2855 5002 dedicationem
2907 4944 3155 4999 ecclesiae
3199 4944 3531 5009 celebrasse,
3586 4946 3739 5015 quod
3797 4947 3904 5003 in-

2285 5039 2439 5108 jussu
2469 5038 2776 5093 Constantii
2809 5037 2963 5091 nefas
3000 5036 3216 5103 fuisset,
3269 5041 3363 5092 sed
3392 5050 3516 5091 cum
3559 5038 3633 5092 ob
3681 5039 3905 5109 ingen—

2290 5140 2396 5185 tem
2432 5129 2610 5200 populi
2641 5130 3012 5199 frequentiam
3044 5145 3156 5185 non
3184 5138 3407 5199 possent
3436 5130 3715 5186 Catholici
3762 5148 3907 5189 om-

2289 5233 2387 5275 nes
2429 5218 2483 5273 itt
2518 5217 2642 5273 aliis
2672 5218 2922 5274 ecclesiis
2968 5219 3177 5288 absque
3224 5220 3533 5289 periculosa
3592 5237 3910 5292 compres-

2289 5311 2440 5368 sione
2488 5311 2807 5376 convenire,
2838 5311 3183 5380 rogantibus,
3230 5311 3339 5366 imo
3382 5312 3909 5371 obmurmuranti-

2280 5404 2383 5460 bus
2408 5403 2637 5473 populis,
2662 5418 2727 5458 ac
2757 5404 2812 5457 in
2842 5403 3116 5459 desertum
3143 5404 3319 5457 locum
3344 5405 3614 5472 angustiae
3640 5407 3917 5465 vitandae

2281 5508 2445 5549 causa
2497 5493 2775 5564 proﬁcisci
2836 5494 3185 5563 parantibus,
3220 5496 3566 5563 compulsum
3608 5512 3673 5553 se
3702 5498 3919 5557 fuisse

2281 5598 2468 5642 eorum
2501 5585 2709 5657 optatui
2740 5599 2933 5654 gerere
2965 5600 3198 5653 morem,
3240 5597 3403 5655 atque
3450 5587 3505 5643 in
3540 5590 3796 5646 ecclesia
3844 5595 3917 5649 in

2380 5785 2428 5853 c)
2453 5785 2750 5842 Marcellin.
2779 5795 2833 5841 et
2864 5786 3110 5841 Faustin.
3152 5787 3206 5843 in
3240 5786 3472 5843 Libella.

2378 5857 2435 5927 ά)
2458 5856 2612 5925 Apol.
2644 5856 2713 5911 ad
2745 5857 3139 5912 Constantium.
