4038 6554
1498 492 1658 547 Vl'l‘A
1695 494 1753 548 s.
1795 491 2190 548 ATllANASlI.
3293 520 3471 562 mu.

171 606 384 661 Caesareo
423 605 602 661 dicta
645 618 1013 665 conventum
1040 606 1260 671 habere.
1292 622 1456 677 quam
1505 623 1619 662 rem
1647 619 1700 664 et
1728 623 1792 662 ex
1826 616 1870 670 Α
1900 619 2117 678 paterna
2148 610 2288 663 bona
2327 609 2378 663 in
2417 623 2526 664 rem
2566 625 2721 665 suam
2753 626 3092 670 converteret
3123 613 3220 689 (t2).
3251 622 3328 675 Ad
3357 625 3470 678 tunc

176 698 366 753 aliorum
405 714 552 763 usu,
605 710 673 754 et
707 717 787 756 ex
831 713 986 758 recta
1019 704 1227 758 ratione
1258 702 1460 756 licitam
1490 715 1610 756 esse
1643 715 1795 757 com-
1901 701 2099 754 nitrum
2126 701 2228 754 sibi
2249 714 2463 756 omnem
2516 703 2784 769 attribuit,
2806 704 2955 773 cujus
2983 724 3176 780 magna
3209 712 3288 766 vis
3313 726 3470 783 quot-

179 799 437 844 onstrat.
477 791 796 857 Quartam
858 796 1058 850 exinde
1100 795 1540 850 criminationem
1577 803 1633 846 ut
1667 809 1798 863 pro-
1898 790 2054 843 annis
2093 790 2445 856 colligebatur
2515 792 2580 846 ad
2641 792 3119 862 lacum-Mariam,
3165 811 3327 868 atque
3362 821 3466 858 una

183 882 322 951 pulset
351 883 778 950 Athanasius,
805 901 920 956 qua
966 887 1366 940 mentiebantur
1393 903 1514 940 eum
1561 887 1789 954 impera-

1897 881 2085 950 papyri
2127 881 2436 950 calamique
2485 882 2735 952 paludes,
2792 900 3003 942 necnon
3054 891 3310 948 salinaria
3357 907 3470 950 sta-

187 974 286 1040 tori,
314 973 541 1042 iubenti
595 984 666 1031 ut
721 994 792 1033 se
829 981 1039 1040 adiret,
1075 995 1178 1033 non
1223 979 1630 1046 obtemperasse
1658 993 1670 1030 :
1699 991 1789 1029 ne-

1898 984 2020 1040 gna.
2054 970 2167 1025 lmo
2204 981 2309 1026 tam
2342 975 2559 1029 sordida
2591 977 2819 1030 avaritia
2854 979 3156 1048 laborabat,
3205 994 3262 1039 ut
3292 1001 3466 1055 quan-

193 1075 259 1134 gat
280 1064 481 1120 litteris
525 1067 964 1123 Constantium
999 1071 1111 1124 suis
1142 1070 1444 1124 Athanasio
1478 1068 1706 1138 iussisse
1737 1077 1794 1121 ut

197 1158 597 1222 seconveniret,
631 1161 741 1214 sed
766 1162 935 1229 quasi
977 1173 1222 1233 rogatum
1249 1163 1590 1216 concessisse
1622 1160 1794 1214 facul-

203 1255 330 1299 tatem
353 1260 409 1300 se
430 1247 720 1313 adeundi,
752 1265 930 1318 quam
953 1259 1126 1305 tamen
1153 1254 1266 1320 ipse
1294 1266 1570 1320 nunquatn
1608 1261 1793 1320 postu-

209 1335 345 1391 lasset
375 1352 390 1401 ;
417 1337 685 1406 hincque
713 1339 907 1408 palam
932 1356 1051 1395 esse
1081 1356 1172 1394 eas
1200 1341 1408 1395 litteras
1437 1357 1501 1396 cx
1535 1343 1794 1395 adversa-

210 1430 377 1479 riorum
419 1442 664 1482 suorum
723 1430 1145 1498 conspiratione
1179 1430 1348 1484 fuisse
1375 1431 1549 1486 datas.
1589 1429 1794 1484 Deinde

212 1533 314 1573 vero
356 1529 561 1573 caetera
631 1531 881 1577 sanctus
941 1523 1134 1591 praesul
1166 1523 1514 1590 prosequitur
1547 1537 1665 1590 qum
1695 1535 1793 1575 nos

217 1611 432 1678 superius
459 1613 901 1668 enarravirnus.
937 1613 1050 1668 Hac
1083 1623 1353 1683 postrema
1389 1613 1666 1668 confutata
1692 1613 1794 1667 cri-

221 1704 484 1759 minatione
541 1707 879 1776 apologiatn
930 1706 1200 1761 clauserat
1248 1706 1602 1772 Athanasius,
1649 1707 1794 1777 ejus-

225 1814 304 1866 que
350 1815 529 1853 coram
581 1799 943 1867 imperatore
987 1798 1283 1852 recitandae
1336 1798 1510 1868 gratia
1555 1801 1620 1853 ad
1669 1814 1792 1853 eum

222 1891 534 1958 properabat.
579 1890 657 1942 At
689 1891 806 1942 iter
835 1888 1137 1957 ingressus,
1186 1903 1402 1943 rumore
1449 1889 1590 1959 vulgi
1621 1889 1792 1944 edidi-

1900 1061 2099 1115 tumvis
2129 1061 2410 1117 vilissimae
2455 1079 2542 1119 res
2594 1076 2774 1122 essent
2821 1069 2920 1140 ipsi
2984 1075 3214 1140 qinestui
3265 1091 3470 1146 oppor-

1900 1161 2062 1206 tunae.
2114 1152 2265 1206 Nulla
2328 1157 2624 1224 turpitudo,
2679 1159 2822 1214 nulla
2879 1161 3103 1217 infamia
3159 1165 3319 1235 hujus
3370 1185 3467 1222 una

1897 1259 2056 1312 quam
2101 1244 2453 1314 cupiditatem
2510 1251 2843 1305 retardabat.
2882 1253 3015 1308 Nam
3063 1256 3206 1310 inter
3242 1268 3462 1325 caetera,

1897 1336 2213 1391 lecticarum
2257 1338 2325 1391 ad
2367 1337 2634 1394 efferenda
2682 1353 3020 1399 mortuorum
3073 1362 3304 1417 corpora
3341 1365 3465 1405 cer—

1898 1437 2010 1483 tum
2035 1429 2332 1498 inumerum
2387 1432 2684 1500 assignavit
2728 1451 2742 1499 ;
2791 1451 2890 1490 nec
2943 1438 3216 1507 cuiquam,
3267 1453 3466 1510 prmter

1895 1533 2011 1588 eos,
2046 1536 2180 1589 quos
2215 1522 2327 1591 ipse
2361 1524 2754 1589 constituisset,
2801 1538 3160 1596 mortuorum,
3197 1536 3461 1590 maxime-

1894 1625 2001 1681 que
2061 1615 2488 1683 peregrinorum.
2528 1631 2753 1685 corpora
2808 1619 2998 1673 efl’erre
3060 1623 3265 1677 licitum
3321 1637 3459 1682 erat.

1895 1700 2046 1766 Quod
2082 1717 2185 1756 non
2223 1702 2309 1756 ille
2344 1704 2731 1774 hospitalitatis
2767 1722 2972 1774 amore,
3008 1713 3100 1764 sed
3134 1713 3266 1768 lucri
3294 1731 3458 1783 pecu-

1896 1793 2107 1862 niaeque
2137 1809 2298 1848 causa
2343 1796 2595 1850 faciebat.
2628 1796 2796 1851 Nemo
2822 1799 3036 1868 impune
3065 1810 3122 1854 et
3156 1803 3290 1856 citra
3325 1805 3462 1872 peri-

1896 1885 2076 1939 culum
2111 1901 2306 1954 corpus
2337 1887 2616 1953 humabat,
2653 1889 2777 1958 quia
2807 1905 2869 1944 ex
2907 1892 3133 1960 singulis
3181 1897 3464 1951 cadaveri-

220 1982 274 2034 cit
297 1996 420 2050 quas
447 1981 533 2035 sui
565 1995 748 2035 causa
783 1981 1107 2035 Occidentis
1136 1981 1404 2050 episcopis
1435 1980 1789 2035 Constantius
1824 1952 1864 2005 Β
1894 1977 1993 2030 bus
2025 1978 2267 2031 nonnihil
2303 1979 2402 2046 ipsi
2431 1989 2665 2048 quaestus
2704 1981 3096 2052 obveniretuSi
3125 1986 3248 2054 quis
3281 1997 3460 2041 autem

218 2072 455 2127 intulisset
507 2072 906 2127 calamitates.
959 2071 1077 2137 Quo
1108 2083 1404 2142 comperto,
1448 2088 1570 2128 cum
1605 2074 1790 2127 obstu-

218 2175 430 2234 pesceret
477 2165 840 2220 Athanasius
901 2180 968 2219 ac
1037 2179 1218 2218 secum
1269 2165 1570 2230 haesitaret,
1621 2165 1787 2218 altera

217 2272 323 2311 ecce
358 2257 502 2311 fama
540 2266 820 2328 vagatur,
865 2257 1126 2312 ecclesias
1174 2256 1395 2326 Egypli
1433 2256 1652 2310 Arianis
1687 2266 1792 2309 tra-

219 2351 361 2417 ditas,
409 2349 712 2420 episcopos
759 2349 974 2418 pulsos,
1017 2350 1160 2403 viros
1212 2348 1575 2412 Christianos,
1629 2349 1791 2417 virgi-

217 2455 399 2509 nesque
427 2441 492 2493 ad
523 2455 727 2495 necem
764 2440 1103 2504 lancinatos,
1127 2439 1380 2493 ethnicos
1415 2439 1468 2491 in
1507 2439 1792 2508 episcOpo-

219 2545 320 2583 rum
367 2531 523 2585 sedes
573 2531 830 2585 intrusos
873 2530 1064 2586 fuisse.
1104 2530 1226 2586 Haec
1259 2532 1510 2600 quamvis
1557 2533 1793 2601 accepis-

214 2631 286 2675 set
323 2621 682 2685 Athanasius,
722 2623 998 2692 pergebat
1033 2632 1211 2676 tamen
1262 2623 1328 2675 ad
1380 2623 1787 2691 imperatorem,

213 2723 344 2767 ratus
376 2714 741 2784 imprudente
794 2713 894 2767 illo
949 2713 1050 2766 ista
1099 2713 1282 2782 peragi
1331 2730 1344 2777 ;
1385 2728 1507 2766 cum
1567 2713 1788 2767 tertium

208 2819 327 2858 ecce
355 2806 608 2858 nuntium
646 2804 881 2873 accipit,
921 2803 1203 2871 epistolam
1242 2819 1269 2857 a
1295 2804 1612 2860 Constantio
1659 2806 1790 2859 mis-

205 2910 310 2947 sam
363 2895 766 2949 Alexandrinis
821 2894 1016 2959 fuisse,
1066 2909 1168 2963 qua
1210 2894 1566 2950 Athanasium
1619 2896 1792 2952 scele-

204 2997 362 3052 stum,
388 2987 697 3052 nefarium,
718 2987 869 3040 omni
893 2986 1159 3054 supplicio
1185 2988 1400 3057 dignum
1433 2988 1786 3059 significaret,

199 3077 483 3148 Georgium
534 3094 675 3134 vero
718 3079 1235 3148 praestantissimum
1297 3081 1470 3135 virum
1519 3082 1574 3135 in
1629 3083 1790 3137 rebus

199 3172 591 3226 ecclesiasticis
619 3171 1173 3226 exercitatissimum.
1211 3173 1500 3243 Epistolam
1534 3176 1662 3231 item
1696 3175 1792 3230 da-

1892 2069 1990 2123 sibi
2022 2069 2236 2139 indigna
2275 2070 2510 2125 molienti
2551 2073 2861 2138 obsisteret,
2892 2089 3012 2128 eum
3061 2079 3463 2145 quamprimum

1890 2162 1954 2213 ad
1985 2162 2354 2216 Constantium
2391 2163 2687 2228 deferebat,
2722 2164 3074 2233 professionis
3101 2184 3210 2222 sua:
3239 2170 3458 2234 oblitus,

1891 2254 1966 2306 ait
2012 2255 2330 2310 Ammianus
2366 2255 2732 2319 Marcellinus,
2786 2272 2903 2325 qua:
2938 2259 3068 2312 nihil
3107 2261 3208 2314 nisi
3257 2260 3459 2329 justum

1891 2346 2083 2401 suadet
2111 2356 2164 2400 et
2200 2347 2338 2402 lene.
2406 2347 2740 2402 Memoratur
2772 2365 2800 2404 a
2840 2349 3053 2404 Juliano
3084 2351 3341 2420 Apostata
3388 2353 3459 2422 (ε)

1890 2438 2109 2506 quidam
2156 2437 2299 2492 Zeno
2351 2440 2612 2504 medicus,
2655 2439 2872 2511 Georgii
2911 2457 3072 2510 opera
3112 2443 3162 2495 in
3203 2444 3458 2498 exsilium

1889 2529 2074 2598 pulsus
2099 2542 2115 2581 :
2143 2529 2234 2597 qui
2267 2539 2452 2597 postea
2482 2539 2790 2597 revocatus,
2827 2546 2890 2585 ac
2916 2547 3038 2585 cum
3071 2532 3277 2587 honore
3304 2535 3461 2588 resti~

1892 2629 2038 2674 tutus
2079 2621 2146 2675 ab
2202 2622 2390 2675 eodem
2431 2619 2646 2675 Juliano
2696 2620 2817 2680 fuit.
2871 2641 2890 2673 ‹
2933 2623 3000 2678 Ει
3063 2623 3205 2678 inter
3261 2638 3458 2679 caztera

1891 2710 2027 2780 (iure
2067 2710 2402 2781 Ammianus)
2433 2711 2714 2765 dicebatur
2749 2712 2802 2767 id
2833 2728 3045 2782 quoque
3095 2714 3328 2783 maligne
3352 2716 3448 2768 do-

1891 2801 2067 2857 cuisse
2093 2801 2486 2864 Constantium,
2528 2803 2669 2870 quod
2721 2804 2772 2857 in
2820 2805 2950 2858 urbe
2984 2805 3258 2871 praedicta,
3291 2805 3462 2858 aedifi-

1889 2891 1974 2946 cia
2002 2903 2192 2947 cuncta
2233 2893 2348 2947 solo
2376 2895 2726 2960 coluerentia,
2760 2909 2787 2947 a
2821 2895 3099 2950 conditore
3143 2895 3460 2950 Alexandro

1890 2989 2264 3058 magnitudine
2330 2989 2666 3057 publicarum
2720 2990 3084 3058 impensarum
3158 3001 3458 3053 exstructa,

1890 3081 2268 3136 emolumentis
2299 3082 2480 3135 aararii
2514 3081 2777 3152 proficere
2807 3084 3000 3137 debent
3029 3097 3093 3136 ex
3119 3083 3262 3151 jure.
3295 3101 3312 3133 ι
3342 3084 3458 3136 Non

1893 3173 2166 3242 cogitabat
2196 3172 2402 3226 scilicet
2437 3173 2596 3227 homo
2631 3173 2870 3241 pecunia:
2898 3186 3111 3241 semper
3153 3189 3314 3241 quam
3347 3174 3463 3228 olli-

195 3274 298 3315 tam
329 3263 396 3316 ad
431 3273 716 3333 tyrannos
740 3261 1101 3317 Auxumenos
1129 3262 1394 3318 IEzanam
1413 3275 1466 3320 et
1497 3265 1785 3330 Satanam,
1817 3285 1859 3343 ρ
1893 3264 1960 3318 eii
1987 3264 2251 3332 cupidior,
2284 3279 2442 3332 quam
2490 3263 2661 3332 turpia
2715 3263 2822 3328 illa,
2855 3279 3019 3332 qttam
3071 3265 3248 3318 aliena
3291 3279 3320 3318 a
3362 3281 3461 3335 pa-

193 3369 294 3420 qua
323 3352 562 3423 jubebat
595 3361 663 3405 ut
693 3351 1080 3407 Frumentiunt
1125 3355 1437 3410 Auxumeos
1479 3359 1788 3427 episcopum

193 3441 630 3495 transmitterem
648 3439 1123 3505 Alexandriam,ut
1143 3459 1168 3495 a
1188 3443 1414 3514 Georgio
1434 3461 1612 3501 veram
1633 3446 1789 3501 fidem

1895 3356 2057 3410 storis
2087 3370 2325 3410 munere.
2356 3355 2470 3408 Non
2489 3369 2668 3410 secum
2703 3357 2986 3424 reputabat
3017 3355 3068 3409 in
3098 3357 3316 3410 civitate
3347 3371 3463 3409 vero

1892 3450 2003 3502 sari
2045 3463 2123 3512 se,
2163 3463 2283 3516 qua:
2309 3458 2497 3515 suopte
2525 3457 2696 3514 motu,
2727 3457 2778 3502 et
2810 3449 2898 3501 ubi
2927 3463 3106 3502 causa:
3131 3463 3236 3503 non
3265 3463 3464 3517 suppe-

191 3547 488 3601 sanamque
521 3532 855 3600 religionem
894 3532 1186 3588 edisceret.
1228 3535 1320 3590 lle
1368 3537 1609 3605 profecto
1644 3540 1790 3596 litte-

190 3637 284 3686 rae,
327 3639 470 3693 quas
517 3623 590 3678 ad
649 3622 878 3683 verbum
930 3624 1099 3678 refert
1149 3627 1498 3694 Athanasius,
1550 3630 1789 3684 animum

191 3713 492 3779 pra-ierunt
539 3715 946 3770 maledicorum
981 3716 1457 3773 criminationibus
1497 3723 1792 3776 vehemen-

196 3817 272 3857 ter
294 3807 834 3876 exasperatumJlis
866 3807 1130 3875 acceptis,
1154 3809 1484 3865 Athanasius
1525 3813 1792 3868 intellexit

192 3891 396 3961 quanto
441 3897 497 3949 in
553 3895 885 3950 discrimine
930 3906 1263 3952 versaretur.
1310 3899 1551 3969 Cumque
1602 3915 1792 3957 omnes

193 3987 368 4042 aditus
418 3988 635 4044 arduos
687 4001 784 4041 seu
838 3987 1022 4055 potius
1079 3988 1407 4046 interclusos
1449 3992 1679 4056 videret,
1735 3994 1789 4047 in

191 4091 432 4132 eremuin
463 4079 665 4148 pedem
700 4077 915 4144 retulit,
958 4089 1118 4147 atque
1153 4080 1424 4151 Apologia:
1446 4098 1558 4138 sua:
1581 4098 1642 4138 ea
1672 4100 1791 4153 qua:

1894 3548 2093 3604 terent,
2141 3541 2500 3595 seditionibus
2547 3539 2756 3596 crebris
2795 3540 3126 3609 agitabatur.
3174 3541 3304 3606 Quae
3331 3557 3465 3596 sane

1895 3630 2364 3687 inconsiderantia
2414 3631 2588 3686 virum
2640 3629 2854 3686 tandem
2893 3628 3126 3698 conjecit
3177 3630 3230 3684 in
3278 3633 3464 3700 perni-

1891 3722 2050 3776 ciem.

1963 3812 2052 3865 26.
2093 3811 2226 3867 Cum
2276 3812 2456 3880 itaque
2493 3812 2576 3867 his
2618 3813 2682 3868 de
2725 3815 2907 3870 causis
2957 3815 3009 3869 in
3057 3814 3462 3872 Catholicorum

1887 3903 2040 3974 juxta
2070 3905 2413 3974 etgentilium
2434 3905 2614 3959 odium
2639 3906 2978 3974 incurrisset,
3003 3909 3266 3963 concitata
3292 3910 3466 3980 plebs,

1893 3999 2192 4068 ardensque
2219 3998 2419 4064 furore,
2447 4012 2570 4051 eum
2603 3997 2656 4050 in
2684 3998 2916 4053 ecclesia
2977 4009 3229 4070 agentem
3276 4003 3462 4055 adorta

1892 4099 1999 4156 est,
2052 4104 2347 4158 parumque
2394 4088 2564 4143 abfuit
2623 4089 2752 4157 quin
2812 4090 3084 4145 hominem
3142 4092 3459 4147 trucidaret.

194 4172 464 4236 posterius
510 4172 909 4226 enarravimus
968 4170 1186 4238 adjecit,
1238 4174 1327 4228 ubi
1379 4187 1435 4226 et
1494 4174 1789 4242 legitimam

194 4263 290 4317 sibi
339 4264 590 4320 adfuisse
648 4265 790 4334 fuga:
846 4279 1095 4330 causam,
1145 4281 1243 4320 nec
1287 4279 1345 4320 se
1369 4267 1545 4321 ollieio
1573 4284 1668 4324 suo
1695 4270 1790 4324 de-

195 4353 356 4408 fuisse
407 4363 849 4409 commonstrat.
908 4353 985 4408 De
1037 4354 1306 4424 virginum
1340 4355 1395 4409 in
1432 4355 1668 4411 Ecclesia
1711 4357 1792 4412 di-

196 4446 396 4510 gnitate
446 4456 505 4502 et
580 4445 964 4501 sanctimonia
1028 4444 1194 4499 multa
1257 4458 1671 4512 commemorat,
1737 4458 1792 4504 et

198 4549 454 4605 quantum
491 4539 561 4594 sit
595 4536 865 4594 criminis
899 4537 1101 4591 Christi
1135 4552 1363 4605 sponsas
1398 4553 1428 4591 a
1463 4538 1790 4594 Christianis

1895 4182 1996 4237 Vix
2061 4183 2241 4251 itaque
2305 4182 2544 4252 elapsus,
2615 4183 2680 4236 ad
2746 4183 3130 4252 imperatorem
3199 4186 3462 4256 profugus

1893 4273 2026 4326 adiit
2063 4272 2163 4341 (ά).
2203 4272 2337 4326 llinc
2372 4279 2552 4325 autem
2580 4271 2704 4324 data
2737 4272 3120 4326 Athanasianis
3151 4275 3463 4339 occasione,

1892 4364 2152 4420 ecclesias
2185 4364 2307 4431 ipsi,
2341 4364 2550 4418 exactis
2577 4363 2817 4419 Arianis.
2859 4364 3034 4419 denuo
3073 4365 3462 4428 obtinuerunt;

1891 4457 2087 4524 quibus
2118 4441 2430 4509 tamennon
2466 4454 2555 4508 diu
2593 4454 2796 4509 licitum
2821 4454 2924 4508 fuit
2957 4465 3253 4509 conventus
3279 4457 3330 4510 in
3360 4458 3463 4512 illis

1893 4545 2191 4601 celebrare.
2225 4546 2606 4600 Alexandriam
2638 4547 2782 4600 enim
2817 4549 3122 4599 concedens
3149 4546 3254 4599 dux
3295 4547 3464 4617 Egy-

203 4636 302 4682 tam
328 4630 552 4701 indigne
574 4639 870 4698 exceptas,
899 4641 1035 4696 quas
1065 4628 1164 4698 ipsi
1195 4628 1422 4697 gentiles
1451 4645 1664 4684 summo
1696 4629 1793 4683 ho—
1821 4651 1867 4707 ι)
1891 4637 1990 4706 pti,
2021 4636 2320 4691 Catholicis
2349 4645 2566 4703 ereptas
2590 4635 2784 4690 iterum
2831 4636 2996 4688 tradit
3057 4635 3293 4689 Arianis.
3333 4636 3462 4692 l’ost

203 4721 310 4775 nori
347 4731 400 4774 et
427 4719 795 4776 admirationi
857 4719 1150 4772 haberent.
1199 4718 1464 4773 Ceterum
1521 4718 1786 4775 Constan-

207 4810 302 4869 lius
325 4828 386 4868 ea
415 4813 642 4870 feritate
672 4819 822 4874 erat,
856 4820 921 4862 ut
945 4808 1159 4877 juberet
1185 4819 1278 4862 aut
1320 4809 1514 4865 adduci
1543 4811 1786 4865 Athana-

208 4903 354 4969 sium,
397 4914 492 4958 aut
547 4901 744 4957 afferri
800 4907 973 4968 caput
1017 4897 1155 4966 ejus,
1213 4913 1405 4969 magna
1436 4902 1700 4970 promissa
1736 4889 1784 4958 ei

210 4994 284 5061 qui
319 4996 368 5049 id
401 5003 593 5065 ageret
625 4989 893 5047 mercede
923 4987 1020 5058 (a).

266 5083 348 5140 25.
370 5084 579 5158 Georgii
597 5082 846 5139 avaritia
865 5090 914 5134 et
935 5079 1259 5133 immanitas.
1283 5081 1322 5132 Α
1345 5080 1490 5148 plebe
1518 5081 1701 5149 pulsus
1730 5083 1786 5136 in

213 5180 360 5232 sedeat
397 5177 729 5234 restituitur.
758 5200 834 5216 -ο
865 5169 1080 5226 Interea
1123 5169 1388 5243 Georgius
1429 5171 1604 5228 fretus
1640 5173 1787 5228 Con-

213 5269 369 5323 stantii
423 5268 630 5341 gratia,
685 5278 828 5319 cum
877 5259 999 5318 sine
1032 5261 1228 5331 injuria
1257 5270 1582 5331 potestatem
1612 5263 1784 5319 levem

210 5368 345 5430 atque
387 5361 609 5431 inopem
667 5355 1071 5418 arbitraretur,
1134 5354 1410 5411 exactoris
1459 5369 1523 5410 ac
1569 5355 1783 5428 tyranni

204 5455 349 5524 magis
397 5469 567 5527 quam
615 5444 884 5519 episcopi
926 5458 1122 5500 munus
1171 5446 1386 5517 agebat,
1432 5447 1648 5517 vimque
1689 5447 1786 5502 tati

199 5545 374 5605 civitati
402 5563 469 5606 ac
497 5544 723 5620 populo
755 5538 1115 5599 inferebatut
1143 5539 1308 5595 etiam
1339 5537 1575 5605 civibus,
1605 5548 1787 5609 erepta

240 5795 309 5864 (τι)
338 5794 572 5864 Theod.
593 5789 705 5864 lib.
746 5799 819 5848 tr,
853 5780 1094 5864 capit.

237 5849 305 5938 (ὁ)
329 5849 517 5938 Ruﬁn.
561 5862 768 5938 lib.__i,
805 5849 935 5938 cap:
967 5849 1082 5938 23;
1125 5851 1286 5922 Greg.
1327 5850 1460 5906 Nan.
1502 5861 1641 5908 orat.
1675 5852 1780 5920 2|;

178 5923 428 5998 Auituiatt.
459 5928 842 5994 Marcellin.,
880 5923 974 5977 lib.
1006 5937 1141 5976 xxu.

1894 4730 2012 4784 haec
2050 4729 2246 4780 missus
2278 4727 2346 4780 ab
2396 4726 2722 4793 imperatore
2771 4725 3048 4788 Notarius,
3085 4726 3173 4793 qui
3227 4727 3292 4780 de
3322 4728 3465 4781 sedi-

1896 4819 2046 4873 tiosis
2090 4832 2279 4887 poenas
2336 4826 2675 4886 exposceret,
2724 4817 2923 4871 multos
2972 4817 3462 4874 Alexandrinorum

1895 4907 2287 4962 excruciandos
2357 4906 2783 4975 verberibusque
2860 4907 3144 4961 caedendos
3217 4909 3462 4963 tradidit.

1897 4997 2115 5052 Pulsum
2150 4995 2438 5067 Georgium
2476 5007 2741 5052 memorat
2790 5013 2912 5052 cum
2952 4998 3260 5055 Sozomeno
3297 5001 3466 5056 Atha-

1897 5090 2082 5141 nasius
2130 5086 2186 5140 in
2243 5085 2381 5141 libro
2425 5085 2498 5140 De
2548 5089 2782 5156 synodis.
2813 5086 2999 5157 Neque
3033 5090 3106 5144 ita
3139 5091 3310 5145 multo
3343 5099 3465 5160 post

1895 5178 2008 5248 ipse
2035 5177 2300 5248 Georgius
2327 5191 2605 5248 regressus
2653 5179 3056 5245 Alexandriam,
3111 5195 3319 5236 memor
3348 5182 3466 5251 ejus

1894 5280 2002 5336 quo
2037 5265 2356 5336 perfunctus
2415 5275 2530 5320 erat
2578 5266 2827 5336 periculi,
2867 5269 3065 5322 ardens
3092 5269 3340 5323 vindicta:
3371 5285 3462 5330 eu-

1893 5357 2144 5426 piditate,
2180 5356 2349 5412 multo
2381 5355 2534 5426 plura
2564 5371 2723 5425 quam
2758 5369 2886 5413 ante
2919 5358 3056 5414 mala
3087 5359 3250 5412 infert
3291 5371 3462 5426 popu-

1895 5448 1980 5502 lis.
2024 5446 2230 5514 Quibus
2269 5447 2370 5518 ipsi
2414 5448 2815 5503 calamitatibus
2871 5450 3044 5518 magis
3083 5449 3362 5515 magisque
3396 5448 3462 5502 ad

1897 5539 2032 5594 iram
2055 5541 2291 5608 accensi,
2322 5540 2599 5596 hominem
2632 5555 2730 5597 ceu
2758 5550 2965 5612 pestem
2993 5540 3281 5606 quamdam
3315 5551 3467 5606 pero-

1971 5785 2040 5853 (c)
2074 5786 2242 5853 Epist.
2277 5785 2373 5841 ιδ.

1895 5857 2047 5980 ww)
2079 5852 2273 5911 Athan.
2298 5856 2377 5912 De
2392 5855 2627 5925 synodir,
2651 5869 2705 5910 n.
2735 5854 2838 5919 57;
2869 5852 3085 5910 Sozom.
3127 5855 3220 5910 lib.
3247 5868 3463 5931 Vt,eop.
