4038 6548
566 452 764 495 Βιῖἰῑί

1936 423 2463 482 PROLECOMENA.

570 570 694 611 sum
756 560 811 605 et
861 547 1252 606 exsecrabilem
1305 546 1563 604 habuere.
1596 546 1864 600 Praeterea
1908 544 2146 614 perfidiae
2174 548 2222 604 Α
2249 542 2379 610 Quae
2414 546 2635 615 quidem
2674 545 2989 600 minutatim
3029 557 3294 602 enarrare
3337 548 3607 618 prolixius
3654 563 3822 626 esset,

540 696 541 699 η
570 657 627 698 et
652 640 978 712 arrogantiae
1010 639 1359 694 incusabatur
1390 652 1421 691 a
1454 636 1763 705 monachis,
1803 650 2031 705 quorum
2061 635 2144 688 in-

574 750 709 807 gens
743 744 870 789 tunc
891 740 1011 787 erat
1037 746 1135 801 per
1158 730 1450 801 Egyptum
1478 744 1760 785 numerus.
1812 728 1927 783 Hoc
1968 737 2145 782 autem

575 840 747 898 genus
806 824 1085 879 hominum
1140 821 1471 877 multitudini
1496 830 1621 877 erat
1652 818 1870 890 pietatis
1902 817 2146 873 virtutis-

574 931 685 985 que
722 930 887 971 causa
921 913 1381 984 acceptissimum.
1413 910 1486 967 Ut
1511 921 1694 966 autem
1723 922 1913 965 narrat
1939 909 2148 979 Grego-

575 1010 691 1063 rius
718 1005 1120 1066 Nazianzenus.
1167 1013 1221 1059 et
1265 1002 1492 1057 inferius
1538 1002 1737 1057 dicitur
1775 1002 1829 1057 in
1860 1000 2147 1070 colloquiis

573 1101 813 1166 Joviani,
843 1115 950 1155 non
984 1100 1036 1153 in
1087 1097 1322 1168 Egypto
1368 1097 1657 1161 duntaxat,
1685 1095 1778 1151 sed
1821 1104 1875 1149 et
1905 1094 1957 1148 in
1989 1092 2147 1163 Syria

575 1202 630 1247 et
664 1207 761 1262 per
804 1199 972 1245 totum
998 1187 1298 1254 Orientem,
1341 1201 1526 1258 parem
1563 1186 1739 1255 quoad
1768 1184 1998 1239 facultas
2047 1180 2149 1235 fuit

578 1284 765 1339 intulit
794 1283 1124 1338 vastitatem.
1180 1297 1199 1331 ι
1229 1280 1416 1349 Exque
1463 1278 1803 1349 proceribus,
1836 1276 1911 1329 ait
1942 1272 2146 1343 Grego-

576 1378 715 1442 rius,
743 1389 838 1430 eos
871 1373 972 1430 sibi
998 1371 1226 1441 pecunia
1257 1369 1607 1435 conciliabat,
1636 1368 1724 1438 qui
1756 1366 1873 1421 auri
1906 1379 2146 1419 amorem

576 1467 782 1523 Christi
827 1465 998 1521 amori
1030 1464 1401 1527 anteferrent;
1452 1475 1516 1515 ac
1564 1460 1903 1529 potissimum
1956 1455 2149 1510 mulie-

571 1561 701 1617 bres
750 1558 1000 1614 homines
1051 1557 1124 1625 (id
1189 1566 1273 1610 est
1325 1552 1638 1623 eunuchos)
1688 1552 1825 1605 inter
1859 1550 2005 1602 viros
2047 1547 2150 1601 ini-

516 1648 523 1653 ’
572 1652 724 1707 nime
751 1649 916 1713 viros,
950 1662 1081 1703 sexu
1132 1647 1348 1716 quidem
1389 1644 1603 1708 dubios,
1651 1643 1931 1713 impietate
1965 1648 2148 1693 autem

574 1739 932 1812 perspicuos:
965 1737 1160 1807 quibus
1194 1752 1315 1792 cum
1350 1735 1675 1792 feminarum
1711 1749 1841 1788 cura
1892 1733 2148 1787 commit-

576 1840 746 1899 tatur,
781 1831 923 1886 baud
955 1831 1071 1885 scio
1096 1829 1186 1898 qui
1217 1827 1311 1882 fiat
1360 1839 1419 1880 ut
1458 1842 1551 1881 eos
1590 1825 1818 1879 Romani
1856 1825 2148 1891 imperato-

2249 651 2409 705 quam
2458 638 2687 693 instituti
2744 638 2915 694 nostri
2961 638 3100 694 ratio
3148 639 3307 695 ferat.
3354 643 3602 698 Adeatur
3634 645 3824 701 Ferre-

2248 729 2362 784 rius
2391 729 2492 803 (a),
2523 731 2615 801 qui
2650 746 2763 787 rem
2800 730 2918 788 fuse
2953 732 3230 788 describit.
3279 732 3602 806 Scytli0poli
3637 749 3820 808 postea

2248 820 2303 875 in
2333 820 2756 892 Cappadociam,
2780 823 2904 879 inde
2934 824 2988 879 in
3020 823 3316 895 Egyptum
3363 827 3706 896 deportatus,
3735 845 3821 903 sy-

2248 915 2390 969 nodo
2441 916 2657 970 demum
2703 916 3086 972 Alexandrina:
3134 918 3262 971 anni
3308 917 3415 972 362
3461 918 3731 985 interfuit,
3763 932 3821 976 ut

2250 1020 2531 1060 narramus
2557 1006 2803 1061 inferius.
2834 1006 3115 1062 Emicabat
3144 1008 3273 1063 item
3311 1008 3453 1062 inter
3477 1007 3821 1063 confessores

2250 1095 2432 1150 lumen
2480 1095 2669 1152 Gallia:
2731 1097 2968 1155 Hilarius
3006 1100 3290 1169 episcopus
3341 1098 3704 1155 Pictaviensis
3762 1099 3826 1155 de

2250 1188 2405 1256 cujus
2449 1189 2579 1257 vita,
2635 1190 3027 1246 certaminibus
3070 1193 3434 1262 operibusque
3477 1190 3600 1247 fuse
3653 1193 3827 1248 nostri

2250 1279 2304 1333 in
2332 1289 2604 1349 postrema
2636 1281 2823 1337 Hilarii
2848 1297 3073 1353 operum
3100 1284 3361 1338 editione.

2324 1373 2375 1426 2.
2414 1370 2606 1427 Liberii
2637 1374 2860 1427 reditum
2894 1372 3151 1429 Romam:
3196 1373 3475 1428 senatoria:
3516 1374 3823 1444 impetrant.

2250 1494 2317 1505 —
2351 1464 2546 1519 Verum
2576 1466 2717 1520 inter
2745 1479 2806 1519 ea
2845 1464 3124 1519 firmitatis
3168 1474 3224 1519 et
3273 1466 3595 1519 constantia:
3642 1479 3824 1520 exem-

2251 1558 2358 1628 pla,
2420 1556 2616 1627 quibus
2675 1557 2969 1613 Christiani
3023 1558 3224 1626 quique
3284 1558 3351 1611 ad
3427 1571 3615 1612 veram
3669 1542 3829 1613 fidem

2255 1648 2508 1701 tuendam
2543 1654 2597 1700 et
2623 1646 3066 1715 prapugnandam
3096 1646 3537 1711 concitabantur,
3581 1662 3831 1705 summus

2252 1752 2319 1791 ex
2361 1735 2560 1791 Liberii
2607 1734 2869 1804 Hosiique
2914 1737 3067 1805 lapsu
3112 1750 3317 1791 maeror
3360 1736 3463 1804 piis
3509 1734 3831 1791 hominibus

2251 1837 2472 1883 coortus
2500 1836 2604 1881 est.
2641 1825 2775 1880 Nam
2809 1827 2877 1881 ad
2922 1826 3196 1882 Liberium
3236 1827 3377 1895 quod
3425 1837 3660 1895 spectat,
3702 1828 3829 1882 dum

573 1938 663 1979 res
690 1925 932 1979 virorum
968 1920 1160 1977 officiis
1206 1920 1626 1989 muneribusque
1652 1918 1967 1988 przeficiant.
2005 1915 2148 1970 Tan-
2175 1893 2223 1953 Β
2250 1920 2459 1974 Beroea:
2495 1918 2584 1973 ille
2615 1929 2950 1982 versaretur,
2987 1918 3215 1972 Romam
3248 1917 3604 1972 Constantius
3657 1920 3829 1984 venit,

573 2025 689 2070 tum
738 2014 907 2068 valuit
954 2013 1043 2067 ille
1083 2011 1281 2066 diaboli
1329 2011 1667 2075 administer,
1704 2009 1791 2064 ille
1819 2018 1967 2064 sator
2001 2008 2148 2061 ziza-

572 2105 812 2170 niorum,
863 2104 954 2159 ille
1002 2104 1326 2160 Antichristi
1378 2118 1707 2173 praecursor,
1731 2102 1823 2172 qui
1869 2113 1979 2156 tum
2027 2100 2148 2170 epi-

572 2211 736 2266 seopo
788 2196 1019 2265 quodam
1054 2210 1116 2250 ea
1149 2203 1466 2265 tempestate
1501 2193 1741 2248 onmium
1786 2191 2149 2247 disertissimo

572 2286 771 2355 linguae
820 2288 940 2341 vice
991 2287 1247 2342 utebatur
1274 2286 1341 2353 (si
1382 2284 1466 2338 cui
1516 2294 1694 2338 tamen
1727 2284 1987 2337 disertum
2025 2296 2148 2334 eum

571 2379 849 2449 appellare
884 2380 1091 2443 lubeat,
1118 2378 1209 2447 qui
1243 2392 1346 2430 non
1388 2386 1493 2429 tam
1524 2375 1723 2445 impius
1751 2373 2017 2429 sectarius
2040 2372 2152 2428 lue.

573 2472 671 2537 rit,
704 2486 866 2541 quam
903 2471 1155 2525 inimicus
1182 2479 1235 2525 et
1263 2468 1627 2525 contentionis
1666 2464 1846 2522 studio
1871 2465 2106 2535 flagrans
2132 2483 2147 2519 :

574 2578 772 2619 nomen
825 2565 942 2631 ejus
973 2561 1219 2617 consulto
1270 2558 1640 2631 praeteribo):
1682 2559 1797 2627 ipse
1824 2572 2016 2611 manus
2045 2556 2147 2611 sibi

571 2655 807 2711 oﬂicium
860 2655 1001 2725 apud
1048 2669 1161 2709 sua:
1215 2652 1469 2707 factionis
1519 2653 1729 2705 turbant
1774 2650 2021 2715 retinuit,
2055 2647 2146 2717 qui

572 2749 857 2800 veritatem
900 2761 1033 2800 auro
1068 2755 1313 2801 evertere
1362 2744 1692 2810 conabatur,
1744 2743 1887 2812 quod
1926 2742 2145 2812 quidem

569 2842 639 2893 ad
677 2839 792 2909 pios
824 2854 955 2893 usus
983 2849 1355 2909 corrogatum,
1384 2836 1679 2906 impietatis
1722 2836 2147 2889 instrumentum

572 2931 837 3002 improbis
888 2932 1206 2986 curantibus
1258 2932 1454 2985 evasit.
1501 2948 1520 2982 ι
1572 2929 1705 2995 Quis
1760 2938 1941 2982 autem
2002 2934 2150 2982 esset

570 3027 853 3094 episc0pus
890 3024 1001 3090 ille,
1032 3039 1139 3094 quo
1177 3026 1294 3079 vice
1322 3023 1520 3093 linguae
1563 3031 1807 3076 uteretur
1851 3020 2144 3092 Georgius,

572 3116 714 3169 haud
765 3115 925 3169 facile
974 3116 1122 3170 dictu
1176 3125 1282 3169 εει.
1327 3116 1680 3185 Augurantur
1733 3115 1979 3169 nonnulli
2010 3118 2146 3169 Aea-

568 3208 710 3260 ciuni
754 3205 920 3261 fuisse
950 3206 1360 3262 Caesariensem.
1393 3207 1499 3261 Sed
1527 3207 1616 3275 qui
1646 3206 1840 3275 potuit,
1876 3217 2029 3262 tanto
2062 3208 2144 3260 in-

570 3301 883 3353 tercedente
933 3300 1072 3353 inter
1118 3310 1408 3369 utrumque
1454 3302 1654 3370 spatio,
1702 3302 1818 3370 ejus
1871 3301 1973 3355 hac
2002 3300 2052 3353 in
2084 3314 2144 3355 re

570 3391 874 3445 ministerio
924 3391 1039 3444 uti?
1094 3392 1289 3444 Annon
1336 3392 1515 3461 potius
1564 3391 1909 3447 Meletianuin
1948 3408 2144 3463 quem-

569 3482 717 3550 piam
760 3482 1097 3535 Ariannmve
1148 3483 1467 3552 episcopum
1516 3482 1607 3537 hic
1658 3484 1989 3547 subindicari
2043 3500 2144 3555 pll-

572 3572 859 3627 tandum?
908 3571 1018 3629 Res
1075 3583 1194 3629 esto
1252 3588 1420 3644 penes
1476 3575 1672 3630 eruditi
1734 3575 1953 3632 lectoris
2000 3577 2148 3632 arbi-

567 3666 756 3722 trium.

640 3760 728 3812 27.
762 3757 1052 3828 Georgium
1106 3772 1271 3828 porro
1308 3759 1654 3815 Alexandriae
1696 3762 1975 3817 sedentem
2013 3778 2142 3817 con-

569 3851 715 3905 venit
742 3852 947 3911 Aetius,
978 3850 1067 3903 τοῦ
1117 3850 1303 3904 Ἀοέου
1336 3854 1554 3909 nomine
1588 3854 1874 3909 infamatus
1889 3858 2025 3925 apud
2062 3858 2145 3912 sui

569 3945 671 3998 aevi
713 3953 768 3997 et
802 3945 1142 4012 sequentium
1194 3954 1493 4014 temporum
1524 3946 1790 4001 homines.
1819 3945 1873 4001 Si
1904 3947 2143 4017 Epipha-

567 4034 662 4087 nio
694 4035 951 4100 creditur,
980 4048 1009 4088 a
1035 4034 1270 4106 Georgio
1312 4038 1498 4092 Aetius
1549 4039 1763 4093 diaconi
1788 4040 2015 4107 gradum
2049 4056 2144 4095 ac-

569 4127 715 4197 cepit
762 4143 778 4191 ;
831 4142 1015 4180 verum
1058 4128 1146 4181 alii
1192 4144 1220 4181 a
1273 4127 1500 4184 Leontio
1568 4131 1776 4185 dicunt.
1825 4133 1968 4186 Aetii
1998 4132 2146 4188 vero

568 4221 801 4275 adeundi
854 4236 1017 4275 causa
1071 4222 1456 4276 Alexandriam
1492 4223 1619 4276 item
1648 4224 1925 4278 concessit
1960 4224 2147 4278 Euno-

571 4314 713 4367 iuius
744 4312 863 4382 ejus
892 4314 1190 4382 discipulus
1221 4315 1556 4384 aemulusque
1595 4314 1913 4384 impietatis.
1949 4315 2143 4385 Cujus—

568 4405 715 4459 modi
749 4406 996 4460 homines
1034 4407 1301 4477 Georgius
1328 4409 1503 4461 amice
1534 4407 1871 4475 comiterque
1911 4408 2148 4477 excipie-

566 4496 683 4559 bat,
740 4497 867 4551 dum
930 4499 1228 4555 Catholicis
1300 4502 1511 4570 piisque
1579 4499 1712 4554 viris
1787 4500 2144 4568 asperrimum

566 4591 766 4646 bellum
793 4593 1073 4648 indiceret.

637 4686 788 4740 ANNO
813 4685 938 4740 557.
966 4686 1103 4740 -1.
1125 4685 1368 4757 Episcopi
1392 4687 1531 4757 pulsi
1556 4687 1649 4741 alii
1669 4687 1845 4741 animo
1872 4687 2030 4755 fracti
2057 4702 2143 4740 ce-

566 4776 718 4840 dunt,
750 4777 841 4829 alii
869 4786 1079 4830 manent
1120 4779 1397 4833 invicti.—
1420 4778 1565 4833 Inter
1596 4780 1731 4843 haec,
1755 4794 1819 4834 ex
1855 4780 2143 4848 episcopo-

567 4880 690 4921 rum
730 4882 978 4933 numero,
1037 4872 1129 4938 qui
1185 4886 1327 4925 verae
1382 4870 1506 4927 fidei
1552 4882 1608 4926 et
1657 4873 1943 4928 Athanasii
1974 4888 2142 4928 causa

568 4956 911 5022 exsulabant,
962 4960 1052 5014 alii
1110 4962 1313 5017 invicto
1363 4977 1582 5032 semper
1631 4964 1813 5019 animo
1847 4981 2139 5031 aerumnas,

568 5049 917 5106 solitudinem
968 5052 1314 5123 inediamque
1367 5056 1659 5124 ferebant;
1704 5057 1795 5110 alii
1842 5073 1975 5113 vero
2019 5058 2140 5113 diu-

569 5140 830 5196 turnitate
859 5142 1230 5197 calamitatum
1261 5143 1415 5199 fracti
1445 5161 1665 5201 cessere
1705 5146 1948 5213 demum,
1977 5161 2141 5217 atque

567 5234 635 5287 ad
690 5233 1044 5289 simulandam
1091 5251 1214 5290 cuin
1263 5238 1484 5292 Arianis
1535 5238 1884 5292 concordiam
1921 5238 2139 5295 deduCIi

567 5333 713 5378 sunt.
755 5325 993 5380 Eminuit
1038 5328 1254 5396 quidem
1305 5329 1524 5383 Eusebii
1574 5328 1935 5385 Vercellensis
1984 5330 2143 5386 forti-

567 5417 697 5469 tudo
732 5417 1005 5485 animique
1032 5418 1405 5489 firinitas:qui
1447 5418 1801 5489 Scythopolin
1844 5421 2137 5492 relegatus,

564 5508 832 5577 principio
900 5508 1117 5577 quidem
1179 5509 1375 5564 blande
1424 5511 1937 5584 perhumaniterque
1984 5529 2145 5569 exce-

564 5607 688 5672 ptus
726 5600 841 5663 fuit,
874 5614 904 5652 a
938 5598 1252 5671 Patropiiilo
1285 5610 1464 5656 autem
1509 5602 1763 5673 deinceps
1793 5614 1846 5659 et
1872 5607 1939 5661 ab
1985 5607 2140 5661 Aria-

566 5692 676 5755 nis,
712 5691 884 5745 'nullis
925 5707 1032 5746 non
1068 5696 1225 5748 malis
1260 5704 1314 5747 et
1357 5696 1706 5751 contumeliis
1754 5706 1835 5755 est
1887 5698 2136 5756 allectus.

2252 2025 2415 2082 atque
2449 2012 2832 2081 triumphantis
2878 2026 3026 2066 more
3064 2015 3253 2066 urbem
3306 2010 3585 2081 ingressus
3634 2023 3719 2066 est
3761 2011 3834 2067 28

2250 2104 2454 2173 Aprilis
2486 2117 2627 2156 anno
2657 2100 2785 2155 557.
2816 2100 2953 2155 Tum
2994 2111 3253 2156 matrona:
3280 2102 3539 2156 Romanae
3592 2103 3829 2158 honora-

2250 2197 2476 2252 biliores
2506 2206 2563 2250 et
2598 2196 2913 2258 senatoria},
2937 2195 3369 2251 detrectantibus
3396 2194 3633 2249 ofﬁcium
3669 2197 3834 2262 viris,

2251 2288 2633 2345 Constantium
2679 2287 2948 2358 supplices
2976 2288 3208 2353 adeunt,
3245 2289 3587 2358 reditumque
3622 2289 3834 2344 Liberii

2250 2381 2499 2451 praesulis
2516 2381 2595 2436 sui
2621 2380 2819 2435 obnixe
2848 2381 3141 2451 postulant.
3175 2380 3270 2435 llle
3310 2383 3602 2450 respondet
3640 2382 3837 2437 adesse

2251 2471 2487 2527 Felicem
2527 2472 2677 2526 urbis
2704 2473 3044 2541 episcopum,
3077 2471 3254 2525 virum
3294 2480 3442 2525 tanto
3482 2486 3717 2527 munere
3750 2473 3837 2527 di-

2251 2580 2436 2635 gnum.
2478 2564 2578 2618 Cui
2636 2564 2759 2629 ιιιεε,
2815 2564 3048 2617 invisum
3087 2563 3339 2617 omnibus
3384 2561 3626 2617 Felicem
3686 2578 3834 2629 esse,

2253 2671 2353 2712 nec
2400 2670 2634 2724 unquam
2668 2668 2726 2709 se
2757 2669 2913 2724 posse
2955 2669 3019 2709 eo
3062 2654 3277 2717 deduci,
3313 2662 3373 2709 ut
3401 2669 3525 2708 cum
3559 2654 3837 2723 ejusmodi

2249 2748 2368 2801 viro
2397 2747 2671 2801 societatis
2702 2747 2784 2800 vel
2816 2748 3215 2801 communionis
3251 2746 3525 2814 quidpiam
3556 2747 3830 2802 habeant.

2250 2839 2601 2895 Constantius
2626 2847 2831 2905 autem,
2861 2847 2920 2891 ut
2941 2852 3052 2892 rem
3082 2848 3387 2907 pergratam
3420 2837 3694 2892 Romanis
3722 2840 3838 2894 edi-

2250 2942 2421 3000 ceret,
2446 2934 2599 3003 jnbet
2636 2933 2878 2986 revocari
2908 2931 3219 2995 Liberium,
3255 2942 3311 2985 et
3342 2948 3445 2985 una
3480 2947 3604 2985 cum
3649 2930 3837 2987 Felice

2250 3029 2538 3085 ecclesiam
2570 3026 2863 3081 moderari.
2892 3025 3008 3087 Qua
3035 3025 3353 3079 conditione
3392 3038 3515 3079 cum
3568 3026 3683 3079 risu
3735 3040 3839 3079 ex-

2250 3129 2427 3190 cepta,
2460 3128 2515 3173 et
2543 3128 2731 3173 contra
2762 3117 3028 3171 clamante
3054 3114 3277 3185 populo,
3321 3128 3461 3168 unus
3494 3114 3659 3179 Deus,
3689 3129 3839 3170 unus

2248 3214 2514 3277 Christus,
2588 3225 2730 3267 unus
2782 3211 3089 3279 episcopus,
3148 3206 3476 3276 postulatum
3527 3207 3622 3260 ille
3686 3207 3835 3275 plebi

2249 3303 2540 3360 concessit.
2595 3301 2664 3357 Ut
2713 3310 2890 3353 autem
2928 3299 3088 3351 habet
3121 3296 3485 3359 Sozomenus,
3516 3297 3737 3351 nonnisi
3775 3312 3840 3352 re

2249 3412 2373 3453 cum
2404 3392 2674 3465 episcopis
2697 3391 2999 3445 deliberata
3045 3389 3378 3443 evocandum
3430 3390 3627 3442 statuit
3663 3387 3839 3444 Libe«

2248 3490 2412 3550 rium,
2445 3496 2500 3540 et
2522 3485 2738 3554 quidem
2770 3497 2831 3536 ea
2862 3481 2980 3551 lege
3020 3490 3075 3536 et
3101 3481 3435 3547 conditione,
3482 3489 3541 3534 ut
3577 3479 3842 3536 Orienta-

2248 3581 2379 3635 lium
2410 3590 2538 3632 ante
2569 3575 2894 3630 sententiam
2944 3572 3369 3640 amplexaretur.
3409 3571 3511 3628 Cui
3559 3588 3670 3628 non
3716 3582 3838 3627 sta-

2248 3673 2342 3725 tim
2372 3669 2497 3729 ‘fuit
2546 3667 2773 3722 Romam
2825 3665 3220 3733 conimigrandi
3270 3663 3527 3729 facultas,
3581 3673 3641 3719 ut
3687 3665 3839 3721 infra

2248 3775 2559 3817 narramus.

2316 3853 2371 3908 5.
2400 3851 2715 3920 Blasphema
2747 3850 2872 3918 ﬁdei
2907 3850 3137 3919 formula
3178 3850 3362 3905 Sirmii
3391 3853 3558 3907 edita.
3594 3883 3667 3895 -—
3716 3854 3844 3911 Hoc

2248 3961 2392 4000 anno
2432 3944 2616 3999 Sirmii
2653 3943 2830 3998 coaeti
2866 3944 3082 3997 Arianae
3126 3942 3381 3998 factionis
3414 3947 3681 4013 praesules
3710 3962 3841 4003 eam

2247 4040 2468 4093 edidere
2503 4037 2626 4091 fidei
2658 4036 2971 4101 formulam,
3018 4052 3141 4105 qua:
3187 4037 3416 4106 septima
3460 4054 3696 4094 numero
3743 4056 3844 4096 re-

2246 4141 2501 4186 censetur
2546 4130 2614 4183 ab
2645 4131 2966 4191 Athanasio,
3031 4139 3180 4182 tanta
3213 4129 3471 4183 refertam
3526 4132 3841 4203 impietate,

2249 4236 2307 4279 ut
2341 4225 2692 4291 blasphemia:
2724 4225 2942 4279 nomine
2967 4224 3223 4292 insignita
3251 4225 3436 4278 fuerit.
3473 4225 3611 4280 Nam
3646 4231 3700 4282 in
3738 4230 3841 4286 lib.

2248 4314 2324 4367 De
2357 4314 2572 4383 synodi:
2607 4313 2747 4381 apud
2779 4312 3044 4366 Hilarium
3091 4313 3206 4367 hare
3258 4314 3544 4384 inscriptio
3582 4318 3794 4388 legitur
3824 4336 3842 4376 :

2254 4422 2273 4456 ι
2311 4404 2625 4474 Exemplum
2674 4404 3025 4473 blasphemiae
3076 4406 3214 4473 apud
3265 4404 3522 4460 Sirmium
3575 4424 3675 4478 per
3726 4410 3846 4466 ilo-

2248 4498 2387 4551 sium
2416 4509 2469 4551 et
2497 4496 2802 4552 Potauiium
2833 4498 3177 4565 conscriptae.
3210 4516 3229 4548 ι
3260 4497 3386 4562 Sed,
3424 4509 3483 4552 ut
3516 4501 3844 4568 conjectare

2176 4598 2220 4653 ι)
2250 4589 2456 4642 licitum
2482 4596 2589 4651 est,
2622 4586 2747 4640 dolo
2777 4586 3102 4640 Arianorum
3156 4586 3356 4642 Hosius
3402 4588 3493 4642 hic
3538 4596 3845 4658 praemitti-

2254 4690 2359 4746 tur,
2397 4693 2505 4748 quo
2558 4678 2733 4748 major
2786 4678 3031 4733 formula:
3076 4680 3374 4733 auctoritas
3421 4690 3531 4734 tant
3581 4683 3843 4751 praeclari

2250 4773 2352 4827 viri
2413 4774 2633 4827 nomine
2678 4774 3007 4837 accederet;
3060 4774 3187 4841 quia
3228 4773 3437 4828 scilicet
3490 4773 3712 4843 Hosius,
3758 4777 3844 4829 uti

2251 4882 2374 4921 mox
2406 4866 2737 4931 narrabitur,
2766 4865 2939 4921 eidem
2967 4864 3218 4919 formulae
3241 4866 3293 4920 vi
3325 4875 3380 4920 et
3415 4865 3702 4935 plagarum
3743 4870 3846 4924 do-

2250 4958 2365 5013 lore
2391 4957 2721 5028 compulsus,
2752 4955 3070 5028 suffragium
3099 4959 3378 5027 ascripsit.
3416 4956 3474 5010 ιιι
3519 4973 3585 5013 ea
3620 4968 3845 5014 tacetur

2250 5067 2445 5114 nomen
2477 5051 2795 5104 substantia:
2814 5059 2866 5103 et
2893 5049 3404 5114 consubstantialis,
3436 5049 3611 5107 Filius
3651 5052 3845 5109 minor

2248 5142 2407 5197 Patre
2437 5142 2781 5212 priedicatur,
2817 5141 3040 5209 honore,
3071 5140 3360 5211 dignitate,
3392 5141 3673 5210 claritate,
3717 5160 3848 5199 ma-

2243 5234 2465 5305 jestate,
2489 5228 2749 5303 Patrique
2781 5233 3052 5288 subditus.
3108 5232 3317 5286 Dicitur
3345 5232 3514 5287 Pater
3540 5236 3698 5288 solus
3725 5235 3847 5291 ini-

2251 5326 2326 5380 tio
2354 5340 2564 5395 carere,
2598 5325 2949 5390 immortalis,
2975 5324 3287 5391 invisibilis,
3316 5324 3644 5392 impatibilis
3686 5339 3839 5382 esse.

2247 5418 2613 5485 Quamobrem
2650 5417 2775 5487 jure
2822 5419 2890 5471 ab
2938 5416 3144 5471 Hilario
3190 5417 3307 5471 haec
3354 5415 3482 5470 ﬁdei
3532 5417 3841 5485 professio,

2250 5512 2582 5581 blasphemia
2613 5520 2671 5566 ‘et
2703 5510 2923 5566 haeresis
2958 5510 3231 5564 Sirmiana
3260 5515 3628 5577 nuncupatur.
3665 5507 3845 5564 Pota-

2246 5605 2388 5659 mius
2407 5619 2534 5659 vero
2558 5603 2718 5667 illius,
2738 5611 2795 5657 ut
2824 5601 2987 5673 vulgo
3014 5603 3378 5664 existimatur,
3410 5598 3635 5665 artifex,
3665 5599 3842 5671 Ulys-

2249 5698 2555 5768 siponensis
2624 5697 2947 5768 cpiscopus,
3015 5696 3102 5768 qui
3165 5693 3294 5751 olim
3351 5692 3638 5750 catholicae
3703 5692 3841 5750 fidei

641 5868 716 5938 (α)
745 5868 901 5929 Joau.
935 5874 1197 5944 Stephan.
1222 5871 1531 5940 Ferrerius,
1562 5872 1639 5927 De
1670 5873 1772 5930 vita
1808 5873 1864 5929 S.
1896 5875 2112 5932 Eusebii
2147 5848 2368 5931 Veri-eff.
