4038 6536
1560 422 1719 476 VITA
1762 423 1819 477 S.
1861 412 2255 478 ATHANASII.

206 537 451 587 strenuus
485 534 737 607 vindex
782 536 998 605 fuerat,
1059 539 1408 610 imperatoris
1455 542 1644 612 gratiae
1689 543 1855 599 aticu-
1883 542 2202 613 Aitemque
2237 539 2491 609 Ursaeio,
2521 539 2734 597 Valenti
2792 556 2855 597 ac
2893 542 3178 600 Germinio
3210 542 3546 599 Arianorum

208 623 374 691 pandae
402 641 603 683 causa
648 630 831 686 illam
873 633 1486 703 prodidit,Arianisque
1516 650 1637 691 sese
1677 636 1855 692 socie-
1956 636 2010 690 in
2046 635 2350 691 Occidente
2390 633 2761 702 antesignanis
2788 650 2801 687 :
2828 649 2951 687 cum
2999 637 3202 704 probro
3241 645 3405 705 atque
3449 636 3546 691 de-

213 721 303 766 tate
359 713 609 783 iunxit.
684 718 755 776 In
822 722 990 792 cujus
1042 723 1508 794 praevaricationis
1569 727 1853 796 praemium
1955 727 2151 781 decore
2187 725 2422 780 fractum
2453 723 2834 795 abiectumque
2876 740 2997 780 sese
3024 726 3294 794 indicans,
3316 728 3546 782 damna-

215 802 356 862 fundo
384 808 620 880 liscali,
652 815 761 869 cui
795 817 1121 885 cupiditatis
1174 816 1365 873 oculos
1422 818 1719 889 adjecerat,
1754 822 1851 876 do-
1954 824 2118 886 toque
2148 816 2469 881 Athanasio,
2507 817 2730 885 supplex
2776 817 3064 885 postulans
3087 819 3169 873 eis
3211 820 3451 874 amicitia
3486 829 3545 874 et

218 908 357 955 natus
401 910 523 958 est.
564 902 713 971 Quo
766 906 1015 974 factum,
1076 918 1136 964 ut
1182 910 1381 967 Ilosius
1434 910 1734 966 Potamium
1793 921 1854 968 ut
1955 908 2343 964 communione
2394 908 2641 978 adjungi.
2675 906 2856 975 Usque
2904 923 2971 962 eo
3019 909 3142 979 plus
3190 910 3331 979 apud
3388 911 3540 965 illum

220 990 429 1060 impium
469 1004 533 1049 et
559 995 932 1055 haereticum
962 1001 1514 1071 lraduceretubique.
1545 1002 1729 1074 Neque
1760 1006 1853 1061 bo.
1952 999 2131 1070 potuit
2181 1013 2335 1053 amor
2395 1000 2587 1070 patrize
2623 1012 2677 1055 et
2712 1001 2858 1055 sedis
2910 1002 3297 1070 recuperandae
3346 1002 3540 1068 libido,

229 1083 297 1138 nis
325 1092 487 1141 tanta
519 1086 853 1159 impietate
885 1094 1060 1161 partis
1090 1093 1194 1149 frui
1222 1094 1472 1153 Potamio
1505 1098 1675 1152 licuit.
1717 1098 1851 1153 Dum
1952 1107 2113 1162 quam
2147 1092 2309 1147 oliicii
2343 1108 2405 1147 ac
2455 1095 2743 1162 praeterita:
2784 1092 2961 1147 laudis
3009 1103 3066 1148 et
3109 1093 3541 1149 existimationis

230 1176 353 1229 enim
385 1176 552 1232 fundi
590 1182 933 1252 recipiendi
965 1200 1126 1239 causa
1172 1200 1453 1257 properat,
1511 1189 1693 1244 divina
1724 1205 1850 1259 per-
1953 1185 2284 1241 recordatio.
2338 1183 2567 1239 Ursacio
2622 1195 2802 1239 autem
2859 1193 2914 1240 et
2965 1184 3132 1240 sociis
3190 1200 3288 1255 pro
3319 1183 3540 1241 Liberio

3327 439 3460 480 CXXX
3471 439 3546 480 VH

235 1283 401 1324 cassus
433 1271 691 1336 ultione,
734 1274 936 1330 ulcere
965 1275 1202 1348 linguam
1231 1279 1579 1347 corrodente,
1622 1282 1849 1345 necdum

239 1375 523 1433 conspecto
552 1366 809 1433 praedio,
841 1366 988 1422 diem
1024 1369 1156 1424 obiit
1183 1380 1512 1426 extremum.

299 1454 347 1507 ιι.
377 1454 540 1509 Hosii
582 1457 817 1528 lapsus.
850 1490 917 1499 -
946 1460 1049 1515 Tot
1080 1464 1376 1531 prostratis
1414 1464 1851 1535 subornatisque

246 1546 477 1603 veritatis
521 1549 873 1606 vindicibus
910 1549 1287 1618 Constantius,
1325 1555 1392 1609 ad
1420 1554 1647 1609 llosium
1677 1572 1705 1609 a
1734 1557 1850 1625 pri-

247 1640 372 1695 stino
403 1640 651 1696 consilio
671 1644 1093 1698 deturbandum
1124 1660 1341 1714 semper
1370 1647 1631 1711 intentus,
1663 1662 1847 1701 senem

254 1746 381 1786 anno
420 1732 647 1802 integro
676 1733 886 1789 Sirntii
927 1736 1106 1803 patria
1144 1747 1421 1793 extorrem
1455 1736 1845 1793 dctinuit.Non

252 1821 326 1876 ille
354 1822 454 1877 viri
482 1823 790 1891 canitiem,
827 1840 941 1880 non
967 1826 1309 1896 dignitatem,
1346 1844 1520 1899 neque
1558 1839 1844 1898 paternum

1952 1277 2340 1346 imperatorem
2390 1276 2726 1346 rogantibus,
2752 1278 2965 1331 demum
2996 1277 3095 1346 ipsi
3144 1278 3195 1332 in
3232 1276 3533 1332 Ecclesiaut

1952 1369 2259 1423 revertendi
2293 1370 2445 1437 copia
2488 1367 2626 1421 facta
2654 1378 2754 1423 est.

2025 1460 2176 1515 Almo
2203 1461 2331 1515 558.
2370 1490 2440 1501 -—~
2467 1461 2516 1516 1.
2542 1460 2822 1514 Athanasii
2861 1461 3113 1531 Apologia
3157 1463 3221 1515 de
3246 1462 3373 1531 fuga
3403 1479 3523 1518 sua.

1949 1585 2017 1594 —
2051 1552 2199 1608 inter
2237 1555 2352 1608 haec
2392 1551 2733 1606 Athanasius
2775 1552 2825 1606 iu
2882 1554 3273 1608 secretioribus
3309 1553 3537 1625 {Egypti

1951 1642 2086 1698 locis
2115 1644 2342 1712 degens,
2391 1642 2895 1711 monachornmque
2940 1652 3151 1696 tantum
3204 1653 3377 1697 cretus
3428 1645 3538 1698 fre-

1949 1744 2245 1803 qumttans,
2278 1736 2545 1805 comperit
2598 1735 2884 1789 Leontium
2941 1736 3364 1801 Antiochenum,
3398 1736 3537 1791 Nar-

1949 1827 2149 1881 cissum
2198 1825 2550 1891 Neroniatlis,
2596 1826 2887 1897 Georgium
2944 1827 3335 1901 Laodicenum,
3371 1838 3535 1883 caete-

249 1930 358 1986 erga
394 1914 627 1969 tiosium
684 1931 951 1972 amorem
995 1930 1080 1973 est
1129 1919 1395 1974 reveritus
1456 1919 1538 1973 vir
1597 1921 1836 1976 ittittlma-
1878 1920 1921 1978 B
1954 1933 2151 1987 rosque
2201 1919 2435 1973 Arianos
2477 1920 2675 1989 probra
2709 1930 2761 1973 et
2811 1920 3046 1973 convitia
3080 1919 3247 1973 multa
3277 1934 3537 1989 spargere

250 2021 370 2072 nus;
405 2008 498 2062 sed
529 2006 822 2076 majorem
860 2010 1203 2075 centenario,
1240 2024 1347 2064 non
1379 2010 1574 2065 exsilio
1607 2019 1840 2076 tantum,

247 2098 329 2153 sed
353 2098 747 2164 contumeliis,
783 2101 1140 2165 verberibus,
1169 2101 1343 2171 plagis
1379 2101 1592 2157 afﬁcere
1624 2112 1709 2157 est
1744 2118 1844 2157 au-

245 2204 345 2245 sus.
370 2188 428 2244 In
453 2200 748 2260 cognatos
770 2201 963 2245 autem
984 2190 1097 2260 ejus
1124 2192 1353 2246 crimina
1387 2191 1596 2263 ﬁngunt
1626 2194 1840 2260 Ariani,

247 2281 439 2336 Strenui
472 2280 901 2336 calumniarum
956 2285 1219 2349 artiﬁces,
1258 2292 1318 2339 ut
1353 2286 1466 2339 suis
1510 2299 1841 2354 suorumque

248 2373 389 2428 malis
425 2374 541 2443 jam
584 2372 755 2429 senio
802 2373 1098 2430 confectus
1148 2376 1311 2429 homo
1359 2375 1730 2447 frangeretur,
1771 2378 1839 2431 ad

245 2476 460 2534 suasque
499 2475 696 2534 partes
742 2465 1034 2521 deﬁceret.
1068 2467 1277 2534 Quibus
1311 2469 1528 2523 tandem
1561 2468 1837 2523 calamita-

246 2554 373 2609 tibus
422 2571 736 2626 oppressus
782 2555 992 2611 Hosius
1026 2573 1090 2612 eo
1128 2558 1399 2614 adductus
1451 2570 1558 2625 est,
1603 2568 1660 2613 ut
1713 2576 1833 2615 cum

244 2645 455 2704 Ursacio
484 2658 543 2702 et
566 2646 815 2703 Valente
850 2648 1025 2703 iniret
1057 2651 1463 2705 communionis
1492 2651 1832 2719 societatem,

237 2734 514 2792 Sirmiensi
563 2738 695 2793 ﬁdei
754 2739 1172 2806 Subscriberet,
1206 2756 1306 2796 nec
1357 2752 1535 2796 tamen
1596 2759 1832 2813 unquam

234 2826 494 2883 ealculum
546 2826 730 2885 ferret
771 2830 825 2883 in
870 2830 1261 2896 Athanasium,
1293 2833 1436 2901 quod
1472 2836 1833 2904 per0ptabant

227 2920 429 2975 Ariani.
470 2921 549 2976 De
601 2922 769 2993 cujus
810 2922 971 2993 lapsu
1002 2939 1031 2976 a
1069 2924 1252 2980 multis
1280 2926 1383 2980 hoc
1417 2926 1615 2982 saeculo
1650 2927 1834 2997 dispu-

229 3021 395 3067 tatum
423 3023 532 3068 est.
576 3013 725 3069 Sunt
755 3015 849 3084 qui
883 3014 1090 3081 dicant,
1116 3017 1290 3071 virum
1318 3018 1368 3073 id
1405 3021 1581 3075 aetatis
1610 3036 1713 3075 non
1747 3030 1831 3076 sat

226 3104 416 3159 mentis
478 3116 810 3174 compotem
860 3115 978 3159 tum
1038 3105 1225 3174 fuisse,
1260 3111 1353 3162 sed
1402 3110 1723 3164 calamitate
1775 3120 1831 3166 et

220 3194 368 3249 senio
421 3196 784 3255 debilitatum
843 3196 915 3249 ad
977 3196 1326 3265 imperatoris
1358 3199 1702 3257 conditiones
1735 3217 1828 3257 re-

1952 2010 2005 2065 in
2056 2010 2237 2079 fugam
2288 2011 2479 2080 ipsius,
2536 2026 2601 2063 ae
2654 2010 2961 2065 timiditatis
3012 2010 3190 2079 ipsum
3247 2025 3530 2078 accusare,

1949 2102 2095 2170 quod
2152 2102 2444 2157 formidine
2500 2103 2691 2157 mortis
2743 2102 3023 2172 perculsus
3054 2117 3111 2156 se
3146 2102 3532 2171 proripuisset.

1948 2192 2192 2258 Quorum
2245 2192 2337 2248 ille
2382 2192 2668 2248 maledicta
2720 2200 2781 2245 ut
2832 2190 3194 2260 propulsaret,
3225 2189 3531 2258 elegantem

1946 2285 2114 2340 edidit
2146 2286 2495 2355 apologiam;
2532 2286 2624 2340 ubi
2658 2284 2802 2340 salse
2846 2283 2915 2351 ab
2951 2284 3177 2339 exordio
3206 2282 3391 2337 irridet
3427 2281 3529 2336 lto-

1946 2377 2154 2431 minum
2196 2378 2515 2443 amentiam,
2544 2377 2640 2447 qui
2682 2391 2748 2432 eo
2788 2375 3036 2441 consilio,
3074 2390 3136 2432 ea
3169 2389 3266 2443 spe
3308 2374 3410 2429 sibi
3443 2372 3531 2426 fu-

1945 2481 2068 2537 gam
2107 2466 2566 2539 formidinemque
2605 2468 3027 2540 exprobrarent,
3060 2476 3116 2522 ut
3147 2469 3352 2538 pudore
3380 2467 3531 2535 ejus-

1944 2558 2088 2612 modi
2126 2560 2375 2624 convitii,
2403 2560 2545 2615 ultro
2579 2560 2707 2630 ipsis
2757 2569 3097 2616 occurreret.
3147 2559 3347 2613 Narrat
3395 2574 3526 2613 vero

1941 2650 2163 2719 quantis
2194 2666 2288 2705 eos
2320 2652 2476 2706 malis
2507 2652 2811 2717 affecerint,
2845 2668 2983 2722 quos
3015 2667 3201 2707 secum
3246 2668 3352 2707 non
3391 2668 3523 2706 cou-

1940 2743 2145 2819 sentire
2173 2745 2685 2814 deprehendissent,
2721 2746 2993 2801 Liberium
3015 2746 3246 2805 scilicet.
3277 2744 3525 2812 Hosium,

1939 2834 2191 2902 aliosque
2248 2836 2574 2905 permultos.
2642 2836 2935 2893 Contendit
2992 2852 3090 2904 per
3148 2837 3525 2905 evangelicatn

1939 2928 2184 2997 regulam
2215 2929 2412 2997 cuique
2457 2929 2626 2983 licere
2657 2928 2821 2999 capiti
2856 2939 2912 2983 et
2964 2929 3121 2983 saluti
3156 2945 3268 2983 sua:
3314 2930 3525 2999 prospi-

1937 3032 2082 3072 cere.
2121 3019 2440 3088 Exemplum
2471 3019 2628 3075 aﬁ‘ert
2662 3031 2904 3074 veterum
2957 3020 3201 3086 Patrum,
3236 3021 3524 3089 propheta-

1935 3124 2094 3175 rum,
2149 3112 2557 3179 apostolorum,
2609 3111 2719 3166 imo
2771 3112 2943 3181 ipsius
2998 3111 3364 3181 Cltristi,qui
3413 3129 3519 3167 non

1934 3199 2105 3253 solum
2137 3200 2321 3254 docuit
2350 3193 2474 3255 esse'
2500 3201 2902 3269 persecutionis
2931 3210 3175 3269 tempore
3204 3203 3516 3271 fugiendum

218 3283 385 3338 uisse.
406 3284 499 3338 Ait
529 3299 709 3355 porro
728 3285 1071 3340 Athanasius
1092 3286 1338 3354 Hosium,
1364 3288 1603 3345 instante
1630 3302 1827 3358 morte,
1858 3282 1899 3340 C
1934 3290 2003 3343 ab
2030 3290 2135 3343 alia
2171 3291 2224 3344 in
2254 3290 2417 3344 aliam
2464 3292 2765 3355 civitatem,
2795 3292 2889 3346 sed
2941 3301 2993 3345 et
3044 3293 3158 3362 ipse
3210 3293 3276 3346 ad
3331 3308 3519 3348 necem

214 3373 321 3429 ritu
348 3375 456 3431 sibi
485 3377 708 3431 illatam
738 3378 902 3447 quasi
944 3386 1270 3435 testamento
1306 3380 1638 3449 declarasse,
1665 3385 1829 3438 Aria-

213 3481 336 3519 nam
380 3470 657 3525 haeresim
708 3470 942 3525 feriisse
986 3472 1356 3538 anathemate,
1387 3476 1731 3546 vetuisscque
1761 3492 1828 3532 ne

211 3555 334 3622 quis
358 3555 516 3610 illam
558 3558 868 3630 reciperet.
909 3558 1028 3615 Non
1057 3562 1252 3617 desunt
1289 3572 1468 3617 tamen
1498 3566 1591 3634 qui
1624 3566 1688 3620 de
1719 3566 1828 3622 llo-

211 3646 278 3701 sii
344 3649 693 3718 pwnitentia
744 3653 1157 3708 controversias
1210 3665 1488 3710 moveant.
1538 3656 1649 3713 Nos
1700 3674 1729 3712 a
1766 3674 1826 3714 re

212 3739 445 3796 multum
498 3742 787 3812 implicata
844 3745 1099 3800 consulto
1134 3747 1425 3802 brevitatis
1456 3750 1847 3825 causaabsti-r

211 3846 428 3888 nemus.
486 3834 787 3890 Adcantur
840 3836 881 3890 ii
931 3837 1127 3907 quibus
1180 3840 1258 3894 rei
1296 3840 1473 3897 fusius
1528 3844 1823 3900 tractanda:

210 3922 380 3977 otium
414 3924 545 3982 fuit.

277 4014 331 4069 5.
363 4014 573 4070 Liberii
623 4016 833 4086 lapsus.
860 4046 934 4056 —
963 4015 1113 4072 Iiosii
1138 4019 1643 4090 praevaricationem
1674 4021 1817 4076 haud

210 4102 284 4159 ita
332 4108 516 4162 multo
559 4118 689 4177 post
720 4109 1057 4163 subsecutus
1098 4119 1180 4164 est
1219 4108 1423 4164 Liberii
1462 4110 1642 4179 lapsus
1675 4127 1688 4164 :
1724 4112 1816 4181 qui

208 4213 328 4253 cum
368 4202 625 4270 priorem
650 4200 972 4258 vexationis
1004 4209 1376 4271 tempestatem
1425 4202 1638 4257 fortiter
1666 4203 1817 4258 tulis-

208 4304 311 4356 set,
346 4294 568 4349 fractus
616 4294 849 4349 demum
908 4293 1267 4348 diuturnitate
1304 4309 1367 4349 ac
1404 4295 1563 4349 tazdio
1608 4296 1811 4361 exsilii,

208 4386 369 4440 minis
398 4386 766 4451 Arianorum,
801 4385 922 4439 suis
950 4398 1281 4453 suorumque
1326 4385 1605 4453 aerumnis,
1636 4401 1813 4441 remo-

211 4476 353 4531 tione
384 4477 784 4543 familiarium,
820 4474 1007 4529 zemuli
1033 4475 1162 4529 item
1191 4474 1274 4528 sui
1306 4474 1570 4531 felicitate
1600 4486 1813 4531 stoma-

211 4566 560 4638 chatus,jam
593 4567 663 4622 ad
695 4566 1081 4624 simulandum
1113 4565 1449 4633 declinabat,
1482 4582 1605 4622 cum
1653 4583 1810 4624 acce-

209 4655 338 4712 dens
384 4659 839 4715 Fortunatianus
891 4657 1257 4727 Aquileiensis
1328 4657 1551 4713 dubium
1604 4658 1808 4716 Liberii

214 4752 473 4818 animum,
507 4753 579 4809 ad
637 4752 951 4808 iucundam
985 4766 1107 4805 cum
1150 4752 1372 4807 Arianis
1400 4753 1717 4808 societatem
1753 4763 1809 4809 et

210 4839 579 4914 denegandam
638 4842 961 4897 Athanasio
1040 4843 1485 4898 communionem
1555 4844 1805 4903 deduxit.

211 4930 429 5005 Moxque
465 4936 560 4992 ille
610 4952 639 4990 a
699 4933 1040 5004 Demophilo
1074 4933 1358 4992 Berteensi
1392 4936 1631 4993 oblatam
1688 4938 1805 4993 Sir-

215 5025 456 5083 micnsem
497 5029 693 5093 ﬁdem,
726 5027 849 5082 sive
874 5025 1056 5095 potius
1087 5028 1392 5097 perﬁdiam,
1426 5028 1683 5101 suffragio
1704 5044 1804 5087 suo

215 5120 445 5186 munivit,
479 5120 778 5192 pollicitus
817 5116 1024 5171 nullam
1058 5132 1118 5174 se
1143 5134 1267 5175 cum
1300 5120 1600 5177 Athanasio
1630 5122 1801 5178 socie-

216 5218 355 5267 tatem
388 5215 936 5270 communionemve
968 5211 1355 5268 admissurum.
1394 5212 1605 5271 Exinde
1654 5214 1802 5269 litte—

211 5318 284 5360 ras
312 5310 395 5364 dat
430 5311 499 5365 ad
540 5306 960 5365 Constantium
996 5305 1313 5372 mittendas,
1346 5306 1430 5360 cui
1466 5315 1708 5362 testatur
1742 5321 1802 5363 se

199 5395 295 5463 iam
329 5404 470 5458 dicto
519 5401 867 5456 audientem
918 5410 1061 5460 esse,
1116 5396 1385 5452 damnare
1413 5398 1796 5468 Athanasium,

199 5496 390 5560 precari
422 5495 631 5567 legatis
672 5491 826 5554 suis,
864 5488 994 5552 sibi,
1028 5489 1152 5543 aliis
1193 5490 1476 5546 exsulibus
1525 5491 1798 5562 episcopis

193 5589 509 5660 remigrandi
559 5589 638 5643 ab
693 5581 911 5638 exsilio
958 5581 1290 5637 facultatem.
1335 5582 1443 5638 Nec
1497 5593 1674 5638 tamen
1710 5584 1799 5639 ille

189 5681 335 5738 tantis
381 5680 562 5737 animi
617 5674 879 5734 emolliti
929 5672 1412 5741 significationibus
1464 5675 1793 5744 postulatum

180 5772 345 5827 statim
410 5781 503 5829 est
564 5774 910 5824 assecutus.
972 5761 1152 5827 Quare
1220 5763 1577 5817 diuturnioris
1629 5780 1794 5819 morae

176 5862 475 5935 impatiens,
512 5862 766 5915 litteras
789 5851 1164 5930 Orientalibus
1188 5852 1453 5923 episcopis
1486 5853 1790 5924 rescripsit,

1932 3381 2299 3449 conquisitus,
2329 3381 2468 3435 haud
2510 3381 2677 3435 semel
2718 3396 2777 3435 se
2809 3383 3078 3451 proripuit
3108 3381 3517 3439 insidiantibus.

1929 3469 2175 3536 Detnutn,
2216 3470 2522 3540 apologiam
2565 3470 2854 3538 claudens,
2906 3480 3136 3527 enarrat
3189 3489 3300 3541 quo
3358 3485 3519 3543 pacto

1928 3562 2154 3617 obsessa
2198 3579 2226 3618 a
2280 3562 2514 3633 Syriauo
2553 3564 2691 3618 duce
2720 3564 2978 3630 ecclesia,
3018 3566 3071 3619 in
3109 3580 3219 3635 qua
3272 3566 3363 3621 ille
3402 3577 3513 3622 tum

1928 3655 2271 3721 versabalur,
2331 3654 2567 3725 portenti
2616 3670 2680 3709 ac
2710 3655 2940 3725 prodigii
2976 3655 3155 3711 simile
3188 3656 3515 3727 fueritquod

1924 3740 2035 3795 Deo
2063 3741 2361 3811 opitulante
2393 3750 2602 3796 tantum
2632 3742 2929 3798 declinaret
2953 3744 3273 3813 periculum.

1990 3831 2313 3902 2.Epistola
2368 3834 2493 3888 item
2530 3843 2579 3887 et
2631 3833 2870 3889 Historia
2926 3836 2994 3890 ad
3047 3839 3510 3893 monachos.—A

1927 3926 2214 3981 monachis
2246 3936 2429 3981 autem
2476 3927 2798 3998 frequenter
2826 3939 3051 4000 rogatus
3084 3931 3423 3989 Athanasius
3448 3943 3511 3989 ut

1921 4031 2103 4071 rerum
2141 4016 2244 4073 sibi
2273 4016 2341 4072 ab
2371 4018 2596 4074 Arianis
2638 4028 2915 4087 gestarum
2946 4020 3311 4092 Ecclesimque
3338 4022 3510 4079 histo-

1921 4110 2059 4164 riam
2116 4111 2542 4176 transmitteret,
2578 4126 2792 4167 necnou
2829 4114 3158 4168 Arianorum
3191 4116 3503 4185 dogmatutn

1918 4196 2375 4264 confutationem,
2402 4213 2590 4253 eorum
2619 4199 2715 4254 ille
2758 4200 2960 4269 optatis
2998 4201 3317 4269 obsecutus,
3344 4202 3503 4255 Aria-

1918 4291 2077 4345 nisnti
2129 4292 2197 4345 ad
2255 4290 2386 4345 illud
2446 4306 2619 4359 usque
2680 4300 2893 4360 tempus
2942 4292 3230 4347 historiam
3299 4295 3502 4360 scripto

1916 4381 2216 4446 mandavit,
2254 4382 2395 4435 unde
2422 4396 2523 4436 nos
2566 4396 2756 4436 eorum
2790 4398 2909 4451 qua:
2943 4383 3210 4439 hactenus
3243 4394 3499 4439 enarrata

1914 4483 2044 4528 sunt
2073 4472 2363 4527 maximam
2390 4480 2601 4542 partem
2616 4473 2926 4531 hausimus.
2957 4473 3249 4530 Misititem
3279 4476 3496 4542 librum,

1913 4580 2020 4634 quo
2044 4563 2235 4634 paucis
2255 4564 2613 4634 impugnabat
2641 4565 2918 4622 haereseos
2933 4566 3150 4623 Arianae
3170 4577 3496 4622 commenta.

1916 4657 1983 4711 Et
2021 4658 2274 4724 rogabat,
2305 4672 2412 4725 qua
2455 4664 2575 4710 erat
2622 4657 2791 4710 animi
2846 4658 3224 4727 temperantia,
3255 4666 3312 4711 ut
3346 4669 3497 4728 post-

1915 4760 2077 4815 quam
2135 4745 2394 4814 legissent
2447 4744 2797 4814 opusculum,
2847 4746 2952 4801 sibi
3004 4747 3369 4814 remitterent,
3396 4763 3497 4804 nec

1911 4836 2148 4907 cuipiam
2192 4835 2481 4906 legendum
2521 4834 2951 4891 commodarent.
3006 4836 3125 4894 Non
3177 4839 3346 4907 enim,
3406 4840 3494 4893 in-

1911 4929 2051 5000 quit,
2087 4937 2262 4984 tutum
2293 4938 2376 4984 est
2408 4938 2659 4984 nostrum
2706 4929 3126 4986 balbutientium
3158 4940 3214 4987 et
3245 4931 3493 4988 indocto-

1913 5037 2029 5077 rum
2056 5021 2269 5076 litteras
2295 5022 2362 5075 ad
2393 5028 2645 5091 posteros
2676 5022 2990 5092 pervenire.
3027 5022 3158 5078 Eam
3188 5037 3319 5079 vero
3340 5025 3495 5080 Aria.

1908 5112 2073 5169 nismi
2114 5111 2544 5169 confutationem
2578 5113 2796 5182 penitus
2824 5113 3101 5169 interiisse
3134 5115 3488 5172 arbitramur.

1907 5203 2136 5259 Diversa
2185 5204 2332 5258 enim
2380 5218 2603 5273 prorsus
2645 5212 2767 5259 erat
2807 5204 2876 5260 ab
2924 5206 3263 5265 orationibus
3297 5216 3489 5261 contra

1905 5295 2138 5351 Arianos
2169 5304 2223 5350 et
2253 5297 2321 5350 ab
2355 5295 2585 5364 epistola
2615 5296 2856 5352 secunda
2894 5296 2964 5351 ad
3008 5295 3387 5366 Serapionem,
3426 5304 3485 5350 ut

1906 5392 2152 5463 pluribus
2183 5393 2310 5449 alibi
2341 5404 2824 5451 commonstratur.

1976 5487 2035 5541 3.
2061 5487 2303 5556 Epistula
2350 5488 2417 5540 ad
2443 5487 2787 5554 Serapionem
2821 5489 2885 5543 de
2914 5495 3082 5540 morte
3119 5483 3348 5539 Arii..--
3373 5478 3489 5535 Ne-

1902 5590 2009 5645 que
2050 5578 2122 5633 ita
2170 5578 2342 5633 multo
2378 5589 2501 5648 post
2555 5578 2776 5644 accidit,
2835 5587 2895 5631 ut
2946 5592 3071 5631 cum
3132 5573 3398 5643 Serapion
3425 5580 3483 5630 ct

1899 5671 1989 5726 alii
2018 5671 2238 5741 quidam
2274 5671 2694 5741 disputationem
2718 5671 2964 5733 inissent,
2995 5668 3069 5722 ibi
3092 5667 3479 5723 controversia

1897 5762 2058 5817 ﬁnem
2104 5763 2375 5827 facerent,
2426 5777 2493 5815 an
2550 5759 2804 5814 Ecclesiae
2838 5758 3221 5813 communione
3249 5758 3476 5826 junctus

1896 5854 2119 5911 obiisset
2147 5855 2330 5920 Arius,
2361 5869 2483 5924 quae
2513 5866 2603 5907 res
2629 5854 2681 5906 in
2720 5851 2967 5920 proximo
2998 5865 3290 5919 congressu
3340 5864 3473 5920 per-
