4038 6586
574 407 816 452 σικινηι

1915 383 2450 441 PROLEGO‘MENA.

576 515 738 569 ferula
810 517 950 563 erat.
1014 503 1350 573 Interpositis
1410 504 1480 557 ad
1529 509 1882 572 quaestionem
1935 499 2147 564 diebus,
2179 503 2224 559 Α
2253 507 2578 567 praepostere
2623 504 2909 561 sentirent,
2941 501 2999 551 ut
3046 511 3151 551 non
3208 495 3367 551 modo
3415 510 3529 551 rem
3581 505 3825 552 creatam

577 601 930 658 Athanasium
963 599 1225 667 Serapion
1248 596 1481 666 rogavit,
1506 595 1831 649 Arianorum
1862 591 2147 647 historiam

576 706 632 750 et
679 693 975 749 Arianismi
1030 689 1454 745 confutationem
1489 687 1729 742 mitteret
1756 685 1881 750 sibi,
1927 699 1991 738 ac
2043 697 2146 737 una

577 795 931 858 percontatus
959 792 1061 847 est,
1091 797 1213 851 quae
1255 783 1392 836 ratio
1435 780 1623 835 mortis
1658 779 1792 842 Arii,
1817 778 1947 847 quid
1990 790 2051 830 ea
2083 776 2147 829 de

576 893 639 933 re
668 880 783 947 ipse
812 877 1188 945 comperisset.
1241 875 1353 928 Duo
1380 873 1594 941 quidem
1625 869 1892 940 postulata
1921 867 2148 921 libenter

576 969 894 1037 exsequitur
921 965 1275 1028 Athanasius,
1315 962 1652 1018 transmissis
1692 961 1756 1016 iis
1787 975 1906 1029 quae
1933 960 2000 1012 ad
2032 974 2147 1014 mo-

576 1062 786 1117 naehos
826 1070 953 1114 ante
989 1056 1428 1124 conscripsisset.
1471 1053 1716 1109 Tertium
1754 1065 1883 1106 vero
1919 1064 2061 1120 azgrc
2088 1063 2147 1102 se

579 1154 746 1213 atque
799 1145 1011 1213 ingrato
1040 1141 1222 1194 animo
1252 1138 1550 1192 concedere
1600 1136 1820 1199 fatetur,
1845 1135 2050 1190 veritus
2080 1151 2146 1189 ne

574 1243 793 1289 mortuo
847 1231 1108 1286 insultare
1137 1245 1199 1284 ac
1225 1231 1280 1283 in
1309 1228 1554 1298 pernicie
1579 1227 1816 1283 hominis
1840 1225 2145 1281 enarranda

573 1326 771 1393 gestire
802 1325 1065 1378 videatur.
1103 1323 1264 1376 Vetat
1313 1321 1565 1376 similiter
1605 1319 1769 1373 ullum
1808 1317 1971 1372 libelli
2013 1331 2145 1372 con—

572 1426 655 1469 tra
713 1416 945 1468 Arianos
988 1413 1356 1482 apographum
1402 1410 1729 1466 edi.'l‘utum
1779 1424 1886 1462 non
1921 1416 2025 1470 est,
2059 1407 2142 1460 in-

571 1506 713 1573 quit,
743 1505 979 1574 imperiti
1012 1506 1213 1574 scripta
1249 1503 1454 1566 edere;
1488 1514 1553 1555 ne
1588 1501 1631 1555 si
1676 1499 1804 1570 quid
1835 1513 1931 1566 per
1975 1495 2145 1549 imbe-

510 1627 531 1683 ί
571 1596 848 1650 cillitatem
871 1595 1362 1662 obscuritatemque
1405 1592 1671 1647 sermonis
1699 1592 1877 1644 minus
1907 1589 2144 1659 perfecte

573 1687 779 1741 dictum
812 1688 906 1750 sit,
936 1701 1132 1740 noxam
1169 1685 1217 1739 id
1252 1684 1546 1739 lectoribus
1574 1681 1782 1737 aﬂ‘erat.
1813 1681 1943 1748 Quae
1977 1680 2141 1733 animi

566 1778 928 1846 temperantia
979 1777 1160 1832 elucet
1205 1775 1334 1831 item
1389 1777 1440 1830 in
1481 1783 1591 1831 toto
1640 1789 1861 1844 operum
1897 1772 2015 1841 ejus
2051 1773 2143 1827 de-

566 1881 758 1923 cursu.

641 1981 694 2034 ι.
729 1979 876 2034 Libri
903 1993 1087 2035 contra
1119 1981 1364 2034 Arianos.
1395 2011 1459 2021 ——
1488 1977 1632 2034 idem
1651 1978 1876 2033 circiter
1904 1984 2138 2044 tempus,

568 2081 628 2126 ut
658 2080 933 2142 putamus,
963 2082 1197 2142 quatuor
1232 2073 1401 2127 edidit
1445 2072 1612 2127 libros
1646 2081 1835 2125 contra
1886 2069 2137 2132 Arianos,

566 2163 804 2219 famosos
831 2166 1045 2233 quidem
1079 2165 1202 2221 illos
1232 2173 1286 2219 et
1334 2164 1497 2219 nullis
1537 2178 1642 2219 non
1694 2162 1906 2218 saeculis
1954 2169 2136 2231 postea

567 2253 873 2309 celebratos
896 2271 910 2319 ;
937 2270 1003 2310 ex
1025 2257 1221 2324 quibus
1249 2268 1346 2310 ceu
1373 2255 1614 2310 fontibus
1646 2261 1963 2324 argumenta
1987 2253 2139 2306 dein-

566 2360 696 2413 ceps
748 2350 976 2400 mutuati
1024 2355 1151 2398 sunt
1185 2355 1452 2413 quotquot
1503 2360 1600 2415 pro
1634 2344 1917 2400 divinitate
1976 2342 2134 2398 Verbi

563 2439 853 2491 asserenda
906 2438 1258 2506 scripserunt.
1313 2436 1427 2492 Non
1479 2452 1586 2492 uno
1628 2438 1840 2505 quidem
1869 2446 1922 2491 et
1949 2438 2134 2491 eodem

566 2539 810 2597 tempore
843 2527 964 2581 illos
993 2527 1299 2596 evulgavit;
1348 2528 1442 2581 sed
1475 2527 1563 2580 ubi
1603 2528 1838 2595 priorem
1868 2527 2133 2589 ediderat,

563 2634 766 2687 gnarus
788 2619 1024 2672 Arianos
1052 2627 1240 2671 contra
1276 2618 1576 2687 insurgere,
1610 2628 1664 2672 et
1694 2617 1959 2673 adversus
1993 2617 2138 2671 veri-

564 2719 734 2762 tatem
758 2724 826 2762 eo
852 2709 1337 2763 iibrovindicatam
1372 2708 1648 2773 dimicare,
1689 2709 1917 2762 alterum
1943 2709 2132 2762 edidit.

561 2799 674 2853 Nec
709 2800 1123 2868 quiescentibus
1146 2798 1386 2864 Arianis,
1428 2800 1641 2853 tertium
1673 2808 1728 2853 et
1757 2809 1940 2869 postea
1965 2814 2133 2869 quar-

563 2902 674 2946 tmn
711 2893 975 2946 exaravit.
1032 2891 1224 2946 Libros
1250 2901 1433 2947 autem
1471 2892 1779 2960 hujusmodi
1834 2893 2133 2948 amicorum

565 2985 752 3039 nescio
783 2985 868 3039 cui
897 2985 1082 3038 mittit.
1114 2985 1177 3037 Et
1213 2985 1462 3040 fortassis
1502 2985 1626 3053 quia
1664 2985 1838 3039 innuit
1867 2999 1924 3040 se
1947 2986 2131 3040 eadem

560 3076 762 3144 scripta
791 3076 914 3129 viro
941 3091 1277 3144 nuncupare,
1315 3078 1407 3144 qui
1455 3077 1846 3132 controversiis
1875 3078 2133 3132 adversus

2171 1844 2214 1898 B

2251 603 2370 642 esse
2411 597 2733 658 pugnarent,
2789 587 2881 642 sed
2931 587 3093 641 etiam
3157 601 3322 640 unum
3372 601 3435 642 ex
3489 587 3828 642 administris

2251 679 2530 748 spiritibus
2561 694 2702 744 esse,
2758 677 2986 748 soloque
3038 677 3208 748 gradu
3241 678 3308 732 ab
3340 678 3548 748 angelis
3579 677 3824 733 differre.

2250 771 2328 826 Re
2371 779 2645 841 comperta
2697 768 3025 824 Athanasius
3078 768 3278 838 impios
3330 769 3581 823 homines
3612 769 3825 838 prolixa

2251 864 2340 918 illa
2375 864 2554 932 priore
2585 863 2651 917 ad
2679 861 3032 932 Serapionem
3087 862 3256 916 missa
3291 861 3544 930 epistola,
3575 862 3828 915 innume-

2248 956 2326 1011 ris
2359 971 2497 1025 pene
2553 970 2618 1009 ex
2671 954 2950 1023 Scriptura
2989 969 3141 1010 sacra
3189 954 3452 1008 mutuatis
3496 954 3827 1008 testimoniis

2248 1047 2571 1104 confutavit.
2604 1045 2777 1113 Quam
2811 1046 3096 1115 epistolam
3127 1061 3249 1102 cum
3283 1046 3546 1115 Serapion
3590 1045 3828 1099 familia-

2251 1138 2402 1193 ribus
2437 1136 2870 1206 necessariisque
2895 1136 3007 1190 suis
3036 1134 3338 1200 obtulisset,
3369 1135 3633 1204 rogabant
3659 1134 3734 1187 illi
3769 1143 3828 1190 ut

2248 1243 2360 1283 rem
2393 1227 2564 1281 fusius
2594 1227 2718 1282 istic
2749 1227 3006 1297 agitatam
3048 1227 3100 1281 in
3142 1227 3520 1297 compendium
3552 1227 3827 1299 redigeret

2248 1319 2361 1388 ipse
2411 1317 2779 1384 Athanasius;
2828 1332 2934 1388 quo
2996 1317 3209 1374 facilius
3262 1320 3364 1388 ipsi
3433 1327 3658 1388 possent
3682 1333 3828 1373 vera

2247 1409 2371 1463 ﬁdei
2425 1409 2610 1465 hostes
2657 1411 2847 1480 paucis
2893 1425 3172 1467 coercere.
3220 1410 3274 1463 id
3327 1424 3543 1480 quoque
3588 1409 3826 1465 libenter

2245 1501 2596 1564 Athanasius,
2624 1501 3029 1556 Catholicorum
3059 1515 3274 1571 semper
3300 1501 3603 1555 commodis
3633 1501 3820 1556 inten-

2246 1604 2352 1657 tus,
2387 1593 2670 1662 praestitit;
2703 1592 2980 1661 alteraque
3024 1593 3188 1647 missa
3227 1594 3291 1646 ad
3329 1593 3680 1662 Serapionem
3711 1593 3827 1662 epi-

2244 1685 2380 1740 stola
2408 1685 2472 1740 de
2502 1685 2781 1740 divinitate
2812 1685 2955 1750 Filii,
2987 1685 3197 1739 tertiam
3230 1685 3525 1755 rescripsit,
3553 1700 3674 1754 qua:
3705 1696 3826 1740 erat

2246 1778 2440 1849 prioris
2488 1778 2738 1847 epitome.
2773 1775 2828 1831 In
2882 1784 3071 1846 quarta
3123 1791 3333 1846 quoque
3382 1776 3613 1846 idipsum
3664 1790 3826 1846 argu-

2245 1879 2484 1923 mentum
2536 1868 2896 1937 persequitur,
2960 1876 3121 1937 atque
3182 1882 3281 1922 ceu
3333 1868 3651 1936 appendicis
3706 1868 3825 1923 loco

2243 1959 2499 2027 explanat
2541 1958 2668 2012 illud
2705 1978 2718 2012 :
2752 1959 3060 2028 Quicunque
3116 1959 3312 2012 dixerit
3366 1959 3576 2014 verbum
3637 1970 3825 2014 contra

2245 2049 2451 2105 Filium
2488 2050 2712 2104 hominis
2739 2051 2780 2114 ',
2816 2059 2918 2105 etc.
2952 2051 3050 2117 Qui
3082 2052 3230 2121 plura
3260 2052 3323 2105 de
3355 2051 3594 2122 epistolis
3619 2053 3683 2105 ad
3726 2051 3826 2109 Se-

2247 2143 2526 2212 rapionem
2572 2141 2919 2206 desiderarit,
2967 2142 3213 2197 consulat
3245 2142 3509 2198 monitum
3545 2143 3600 2198 in
3632 2158 3823 2199 earum

2243 2233 2420 2289 fronte
2444 2236 2786 2288 adornatum.

2313 2327 2366 2380 6.
2410 2326 2647 2381 Liberius
2688 2327 2904 2381 Romam
2953 2329 3107 2382 redit.
3137 2357 3203 2366 -—
3235 2327 3348 2384 Hoc
3390 2328 3506 2398 ipso
3538 2345 3684 2386 anno
3713 2330 3825 2386 Ro-

2243 2435 2383 2473 mam
2411 2435 2530 2485 cum
2557 2421 2890 2490 pervenisset
2922 2419 3192 2486 Liberius,
3211 2421 3414 2489 jussus,
3435 2431 3626 2476 contra
3658 2437 3823 2492 quam

2240 2525 2557 2566 concessum
2591 2511 2802 2578 fuisset,
2839 2527 2944 2565 una
2969 2527 3087 2566 cum
3133 2511 3311 2566 Felice
3339 2511 3598 2567 Romana:
3631 2513 3824 2569 Eccle-

2241 2603 2333 2656 siae
2367 2603 2731 2673 gubernacula
2762 2611 2970 2669 tenere,
3000 2602 3200 2673 ingenti
3239 2604 3476 2657 omnium
3528 2604 3719 2673 plausu
3769 2616 3825 2660 et

2239 2695 2422 2750 ia=titia
2456 2704 2713 2763 exceptus
2739 2703 2819 2750 est
2845 2694 2943 2766 (b).
2977 2693 3126 2749 Felix
3159 2708 3286 2748 vero
3318 2709 3542 2762 perosus
3572 2695 3823 2750 multitu-

2238 2789 2372 2853 dini,
2425 2789 2565 2843 haud
2631 2789 2703 2842 ita
2753 2787 2922 2841 multo
2974 2795 3094 2856 post
3140 2786 3327 2856 pulsus
3374 2785 3821 2856 proﬂigatusque,

2236 2883 2424 2954 procul
2467 2881 2612 2937 Urbe
2654 2889 2982 2950 postremum
3028 2878 3220 2934 clausit
3250 2878 3410 2933 diem.
3461 2876 3577 2933 Non
3623 2877 3824 2933 desunt

2237 2977 2327 3046 qui
2386 2990 2505 3029 eum
2537 2973 2692 3043 quasi
2753 2982 3049 3042 martyrem
3087 2969 3274 3025 haberi
3332 2978 3495 3039 atque
3546 2969 3822 3026 celebrari

2239 3076 2490 3137 oportere
2518 3065 2866 3120 contendant.
2903 3063 3006 3117 Alii
3037 3063 3118 3116 vix
3147 3062 3413 3117 aestimant
3448 3063 3728 3118 hominem
3763 3061 3820 3116 in

559 3167 793 3222 Arianos
849 3183 1070 3238 operam
1125 3168 1254 3223 dare
1310 3169 1502 3224 solitus
1558 3179 1698 3235 erat,
1732 3169 1858 3224 hinc
1894 3170 2133 3241 suspicio
2162 3181 2202 3238 ο
2241 3159 2416 3213 locum
2451 3157 2551 3212 Viri
2577 3172 2675 3228 Ρΐο
2708 3171 2837 3211 Vera
2863 3156 2965 3209 “de
2988 3154 3123 3226 PuISi
3151 3155 3524 3221 οοηειίίυιυηῖν
3561 3154 3822 3224 manliis

557 3259 771 3311 oriatur
805 3272 927 3312 esse
974 3258 1333 3327 Serapionem
1363 3257 1772 3322 Thmuitanum,
1809 3257 1901 3325 qui
1933 3257 2131 3312 multus

557 3357 683 3401 erat
736 3347 790 3400 in
841 3346 1194 3401 confutandis
1251 3347 1719 3417 coarguendisquc
1768 3348 2025 3411 Arianis,
2077 3357 2132 3402 et

559 3440 788 3493 subinde
815 3440 1216 3493 controversias
1247 3454 1429 3492 coram
1473 3438 1662 3491 inibat.
1712 3437 1769 3491 in
1805 3437 1978 3504 prima
2005 3451 2133 3491 vero

562 3529 640 3580 ait
665 3527 1001 3580 Athanasius
1033 3526 1130 3596 (α),
1161 3527 1392 3583 Arianos
1418 3525 1770 3579 circumcirca
1807 3539 2134 3580 concursare

559 3618 751 3672 solitos
785 3618 968 3685 pueris
1018 3618 1069 3670 in
1127 3617 1247 3672 foro
1275 3631 1587 3683 occurrere,
1625 3627 1791 3685 atque
1817 3625 1875 3670 ut
1903 3617 2130 3687 argutiis

561 3725 590 3762 a
627 3708 730 3762 fide
781 3709 1122 3762 dimoverent
1186 3708 1528 3778 interrogare
1575 3725 1590 3760 :
1630 3708 1731 3774 Qui
1786 3708 1903 3775 est',
1940 3722 2133 3762 eumne

559 3801 648 3868 qui
683 3802 922 3854 nondum
943 3810 1085 3855 esset
1108 3799 1236 3855 fecit
1268 3816 1330 3854 ex
1364 3801 1558 3866 nihilo,
1581 3815 1648 3854 an
1685 3802 1776 3870 qui
1807 3800 1913 3871 jam
1945 3802 2132 3856 esset?

561 3889 626 3941 Et
658 3904 846 3942 rursus
875 3887 1161 3944 :Unumne
1220 3898 1301 3943 est
1341 3890 1636 3961 ἀγέννητον
1691 3905 1759 3943 an
1803 3890 1951 3947 duo?
1992 3889 2130 3943 Num

560 3978 733 4033 Filius
769 3979 940 4032 libero
971 3981 1224 4048 praeditus
1265 3992 1347 4036 est
1391 3982 1638 4045 arbitrio,
1665 3982 1998 4052 propriaque
2037 3997 2132 4036 vo-

560 4071 766 4123 luntate
809 4085 916 4123 non
966 4079 1224 4135 mutatur,
1259 4087 1384 4127 cum
1444 4082 1655 4126 natura:
1696 4073 1767 4127 sit
1815 4072 2131 4128 mutabilis?

558 4162 674 4215 Non
708 4164 853 4216 enim
887 4163 1055 4216 instar
1087 4162 1279 4230 lapidis
1316 4164 1608 4218 immobilis
1644 4175 1747 4219 est.
1784 4164 2129 4220 Mulierculas

559 4256 744 4311 itidem
798 4255 1106 4310 sciscitatos
1157 4270 1276 4310 esse
1305 4272 1318 4308 :
1347 4254 1484 4309 Num
1533 4256 1724 4323 filium,
1751 4257 1991 4320 aiebant,
2029 4257 2120 4309 ha-

555 4347 724 4402 buisti
773 4347 1089 4415 priusquam
1149 4345 1405 4416 pareres?
1457 4345 1621 4416 Atqui
1670 4346 2125 4416 quemadmodum

556 4454 662 4492 non
695 4438 844 4506 prius
864 4436 1125 4502 habuisti,
1155 4437 1227 4491 ita
1249 4451 1349 4493 nec
1383 4437 1476 4493 Dei
1499 4437 1673 4492 Filius
1709 4437 1810 4490 fuit
1836 4447 2124 4504 antequam

2239 3251 2452 3305 nomine
2478 3249 2778 3305 ornandum
2812 3262 2931 3303 esse
2952 3289 2966 3312 ,
2999 3262 3116 3301 cum
3160 3246 3393 3302 maxime
3423 3247 3490 3300 ab
3516 3247 3822 3315 :equaiibus

2237 3342 2406 3398 ferme
2427 3340 2677 3397 omnibus
2707 3340 3024 3394 traducatur
3057 3347 3114 3393 ut
3141 3348 3399 3409 tyrannus
3435 3348 3488 3392 et
3516 3339 3820 3394 Catholicis

2237 3433 2420 3489 invitis
2463 3432 2774 3495 ordinatus,
2799 3446 2897 3486 nec
2942 3430 3045 3485 nisi
3082 3446 3110 3482 a
3138 3430 3268 3485 viris
3293 3430 3382 3500 qui
3417 3430 3602 3486 multis
3628 3439 3820 3499 postea

2238 3524 2447 3579 saeculis
2477 3524 2743 3594 scripsere
2774 3536 2872 3592 pro
2906 3536 3031 3576 vera
3063 3522 3166 3577 fide
3195 3537 3391 3592 passus
3428 3523 3700 3577 tradatur.

2306 3617 2357 3669 7.
2390 3614 2527 3682 Quid
2557 3624 2734 3669 autem
2763 3623 2875 3669 toto
2909 3623 3112 3684 septem
3148 3629 3412 3669 annorum
3451 3615 3629 3684 spatio
3659 3616 3820 3670 exsul

2234 3706 2574 3760 Athanasius
2596 3706 2789 3776 egerit,
2819 3721 2941 3761 cum
3004 3706 3228 3761 incertis
3264 3707 3482 3761 sedibus
3518 3706 3820 3761 remotiora

2237 3797 2441 3851 deserti
2475 3797 2589 3851 ioca
2618 3806 2951 3868 peragraret,
2990 3798 3186 3851 mirum
3239 3799 3440 3867 ubique
3484 3798 3766 3853 silentium
3798 3815 3814 3851 :

2235 3902 2340 3956 quo
2373 3888 2590 3956 gravior
2645 3887 2858 3942 oriatur
2887 3887 3039 3942 dolor
3065 3903 3127 3943 ex
3166 3887 3253 3942 ilia
3293 3887 3377 3942 vel
3428 3887 3691 3959 lacrymis
3720 3888 3819 3942 de-

2235 3981 2490 4049 piorauda
2517 3980 2729 4048 jactura
2757 3979 3106 4048 epistolarum
3139 3978 3424 4044 festaiium,
3448 3994 3584 4048 quas
3615 3995 3818 4050 magno

2235 4085 2462 4125 nmnero
2497 4080 2716 4125 sanctus
2749 4069 2944 4139 praesul
2978 4070 3354 4124 Alexandrinae
3396 4069 3536 4137 plebi
3571 4071 3625 4124 in
3655 4081 3809 4125 ccctu

2233 4163 2634 4218 Catholicorum
2683 4163 2936 4235 legendas
2991 4164 3326 4231 transmisit;
3376 4163 3463 4217 ubi
3525 4163 3594 4217 de
3655 4163 3817 4217 malis

2233 4267 2289 4310 et
2315 4255 2716 4311 calamitatibus
2753 4255 3010 4312 Ecclesia:
3037 4255 3221 4320 illatis,
3253 4255 3424 4324 deque
3447 4254 3614 4324 gestis
3645 4256 3814 4308 Aria-

2235 4363 2426 4402 norum
2465 4363 2705 4417 persaepe.
2729 4350 2928 4405 mentio
2961 4358 3098 4417 erat,
3132 4357 3293 4418 atque
3332 4347 3496 4402 dubio
3517 4348 3705 4417 procul
3743 4349 3815 4402 de

2237 4439 2446 4493 ratione
2473 4446 2527 4494 et
2554 4441 2798 4497 instituto
2826 4443 2951 4496 vitae
2999 4456 3110 4496 suae
3135 4441 3272 4510 apud
3309 4441 3627 4505 monachos,
3666 4457 3812 4510 quo-

554 4539 890 4584 nasccretnr.
942 4528 1068 4585 Haec
1118 4529 1446 4586 Arianorum
1500 4529 1836 4598 sophismata
1893 4529 2127 4583 invictus
2162 4508 2204 4561 Ῑ)
2237 4546 2356 4584 rum
2405 4540 2578 4586 coetus
2627 4531 2880 4601 frequens
2919 4533 3121 4587 adibat.
3169 4508 3345 4587 iCum
3393 4508 3699 4598 monachis,
3731 4534 3812 4587 ait

553 4620 720 4676 Verbi
757 4621 1033 4686 defensor,
1068 4637 1167 4677 nec
1198 4622 1316 4677 sine
1347 4620 1677 4676 Arianorum
1723 4620 1961 4676 convitio
1996 4635 2127 4674 con-

551 4712 711 4776 futat,
745 4724 800 4768 et
838 4715 1136 4768 vanissima
1159 4715 1414 4770 ostendit.

623 4801 674 4856 5.
711 4801 964 4870 Epistola:
996 4805 1063 4857 ad
1091 4803 1434 4871 Serapionem
1479 4805 1545 4858 de
1595 4802 1794 4872 Spiritu
1822 4811 2027 4857 sancto.
2056 4833 2125 4844 —

555 4895 609 4947 in
663 4895 880 4947 deserto
930 4893 1080 4958 item,
1136 4908 1259 4947 eum
1312 4893 1630 4948 ardentibus
1688 4892 2125 4962 instantibusque

552 4986 886 5039 adversariis
919 4986 1032 5039 suis
1059 4984 1127 5038 ad
1172 4998 1361 5037 necem
1397 4983 1598 5054 ubique
1629 4984 1870 5038 iocorum
1909 4984 2126 5053 perqui-

555 5083 790 5142 reretut‘,
851 5084 1087 5144 quatuor
1143 5073 1262 5130 illas
1319 5074 1386 5129 ad
1444 5073 1801 5145 Serapionem
1866 5073 2127 5143 epistolas

548 5169 855 5225 etiamnum
908 5168 1229 5238 superstites
1267 5168 1625 5238 conscripsit;
1656 5181 1886 5236 quarum
1938 5165 2126 5232 hujus-

553 5261 696 5315 modi
724 5262 848 5315 data
872 5261 1092 5316 occasio
1116 5271 1218 5316 est.
1257 5262 1479 5317 Litteris
1504 5259 1809 5316 Athanasio
1843 5256 2120 5326 significa-

552 5355 646 5424 bat
679 5352 960 5420 Serapion,
991 5353 1277 5408 nonnullos
1312 5367 1433 5408 esse
1471 5351 1565 5420 qui
1609 5350 1868 5405 Ariauam
1902 5348 2120 5417 quidem

520 5427 800 5517 haeresim
833 5444 1258 5512 proscriberent,
1311 5443 1404 5498 sed
1442 5441 1509 5497 de
1560 5440 1769 5511 Spiritu
1808 5449 1997 5494 sancto
2045 5440 2120 5495 ita

625 5581 640 5611 ¹
667 5577 856 5632 Matth.
891 5592 990 5643 xtl,
1020 5577 1110 5631 52.

621 5683 698 5784 (rt)
729 5715 878 5770 Orat.
917 5733 932 5770 ι
966 5727 1146 5772 contra
1172 5718 1357 5772 Arion.
1387 5733 1439 5771 n.
1471 5717 1559 5770 29.

2237 4621 2533 4692 Gregorius
2559 4622 2951 4690 Nazianzenus,
2987 4625 3427 4681 consuetudinem
3455 4625 3666 4680 habens
3690 4641 3809 4679 ma-

2235 4731 2370 4784 gnus
2397 4714 2484 4770 ille
2517 4716 2620 4780 vir,
2657 4729 2712 4770 ut
2747 4717 2976 4772 aliorum
3004 4719 3243 4772 omnium
3283 4717 3490 4773 arbiter
3516 4727 3573 4773 et
3616 4719 3806 4774 conci-

2234 4809 2394 4863 liator
2420 4819 2560 4874 erat,
2592 4825 2712 4864 eum
2745 4811 2953 4866 scilicet
2985 4811 3248 4878 imitatus,
3270 4812 3360 4880 qui
3401 4813 3670 4882 sanguine
3704 4827 3808 4867 suo

2229 4912 2290 4953 ea
2323 4913 2443 4969 qua:
2475 4898 2810 4954 dissidebant
2844 4901 2897 4955 in
2944 4915 3131 4971 pacem
3184 4901 3440 4968 deduxit;
3490 4904 3565 4956 ita
3613 4903 3806 4958 soii'ta-

2230 4990 2369 5043 riam
2429 5005 2647 5060 quoque
2718 4992 2884 5046 vitam
2935 5008 3057 5047 cum
3112 4995 3384 5049 communi
3436 4995 3802 5050 conciliavit:

2231 5080 2520 5137 ostendens
2543 5085 2905 5138 sacerdotium
2933 5098 3037 5138 non
3060 5099 3178 5140 esse
3208 5085 3560 5154 philoSOphia:
3579 5101 3804 5155 expers,

2229 5184 2284 5228 et
2319 5175 2710 5245 philosophiam
2773 5176 3076 5231 sacerdotio
3125 5191 3303 5245 egere.
3351 5177 3444 5233 Sic
3493 5179 3637 5234 enim
3685 5179 3806 5234 haec

2230 5265 2334 5318 duo
2379 5266 2655 5334 copulavit
2683 5269 3142 5337 consociavitque,
3171 5278 3226 5324 et
3252 5269 3600 5339 tranquillam
3631 5272 3803 5327 aetio~

2230 5369 2376 5420 nem,
2399 5366 2453 5411 et
2473 5366 2746 5413 actuosam
2767 5360 3201 5429 tranquillitatem
3228 5379 3240 5415 :
3263 5369 3320 5415 ut
3341 5376 3661 5430 persuasum
3679 5378 3803 5418 om-

2226 5443 2387 5501 nibus
2414 5447 2686 5515 redderet,
2719 5450 3026 5508 mouastictc
3069 5453 3192 5507 vitae
3241 5451 3635 5521 professionem
3683 5469 3803 5508 mo-

619 5791 694 5855 (ο)
735 5784 949 5843 Sozom.
993 5786 1085 5842 lib.
1115 5803 1189 5856 tv,
1223 5801 1342 5857 cap.
1377 5787 1474 5856 i5;
1513 5786 1830 5846 Theod.iib.
1871 5803 1931 5858 il,
1966 5805 2085 5862 cap.
2112 5791 2207 5861 i7;
2240 5793 2559 5867 Philostorg.
2593 5796 2684 5853 lib.
2715 5813 2788 5868 tv,
2815 5813 2931 5871 cap.
2957 5799 3008 5855 5.
