4038 6558
1529 367 1690 423 VITA
1734 369 1790 424 S.
1833 369 2221 427 ATIIANASII.

3309 393 3508 434 εκπιιι

168 479 268 524 mm
300 475 509 566 Ρ9¹Ῑ¹¹⁵
575 489 917 551 gravitate
964 492 1359 558 et-eonstantia,
1390 510 1552 564 quam
1587 499 1831 566 corporis
1860 505 1903 560 Α
1934 511 2029 554 aut
2064 507 2319 554 eventum
2358 496 2692 564 dispensare,
2741 505 2905 564 atque
2939 505 3170 565 ereptum
3213 489 3292 550 ad
3323 512 3506 551 mona-

171 563 482 661 3f°¢§SiOIIC
521 579 819 642 exprimi
859 593 1027 652 atque
1050 583 1309 652 insigniri.
1334 563 1449 650 Quo
1468 594 1622 653 pacto
1656 563 1820 642 David

173 652 309 752 simul
331 668 392 708 et
427 674 652 716 rerum
721 674 1109 738 gerendarum
1145 674 1397 730 facultate
1430 678 1740 744 praestabat,
1769 688 1838 734 et

180 755 222 793 tn
245 758 459 799 summa
502 761 725 810 tamen
785 762 1089 818 solitudine
1127 764 1390 833 degebat;
1422 767 1464 819 si
1500 768 1587 823 cui
1639 776 1822 826 tamen

184 835 346 890 illud:
395 837 832 914 Siugulariter
889 869 1006 906 sum
1031 869 1119 922 ego
1171 854 1334 924 donec
1394 865 1658 913 transeam
1682 862 1723 926 ’,
1762 863 1826 916 ad

192 930 334 1001 hujus
361 931 508 986 dicti
565 938 1087 997 confirmationem
1140 942 1321 998 afferri
1372 961 1532 1017 posse
1561 951 1825 1010 videatur.

198 1023 264 1075 lla
297 1034 352 1078 ut
389 1026 490 1094 qui
529 1027 696 1083 alios
758 1034 980 1088 virtute
1015 1037 1318 1104 anteibant,
1353 1041 1513 1095 iidem
1557 1042 1626 1096 ab
1686 1043 1830 1098 illius

204 1115 412 1171 consilio
435 1127 496 1172 et
523 1131 738 1176 mente
768 1122 1027 1194 longiore
1059 1128 1342 1188 intervallo
1369 1135 1639 1201 abessent,
1669 1150 1828 1203 quam

215 1297 438 1350 numeris
477 1302 768 1362 omnibus
804 1309 1200 1366 absolvendum
1251 1327 1419 1382 pauca
1471 1314 1829 1383 conferentes,

223 1392 376 1452 multo
409 1392 572 1468 plura
628 1410 705 1455 ad
762 1406 1087 1460 monastioa:
1122 1406 1243 1460 vita:
1278 1407 1540 1460 rationem
1593 1408 1833 1477 partibus

225 1490 462 1546 omnibus
499 1495 858 1562 explendam
906 1498 1234 1567 reciperent.
1271 1498 1611 1569 Tantumque
1655 1501 1702 1554 ei
1739 1502 1833 1555 tri-

231 1584 474 1647 latebant,
509 1594 575 1639 ut
611 1589 898 1657 quidquid
944 1590 1046 1658 ipsi
1080 1591 1252 1646 visum
1282 1600 1421 1647 esset
1441 1601 1548 1662 pro
1596 1592 1711 1662 lege
1735 1592 1834 1646 ha-

237 1674 443 1737 berent;
483 1691 551 1730 ac
584 1692 797 1732 rursus
835 1681 1070 1734 vetitum
1098 1680 1194 1736 sibi
1221 1691 1274 1736 et
1299 1682 1642 1737 interdictum
1677 1683 1835 1752 quid-

241 1763 355 1831 quid
405 1764 493 1821 ille
535 1771 830 1824 sententia
885 1787 984 1826 sua
1028 1772 1385 1844 improbasset
1439 1775 1833 1840 existimarent,

1925 591 2090 645 steria
2133 589 2238 644 iter
2289 597 2613 656 prosecutus
2653 596 2756 640 est.
2809 587 3162 656 Posteaquam
3211 589 3390 656 itaque
3437 588 3504 641 ad

1930 679 2324 734 monasterium
2379 677 2560 730 Pabau
2621 679 2842 746 propius
2915 680 3144 732 accessit
3210 680 3504 744 Artemius,

1929 771 2070 825 haud
2095 787 2253 826 secus
2281 785 2344 824 ac
2366 771 2410 824 si
2442 769 2638 823 bellqu
2663 778 2965 837 gereretur,
2991 770 3508 837 dispositiscircum-

1931 873 2143 928 quaque
2175 857 2456 923 militibus,
2479 856 2638 924 jussit
2669 858 3062 910 monasterium
3088 859 3388 912 observari.
3424 858 3508 912 In-

1932 965 2153 1021 gressus
2187 951 2260 1004 ibi
2285 949 2625 1004 considebat.
2659 948 2818 1001 Extra
2852 947 3028 1001 locum
3066 955 3245 1001 tamen
3273 964 3506 1004 conven-

1934 1051 2020 1096 tus
2049 1056 2170 1095 cum
2198 1041 2501 1109 praepositis
2524 1041 2736 1110 agebat,
2765 1039 3079 1094 constitutis
3107 1039 3247 1094 ultro
3265 1039 3510 1111 citroque

1933 1135 2253 1203 sagittariis.
2303 1133 2419 1199 Quo
2453 1145 2744 1202 conspectu
2796 1133 2991 1189 fratres
3040 1134 3313 1202 perterriti
3361 1147 3505 1190 sunt.

1935 1227 2068 1280 Erat
2119 1237 2230 1278 tum
2279 1225 2402 1279 istic
2441 1226 2525 1278 vir
2573 1227 2866 1282 sanctitate
2916 1227 3242 1296 conspicuus
3293 1231 3511 1282 nomine

1939 1319 2221 1389 Pecysius,
2270 1317 2359 1385 qui
2408 1316 2635 1370 fratrum
2687 1320 2898 1373 animos
2955 1321 3334 1373 confirmabat.
3396 1320 3508 1372 Dux

1938 1421 2116 1466 autem
2158 1411 2453 1478 interprete
2500 1425 2646 1473 usus,
2687 1411 2826 1476 Quo,
2872 1412 3067 1480 inquit,
3107 1412 3158 1465 in
3206 1412 3324 1464 loco
3359 1422 3513 1479 pater

1938 1501 2179 1554 omnium
2212 1510 2453 1554 vestrum
2491 1502 2786 1555 versatur?
2820 1502 3115 1571 Respondit
3147 1502 3312 1555 abbas
3351 1503 3514 1572 Pecy-

1938 1593 2090 1646 sius:
2125 1593 2404 1647 Abscessit
2451 1593 2516 1648 ad
2554 1594 2906 1666 monasteria.
2948 1593 3044 1647 Cui
3096 1594 3240 1647 dux:
3292 1593 3391 1658 Qui
3424 1608 3512 1647 se-

1940 1687 2172 1742 Cundum
2205 1687 2273 1740 ab
2309 1701 2374 1740 eo
2414 1688 2585 1742 locum
2619 1688 2825 1740 obtinet
2863 1687 3079 1740 ubinam
3113 1690 3232 1740 est”!
3267 1687 3402 1740 Tum
3439 1686 3517 1739 in-

1944 1775 2124 1829 dicant
2169 1775 2418 1830 abbatem
2471 1776 2792 1845 Psarphium
2842 1792 3094 1846 magnum
3147 1767 3552 1830 meonomum."

243 1855 482 1924 illiusque
510 1859 748 1914 decreta
803 1877 908 1931 pro
937 1861 1188 1918 Mosaicis
1220 1863 1417 1917 tabulis
1460 1865 1742 1929 ducerent,
1767 1879 1830 1920 ac
1863 1867 1904 1922 Β
1934 1865 2103 1933 Quem
2128 1867 2356 1921 scorsim
2387 1868 2494 1921 dux
2523 1868 2834 1936 alloquitur.
2859 1868 2950 1921 Est
2983 1883 3147 1937 penes
3179 1882 3286 1933 me,
3319 1867 3512 1935 inquit,

249 1949 435 2014 majore
465 1965 633 2018 quam
662 1968 790 2020 qua:
809 1954 1023 2011 sanctis
1053 1954 1184 2010 viris
1203 1954 1384 2010 deberi
1403 1955 1831 2025 videaturipsius

247 2040 584 2094 veneratione
618 2042 1006 2101 afﬁcerentur.
1048 2063 1064 2095 ι

313 2129 358 2182 8.
399 2131 735 2186 Athanasius
769 2135 840 2187 ad
873 2136 1134 2188 desertum
1170 2153 1331 2206 usque
1361 2138 1700 2208 perquiritur.
1731 2138 1849 2192 Ar-

251 2226 422 2278 tentias
455 2226 569 2278 dua:
594 2226 666 2278 ad
696 2230 1034 2286 monasteria
1064 2230 1218 2284 venit.
1240 2259 1308 2269 ——
1342 2229 1512 2286 Tanta
1547 2245 1709 2300 porro
1742 2245 1834 2285 ve-

251 2316 407 2380 sauia,
467 2327 623 2372 tanto
677 2318 869 2374 furore
915 2329 972 2373 ct
1010 2322 1131 2374 odio
1185 2330 1339 2376 erant
1373 2322 1488 2390 ejus
1539 2323 1832 2378 adversarii

251 2408 490 2476 correpti,
531 2419 590 2466 ut
622 2423 694 2463 ne
727 2411 1015 2464 desertum
1051 2412 1265 2481 quidem
1325 2422 1428 2468 sat.
1462 2422 1633 2467 tutum
1681 2415 1754 2468 illi
1803 2430 1833 2469 a

252 2499 735 2565 perquisitionibus
771 2501 1213 2554 adversariorum
1248 2511 1414 2566 esset,
1463 2504 1558 2557 sed
1606 2503 1657 2557 in
1699 2520 1834 2574 quo-

253 2587 456 2642 tidianis
487 2590 674 2644 adhuc
707 2590 936 2644 insidiis
962 2602 1292 2648 versaretur.
1328 2611 1348 2645 t
1379 2594 1511 2648 Nam
1553 2610 1676 2648 cum
1713 2597 1834 2665 qui-

251 2681 383 2745 dam,
435 2684 807 2751 prosequitur
867 2683 1193 2751 Gregorius,
1233 2701 1297 2742 eo
1342 2702 1401 2742 se
1452 2688 1831 2753 contulissent,

249 2779 301 2824 ut
327 2773 466 2839 pium
501 2775 690 2828 virum
725 2773 962 2844 perinde
995 2791 1057 2830 ac
1086 2776 1252 2832 feram
1289 2777 1579 2846 quamdam
1612 2778 1833 2832 investi-

249 2873 447 2928 garent,
481 2880 587 2920 nec
640 2881 776 2920 eum
819 2871 1181 2936 undequaque
1229 2870 1586 2938 perquisitum
1634 2871 1836 2925 inveni-

248 2961 374 3015 rent,
407 2969 475 3008 ne
513 2955 761 3010 miscere
787 2956 1010 3023 quidem
1056 2972 1174 3012 cum
1205 2958 1270 3012 iis
1301 2958 1410 3026 qui,
1439 2959 1589 3014 missi
1624 2959 1838 3015 fuerant

241 3047 497 3115 colloquia
531 3048 774 3104 voluere
818 3065 832 3100 :
867 3062 1054 3102 verum
1095 3050 1336 3104 cervices
1378 3051 1570 3120 gladiis
1617 3051 1838 3118 objicie-

239 3141 381 3206 bant,
418 3140 571 3193 velut
607 3157 713 3208 pro
749 3137 977 3194 Christo
1004 3140 1387 3208 periclitantes,
1413 3153 1577 3212 atque
1608 3143 1680 3197 ita
1715 3143 1835 3196 ani-

1942 1957 2292 2026 imperatoris
2313 1960 2520 2028 jussum
2547 1970 2735 2014 contra
2764 1960 3153 2022 Athanasium,
3185 1973 3346 2026 quem
3374 1956 3514 2023 apttd

1939 2064 2036 2104 vos
2062 2050 2378 2104 delitescere
2405 2049 2547 2103 fama
2586 2060 2689 2106 est.
2715 2049 2811 2104 Cui
2844 2051 3010 2104 abbas
3034 2049 3364 2118 Psarphitts:
3400 2049 3516 2117 Ipse

1940 2141 2158 2208 quidem
2198 2142 2440 2195 omnium
2491 2151 2735 2196 nostrum
2785 2151 2936 2210 pater
2991 2150 3096 2202 est,
3139 2141 3364 2194 necdum
3412 2140 3512 2192 viri

1941 2231 2133 2286 faciem
2173 2237 2391 2301 aspexi;
2437 2247 2563 2287 ecce
2608 2233 3019 2287 monasterium.
3056 2231 3350 2300 Diligenter
3388 2244 3514 2297 per-

1941 2334 2215 2379 scrutatus
2246 2327 2373 2389 dux,
2400 2340 2520 2380 cum
2565 2325 2920 2380 Athanasium
2959 2339 3062 2379 non
3101 2323 3420 2387 invenisset,
3449 2322 3515 2374 ad

1943 2428 2269 2471 conventum
2300 2417 2564 2471 accedens
2594 2434 2606 2470 :
2637 2417 2821 2478 Orate,
2854 2417 3050 2485 inquit,
3081 2430 3180 2484 pro
3211 2430 3318 2468 me.
3346 2414 3518 2482 Repo-

1943 2515 2076 2557 nunt
2103 2503 2190 2557 ille
2219 2524 2230 2558 :
2261 2504 2374 2558 Non
2401 2505 2527 2557 licet
2551 2505 2729 2558 nobis.
2759 2503 2994 2557 Vetitum
3025 2505 3224 2572 quippe
3253 2502 3410 2556 nobis
3435 2511 3517 2554 est

1945 2611 1973 2648 a
2005 2595 2165 2650 Patre
2195 2607 2400 2659 nostro,
2431 2612 2498 2650 ne
2516 2613 2635 2651 cum
2661 2597 2842 2665 aliquo
2866 2611 3084 2651 oremus
3109 2596 3198 2662 qui
3226 2610 3344 2649 cum
3367 2594 3520 2646 Aria-

1944 2687 2028 2742 nis
2083 2689 2467 2743 communicet.
2526 2689 2658 2742 Cum
2742 2689 2876 2741 duce
2948 2700 3184 2752 namque
3250 2684 3514 2737 Arianqu

1944 2779 2233 2846 quemdam
2283 2781 2486 2833 versari
2539 2787 2942 2847 conspexerant
2990 2777 3228 2845 episcopi
3285 2774 3538 2828 formam;

1947 2868 2343 2936 prmferentem.
2383 2869 2816 2924 Abscedentibus
2843 2879 3021 2923 autem
3071 2870 3197 2932 illis,
3231 2867 3378 2921 solus
3412 2868 3537 2919 dux,

1944 2970 2196 3030 precatus
2220 2969 2322 3014 est.
2352 2961 2429 3014 Ac
2462 2975 2582 3014 cum
2617 2961 2851 3015 interdiu
2883 2961 2934 3013 in
2979 2960 3169 3029 synaxi
3209 2958 3518 3012 obdormis-

1945 3061 2049 3114 set,
2098 3050 2512 3120 expergefactus
2559 3052 2880 3120 sanguinem
2946 3051 3164 3102 naribus
3215 3047 3549 3109 emittebat,

1889 3177 1897 3185 -
1946 3144 2191 3211 Eumque
2231 3143 2540 3210 ignorarent
2589 3143 2842 3195 monachi
2874 3140 2999 3209 quid
3047 3140 3330 3193 accidisset
3360 3138 3460 3205 ipsi
3485 3155 3514 3190 A:

233 3247 314 3285 mo
341 3233 810 3301 comparatiLut,
851 3231 898 3283 si
943 3232 1275 3289 acerbissimi
1318 3233 1594 3302 quidpiam
1647 3249 1742 3303 pro
1772 3249 1836 3289 eo
1865 3219 1906 3276 Ο
1944 3231 2271 3300 perterritus
2305 3230 2604 3295 Artemius,
2649 3229 2843 3284 Oblata
2873 3230 3022 3295 mihi,
3061 3229 3254 3297 inquit,
3286 3229 3515 3294 visione,

228 3322 561 3392 perferrent,
593 3323 650 3377 id
692 3321 882 3390 magni
917 3322 981 3376 ad
1014 3322 1402 3391 philosophiam
1447 3325 1708 3380 momenti
1743 3325 1843 3379 du-

224 3426 434 3482 cerent,
490 3415 912 3484 diuturnisque
959 3412 1202 3482 jejuniis,
1256 3415 1618 3481 chameuniis,
1676 3428 1842 3471 etate-

224 3512 466 3579 terisque
497 3507 776 3578 corporis
818 3508 1104 3571 aerumnis,
1134 3523 1270 3576 quas
1297 3524 1396 3578 pro
1432 3509 1710 3577 perpetuis
1745 3511 1841 3563 de-

221 3604 358 3658 liciis
385 3603 702 3665 haberent,
741 3599 918 3655 multo
961 3599 1244 3656 sublimius
1279 3615 1342 3654 ac
1375 3601 1627 3655 divinius.
1665 3619 1683 3652 ι
1721 3600 1843 3656 Hinc

215 3696 526 3766 Gregorius
589 3693 1019 3750 N..z,iauzenus.
1069 3692 1206 3757 Quid
1257 3701 1436 3746 autem
1475 3692 1549 3747 in
1579 3691 1843 3759 ejusmodi

215 3785 640 3853 perquisitione
675 3781 906 3844 eadem,
942 3789 1000 3834 ut
1027 3781 1261 3847 videtur,
1292 3796 1454 3851 quam
1496 3791 1682 3835 narrat
1712 3781 1844 3835 Gree-

219 3878 425 3945 gorius,
456 3883 698 3946 gestum
737 3873 836 3938 sit,
872 3871 1119 3940 pluribus
1164 3884 1481 3928 recensetur
1517 3876 1570 3929 in
1603 3877 1709 3929 vita
1746 3874 1846 3930 Pa-

219 3971 417 4023 ehomii
454 3969 540 4039 (a)
589 3968 666 4021 ad
704 3966 857 4018 hunc
893 3953 1068 4017 ferme
1111 3965 1351 4020 modum.
1395 3964 1528 4020 Post
1557 3968 1690 4029 haec,
1723 3982 1843 4021 cum

221 4062 562 4114 Athanasius
589 4060 666 4112 ab
695 4058 1042 4125 imperatore
1061 4054 1843 4126 Constantio.perquireretur,

223 4161 382 4218 atque
415 4165 484 4204 ex
530 4145 776 4202 insidiis
811 4144 1171 4208 Arianorum,
1212 4143 1328 4212 ejus
1373 4147 1675 4214 vestigandi
1719 4161 1846 4216 pro-

226 4243 400 4296 vincia
434 4241 677 4296 cuidam
715 4236 850 4291 duci
886 4237 1014 4289 data
1057 4246 1198 4291 esset
1227 4237 1471 4293 Artemio
1517 4240 1757 4303 nomine,
1803 4239 1848 4293 is

232 4336 426 4404 ubique
476 4337 900 4404 perscrutatus
933 4335 1036 4381 est.
1082 4329 1216 4381 Cum
1253 4343 1438 4382 rumor
1481 4338 1659 4384 autem
1705 4339 1848 4385 esset

236 4441 348 4479 eum
384 4427 638 4480 fortasse
672 4423 863 4476 latere
904 4419 1046 4487 apud
1087 4418 1518 4474 Tabennesiotas
1551 4421 1848 4474 monachos

241 4519 334 4572 sibi
361 4517 803 4579 dilectissimos,
849 4510 1142 4567 solvitdux
1172 4520 1228 4565 ut
1252 4511 1379 4566 illuc
1410 4512 1712 4580 navigaret.
1749 4511 1846 4566 Cui

244 4611 462 4664 adverso
511 4609 762 4664 ﬂumine
814 4603 1174 4658 contendenti
1225 4604 1462 4658 occurrit
1493 4603 1844 4668 Theodorus;

245 4706 323 4773 qui
354 4703 608 4758 secundo
659 4698 905 4754 flumine
937 4695 1234 4759 ferebatur,
1271 4695 1703 4762 perlustraturus
1734 4709 1849 4749 mo-

249 4797 467 4848 nasteria
505 4795 668 4848 circa
719 4785 1109 4853 ilermopoliu.
1146 4785 1276 4838 Cum
1308 4796 1487 4839 autem
1519 4785 1847 4838 monasterio

250 4888 320 4939 cui
367 4887 495 4956 Cajo
545 4895 770 4939 nomen
826 4887 951 4932 erat
999 4877 1474 4946 appropinquaret,
1523 4875 1659 4930 vidit
1703 4886 1846 4929 retro

248 4983 582 5050 navigantem
621 4977 866 5030 ducem.
922 4969 1146 5022 Domino
1187 4978 1364 5021 autem
1416 4967 1689 5022 revelante
1719 4967 1844 5034 quid

243 5076 468 5129 futurum
525 5080 694 5128 esset
745 5062 1051 5125 intellexit,
1094 5077 1157 5116 ac
1190 5061 1449 5118 fratribus
1493 5060 1843 5114 renuntiavit.

241 5171 353 5225 Cum
386 5168 788 5241 percuperent
838 5164 1024 5208 autem
1073 5153 1268 5208 fratres
1310 5153 1608 5222 reti-egredi
1643 5151 1845 5221 ipsum-

238 5278 328 5332 que
366 5257 745 5319 antevenire,
783 5262 859 5304 ne
910 5245 1051 5300 forte
1089 5244 1285 5300 fratres
1317 5245 1368 5298 in
1406 5245 1586 5298 Pabau
1628 5252 1866 5312 agentes.

235 5357 720 5424 perturbarentur,
770 5341 870 5409 ait,
913 5339 1021 5424 illis
1062 5354 1076 5391 :
1121 5339 1172 5392 is
1215 5338 1365 5406 cujus
1413 5337 1583 5404 gratia
1638 5344 1846 5388 tantum

231 5419 428 5501 itineris
477 5440 751 5512 spatium
810 5419 1100 5485 servorum
1159 5429 1327 5497 ipsius
1377 5427 1640 5481 invisendi
1685 5440 1848 5480 causa

225 5539 416 5598 eulensi
449 5545 695 5592 sumus,
734 5528 937 5593 potest
963 5534 1082 5573 eam
1115 5535 1225 5574 rem
1256 5521 1389 5575 citra
1427 5520 1631 5575 tristem
1661 5532 1849 5572 casum

283 5631 465 5687 ’Psal.
511 5640 656 5691 οη,
711 5616 815 5673 10.
902 5612 922 5644 ⁸
961 5611 1060 5667 lsa.
1099 5628 1199 5684 Lx,
1234 5618 1285 5673 8.

393 5792 534 5848 Acta
568 5781 688 5839 SS.
731 5774 809 5830 14
849 5770 1022 5827 Mair.

1943 3321 2390 3376 exmiseratione
2421 3321 2600 3374 divina
2633 3322 2722 3374 vix
2759 3330 2985 3374 mortem
3023 3319 3221 3387 effugi;
3255 3327 3412 3386 atque
3443 3320 3516 3373 ita

1945 3413 2216 3466 discessit.
2257 3412 2385 3476 Quae
2430 3426 2552 3466 cum
2600 3427 2857 3466 reversus
2892 3410 3134 3465 audisset
3176 3409 3515 3478 Theodorus,

1945 3505 2055 3559 Deo
2081 3506 2285 3574 gratias
2321 3504 2523 3558 retulit.

2018 3597 2070 3650 9.
2113 3595 2392 3648 Athanasii
2442 3597 2541 3648 iter
2599 3597 2668 3649 ad
2729 3597 3046 3650 monasteria
3097 3595 3399 3648 Thebaidis.
3449 3626 3508 3634 —

1947 3685 2099 3740 llaud
2147 3685 2316 3740 multo
2357 3696 2478 3756 post
2518 3687 2633 3755 ipse
2666 3687 3011 3751 Theodorus,
3041 3702 3160 3740 cum
3214 3686 3519 3754 accepisset

1946 3779 2296 3833 Athanasium
2346 3779 2398 3832 in
2431 3778 2760 3834 Thebaidem
2809 3781 3091 3843 accedere,
3137 3779 3350 3833 obviam
3393 3793 3517 3832 cum

1948 3871 2351 3939 antiquioribus
2393 3881 2610 3941 patrum
2661 3871 3000 3940 fratrumque
3035 3871 3352 3925 monasterii
3395 3885 3521 3939 prec

1947 3963 2190 4030 greditur
2236 3964 2345 4031 (b);
2404 3965 2692 4033 virumque
2745 3963 3025 4018 offendunt
3081 3971 3202 4016 aute
3257 3976 3419 4029 quam
3466 3961 3520 4014 in

1950 4053 2358 4123 llermopoliten
2389 4070 2608 4110 nomum
2656 4056 3013 4125 pervenisset.
3041 4056 3156 4121 Quo
3181 4055 3364 4122 procul
3394 4069 3522 4108 con-

1947 4155 2154 4213 specto,
2219 4145 2420 4202 fratres
2480 4154 2818 4200 maturantes
2861 4155 3173 4200 accurrunt.
3224 4144 3523 4214 Utramque

1949 4248 2128 4292 autem
2177 4238 2418 4293 fluminis
2456 4239 2629 4307 ripam
2668 4237 3080 4292 innumerabilis
3121 4235 3410 4289 multitudo
3438 4250 3525 4288 oc-

1948 4330 2181 4398 cupabat
2239 4329 2639 4399 episcoporum,
2704 4329 3050 4393 clericorum,
3108 4328 3518 4382 monachorum.

1949 4420 2097 4486 Quos
2125 4420 2212 4473 ubi
2243 4422 2478 4489 primum
2509 4421 2641 4474 vidit
2667 4421 3019 4481 Athanasius,
3052 4422 3164 4475 haec
3189 4434 3252 4474 ex
3281 4419 3524 4489 Scriptu-

1953 4514 2028 4564 ris
2058 4513 2429 4568 vociferatur:
2463 4512 2566 4577 Qui
2617 4521 2736 4565 sunt
2787 4513 2874 4566 isti
2906 4512 2995 4581 qui
3034 4521 3085 4563 ut
3125 4511 3285 4564 nubes
3327 4509 3522 4573 volant,

1951 4614 1996 4654 et
2017 4605 2168 4668 quasi
2203 4604 2457 4656 columbw
2483 4619 2602 4656 cum
2632 4603 2793 4670 pullis
2823 4603 2932 4655 suis
2961 4602 3028 4654 ad
3074 4619 3153 4655 me
3187 4601 3433 4669 feruntur
3457 4603 3475 4629 ³
3501 4601 3525 4654 3

1956 4693 2186 4748 Tantam
2234 4695 2428 4748 exinde
2465 4694 2825 4762 frequentiam
2873 4691 3129 4746 salutavit
3173 4691 3522 4756 Athanasius,

1956 4785 2176 4852 ignarus
2214 4785 2334 4852 quis
2379 4784 2547 4837 abbas
2591 4783 2907 4836 Theodorus
2949 4791 3114 4836 esset.
3152 4780 3338 4852 Neque
3379 4783 3524 4837 enim

1955 4874 2044 4926 ille
2087 4873 2159 4926 ita
2204 4873 2446 4943 proxime
2475 4875 2541 4928 ad
2581 4873 2890 4943 pontificem
2927 4884 3254 4939 accesserat,
3285 4872 3380 4927 sed
3412 4887 3527 4927 mo-

1956 4969 2256 5022 nachorum
2290 4968 2534 5021 seniores
2565 4970 2630 5022 ad
2659 4977 2847 5022 turmae
2878 4971 3110 5022 frontem
3141 4967 3393 5022 incedere
3413 4967 3529 5035 jus-

1954 5057 2044 5111 sit.
2091 5057 2272 5110 Primu
2316 5065 2494 5110 tamen
2544 5067 2762 5126 aspectu
2808 5057 2984 5110 virum
3041 5059 3260 5126 agnovit
3292 5058 3529 5111 Athana-

1954 5151 2103 5213 sius;
2136 5151 2290 5218 cujus
2314 5151 2654 5218 apprehensa
2693 5165 2855 5204 manu
2883 5169 2895 5203 :
2925 5149 2988 5203 Et
3011 5151 3299 5219 quomodo,
3335 5148 3542 5217 inquit,

1957 5239 2157 5296 fratres
2192 5255 2250 5294 se
2296 5241 2534 5296 habent?
2585 5241 2681 5295 Cui
2732 5241 3052 5296 Theodorus
3093 5258 3104 5293 ε
3160 5237 3527 5292 Sanctissimis

1960 5333 2065 5388 tuis
2111 5333 2358 5402 precibus
2397 5334 2553 5399 bene,
2611 5333 2793 5398 Pater,
2841 5335 3098 5388 valemus.
3143 5332 3277 5384 'l‘utn
3332 5330 3528 5382 fratres

1959 5425 2178 5480 circiter
2215 5435 2429 5480 centum
2475 5442 2701 5480 numero
2742 5428 2977 5495 psalmos
3007 5438 3224 5484 canere,
3270 5421 3323 5473 in
3379 5428 3527 5473 tanta

1962 5516 2266 5584 frequentia
2313 5525 2369 5570 ut
2429 5532 2586 5572 nemo
2639 5518 2942 5585 proximum
2992 5516 3093 5571 sibi
3151 5517 3547 5581 cognosceret.~

2037 5749 2110 5820 (ὁ)
2137 5751 2193 5808 In
2222 5749 2342 5805 Vita
2373 5746 2664 5803 Pachomt'i.
