4038 6554
483 372 595 465 {CIL

492 568 746 635 hehatnr,
791 584 952 622 manu
987 578 1174 621 tenens
1220 566 1445 636 praeibat
1488 580 1609 620 cum
1643 567 1905 621 fratribus
1930 566 2073 636 psal-

491 658 753 717 lentibus.
786 659 1046 714 Lucerna!
1074 667 1126 711 et
1156 658 1301 712 faces
1326 658 1467 710 ultro
1492 657 1739 728 citroque
1772 657 2068 711 micabant.

482 748 829 807 Athanasius
873 762 1052 806 autem
1097 751 1441 805 Theodorum
1478 765 1709 804 cernens
1740 750 1923 804 animo
1973 750 2075 805 fer-

492 853 737 909 ventem,
793 860 897 897 non
948 845 1000 897 in
1060 844 1365 913 promiscua
1417 842 1591 895 solum
1649 843 1803 895 turba
1848 842 2073 911 pedibus

492 936 769 1000 incedere,
819 937 911 989 sed
961 936 1027 987 ab
1074 935 1322 988 aCt'eﬂSlS
1355 934 1609 1003 utrinque
1654 932 1863 987 facibus
1907 932 2074 988 ferme

490 1029 761 1093 comburi,
815 1038 1128 1096 “uitamque
1175 1027 1539 1093 alacritatem,
1594 1035 1804 1080 tantum
1857 1024 2073 1079 virtutis

492 1122 731 1175 studium
775 1120 1051 1185 praeferre,
1098 1119 1231 1172 alios
1271 1119 1554 1188 episcopos
1596 1118 1674 1174 sic
1708 1117 1905 1169 affatur
1940 1134 1953 1170 :
1990 1115 2075 1169 Vi-

496 1210 623 1265 dete
654 1221 858 1281 quanto
886 1227 984 1266 nos
1017 1212 1194 1280 spatio
1238 1213 1523 1265 antecedat
1554 1211 1641 1266 ille
1682 1220 1844 1265 tantm
1886 1225 2074 1264 mona-

498 1306 725 1358 chorum
760 1306 1076 1373 frequentiae
1103 1302 1288 1359 Pater.
1330 1303 1495 1357 Nobis
1524 1303 1667 1356 haud
1696 1318 1820 1356 vere
1854 1302 2072 1355 Patrum

497 1411 693 1450 nomen
728 1397 1001 1452 convenit.
1042 1396 1121 1449 llli
1160 1411 1292 1450 sane
1332 1395 1548 1458 Patres,
1577 1395 1668 1463 qui
1696 1395 1988 1448 humilitati
2020 1402 2072 1448 et

493 1490 859 1557 obsequentim
884 1504 951 1543 ex
982 1487 1073 1541 Dei
1107 1503 1292 1541 amore
1318 1490 1448 1541 dant
1489 1502 1733 1555 operam.
1770 1486 1917 1539 Beati
1952 1501 2075 1554 pro-

493 1578 639 1632 fecto
672 1590 726 1634 et
764 1580 910 1633 nulla
946 1594 1051 1633 non
1096 1580 1259 1633 laude
1284 1580 1455 1647 digni,
1483 1581 1574 1647 qui
1615 1592 1831 1645 semper
1857 1592 2072 1631 crucem

459 1662 709 1722 iDomini
735 1678 949 1737 gestant
978 1687 990 1723 :
1022 1684 1252 1738 quorum
1286 1669 1581 1739 ignominia
1612 1684 1739 1722 vere
1769 1677 1848 1721 est
1881 1666 2073 1737 gloria,

494 1775 723 1828 quorum
770 1761 925 1814 labor
949 1776 1073 1815 vere
1102 1763 1338 1829 requies.
1369 1761 1673 1828 Paucisque
1698 1758 1887 1812 diebus
1918 1758 2072 1810 Anti-

495 1851 709 1919 noopoli
749 1860 803 1905 et
849 1851 1152 1921 llermopoli
1189 1861 1575 1913 commoratus,
1621 1849 1843 1903 utilibus
1875 1863 1970 1902 eos
2011 1863 2075 1902 ac

496 1942 694 1997 divinis
724 1944 1043 1999 cohortatus
1081 1943 1448 2005 sermonibus,
1478 1941 1542 1995 ad
1588 1940 1918 1995 monasteria
1948 1955 2077 2008 pro-

496 2033 671 2089 fectus
714 2045 818 2091 est.
863 2035 1166 2101 Conspecta
1216 2036 1286 2088 ibi
1328 2034 1556 2087 fratrum
1589 2033 1863 2102 probitate
1901 2032 2077 2087 since-

494 2138 663 2193 raque
690 2136 876 2179 mente
919 2141 1129 2180 summe
1159 2127 1335 2189 latins,
1371 2126 1557 2179 laudes
1588 2122 1820 2178 Domino
1868 2123 2073 2179 retulit.

494 2219 573 2270 Ac
611 2232 734 2271 cum
782 2218 1173 2272 monasterium
1214 2218 1639 2286 circumquaque
1684 2217 2072 2285 pet-lustraret,

498 2316 816 2376 attenteque
864 2308 1154 2377 dispiceret
1215 2309 1562 2363 collectarum
1612 2310 1816 2376 locum,
1876 2326 2078 2365 mensae

497 2398 778 2463 conclave,
835 2398 1175 2467 singularum
1234 2402 1516 2455 domorum
1564 2402 1808 2464 cellulas,
1857 2412 1911 2456 ct
1962 2403 2077 2468 ipsa

498 2504 671 2557 usque
705 2489 917 2556 sedilia,
949 2489 1314 2544 admiratione
1350 2501 1540 2559 captus
1568 2491 1685 2545 ait:
1738 2492 2011 2562 Magnum,
2048 2507 2081 2546 ο

500 2578 808 2645 Theodore,
849 2595 985 2648 opus
1017 2581 1325 2651 peregistis,
1373 2590 1629 2637 curantes
1674 2585 1914 2653 requiem
1964 2586 2081 2639 ani-

502 2688 733 2725 marum.
766 2671 1108 2727 Monachales
1129 2684 1337 2727 vestras
1357 2673 1569 2743 regulas
1596 2675 1798 2741 audivi,
1824 2677 2078 2744 praeclara

502 2762 707 2816 omnia.
750 2761 887 2815 llinc
927 2763 1244 2833 subjungit:
1293 2763 1469 2818 Patris
1508 2765 1671 2818 vestri
1714 2781 1877 2835 opera
1932 2768 2083 2823 vobis

505 2854 646 2909 inest
669 2856 840 2923 gratia
866 2855 980 2908 Dei.
1008 2855 1141 2910 Cum
1175 2865 1224 2909 te
1256 2857 1625 2925 conspicimus
1650 2873 1768 2923 nos,
1802 2859 2079 2915 Christum

503 2944 817 3013 conspicere
852 2954 1127 3013 putamus.
1168 2945 1471 3015 Paucisque
1501 2948 1571 3001 ibi
1600 2948 1791 3002 diebus
1835 2964 2080 3004 commo-

507 3044 678 3099 ratus,
714 3036 844 3088 dicit
887 3036 1072 3090 abbati
1115 3036 1442 3091 Theodoro:
1485 3038 1755 3104 Quoniam
1790 3055 1957 3109 prope
1996 3050 2083 3095 est

506 3126 738 3194 Pascha,
768 3126 966 3182 fratres
990 3128 1057 3181 de
1099 3142 1251 3183 more
1296 3144 1571 3196 convoca;
1601 3146 1699 3202 ego
1728 3147 1859 3187 vero
1882 3141 1943 3187 ut
1980 3134 2085 3190 ῡοα

505 3220 687 3275 minus
714 3220 1111 3290 dispensaverit
1138 3237 1316 3291 agam.
1348 3222 1583 3294 Ipsoque
1626 3225 1883 3291 salutato,
1921 3226 2082 3280 istinc

507 3310 782 3373 profectus
808 3321 913 3366 est.
957 3312 1300 3383 Litterasque
1345 3330 1442 3379 per
1486 3330 1609 3370 eum
1643 3317 1791 3371 misit
1835 3317 1900 3371 ad
1942 3317 2087 3371 Orsi-

507 3404 646 3457 sium
701 3405 922 3473 ejusque
971 3405 1210 3470 fratres;
1264 3407 1463 3475 quibus
1510 3421 1567 3462 se
1623 3409 1689 3461 ad
1737 3416 2085 3476 COIlSpeClllm

507 3493 776 3549 Theodori
802 3494 1141 3564 fratrumque
1163 3495 1279 3562 ejus
1300 3511 1643 3567 summopere
1662 3498 1897 3553 lactatum
1924 3490 2089 3554 fuisse

509 3587 869 3655 significabat,
904 3601 1004 3641 nec
1026 3602 1264 3656 unquam
1292 3588 1406 3643 fore
1427 3590 1761 3645 sanctissimi
1786 3591 2087 3661 hujusmodi

509 3689 684 3733 cmtus
718 3678 1114 3733 immemorem.

581 3767 671 3824 10.
709 3769 825 3823 Alia
863 3769 989 3823 item
1020 3775 1197 3823 exstat
1231 3771 1457 3839 epistola
1492 3770 1769 3827 Athanasii
1802 3773 1867 3825 ad
1905 3786 2091 3827 mona—

509 3862 641 3916 chos
673 3876 771 3929 per
816 3861 1145 3931 1Egyptum;
1187 3877 1305 3931 qua:
1345 3878 1451 3931 quo
1499 3872 1735 3932 tempore
1781 3864 1977 3933 scripta
2021 3864 2093 3918 sit

510 3955 811 4023 ignoratur.
835 3953 969 4007 Cum
1009 3954 1306 4023 accepisset
1330 3955 1581 4008 nimirum
1606 3956 1932 4011 Athanasius
1963 3972 2093 4010 non-

511 4045 686 4100 nullos
727 4044 1049 4099 Arianorum
1083 4060 1220 4111 esse,
1253 4046 1343 4115 qui
1381 4048 1703 4102 monasteria
1740 4056 2091 4117 peragrantes

511 4150 698 4192 sanam
729 4146 784 4190 et
814 4136 1167 4191 orthodoxam
1200 4138 1356 4192 fidem
1406 4138 1744 4199 simularent,
1781 4148 1838 4192 ut
1863 4139 2088 4192 fratrum

512 4243 580 4282 ex
624 4228 749 4281 hinc
788 4227 1019 4291 animos,
1052 4230 1251 4282 sensim
1294 4238 1349 4282 et
1383 4230 1590 4284 occulte
1638 4240 1935 4299 serpentes,
1969 4230 2091 4283 dolo

514 4319 844 4373 abducerent
869 4334 896 4372 a
924 4329 1068 4374 recta
1097 4319 1202 4375 fide
1221 4362 1236 4386 ,
1264 4320 1517 4375 admonet
1549 4321 1668 4374 illos
1697 4335 1765 4374 ne
1787 4335 1907 4375 cum
1934 4320 2091 4373 Aria-

515 4411 599 4464 nis
626 4409 786 4464 ullam
819 4410 1051 4465 habeant
1080 4412 1161 4466 vel
1189 4413 1255 4466 ad
1297 4413 1625 4480 precandum
1656 4412 1997 4475 societatem,
2023 4426 2091 4465 ne

515 4500 834 4570 quibusdam
867 4503 1174 4560 rudioribus
1217 4503 1533 4559 offensionis
1566 4519 1630 4558 ac
1666 4503 1921 4572 perniciei
1964 4504 2090 4557 hinc

512 4595 729 4651 occasio
755 4595 957 4652 oriatur
985 4610 1001 4651 :
1033 4611 1130 4651 nec
1163 4597 1324 4651 modo
1353 4596 1421 4649 ab
1449 4595 1770 4649 Arianorum
1797 4609 2087 4665 congressu

515 4697 569 4743 et
602 4688 872 4757 colloquio
897 4689 1228 4753 abstineant,
1283 4689 1391 4743 imo
1424 4703 1494 4741 ne
1518 4688 1587 4741 iis
1612 4686 1828 4755 quidem
1860 4687 2093 4755 jungan-

519 4790 607 4834 tur
636 4781 728 4849 qui
772 4795 894 4834 cum
948 4781 1166 4835 Ariauis
1200 4779 1425 4834 foveant
1470 4779 1872 4834 communionis
1920 4778 2093 4833 socie-

520 4878 718 4933 tatem;
746 4868 986 4935 potuisse
1029 4883 1088 4923 se
1135 4867 1439 4935 huiusmodi
1490 4868 1889 4923 hortamentum
1939 4869 2096 4923 intin-

518 4959 683 5014 meris
714 4974 781 5013 ex
812 4959 1093 5028 Scriptura
1128 4959 1385 5013 mutuatis
1426 4958 1559 5013 locis
1590 4959 1918 5014 conﬁrmare
1941 5002 1956 5027 ,
2004 4973 2097 5013 su-

516 5048 806 5118 persedere
843 5059 1043 5115 tamen,
1076 5050 1200 5119 quia
1250 5066 1370 5104 cum
1411 5050 1727 5106 callentibus
1781 5050 2092 5123 Scripturas

520 5150 723 5207 ageret.

594 5231 680 5284 Η.
722 5230 910 5284 Ariani
940 5233 995 5286 in
1036 5233 1211 5287 varias
1242 5233 1396 5287 divisi
1442 5240 1629 5287 sectas.
1659 5262 1731 5273 --
1762 5230 1951 5285 Ariani
2001 5230 2092 5284 ubi

519 5325 698 5378 omnia
741 5339 809 5378 ex
845 5326 1110 5379 sententia
1138 5337 1192 5382 et
1222 5328 1486 5381 arbitratu
1528 5342 1651 5389 suo,
1692 5323 1991 5401 proﬂigatis
2028 5325 2094 5379 iis

517 5417 609 5486 qui
638 5417 959 5473 catholicam
990 5418 1148 5474 fidem
1182 5416 1481 5483 tuerentur,
1514 5417 1805 5488 procedere
1839 5415 2093 5469 videban-

522 5518 628 5574 tur,
661 5509 992 5579 obortisjam
1022 5511 1206 5567 multis
1231 5510 1578 5575 factionibus,
1604 5508 1803 5563 mutuis
1832 5508 2089 5575 discidiis,

595 5684 670 5748 (ρ)
690 5684 957 5750 Sulpicius
981 5686 1231 5750 Severus,
1252 5686 1343 5740 lib.
1371 5703 1407 5739 tt
1425 5685 1628 5751 ;Rufin.
1654 5683 1743 5736 lib.
1768 5697 1806 5745 l,
1830 5696 1947 5750 cap.
1972 5681 2076 5747 25;

527 5754 735 5809 Socrat.
756 5754 847 5809 lib.
885 5771 942 5822 ll,
983 5770 1104 5825 cap.
1125 5756 1241 5824 .55;
1277 5755 1491 5811 Sozom.
1526 5754 1616 5810 lib.
1654 5768 1727 5819 ιν,
1763 5767 1877 5820 cap.
1923 5753 2005 5806 ll.

1826 350 2336 409 PROLEGOMENA
2348 396 2361 408 .

484 448 680 534 3Ahbas
717 476 923 533 interea
948 475 1263 531 Theodorus
1290 475 1526 539 asinum,
1561 488 1668 545 quo
1692 475 1934 545 pontifex
1971 490 2067 530 ve-
2094 481 2142 539 Α
2173 485 2356 530 mutuo
2406 474 2544 530 bello
2590 472 2997 545 conflagrabant
3033 472 3132 546 (α).
3182 472 3322 532 Hinc
3366 448 3753 547 proseminatae.

2176 576 2300 621 sunt
2333 568 2485 635 quasi
2517 567 2734 621 familia!
2764 565 3143 622 dissentientes
3173 567 3314 623 inter
3340 581 3401 624 se
3425 584 3491 625 ac
3523 570 3746 625 multum

2174 660 2456 729 disiuncta
2512 671 2567 717 et
2619 661 2887 731 dispares.
2936 657 3284 716 Macedonius
3332 662 3556 733 quippe,
3607 662 3749 717 inter

2174 753 2499 808 Arianorum
2526 752 2801 823 principes
2835 752 3114 822 hucusque
3154 763 3528 823 computatus,
3556 768 3748 808 novatn

2174 843 2241 901 de
2291 845 2495 916 Spiritu
2555 855 2748 900 sancto
2801 843 3126 901 sententiam
3178 844 3413 911 induxit,
3460 854 3755 915 aperteque

2176 938 2358 994 docuit
2387 949 2505 992 esse
2537 944 2842 991 creaturam
2871 946 2927 989 et
2956 949 3119 988 unum
3172 950 3239 989 ex
3270 934 3605 989 administris
3645 935 3756 1003 spi-

2177 1030 2392 1093 ritibus,
2429 1028 2556 1083 licet
2590 1027 2710 1081 aliis
2742 1026 2899 1098 longe
2921 1026 3372 1096 praestantiorem.
3407 1026 3508 1079 Alii
3540 1026 3654 1080 veri
3693 1041 3758 1079 ac

2177 1122 2293 1190 puri
2320 1120 2506 1174 Ariani
2537 1126 2712 1184 erant,
2749 1118 2885 1173 duce
2918 1118 3094 1181 Aetio,
3135 1116 3469 1172 administris
3492 1131 3621 1171 vero
3652 1116 3759 1169 En-

2177 1212 2358 1276 doxio,
2390 1211 2481 1281 qui
2514 1212 2906 1265 Antiochenam
2937 1209 3040 1263 hoc
3064 1208 3281 1262 circiter
3311 1217 3523 1275 tempus
3550 1207 3759 1261 invasit

2178 1306 2381 1367 sedem,
2432 1305 2655 1374 ejusque
2702 1302 2962 1373 discipulo
3013 1301 3295 1365 Eunomia,
3342 1301 3431 1369 qui
3483 1300 3629 1355 haud
3687 1300 3759 1353 ita

2180 1398 2403 1451 multum
2462 1405 2649 1466 postea
2707 1394 3013 1466 hujusmodi
3070 1402 3233 1447 secta:
3280 1407 3475 1447 nomen
3538 1390 3759 1444 indidit.

2180 1488 2409 1542 Maxima
2443 1498 2620 1542 tamen
2664 1502 2792 1557 pars
2829 1484 3152 1543 Semiariani
3185 1491 3363 1549 erant,
3399 1481 3762 1551 antesignano

2178 1589 2233 1634 et
2276 1582 2499 1636 doctore
2529 1580 2731 1635 Basilio
2772 1580 3000 1649 Ancyra:
3040 1576 3316 1647 episcopo.
3352 1573 3399 1628 ii
3438 1582 3624 1627 autem
3659 1573 3765 1633 hac

2179 1687 2282 1727 una
2319 1672 2371 1726 in
2401 1686 2461 1727 re
2490 1686 2521 1725 a
2566 1669 2861 1727 Catholicis
2894 1668 3310 1732 dissentiebant,
3342 1665 3486 1735 quod
3526 1663 3767 1718 consub-

2180 1763 2586 1818 stantialitatem
2652 1763 3021 1831 repudiarent.
3079 1759 3273 1814 Filium
3321 1769 3556 1825 namque
3622 1751 3769 1806 afﬁr-

2114 1830 2150 1881 B
2182 1854 2401 1910 mabant
2445 1855 2499 1909 in
2548 1830 2801 1909 omnibus
2839 1854 2983 1907 Patri
3026 1850 3281 1907 similem.
3334 1849 3401 1903 Et
3441 1860 3593 1909 vero,
3649 1845 3769 1914 ipso

2180 1947 2382 2002 fatente
2410 1947 2731 2011 Athanasio,
2763 1961 2871 2001 non
2898 1953 3057 1999 erant
3087 1944 3121 1997 ii
3153 1955 3377 2012 prorsus
3402 1938 3469 1992 ab
3496 1934 3765 1992 ecclesia-

2178 2040 2312 2094 stica
2352 2039 2737 2095 communione
2779 2038 3090 2105 abjiciendi,
3116 2050 3238 2091 cum
3262 2049 3323 2089 ea
3351 2040 3559 2087 tantum
3604 2042 3770 2098 repuo

2180 2132 2324 2184 diata
2360 2146 2513 2195 voce,
2545 2146 2666 2185 cum
2702 2131 2999 2186 Catholicis
3026 2131 3201 2200 reipsa
3242 2134 3665 2187 concordarent.
3697 2132 3773 2186 At

2180 2239 2287 2276 non
2321 2239 2445 2285 una,
2484 2232 2541 2275 ut
2573 2223 2625 2276 in
2674 2222 2943 2280 similibus
2985 2223 3147 2277 sectis
3178 2221 3336 2287 solet,
3368 2234 3488 2278 erat
3516 2223 3769 2276 omnium

2183 2313 2654 2369 Semiarianorum
2687 2313 2891 2383 opinio.
2926 2311 3041 2369 Non
3084 2313 3311 2369 deerant
3344 2313 3489 2367 enim
3529 2328 3597 2368 ex
3641 2312 3774 2379 illis,

2181 2411 2271 2479 qui
2320 2409 2515 2463 Filium
2552 2409 2769 2479 quidem
2801 2405 2948 2460 Patri
2985 2404 3217 2459 similem
3246 2404 3506 2468 dicerent,
3546 2402 3640 2457 s‘ed
3672 2417 3775 2471 per

2182 2501 2411 2571 gratiam
2450 2508 2682 2564 tantum,
2733 2496 2881 2553 omni
2923 2497 3204 2565 repudiata
3251 2504 3457 2550 naturas
3505 2492 3771 2549 similitu-
3814 2516 3819 2519 -

2185 2593 2330 2646 dine.
2372 2590 2604 2645 Basilius
2648 2603 2777 2645 vero
2816 2602 2936 2644 cum
2970 2587 3143 2658 gratia
3183 2593 3237 2640 et
3273 2585 3597 2639 auctoritate
3630 2584 3771 2655 apud

2182 2684 2559 2739 Constantium
2580 2681 2806 2736 multum
2829 2679 3051 2741 valeret,
3078 2676 3353 2731 Anommis
3369 2684 3486 2729 erat
3508 2676 3776 2729 doctrinae

2182 2791 2345 2831 causa
2396 2773 2816 2839 infestissimus;
2882 2778 3184 2837 auctorque
3236 2766 3401 2822 fuisse
3454 2765 3775 2821 Constantio

2184 2868 2377 2933 fertur,
2408 2877 2466 2919 ut
2487 2866 2699 2931 Aetius,
2729 2863 3024 2926 Eudoxius,
3052 2870 3106 2915 et
3131 2858 3219 2913 alii
3247 2857 3498 2928 permulti
3532 2857 3773 2924 ejusdem

2185 2971 2347 3016 secta:
2395 2960 2666 3024 homines,
2698 2955 3029 3026 pellerentur
3063 2952 3115 3007 in
3148 2950 3421 3006 exsilium.
3455 2948 3512 3001 ln
3546 2964 3614 3003 eo
3654 2948 3777 3003 siue

2185 3066 2273 3107 res
2300 3060 2455 3107 erant
2490 3064 2631 3104 anno
2659 3047 2787 3112 558,
2828 3060 2951 3102 cum
2996 3041 3269 3104 Anomaai,
3321 3042 3411 3110 qui
3467 3039 3688 3109 paulum
3741 3053 3773 3092 a

2188 3143 2500 3199 calamitate
2543 3141 2904 3210 respirabant,
2949 3136 3215 3207 synodum
3246 3132 3507 3189 celebrari
3540 3138 3774 3202 rogant;

2189 3252 2360 3307 eaque
2410 3236 2462 3289 in
2512 3248 2571 3288 re
2623 3230 3076 3288 concurrentibus
3132 3228 3258 3282 item
3308 3224 3777 3280 Semiarianorum

2191 3327 2349 3390 votis,
2400 3324 2683 3378 amborum
2735 3319 2944 3390 optatui
2985 3327 3045 3373 ut
3094 3318 3249 3371 fieret
3292 3315 3447 3379 satis,
3508 3316 3777 3385 synodum

2188 3415 2535 3473 Constantius
2576 3410 2905 3467 Nicomediae
2939 3408 3167 3472 indixit,
3202 3405 3253 3459 in
3283 3419 3387 3472 qua
3422 3413 3543 3457 erat
3572 3403 3641 3454 de
3674 3400 3780 3455 fide

2192 3506 2426 3561 maxime
2460 3501 2827 3558 statuendum.
2867 3497 2973 3554 Sed
3019 3496 3129 3567 jam
3172 3494 3359 3549 multis
3389 3489 3663 3561 episc0pis
3713 3501 3781 3543 eo

2190 3596 2521 3653 concedendi
2556 3608 2716 3650 causa
2750 3593 2854 3647 iter
2882 3588 3166 3660 ingressis,
3197 3584 3397 3639 accidit
3423 3592 3481 3636 ut
3506 3579 3783 3636 horrendo

2193 3701 2349 3746 terrae
2388 3697 2536 3743 motu
2569 3684 2699 3741 urbs
2737 3690 3096 3744 everteretur,
3124 3678 3375 3749 quodque
3416 3676 3684 3729 intactum
3711 3672 3784 3727 ab

2192 3779 2496 3852 huiusmodi
2550 3776 2791 3848 pernicie
2840 3772 3201 3845 superfuerat,
3256 3769 3507 3825 incendio
3548 3765 3779 3847 periret.

2192 3875 2320 3941 Qua:
2359 3884 2524 3926 causa
2572 3868 2690 3930 fuit,
2721 3875 2781 3921 ut
2824 3865 2891 3919 ad
2924 3861 3217 3932 cogendam
3263 3857 3529 3929 synodum
3570 3853 3781 3919 Nicaea,

2192 3958 2420 4015 celebris
2455 3956 2540 4009 illa
2584 3970 2647 4009 ac
2677 3967 2872 4023 magna
2917 3951 3121 4022 synodo
3164 3962 3308 4003 anno
3336 3945 3443 4001 525
3482 3944 3782 4001 nobilitata

2190 4051 2343 4114 urbs,
2382 4049 2575 4101 iterum
2602 4046 2974 4113 deputaretur.
3003 4040 3069 4096 Ut
3098 4048 3277 4093 autem
3310 4035 3591 4091 instabiles
3619 4045 3783 4091 erant

2192 4141 2402 4204 Ariani,
2441 4147 2499 4193 ut
2545 4152 2641 4193 sua
2694 4136 2924 4205 quisque
2971 4133 3233 4187 interesse
3281 4128 3530 4199 putabat,
3569 4134 3784 4183 mutato

2194 4230 2442 4295 consilio,
2485 4238 2739 4282 auctores
2779 4233 2835 4280 et
2882 4236 3136 4279 suasores
3175 4217 3495 4276 Constantio
3530 4225 3680 4282 sunt,
3721 4225 3785 4270 ut

2195 4325 2382 4381 divisis
2412 4322 2682 4393 episcopis
2707 4318 3078 4376 Occidentales
3103 4315 3432 4380 Ariminum,
3463 4311 3776 4368 Orientales

2197 4413 2497 4470 Seleuciam
2535 4413 2586 4465 in
2613 4410 2819 4465 Isauria
2858 4408 3150 4464 convenire
3174 4405 3384 4474 iubeat.

2124 4539 2168 4593 Β
2266 4505 2415 4558 ANNO
2470 4502 2593 4557 559.
2618 4533 2688 4543 —
2707 4502 2756 4555 l.
2778 4497 3019 4570 Synodus
3040 4497 3361 4552 Sirmiensis.
3381 4523 3450 4593 —:
3468 4494 3627 4593 Anno
3642 4493 3781 4593 .359,

2200 4611 2323 4650 cum
2349 4594 2534 4650 Sirmii
2559 4591 2908 4649 Constantius
2937 4596 3147 4659 ageret,
3174 4585 3533 4657 praesentibus
3561 4585 3786 4639 Arianis

2199 4687 2467 4758 episcopis
2504 4686 2645 4740 haud
2701 4695 2867 4753 parvo
2911 4692 3141 4733 numero
3183 4678 3279 4747 (b),
3331 4676 3422 4746 qui
3478 4676 3785 4731 aulicorum

2203 4793 2356 4833 more
2387 4776 2648 4844 principis
2677 4770 2955 4827 comitatui
2987 4770 3194 4824 haerere
3224 4767 3490 4847 solebant,
3524 4782 3666 4836 quos
3699 4768 3785 4820 in-

2201 4876 2284 4924 ter
2319 4869 2505 4923 videre
2543 4875 2661 4921 erat
2700 4862 3014 4934 Georgium,
3047 4859 3392 4915 Alexandria:
3431 4858 3786 4912 κατάσκοπον

2202 4971 2255 5018 et
2282 4960 2536 5015 Basilium
2569 4957 3033 5013 Semiarianorum
3061 4950 3522 5020 antesignanum;
3554 4949 3690 5003 inita
3710 4949 3783 5002 ibi

2203 5051 2595 5113 controversia,
2646 5063 2711 5103 eo
2753 5048 2970 5101 demum
3016 5052 3236 5098 ventum
3274 5050 3380 5107 est,
3409 5049 3468 5094 ut
3505 5056 3659 5095 nova:
3692 5054 3787 5094 eu-

2202 5144 2390 5199 denda:
2416 5141 2659 5196 formula
2693 5139 2812 5194 fidei
2845 5137 3027 5194 Marco
3060 5135 3352 5190 Arethusio
3376 5132 3658 5202 provincia
3692 5131 3787 5184 da-

2203 5246 2390 5299 retur;
2444 5232 2538 5303 qui
2589 5242 2647 5287 ut
2688 5240 2807 5286 erat
2849 5229 2927 5301 τῷ
2974 5228 3243 5300 ὁμοουσῖῳ
3289 5224 3540 5289 infestus,
3581 5222 3791 5276 diserte

2202 5342 2397 5382 nomen
2425 5326 2736 5380 substantiae
2762 5333 2810 5379 et
2832 5320 3312 5399 consubstantialis
3329 5315 3787 5389 proscribendum

2200 5418 2255 5473 in
2287 5420 2398 5486 ipsa
2432 5416 2659 5472 formula
2691 5418 2981 5472 statuebat.
3010 5416 3131 5480 Cui,
3163 5427 3262 5470 nec
3291 5421 3469 5466 tamen
3501 5410 3619 5465 sine
3652 5423 3786 5462 con-

2202 5509 2502 5573 troversia,
2551 5506 2861 5578 suffragium
2930 5507 3194 5561 dederunt
3245 5512 3511 5574 quotquot
3561 5501 3791 5557 aderant

2260 5683 2332 5754 (t2)
2374 5685 2579 5742 Socrat.
2615 5683 2705 5738 lib.
2742 5698 2798 5750 ιι,
2841 5698 2957 5753 cap.
2985 5682 3072 5737 57.
