4038 6526
1470 393 1629 450 νιτΑ
1674 394 1731 450 S.
1774 395 2167 455 ATHANASII.

3331 426 3455 470 ϐιιι

158 492 367 600 episcopi.
398 492 538 599 l\.'on
560 510 877 600 .nostrum
914 510 997 561 erit
1020 521 1081 562 ea
1110 509 1289 565 omnia
1321 527 1627 580 recensere,
1654 532 1773 585 quae
1802 521 1847 576 Α
1875 518 2025 574 sibus
2064 521 2314 577 Patr-ibus
2352 523 2603 581 rescribit
2646 524 2959 596 imperator,
3006 543 3066 585 se
3110 530 3451 600 negotiorum

160 596 239 638 ιιιιιι
282 582 472 640 Sirmii
516 588 813 657 ejusdem
866 596 1112 655 formulae
1151 604 1441 660 occasione
1489 582 1768 678 designata

158 685 267 730 sunt.
299 675 403 731 Sed
438 694 565 735 non
601 684 943 753 silendum,
986 705 1105 744 cum
1141 707 1337 762 magna
1367 675 1772 752 Catltolicorum

159 770 478 840 omniumque
504 772 675 846 frugi
706 778 1010 835 hominum
1037 784 1261 850 offensa,
1304 786 1425 842 fidei
1452 788 1770 857 professioni

162 862 459 925 [immissum
483 864 847 932 lmjusmodi
876 872 1083 927 titulum
1104 874 1271 931 fuisse
1296 894 1308 930 :
1332 875 1488 931 Edita
1506 887 1582 932 est
1604 879 1774 933 catho-

162 954 236 1005 lica
248 953 380 1019 ﬁdes.
402 968 698 1021 present:
718 962 959 1017 domino
1006 977 1177 1019 nostra
1196 968 1433 1035 piissimo
1463 982 1508 1024 et
1542 973 1772 1027 victoriis

164 1042 314 1095 eximio
341 1040 692 1099 Constantio
740 1050 1018 1119 Angusto,
1045 1065 1257 1119 aeterno,
1278 1061 1587 1115 venerando.
1621 1062 1769 1118 (loss.

169 1132 231 1185 Η.
257 1132 504 1199 Eusebio,
530 1149 585 1190 et
623 1136 678 1189 F
681 1138 729 1192 ι.
762 1140 1008 1211 Hypatio
1036 1147 1363 1203 clarissimis.
1397 1148 1582 1205 Sirmii
1611 1154 1773 1208 unde-

168 1225 266 1277 (ἱιιιο
295 1223 575 1280 Kalendas
614 1228 860 1287 lunias.

215 1316 262 1369 2.
307 1316 673 1385 Displicebat
722 1324 799 1378 iis
847 1325 1045 1393 quibus
1083 1326 1452 1383 ecclesiastica
1485 1330 1767 1403 disciplina

171 1418 207 1461 et
226 1407 428 1463 traditio
461 1412 663 1479 cordi,
693 1416 855 1483 quod
888 1417 941 1469 in
986 1416 1165 1473 fronte
1195 1419 1436 1475 formula:
1467 1430 1766 1493 temporum

171 1501 498 1557 ascriberetur
571 1507 909 1571 memoria,
964 1511 1174 1578 quando
1222 1512 1273 1565 in
1315 1512 1382 1567 iis
1440 1529 1561 1584 qua:
1607 1515 1765 1570 ﬁdem

171 1601 376 1660 Spectant
398 1593 559 1648 nulla
592 1598 885 1667 temporis
906 1600 1046 1654 ratio
1062 1602 1409 1672 conditioque
1428 1604 1762 1660 observanda

169 1687 235 1739 sit.
276 1683 380 1739 Nec
430 1687 692 1743 minoris
737 1700 868 1745 erat
897 1692 1137 1760 invidiae,
1185 1696 1329 1764 quod
1377 1696 1467 1750 ubi
1500 1696 1622 1751 Filii
1672 1697 1764 1753 Dei

168 1778 407 1832 aeternitas
438 1778 515 1833 ab
550 1766 763 1850 impiis
789 1782 1105 1839 hominibus
1131 1785 1182 1839 in
1210 1788 1638 1843 controversiam
1671 1804 1765 1845 vo-

1882 609 2025 664 mole
2049 611 2300 667 obrutum
2330 614 2568 670 nondum
2612 617 2854 686 potuisse
2875 618 3079 689 legatos
3114 622 3335 693 alloqui.
3370 620 3450 678 Illi

1879 709 2067 755 contra
2103 703 2393 759 obsecrare
2434 719 2531 775 per
2568 705 2779 763 litteras
2820 707 3228 778 imperatorem,
3260 722 3314 766 ut
3344 712 3451 768 sibi

1876 793 2135 849 ecclesias
2166 811 2295 851 suas
2326 806 2451 852 ante
2479 797 2757 854 ineuntem
2794 799 3028 855 hiemem
3060 804 3333 872 repetendi
3367 804 3453 859 fa-

1876 884 2049 939 cultas
2096 895 2254 953 esset,
2295 903 2571 957 nunquam
2620 904 2680 945 se
2731 905 2761 945 a
2808 891 3084 961 proposito
3118 908 3446 958 recessuros,

1873 975 2223 1042 quantumvis
2249 992 2410 1031 morae
2437 978 2794 1035 diuturnitate
2823 981 3186 1050 aerumnisque
3214 997 3450 1051 pressos.

1874 1063 2081 1118 luterea
2111 1066 2299 1121 Ariani
2334 1068 2558 1134 instare,
2591 1086 2788 1141 urgere
2810 1086 2873 1126 ac
2896 1072 3194 1128 sollicitare
3227 1074 3451 1145 legatos,

1872 1155 1963 1225 qui
2002 1165 2112 1209 tum
2159 1154 2289 1211 Nice
2335 1158 2386 1211 in
2430 1157 2658 1214 Thracia
2691 1162 3069 1227 versabantur,
3109 1173 3168 1217 ut
3200 1163 3362 1217 latam
3398 1165 3451 1218 in

1872 1245 2076 1316 synodo
2111 1246 2437 1302 Ariminensi
2476 1250 2526 1302 in
2558 1248 2839 1305 Ursacium
2870 1252 3150 1308 Valentem
3187 1262 3241 1307 et
3274 1253 3454 1308 socios

1872 1338 2198 1392 sententiam
2230 1338 2575 1407 abrogarent.
2610 1341 2711 1407 Qui
2748 1344 2962 1397 demum
2992 1344 3151 1399 ttedio
3176 1360 3239 1399 ac
3262 1345 3451 1414 despe-

1873 1428 2083 1481 ratione
2118 1429 2255 1482 bene
2300 1430 2551 1500 gerendaa
2582 1431 2656 1485 rei
2703 1431 2857 1488 fracti
2904 1448 2969 1488 ac
2997 1435 3213 1498 devicti,
3266 1444 3450 1506 optata

1870 1521 2173 1574 concedunt
2215 1520 2455 1585 Arianis,
2505 1520 2633 1575 dato
2685 1520 2752 1575 ad
2803 1537 2991 1577 eorum
3036 1523 3313 1581 libidinem
3368 1542 3451 1582 re-

1870 1610 2095 1677 scripto.
2136 1607 2398 1680 Quodque
2424 1610 2659 1665 maxime
2684 1610 3073 1680 deplorandum
3110 1612 3229 1681 fuit,
3256 1626 3449 1670 contu-

1869 1699 2049 1754 meliis
2093 1709 2148 1754 et
2185 1699 2595 1756 calamitatibus
2638 1701 2965 1757 Arianorum
3000 1719 3163 1773 opera
3208 1705 3448 1771 inflictis,

1870 1792 2083 1845 demum
2130 1800 2184 1846 et
2234 1791 2332 1860 ipsi
2383 1791 2756 1850 Ariminenses
2803 1795 3065 1865 episc0pi,
3110 1797 3452 1867 paucissimis

166 1873 659 1939 cabatur,a~.ternus
691 1882 883 1930 tamen
906 1875 1373 1946 impudentissima
1397 1882 1768 1937 assentatione
1798 1872 1841 1927 Β
1870 1878 2132 1947 exceptis.
2166 1886 2482 1945 cesserunt;
2526 1894 2591 1935 ac
2620 1894 2739 1951 qua:
2766 1881 2891 1951 jure
2915 1892 3040 1939 ante
3070 1885 3446 1955 decreverant,

165 1964 489 2021 Constantius
519 1967 940 2037 appellaretur.
966 1968 1091 2025 Haec
1114 1971 1347 2028 maxime
1372 1974 1613 2028 omnium
1646 1989 1765 2029 car-

163 2058 224 2126 pit
263 2058 612 2114 Athanasius
644 2059 756 2131 (a).
809 2061 911 2115 Cui
959 2062 1082 2117 item
1116 2062 1243 2118 illud
1281 2066 1476 2121 rationi
1509 2076 1562 2122 et
1609 2067 1766 2123 Chri-

162 2148 324 2205 sﬁaua
357 2151 633 2224 religioni
676 2153 956 2207 absonum
1003 2156 1234 2220 videtur,
1286 2158 1432 2227 quod
1481 2159 1624 2213 nulla
1669 2176 1762 2214 ur-

158 2252 293 2310 gente
314 2257 516 2309 causa,
557 2245 730 2300 nullo
778 2247 1095 2316 postulante
1131 2249 1371 2318 negotio,
1408 2258 1618 2303 tantum
1662 2251 1765 2304 iter

158 2336 534 2399 cariessendum
572 2337 871 2405 episcopis
899 2347 1085 2392 esset:
1119 2340 1274 2407 quasi
1311 2356 1439 2395 vero
1471 2356 1575 2395 non
1615 2350 1762 2397 esset

158 2420 342 2476 Nicena
366 2425 634 2495 synodus
656 2426 732 2481 ad
758 2428 1039 2483 sinceram
1062 2429 1385 2485 ﬁrmandam
1416 2431 1572 2485 ﬁdem
1606 2432 1760 2497 satis,

157 2523 202 2565 ut
227 2514 276 2568 in
314 2515 436 2571 dies
465 2531 641 2572 novae
682 2519 755 2572 de
779 2519 1000 2588 integro
1032 2518 1276 2575 formulae
1306 2537 1369 2577 ac
1402 2522 1522 2578 ﬁdei
1555 2524 1763 2593 profes-

154 2602 311 2657 siones
340 2606 652 2671 prodirent
687 2607 746 2660 ln
778 2608 1082 2676 publicum.

207 2695 257 2747 3.
309 2695 575 2765 Synodus
641 2698 1038 2753 Ariminensis.
1088 2684 1158 2742 σέ-
1203 2702 1510 2757 Ariminum
1581 2702 1764 2773 itaque

151 2800 257 2840 cum
301 2788 729 2844 convenissent
787 2790 1036 2861 episcopi
1094 2793 1315 2848 circiter
1356 2792 1761 2864 quadringenti,

149 2878 340 2943 Ariani,
373 2880 469 2949 qui
498 2880 809 2951 octoginta
839 2896 1068 2937 numero
1098 2895 1461 2951 accesserant,
1496 2887 1764 2943 Sirmien-

148 2986 249 3025 sem
275 2972 438 3027 ﬁdem
469 2976 542 3029 de
566 2988 686 3044 qua
728 2989 864 3029 mox
897 2982 1100 3042 actum,
1130 2977 1296 3034 totius
1321 2978 1514 3049 synodi
1542 2979 1764 3034 calculis

149 3075 196 3117 et
223 3064 501 3137 suﬂragiis
542 3067 1007 3137 consignandam
1034 3066 1267 3123 offerunt
1298 3071 1400 3141 (b).
1448 3072 1546 3128 His
1573 3071 1764 3127 Patres

150 3159 467 3226 conspectis,
494 3160 701 3213 statim
730 3160 971 3214 insidias
1001 3161 1290 3229 sr15picari,
1321 3163 1616 3233 solitasque
1656 3164 1761 3219 Ur-

154 3247 276 3301 sacii
325 3260 381 3304 et
424 3250 695 3305 Valentis
739 3258 900 3304 artes
950 3259 1006 3304 et
1051 3251 1335 3307 machinas
1366 3254 1434 3308 ad
1486 3254 1759 3310 Nicacnam

152 3341 487 3396 evertendam
518 3341 693 3396 ﬁdem
715 3348 1078 3411 comparatas
1127 3344 1463 3401 subodorari.
1494 3346 1766 3412 Quamob-

158 3444 256 3483 rem
286 3432 339 3485 in
374 3432 707 3502 huiusmodi
746 3434 1183 3501 conspirationis
1211 3436 1452 3491 artiﬁces
1495 3439 1763 3503 conversi,

159 3522 342 3576 acriter
367 3523 715 3592 compellant
743 3529 806 3579 et
835 3520 1204 3590 alloquuntur,
1236 3539 1339 3578 non
1370 3524 1489 3578 ﬁdei
1523 3525 1767 3579 formula:

160 3614 556 3679 promulganda:
608 3629 788 3670 causa
847 3629 878 3667 a
935 3628 994 3669 se
1046 3624 1254 3669 tantum
1303 3616 1407 3669 iter
1455 3628 1763 3687 susceptum

164 3702 338 3770 fuisse,
367 3707 569 3775 quibus
603 3714 763 3761 esset
791 3704 1014 3760 Nicaeua
1054 3706 1186 3761 ﬁdes
1220 3707 1386 3773 satis;
1420 3708 1512 3761 sed
1541 3722 1605 3762 eo
1641 3723 1771 3762 con-

163 3794 270 3852 silio
299 3798 631 3864 accessisse,
677 3807 738 3852 ut
777 3806 1048 3865 quotquot
1080 3798 1200 3851 buic
1242 3799 1662 3854 adversarentur
1694 3801 1771 3855 fe-

165 3886 323 3941 rirent
353 3890 737 3943 anathemate.
781 3884 1015 3941 Ursacio
1048 3898 1226 3942 autem
1262 3888 1484 3945 Valente
1510 3900 1564 3945 et
1605 3892 1769 3946 sociis

165 3988 339 4034 contra
375 3981 789 4047 nbnitentibus,
823 3987 883 4033 et
918 3980 1056 4033 facta
1093 3979 1358 4051 ﬁdemque
1392 3997 1543 4036 suam
1579 3999 1771 4053 propu-

169 4072 467 4139 gnanlibus,
492 4071 646 4126 nulla
672 4070 1005 4138 interposita
1039 4085 1208 4137 mora,
1242 4071 1427 4127 Patres
1454 4070 1766 4142 Ursacium,

171 4160 459 4229 Valentem,
497 4163 883 4225 Germinium,
920 4163 1271 4230 Auxentium,
1312 4163 1525 4231 Gaium,
1562 4174 1615 4218 et
1663 4165 1767 4219 De-

171 4254 452 4321 mophilum
500 4254 778 4309 damnant
836 4262 898 4305 ut
943 4252 1223 4306 htereticos
1270 4269 1285 4307 :
1339 4254 1628 4323 missisque
1674 4270 1771 4324 per

172 4344 349 4411 viginti
373 4356 627 4401 oratores
652 4347 721 4398 ad
745 4344 1128 4399 Constantium
1164 4343 1377 4408 litteris,
1406 4346 1530 4414 quid
1558 4356 1767 4415 gestum

174 4435 235 4487 sit
261 4437 596 4507 signiﬁcant.
628 4437 780 4492 Jussi
819 4444 949 4490 sunt
989 4446 1167 4490 autem
1204 4436 1385 4506 legati.
1415 4438 1504 4506 qui
1531 4439 1767 4508 episcopi

1870 1967 2021 2021 irrita
2054 1981 2116 2022 ac
2154 1967 2386 2021 rescissa
2422 1967 2594 2035 fuere,
2632 1986 2737 2026 non
2772 1973 2887 2026 sine
2918 1988 3111 2043 magna
3156 1975 3446 2043 proborum

1868 2058 2181 2113 offensione.
2230 2058 2365 2112 Nam
2403 2058 2790 2130 ingemiscens,
2833 2063 2908 2115 ait
2964 2062 3320 2135 Hieronymus
3345 2065 3444 2137 (c),

1866 2150 2013 2204 orbis
2048 2159 2314 2205 terrarum
2350 2168 2407 2207 se
2437 2152 2694 2207 Arianum
2735 2168 2855 2209 esse
2889 2155 3118 2210 miratus
3149 2164 3250 2210 est.

1937 2241 1991 2295 4.
2021 2240 2268 2311 Synodus
2315 2242 2648 2297 Seleuciam.
2690 2243 2945 2298 Acaciani
2993 2246 3336 2301 damnantur.
3373 2272 3443 2287 -

1867 2332 2000 2386 Dum
2025 2333 2145 2387 barc
2182 2333 2232 2387 in
2263 2333 2558 2388 Occidente
2575 2343 2857 2400 geruntur,
2881 2334 3186 2390 Orientales
3204 2336 3444 2406 episcopi

1865 2423 1931 2476 ad
1962 2422 2065 2477 160
2100 2438 2325 2478 numero
2364 2421 2666 2477 Seleuciam
2697 2433 3112 2489 convenerunt;
3146 2423 3328 2494 ibique
3355 2426 3447 2479 de-

1865 2515 2001 2567 cima
2052 2514 2280 2583 septima
2338 2512 2676 2583 Septembris
2723 2514 2792 2570 de
2844 2515 2948 2571 ﬁde
2995 2530 3155 2587 agere
3208 2523 3445 2586 ereptum

1867 2612 1949 2659 est
2002 2602 2099 2674 (τί).
2165 2602 2407 2658 Interfuit
2463 2606 2667 2675 synodo
2740 2605 2997 2661 Hilarius.
3064 2607 3450 2663 Athanasium-

1868 2709 1973 2765 que
2009 2698 2182 2766 ipsum
2226 2697 2522 2765 opinantur
2581 2697 2820 2753 adfuisse
2878 2700 3098 2768 quidam
3173 2701 3446 2755 recentio—

1868 2802 1955 2841 res
1999 2802 2014 2840 :
2055 2787 2180 2855 quia
2214 2787 2468 2841 nimirum
2495 2786 2609 2855 ipse
2641 2786 2972 2843 Athanasius
2999 2786 3193 2843 librum
3236 2788 3304 2844 de
3350 2803 3446 2859 sy-

1864 2878 2019 2932 nodis
2052 2893 2250 2943 orsus,
2301 2887 2534 2933 testatur
2590 2894 2655 2935 ea
2713 2893 2772 2934 se
2822 2879 3066 2935 scribere
3116 2894 3236 2949 qua:
3270 2880 3444 2949 vidit,

1863 2985 2091 3039 qumque
2143 2978 2402 3025 accurate
2453 2970 2645 3034 novit,
2702 2970 2845 3042 ἆπερ
2876 2970 3096 3041 ἑώρακα
3126 2970 3219 3023 καὶ
3276 2970 3446 3040 ἔγνων

1865 3060 2128 3131 ἀκριϐῶς.
2166 3062 2235 3112 At
2269 3060 2356 3113 vix
2405 3062 2663 3114 credatur
2716 3060 3076 3115 Athanasium
3127 3075 3226 3129 per
3276 3071 3444 3116 totam

1870 3150 2171 3221 Egyptum
2202 3166 2264 3205 ea
2296 3159 2617 3221 tempestate
2648 3151 2714 3205 ad
2750 3162 2939 3205 necem
2970 3152 3351 3221 perquisitum,
3388 3161 3447 3206 ut

1871 3242 2046 3298 locum
2102 3242 2192 3297 ubi
2223 3242 2547 3297 consisteret
2587 3240 2828 3310 reperire
2871 3241 2961 3295 vix
3005 3250 3210 3312 posset,
3256 3243 3446 3297 Seleu-

1870 3335 2008 3390 ciam
2040 3334 2376 3390 concessisse
2399 3375 2414 3398 ,
2444 3333 2530 3387 ubi
2564 3332 2707 3388 nulla
2739 3332 3165 3403 subterfugiendi
3210 3333 3295 3387 via
3327 3341 3449 3389 erat

1870 3423 1941 3477 ab
1971 3423 2183 3478 insidiis
2223 3422 2590 3478 inimicorum.
2635 3422 2822 3493 Itaque
2853 3424 2996 3493 quod
3030 3424 3107 3477 ait
3147 3424 3260 3493 ipse
3289 3440 3351 3480 ea
3388 3438 3449 3479 se

1870 3516 2073 3585 scripto
2103 3516 2316 3571 tradere
2347 3530 2465 3586 qum
2495 3515 2744 3581 vidisset,
2793 3530 2900 3570 non
2934 3516 3006 3570 ita
3036 3515 3444 3587 intelligendum

1870 3618 2120 3679 putamus
2147 3649 2163 3674 ,
2209 3608 2354 3679 quod
2400 3622 2640 3677 praesens
2679 3622 2741 3662 ea
2784 3621 2969 3662 coram
3006 3609 3318 3677 aspexerit;
3352 3609 3447 3664 sed

1867 3700 2012 3772 quod
2051 3715 2158 3755 non
2196 3714 2416 3754 rumore
2444 3698 2588 3769 vulgi
2631 3713 2691 3753 ea
2724 3697 3033 3767 acceperit,
3070 3713 3255 3752 verum
3303 3697 3449 3752 litte-

1870 3807 1962 3846 ras
2000 3800 2056 3845 et
2092 3799 2210 3844 acta
2251 3790 2582 3861 synodorum
2611 3789 2726 3843 suis
2754 3789 2869 3857 ipse
2900 3787 3072 3842 oculis
3096 3786 3323 3843 intuitus
3353 3788 3443 3843 sit.

1872 3886 1937 3939 Et
1966 3899 2095 3940 sane
2121 3884 2283 3939 verba
2310 3884 2519 3948 istlttec,
2541 3883 2682 3952 ἅπερ
2710 3881 2932 3953 ἑώρακα
2971 3884 3066 3936 καὶ
3101 3882 3273 3951 ἔγνων
3295 3884 3447 3955 ἀκρι-

1873 3976 1985 4039 ϐῶς
2008 4017 2022 4040 ,
2061 3990 2167 4030 non
2200 3991 2360 4029 unam
2412 3975 2675 4046 synodum
2727 3973 3132 4030 Seleuciensem
3161 3984 3449 4044 spectant,

1872 4068 1966 4122 sed
2024 4068 2425 4121 Ariminensem
2459 4079 2697 4134 quoque,
2739 4066 2897 4135 Cujus
2942 4065 3229 4120 bistdriam
3268 4065 3450 4134 priore

1873 4160 1992 4215 loco
2022 4168 2245 4214 enarrat
2275 4157 2603 4211 Athanasius
2627 4197 2644 4221 ,
2681 4166 2864 4225 postea
2919 4172 3049 4211 vero
3091 4156 3450 4212 Seleuciensis

1872 4252 2061 4323 synodi
2086 4253 2152 4304 ad
2185 4251 2327 4305 bnnc
2362 4251 2473 4305 fere
2500 4252 2714 4305 modum
2750 4251 2958 4311 :Erant
2990 4249 3136 4314 istic,
3166 4250 3450 4319 inquit(e),

1872 4341 2110 4412 episcopi
2166 4340 2386 4394 circiter
2445 4349 2662 4395 centum
2714 4339 3021 4408 sexaginta.
3086 4339 3219 4393 Cum
3270 4349 3448 4393 autem

1876 4432 2162 4486 multorum
2196 4430 2412 4485 nomina
2444 4431 2509 4484 de
2532 4430 2696 4484 variis
2725 4429 3049 4483 criminibus
3082 4427 3449 4495 deferrentur,

177 4540 340 4596 erant,
377 4531 518 4601 apud
550 4531 868 4600 principem
902 4544 1122 4584 causam
1155 4529 1531 4597 episcoporum
1581 4543 1759 4599 agere.
1800 4565 1843 4618 υ
1874 4533 2321 4591 accusatoresque
2378 4522 2524 4575 edito
2561 4520 2798 4574 clamore
2851 4519 3070 4618 scelera
3112 4518 3450 4618 objicerent,

118 4610 123 4613 ’
178 4620 375 4679 Obnixe
414 4625 620 4694 quippe
661 4622 957 4690 rogabant,
1006 4630 1064 4675 ut
1098 4620 1195 4675 sibi
1227 4621 1292 4674 ad
1328 4621 1599 4691 paroecias
1638 4635 1764 4675 suas

179 4716 469 4771 revertendi
505 4716 665 4785 copia
699 4723 853 4771 esset
882 4732 897 4768 :
935 4728 1055 4768 esse
1086 4713 1281 4783 quippe
1316 4713 1512 4769 multos
1534 4727 1763 4783 pauper-

180 4816 276 4861 tate
302 4824 363 4863 ac
399 4810 553 4863 senio
599 4808 947 4870 laborantes,
978 4806 1173 4874 quibus
1211 4806 1517 4861 diuturnior
1563 4819 1628 4860 eo
1658 4804 1758 4860 loci

183 4901 518 4955 commoratio
548 4912 820 4954 aerumna
851 4912 917 4951 ac
942 4897 1099 4950 taedio
1143 4905 1305 4951 esset.
1345 4894 1543 4950 Verum
1575 4903 1761 4949 aucto-

189 4990 319 5045 ribus
345 5000 399 5047 et
426 4990 876 5048 consuasoribus
899 4988 1113 5040 Arianis
1138 4986 1512 5053 Constantius,
1547 4986 1762 5041 trahere

190 5093 370 5145 moras,
401 5098 498 5139 nec
533 5082 736 5153 legatis
791 5079 877 5134 sui
918 5088 1240 5149 conspectus
1294 5080 1502 5149 copiam
1547 5078 1763 5143 facere;

194 5170 331 5241 idque
353 5177 471 5233 dolo
498 5192 563 5233 ac
603 5171 887 5236 versutia,
914 5179 975 5225 ut
1000 5186 1177 5226 rerum
1215 5171 1490 5239 imperitos
1521 5186 1583 5226 ac
1608 5180 1767 5226 aelate

191 5262 400 5330 iuniores
441 5272 742 5340 episcopos
795 5262 957 5317 taedio
995 5278 1181 5327 morte,
1222 5262 1447 5331 prtecisa
1500 5276 1595 5331 spe
1639 5277 1765 5332 per-

192 5358 372 5415 ﬁciendi
413 5362 646 5432 negotii,
688 5357 978 5424 frangeret
1010 5354 1244 5418 demum,
1282 5360 1336 5407 et
1371 5352 1438 5407 ad
1474 5353 1761 5408 inenndam

184 5461 285 5502 cum
317 5451 532 5507 Arianis
558 5448 906 5504 societatem
936 5442 1245 5498 adduceret.
1266 5440 1378 5497 Nec
1414 5442 1622 5497 modico
1646 5451 1767 5512 post

174 5554 427 5601 accessum
464 5545 808 5614 legatorum
852 5535 1166 5605 interposito
1216 5537 1414 5606 spatio,
1457 5534 1766 5590 Ariminen-

223 5638 293 5707 (η)
332 5637 453 5693 Lib.
490 5636 577 5690 De
618 5628 888 5709 synodis,
924 5642 978 5680 ιι.
1012 5627 1040 5679 ι
1071 5636 1308 5709 (ξε-86ης.
1524 5699 1554 5709 η

220 5698 287 5779 (ὁ)
328 5709 557 5764 Socrat.
613 5698 720 5756 lib.
781 5712 871 5779 ιιι¹
929 5698 1195 5779 θηλυξιῖς
1249 5699 1493 5779 Sozom_._
1524 5698 1614 5752 lib.
1690 5713 1763 5759 tv,

154 5766 442 5922 “td?-
468 5766 1012 5902 “‘Fé?.‘2i;ili!fi"'
1054 5767 1142 5823 “"'
1275 5784 1393 5839 °"“'

210 5864 252 5921 (.c
350 5868 403 5905 ια
432 5864 523 5918 09.
968 5873 980 5886 ’

210 5864 273 5921 (β)
299 5864 523 5918 Utatog.
556 5864 773 5898 COIUTu
809 5864 980 5902 μιιιιι.

1870 4615 2122 4679 Aeacius,
2158 4611 2539 4681 Patropliilus,
2572 4608 2811 4665 Urianus
2841 4610 2995 4680 Tyri,
3029 4609 3325 4673 Eudoxius,
3358 4607 3451 4677 qui

1870 4706 2265 4761 Antiochenam
2298 4702 2496 4756 invasit
2526 4700 2850 4767 Ecclesiam,
2890 4699 3176 4764 Leontius,
3202 4698 3455 4754 Theodo-

1873 4815 1986 4864 rus,
2021 4795 2304 4860 Evagrius,
2341 4793 2656 4849 Tbeodulus
2684 4801 2737 4847 et
2767 4792 3036 4865 Georgius
3068 4791 3162 4846 ille
3187 4790 3453 4847 Laodice-

1874 4905 1975 4945 nus
2018 4888 2323 4942 facinorum
2359 4884 2501 4938 fama
2540 4883 2882 4949 nobilitatus,
2912 4891 3250 4938 veteratores
3280 4882 3460 4938 homi-

1868 4998 1989 5047 nes,
2010 4994 2072 5033 ac
2100 4979 2503 5050 praeteritarum
2525 4975 2774 5032 fraudum
2802 4990 2907 5030 non
2937 4974 3463 5039 immemorestu-

1866 5092 1980 5131 ram
1999 5073 2393 5129 damnationem
2409 5082 2527 5126 astu
2546 5069 2816 5126 declinare
2834 5068 3290 5124 conantur.Veriti
3305 5068 3461 5137 quip-

1870 5182 1936 5236 pe
1962 5182 2084 5221 cum
2114 5173 2430 5234 argumenta
2458 5161 2892 5216 adversariorum
2928 5160 2979 5213 in
3016 5174 3075 5215 se
3103 5166 3415 5229 comparata
3439 5194 3457 5221 ,

1872 5271 1987 5315 tum
2019 5258 2373 5313 solitudinem
2398 5256 2752 5321 suam,pauci
2777 5254 2923 5310 enim
2953 5253 3242 5307 admodum
3275 5258 3455 5315 erant,

1872 5361 1928 5408 et
1960 5352 2149 5420 ingens
2198 5350 2415 5405 illorum
2452 5347 2795 5417 frequentia;
2830 5346 2967 5401 alios
2998 5343 3099 5400 sibi
3135 5343 3349 5397 Ariona:
3379 5339 3459 5393 fa-

1874 5444 2071 5499 ctionis
2115 5442 2389 5503 ascivcre,
2425 5437 2791 5494 mercenaries
2829 5436 3096 5498 homines,
3135 5447 3163 5485 a
3205 5430 3459 5485 Secundo

1875 5534 2293 5602 Peutapolitano
2322 5530 2630 5592 ordinatos,
2674 5544 2739 5582 ex
2780 5527 2950 5597 Libya
2982 5525 3193 5579 scilicet
3223 5520 3455 5588 Stepha-

1953 5626 2032 5692 (d)
2068 5624 2284 5679 Socrat.
2322 5622 2419 5675 lib.
2451 5638 2513 5683 ll,
2547 5618 3039 5693 cap.75ﬁ;‘Suzom_.
3085 5614 3178 5693 lib.
3226 5628 3299 5671 tv,
3335 5626 3457 5693 cap.

1876 5683 1977 5758 ἓξὲξ
2002 5683 2208 5747 Theod.
2252 5694 2343 5749 lib.
2376 5707 2434 5753 ιι,
2464 5707 2581 5758 cap.
2612 5683 2711 5751 26;
2744 5689 2940 5742 Atltan.
2980 5684 3075 5738 lib.
3110 5683 3188 5739 De
3220 5685 3457 5752 synodir,

1878 5766 1979 5819 sub
2000 5764 2232 5816 initium.

1951 5832 2018 5902 (εν)
2056 5833 2172 5888 Lib.
2205 5832 2276 5885 Dc
2305 5832 2542 5899 synodis.
