4038 6538
598 374 741 415 σιω

1900 335 2435 415 PROLEGOMENA.

603 469 963 533 num,Seram
983 480 1036 524 et
1057 468 1352 534 Pollucem,
1372 445 1631 525 scelestos
1661 478 1713 525 et
1741 484 1867 526 reos
1899 471 2169 534 homines,
2201 471 2247 531 Α
2278 467 2400 522 fidei
2466 464 2727 522 formulas
2780 479 2879 537 per
2931 478 3026 521 eos
3062 464 3231 520 variis
3281 464 3417 521 locis
3474 474 3531 521 et
3586 466 3847 535 tempori-

601 562 929 631 insuperque
972 560 1316 617 Pancratium
1376 570 1432 616 et
1486 560 1831 619 Ptolemaeum
1879 564 2167 633 quemdam

601 651 973 707 Meletianum.
1025 650 1161 707 Tum
1210 660 1270 707 ut
1324 652 1704 711 accusationes
1736 653 2168 711 adversariorum

602 741 1065 811 subterfugerent,
1100 741 1168 795 de
1198 740 1302 796 fide
1328 755 1490 809 agere
1519 740 1657 795 velle
1698 741 1973 796 simulant.
2025 740 2171 808 Quo-

604 846 723 886 rum
783 832 1055 887 vafritiem
1115 831 1411 901 conspicati
1461 831 1641 885 caeteri
1695 832 1945 901 episcopi
1978 846 2168 886 eorum

600 922 797 977 exinde
829 930 979 992 gesta
1031 923 1415 977 observabant.
1449 920 1527 974 Illi
1580 930 1757 976 autem
1805 937 1910 977 non
1940 925 2172 978 obscure

598 1011 857 1068 Arianam
910 1029 968 1069 se
1014 1014 1264 1075 hmresim
1302 1023 1733 1086 propugnaturos
1762 1014 2169 1083 signiﬁcabant.

600 1104 734 1171 Quae
762 1119 927 1159 causa
961 1104 1060 1159 fuit
1087 1114 1144 1159 ut
1173 1105 1305 1167 duas
1334 1104 1387 1158 in
1423 1113 1609 1172 partes
1638 1105 1910 1179 propalam
1935 1106 2171 1176 synodus

602 1196 802 1251 abiret.
830 1195 964 1251 Pars
996 1196 1246 1262 minima,
1278 1211 1400 1266 qua:
1437 1212 1535 1252 ceu
1567 1195 1826 1251 colluvies
1856 1206 1975 1251 erat
2002 1196 2172 1253 homi-

604 1304 754 1353 num,
781 1288 871 1357 qui
896 1288 1121 1357 autrei,
1146 1296 1245 1348 aut,
1264 1287 1523 1358 suspecti,
1559 1298 1653 1343 aut
1700 1288 1999 1344 sceleribus
2040 1288 2173 1344 insi-

600 1378 735 1448 gniti
760 1389 940 1443 erant,
970 1379 1252 1436 haerebant
1282 1381 1479 1435 Acacio
1500 1379 1816 1436 Caesariensi
1837 1398 1869 1447 ;_
1890 1379 1981 1434 alii
2018 1379 2171 1449 longe

602 1470 795 1541 majori
822 1486 1049 1527 numero
1084 1470 1150 1525 ab
1179 1471 1247 1531 iis
1294 1473 1559 1542 segregati
1607 1472 2173 1542 Basilium,.Ancyra-

601 1576 731 1616 num
765 1561 956 1617 ducem
988 1563 1381 1632 sequebantur.
1406 1565 1665 1623 Acaciani
1700 1564 1869 1633 igitur
1894 1562 2171 1620 temerarii

600 1649 872 1718 homines,
903 1653 1102 1724 quibus
1129 1653 1266 1708 nihil
1297 1654 1569 1717 inausum,
1607 1653 1878 1711 Nicaznam
1904 1653 2168 1724 synodum

599 1754 784 1811 aperte
808 1744 1113 1810 criminari,
1139 1761 1338 1817 negare
1370 1746 1526 1802 fidem
1554 1748 1669 1816 ejus
1696 1747 1983 1812 sinceram,
2006 1748 2169 1804 abro-

2274 560 2375 615 bus
2403 558 2759 625 conscriptas.
2813 556 2872 610 ln
2924 555 3079 619 tertia
3103 594 3119 619 ,
3157 568 3345 609 vocum
3376 555 3537 610 οὐσία
3564 568 3620 610 et
3646 556 3848 627 ὀμοούο

2275 665 2388 709 σιον
2439 649 2807 703 sinceritatem
2849 654 3150 715 propugnat
3199 656 3387 701 contra
3429 647 3803 703 Semiarianos
3829 689 3845 715 ,

2272 754 2406 808 quos
2442 748 2620 794 tamen
2659 752 2764 792 non
2813 736 3155 791 inimicorum
3200 736 3402 791 habere
3454 737 3577 793 loco
3624 738 3850 807 proﬁte-

2274 839 2383 891 tur,
2412 829 2465 884 in
2501 828 2797 897 primisque
2820 826 3076 881 Basilium
3105 825 3477 898 Ancyranutn,
3500 842 3624 882 cum
3661 843 3850 884 vocem

2274 927 2482 974 tantum
2521 916 2839 989 ὀμοούσιον,,
2879 931 2984 970 non
3017 931 3131 971 rem
3178 918 3292 985 ipsa
3341 916 3736 983 significatam,
3765 932 3851 973 re-

2271 1024 2487 1086 spuant.
2526 1014 2735 1082 Quibus
2769 1022 2948 1069 autem
2983 1013 3193 1069 litteras
3230 1014 3442 1069 miserit
3473 1013 3849 1081 Athanasius,

2272 1107 2417 1161 haud
2449 1105 2610 1173 plane
2663 1113 2902 1163 constat.
2937 1105 3197 1160 Socrates
3231 1104 3517 1176 ἐπιστολὴν
3554 1104 3696 1176 πρὸς
3724 1105 3853 1169 τοὺς

2272 1197 2582 1269 γνωρίμους
2630 1206 2948 1266 nuncupat,
3008 1194 3347 1257 Sozomenus
3375 1212 3506 1253 vero
3537 1197 3679 1267 πρὸς
3723 1198 3853 1262 τοὺς

2271 1289 2633 1360 ἐπιτηδείους.
2671 1288 2808 1344 Sunt
2836 1288 2930 1355 qui
2964 1296 3151 1358 putent
3200 1288 3269 1344 ad
3301 1289 3595 1345 monachos
3626 1289 3849 1344 missas.

2274 1382 2379 1438 Sed
2402 1382 2679 1437 crederem
2716 1380 2898 1451 petitis
2926 1380 2995 1435 ad
3023 1379 3354 1437 catholicum
3377 1390 3578 1436 emtum
3610 1380 3855 1434 Alexan-

2272 1470 2534 1535 drinum,
2570 1485 2637 1526 ne
2672 1470 2817 1525 inter
2850 1470 3091 1526 incertus
3139 1471 3281 1541 vulgi
3312 1486 3560 1527 rumores
3586 1471 3657 1527 de
3690 1468 3844 1539 ejus-

2272 1561 2418 1617 modi
2449 1562 2674 1633 synodis
2710 1561 2907 1632 ubique
2928 1569 3281 1632 pervagantes
3309 1561 3850 1632 animipenderent:

2270 1662 2326 1709 et
2353 1668 2487 1713 sane
2523 1652 2681 1709 initio
2734 1661 2789 1709 et
2843 1653 2950 1709 fine
2981 1652 3222 1723 epistolae
3261 1661 3485 1721 coetum,
3520 1661 3582 1707 ut
3611 1652 3853 1721 videtur,

2277 1743 2591 1814 alloquitur.

601 1807 774 1903 gentia
813 1834 946 1903 ejus.
982 1807 1613 1903 decreta—contendere;
1653 1847 1817 1908 atque
1846 1838 1914 1894 de
1958 1807 2168 1910 integro
2199 1807 2241 1862 Β
2341 1807 2657 1893 Αιλιοῦϐο.
2684 1866 2752 1876 -
2784 1837 2834 1891 1.
2870 1836 3117 1908 Synodus
3147 1836 3758 1907 Conslanlittopolilana.
3784 1864 3860 1879 --

600 1927 945 1985 statuendum
999 1928 1066 1984 de
1109 1928 1213 1984 fide
1264 1929 1802 1999 praedicare.,C:nteri
1854 1939 2035 1987 autem
2075 1930 2177 2001 qui.

600 2032 821 2087 magno,
854 2027 918 2077 ut
940 2020 1151 2077 dictum
1186 2028 1291 2088 est,
1324 2036 1551 2076 numero
1574 2032 1759 2087 erant,
1791 2038 2004 2078 summo
2050 2027 2170 2094 qui-

600 2110 718 2162 dem
758 2125 920 2178 opere
959 2112 1344 2168 ohnitebantur
1382 2111 1562 2181 impiis
1610 2112 1923 2169 hominibus
1948 2152 1965 2182 ,
2007 2128 2167 2168 unam

601 2208 811 2268 tamen,
830 2202 1045 2258 caeteris
1062 2203 1811 2273 integris,.consubstantialis
1824 2219 2009 2260 vocem
2030 2220 2169 2274 pra:-

599 2290 703 2345 cidi
748 2294 1011 2362 Optabam
1050 2309 1125 2351 ex.
1167 2296 1402 2351 Nicaznis
1431 2297 1692 2361 decretis,
1732 2312 1797 2351 eo
1823 2296 2031 2351 scilicet
2076 2300 2173 2352 oh-

598 2388 748 2437 teutu
775 2422 793 2447 ,
821 2385 961 2451 quod
992 2386 1345 2441 obscuritatis
1393 2401 1556 2441 causa
1608 2396 1855 2456 suspecta
1891 2389 2172 2459 quamplu-

601 2471 840 2530 rimiset
864 2473 1211 2529 formidolosa
1246 2475 1546 2530 videretur.
1583 2474 1715 2530 Cum
1761 2475 1924 2544 igitur
1963 2476 2172 2547 longio-

601 2564 834 2619 resistic
861 2581 1025 2619 morm
1065 2566 1431 2632 traherentur,
1481 2566 1807 2622 instantibus
1838 2568 2173 2623 accusatori-

602 2653 723 2718 bus,
755 2655 863 2713 reis
889 2664 1071 2709 autem
1101 2655 1258 2710 solita
1283 2656 1576 2712 calliditate
1599 2656 1863 2725 judicium
1897 2658 2170 2726 refugien-

597 2740 768 2808 tibus,
800 2744 1175 2814 episeoporum
1213 2754 1408 2809 cactus,
1450 2761 1573 2801 cum
1615 2746 1813 2814 negotii
1847 2747 2173 2802 diuturnita-

601 2843 736 2897 tem,
761 2844 873 2888 tum
905 2836 1247 2904 excogitatas
1296 2837 1348 2892 in
1381 2837 1493 2893 dies
1534 2838 1602 2891 ab
1633 2837 1814 2906 impiis
1860 2837 2180 2894 hominibus

599 2922 666 2978 ad
694 2922 1191 2994 subterfugiendum
1220 2927 1497 2982 machinas
1521 2926 1893 2997 indignissime
1911 2930 2179 2996 ferentes,

600 3012 887 3070 damnatos
920 3015 1196 3084 Acacium,
1234 3015 1632 3086 Patrnphilum,
1668 3017 1951 3083 Uranium,
1994 3019 2173 3074 Eudo-

2276 1923 2603 1984 Semiariani
2636 1936 2817 1981 autem
2866 1925 3388 1997 Constantinopolim
3417 1926 3693 1997 profecti,
3726 1941 3854 1981 cum

2275 2022 2441 2076 multa
2479 2022 2584 2078 alia
2635 2026 2962 2088 peregerunt
2990 2058 3006 2085 ,
3032 2033 3151 2089 qua:
3180 2033 3279 2074 nos
3304 2019 3889 2074 consultoenarrare-

2272 2115 2686 2183 supersedemus
2711 2153 2727 2180 ,
2766 2121 2878 2167 tum
2909 2110 3180 2167 celebrata
3210 2123 3274 2165 ea
3326 2109 3380 2165 in
3434 2110 3569 2166 urbe
3594 2110 3810 2181 synodo
3838 2152 3873 2177 ,η

2271 2208 2642 2265 Aetiumcum
2688 2203 2913 2261 asseclis
2966 2210 3345 2273 percusserunt
3378 2202 3759 2258 anathemate.
3791 2203 3860 2258 Et

2274 2297 2341 2352 de
2364 2312 2539 2363 more,
2562 2297 2719 2366 quasi
2744 2310 2850 2350 non
2875 2303 3057 2351 essent
3087 2302 3163 2348 tot
3185 2291 3299 2364 jam
3317 2292 3526 2364 pridem
3546 2293 3712 2348 edita:
3731 2294 3857 2348 fidei

2274 2387 2518 2445 formulte
2533 2388 2686 2454 satis,
2702 2401 2805 2458 qua
2823 2394 2979 2442 erant
2998 2385 3163 2438 animi
3180 2383 3522 2439 volubilitate
3539 2382 3861 2453 mentisque

2274 2477 2677 2543 incertitudine,
2720 2492 2839 2534 eam
2874 2491 3001 2546 qua:-
3019 2474 3482 2531 numerodecima
3510 2474 3691 2529 fertur
3712 2474 3859 2543 apud

2273 2568 2625 2622 Athanasium
2672 2569 2738 2621 de
2784 2568 2997 2638 integro
3040 2565 3425 2637 promulgant;
3474 2580 3584 2635 qua
3618 2565 3857 2620 similem

2275 2658 2493 2729 quidem
2520 2658 2663 2713 Patri
2692 2659 2891 2718 Eilium
2924 2657 3223 2724 declarant,
3254 2658 3349 2713 sed
3376 2671 3536 2712 voces
3565 2655 3862 2727 ὀμοούσιος

2272 2758 2326 2802 et
2360 2748 2658 2813 ὑπόστασις
2687 2747 2973 2819 repudiant
3002 2766 3015 2801 :
3047 2748 3170 2813 quia
3191 2747 3401 2802 scilicet
3429 2746 3648 2817 populis
3684 2747 3862 2802 oflen-

2275 2837 2421 2892 sioni
2469 2838 2623 2907 juxta
2654 2852 2721 2892 ac
2762 2836 3058 2907 suspicioni
3094 2846 3297 2902 essent,
3330 2850 3429 2892 nec
3461 2842 3751 2892 exstarent
3802 2837 3858 2892 in

2273 2928 2472 2986 divinis
2508 2928 2729 2985 litteris.

2345 3018 2401 3075 Ξ.
2434 3017 2792 3088 Lucifer-mro
2843 3018 3125 3073 Athanasii
3176 3018 3476 3088 defensione
3512 3018 3679 3074 libros
3720 3022 3858 3077 edit.

600 3108 768 3169 xinm,
797 3106 1089 3177 Georgium
1125 3109 1252 3163 olim
1292 3121 1601 3166 exactorem
1622 3150 1642 3178 ,
1678 3119 1733 3166 et
1760 3111 1894 3167 alios
1925 3128 1991 3167 ex
2017 3113 2166 3179 Asia,
2196 3141 2241 3200 ο
2279 3108 2525 3177 Epistula:
2551 3109 2830 3163 Athanasii
2856 3110 2925 3163 ad
2974 3108 3301 3178 Luciferum.
3329 3139 3401 3154 -ι
3442 3108 3580 3175 Hoc,
3610 3121 3672 3166 ut
3698 3121 3862 3180 puta-

598 3193 884 3252 Leontium
918 3238 933 3264 ,
990 3198 1279 3270 Evagrium
1330 3209 1387 3256 et
1440 3200 1776 3257 Theodulum
1826 3205 2166 3260 abdicarunt.

597 3289 989 3345 Cmnmunione
1039 3302 1218 3345 autem
1270 3307 1365 3347 sua
1419 3294 1820 3349 interdixerunt
1849 3297 2169 3361 Asterium,

597 3376 888 3436 Eusebium
915 3420 930 3444 ,
958 3380 1232 3449 Augarum
1260 3417 1275 3444 ,
1311 3380 1603 3435 Basilicum
1626 3422 1649 3447 ι
1672 3381 1958 3447 Phoebum,
2005 3381 2169 3437 Fide-

598 3470 755 3535 lium,
806 3469 1128 3541 Eutychium
1152 3511 1166 3535 ,
1207 3471 1550 3530 Eustathium
1570 3511 1597 3537 ι
1619 3480 1674 3525 et
1702 3471 1950 3542 Magnum
1977 3513 1992 3537 ,
2025 3474 2179 3543 quod

597 3560 654 3615 in
693 3558 784 3628 jus
813 3562 1033 3624 vocati,
1062 3569 1122 3615 ut
1150 3561 1357 3616 oblatas
1384 3562 1794 3619 criminationes
1817 3564 2169 3634 depellerent,

596 3664 921 3720 comparere
950 3651 1346 3706 detrectassent
1375 3667 1389 3704 :
1418 3654 1804 3722 decretumque
1847 3653 1948 3708 fuit
1993 3662 2052 3710 ut
2105 3669 2168 3711 ea

598 3741 912 3800 conditione
938 3751 1280 3810 perstarent,
1312 3742 1485 3798 donec
1526 3758 1585 3798 se
1615 3744 1684 3799 ab
1716 3744 2027 3814 hujusmodi
2065 3749 2173 3804 cri-

600 3834 990 3889 minationibus
1036 3843 1350 3903 purgarent.
1402 3834 1810 3893 Confessionem
1860 3848 2037 3894 autem
2066 3855 2171 3896 no-

598 3938 721 3979 vam
774 3923 897 3977 fidei
945 3925 1280 3991 ediderunt,
1337 3941 1441 3995 qua
1481 3942 1642 3984 voces
1694 3929 1985 4000 ὀμοούσιος.
2022 3940 2077 3986 et
2120 3934 2172 3987 ὀ-

603 4013 929 4085 μοιοούσιος,
982 4015 1123 4084 quod
1169 4024 1411 4072 motuum
1457 4027 1513 4072 et
1566 4020 1912 4088 querelarum
1955 4023 2171 4079 occasio

600 4107 873 4173 fuissent,
921 4110 1279 4178 abjieiebant;
1320 4111 1571 4181 ἀνόμοιον
1605 4121 1785 4169 autem
1838 4116 2171 4171 damnabant

599 4199 991 4267 anathemate;
1030 4201 1083 4254 in
1118 4201 1341 4271 reliquis
1389 4202 1522 4257 nihil
1574 4204 1809 4257 alienum
1841 4219 1870 4258 a
1907 4206 2167 4262 catholica

598 4288 867 4344 doctrina.
901 4290 1193 4353 Caeterum,
1218 4301 1498 4360 postquam
1532 4294 1597 4345 ad
1631 4294 1870 4361 singulas
1911 4295 2169 4350 ecclesias

592 4381 857 4449 judicium
903 4384 955 4437 in
1001 4383 1313 4441 Acacianos.
1330 4386 1496 4438 latum
1531 4386 1789 4441 miserant
1820 4388 2166 4455 Scmiariani,

2276 3210 2381 3264 tur,
2411 3215 2575 3264 anno,
2607 3202 2688 3255 vel
2723 3200 2974 3256 fortassis
3021 3201 3305 3270 superiore
3330 3240 3345 3265 ,
3383 3200 3601 3275 Lucifer
3644 3202 3860 3257 Calari-

2274 3300 2434 3347 fanus
2454 3292 2620 3348 libros
2636 3307 2734 3363 pro
2753 3291 3054 3350 Athanasio
3073 3292 3485 3349 necessitudine
3497 3292 3601 3348 sibi
3618 3294 3871 3363 aliisque.

2272 3383 2584 3441 nominibus
2614 3383 3081 3453 conjunctissimo,
3115 3383 3356 3453 itemque
3382 3382 3488 3441 alia
3515 3399 3637 3454 quae
3676 3385 3862 3439 adhuc

2271 3483 2489 3531 exstant
2541 3473 2811 3544 opuscula.
2850 3472 3233 3536 concinnavit;
3302 3472 3393 3527 ubi
3460 3472 3736 3527 acerrime
3802 3474 3881 3531 in.

2273 3564 2655 3636 imperatorem
2707 3564 3004 3629 invehitur,
3056 3564 3200 3634 quod
3235 3562 3595 3618 Athanasium
3645 3561 3881 3618 bonum.

2271 3658 2452 3713 virum
2475 3697 2489 3721 ,
2516 3657 2654 3726 tequi
2706 3671 2770 3711 ac
2806 3656 2921 3712 veri
2954 3656 3257 3711 studiosum
3282 3694 3300 3720 ,
3341 3655 3408 3710 de
3456 3654 3639 3711 medio
3672 3671 3879 3710 rerum.

2274 3748 2502 3812 tollere,
2550 3755 2812 3816 quantum
2872 3746 2924 3801 in
2974 3747 3093 3817 ipso
3123 3746 3287 3801 situm
3339 3752 3490 3812 erat,
3523 3753 3804 3815 satageret
3841 3785 3879 3809 ,,

2272 3838 2649 3893 universorum
2679 3838 3111 3907 subscriptiones
3130 3844 3187 3893 et
3210 3834 3467 3907 sull'ragia
3494 3846 3863 3905 extorqueret

2273 3927 2327 3982 in
2359 3927 2656 3995 perniciem
2707 3927 2935 3982 innoxii.
2973 3926 3096 3985 Ideo
3139 3936 3319 3985 autem
3373 3926 3523 3983 istaec
3558 3927 3612 3981 in
3648 3942 3877 3983 annum.

2273 4019 2604 4077 conferimus
2624 4018 2753 4085 360,
2777 4020 2905 4090 quia
2931 4020 3148 4076 Lucifer
3171 4020 3249 4074 ait
3278 4019 3479 4095 bellum
3501 4033 3568 4075 eo
3596 4026 3861 4087 tetnpore

2274 4111 2600 4167 Constantio
2628 4111 2796 4167 fuisse
2823 4127 2946 4166 cum
2987 4110 3254 4182 Soporino
3284 4110 3400 4166 sive
3430 4111 3640 4179 Sapore
3660 4109 3861 4167 Persa-

2274 4217 2393 4256 rum
2444 4217 2584 4271 rege.
2639 4201 2791 4271 Quod
2837 4202 3038 4259 bellum
3090 4216 3213 4259 eum
3263 4215 3419 4256 anno-
3462 4201 3713 4268 proximo
3746 4202 3875 4256 559.

2273 4294 2519 4361 cmperit,
2551 4303 2856 4363 opportune
2888 4293 2941 4351 in
2994 4306 3191 4347 annum
3223 4292 3327 4346 360
3378 4290 3609 4345 Luciferi
3648 4292 3878 4360 scripta.

2274 4383 2508 4438 conferri
2539 4398 2697 4453 posse
2725 4384 3077 4441 arbitramur.
3107 4382 3241 4440 Cum
3276 4395 3492 4435 rumore
3526 4381 3721 4435 nuntio
3743 4382 3879 4441 hzee

596 4474 973 4531 Constantium
1006 4475 1204 4529 adeunt
1239 4476 1560 4545 Augustum,
1597 4485 1824 4545 actaque
1859 4478 1932 4532 illi
1958 4493 2054 4535 sua
2081 4493 2168 4534 re-
2200 4468 2244 4523 D
2274 4492 2301 4528 a
2336 4474 2588 4533 Lucifero
2624 4476 2929 4546 conscripta
2953 4475 3124 4531 fuisse
3154 4461 3459 4541 αοεθρῑεεει
3491 4472 3857 4533 Αιιιδηειεὶιιδ.

598 4564 870 4619 nuntiant.
910 4562 1221 4634 llujusmodi
1254 4564 1371 4636 “fuit
1415 4566 1780 4624 Seleuciensis
1831 4570 2020 4639 synodi
2053 4569 2169 4625 cxi-

597 4665 703 4710 tus.
1866 4638 1885 4643 θ’

669 4747 725 4802 5.
772 4746 1094 4802 Athanasius
1155 4748 1431 4817 epistolam
1479 4749 1658 4803 scribit
1710 4752 1774 4805 de
1818 4753 2051 4820 synodis.
2104 4784 2173 4794 —

601 4837 725 4892 lltec
755 4842 987 4893 maxima
1020 4855 1145 4909 pars
1193 4842 1385 4896 hausta
1417 4855 1483 4895 ex
1519 4842 1746 4910 epistola
1783 4845 2063 4899 Athanasii
2106 4846 2173 4900 de

602 4932 845 5002 synodis,
871 4933 1176 5003 conscripta
1208 4943 1328 5002 post
1373 4934 1672 4988 celebratas
1708 4936 1942 5005 synodos
1972 4937 2174 4990 Arimi~

602 5039 825 5079 nensem
857 5036 914 5080 et
945 5025 1343 5081 Seleuciensem
1368 5067 1387 5091 ,
1417 5035 1703 5097 antequam
1762 5027 2059 5097 legatorum
2119 5040 2176 5082 et

602 5123 816 5186 patrum
848 5117 1277 5172 Ariminensium
1317 5117 1525 5186 lapsum
1558 5117 1891 5173 edidicisset.
1923 5116 1979 5171 lu
2018 5115 2173 5184 cujus

600 5206 779 5261 Prima
808 5217 960 5277 parte
981 5208 1163 5277 paucis
1192 5217 1375 5263 narrat
1403 5206 1529 5277 quid
1554 5207 1605 5262 in
1632 5206 1933 5262 istiusmodi
1953 5206 2185 5279 synodis

600 5300 672 5354 sit
715 5307 922 5355 actum.
980 5300 1037 5355 ln
1092 5302 1329 5357 secunda
1388 5310 1638 5357 recenset
1688 5298 2056 5367 blasphemias
2104 5299 2173 5353 ab

599 5387 930 5443 Arianorum
968 5388 1391 5460 primipilaribus
1440 5391 1492 5445 in
1542 5390 1737 5447 Filium
1786 5389 1878 5442 Dei
1912 5386 2171 5455 prolatas.

602 5478 666 5533 Ut
730 5488 910 5536 autem
966 5496 1155 5537 eorum
1209 5482 1510 5537 instabilem
1564 5482 1799 5535 animum
1859 5481 2175 5534 inconstan-

600 5571 842 5638 tiamque
879 5572 1056 5643 palam
1106 5572 1312 5640 faciat,
1346 5581 1597 5629 recenset
1640 5570 1891 5625 undecim
1936 5569 2177 5627 diversas

669 5764 749 5835 (α)
774 5762 833 5821 lu
863 5767 1042 5826 libello
1080 5782 1299 5840 precum
1328 5766 1628 5826 Marcellini
1656 5776 1707 5824 et
1731 5766 2003 5825 Faustini.

2273 4569 2439 4623 misso
2480 4566 2777 4638 Eutychcte
2818 4568 3051 4624 diacono
3081 4564 3279 4623 litteris
3325 4563 3877 4632 r03,1tLucifernm,,

2274 4660 2456 4718 utsibi
2492 4660 2796 4728 huiusmodi
2845 4659 3172 4728 scriptorum
3201 4657 3410 4727 copiam
3462 4655 3654 4719 faciat,
3691 4674 3856 4726 quem

2273 4752 2475 4805 eximio
2526 4751 2854 4806 confessoris
2886 4750 3105 4807 nomine
3149 4748 3454 4816 compellat.
3507 4747 3771 4816 Optatum
3805 4750 3857 4801 ei

2274 4843 2493 4899 Lucifer
2525 4842 2925 4913 quamprimum
2962 4841 3135 4895 libens
3167 4838 3526 4897 eoncedit.,ld
3557 4854 3690 4893 vero
3724 4854 3861 4895 con-

2272 4944 2490 4991 secutus
2517 4932 2875 4997 Athanasius,
2915 4944 2982 4986 ex
3016 4932 3198 4985 animo
3249 4929 3517 4999 gaudens,
3551 4929 3725 4985 libros
3758 4946 3858 4985 ac-

2274 5033 2464 5081 curate
2504 5023 2774 5093 perlectos
2812 5022 2999 5077 Graece
3032 5061 3048 5085 ,
3107 5021 3151 5077 si
3216 5020 3348 5075 fides
3402 5018 3726 5076 Marcellino
3754 5020 3877 5093 ((1),,

2299 5115 2571 5175 ranstulit.
2619 5114 3071 5189 εὐχαριστηρίους
3122 5112 3293 5166 cidem
3349 5110 3606 5169 Lucifero
3643 5111 3861 5167 litteras

2279 5204 2485 5260 remisit
2520 5203 2889 5269 Athanasius;
2942 5204 3030 5255 ubi
3063 5200 3362 5270 deploratis
3398 5200 3655 5258 Ecclesia:
3706 5201 3863 5255 cala-

2277 5292 2557 5348 mitatibus
2585 5333 2601 5356 ,
2640 5294 2713 5347 ait
2763 5294 2995 5347 Arianos
3045 5302 3192 5347 tanto
3237 5291 3421 5347 furore
3453 5292 3505 5347 in
3537 5292 3878 5349 Catholicos.

2280 5384 2388 5453 agi,
2422 5393 2481 5438 ut
2513 5401 2620 5441 non
2656 5386 2814 5440 modo
2853 5385 3087 5439 clericos
3114 5384 3345 5438 militum
3375 5398 3539 5455 opera
3572 5395 3863 5439 verterent

2280 5478 2333 5532 in
2384 5476 2562 5547 fugam
2586 5516 2604 5542 ,
2635 5493 2820 5532 verum
2847 5478 3007 5530 etiam
3046 5475 3288 5531 nefarias
3320 5476 3372 5531 in
3403 5486 3763 5531 monazontas
3804 5487 3865 5533 et

2280 5570 2539 5624 eretuitas
2574 5567 2839 5625 inferrent
2871 5583 3101 5634 manus;
3149 5583 3255 5638 quo
3294 5568 3503 5625 factum
3521 5576 3584 5623 ut
3612 5567 3733 5641 ipse
3765 5564 3879 5626 aa?

3892 5688 3899 5713 l
