4038 6526
1452 376 1609 433 VITA
1652 376 1712 432 S.
1753 374 2148 434 ATliANASIl.

3272 400 3437 443 αιιιιι

211 485 314 541 tutis
345 498 504 539 causa
554 484 614 538 in
678 486 983 543 remotiora
1030 488 1245 559 Egypti
1291 489 1410 546 loca
1462 492 1763 547 secederet.
1794 497 1839 552 A
1866 496 2184 564 evulgarant
2212 536 2230 562 ,
2269 497 2546 554 descivere
2574 536 2591 563 ,
2631 504 2694 554 ut
2741 499 2873 568 ipsis
2913 498 3127 555 Ariante
3177 500 3440 557 doctrinas

211 577 389 633 Grandi
430 576 629 632 labore
660 586 721 633 et
760 580 1003 647 periculo
1032 579 1148 648 ejus
1197 583 1471 651 accepisse
1517 583 1767 638 lncubra~

211 669 377 730 tiones,
410 669 599 721 mirari
628 683 805 737 opus,
831 672 1172 729 hortamenta
1197 672 1313 741 ejus
1336 675 1401 729 ad
1435 675 1769 730 subeundum

210 776 290 831 pro
333 759 555 815 Christo
608 764 953 833 martyrium
1004 766 1183 836 magni
1238 765 1461 821 facere:
1494 775 1769 822 auctorem

211 851 321 905 tanti
353 851 533 920 operis
591 854 927 924 suspicere,
984 855 1223 929 Eliaeque
1266 858 1496 913 similem
1547 858 1765 914 habere.

212 940 361 1011 Rogat
404 948 463 995 ut
492 941 677 998 Deum
726 947 957 1017 supplex
995 959 1138 1015 oret,
1169 958 1281 1004 tum
1314 950 1364 1005 in
1391 950 1471 1005 sni
1519 952 1769 1019 gratiam,

209 1044 297 1090 tum
322 1047 507 1089 eorum
543 1037 642 1105 qui
681 1053 801 1108 pra:
829 1040 1118 1096 formidine
1140 1041 1276 1113 lapsi
1312 1053 1518 1099 essent.
1571 1044 1766 1112 Queri-

207 1134 279 1181 tur
302 1139 363 1180 ex
390 1141 502 1196 quo
532 1128 771 1185 Arianis
813 1133 1130 1188 auctoribus
1159 1135 1231 1188 ad
1252 1134 1432 1205 fugam
1464 1136 1772 1204 compulsus

206 1226 340 1281 esset,
365 1231 471 1272 non
508 1220 681 1274 modo
736 1221 944 1278 fratres
982 1223 1167 1279 videre
1208 1224 1311 1279 sibi
1352 1239 1458 1280 non
1508 1225 1727 1282 licuisse
1754 1265 1769 1288 .

206 1307 277 1363 sed
302 1321 364 1362 ne
391 1318 662 1378 parentes
715 1313 942 1381 quidem
968 1328 1116 1369 suos.
1141 1314 1314 1370 Tanta
1342 1315 1551 1372 scilicet
1582 1318 1769 1373 Ariani

206 1411 307 1451 cura
346 1400 497 1454 urbis
525 1401 726 1458 aditus
766 1403 1153 1461 observabant.
1188 1424 1208 1457 ι
1248 1406 1449 1474 Naves,
1490 1409 1591 1474 ait,
1619 1425 1772 1480 quaa-

206 1497 323 1557 runt,
350 1491 587 1547 eremias
610 1503 847 1565 gyrant,
872 1497 1061 1553 domos
1088 1498 1425 1567 perturbant,
1459 1500 1774 1556 concutiunt

205 1582 390 1645 fratrea,
415 1584 665 1655 singulis
716 1588 939 1657 negotia
968 1590 1295 1646 concinnant
1331 1593 1568 1662 :-quibus
1592 1601 1770 1648 tamen

204 1675 335 1730 rebus
370 1676 545 1745 magis
568 1679 878 1750 magisque
918 1682 1295 1757 universorum
1324 1684 1503 1738 odium
1530 1684 1773 1739 incurre-

205 1775 317 1817 rent.
364 1782 383 1815 ι
422 1765 533 1820 Sed
596 1766 921 1825 sceleratos
963 1770 1174 1825 tandem
1234 1771 1534 1827 facinorum
1584 1785 1774 1841 pinnas

1874 586 2178 643 vindicibus
2202 588 2254 642 in
2287 588 2687 644 communionis
2723 590 3035 645 societatem
3063 590 3322 647 admissis
3342 607 3437 657 ec-

1870 677 2063 732 clesias
2095 680 2390 736 traderent.
2446 680 2581 735 Hinc
2636 696 2774 736 orsae
2801 683 3184 738 Anomteorum
3208 692 3262 739 et
3291 683 3436 739 Exu-

1871 770 2178 824 contiorum
2206 770 2647 829 nomenclaturaz.
2703 770 2908 826 Horum
2950 773 3220 842 principes
3265 773 3440 829 Euno-

1872 859 2032 924 mius,
2076 860 2330 925 Aeacius,
2366 875 2432 916 ac
2468 861 2664 930 reliqui
2690 861 3062 928 conscelerati,
3097 864 3246 917 nullo
3268 873 3436 931 metu,

1873 950 2015 1005 nulla
2054 952 2282 1007 adversa
2316 952 2606 1007 formidine
2651 952 2911 1022 impetum
2952 955 3282 1018 retardante,
3319 954 3438 1008 bia-

1872 1041 2094 1110 sphema
2127 1055 2354 1110 quaque
2389 1051 2444 1097 et
2475 1043 2768 1098 maledicta
2790 1043 2842 1097 in
2891 1042 3167 1098 Christum
3195 1044 3439 1113 proierro

1872 1131 1988 1184 ausi
2023 1140 2170 1195 sunt,
2225 1130 2601 1187 Constantium
2634 1134 2774 1187 nacti
2811 1133 3108 1202 impietatis
3130 1132 3436 1200 vindicem;

1871 1220 1963 1290 qui
2010 1234 2131 1274 cum
2184 1220 2237 1275 itt
2287 1220 2481 1277 heresi
2537 1222 2909 1277 confirmanda
2956 1222 3023 1277 ad
3074 1236 3247 1291 usque
3278 1222 3438 1277 ﬁnem

1872 1319 2298 1380 perseverasset,
2330 1311 2470 1365 diem
2502 1312 2639 1365 obiit
2659 1321 2985 1367 extremum.
3017 1310 3150 1366 Cum
3186 1324 3441 1381 propera-

1872 1411 1955 1456 ret
2006 1402 2150 1456 enim
2197 1402 2459 1457 adversus
2512 1400 2812 1469 lulianum,
2852 1402 2943 1472 qui
2988 1402 3056 1456 ab
3098 1402 3342 1456 exercitu
3385 1402 3439 1457 in

1871 1491 2061 1548 Galliis
2086 1493 2444 1563 inauguratus
2490 1492 2787 1561 imperator
2820 1492 2873 1545 in
2914 1491 3192 1547 Orientem
3246 1493 3440 1562 agebat

1873 1586 1999 1650 iter,
2057 1585 2253 1640 morbo
2282 1594 2567 1653 correptus
2588 1622 2603 1648 ,
2632 1581 3006 1652 Mopsucrenis
3030 1583 3082 1637 in
3108 1582 3298 1638 Cilicia
3346 1582 3443 1638 de-

1873 1676 2088 1730 functus
2131 1684 2215 1730 est
2260 1676 2295 1730 4
2341 1674 2613 1741 Octobris,
2647 1673 2751 1737 vel,
2776 1682 2837 1728 ut
2876 1673 2991 1739 alii,
3021 1671 3440 1729 3Novembris:

1874 1776 2037 1834 atque
2068 1765 2302 1819 instante
2332 1764 2485 1818 obitu
2533 1764 2601 1817 ab
2642 1761 2843 1817 Euzoio
2873 1762 3076 1817 Ariano
3120 1762 3445 1831 baptismate

204 1856 413 1911 daturos.
448 1857 582 1913 llaec
620 1869 777 1928 erat,
831 1875 958 1916 cum
1009 1861 1343 1919 Athanasius
1390 1865 1502 1919 haec
1530 1867 1768 1935 scripsit,
1802 1846 1844 1901 Β
1875 1856 2002 1926 tingi
2034 1854 2220 1910 voluit.
2254 1856 2425 1926 Cujus
2460 1852 2878 1924 corpusingenti
2904 1868 3097 1924 pompa
3132 1854 3185 1908 in
3215 1853 3445 1910 ecclesia

203 1946 685 2004 ecclesiasticarum
765 1964 951 2017 rerum
1017 1952 1277 2008 conditio.
1346 1951 1463 2008 Ubi-
1518 1964 1771 2024 parentes

203 2046 347 2092 autem
398 2040 715 2108 meminit,
773 2057 887 2098 non
943 2042 1010 2098 de
1069 2052 1222 2112 patre
1278 2050 1559 2115 matreque
1618 2060 1773 2100 acce-

203 2139 320 2199 ptum
362 2132 569 2199 velim;
641 2133 982 2204 grandaevus
1026 2135 1225 2204 quippe
1273 2133 1384 2203 jam
1434 2145 1553 2190 erat
1601 2136 1773 2190 Atha-

203 2224 355 2278 nasius
393 2242 407 2278 :
460 2240 674 2281 verum
740 2225 990 2281 fortassis
1034 2226 1298 2296 interpres
1343 2241 1527 2282 vocem
1577 2245 1769 2297 συγγε-

203 2314 287 2377 vti;
328 2330 423 2386 per
446 2326 731 2386 parentes
762 2318 1054 2387 expressit.
1092 2318 1159 2372 Et
1184 2333 1337 2384 sane,
1367 2319 1418 2373 in
1444 2320 1776 2376 ecclesiasti-

203 2406 261 2459 cis
286 2408 532 2474 maxime,
582 2408 743 2463 haud
780 2409 1098 2478 infrequens
1134 2408 1290 2478 hujus
1316 2410 1563 2465 vocabuli
1584 2427 1773 2482 parens

204 2512 307 2551 usus
327 2498 386 2551 ad
414 2509 702 2577 cognatos
732 2499 1124 2565 designandos.

252 2588 381 2646 Anno
408 2590 509 2646 '56!
525 2621 631 2644 .—
654 2591 680 2644 1
695 2633 709 2645 .
732 2589 983 2645 Melelius
1013 2593 1065 2645 in
1082 2593 1373 2664 episcopum
1394 2595 1773 2649 Antiochenam

204 2679 388 2736 allectus
422 2683 488 2735 ab
523 2683 789 2737 Arionis.
824 2713 899 2724 —
923 2685 1077 2740 Anno
1107 2686 1205 2741 561
1253 2686 1496 2753 ineunte,
1530 2687 1775 2744 Meletius

204 2772 266 2826 vir
285 2775 503 2842 pietate,
539 2775 950 2839 sanctimonia,
975 2776 1278 2832 eruditione
1318 2778 1564 2849 insignis,
1597 2781 1774 2836 studio

201 2873 242 2919 ct
261 2880 404 2935 Opera
433 2866 821 2931 Arianorum,
855 2867 948 2938 qui
973 2882 1075 2922 non
1099 2876 1181 2923 sat
1199 2868 1479 2939 explorato
1507 2870 1623 2939 ejus
1653 2873 1775 2926 ani-

201 2973 271 3013 mo
295 2959 425 3013 inter
451 2974 604 3015 suos
632 2959 920 3014 hominem
955 2962 1441 3025 connumerabant,
1475 2961 1527 3015 in
1557 2963 1774 3033 episco-

199 3065 299 3118 pum
316 3052 760 3119 ,Antiochenum
789 3090 805 3118 ,
830 3050 1089 3106 defuncto
1114 3051 1384 3117 Eudoxio,
1404 3054 1643 3109 deiectus
1669 3063 1773 3111 est.

200 3143 363 3199 Verum
390 3155 461 3200 ut.
493 3146 551 3200 in
589 3154 746 3201 tanto
790 3159 1021 3200 munere
1068 3145 1157 3199 vix
1192 3144 1364 3201 latere
1417 3154 1599 3215 potest
1644 3147 1772 3217 quid

200 3236 393 3305 quisque
411 3238 663 3302 sentiat,
689 3253 820 3293 cum
846 3236 1195 3306 pdtissimum'
1220 3237 1310 3295 ille
1328 3254 1425 3294 nec
1458 3240 1687 3296 obscure
1714 3239 1776 3293 τὸ

196 3326 454 3397 ὀμωύσιον
486 3329 826 3400 praedicaret
876 3338 1385 3400 propugnaretque,
1435 3331 1625 3386 Ariani
1681 3332 1777 3387 de—

198 3420 442 3487 prehensa
484 3420 614 3490 ejus
660 3419 918 3475 doctrina
969 3420 1309 3476 deturbatum
1348 3437 1412 3476 ex
1461 3423 1774 3495 episcopatu

200 3522 438 3569 curarunt
469 3514 525 3567 in
559 3512 823 3568 exsilium
869 3511 1130 3582 ablegari,
1160 3528 1284 3569 eum
1326 3514 1413 3569 vix
1440 3516 1658 3586 triginta
1685 3532 1775 3572 se—

200 3602 336 3659 disset
357 3606 513 3669 dies,
543 3604 600 3658 in
636 3603 873 3673 ejusque
909 3603 1086 3658 locum
1116 3605 1382 3661 Euzoium
1428 3617 1774 3677 cooptarunt,

199 3710 525 3767 nequaquam
562 3705 886 3764 suspectum
937 3695 1037 3749 sibi
1072 3708 1169 3750 nec
1214 3696 1390 3751 dubia:
1425 3696 1545 3752 fidei
1598 3699 1776 3754 homi-

200 3801 315 3852 nem,
349 3788 454 3843 sed
504 3786 783 3840 Atianum
844 3785 1166 3855 Arianaeque
1210 3786 1480 3843 haereseos
1509 3788 1774 3844 vindicem

200 3881 573 3934 sacerrimum.
610 3876 751 3933 Hinc
785 3887 897 3931 tres
930 3877 982 3930 in
1034 3886 1220 3947 partes
1266 3876 1528 3933 distracta
1560 3878 1773 3935 civitas.

200 3967 356 4025 Prima
391 3984 637 4025 numero
664 3969 855 4039 potior
881 3967 1235 4033 Arianorum,
1268 3967 1474 4023 Euzoio
1501 3969 1775 4039 episcopo.

202 4061 430 4119 Secunda
457 4063 911 4126 Meletianorum,
930 4061 1019 4128 qui
1054 4061 1106 4115 in
1138 4059 1309 4114 Palma
1332 4050 1428 4115 seu
1450 4062 1619 4116 veteri
1645 4062 1777 4117 urbe

202 4136 441 4209 collectas
493 4153 783 4224 agebant,
834 4164 865 4202 a
902 4148 1119 4204 Meletio
1166 4163 1354 4203 sanam
1396 4149 1567 4205 edocti
1594 4150 1774 4206 fidem.

202 4241 362 4297 'l'ertia
419 4242 928 4297 Eustatbianorum
978 4253 1007 4291 a
1060 4245 1248 4292 saneto
1308 4236 1592 4292 Ettstathio
1647 4238 1776 4292 olim

202 4335 459 4403 episcopo.
490 4332 557 4387 Hi
591 4346 621 4385 a
655 4329 890 4399 reliquis
925 4328 1179 4382 omnibus
1210 4328 1521 4396 segregati,
1566 4326 1776 4383 Paulini

204 4428 491 4500 presbyteri
522 4422 898 4479 conventibus
938 4420 1203 4475 interesse
1232 4418 1499 4474 solebant.
1549 4419 1641 4475 Hae
1698 4420 1778 4473 fa.

1870 1947 2255 2016 Apostolorum
2272 1944 2739 2016 Constantinopoli
2757 1945 3062 2015 depositum
3088 1946 3209 2011 fuit,
3228 1944 3446 2016 populis

1871 2038 2013 2091 ultro
2056 2039 2299 2109 citroque
2330 2037 2736 2094 accurrentibus
2783 2039 2851 2093 ad
2900 2037 3183 2107 exsequias
3213 2039 3448 2104 cohone-

1872 2130 2120 2184 standas.

1940 2314 2090 2368 ANNO
2131 2313 2256 2368 562.
2280 2344 2351 2357 -
2386 2312 2437 2367 i.
2466 2312 2714 2367 Julianus
2746 2312 3097 2381 inauguratur
3137 2312 3444 2379 imperator.

1871 2402 2091 2455 Artemii
2116 2402 2263 2456 ducis
2300 2402 2630 2471 martyrium.
2652 2431 2724 2443 —
2746 2402 2855 2456 Etsi
2883 2415 3010 2454 vero
3036 2400 3314 2455 videbatur
3344 2400 3448 2455 Ec-

1872 2492 2048 2548 clesiae
2082 2494 2286 2549 licitum
2301 2494 2437 2559 fore,
2457 2493 2725 2547 exstincto
2741 2491 3076 2557 Constantio,
3094 2507 3121 2545 a
3140 2491 3450 2547 calamitate

1874 2596 1937 2636 ac
1970 2593 2182 2637 terrore
2211 2583 2447 2653 pristino
2472 2583 2772 2652 respirare,
2795 2581 3011 2636 occulto
3040 2581 3235 2634 divinae
3268 2580 3449 2649 provi»

1874 2672 2071 2726 dentice
2096 2672 2326 2727 consilio
2351 2685 2511 2727 secus
2536 2686 2622 2726 res
2649 2672 2862 2726 cecidit.
2890 2669 3139 2724 lulianus
3161 2670 3333 2735 enim,
3357 2684 3445 2725 re-

1873 2774 2148 2834 pugnante
2185 2764 2423 2829 nemine,
2468 2764 2756 2834 imperium
2789 2764 3061 2834 integrum
3104 2762 3365 2832 adeptus,
3417 2775 3447 2815 a

1873 2857 2186 2912 Christiana
2218 2856 2342 2916 fide.
2367 2870 2532 2925 quam
2556 2855 2783 2925 nomine
2818 2864 2979 2910 tenus
3009 2855 3299 2924 specieque
3327 2863 3449 2908 tan-

1874 2958 1987 3003 tum
2034 2948 2287 3014 colebat,
2336 2955 2523 3018 aperte
2562 2947 2813 3014 descivit,
2857 2948 3147 3017 impiisque
3197 2947 3449 3016 profano.-

1877 3055 1994 3095 rnm
2053 3041 2247 3096 ritibus
2290 3039 2534 3106 impense
2566 3039 2819 3093 addictus
2844 3077 2863 3102 ,
2896 3040 3108 3093 turbam
3164 3039 3445 3110 gentilium

1876 3132 2100 3186 deorum
2160 3131 2364 3185 invexit
2413 3130 2467 3184 in
2520 3130 2732 3185 orbem.
2775 3129 3101 3184 Christianis
3141 3144 3305 3199 porro
3343 3131 3446 3187 etsi

1876 3222 2074 3277 bellum
2101 3232 2281 3291 palam
2308 3234 2416 3274 non
2458 3219 2757 3284 indiceret,
2789 3220 2982 3289 quavis
3011 3220 3132 3274 data
3164 3220 3450 3275 occasione

1876 3314 2133 3372 saeviebat
2183 3315 2237 3368 in
2283 3326 2377 3368 eos
2405 3312 2498 3382 qui
2533 3327 2598 3367 eo
2628 3312 2977 3367 deferrentur
3010 3311 3249 3366 nomine.
3297 3309 3450 3367 Unde

1878 3407 2064 3462 infami
2090 3414 2353 3475 apostatm
2386 3403 2542 3459 titulo
2572 3402 2834 3472 appellari
2861 3401 3046 3473 cmpit.
3076 3401 3345 3463 Attamen,
3388 3409 3451 3453 ut

1877 3499 2232 3572 philosophiae
2262 3496 2725 3564 humanitatisque
2753 3492 2954 3548 famam
2989 3491 3300 3556 affectabat,
3324 3505 3448 3544 cum

1878 3593 2164 3663 imperium
2194 3589 2389 3656 iniret,
2418 3587 2636 3644 exsules
2663 3599 2851 3641 omnes
2898 3585 3085 3639 edicto
3118 3582 3333 3653 publico
3364 3594 3452 3637 res

1878 3687 2115 3744 vocavit.
2140 3682 2258 3751 Quo
2289 3681 2592 3745 factum,ut
2611 3685 2878 3749 quotquot
2907 3691 2936 3731 a
2967 3675 3288 3731 Constantio
3308 3674 3451 3745 pulsi

1878 3780 1930 3835 in
1960 3777 2217 3835 exsilium
2246 3775 2464 3829 fuerant
2491 3769 2765 3841 episcopi,
2804 3768 3045 3824 redirent
3089 3768 3245 3822 sedes
3294 3781 3451 3821 suas.

1876 3869 2221 3925 Antiochiam
2286 3874 2463 3920 autem
2520 3861 2798 3933 profectus
2843 3859 3142 3914 Artemium
3191 3872 3261 3911 ex
3314 3857 3452 3911 duce

1881 3957 2103 4028 Egypti
2132 3994 2149 4021 ,
2185 3956 2252 4009 de
2302 3966 2410 4022 quo
2440 3951 2583 4005 haud
2633 3950 2803 4004 multo
2829 3958 2955 4003 ante
2985 3957 3165 4003 actum
3210 3944 3357 4013 fuit,
3384 3946 3451 4001 de

1880 4049 2205 4118 templorum
2253 4043 2582 4113 expilatione
2627 4042 2695 4096 ab
2737 4041 3117 4097 Alexandrinis
3161 4037 3451 4110 gentilibus

1879 4142 2153 4203 delatum,
2205 4136 2423 4206 capitali
2478 4135 2745 4205 supplicio
2789 4133 3064 4187 multavit.
3106 4130 3207 4199 Qui
3257 4128 3451 4185 exinde

1880 4233 2153 4288 Artemius
2181 4244 2280 4298 pro
2300 4237 2540 4297 martyre
2574 4240 2697 4280 eum
2736 4240 2764 4278 a
2794 4224 3019 4291 Graecis,
3060 4232 3171 4275 tum
3194 4237 3223 4275 a
3247 4221 3452 4277 Latinis

1880 4334 1962 4381 est
1986 4323 2224 4379 habitus.
2253 4320 2319 4375 Et
2358 4333 2489 4374 sane
2517 4332 2825 4386 quanquam
2871 4330 2994 4370 eum
3024 4312 3185 4385 paulo
3215 4320 3339 4366 ante
3368 4310 3450 4365 vi-

1880 4415 2060 4470 dimus
2109 4410 2455 4481 imperatoris
2492 4407 2644 4477 jussu
2676 4406 2742 4460 ad
2777 4404 3100 4461 monasteria
3126 4441 3141 4465 ,
3170 4400 3450 4456 Athanasii

205 4496 409 4584 ctiones,
444 4519 567 4573 haec
599 4513 865 4578 dissidia,
892 4511 994 4565 etsi
1031 4510 1135 4566 levi
1178 4518 1351 4574 motu,
1383 4524 1447 4565 ac
1490 4510 1777 4565 temerario
1812 4513 1853 4566 D
1883 4503 2230 4577 perquirendi
2273 4517 2434 4556 causa
2460 4540 2475 4565 ,
2529 4498 2868 4569 profectum,
2912 4507 3151 4551 attamen
3208 4496 3450 4549 immissa

206 4623 406 4677 prorsus
428 4621 566 4662 ausu
596 4613 799 4661 exorta
848 4609 1011 4665 sunt,
1046 4598 1115 4653 ad
1152 4598 1380 4653 multum
1411 4607 1591 4653 tamen
1614 4613 1781 4652 anno-

209 4716 311 4756 rum
345 4700 580 4771 spatium
607 4697 804 4751 furore
856 4701 911 4748 et
939 4691 1237 4760 pervicacia
1267 4690 1501 4759 partium
1527 4698 1654 4745 sunt
1682 4704 1778 4744 ex-

210 4801 380 4846 tracta.

265 4884 318 4936 2.
343 4882 531 4936 Ariani
557 4894 755 4935 novam
788 4876 951 4930 edunt
994 4873 1111 4943 ﬁdei
1149 4871 1454 4942 formulam.
1486 4871 1781 4927 Constantii

214 4975 381 5029 obitus.
404 5003 472 5016 —
514 4973 698 5028 Porro
740 4978 803 5021 ut
835 4968 1075 5023 solemne
1102 4973 1215 5021 erat
1251 4965 1467 5020 Arianis
1491 4972 1546 5018 et
1569 4963 1780 5017 Sentia-

218 5067 359 5122 riauis
381 5081 661 5137 nunquam
696 5063 757 5117 in
796 5074 963 5114 unum
989 5058 1157 5124 coire,
1173 5056 1301 5128 quin
1330 5071 1529 5113 novam
1547 5055 1781 5125 aliquant

219 5158 319 5214 fidei
344 5158 635 5213 formulam
673 5150 1049 5223 publicarent,
1086 5150 1212 5219 quia
1237 5149 1443 5205 scilicet
1478 5163 1507 5201 a
1539 5148 1785 5201 veritatis

220 5251 407 5306 tramite
449 5248 693 5309 deflexi,
727 5252 898 5314 atque
945 5256 1191 5297 errorum
1242 5242 1472 5312 caligine
1520 5240 1781 5305 obvoluti,

220 5342 468 5412 multiplici
501 5348 729 5397 tentato
762 5336 983 5399 itinere,
1012 5333 1215 5388 nullum
1245 5342 1327 5387 sat
1364 5331 1783 5397 tutum,nullunt

219 5432 434 5496 pervium
458 5428 719 5500 reperire
755 5429 1031 5492 poterant,
1071 5434 1267 5476 novum
1292 5419 1406 5489 jam
1431 5416 1557 5472 fidei
1588 5416 1785 5473 rescri-

215 5528 341 5588 ptum
376 5522 699 5585 ediderunt,
718 5512 871 5586 quod
900 5523 1127 5569 caeteras
1155 5513 1275 5569 fidei
1307 5511 1569 5567 formulas
1591 5509 1786 5581 impie-

216 5619 306 5668 tate
345 5613 505 5685 longe
556 5612 885 5686 superaret.
939 5603 1135 5660 Filium
1190 5604 1398 5660 scilicet
1434 5602 1486 5659 in
1530 5603 1787 5658 omnibus

211 5701 338 5761 Patri
389 5701 737 5761 dissimilem
793 5694 1186 5766 pradicahant.
1241 5695 1309 5750 Et
1350 5702 1505 5750 tanto
1561 5691 1784 5759 quidem

211 5807 353 5865 opere
403 5810 433 5849 a
482 5788 739 5865 pristina
775 5786 1044 5843 sententia
1073 5824 1091 5854 ,
1120 5801 1279 5857 quant
1314 5782 1783 5856 Constantinopoli

1882 4597 2136 4653 divinitus
2168 4593 2523 4659 castigatione
2548 4631 2563 4657 ,
2611 4590 2963 4660 poenitentem
3010 4586 3135 4641 facti
3171 4585 3340 4641 fuisse
3385 4600 3450 4639 ex

1883 4688 2052 4758 ipsius
2085 4698 2245 4754 supra
2294 4680 2611 4737 memoratis
2641 4678 2821 4733 verbis
2867 4677 3128 4747 liquidum
3170 4686 3273 4731 est.
3323 4675 3452 4731 Pius

1883 4787 2064 4831 autem
2113 4789 2179 4830 eo
2228 4774 2447 4829 nomine
2494 4769 2926 4836 existimandus,
2973 4767 3116 4838 quod
3152 4767 3450 4821 monachos

1882 4868 2083 4925 obnixe
2130 4872 2346 4937 rogaret
2375 4868 2431 4918 in
2464 4877 2616 4917 suum
2652 4860 2719 4915 ad
2752 4860 3055 4915 fundendus
3106 4858 3213 4913 Deo
3263 4872 3453 4927 preces

1882 4966 2206 5015 conventum
2241 4955 2451 5010 admitti
2491 4972 2504 5007 :
2539 4952 2647 5007 Deo
2686 4952 2812 5007 item
2860 4952 3061 5006 charus
3086 4989 3103 5015 ,
3136 4950 3261 5019 quia
3292 4948 3454 5002 casti-

1883 5062 2059 5125 gatus,
2096 5050 2276 5107 divina
2306 5057 2490 5105 tamen
2515 5046 2813 5103 miserante
2854 5043 3194 5115 providentia
3223 5051 3451 5097 mortem

1883 5142 2151 5214 effugerit.

1955 5328 2012 5383 2.
2045 5325 2255 5397 Georgii
2295 5333 2344 5379 et
2389 5322 2673 5378 multorum
2709 5319 3135 5376 Christianorum
3173 5314 3361 5368 cantes.
3386 5335 3453 5352 --

1888 5420 2065 5478 Allato
2099 5415 2477 5473 Alexandriam
2509 5414 2658 5470 necis
2685 5410 2905 5466 Artemii
2931 5406 3139 5469 nuntio,
3172 5401 3451 5473 gentilium

1889 5512 2047 5567 turbs
2074 5506 2327 5565 insolenti
2354 5507 2420 5561 de
2444 5505 2763 5571 inaugurato
2799 5512 2910 5555 suae
2930 5492 3211 5565 ‘religionjs
3236 5489 3454 5546 homine

1888 5601 2084 5674 gaudio
2118 5598 2296 5663 eii‘usi,
2330 5597 2531 5665 impetu
2562 5592 2852 5659 Georgium
2887 5596 2943 5642 et
2962 5583 3455 5674 Christianos‘om-T

1894 5670 1988 5749 nes
2018 5691 2359 5747 adoriuntur.
2402 5687 2574 5742 Erant
2606 5683 2804 5751 quippe
2842 5690 2956 5733 tum
2990 5674 3220 5746 Georgio
3260 5670 3452 5727 offensi

1893 5783 2086 5856 pagani
2117 5792 2303 5841 omnes
2327 5779 2395 5835 ob
2424 5772 2727 5845 hnjusmodi
2755 5785 2974 5829 causam
3013 5783 3044 5824 a
3085 5767 3314 5823 Socrate
3340 5776 3451 5820 ιιιοι
