4038 6526
582 394 745 438 CXLIV

1957 376 2490 435 PROLEGOMENA.

582 504 857 551 moratam
884 494 984 567 (ιι).
1012 494 1191 551 Locus
1229 502 1351 550 erat
1375 494 1428 549 in
1459 494 1593 549 urbe
1618 493 1727 561 jam
1766 494 1893 549 inde
1926 508 1953 547 a
1979 496 2173 565 priscis
2204 501 2246 555 Α
2278 485 2497 562 Georgii
2526 491 2646 546 fuit.
2695 489 2848 544 Felix
2883 502 3037 552 sane,
3077 488 3124 543 si
3170 486 3290 545 ﬁdei
3328 505 3513 555 causa,
3555 500 3610 547 et
3648 508 3755 549 non
3801 485 3854 551 in

585 585 927 655 temporibus
954 599 1160 641 vacuus
1179 594 1233 640 et
1263 584 1562 655 neglectus,
1591 586 1757 639 multa
1784 585 2023 641 sordium
2055 586 2168 641 col-

584 673 804 729 luvione
834 672 1068 729 refertus
1094 714 1111 741 ,
1148 674 1203 729 in
1232 689 1340 744 quo
1394 673 1619 743 gentiles
1651 672 1861 729 Mithrae
1910 675 2169 745 mysteria

584 777 907 837 peragentes
948 768 1229 822 immolare
1274 768 1522 821 homines
1562 776 1979 824 consueverant.
2012 768 2168 822 Hunc

586 867 774 929 utpote
804 873 1035 914 vacuum
1090 873 1155 914 ac
1208 858 1480 913 desertum
1524 860 1874 916 Constantius
1918 859 2168 915 ecclesia:

586 950 1076 1005 Alexandrinorum
1129 952 1241 1020 jam
1307 962 1433 1007 ante
1503 952 1846 1006 attribuerat.
1904 951 2169 1021 Georgius

586 1056 717 1096 vero
737 1058 858 1097 cum
880 1042 1175 1099 Ecclesiam
1195 1061 1260 1101 eo
1281 1045 1399 1101 loco
1421 1045 1660 1099 excitare
1683 1044 1858 1110 vellet,
1887 1043 2167 1113 repurgari

586 1132 805 1203 adytum
841 1136 1120 1205 praeepit.
1152 1135 1208 1189 lu
1244 1136 1523 1207 peramplo
1554 1135 1857 1206 hujusmodi
1904 1134 2021 1189 loco
2052 1150 2170 1204 my-

587 1222 751 1279 steria
778 1226 1053 1293 gentilium
1105 1237 1261 1282 erant
1289 1229 1558 1283 recondita
1588 1244 1601 1293 ;
1629 1226 1931 1297 complures
1959 1225 2169 1281 scilicet

591 1316 866 1371 hominum
911 1320 1187 1385 calvariae,
1223 1320 1479 1389 juvenum
1509 1320 1717 1389 pariter
1746 1334 1808 1374 ac
1840 1319 2112 1374 seniorum
2150 1335 2164 1372 :

588 1406 678 1475 qui
703 1407 829 1461 olim
869 1410 1088 1463 mactati
1126 1408 1455 1474 ferebantur,
1476 1411 1690 1478 quando
1716 1418 1960 1463 extorum
1995 1409 2171 1475 inspe-

586 1499 767 1554 ctione
794 1501 1119 1565 divinarent,
1153 1516 1217 1555 ac
1243 1500 1447 1569 magica
1490 1500 1761 1553 sacrificia
1794 1500 1858 1553 ad
1885 1500 2169 1553 incantan-

587 1590 682 1645 das
706 1591 917 1645 animas
938 1599 1277 1660 peragerent.
1296 1589 1419 1643 ll-.ec
1456 1590 1506 1643 in
1538 1590 1745 1643 Mithra:
1769 1590 1929 1658 adyto
1957 1596 2168 1655 reperta

588 1680 889 1736 Christiani
943 1682 1009 1736 ad
1054 1680 1333 1751 gentilium
1385 1680 1673 1734 ludibrium
1731 1678 1878 1732 foras
1925 1677 2166 1730 Omnium

586 1772 759 1827 oculis
814 1785 1156 1842 exposuere,
1190 1771 1377 1825 eadem
1414 1780 1686 1840 gestantes
1736 1770 2027 1823 traduxere
2072 1783 2170 1838 per

2270 586 2539 641 scelerum
2606 598 2820 654 ptenam
2852 622 2867 647 ,
2924 582 3085 635 homo
3138 582 3428 652 gentilibus
3478 582 3634 652 juxta
3696 596 3859 657 atque

2273 677 2596 733 Christianis
2627 676 3010 740 invisus,.tam
3045 674 3187 728 male
3231 675 3486 731 multatus
3530 686 3695 731 esset.
3726 674 3861 734 Ene-

2270 768 2342 822 cti
2398 783 2559 836 porro
2586 764 2802 835 Georgii
2836 764 3091 819 invidiam
3140 764 3192 820 in
3241 763 3555 823 Catholiens
3587 769 3858 838 conjicere

2270 858 2447 914 conati
2499 867 2623 911 sunt
2682 858 2894 911 Ariani.
2932 856 3129 911 Verum
3178 872 3245 912 ex
3275 856 3578 928 Epiphanio
3622 869 3680 914 et
3728 862 3857 914 Am-

2270 951 2457 1005 miano
2488 948 2808 1004 Marcellino
2847 961 3064 1004 constat
3095 964 3121 1002 a
3159 949 3291 1004 solis
3318 951 3612 1020 gentilibus
3641 953 3694 1006 id
3728 938 3861 1007 faci-

2272 1044 2425 1097 noris
2451 1050 2846 1111 perpetratum,
2874 1051 2927 1098 et
2957 1043 3199 1110 quidem,
3218 1051 3276 1095 ut
3299 1043 3373 1096 ait
3403 1043 3860 1100 mendacissimus

2273 1134 2661 1205 Philostnrgius
2710 1134 2820 1206 (b),
2876 1135 3166 1189 concitatis
3220 1136 3288 1190 ab
3343 1135 3670 1189 Athanasio.
3730 1136 3861 1202 Quae

2270 1226 2541 1281 calumnia
2572 1226 2653 1280 vel
2694 1226 2821 1280 hinc
2856 1227 3193 1290 conlutalur,
3226 1227 3367 1295 quod
3414 1241 3510 1294 per
3547 1228 3596 1281 id
3645 1236 3859 1297 tempus

2269 1316 2599 1371 Athanasius
2629 1318 2679 1369 in
2726 1317 3112 1374 secretioribus
3138 1318 3305 1372 eremi
3346 1318 3481 1373 locis
3509 1316 3771 1390 profugus
3802 1327 3857 1372 et

2270 1406 2515 1461 occultus
2548 1417 2886 1461 versaretur.

2341 1495 2396 1549 4.
2426 1493 2677 1549 Julianus
2709 1494 3123 1550 Alexandrinam
3159 1497 3351 1551 ctrdem
3392 1515 3447 1552 se
3473 1500 3692 1568 indigne
3721 1499 3861 1565 ferre

2270 1588 2508 1641 simulat.
2559 1618 2627 1629 --
2674 1588 2912 1657 Accepto
2968 1586 3218 1644 Julianus
3270 1605 3452 1643 rerum
3508 1591 3860 1645 Alexandriae

2271 1685 2543 1744 gestarum
2585 1676 2777 1729 nuntio
2805 1715 2820 1740 ,
2870 1690 2929 1730 se
2974 1678 3190 1745 quidem
3247 1688 3459 1733 tantum
3514 1682 3809 1734 tumultum
3840 1720 3857 1747 ,

2276 1774 2383 1819 tam
2446 1766 2739 1821 immanem
2814 1767 3188 1823 carniﬁcinam
3249 1770 3513 1825 damnare
3580 1772 3855 1839 simulat;

585 1865 884 1919 civitatem.
909 1863 1038 1930 Quae
1062 1878 1149 1917 res
1174 1877 1507 1931 paganorum
1537 1861 1753 1914 turbam
1785 1859 2159 1915 inﬂammavit.
2197 1847 2240 1903 Β
2273 1871 2583 1926 quanquam
2624 1857 2947 1928 negligentia
2987 1859 3281 1915 ulciscendi
3309 1861 3589 1928 facinoris,
3625 1878 3736 1916 non
3776 1864 3857 1919 in-

586 1954 724 2009 Tum
757 1953 941 2010 furore
972 1970 1123 2008 arma
1168 1954 1549 2018 ministrante,
1604 1953 1658 2007 in
1708 1953 1895 2007 obvios
1923 1966 2167 2022 quosque

586 2045 925 2107 Christianos
975 2046 1235 2114 impetum
1285 2043 1534 2109 faciunt;
1588 2058 1819 2113 quorum
1874 2043 2169 2112 permultos

584 2138 737 2193 vario
766 2139 956 2193 mortis
980 2152 1176 2208 genere
1200 2146 1516 2203 enecarunt,
1548 2140 1713 2201 l‘erro,
1745 2136 1999 2201 fustibus,
2038 2135 2169 2205 lapi-

584 2228 763 2285 dibus.
800 2228 912 2283 Nec
939 2230 1164 2284 deerant
1204 2230 1295 2298 qui
1329 2229 1548 2283 funibus
1583 2227 1833 2281 homines
1863 2226 2172 2296 strangula-

587 2330 725 2385 rent,
751 2322 1147 2390 nonnullosque
1194 2321 1260 2375 ad
1307 2320 1600 2375 ludibrium
1636 2319 1816 2373 crucis
1851 2318 1905 2372 in
1946 2331 2165 2372 erucem

584 2422 851 2482 agerent,
903 2413 1038 2468 alios
1092 2413 1464 2467 vulnerarent.
1514 2409 1633 2465 Non
1666 2409 2025 2464 familiaribus
2069 2409 2164 2477 illi,

586 2519 692 2557 non
721 2503 965 2573 cognatis
988 2515 1313 2572 pepercere;
1354 2500 1449 2555 sed
1480 2499 1688 2554 amicus
1714 2499 1970 2561 amicum,
2004 2497 2170 2551 frater

585 2590 845 2657 fratrem,
896 2599 1151 2658 parentes
1195 2588 1335 2643 ﬁlios
1372 2588 1662 2643 confodere
1685 2628 1699 2653 ,
1746 2602 1808 2641 ae
1838 2587 1888 2641 in
1927 2596 2166 2640 mutuam

586 2698 745 2737 ruere
772 2681 997 2736 eadem.
1047 2679 1176 2746 Quae
1208 2694 1372 2733 causa
1422 2678 1523 2732 fuit
1564 2688 1625 2733 ut
1661 2678 1961 2734 Christiani
2008 2693 2037 2731 a
2085 2692 2169 2732 re-

585 2774 866 2844 purgando
910 2772 1122 2828 Mithrac
1155 2774 1316 2843 adyto
1346 2773 1695 2829 absisterent.
1743 2771 1987 2827 Gentiles
2039 2786 2169 2825 vero

584 2864 874 2936 Georgium
914 2866 1246 2920 abstractum
1283 2865 1351 2919 ab
1394 2865 1621 2919 ecclesia
1649 2905 1664 2929 ,
1710 2874 1765 2918 et
1804 2863 1867 2917 ad
1901 2864 2167 2919 eamelum

585 2956 906 3027 alligatum,
960 2972 1055 3027 per
1099 2961 1288 3012 urbem
1344 2967 1510 3011 totam
1566 2966 1880 3026 raptatum,
1938 2956 2169 3010 fustibus

587 3065 902 3119 percussum
927 3091 942 3117 ,
979 3050 1251 3118 variisque
1300 3047 1630 3103 cruciatibus
1669 3046 1919 3102 allectum
1958 3058 2011 3101 et
2038 3062 2167 3102 ene-

586 3151 791 3205 catum,
831 3157 953 3195 cum
988 3140 1109 3195 aliis
1158 3142 1367 3212 pariter
1396 3142 1574 3204 casis,
1611 3143 1703 3209 qui
1738 3140 1962 3195 camelis
1990 3139 2166 3209 impo-

585 3232 673 3286 siti
701 3240 887 3297 erant,
919 3235 1372 3301 combusserunt;
1410 3234 1732 3303 cineresque
1780 3232 1835 3286 in
1867 3247 2015 3285 mare
2045 3247 2168 3302 pro-

578 3324 712 3395 jecti
773 3336 937 3393 sunt,
1002 3341 1070 3380 ne
1105 3341 1133 3379 a
1172 3326 1498 3380 Christianis
1553 3324 1814 3391 collecti,
1856 3325 1910 3378 in
1962 3324 2170 3378 honore

585 3419 841 3485 deinceps
889 3427 947 3473 ut
999 3428 1296 3487 martyrum
1345 3416 1591 3486 reliquia:
1644 3416 2000 3471 haberentur.
2034 3414 2167 3469 Cum

586 3510 655 3564 iis
687 3518 865 3564 autem
893 3509 1203 3564 obtruncati
1244 3518 1369 3563 sunt
1404 3508 1727 3563 Dracontius
1754 3517 1985 3561 moneta:
2029 3521 2168 3575 prat-

586 3601 796 3671 positus
828 3609 883 3655 et
927 3599 1194 3655 Diodorus
1225 3600 1443 3668 quidam
1478 3597 1643 3652 veluti
1676 3614 1894 3666 comes;
1924 3600 2013 3667 qui
2040 3597 2167 3653 fune

587 3692 839 3750 cruribus
874 3692 1103 3761 alligati,
1137 3692 1405 3759 pertracti
1451 3690 1593 3744 ultro
1622 3689 1875 3759 citroque
1923 3691 2119 3760 raptati
2149 3730 2165 3757 ,

589 3786 743 3841 eoin
772 3784 1038 3854 supplicio
1086 3782 1340 3837 exstincti
1393 3792 1520 3837 sunt
1566 3800 1579 3836 :
1631 3783 1722 3839 ille
1747 3784 1888 3853 quod
1916 3798 2063 3837 aram
2113 3784 2166 3839 in

587 3884 801 3930 moneta
830 3875 913 3927 cui
942 3880 1172 3942 pra‘erat
1194 3886 1382 3926 recens
1420 3872 1650 3927 locatam
1683 3873 2006 3939 evertisset;
2032 3875 2169 3929 alter

584 3966 763 4035 quod,
806 3966 931 4018 dum
987 3964 1318 4018 :ediﬁcandaa
1370 3975 1626 4034 pra‘esset
1659 3964 1941 4031 ecclesiae,
1992 3965 2169 4020 cirros

546 4090 555 4103 .
583 4070 900 4123 puerorum,
944 4068 1081 4122 quos
1126 4052 1190 4106 ad
1235 4053 1458 4108 deorum
1489 4053 1692 4107 cultum
1723 4053 1995 4123 pertinere
2020 4053 2166 4107 msti-

586 4147 793 4211 mabat,
828 4145 1078 4200 licentius
1110 4144 1445 4202 detonderet.
1499 4144 1606 4199 Nec
1648 4144 2163 4214 pra:termittendum

583 4238 729 4309 quod
772 4236 958 4305 adjicit
992 4237 1309 4291 Ammianus
1335 4276 1349 4301 ,
1386 4237 1626 4305 potuisse
1674 4238 1882 4292 scilicet
1922 4236 2168 4291 homines

584 4330 649 4384 ad
678 4330 895 4384 crudele
930 4329 1249 4398 supplicium
1282 4329 1476 4383 ductos
1503 4328 1935 4383 Christianorum
1966 4329 2166 4382 auxilio

588 4421 801 4477 defendi
830 4463 844 4487 ,
903 4422 1006 4477 nisi
1055 4420 1273 4490 Georgii
1333 4422 1458 4475 odio
1508 4435 1700 4475 omnes
1736 4421 2023 4475 indiscrete
2071 4420 2165 4472 lla-

2270 1960 2477 2019 gratam
2555 1951 2819 2005 accidisse
2894 1964 3007 2005 rem
3080 1952 3417 2021 signiﬁcaret
3484 1954 3577 2025 (c).
3636 1954 3859 2011 Litteris

2270 2038 2451 2106 itaque
2479 2039 2658 2093 missis
2685 2078 2699 2103 ,
2731 2041 2907 2109 carpit
2936 2039 3175 2096 animum
3206 2042 3708 2100 Alexandrinorum
3744 2056 3859 2100 tur-

2270 2130 2552 2184 bulentum
2609 2140 2771 2200 atque
2824 2132 3139 2187 seditiosum
3192 2151 3207 2188 :
3254 2149 3480 2203 parcere
3540 2143 3725 2191 tamen
3784 2136 3859 2192 ait

2269 2222 2625 2287 multitudini,
2648 2221 2810 2277 rebus
2851 2238 2879 2277 a
2914 2223 3148 2295 Georgio
3193 2225 3458 2281 scelerate
3492 2228 3663 2297 gestis
3697 2226 3749 2280 in
3781 2225 3859 2279 fu-

2270 2327 2449 2369 rorem
2520 2324 2675 2371 actze.
2735 2315 3052 2386 Oportuisse
3108 2317 3510 2373 Alexandrinos
3561 2318 3857 2373 Alexandri

2271 2405 2594 2471 conditoris,
2629 2408 2808 2477 magni
2851 2407 3155 2477 Sarapidis,
3202 2409 3283 2463 sui
3312 2409 3477 2464 etiam
3510 2408 3861 2479 imperatoris

2270 2500 2578 2553 reverentia
2629 2515 2657 2552 a
2705 2510 2857 2554 tanto
2902 2501 3110 2555 scelere
3143 2500 3407 2557 cohiberi.
3443 2501 3508 2556 Et
3559 2501 3863 2572 siquidem

2271 2593 2551 2645 atrocibus
2578 2591 2792 2663 Georgii
2824 2592 3042 2664 ﬂagitiis
3077 2594 3294 2649 accensi
3328 2593 3704 2661 concitatique
3746 2592 3862 2648 fne-

2273 2698 2332 2737 re
2358 2723 2373 2749 ,
2416 2700 2515 2753 par
2547 2684 2714 2739 fuisse
2758 2684 3034 2754 judieibus
3060 2684 3335 2740 hominem
3366 2699 3465 2754 pro
3506 2683 3706 2739 merito
3744 2682 3861 2751 ple-

2271 2776 2530 2829 ctendum
2559 2776 2723 2840 tradi,
2759 2791 2866 2831 non
2907 2777 3006 2845 ipsi
3033 2776 3378 2832 temerariam
3409 2776 3623 2831 turbam
3657 2774 3864 2829 violen-

2273 2875 2354 2921 tas
2405 2866 2606 2921 inferre
2646 2883 2861 2922 manus.
2895 2866 3166 2922 Prmclare
3202 2882 3326 2923 cum
3351 2867 3431 2922 eis
3487 2875 3672 2922 actum
3714 2880 3861 2932 esse,

2270 2961 2412 3027 quod
2468 2976 2525 3013 se
2568 2960 2868 3028 imperante
2910 2969 3121 3013 tantum
3164 2959 3378 3014 facinus
3404 2958 3475 3014 sit
3503 2959 3857 3024 admissum;

2270 3051 2360 3121 qui
2394 3050 2591 3119 partim
2622 3053 2950 3107 verecundia
2996 3052 3049 3106 in
3096 3051 3287 3118 Deum,
3325 3051 3519 3119 partim
3550 3050 3863 3105 reverentia

2272 3142 2356 3195 avi
2386 3151 2441 3195 et
2466 3141 2719 3195 avunculi
2752 3142 2834 3196 sui
2871 3142 3084 3196 veniam
3123 3141 3447 3195 concederet
3489 3139 3722 3195 civitati.
3755 3137 3863 3195 Ve-

2276 3240 2351 3284 tat
2400 3246 2466 3285 ne
2516 3232 2568 3285 in
2607 3231 2787 3288 simile
2814 3232 3021 3290 crimen
3070 3247 3423 3304 prorumpere
3451 3231 3713 3302 deinceps
3764 3246 3863 3285 au-

2272 3323 2456 3376 deant.

2343 3413 2396 3467 5.
2440 3412 2654 3484 Georgii
2699 3414 3063 3467 bibliothecam
3109 3416 3397 3469 transmitti
3442 3416 3544 3469 sibi
3576 3427 3757 3472 curat.
3790 3444 3868 3461 —-

2274 3504 2585 3561 Secundum
2626 3507 2763 3573 haec,
2792 3507 3008 3578 )Egypti
3040 3506 3293 3577 praefecto
3319 3507 3535 3561 Ecdicio
3567 3508 3756 3577 jussit,
3802 3516 3867 3565 ut

2270 3596 2485 3668 Georgii
2516 3598 2897 3654 bibliOtbecam
2940 3600 3121 3654 multis
3153 3598 3544 3669 philusotlbize,
3586 3609 3643 3655 et
3673 3600 3864 3655 rheto-

2271 3689 2396 3743 rica:
2422 3690 2719 3755 codicibus,
2754 3706 2962 3747 necnon
2988 3693 3107 3748 aliis
3134 3692 3499 3746 Christianam
3532 3692 3861 3762 religionem

2270 3781 2643 3849 spectantibus
2699 3783 3017 3838 instructam
3046 3821 3061 3847 ,
3118 3783 3406 3850 diligenter
3444 3783 3808 3851 perquisitam
3843 3824 3860 3847 ,

2269 3873 2615 3928 Antiochiam
2649 3884 2867 3929 curaret
2908 3874 3203 3928 transmitti
3238 3872 3367 3929 sibi.
3410 3874 3451 3928 A
3484 3890 3592 3944 quo
3623 3874 3863 3946 Georgio

2271 3966 2530 4034 quosdam
2563 3980 2622 4019 se
2646 3965 2816 4019 libros
2847 3966 2997 4029 olim,
3023 3982 3143 4020 cum
3172 3966 3222 4019 in
3244 3965 3582 4035 Cappadocia
3609 3966 3862 4038 degeret,

2269 4065 2575 4108 mutuatum
2627 4071 2747 4112 esse
2779 4044 3187 4111 commemorat.
3223 4058 3289 4111 Et
3324 4068 3501 4111 tamen
3561 4055 3861 4127 Georgium

2270 4147 2584 4201 illiberalem
2647 4158 2701 4201 et
2766 4148 3147 4210 ineruditum,
3210 4149 3513 4217 praesertim
3578 4148 3633 4202 in
3697 4150 3864 4203 rebus

2268 4238 2684 4304 ecclesiasticis,
2714 4238 2880 4294 fuisse
2914 4240 3129 4294 tradunt
3161 4239 3486 4293 Athanasius
3520 4238 3725 4309 aliique
3753 4240 3860 4294 Pa-

2271 4339 2400 4385 ll‘CS.
3388 4384 3399 4395 ν

2338 4420 2393 4473 6.
2448 4420 2777 4473 Athanasius
2820 4418 3205 4473 Alexandriam
3262 4419 3575 4489 regreditur.
3614 4453 3688 4462 ——
3732 4423 3865 4479 Post

586 4523 833 4585 grasseut
862 4533 877 4570 :
917 4515 1007 4584 qui
1040 4512 1305 4582 Georgius
1346 4512 1649 4568 facinorqu
1682 4513 1949 4582 gravitate
1976 4523 2029 4567 et
2061 4511 2166 4566 fre-
2197 4543 2241 4598 Β
2276 4511 2609 4580 publicatum
2645 4510 2845 4565 Juliani
2877 4510 3562 4579 edictum,quoexsnlibus
3593 4514 3861 4570 redeundi

582 4607 803 4679 quentia
838 4608 941 4662 sibi
971 4621 1189 4661 onmem
1222 4605 1612 4661 misericordia:
1642 4606 1845 4661 aditum
1870 4605 2160 4677 prmrlusc-

580 4710 682 4754 rat.

645 4787 701 4843 5.
735 4786 941 4840 Praeter
992 4788 1242 4857 superius
1282 4798 1683 4853 memoratam,
1730 4787 1889 4841 aliam
1950 4786 2155 4842 enecati

577 4877 794 4946 Georgii
819 4894 1039 4932 causam
1100 4877 1260 4933 aﬂ‘ert
1309 4878 1627 4933 Ammianus
1681 4896 1693 4932 :
1754 4878 1894 4947 quod
1953 4878 2160 4933 scilicet

577 4987 701 5025 cum
734 4970 995 5025 transiret
1025 4986 1122 5039 per
1168 4969 1471 5040 Speciosum
1525 4971 1665 5040 genii
1706 4970 1989 5040 templum,
2020 4969 2161 5022 mul-

578 5061 807 5117 titudine
832 5062 1064 5131 stipatus
1095 5077 1157 5117 ex
1201 5078 1371 5126 more,
1403 5063 1578 5116 oculis
1607 5063 1657 5115 in
1679 5062 1961 5115 delubrum
1988 5062 2160 5127 ipsum

577 5153 840 5222 conjectis
871 5154 1098 5210 dixisset
1128 5172 1142 5209 :
1182 5154 1431 5219 ριιαηάία
1477 5153 1776 5223 sepulcrum
1822 5153 1918 5205 hoc
1953 5152 2165 5205 stabit?

577 5243 695 5310 Quo
737 5243 922 5299 audito
972 5247 1165 5315 pagani
1210 5245 1638 5301 reformidantes
1674 5258 1741 5297 ne
1782 5242 1912 5296 illud
1944 5257 2161 5312 quoque

580 5341 810 5387 tentaret
836 5344 1084 5390 evertere
1111 5375 1127 5401 ,
1163 5344 1426 5406 quantum
1461 5342 1715 5401 poterant
1747 5333 1799 5386 in
1829 5332 1946 5400 ejus
1971 5333 2155 5399 perni-

576 5425 713 5480 ciem
750 5426 980 5483 insidias
1010 5430 1297 5499 parabant,
1335 5429 1527 5491 donec,
1562 5428 1892 5494 inaugurato
1918 5422 2156 5489 Juliano,

576 5516 811 5571 oblatam
876 5520 951 5575 illi
1014 5520 1363 5577 occasionem
1438 5517 1738 5586 arripuere.
1811 5512 1912 5570 Hic
1981 5516 2159 5570 exitus

626 5659 965 5735 .(a)‘Socrat.
1007 5663 1103 5735 lib.
1164 5678 1247 5727 tu,
1286 5661 1476 5735 cap._2
1502 5679 1515 5726 ;
1546 5658 1759 5717 Sozom.
1805 5661 1894 5714 Iih.
1927 5675 2000 5726 tv,
2037 5676 2155 5731 cap.

578 5729 982 5805 ὄνίλᾼιιιιιιίςιιι,
1018 5733 1110 5787 lib.
1146 5748 1238 5805 xv,
1272 5729 1389 5804 cap.
1419 5731 1470 5785 7.

655 5800 727 5869 (b)
757 5798 872 5857 Lib.
909 5802 971 5870 tt,
1002 5818 1119 5872 cap.
1148 5804 1198 5853 7.

2271 4610 2508 4669 potestas
2543 4610 2685 4662 erat,
2706 4601 3039 4654 Athanasius
3068 4600 3448 4653 Alexandriam
3480 4605 3859 4673 reversus(d),

2268 4691 2468 4761 ingenti
2501 4691 2568 4744 de
2614 4705 2764 4745 more
2799 4690 2966 4759 plebis
3021 4689 3315 4743 Catholicae
3367 4690 3560 4759 gaudio
3596 4703 3861 4763 exceptus

2265 4792 2371 4836 est.
2429 4782 2484 4835 In
2541 4781 2685 4835 hunc
2723 4781 2955 4836 reditum
3011 4781 3308 4851 Gregorius
3360 4780 3745 4839 Nazianzenus
3792 4800 3858 4840 ea

2267 4874 2447 4928 omnia
2495 4872 2728 4938 confert,
2759 4888 2879 4943 qua:
2917 4872 3032 4940 jam
3082 4873 3331 4941 superius
3359 4884 3859 4931 commonstratum
3892 4900 3897 4903 >

2265 4973 2348 5019 est
2408 4965 2474 5019 ad
2527 4965 2757 5019 reditutn
2789 4964 2917 5018 anni
2969 4963 3074 5020 5&9
3103 4966 3398 5033 pertinere.
3445 4964 3859 5021 Alexandrinus

2267 5063 2444 5110 autem
2482 5054 2711 5125 populus
2741 5094 2755 5119 ,
2784 5054 3005 5109 Arianis
3041 5055 3250 5123 ejeCtis,
3286 5054 3546 5110 ecclesias
3580 5057 3862 5113 conventi-

2266 5148 2366 5201 bus
2400 5148 2792 5203 ecclesiasticis
2826 5146 3255 5216 frequentaudas
3310 5147 3476 5200 tradit
3524 5148 3857 5206 Athanasio.

2266 5236 2410 5293 Pulsi
2445 5251 2609 5308 porro
2644 5237 2831 5293 Ariani
2859 5238 2926 5291 ab
2955 5237 3225 5304 ecclesiis,
3251 5236 3387 5292 clam
3414 5236 3762 5308 privatisque
3784 5240 3861 5294 in

2266 5330 2471 5386 aedibus
2506 5330 2760 5386 collectas
2811 5329 3061 5398 agebant.
3096 5329 3153 5384 lu
3186 5329 3425 5385 defuncti
3460 5345 3595 5385 vero
3630 5331 3861 5401 Georgii

2266 5424 2441 5478 locum
2480 5422 2715 5478 Arianus
2741 5424 2969 5479 Lucium
3003 5437 3116 5479 suta
3153 5421 3408 5477 factionis
3453 5421 3739 5478 hominem
3766 5438 3864 5479 co-

2265 5526 2480 5587 Optasse
2508 5524 2699 5570 narrat
2730 5516 3004 5572 Socrates.
3041 5513 3236 5570 Verum
3272 5514 3577 5570 reclamare
3599 5516 3865 5573 videntur

2344 5658 2413 5723 (ε)
2441 5655 2652 5710 Socrat.
2679 5654 2771 5708 lib.
2804 5670 2883 5717 Ill,
2922 5668 3039 5722 cap.
3070 5654 3133 5715 5;
3170 5649 3299 5716 Jul.,
3333 5649 3503 5720 epist.
3532 5649 3621 5705 10.

2346 5727 2421 5799 ((1)
2452 5728 2660 5782 Socrat.
2685 5725 2879 5793 libmt,
2905 5739 3021 5794 cap.
3052 5724 3107 5776 4.
