4038 6526
1462 437 1621 494 VITA
1662 438 1723 494 S.
1766 438 2167 498 ATIIANASII.

3305 463 3446 507 ακιν

196 570 312 624 acta,
337 555 566 615 Joviano
615 558 900 628 principe,
946 556 1106 613 edita.
1140 556 1258 613 Non
1290 556 1492 614 dicitur
1514 559 1661 615 enim
1691 573 1758 616 eo
1788 569 1834 625 Α
1864 577 2093 633 quorum
2128 561 2311 616 mitior
2356 563 2624 618 sententia
2661 602 2677 629 ,
2732 578 2789 619 re
2832 565 3138 621 accuratius
3183 580 3444 635 expensa.

196 652 279 708 loci
322 649 551 703 Arianos
596 649 930 719 episcopum
974 648 1074 704 sibi
1118 649 1341 705 Lucium
1381 653 1756 718 constituisse,

195 745 268 799 sed
294 742 623 796 constituere
645 742 919 797 voluisse.
948 743 1013 798 Et
1045 744 1275 798 fortasse
1304 757 1427 798 cum
1456 743 1508 797 in
1539 742 1756 814 Georgii

194 834 339 888 sedem
368 828 602 885 Lucium
635 832 951 902 subrogare
988 833 1207 894 vellent.
1237 833 1461 888 coerciti
1494 848 1524 886 a
1559 834 1759 888 Catho-

193 923 286 977 licis
315 919 545 987 fuerant,
569 936 823 992 quorum
857 924 1050 996 ingens
1077 937 1195 980 erat
1228 924 1581 980 Alexandria:
1618 926 1760 981 mul-

194 1016 357 1069 tiludo.

246 1108 285 1162 7.
319 1105 541 1162 rSimul
579 1116 758 1179 atque
787 1107 856 1162 ad
888 1106 1191 1163 Ecclesiam
1241 1108 1487 1177 pervenit
1514 1107 1759 1163 Athana-

192 1202 293 1263 sius,
315 1200 489 1269 inquit
542 1200 702 1254 infra
734 1200 1035 1272 Gregorius
1060 1199 1455 1265 Nazianzenus,
1496 1210 1643 1254 tanta
1680 1200 1755 1254 le-

190 1294 322 1346 nitate
359 1301 522 1359 atque
573 1292 938 1348 humanitate
974 1308 1059 1348 res
1085 1307 1273 1346 eorum
1313 1306 1342 1346 a
1374 1292 1569 1361 quibus
1598 1291 1757 1347 lrcsns

187 1380 339 1436 fuisset
369 1384 820 1449 administravit,
864 1393 923 1438 ut
948 1400 1012 1439 ne
1038 1385 1102 1438 iis
1131 1385 1347 1453 quidem
1379 1384 1508 1452 ipsis
1535 1384 1742 1438 reditus

187 1472 275 1541 ejus
297 1476 553 1529 molestus
592 1475 795 1530 fuerit.
828 1477 910 1530 Ac
944 1476 1199 1545 templum
1230 1476 1447 1543 quidem
1478 1475 1755 1544 sacrilegis

187 1566 606 1620 nundinatoribus
630 1609 647 1632 ,
696 1569 791 1637 qui
823 1568 1040 1621 Christo
1068 1568 1134 1620 ad
1167 1577 1427 1635 qtnestnm
1456 1568 1754 1623 abuteban-

186 1663 266 1718 tur,
318 1667 575 1725 repurgat
642 1660 884 1727 perimle
941 1670 1104 1728 atque
1160 1660 1270 1727 ipse
1325 1659 1607 1727 Christus;
1649 1661 1753 1716 nisi

186 1747 293 1813 quod
321 1762 419 1799 non
458 1758 617 1803 texto
648 1751 896 1821 ﬂagello,
944 1754 1037 1806 sed
1065 1753 1403 1820 argumentis
1430 1755 1497 1807 ad
1533 1770 1756 1823 persua-

185 1838 373 1892 deudum
404 1842 865 1894 accommodatis
892 1842 943 1894 id
979 1841 1160 1896 eﬁ‘scit.
1195 1843 1329 1897 Tum
1358 1859 1473 1908 eos,
1498 1846 1587 1913 qui
1612 1847 1754 1901 inter

164 1456 173 1489 ὃ

1870 655 2072 724 placuit
2114 664 2173 710 ut
2205 655 2390 726 lapsis,
2432 654 2476 709 si
2508 654 2725 723 quidem
2775 657 2977 711 erroris
3005 666 3100 712 aut
3154 657 3449 728 impietatis

1868 746 2166 817 cuiuspiam
2198 747 2435 803 artiﬁces
2466 757 2827 816 auctoresque
2864 747 3108 814 fuissent,
3143 750 3302 804 venia
3326 750 3447 819 qui-

1868 837 1989 892 dem
2018 838 2331 906 regantibus
2362 838 2771 904 concederetur,
2816 841 2909 893 sed
2942 840 3009 893 ab
3044 839 3236 895 oﬂiciis
3257 841 3445 895 detur-

1868 927 2027 993 bati,
2054 927 2193 982 inter
2244 928 2412 984 laicos
2462 938 2945 999 computarentur;
2993 929 3074 985 sin
3123 930 3447 985 necessitate

1866 1016 2039 1071 solum
2070 1030 2131 1070 ac
2162 1016 2211 1070 vi
2239 1017 2383 1070 illata
2415 1031 2481 1071 eo
2503 1018 2717 1073 deducti
2740 1025 2946 1082 essent,
2971 1026 3051 1083 ut,
3075 1034 3197 1073 cum
3224 1017 3443 1071 lucreti-

1866 1109 1946 1165 cis
1971 1109 2408 1164 communionem
2440 1117 2495 1163 et
2520 1109 2837 1164 societatem
2872 1110 3223 1171 simularent.
3271 1117 3326 1163 et
3353 1123 3447 1163 ve-

1866 1198 2012 1251 niam
2043 1208 2097 1251 et
2134 1198 2199 1251 de
2225 1200 2436 1267 integro
2468 1200 2649 1252 sedem
2679 1213 2803 1253 esse
2845 1200 3283 1263 concedendam;
3321 1214 3444 1253 cum

1865 1290 2202 1361 potissimum
2236 1290 2270 1343 ii
2301 1305 2405 1345 non
2434 1290 2727 1346 absurdam
2763 1307 2988 1347 causam
3035 1301 3089 1346 et
3136 1292 3445 1347 excusatio~

1865 1400 1986 1438 nem
2020 1381 2280 1437 aﬂ'errent
2335 1401 2349 1437 :
2400 1398 2459 1438 se
2498 1383 2755 1437 nimirum
2792 1387 3093 1441 oeconomia
3127 1386 3355 1453 quadam
3387 1393 3444 1439 et

1862 1476 2030 1546 probo
2066 1476 2296 1530 consilio
2357 1475 2405 1529 id
2443 1475 2795 1546 prmstitisse,
2847 1490 2946 1530 nec
2999 1476 3053 1530 in
3104 1476 3441 1546 impietatem

1864 1566 2040 1636 lapsos
2072 1580 2217 1628 esse,
2248 1565 2341 1620 sed
2376 1564 2631 1619 maluisse
2669 1564 3006 1634 aliquantum
3040 1564 3092 1618 vi
3133 1565 3295 1620 illatae
3318 1580 3444 1620 con-

1864 1660 2094 1722 cedere,
2128 1672 2290 1725 quam
2323 1665 2384 1710 ut
2414 1654 2481 1709 ab
2508 1655 2843 1723 impiissitnis
2878 1656 3183 1710 hominibus
3200 1656 3443 1711 Catholi-

1863 1765 1938 1804 ca:
1971 1748 2141 1818 plebis
2171 1748 2464 1817 perniciem
2491 1748 2928 1801 machinantihus
2957 1758 3250 1817 occupatas
3292 1747 3443 1801 vide-

1862 1849 1983 1893 rent
2013 1839 2290 1893 ecclesias.
2326 1838 2399 1891 Ea
2438 1848 2615 1892 tamen
2666 1838 2781 1907 lege
2811 1848 2972 1906 atque
3005 1838 3317 1891 comlitione
3346 1837 3441 1891 ad-

184 1945 225 1982 se
254 1940 299 1983 et
333 1946 451 1985 cum
486 1932 612 2000 ipso
656 1932 977 1987 simultates
1032 1937 1298 2003 gerebant
1328 1975 1343 1999 ,
1400 1936 1453 1990 in
1513 1948 1753 1991 mutuam
1787 1933 1829 1985 B
1860 1932 2150 1987 mittendos
2171 1939 2521 1994 censuerunt,
2558 1939 2615 1983 ut
2650 1930 2903 1982 Arianam
2940 1929 3186 1981 hmresim
3214 1930 3442 1981 damna-

184 2021 482 2076 concordiam
521 2025 757 2078 reducit
788 2042 803 2078 :
844 2034 899 2079 et
932 2026 1150 2094 quidem
1185 2026 1256 2079 ita
1282 2066 1297 2089 ,
1346 2036 1405 2080 ut
1437 2026 1633 2081 nullius
1664 2042 1757 2097 pa-

184 2113 428 2169 cilicatoris
450 2130 637 2184 opera
674 2117 746 2170 ad
773 2132 895 2172 eam
932 2133 1040 2171 rem
1070 2133 1206 2187 opus
1242 2119 1484 2174 haberet.
1521 2121 1603 2174 Ad
1621 2121 1754 2186 haec,

185 2204 339 2272 injuria
366 2204 611 2262 aﬁectos
642 2209 941 2278 tyrannide
972 2210 1204 2273 liberat,
1236 2210 1383 2263 nullo
1414 2212 1588 2279 posito
1617 2213 1757 2267 inter

186 2306 434 2354 sectatores
490 2314 645 2354 suos
701 2310 758 2354 et
814 2301 1025 2356 alienos
1054 2301 1390 2355 discrimine.
1442 2302 1754 2372 Prolapsam

184 2389 356 2457 insuper
408 2391 533 2445 ﬁdei
608 2392 929 2446 doctrinam
979 2394 1135 2462 erigit
1183 2408 1297 2447 :ae
1348 2394 1517 2449 libere
1564 2409 1756 2449 rursus

184 2476 376 2536 Trinitas
426 2484 808 2551 praedicatur,
865 2498 1033 2552 super
1082 2483 1468 2541 candelabrum
1525 2488 1700 2554 posita
1736 2526 1753 2553 ,

184 2571 531 2642 Splendidoque
583 2576 758 2628 unius
790 2574 1096 2628 divinitatis
1146 2576 1347 2630 lumine
1396 2577 1605 2631 animas
1639 2592 1756 2631 om-

185 2675 254 2714 nes
271 2662 625 2718 collustrans.
667 2663 846 2732 Leges
881 2665 1042 2718 etiam
1096 2682 1286 2721 rursus
1335 2667 1451 2721 orbi
1488 2678 1753 2721 terrarum

182 2755 457 2821 pmscribit,
498 2766 686 2824 atque
720 2755 976 2809 omnium
1010 2765 1221 2809 mentes
1257 2757 1324 2811 ad
1358 2771 1418 2811 se
1446 2758 1751 2825 convertit;

185 2842 273 2897 aliis
293 2848 552 2914 epistolas
594 2841 868 2914 mittens,
900 2846 1037 2901 alios
1084 2862 1411 2912 accersens,
1463 2850 1754 2904 nonnullos

182 2938 305 2989 etiam
333 2940 473 2993 ultro
522 2941 873 2994 accedentes
912 2938 1185 3004 erudiens,
1213 2940 1578 3007 omnibusque
1612 2939 1750 2995 libe-

182 3045 268 3083 ram
308 3033 657 3087 voluntatem
708 3048 813 3101 pro
863 3032 979 3100 lege
1015 3046 1341 3101 proponens,
1378 3048 1538 3100 quam
1582 3033 1753 3087 Solam

182 3134 219 3175 ut
241 3125 325 3179 iter
372 3128 437 3179 ad
489 3129 663 3180 Deum
698 3136 853 3178 ret-ta
890 3125 1223 3189 instituatur,
1270 3125 1405 3179 satis
1437 3139 1567 3180 esse
1594 3135 1751 3194 puta-

182 3210 265 3266 hat.
298 3214 467 3270 illazc
508 3214 932 3268 Nazianzenus.

230 3310 271 3361 8.
311 3311 694 3363 Alexandrina
723 3310 983 3380 synodus.
1017 3339 1087 3350 —
1112 3308 1296 3379 Neque
1330 3311 1399 3365 ita
1437 3311 1605 3365 multo
1634 3323 1755 3381 post.

180 3401 367 3456 reditum
405 3402 770 3457 Athanasius
820 3404 1088 3472 synodum
1132 3404 1478 3458 Alexandria:
1511 3405 1755 3459 ctlebra-

180 3489 235 3542 rit
256 3489 340 3563 (α),
386 3494 469 3547 ad
511 3508 683 3563 quam
731 3493 997 3548 convenit
1038 3493 1303 3550 Eusebius
1341 3495 1750 3567 Vercellensis;

181 3585 387 3649 quicum
436 3585 710 3640 Lucifero
742 3586 799 3639 in
833 3584 1112 3640 Thebaide
1162 3588 1358 3655 exsul,
1413 3590 1754 3658 promulgato

179 3671 337 3731 Iuliani
370 3679 448 3732 de
497 3677 790 3746 pulsorum
854 3678 1198 3733 revocatione
1251 3682 1467 3746 edicto,
1518 3682 1756 3753 Alexan-

182 3765 316 3821 driam
348 3779 597 3840 rogante
646 3768 949 3822 Athanasio
996 3771 1289 3825 concessit.
1340 3772 1579 3842 Rogatus
1624 3775 1751 3828 item

183 3856 358 3917 Lucifer
390 3862 597 3915 maluit
621 3860 1003 3925 Antiochiam,
1043 3862 1107 3915 ad
1135 3862 1249 3929 ejus
1276 3862 1531 3919 Ecclesiae
1556 3864 1752 3920 factio-

186 3966 285 4004 num
318 3953 579 4022 partibus
640 3954 946 4007 laborantis
988 3955 1198 4024 negotia
1236 3957 1627 4025 cumponenda,
1654 3960 1757 4013 iter

184 4042 370 4099 habere.
419 4043 681 4099 Interfuit
711 4044 882 4099 etiam
932 4044 1310 4099 Alexandrina:
1340 4048 1549 4116 synodo
1596 4050 1756 4104 Aste-

185 4133 272 4187 rius
296 4133 589 4189 Petrarum
624 4132 872 4196 Arabia),
893 4132 981 4200 qui
1004 4131 1131 4185 olim
1171 4132 1407 4185 Sardica:
1439 4133 1506 4185 ab
1535 4131 1755 4189 Arianis

184 4229 234 4277 ad
258 4226 575 4281 Catholicos
600 4224 938 4279 desciverat.
972 4222 1047 4277 Ex
1092 4221 1325 4294 Egyplo
1351 4231 1533 4278 autem
1566 4240 1756 4293 quam-

184 4318 367 4386 plurimi
416 4318 664 4389 episcopi
718 4317 790 4369 ad
839 4318 1101 4386 synodum
1152 4330 1490 4380 convenere,
1524 4331 1753 4385 quorum

185 4413 539 4481 septemdecim
600 4418 816 4463 tantum
874 4408 1167 4461 nominain
1216 4408 1460 4479 synodali
1519 4408 1752 4474 epistola

186 4515 503 4572 comparent,
551 4502 729 4556 ferme
786 4513 979 4552 omnes
1030 4502 1096 4551 ab
1150 4500 1364 4554 Arianis
1398 4513 1553 4554 antea
1591 4501 1751 4571 pulsi,

186 4595 428 4664 iariisque
480 4591 907 4648 calamitatibus
958 4587 1161 4644 aﬁlicti.
1212 4589 1287 4644 Eo
1339 4592 1466 4645 item
1523 4606 1753 4645 conces-
1789 4621 1835 4675 ι)

185 4697 348 4740 terunt
413 4685 633 4740 diaconi
704 4688 816 4738 duo
877 4696 907 4735 a
971 4680 1221 4736 Lucifero
1276 4682 1481 4753 legati,
1547 4682 1755 4737 lleren-

186 4776 283 4828 nius
338 4785 391 4830 et
432 4775 767 4845 Agapetus;
831 4785 859 4820 a
896 4767 1122 4821 Paulino
1178 4778 1353 4822 autem
1391 4767 1755 4832 Antiooheno,

188 4864 420 4921 Maximus
490 4878 545 4921 et
612 4863 951 4919 Calemerus
1020 4860 1144 4913 item
1215 4858 1459 4913 diaconi.
1512 4858 1759 4912 Aderant

190 4958 328 5013 etiam
381 4960 605 5029 quidam
674 4951 937 5009 monachi
994 4955 1060 5007 ab
1112 4950 1445 5021 Apollinario
1499 4951 1758 5020 episcopo

196 5050 339 5104 missi.

249 5142 292 5195 9.
321 5144 439 5197 Acta
466 5139 765 5212 sgnodi'de
798 5136 984 5205 lapsis.
1015 5165 1082 5175 —
1108 5135 1302 5189 Actum
1328 5142 1409 5189 est
1432 5145 1493 5187 ea
1520 5133 1572 5188 in
1596 5147 1759 5204 syaoo

199 5234 321 5289 dede
342 5238 407 5292 iis
434 5237 527 5307 qui
554 5245 819 5305 tempore
850 5230 1155 5285 vexationis
1184 5230 1238 5283 in
1286 5228 1535 5284 haeresim
1576 5235 1759 5284 essent

198 5326 362 5397 delapsi
394 5329 490 5399 (ὁ).
525 5328 786 5395 Eratque
837 5321 1220 5377 nonnullorum
1264 5320 1533 5375 sententia
1564 5362 1578 5387 ,
1608 5323 1758 5389 ejus-

197 5420 309 5474 modi
332 5421 574 5476 homines
610 5418 661 5473 si
696 5413 949 5484 episcopi
993 5423 1178 5468 essent
1227 5421 1317 5465 aut
1344 5411 1550 5475 clerici,
1580 5411 1759 5465 olﬁcio

193 5523 550 5585 sacrorumque
571 5512 735 5566 aditu
776 5506 1175 5561 interdicendos
1202 5513 1365 5575 atque
1398 5505 1450 5558 in
1488 5504 1755 5559 laicornm

190 5601 521 5658 conditionem
579 5594 949 5666 dejiciendos.
996 5595 1065 5649 At
1119 5593 1329 5649 caeteris
1383 5593 1708 5663 praesulibus
1740 5636 1755 5658 ,

184 5886 207 5925 ρ
242 5805 549 5930 (εὐδίη-ει.
596 5801 704 5859 lib.
761 5815 848 5863 ιιι.
896 5814 1012 5871 cap.
1052 5800 1084 5858 5
1119 5802 1265 5870 et7;
1319 5798 1653 5856 Sazom.lib.
1700 5811 1752 5860 ν,

209 5894 278 5930 ³ο.
378 5916 393 5930 ο

209 5894 278 5945 ap.
314 5894 393 5931 ιι.

1863 2034 2003 2085 rcnt,
2040 2020 2310 2075 Nicaenam
2352 2020 2509 2072 ﬁdem
2570 2019 3065 2086 amplecterentur;
3117 2017 3444 2071 damnarent

1863 2111 1991 2165 item
2016 2126 2107 2165 eos
2133 2109 2225 2179 qui
2267 2110 2507 2164 dicerent
2542 2107 2803 2178 Spiritum
2846 2116 3095 2160 sanctum
3128 2121 3249 2160 esse
3279 2122 3441 2161 crea-

1865 2210 1998 2265 tttm,
2055 2216 2264 2255 necnon
2295 2209 2522 2255 caeteras
2556 2199 2793 2253 haereses
2820 2240 2833 2261 ,
2872 2195 3095 2250 Sabellii
3143 2196 3436 2263 videlicet,

1863 2292 2013 2347 Pauli
2043 2292 2410 2357 Samosateni,
2444 2290 2734 2353 Valentini,
2769 2290 3019 2344 Basilidis
3048 2296 3101 2341 et
3133 2286 3440 2354 Manichmi,

1862 2398 1925 2436 ac
1949 2382 2266 2436 nominatim
2301 2381 2488 2435 Euzoii
2527 2391 2582 2433 et
2609 2379 2859 2433 Eudoxii.
2885 2377 3151 2432 Caeterum
3189 2377 3438 2432 tabellam

1863 2471 2239 2526 Sardicensem
2268 2511 2282 2536 ,
2316 2471 2458 2525 illam
2494 2472 2547 2524 in
2589 2471 2897 2525 Sardicensi
2948 2470 3155 2540 synodo
3204 2469 3440 2522 oblatam

1862 2573 1915 2616 et
1960 2562 2293 2631 propositam
2329 2560 2419 2631 (de
2455 2575 2560 2628 qua
2607 2560 2673 2612 ad
2709 2576 2909 2613 annum
2952 2558 3078 2629 347)
3111 2562 3442 2628 proscripse-

1863 2664 1988 2708 ruut
2016 2654 2371 2708 Alexandrini
2411 2651 2621 2716 Patres,
2644 2652 2768 2721 quia
2805 2667 2910 2707 non
2945 2652 3124 2706 fuerat
3155 2650 3206 2706 in
3232 2653 3442 2721 synodo

1862 2745 2126 2799 admissa.

1935 2837 2021 2890 l0.
2060 2836 2134 2889 De
2184 2836 2573 2906 Ityposlast'bus.
2606 2864 2675 2875 —
2706 2835 2901 2889 Actum
2944 2842 3208 2903 praeterea
3245 2834 3308 2887 de
3345 2834 3443 2904 hy-

1861 2930 2189 2999 postasibus,
2225 2942 2361 2995 quas
2401 2929 2513 2993 jam
2544 2933 2823 2994 cwperant
2868 2924 3109 2978 nonnulli
3155 2926 3445 2978 incontro—

1860 3020 2094 3072 versiam
2121 3032 2337 3070 vocare.
2375 3016 2542 3069 Erant
2573 3015 2830 3068 nimirum
2852 3014 2944 3083 qui
2980 3026 3090 3067 tres
3121 3014 3441 3085 bypostases

1862 3110 1916 3163 in
1943 3109 2211 3162 Trinitate
2243 3121 2363 3161 esse
2406 3108 2667 3169 dicerent,
2702 3105 2823 3158 aliis
2855 3119 3016 3157 unam
3051 3119 3169 3158 esse
3197 3119 3441 3172 pugnan-

1862 3200 2025 3254 tibus.
2069 3197 2148 3252 Re
2180 3209 2358 3250 autem
2386 3197 2612 3265 quzesita
2639 3205 2693 3249 et
2717 3195 3036 3259 deliberata,
3063 3198 3437 3263 expensisqnc

1782 3288 1823 3345 C
1859 3291 2193 3359 singulorum
2221 3288 2507 3342 sententiis
2531 3328 2546 3353 ,
2586 3296 2941 3354 utrorumque
2990 3287 3147 3340 ﬁdem
3173 3300 3357 3339 sanam
3384 3294 3439 3340 et

1860 3383 2221 3438 orthodoxam
2276 3394 2395 3434 esse
2441 3380 2834 3449 deprehensum
2868 3388 2973 3436 est.
3025 3377 3158 3432 Nam
3192 3378 3282 3448 qui
3328 3388 3442 3434 tres

1862 3474 2178 3544 bypostases
2203 3470 2465 3534 dicerent,
2506 3482 2565 3523 se
2619 3468 2690 3522 ita
2734 3468 2975 3535 proﬁteri
3014 3468 3254 3532 aiebant,
3297 3470 3440 3538 quod

1860 3562 2183 3616 Trinitatem
2221 3574 2325 3613 non
2356 3558 2573 3614 nomine
2617 3565 2772 3611 tenus
2803 3558 3108 3624 crederent,
3131 3560 3225 3613 sed
3259 3559 3444 3626 singu-

1860 3654 1941 3708 las
1991 3665 2252 3722 personas
2301 3665 2427 3704 vere
2469 3650 2799 3705 exsisteutes
2826 3658 2878 3704 et
2912 3648 3301 3712 subsistentes;
3356 3650 3430 3704 ita

1862 3759 2041 3803 tamen
2074 3746 2312 3800 admissa
2353 3742 2737 3807 distinctione,
2791 3752 2850 3797 ut
2900 3756 3074 3811 neque
3107 3751 3216 3796 tres
3266 3743 3393 3795 deos
3421 3779 3438 3806 ,

1859 3855 2038 3910 neque
2065 3838 2288 3894 totidem
2321 3836 2589 3908 principia
2624 3834 2825 3890 vellent
2872 3833 3158 3903 prazdicari
3181 3871 3197 3899 ,
3225 3832 3319 3890 sed
3359 3832 3441 3886 ιη.

1860 3934 1990 3988 lium
2028 3931 2172 3986 Patri
2206 3927 2749 3994 consubstantialem,
2792 3925 3163 3997 Spiritumque
3192 3936 3439 3981 sanctum

1860 4039 1967 4079 non
2007 4032 2243 4078 creatam
2281 4035 2391 4074 rem
2418 4058 2435 4084 ,
2480 4017 2635 4089 sedo
2666 4017 2971 4072 substantia
3004 4015 3180 4069 Patris
3228 4024 3283 4069 et
3319 4012 3443 4067 Fiiii

1861 4114 2172 4169 indivisum.
2210 4111 2312 4178 Qui
2348 4118 2531 4164 autem
2559 4121 2721 4161 unam
2750 4104 3063 4176 hypostasin
3100 4118 3224 4158 esse
3253 4102 3443 4157 defen-

1860 4207 2081 4272 debant,
2108 4219 2213 4257 non
2264 4218 2329 4258 ea
2369 4210 2549 4257 mente
2576 4200 2649 4254 ita
2684 4198 3062 4261 enuntiabant,
3098 4205 3157 4249 ut
3186 4194 3443 4265 quemad-

1862 4300 2078 4354 modum
2107 4288 2373 4351 Sabellius
2407 4333 2422 4359 ,
2460 4291 2659 4346 Filium
2695 4304 2755 4344 ac
2780 4288 3042 4358 Spiritum
3074 4295 3323 4340 sanctum
3374 4283 3443 4340 de

1862 4395 2038 4449 medio
2075 4392 2362 4451 tollerent,
2409 4385 2502 4441 sed
2538 4385 2665 4451 quia
2698 4381 3077 4436 existimarent
3124 4377 3267 4431 idem
3319 4391 3441 4431 esse

1860 4485 2179 4557 hypostasin
2235 4490 2407 4550 atque
2452 4476 2639 4530 οὐσίαν
2692 4476 2806 4529 sive
2860 4471 3239 4535 substantiam,
3276 4482 3439 4536 quam

1868 4594 2030 4633 unam
2087 4575 2441 4641 eamdemque
2519 4569 2571 4622 in
2635 4566 2835 4628 Patre,
2892 4563 3027 4617 Filio
3099 4575 3162 4614 ac
3234 4560 3440 4629 Spiritu

1868 4675 2063 4723 sancto
2102 4678 2223 4721 esse
2269 4658 2699 4731 propugnabant.
2736 4654 2817 4707 Re
2854 4654 2935 4707 sic
2977 4651 3228 4720 utrinque
3257 4648 3441 4718 expla-

1862 4770 2011 4824 nata,
2035 4758 2282 4813 eamdem
2320 4753 2561 4808 omuium
2591 4747 2912 4804 sententiam
2951 4758 3071 4799 esse
3098 4741 3438 4812 exploratum

1859 4855 1979 4909 fuit.
2010 4852 2186 4920 Atque
2220 4861 2324 4901 uno
2366 4844 2607 4901 omnium
2638 4854 2734 4895 ore
2760 4880 2778 4907 ,
2825 4853 2932 4894 uno
2974 4851 3241 4892 consensu
3270 4876 3287 4903 ,
3326 4838 3438 4890 lite-

1860 4943 2015 5002 retici
2065 4955 2255 4998 omnes
2280 4934 2604 5009 proscripti,
2660 4931 2875 4986 Nicaana
2909 4931 3063 4994 ﬁdes,
3093 4939 3150 4981 ut
3197 4927 3438 4982 omnium

1860 5030 2305 5105 prtestantissima
2329 5067 2344 5093 ,
2384 5026 2621 5081 admissa
2669 5031 2772 5077 est.
2811 5021 2885 5076 Ea
2922 5036 3085 5091 porro
3120 5020 3171 5073 in
3203 5018 3441 5086 disputa-

1859 5124 2004 5180 tione
2037 5129 2093 5176 et
2129 5115 2527 5178 controversia,
2556 5110 2921 5168 Orientalium
2952 5110 3202 5171 Asterius
3230 5144 3246 5171 ,
3283 5106 3442 5183 Occi-

1859 5213 2155 5273 dentalium
2192 5209 2457 5266 Eusebius
2497 5203 2860 5262 Vercellensis
2890 5217 3109 5269 causam
3159 5208 3213 5253 et
3255 5206 3442 5269 partes

1862 5318 2112 5384 egerunt.

1936 5406 2023 5460 il.
2078 5402 2151 5457 De
2196 5396 2513 5468 Apollinarii
2563 5391 2848 5447 sententia.
2885 5419 2954 5428 —
2986 5387 3215 5440 Ventum
3246 5377 3443 5434 deinde

1865 5508 1948 5557 est
1983 5496 2048 5551 ad
2098 5490 2414 5564 Apollinarii
2464 5486 2771 5542 doctrinam
2824 5475 3253 5548 expendendam.
3301 5468 3439 5564 Tum

1866 5588 2123 5648 monachi
2148 5559 2220 5640 ab
2249 5600 2312 5639 eo
2333 5580 2495 5651 legati
2530 5575 2768 5633 doctoris
2791 5571 2874 5626 sui
2904 5568 3232 5637 opinionem,
3257 5559 3443 5616 accol--

1944 5791 2018 5864 (b)
2049 5791 2247 5844 Athan.
2288 5798 2416 5843 tom.
2443 5787 2511 5841 ad
2545 5781 2893 5840 ΑηεὶοιοΙιεηοε
2930 5787 2983 5831 ct
3015 5774 3181 5845 Epist.
3221 5774 3288 5827 ad
3327 5768 3446 5831 Ru—

1864 5865 2148 5933 ﬁttiunant.
