4038 6526
582 453 737 498 CXLVI

1928 435 2454 492 PROLEGOMENA.

585 563 698 608 tato
738 563 918 608 tamen
954 552 1222 607 haereseos
1270 565 1500 616 veneno,
1529 558 1858 619 aperuerunt
1888 566 1903 604 :
1935 566 2146 621 nempe,
2177 556 2222 612 Α
2252 536 2702 604 ΑιΙιαηαεῑιιε.....’
2744 545 3020 609 Eusebius,
3061 546 3318 613 Asterius,
3349 556 3456 602 etc.
3492 547 3654 604 Hisce
3683 548 3830 604 litte-

584 661 692 700 non
728 660 833 715 qua
870 644 1150 700 rationein
1193 647 1487 712 prophetas
1515 643 1730 697 advenit
1755 641 1992 697 Verbum
2044 644 2150 698 Do-

587 736 742 800 mini,
801 737 992 789 eadem
1025 736 1078 789 in
1127 744 1372 788 sanctum
1405 734 1676 788 hominem
1705 773 1720 798 ,
1750 734 1955 788 scilicet
1989 732 2151 787 Chri-

584 836 727 881 stum
757 867 773 893 ,
807 827 1052 889 venisse;
1104 825 1196 880 sed
1254 825 1424 893 ipsum
1474 823 1711 878 Verbum
1767 840 1984 879 carnem
2031 839 2151 878 esse

584 915 813 980 factum,
850 925 1049 971 etcum
1083 917 1134 971 in
1167 917 1336 970 forma
1384 914 1478 970 Dei
1523 925 1703 981 esset,
1733 915 1960 970 formant
2008 915 2147 969 servi

583 1009 891 1075 accepisse,
921 1024 1095 1078 exque
1143 1009 1306 1063 Maria
1348 1009 1554 1078 virgine
1603 1010 1897 1063 secundum
1932 1022 2148 1063 carnem

585 1114 681 1166 pro
736 1101 891 1156 nobis
959 1101 1230 1158 hominem
1293 1115 1414 1156 esse
1470 1102 1692 1156 factum.
1750 1101 2151 1156 Profitebantur

583 1188 734 1252 item,
791 1205 894 1244 non
937 1205 1133 1259 corpus
1184 1192 1536 1245 inanimatum
1577 1201 1668 1245 aut
1697 1206 1887 1246 sensus
1933 1206 2146 1259 expers,

582 1290 675 1333 aut
703 1289 881 1336 mente
923 1297 1116 1338 carens
1161 1283 1435 1338 Christum
1474 1283 1743 1339 habuisse.
1777 1283 1958 1353 Neque
1981 1285 2146 1349 enim,

583 1371 820 1438 aiebant,
856 1375 1113 1443 possibile
1140 1385 1277 1440 erat,
1315 1377 1540 1431 Domino
1568 1376 1736 1430 nostri
1767 1377 1941 1445 gratia
1972 1377 2146 1430 homi-

582 1475 651 1515 ne
691 1461 838 1517 facto
863 1502 878 1528 ,
910 1479 1104 1533 corpus
1139 1466 1257 1530 ejus
1286 1466 1406 1519 sine
1436 1475 1614 1520 mente
1642 1467 1903 1520 exsistere
1931 1485 1945 1520 :
1980 1467 2147 1535 siqui-

580 1549 702 1604 dem
736 1566 840 1606 non
864 1553 1107 1621 corporis
1149 1555 1431 1619 duntaxat,
1467 1557 1561 1608 sed
1597 1557 1788 1610 aniture
1833 1571 2046 1624 quoque
2095 1558 2146 1611 in

582 1641 700 1708 ipso
729 1640 906 1698 Verbo
933 1645 1077 1699 salus
1109 1645 1254 1719 facta
1276 1656 1377 1700 est.
1421 1647 1542 1701 Haec
1567 1648 1771 1702 scilicet
1806 1649 1880 1702 illi
1924 1649 2150 1717 jubente

579 1732 912 1799 Apollinario
941 1779 955 1802 ,
1013 1737 1103 1806 qui
1139 1738 1421 1794 Athanasii
1472 1741 1698 1810 gratiam
1751 1749 1807 1794 et
1853 1740 2147 1794 amicitiam

580 1823 892 1893 affectabat,
925 1828 1151 1896 professi
1200 1839 1345 1884 sunt.
1385 1829 1582 1885 Verum
1620 1829 1769 1886 val‘re
1803 1845 1866 1885 ac
1904 1831 2143 1886 subdole.

579 1913 763 1984 Neque
790 1919 931 1971 enim
962 1934 1022 1972 ea
1049 1935 1301 1987 germana
1335 1931 1450 1974 erat
1498 1921 1815 1990 Apollinarii
1851 1924 2144 1977 sententia.

577 2007 636 2062 l'n
665 2009 891 2077 epistola
919 2009 1062 2064 enim
1092 2025 1189 2065 sua
1212 2011 1276 2065 ad
1309 2011 1499 2067 Patres
1529 2012 1964 2068 Dioctesariensis
1995 2029 2148 2085 syno-

575 2099 654 2163 di,
679 2108 871 2155 caetera
901 2101 1119 2171 quidem
1150 2111 1206 2155 ut
1232 2119 1261 2157 a
1303 2105 1581 2160 moaazhis
1604 2104 1942 2159 Alexandriae
1989 2106 2147 2160 allata

575 2189 792 2244 fuerant
844 2190 1147 2260 profitetur,
1198 2192 1384 2261 adjicit
1450 2203 1630 2250 tamen
1693 2196 1864 2263 ipsum
1914 2195 2146 2250 Verbum

573 2294 792 2334 carnem
819 2295 938 2336 esse
969 2281 1195 2350 factum,
1243 2298 1345 2337 non
1374 2295 1649 2354 assumpta
1677 2293 1855 2340 mente
1887 2285 2145 2350 humana,

576 2379 754 2425 mente
776 2371 1043 2439 mutabili,
1064 2389 1184 2442 quae
1217 2374 1464 2443 turpibus
1489 2374 1907 2443 cogitationibus
1933 2376 2146 2443 captiva

575 2460 811 2528 ducitur,
850 2465 942 2518 sed
981 2465 1158 2519 divina
1203 2476 1384 2519 mente
1440 2466 1762 2521 immutabili
1814 2475 1868 2520 et
1913 2468 2146 2522 cmlesti.

574 2551 631 2605 In
679 2553 883 2623 synodo
911 2554 1077 2624 igitur
1108 2555 1473 2611 Alexandrina
1505 2558 1817 2627 Apollinarii
1850 2559 2094 2612 doctrina
2129 2600 2144 2626 ,

575 2648 635 2694 ut
678 2657 707 2695 a
738 2645 1017 2700 monachis
1061 2648 1301 2716 exposita
1334 2658 1438 2713 est,
1476 2659 1658 2716 utpote
1699 2650 1975 2705 Catholica
1999 2692 2014 2718 ,
2048 2652 2144 2706 ad-

575 2733 740 2788 missa
793 2733 913 2789 fuit.
952 2735 1018 2789 Et
1070 2751 1199 2791 vero
1249 2739 1373 2792 licet
1410 2741 1739 2794 Athanasius
1787 2743 1928 2795 haud
1981 2743 2146 2797 semel

574 2833 758 2893 postea
812 2827 865 2881 in
923 2827 1436 2897 Apollinaristarum
1483 2847 1694 2887 errores
1746 2834 1990 2889 invectus
2035 2835 2142 2900 sit,

576 2925 850 2982 nunquam
911 2924 1090 2971 tamen
1145 2919 1538 2988 Apollinarium
1595 2923 1768 2993 ipsum
1826 2926 2143 2980 nominatim

573 3014 659 3059 est
701 3005 921 3060 adortus
951 3021 967 3059 :
1001 3009 1258 3078 quoniam
1294 3012 1588 3078 videlicet,
1621 3024 1679 3067 ut
1713 3014 1928 3083 quidem
1958 3019 2145 3087 opina-

573 3110 714 3163 mur,
766 3099 890 3152 dum
925 3099 1064 3154 vixit
1108 3101 1478 3173 Athanasius,
1513 3105 1880 3173 Apollinarius
1931 3109 2144 3164 occulte

2252 645 2330 696 ris
2377 639 2725 696 Alexandrini
2779 638 2968 692 Patres
3013 637 3534 707 pacisconciliandae
3571 649 3828 695 auctores

2250 741 2419 787 erant.
2482 730 2764 801 Rogabant
2823 739 2881 784 ut
2939 730 3172 784 liberum
3238 728 3565 799 facilemque
3619 730 3827 785 aditum

2249 829 2551 898 praeberent
2576 825 2640 880 iis
2677 824 2763 894 qui
2814 838 2999 878 secum
3041 824 3290 894 conjungi
3325 841 3386 879 ac
3413 827 3828 881 communicare

2249 927 2529 990 cuperent,
2590 916 2715 970 dum
2783 918 3043 970 Arianam
3086 916 3409 971 damnarent
3465 918 3823 986 impietatem,

2250 1011 2590 1076 maximeque
2627 1007 2866 1060 omnium
2899 1006 2984 1069 iis,
3019 1006 3108 1074 qui
3171 1007 3222 1060 in
3285 1006 3456 1061 veteri
3517 1016 3828 1062 conventus

2251 1108 2492 1170 agerent,
2536 1098 2742 1153 scilicet
2796 1097 3118 1151 Meletianis.
3161 1096 3367 1150 Exinde
3401 1113 3530 1152 vero
3589 1112 3678 1151 res
3709 1113 3737 1150 a
3769 1111 3829 1152 se

2252 1191 2304 1246 in
2360 1191 2564 1260 synodo
2610 1197 2792 1257 gestas
2842 1197 3123 1250 enarrant,
3159 1201 3267 1256 quo
3305 1186 3474 1242 ferme
3502 1187 3699 1243 ordine
3729 1203 3830 1242 nos

2254 1283 2637 1336 recensuintus.
2691 1279 2824 1333 Huic
2869 1279 3112 1347 epistola:
3161 1278 3530 1346 subscripsere
3563 1279 3827 1347 prmsules

2253 1389 2439 1428 omnes
2464 1373 2833 1437 Alexandrini,
2854 1387 3150 1441 eorumque
3167 1371 3597 1439 subscriptiones
3628 1372 3826 1425 etiam-

2254 1481 2380 1517 num
2437 1472 2676 1519 exstant.
2715 1463 2805 1516 Ait
2837 1477 2999 1532 porro
3037 1461 3291 1517 Socrates
3321 1460 3398 1531 (a)
3434 1460 3826 1523 Athanasium,

2251 1555 2390 1624 quod
2425 1556 2559 1626 fuga:
2589 1569 2652 1608 ac
2685 1569 2935 1610 secessus
2992 1568 3153 1608 causa
3204 1552 3550 1606 insimulatus
3608 1552 3827 1612 fuisset,

2250 1648 2545 1717 apologiam
2579 1649 2646 1702 de
2685 1645 2807 1716 fuga
2841 1661 2936 1700 sua
2973 1645 3023 1699 in
3056 1647 3262 1714 synodo
3298 1645 3510 1711 legisse.

2321 1741 2409 1795 13.
2442 1739 2654 1808 Lucifer
2705 1738 2920 1794 Paulini
2965 1739 3289 1807 promotione
3337 1753 3416 1789 res
3473 1735 3831 1789 Antiochenas

2250 1833 2554 1901 labefactat.
2586 1859 2656 1872 --
2691 1831 2823 1886 Cum
2862 1829 3165 1899 hujusmodi
3202 1829 3397 1884 litteris
3436 1829 3668 1897 profecti
3725 1829 3833 1882 Eu-

2250 1923 2430 1977 sebius
2468 1931 2522 1976 et
2569 1921 2836 1984 Asterius,
2870 1935 2956 1975 res
3003 1921 3372 1974 Antiochenas
3404 1919 3830 1988 deprehendunt

2251 2023 2582 2084 praepostera
2658 2012 2892 2068 Luciferi
2965 2011 3311 2066 festinatione
3381 2010 3675 2064 labefactas
3726 2011 3828 2079 (ὁ).

2249 2105 2299 2161 ls
2336 2107 2481 2161 enim
2541 2104 2822 2160 Paulinum
2881 2103 3274 2159 Antiochenum
3333 2103 3706 2156 Eustathianis
3739 2116 3830 2156 ro-

2249 2197 2502 2265 gantibus
2534 2197 2817 2251 ordinarat
2858 2195 3192 2264 episcopum.
3228 2193 3454 2250 Factum
3492 2193 3831 2261 improbavit

2249 2287 2514 2342 Eusebius
2553 2287 2931 2352 Vercellensis,
2962 2297 3018 2342 et
3047 2285 3226 2341 caeteri
3252 2285 3446 2354 quibus
3495 2301 3605 2354 pax
3640 2284 3831 2338 Eccle-

2246 2377 2452 2431 siarum
2503 2377 2674 2431 cordi.
2717 2378 2830 2443 Qua
2858 2376 3003 2430 enim
3038 2377 3089 2430 in
3133 2376 3264 2431 urbe
3290 2375 3400 2445 jam
3448 2375 3554 2428 duo
3579 2375 3826 2443 episcopi

2245 2479 2424 2536 erant,
2483 2483 2710 2539 quorum
2765 2468 2902 2523 alter
2953 2468 3260 2532 haereticus,
3305 2467 3623 2521 Catholicus
3689 2466 3832 2520 alter

2245 2571 2409 2625 esset,
2452 2562 2505 2614 in
2536 2561 2723 2616 eadem
2753 2575 2949 2614 novum
2974 2574 3038 2614 ex
3080 2557 3375 2613 Catholicis
3402 2557 3662 2628 deligere,
3695 2558 3828 2625 quid

2249 2651 2302 2704 id
2334 2653 2450 2704 erat
2488 2648 2659 2713 aliud,
2693 2663 2853 2717 quam
2883 2646 3072 2702 aeterni
3104 2661 3268 2714 prope
3305 2646 3510 2700 dissidii
3544 2655 3828 2700 auctorem

2245 2743 2396 2796 esse?
2427 2741 2490 2794 Et
2510 2755 2640 2795 sane
2676 2740 2858 2794 multis
2883 2749 3002 2807 post
3032 2739 3189 2792 annis
3215 2738 3484 2792 discordia
3515 2739 3826 2804 huiusmodi

2246 2833 2634 2902 perseveravit.
2691 2831 2760 2885 At
2826 2829 3091 2886 obdurato
3149 2827 3365 2884 Lucifer
3439 2829 3830 2898 obstinatoque

2245 2925 2449 2990 animo,
2483 2923 2550 2978 iis
2587 2925 2807 2993 insuper
2843 2924 2931 2993 qui
2961 2923 3092 2992 lapsi
3122 2922 3346 2978 fuissent
3372 2922 3437 2975 ad
3477 2923 3826 2976 communio-

2247 3029 2367 3068 nem
2399 3012 2656 3069 Ecclesia:
2693 3014 2896 3068 aditum
2949 3015 3200 3082 negabat.
3235 3014 3364 3080 Quae
3397 3029 3562 3068 causa
3619 3013 3726 3067 fuit
3763 3023 3824 3067 ut

2247 3107 2300 3160 in
2325 3107 2614 3174 proborum
2645 3105 2958 3175 prtesulum,
2982 3106 3073 3175 qui
3108 3106 3312 3160 leniore
3349 3121 3410 3160 ac
3443 3105 3818 3161 moderatiore

572 3200 794 3258 serpens
817 3231 833 3256 ,
883 3207 1102 3248 errores
1156 3198 1443 3264 spargebat
1499 3198 1716 3266 quidem
1770 3211 2033 3268 quantum
2090 3202 2140 3255 in
2171 3215 2215 3277 ρ
2246 3205 2402 3250 erant
2433 3204 2634 3260 mente,
2663 3195 2920 3250 offensam
2946 3196 3456 3265 incurreret.Atque
3487 3196 3614 3250 hinc
3642 3207 3825 3250 ortum

573 3279 687 3347 ipso
739 3281 900 3336 situm
932 3282 1033 3337 fuit
1057 3324 1072 3350 ,
1107 3285 1246 3353 apud
1297 3287 1652 3343 Athanasium
1687 3300 1870 3344 autem
1905 3291 2143 3345 Catholi-

570 3385 647 3424 ca:
701 3380 757 3425 et
801 3373 1028 3429 sincerae
1082 3374 1206 3432 fidei
1257 3379 1499 3432 studium
1555 3380 1973 3436 ementiebatur.
2027 3382 2144 3449 Quo

571 3458 870 3525 defuncto,
920 3462 1096 3530 palam
1149 3466 1460 3534 apertisque
1510 3468 1690 3523 verbis
1741 3469 1793 3523 in
1853 3469 1968 3538 ipsa
2020 3471 2143 3526 Dio-

571 3548 882 3605 caesariensi
924 3552 1134 3622 synodo
1163 3553 1314 3609 virus
1346 3555 1618 3612 htcreseos
1666 3571 1761 3613 ore
1811 3556 1980 3626 impio
2025 3573 2144 3614 evo-

571 3640 725 3693 muit.
1116 3647 1130 3660 '

641 3732 729 3786 12.
761 3731 836 3788 De
866 3733 1018 3789 rebus
1058 3736 1418 3796 Antiocltenis.
1442 3768 1509 3780 -—
1541 3739 1616 3796 De
1672 3741 1833 3797 rebus
1877 3742 2006 3797 item
2039 3745 2143 3799 An-

571 3824 834 3880 tiochenze
868 3827 1124 3883 Ecclesia:
1154 3834 1541 3900 cotnpOuendis
1576 3844 1760 3889 actum
1794 3835 2141 3891 Alexandria:

569 3914 693 3968 fuit.
731 3913 787 3969 ln
818 3931 881 3970 ea
923 3919 1122 3988 quippe
1143 3920 1364 3976 civitate
1391 3932 1539 3978 tanta
1569 3925 1649 3980 vis
1679 3925 1889 3980 dissidii
1923 3937 1980 3981 et
2005 3943 2141 3982 con-

569 4006 826 4062 tentionis
851 4009 1189 4077 obtinuerat,
1233 4024 1290 4068 ut
1325 4029 1429 4069 non
1467 4015 1534 4071 ab
1567 4016 1787 4072 Arianis
1830 4019 2014 4084 modo,
2045 4022 2140 4074 sed

569 4096 712 4152 inter
769 4112 888 4155 sese
941 4102 1206 4159 Catholici
1244 4107 1501 4177 disjuncti
1545 4119 1751 4176 essent,
1811 4125 1912 4166 nec
1949 4121 2138 4166 mutua

566 4190 966 4246 communionis
1020 4197 1281 4251 societate
1351 4199 1694 4266 fruerentur;
1755 4203 1874 4258 aliis
1925 4202 2139 4259 Meletio

565 4279 799 4348 praesule
830 4283 1113 4339 ecclesiam
1160 4289 1214 4341 in
1257 4289 1429 4344 veteri
1480 4292 1612 4345 urbe
1639 4291 1818 4358 sitam,
1851 4293 1974 4349 aliis
1994 4294 2137 4349 Pau-

565 4369 676 4425 lino
726 4373 1041 4445 presbytero
1084 4387 1296 4434 rectore
1331 4380 1496 4435 aliam
1545 4383 1596 4436 in
1631 4383 1764 4438 urbe
1794 4399 1929 4439 nova
1975 4399 2139 4441 occu-

561 4461 838 4530 pantibus.
865 4465 1275 4535 Optatissimum
1315 4470 1568 4527 Patribus
1595 4484 1734 4539 erat,
1761 4484 1822 4529 ut
1848 4491 1954 4531 non
1976 4477 2140 4532 modo

2245 3284 2481 3338 schisma
2509 3283 2932 3340 Lucifer-ianum.
2963 3283 3073 3340 Nec
3113 3287 3644 3355 prtetermittendum
3699 3287 3828 3341 l‘hi-

2246 3378 2421 3432 Ionem
2477 3376 2784 3446 episcopum
2839 3376 3173 3447 Egyptium,
3203 3378 3292 3447 qui
3324 3379 3391 3431 ab
3431 3378 3652 3432 Arianis
3681 3393 3827 3432 verre

2247 3468 2369 3522 fidei
2393 3481 2556 3522 causa
2590 3467 2918 3539 Babylonem
2950 3469 3004 3523 in
3035 3467 3270 3539 Egypto
3312 3468 3583 3539 relegatus
3620 3468 3822 3534 fuerat,

2245 3557 2483 3614 Luciferi
2522 3560 2848 3615 sententiam
2902 3560 2954 3614 in
3007 3560 3316 3630 deneganda
3366 3561 3530 3627 lapsis
3577 3577 3828 3616 commu-

2245 3651 2406 3704 nione
2455 3660 2721 3718 secutum,
2769 3650 2835 3704 ad
2893 3650 3312 3705 Alexandrinam
3377 3655 3647 3722 synodum
3709 3670 3817 3708 non

2244 3743 2583 3808 convenisse,
2617 3742 2763 3811 quod
2793 3741 3037 3806 Patrum,
3089 3751 3145 3796 ut
3193 3751 3430 3811 putatur,
3467 3757 3596 3814 erga
3637 3745 3823 3814 lapsos

2245 3829 2544 3895 lenitatem,
2569 3847 2729 3900 quam
2761 3832 2996 3887 futuram
3047 3833 3424 3902 prospiciebat,
3459 3833 3822 3903 improbaret.

2241 3918 2372 3986 Quae
2426 3921 2554 3975 item
2591 3935 2753 3976 causa
2790 3923 2956 3977 fuisse
3007 3923 3237 3991 videtur,
3279 3926 3418 3994 quod
3451 3924 3696 3992 Lucifer,
3736 3943 3828 3979 ro-

2243 4019 2402 4080 gante
2441 4011 2566 4064 licet
2614 4010 2846 4067 Eusebio
2901 4011 3075 4067 exsilii
3106 4013 3270 4079 socio,
3303 4012 3688 4068 Alexandriam
3721 4017 3828 4071 iter

2241 4105 2443 4159 habere
2475 4103 2725 4158 noluerit.

2314 4195 2401 4250 H.
2420 4196 2741 4250 Athanasius
2761 4205 2960 4265 partem
2995 4195 3337 4265 reliquiarum
3382 4197 3553 4250 sancti
3590 4197 3824 4252 Joannis

2244 4285 2496 4355 Baptista:
2522 4289 2721 4358 recipit.
2755 4319 2824 4330 —
2861 4289 2993 4342 Dum
3025 4299 3146 4358 post
3200 4289 3430 4342 reditum
3480 4289 3827 4345 Athanasius

2239 4379 2578 4435 Alexandriae
2622 4380 2948 4446 consideret,
2975 4390 3182 4450 partem
3239 4380 3590 4448 reliquiarum
3641 4383 3822 4437 sancti

2241 4468 2466 4524 Joannis
2490 4469 2743 4539 Baptista:
2769 4470 2835 4524 ad
2870 4485 2929 4526 se
2959 4470 3329 4525 transmissam
3359 4472 3590 4538 accepit.
3631 4489 3650 4522 ι
3685 4471 3825 4527 Nam

561 4551 960 4612 Catliolicorum
991 4559 1094 4614 illa:
1127 4560 1387 4619 factiones
1409 4564 1461 4618 in
1491 4580 1657 4620 unum
1691 4566 1919 4631 coirent,
1951 4581 2138 4622 verum

2246 4559 2441 4615 Iuliani
2473 4561 2807 4629 temporibus
2828 4602 2844 4628 ,
2877 4561 2950 4614 ait
2986 4560 3213 4616 Ruﬁnus
3245 4559 3339 4632 (c),
3371 4559 3517 4615 velut
3554 4562 3823 4617 relaxatis

561 4644 723 4698 etiam
759 4647 802 4702 si
834 4649 924 4718 qui
955 4664 1019 4704 ex
1071 4651 1286 4708 Arianis
1324 4655 1392 4710 ad
1438 4669 1622 4711 veram
1673 4655 1832 4712 fidem
1879 4657 2137 4713 accedere

561 4734 781 4803 vellent,
805 4740 872 4794 iis
901 4739 1078 4796 facilis
1096 4754 1304 4812 pateret
1342 4747 1541 4814 aditus,
1573 4747 1701 4801 dum
1724 4748 1980 4803 Arianam
2009 4764 2134 4818 pro-

563 4827 880 4897 scriberent,
908 4830 1181 4888 Nictzenam
1212 4837 1656 4905 amplexarentur
1703 4839 1883 4892 fidem.
1922 4839 2129 4906 Quant-

563 4921 748 4975 obrem
783 4922 917 4978 duos
943 4939 1008 4979 ex
1047 4926 1336 4995 episcopis,
1360 4928 1450 4993 qui
1502 4927 1884 4984 Alexandrina:
1921 4933 2131 5000 synodo

563 5013 885 5079 intererant,
915 5031 1035 5070 cum
1073 5026 1217 5070 tomo
1247 5032 1339 5072 seu
1362 5020 1606 5088 synodali
1632 5019 1858 5089 epistola
1887 5019 2135 5090 legarunt

563 5101 930 5167 Antiochiam,
972 5107 1066 5174 qui
1109 5120 1290 5174 pacem
1347 5109 1487 5162 inter
1517 5108 1842 5165 dissidentes
1871 5110 2132 5165 concilia-

567 5204 707 5248 rent.
735 5192 996 5264 Quodque
1018 5195 1257 5252 insolens
1283 5207 1337 5253 et
1369 5197 1598 5255 fortasse
1625 5201 1887 5256 hactenus
1919 5201 2132 5255 inaudi-

564 5293 700 5350 tum,
743 5301 847 5340 non
876 5289 943 5341 ad
974 5301 1067 5344 eos
1094 5297 1322 5357 tantum,
1364 5293 1454 5360 qui
1491 5301 1603 5345 tum
1651 5291 1902 5346 absentes
1950 5293 2134 5346 Antio-

564 5378 700 5432 chite
738 5379 1111 5446 versabantur,
1128 5381 1353 5450 epistula
1391 5392 1695 5450 nuncupata
1719 5391 1823 5445 est,
1852 5382 1944 5435 sed
1970 5381 2131 5435 etiam

565 5469 630 5520 ad
649 5483 745 5522 eos
766 5471 856 5537 qui
885 5469 1182 5536 deferrent,
1210 5480 1370 5541 atque
1406 5473 1549 5526 inter
1574 5472 1847 5526 mittentes
1874 5471 2133 5528 adnume-

565 5571 836 5624 rarentur,
856 5561 955 5615 hac
979 5561 1150 5616 forma
1179 5581 1191 5617 :
1219 5561 1464 5629 Eusebio,
1488 5561 1756 5631 Lucifero,
1779 5564 2007 5628 Asteria,
2028 5574 2132 5620 etc.

638 5759 712 5892 (ηέ
744 5759 866 5844 Lib.
899 5776 980 5823 ιιι,
1013 5777 1133 5842 cap.
1168 5763 1221 5815 8.

638 5832 687 5892 to
748 5830 957 5884 Socrat.
992 5833 1084 5886 lib.
1119 5847 1200 5892 nt,

636 5830 710 5894 (ὁ)
748 5830 957 5884 Socrat.
992 5830 1090 5886 lib.
1119 5847 1200 5899 ιιι,
1238 5846 1356 5902 cap.
1391 5832 1454 5899 9;
1489 5831 1706 5889 Sozam.
1754 5834 1846 5890 lib.
1893 5850 1964 5908 v,_
1991 5848 2109 5904 cap.

2243 4651 2414 4706 frenis
2442 4650 2691 4706 efferbuit
2726 4652 2777 4706 in
2809 4667 3024 4707 omnem
3067 4653 3325 4707 saevitiam
3360 4652 3545 4708 feritas
3576 4669 3822 4724 paganos

2242 4761 2384 4800 rum.
2424 4745 2498 4799 Ex
2538 4759 2643 4814 quo
2669 4745 2893 4809 accidit,
2942 4756 2994 4798 ut
3022 4746 3161 4816 apud
3193 4746 3478 4815 Sebasten,
3511 4747 3824 4803 PalteStinte

2241 4839 2455 4901 urbem,
2489 4837 2794 4906 sepulcrum
2831 4836 3054 4893 Joannis
3083 4837 3336 4908 Baptistae
3365 4848 3546 4894 mente
3601 4840 3821 4895 turbida

2241 4937 2294 4982 et
2320 4927 2550 4984 funestis
2592 4929 2843 4984 manibus
2873 4928 3214 4994 invaderent,
3246 4944 3368 4985 ossa
3407 4930 3822 4999 dispergerent,

2241 5029 2402 5089 atque
2450 5032 2513 5072 ea
2569 5034 2756 5074 rursus
2807 5019 3038 5075 collecta
3070 5021 3194 5092 igne
3233 5030 3564 5088 cremarent,
3593 5034 3822 5077 sanctos

2242 5112 2450 5165 cineres
2485 5110 2692 5178 pulveri
2719 5111 2984 5166 immistos
3011 5126 3111 5180 per
3155 5126 3315 5182 agros
3347 5121 3401 5166 et
3432 5127 3559 5167 rura
3600 5113 3820 5182 disper-

2241 5212 2448 5273 gerent.
2486 5201 2592 5256 Sed
2645 5202 2740 5258 Dei
2789 5202 3132 5273 providentia
3179 5203 3378 5258 factum
3402 5213 3510 5270 est,
3542 5207 3822 5275 quosdam

2242 5296 2308 5350 de
2335 5293 2687 5364 Jerosolymis
2708 5311 2776 5350 ex
2806 5298 3140 5354 monasterio
3158 5295 3385 5366 Philippi
3422 5298 3662 5352 hominis
3697 5298 3823 5362 Dei,

2239 5385 2500 5442 orationis
2527 5386 2653 5442 illuc
2683 5402 2845 5443 causa
2900 5404 2998 5457 per
3032 5389 3173 5443 idem
3207 5400 3419 5458 tempus
3445 5389 3685 5444 venisse.
3716 5390 3821 5454 Qui

2241 5492 2364 5533 cum
2400 5486 2610 5532 tantum
2663 5479 2815 5533 nefas
2864 5479 3117 5534 humanis
3149 5479 3366 5548 quidem
3412 5480 3687 5545 manibus,
3719 5481 3824 5533 sed

2241 5565 2417 5622 ferina
2450 5576 2633 5623 mente
2669 5566 2786 5621 fieri
2821 5566 3086 5636 viderent,
3126 5568 3261 5623 mori
3291 5567 3504 5638 gratius
3551 5565 3825 5622 habentes

2242 5764 2340 5830 l5;
2376 5764 2579 5838 Theod.
2616 5765 2711 5819 lib.
2746 5783 2828 5826 ιιι.
2866 5783 2986 5838 cap.
3025 5769 3078 5822 5.

2297 5839 2368 5906 (ε)
2400 5835 2517 5892 Lib.
2551 5853 2608 5906 ιι,
2651 5853 2771 5908 cap.
2799 5839 2893 5892 28.
