4038 6516
1467 450 1628 506 γιΤΑ
1667 451 1727 506 S.
1771 450 2166 504 ATIlANASll.

3266 463 3442 506 CXLVII

212 592 346 647 quam
392 572 712 641 huiusmodi
759 569 968 642 piaculo
1018 568 1300 632 funestari,
1338 567 1483 623 inter
1533 581 1627 622 eos
1676 566 1766 637 qui
1799 571 1843 628 Α
1873 566 2177 634 simumque
2232 564 2330 618 sibi
2391 561 2745 618 Athanasium
2796 564 2846 617 in
2903 579 3038 632 pace
3100 563 3445 620 Alexandriae

212 682 311 722 ossa
363 665 424 718 ad
473 665 835 718 exurendum
887 661 1131 730 legebant
1183 660 1350 725 misti,
1385 659 1690 726 diligentius
1725 660 1778 713 in

213 767 440 826 quantum
479 769 570 808 res
607 753 951 822 patiebatur,
983 767 1045 806 ac
1080 751 1388 821 religiosius
1445 765 1780 820 congregan-

213 859 294 912 tes,
333 847 512 899 furtim
571 859 636 898 se
719 845 808 899 vel
858 843 1191 913 stupentibus
1253 841 1338 896 vel
1388 842 1778 895 insanientibus

215 945 518 1002 pertraxere,
560 941 617 987 et
682 933 754 986 ad
819 931 1130 1000 religiosum
1187 930 1407 983 Patrem
1467 928 1773 998 Philippum

213 1023 516 1076 venerandas
545 1022 824 1090 reliquias
853 1021 1139 1090 pertulere.
1174 1019 1267 1073 llle
1298 1034 1457 1086 supra
1492 1035 1549 1072 se
1573 1020 1774 1073 ducens

214 1127 390 1168 ιειιιιιιιιι
451 1114 785 1168 thesaurum
843 1113 1074 1182 propriis
1131 1124 1355 1166 servare
1418 1111 1633 1180 vigiliis,
1708 1111 1773 1164 ad

213 1206 494 1273 pontificem
555 1205 872 1257 maximum
913 1212 1036 1255 tunc
1070 1201 1424 1256 Athanasium
1455 1201 1647 1256 hostiae
1674 1202 1774 1255 im-

213 1290 460 1346 maculatae
503 1291 780 1358 reliquias
820 1305 917 1359 per
947 1288 1222 1344 Julianum
1256 1290 1542 1343 diaconum
1593 1303 1768 1353 suum,

213 1391 306 1449 post
322 1382 479 1434 etiam
514 1380 839 1435 Palaestina:
871 1380 1020 1433 urbis
1048 1379 1382 1448 episcopum,
1420 1379 1604 1432 mittit.
1626 1379 1771 1445 Quas

213 1472 280 1525 ille
306 1481 613 1540 susceptas,
649 1471 851 1541 paucis
894 1470 1136 1532 arbitris,
1171 1470 1270 1523 sub
1319 1479 1510 1523 cavato
1545 1470 1770 1523 sacrarii

211 1563 386 1630 pariete
409 1561 685 1627 inclusas,
721 1561 1042 1630 prophetico
1067 1559 1257 1628 spiritu
1281 1559 1590 1629 profuturas
1613 1575 1772 1629 gene-

212 1653 372 1706 r.:tioni
405 1663 650 1721 postera;
685 1651 1040 1706 conservavit
1069 1665 1083 1702 :
1113 1651 1308 1719 quibus
1341 1666 1502 1714 nunc,
1535 1649 1764 1718 dejectis

210 1756 251 1798 et
269 1745 519 1812 postratis
547 1745 887 1798 idololatria:
915 1744 1173 1813 vestigiis,
1197 1745 1246 1796 in
1274 1743 1477 1796 aedibus
1500 1743 1770 1810 quondam

209 1836 420 1904 profanis
451 1852 625 1890 aurea
662 1845 812 1890 tecta
858 1844 1267 1904 consurgerent.
1295 1853 1312 1886 ι
1354 1834 1477 1888 Ηιιξο
1516 1834 1766 1889 Rufinus.

1880 653 2178 707 consistere
2206 653 2412 716 liceret,
2442 651 2790 718 prolixiorem
2831 652 2918 706 ille
2960 655 3030 707 ad
3068 654 3285 708 eosdem
3317 656 3447 708 Ale-

1878 745 2177 798 xandrinos
2200 744 2348 797 dedit
2390 742 2704 811 epistolam,
2732 742 2980 798 futilibus
3019 744 3176 800 dictis
3215 756 3269 799 et
3294 747 3442 802 face-

1876 835 1968 888 tiis
2005 833 2397 902 plenissimam,
2432 849 2535 901 qua
2573 833 2793 888 deorum
2841 835 3054 888 turbam
3086 835 3331 891 laudibus
3358 851 3449 892 ce-

1875 923 2119 990 lebrans,
2174 925 2227 978 in
2282 923 2536 978 Galilaeos
2577 923 2886 990 invehitur;
2953 925 3142 992 pudori
3200 940 3318 980 esse
3361 928 3444 979 in-

1875 1017 2087 1084 quiens,
2118 1014 2164 1067 si
2191 1014 2275 1067 vel
2308 1031 2445 1070 unus
2474 1030 2661 1070 eorum
2692 1029 2751 1070 se
2779 1013 3062 1070 Galilteum
3093 1029 3216 1070 esse
3274 1018 3440 1070 l'atea-

1875 1118 1983 1163 tur.
2022 1125 2038 1158 t
2068 1107 2170 1162 Vos
2199 1108 2378 1178 igitur,
2410 1108 2484 1161 ait
2517 1105 2619 1178 (ά),
2650 1108 2692 1161 si
2724 1108 2960 1162 monenti
2994 1108 3123 1161 mihi
3166 1107 3446 1175 obtempe-

1875 1214 1995 1254 rare
2020 1199 2202 1263 vultis,
2234 1199 2490 1268 majorem
2519 1200 2768 1254 lmtitiam
2814 1199 3060 1254 alferetis
3095 1217 3108 1250 :
3145 1200 3228 1253 sin
3271 1198 3357 1252 illa
3393 1199 3448 1253 in

1873 1289 2250 1359 superstitione
2280 1297 2335 1342 et
2356 1288 2632 1343 vafrorum
2662 1289 2938 1344 hominum
2965 1289 3300 1342 institutione
3325 1303 3447 1355 per-

1874 1395 2122 1435 severare
2163 1379 2451 1445 mavultis,
2489 1388 2544 1434 at
2599 1390 2837 1434 mutuam
2903 1381 3042 1435 inter
3074 1394 3167 1433 vos
3218 1395 3447 1434 concor-

1877 1472 2017 1525 diam
2054 1471 2302 1536 retinete,
2348 1485 2522 1540 neque
2560 1472 2917 1525 Athanasium
2951 1472 3274 1526 desiderate.
3314 1472 3450 1524 Sunt

1875 1561 2021 1614 enim
2046 1575 2111 1615 ex
2145 1561 2262 1630 ejus
2300 1560 2581 1628 discipulis
2618 1559 2806 1628 utique
2837 1560 3162 1627 complures,
3199 1560 3288 1627 qui
3324 1574 3449 1627 pru-

1874 1653 2136 1706 rientibus
2199 1667 2263 1707 ac
2314 1653 2661 1708 sermonibus
2725 1651 2908 1721 impiis
2967 1650 3171 1718 expleri
3223 1652 3447 1719 cupien.

1875 1744 2021 1799 tibus
2058 1744 2276 1798 auribus
2320 1745 2515 1799 vestris
2573 1744 2773 1797 faciant
2827 1743 2981 1797 satis.
3038 1741 3252 1798 Utinam
3308 1743 3448 1795 enim

1875 1835 2173 1891 Athanasio
2226 1835 2342 1889 solo
2404 1835 2681 1903 sacrilegae
2738 1835 2908 1898 ipsius
2959 1833 3162 1889 scholae
3223 1832 3452 1887 circum-

262 1926 336 1981 l5.
388 1924 612 1978 Ethnici
681 1925 967 1978 Julianum
1004 1926 1271 1977 concitarat
1315 1925 1366 1977 in
1400 1925 1768 1978 Athanasium.
1804 1919 1847 1980 Β
1879 1924 2085 1993 scripta
2139 1933 2283 1977 esset
2331 1923 2688 1992 improbitas:
2718 1923 2811 1978 sed
2842 1933 2926 1977 est
2966 1923 3017 1976 in
3074 1922 3226 1976 vobis
3261 1923 3448 1992 hujus-

213 2013 426 2077 Epistolaz
473 2013 708 2068 λιιιὶαηὶ
753 2023 938 2066 contra
993 2013 1360 2066 Athanasium.
1393 2045 1462 2055 —
1494 2013 1646 2068 Haud
1671 2014 1776 2068 'diu

210 2106 468 2160 Athanasio
510 2106 686 2160 licuit
741 2103 1086 2158 Alexandria:
1146 2115 1273 2173 post
1318 2105 1546 2158 reditum
1607 2104 1781 2158 consi-

210 2206 338 2249 stere.
391 2196 657 2251 Gentiles
722 2209 962 2264 namque
1023 2209 1134 2250 suae
1193 2195 1468 2248 addictum
1515 2195 1775 2264 impietati

210 2285 559 2353 imperatorem
632 2286 782 2339 nacti
841 2286 943 2353 (α),
992 2293 1406 2353 metuentesque
1458 2283 1623 2338 c’ultui
1681 2301 1777 2338 nu-

210 2377 375 2430 minum
425 2391 698 2442 suorum,
739 2378 836 2446 qui
882 2375 1165 2430 Athanasii
1202 2375 1470 2437 doctrina,
1504 2389 1774 2441 sermone,

209 2467 444 2533 precibus,
479 2466 868 2522 decrescebat
899 2465 952 2519 in
985 2465 1098 2520 dies
1133 2481 1147 2518 :
1174 2465 1321 2520 velut
1356 2474 1526 2519 tetros
1556 2479 1778 2534 serpen-

209 2567 271 2610 ιεε
298 2572 322 2612 ε
347 2559 615 2614 cavernis
652 2571 914 2627 egressos
945 2571 1047 2609 una
1076 2569 1259 2610 secum
1289 2569 1633 2624 assumpsere
1660 2568 1776 2607 ma-

208 2661 296 2717 gis,
325 2652 616 2718 aruspices
669 2657 727 2702 et
790 2660 1051 2716 augures,
1079 2646 1170 2715 qui
1203 2646 1364 2700 simul
1400 2655 1775 2700 contestaren-

207 2751 290 2804 tur,
314 2743 439 2796 nihil
473 2757 509 2798 e
545 2755 616 2795 re
654 2739 989 2808 gentilitatis
1022 2752 1282 2808 prospere
1328 2752 1632 2801 cessurum,
1672 2739 1774 2793 nisi

209 2833 508 2887 Athanasius
528 2832 868 2901 pelleretur.
896 2827 1165 2884 Praeterea
1189 2829 1481 2892 damones,
1513 2829 1587 2881 ait
1609 2827 1780 2883 Theo-

207 2925 388 2980 doretus
424 2927 534 2994 (ὁ),
602 2938 732 2978 cum
776 2921 890 2975 vim
943 2933 1251 2975 sermonum
1300 2920 1778 2988 prccationumqne

205 3017 453 3071 Athanasii
519 3014 674 3070 ferre
729 3028 842 3068 non
910 3020 1148 3082 possent,
1199 3010 1480 3064 ministros
1537 3024 1666 3064 suos
1708 3010 1774 3063 ad

205 3106 464 3163 maledicta
501 3108 558 3161 in
588 3121 715 3161 eum
751 3103 1100 3172 congerenda
1143 3102 1458 3165 incitarunt,
1504 3117 1565 3154 ac
1596 3101 1777 3155 nmltis

204 3203 553 3268 exposcebant
585 3196 879 3252 exturbari
934 3194 1318 3260 Athanasium;
1359 3193 1771 3263 addebantque:

205 3289 246 3344 Si
273 3290 617 3345 Athanasius
648 3285 1010 3349 remanserit,
1041 3285 1221 3340 nullus
1258 3286 1528 3354 supererit
1555 3286 1775 3338 deorum

205 3386 366 3448 cultor,
407 3392 660 3438 cunctos
713 3381 865 3434 enim
925 3378 1013 3432 ille
1066 3379 1131 3432 ad
1180 3393 1304 3431 suas
1349 3388 1529 3446 partes
1559 3377 1775 3430 alliciet.

206 3472 391 3532 Litteris
421 3487 568 3543 ergo
595 3470 808 3526 ethnici
834 3469 904 3522 ad
933 3470 1309 3536 imperatorem
1333 3467 1513 3520 missis
1541 3475 1776 3531 monent,

205 3566 544 3621 Athanasium
605 3570 924 3617 conventus
986 3559 1039 3612 in
1093 3557 1327 3613 ecclesia
1380 3571 1559 3625 agere,
1613 3557 1780 3612 libere

202 3657 430 3724 populum
468 3655 696 3715 docere,
728 3649 1043 3717 multosque
1076 3647 1359 3717 gentilium
1414 3647 1504 3702 illo
1548 3662 1778 3701 consua-

204 3764 301 3803 sore
327 3749 672 3806 Christianae
707 3743 840 3798 fidei
877 3755 1074 3796 nomen
1118 3741 1332 3795 dedisse
1361 3778 1375 3802 ,
1423 3737 1630 3792 nobiles
1666 3752 1781 3790 ma-

206 3850 364 3895 tronas
382 3816 643 3908 ejusdem
663 3833 793 3887 ﬁdei
833 3829 1154 3884 rudimentis
1196 3829 1428 3882 imbutas
1462 3826 1781 3894 baptismate

203 3933 436 3986 donatas.
481 3928 566 3982 Re
595 3933 884 3994 comperta
918 3920 1165 3975 Julianus
1213 3919 1416 3973 factum
1463 3917 1781 3986 perindigne

207 4024 324 4088 tulit,
380 4037 448 4076 ac
511 4015 840 4086 huiusmodi
896 4013 1104 4067 litteras
1154 4011 1301 4065 dedit
1355 4011 1420 4063 ad
1471 4008 1784 4062 Alexandri-

206 4131 286 4169 nos
312 4116 408 4186 (τ).
443 4132 464 4166 r
493 4110 744 4180 Equum
778 4113 903 4159 erat
933 4117 1076 4168 eum,
1113 4103 1202 4172 qui
1227 4100 1567 4169 imperatoris
1589 4098 1782 4154 ediCtis

206 4185 565 4272 compluribus
596 4199 812 4265 ejectus
843 4191 1045 4256 fuerat,
1072 4204 1236 4243 unum
1267 4188 1460 4241 saltem
1493 4185 1783 4253 imperatu-

205 4297 266 4348 ris
290 4296 524 4349 edictum
565 4284 878 4360 praestolari
917 4284 984 4336 ad
1019 4279 1361 4350 repetendam
1393 4278 1605 4329 domum
1635 4291 1648 4328 :
1684 4288 1783 4330 nec

206 4387 446 4458 singulari
481 4383 804 4439 temeritate
830 4387 991 4444 atque
1015 4373 1247 4427 amentia
1285 4370 1492 4438 legibus
1527 4378 1780 4437 tanquam

206 4494 411 4547 prorsus
455 4474 754 4534 exstinctis
793 4469 1042 4524 illudere.
1075 4465 1365 4519 Enimvero
1391 4476 1488 4515 nos
1532 4461 1672 4514 haud
1705 4459 1778 4513 ita

211 4566 393 4631 pridem
426 4563 672 4620 Galikeis
719 4573 751 4612 a
806 4555 1126 4610 Constantio
1157 4551 1367 4619 ejectis,
1403 4565 1507 4602 non
1552 4550 1780 4602 reditum

211 4658 264 4709 ad
284 4658 558 4718 ecclesias,
589 4652 686 4708 sed
729 4649 804 4703 ad
839 4643 1072 4716 patriam
1103 4645 1296 4710 cuique
1320 4657 1473 4696 suam
1507 4641 1778 4694 concessi-

212 4762 332 4802 mus.
364 4749 541 4802 Audio
581 4738 958 4798 Atbanasium
1015 4737 1290 4790 hominem
1351 4733 1776 4786 audacissimum

212 4841 349 4894 solita
395 4838 626 4892 audacia
661 4834 904 4893 elatum,
935 4829 1291 4898 episcopatus,
1331 4836 1387 4877 ut
1420 4826 1517 4892 ipsi
1563 4833 1775 4888 vocant,

216 4931 368 4986 sedem
403 4941 696 4998 usurpare.
741 4922 879 4989 Quae
914 4933 1002 4974 res
1038 4935 1138 4972 non
1177 4917 1520 4972 mediocriter
1542 4915 1777 4968 Alexan-

221 5020 349 5076 drino
380 5019 578 5091 populo
611 5014 896 5084 diSplicet.
950 5008 1127 5076 Quare
1175 5023 1296 5063 eum
1343 5007 1593 5076 jnbemus
1650 5003 1782 5057 urbe

221 5117 468 5175 excedere,
494 5126 608 5181 quo
640 5109 734 5162 die
765 5101 1124 5158 humanitatis
1155 5109 1354 5152 nostra:
1385 5098 1594 5150 litteras
1628 5107 1783 5148 acce-

223 5205 352 5269 perit.
387 5203 541 5271 Quod
583 5202 630 5255 si
665 5201 723 5252 in
769 5194 906 5249 urbe
965 5192 1307 5253 remanserit,
1354 5190 1508 5254 longe
1550 5185 1784 5254 majores

220 5298 568 5365 gravioresque
629 5302 833 5361 punias
881 5285 928 5338 ei
982 5283 1420 5338 denuntiatnus.s
1453 5278 1788 5332 Christiano-

219 5397 316 5438 rum
365 5403 486 5442 vero
523 5381 821 5454 perampla
885 5376 1190 5438 multitudo,
1239 5389 1358 5427 cum
1396 5372 1588 5424 litteris
1620 5367 1788 5422 Julia-

216 5490 323 5532 uum
351 5487 614 5551 rogasset,
648 5483 711 5528 ut
754 5469 1000 5524 omnium
1031 5467 1173 5519 votis
1211 5465 1504 5533 expetitum
1555 5461 1789 5528 optatis-

271 5657 337 5723 (al
369 5657 588 5710 Socrat.
628 5651 733 5705 lib.
777 5662 839 5711 ιι,
874 5659 990 5713 cap.
1025 5645 1090 5700 15
1136 5652 1192 5696 et
1246 5638 1340 5704 14;
1399 5637 1613 5691 Sozom.
1689 5633 1784 5687 lib.

213 5740 250 5787 ν.
273 5742 382 5794 mp.
419 5728 509 5779 l5.

270 5798 336 5865 (bi
365 5798 478 5865 Lib.
512 5808 599 5857 ιιι,
635 5804 767 5865 cap.
805 5784 860 5865 2.

267 5854 330 5936 {ci
354 5864 558 5920 Julian.
587 5854 772 5931 'epis'i.
811 5854 895 5907 ss.

1880 2015 2021 2071 modi
2057 2029 2162 2068 non
2216 2014 2471 2082 ignobilis
2520 2015 2827 2069 multitudo.
2858 2015 2935 2070 Ac
2974 2014 3172 2070 nullius
3200 2029 3332 2069 sane
3365 2030 3452 2067 nc-

1879 2106 2014 2176 gotii
2071 2119 2158 2159 res
2207 2115 2290 2160 est
2320 2120 2333 2156 :
2365 2120 2486 2158 nam
2541 2106 2849 2174 quicunque
2907 2105 3119 2160 tandem
3177 2119 3208 2159 e
3256 2104 3450 2174 pupulo

1879 2197 2116 2252 delectus
2145 2196 2250 2251 erit
2281 2213 2311 2250 a
2341 2197 2515 2260 vobis,
2542 2197 2686 2265 quod
2703 2196 2768 2250 ad
2788 2197 3193 2265 Scripturarum
3222 2211 3448 2251 enarra-

1882 2289 2079 2341 tionem
2113 2288 2366 2356 pertinet,
2399 2288 2567 2342 nihilo
2615 2299 2697 2342 est
2752 2303 2818 2343 eo
2865 2288 2955 2356 qui
2993 2297 3209 2358 optatur
3235 2303 3264 2340 a
3298 2287 3450 2341 vobis

1877 2378 2133 2433 deterior.
2170 2377 2264 2432 Sin
2303 2378 2444 2447 quod
2473 2392 2567 2434 vos
2593 2378 2872 2432 Athanasii
2903 2378 3180 2432 solertiam
3225 2388 3451 2446 empta-

1881 2467 1946 2522 tis
1990 2507 2005 2532 ,
2041 2477 2396 2523 veteratorem
2425 2467 2566 2522 enim
2594 2477 2712 2522 esse
2750 2467 3021 2522 hominem
3045 2467 3224 2532 audio,
3257 2467 3451 2522 scitote

1879 2557 1980 2612 hac
2011 2558 2127 2626 ipsa
2172 2558 2237 2614 de
2286 2573 2453 2613 causa
2491 2559 2625 2613 urbe
2655 2559 2801 2613 illum
2834 2558 3065 2628 ejectum
3103 2555 3289 2611 fuisse.
3322 2556 3451 2612 Ete-

1879 2651 1989 2706 nim
2023 2654 2178 2706 noxia
2217 2668 2312 2722 per
2350 2668 2408 2708 se
2445 2668 2531 2708 res
2558 2663 2664 2717 est,
2696 2653 2779 2706 vir
2815 2653 2992 2720 populi
3035 2652 3344 2722 praefectus,
3385 2669 3449 2706 ac

1877 2757 2056 2797 rerum
2087 2745 2458 2799 novandarum
2484 2744 2731 2814 cupidus.
2765 2743 2918 2810 Quod
2951 2745 2994 2798 si
3021 2759 3087 2798 ne
3122 2744 3204 2798 vir
3236 2744 3451 2814 quidem

1877 2842 1959 2888 est
2009 2833 2117 2898 ille,
2150 2835 2242 2889 sed
2291 2845 2633 2905 contemptus
2686 2836 2995 2900 homuncio,
3063 2835 3237 2904 qualis
3268 2851 3452 2890 revera

1877 2934 1957 2978 est
1989 2926 2279 2993 praeclarus
2313 2926 2400 2980 ille
2432 2928 2536 2993 vir,
2572 2928 2660 2997 qui
2689 2928 2802 2997 jam
2851 2928 2902 2981 in
2933 2927 3126 2995 capitis
3161 2926 3450 2982 discrimen

1878 3016 2068 3084 venit},
2111 3017 2214 3071 hoc
2274 3031 2406 3072 sane
2460 3018 2684 3084 publica:
2747 3017 3170 3088 perturbationis
3241 3019 3452 3073 initium

1879 3119 1978 3166 est.
2015 3109 2379 3176 Quamobrem
2406 3124 2473 3164 ne
2499 3109 2625 3178 quid
2652 3109 2828 3164 simile
2861 3108 3000 3178 apud
3028 3123 3121 3162 vos
3151 3109 3451 3179 contingat,

1880 3203 2070 3254 cedere
2106 3200 2250 3252 illum
2301 3200 2507 3268 pridem
2544 3199 2675 3252 urbe
2722 3196 2984 3264 iussimus
3015 3217 3028 3252 :
3060 3213 3206 3252 nunc
3265 3209 3447 3253 autem

1879 3289 2115 3360 .‘Egypto
2142 3289 2303 3342 etiam
2337 3288 2612 3342 universa.
2636 3304 2654 3338 ι
2694 3285 2761 3342 Ut
2800 3296 3019 3356 urgeret
3067 3298 3247 3340 autem
3284 3287 3453 3341 Atha-

1880 3382 2016 3434 nasii
2070 3380 2341 3442 exsilium,
2395 3378 2556 3431 aliam
2595 3377 2742 3432 misit
2790 3378 3073 3446 epistolam
3101 3378 3170 3449 (e)
3202 3379 3266 3432 ad
3303 3379 3454 3434 Ecdi-

1880 3469 2021 3523 cium
2067 3466 2285 3538 Egypti
2339 3466 2674 3536 praefectum,
2721 3467 2804 3520 his
2839 3468 3019 3522 verbis
3067 3468 3450 3538 conscriptam.

1885 3578 1903 3610 ι
1932 3559 2040 3613 Etsi
2091 3559 2223 3612 nihil
2255 3558 2410 3614 nobis
2445 3560 2511 3612 de
2557 3558 2767 3613 caeteris
2801 3560 3078 3624 rescribis,
3117 3569 3349 3615 attamen
3387 3563 3454 3616 de

1882 3647 1972 3701 illo
2023 3648 2244 3701 deorum
2299 3647 2454 3702 hoste
2501 3646 2799 3701 Athanasio
2861 3649 3162 3704 rescribere
3190 3650 3452 3718 debuisti;

1881 3738 2220 3808 potissimum
2276 3739 2406 3808 quia
2453 3740 2594 3808 quod
2625 3738 2884 3810 praeclare
2919 3755 2947 3794 a
2981 3741 3146 3795 nobis
3175 3741 3453 3796 decretum

1883 3827 1983 3881 fuit
2026 3838 2150 3881 ante
2186 3828 2491 3883 audiveras.
2524 3828 2717 3884 Testor
2746 3845 2996 3900 magnum
3054 3832 3310 3900 Sarapin,
3348 3832 3453 3886 nisi

1881 3929 2006 3975 ante
2038 3920 2310 3975 Kalendas
2348 3919 2663 3977 decembres
2715 3923 2968 3978 inimicus
3027 3923 3252 3978 deorum
3285 3925 3456 3977 Atha-

1883 4011 2068 4064 nasius
2113 4024 2180 4064 ex
2237 4025 2298 4064 ea
2333 4010 2488 4076 urbe,
2521 4010 2602 4065 vel
2633 4013 2811 4080 potius
2841 4027 2906 4067 ex
2943 4013 3192 4068 universa
3222 4013 3457 4085 Egypto

1881 4101 2191 4168 decesserit,
2221 4110 2435 4156 centum
2494 4102 2608 4156 auri
2659 4103 2840 4172 pondo
2894 4104 3173 4159 cohortem
3204 4121 3326 4174 qua:
3363 4106 3455 4159 tibi

1882 4201 2035 4262 paret
2087 4191 2372 4246 multatum
2412 4191 2504 4246 iri.
2561 4191 2680 4248 Scis
2713 4203 2892 4247 autem
2923 4209 3085 4262 quam
3118 4196 3218 4249 sim
3277 4195 3458 4250 lentus

1883 4280 1947 4332 ad
1998 4280 2490 4343 condemnandum,
2545 4288 2601 4333 et
2659 4289 2862 4348 quanto
2918 4281 3115 4335 lentior
3171 4291 3454 4351 postquam

1882 4373 2236 4427 condemnavi
2292 4376 2357 4427 ad
2409 4373 2814 4440 ignoscendum.
2848 4372 2951 4428 Per
2997 4375 3126 4428 mihi
3166 4375 3453 4430 molestum

1884 4474 1962 4520 est
1991 4467 2109 4535 ejus
2134 4479 2297 4534 opera
2322 4465 2450 4518 deos
2479 4477 2668 4518 omnes
2699 4465 2992 4518 contemni.
3025 4464 3282 4532 Equidem
3318 4467 3451 4520 nihil

1884 4574 1912 4611 a
1970 4568 2022 4611 te
2071 4557 2268 4610 factum
2323 4554 2577 4608 libentius
2627 4553 2836 4606 videam
2895 4554 3240 4622 audiamque,
3294 4570 3454 4623 quam

1883 4649 2238 4702 Athanasium
2291 4646 2440 4700 illum
2498 4644 2785 4700 scelestum
2834 4657 2900 4697 ex
2957 4645 3207 4699 omnibus
3239 4644 3456 4715 Egypti

1884 4735 2017 4790 locis
2048 4735 2255 4805 pulsum
2291 4749 2430 4796 esse,
2460 4732 2550 4801 qui
2579 4745 2740 4786 ausus
2790 4739 2873 4785 est
2927 4731 2978 4785 in
3039 4747 3158 4788 meo
3217 4734 3445 4805 imperio

1887 4836 2160 4880 matronas
2189 4824 2495 4880 Graecorum
2525 4820 2730 4876 nobiles
2757 4822 3052 4889 baptizare.
3083 4841 3100 4872 ›

1962 4918 2050 4972 16.
2091 4917 2414 4970 Athanasius
2446 4931 2500 4967 se
2543 4914 2803 4968 subducit.
2836 4913 2900 4967 In
2943 4915 3204 4967 desertum
3238 4930 3293 4969 se
3329 4917 3458 4969 reci-

1889 5008 2072 5076 pit.——
2102 5006 2460 5073 Quamobrem
2511 5019 2631 5057 cum
2682 5018 2740 5057 se
2789 5006 2965 5058 denuo
2993 5004 3043 5057 in
3075 5005 3361 5060 discrimen
3405 5015 3461 5060 et

1889 5097 2183 5165 periculurn
2226 5095 2405 5150 vocari
2449 5093 2904 5148 animadverteret
2943 5110 3171 5165 magnus
3219 5096 3460 5151 Athana-
3521 5131 3526 5134 -

1889 5187 2000 5241 sius
2030 5184 2119 5255 (Γ),
2150 5193 2345 5254 quarto
2369 5184 2478 5251 jam
2503 5182 2674 5237 solum
2702 5192 2915 5237 vertere
2942 5196 3318 5248 coactus,cum
3348 5184 3458 5235 cir-

1892 5293 2010 5333 cum
2037 5292 2093 5331 se
2123 5277 2570 5347 collacrymantes
2601 5275 2940 5330 Christianos
2999 5275 3208 5328 videret
3238 5289 3250 5324 :
3289 5273 3453 5332 Bono,

1894 5370 2086 5437 inquit,
2120 5369 2300 5422 animo
2329 5377 2535 5432 estote;
2568 5365 2758 5419 nebula
2792 5374 2894 5428 est,
2935 5378 3053 5432 quae
3087 5363 3231 5416 brevi
3264 5377 3461 5413 evane—

1891 5459 2194 5525 scet.'Qu:e
2223 5472 2344 5514 cum
2375 5457 2621 5520 dixisset,
2647 5453 2944 5524 profectum
2979 5459 3126 5519 parat
3152 5467 3167 5514 ;
3196 5459 3249 5503 et
3272 5448 3460 5503 Eccle—

1970 5633 2047 5701 (d)
2077 5631 2274 5686 Julian.
2306 5629 2462 5697 epist.
2499 5629 2585 5701 15.

2073 5702 2270 5776 Julian.
2297 5701 2455 5776 epist.
2496 5699 2550 5750 6.
2813 5767 2826 5776 _
2852 5765 2864 5776 υ
2957 5762 3016 5776 m
3129 5761 3140 5776 Ι
3232 5759 3259 5776 μ

1974 5761 2285 5884 (ὥρὸοιοιη.
2330 5761 2432 5823 lib.
2491 5781 2574 5832 ιιι,
2625 5779 2746 5832 cap,
2808 5765 2901 5830 lli;
2957 5761 3164 5816 Tbcod.
3231 5761 3323 5815 lib.
3371 5770 3460 5827 ω,

1887 5858 2008 5911 Cilp.
2045 5877 2098 5896 so
