4038 6570
509 454 720 500 CXLVIII

1853 427 2396 487 PROLEGOMENA.

515 559 597 612 Sia
650 554 841 611 amicis
875 552 1198 624 quibuscum
1253 557 1491 605 arcuere
1538 544 1827 603 charitatis
1873 546 2086 600 vinculo
2117 553 2163 608 Α
2194 555 2299 600 tem
2343 544 2519 599 minus
2564 540 2805 597 secundo
2834 537 3075 605 amante,
3109 537 3357 608 equidem
3383 539 3555 595 corde
3587 537 3789 597 anxius

512 649 737 718 junctus
779 655 901 701 erat
949 644 1347 706 commendata,
1402 640 1616 697 excedit
1663 638 1817 693 urbe.
1866 635 2089 692 Litteris

518 754 683 809 porro
714 735 909 792 Juliani
944 733 1327 791 secretioribus
1352 747 1459 786 non
1496 730 1618 801 pelli
1660 730 1819 785 modo
1858 727 2091 781 Athana-

519 832 682 896 sium,
728 830 822 885 sed
852 830 1012 885 etiam
1051 825 1591 893 obtruncarijussum
1639 820 2092 903 erat.'Subcluxit

520 935 580 975 se
613 930 790 974 tamen
817 919 1168 981 Athanasius,
1192 916 1366 986 inquit
1391 914 1789 979 Theodoretus,
1815 920 2093 981 comperte

523 1010 881 1079 quaerentium
943 1023 1001 1063 se
1060 1023 1317 1072 accessu;
1353 1017 1653 1076 nactusque
1690 1006 1758 1059 ad
1795 1005 1962 1074 ripam
1996 1001 2097 1056 flu-

524 1100 688 1154 minis
717 1099 1013 1170 navigium,
1041 1099 1106 1152 ad
1140 1097 1476 1151 Thebaidem
1523 1094 1905 1148 contendebat.
1934 1090 1982 1145 ls
2008 1105 2097 1143 ve—

527 1206 608 1259 ro,
645 1192 730 1246 cui
773 1192 1133 1246 Athanasium
1164 1189 1458 1245 confodere
1512 1186 1727 1256 jussum
1776 1184 1973 1249 fuerat,
2006 1197 2098 1235 au-

527 1284 638 1336 dita
670 1282 788 1352 ejus
842 1282 990 1354 fuga,
1017 1296 1181 1352 quam
1232 1279 1518 1334 celerrime
1552 1278 1727 1332 virum
1774 1273 2097 1344 insequitur.

504 1366 875 1429 'Pnecurrens
928 1384 1108 1431 autem
1170 1371 1389 1441 quidam
1442 1368 1726 1424 Athanasii
1791 1365 2099 1428 familiaris,

532 1473 806 1520 maturare
837 1466 1128 1529 nuntiavit,
1162 1465 1254 1533 qui
1290 1465 1463 1533 ipsum
1497 1462 1563 1515 ad
1599 1474 1785 1515 necem
1832 1457 2105 1528 perquire-

530 1562 673 1608 rent.
706 1554 840 1609 Tum
876 1554 1118 1609 nonnulli
1152 1569 1221 1608 ex
1276 1552 1572 1608 comitibus
1631 1549 1911 1619 rogabant,
1946 1556 2003 1599 ut
2051 1546 2101 1597 in

531 1646 876 1700 solitudinem
927 1646 1229 1702 secederet.
1268 1644 1386 1715 Ipse
1428 1658 1486 1698 re
1542 1658 1724 1696 secum
1783 1639 2099 1695 deliberata,

534 1738 879 1805 gubernatori
935 1741 1193 1807 prtecepit
1244 1747 1302 1792 ut
1360 1749 1627 1799 converse
1656 1748 1839 1797 cursu,
1868 1729 2108 1785 secundo

534 1827 757 1881 flumine
792 1827 1063 1897 navigium
1094 1823 1776 1898 dirigeretAlexandriam.
1809 1823 1943 1877 Cum
1980 1836 2109 1891 ergo

2192 636 2474 691 Dominum
2499 633 2761 705 precabar
2802 650 2815 685 :
2860 633 2951 701 qui
2994 647 3123 686 vero
3157 631 3500 689 Theodorum
3562 631 3793 688 comita-

2193 731 2393 784 bantur
2410 726 2684 791 monachi,
2703 727 2909 796 egressi
2938 725 3241 780 naviculam
3278 726 3592 781 trabebant.
3615 725 3791 781 Cum-

2192 836 2297 892 que
2313 821 2561 876 mmrenti
2580 818 2706 873 mihi
2725 818 2894 873 abbas
2913 818 3132 873 Pammo
3146 817 3459 875 consolandi
3477 817 3652 888 gratia
3673 832 3795 874 ver-

2194 913 2261 967 ba
2280 912 2502 975 faceret,
2521 909 2772 979 respondi
2794 927 2808 964 :
2829 907 2999 964 Crede
3016 907 3299 965 aﬁirmanti
3321 909 3476 974 mihi,
3512 926 3619 964 non
3642 919 3795 967 tanta

2199 1013 2439 1072 tempore
2452 1001 2599 1068 pacis
2621 1001 2769 1057 cordi
2791 1014 2910 1057 meo
2928 1000 3119 1056 ti.!ucia
3138 1002 3299 1067 inest,
3328 1010 3798 1071 quantatempore

2196 1092 2608 1163 persecutionis.
2642 1090 2870 1148 Confido
2893 1092 3090 1163 quippe
3113 1106 3198 1146 me
3222 1107 3321 1162 pro
3336 1092 3554 1148 Christo
3585 1093 3800 1163 patien-

2202 1194 2330 1246 tem,
2349 1192 2508 1253 alque
2523 1182 2640 1251 ejus
2662 1184 3031 1240 misericordia
3053 1184 3388 1252 reberatum,
3408 1186 3626 1241 etiamsi
3646 1186 3798 1242 oeci.

2202 1277 2318 1339 dar,
2344 1274 2510 1328 multo
2536 1275 2793 1345 majorem
2821 1276 2888 1331 ab
2916 1290 2981 1331 eo
2999 1276 3427 1333 misericordiam
3464 1288 3798 1334 consecutu-

2206 1364 2474 1419 rumJI-Jec
2490 1364 2650 1419 verba
2670 1365 2894 1421 necdum
2914 1367 3330 1437 compleveram,
3346 1384 3466 1423 cum
3483 1370 3802 1427 Theodorus

2204 1456 2452 1511 abbatem
2480 1457 2825 1512 Pammenem
2855 1458 3081 1514 intuitus
3118 1461 3341 1516 subrisit
3364 1479 3378 1515 :
3398 1473 3452 1516 et
3484 1478 3609 1517 cum
3666 1478 3806 1532 pene

2207 1550 2468 1605 arrideret
2498 1550 2664 1605 abbas
2700 1550 3140 1618 Pammezouid,
3182 1553 3421 1621 inquam,
3454 1569 3541 1609 me
3566 1556 3667 1608 ista
3722 1556 3807 1609 Ie—

2206 1651 2460 1711 qncntem
2492 1642 2675 1696 ridetis
2694 1642 2717 1695 ?
2733 1643 2814 1695 An
2841 1658 2925 1697 me
2948 1644 3253 1697 timiditatis
3287 1646 3552 1713 argttitis?
3576 1645 3715 1700 Tum
3735 1646 3807 1699 ad

2210 1732 2558 1788 Pammenem
2592 1734 2950 1789 Theodorus:
2988 1733 3078 1790 Dic
3111 1735 3208 1799 illi,
3245 1736 3343 1802 ait,
3372 1752 3492 1806 qua;
3519 1739 3593 1793 sit
3634 1738 3801 1794 nobis

2212 1838 2375 1878 causa
2434 1824 2664 1878 ridendi.
2723 1824 2821 1879 Cui
2884 1826 3107 1880 Pammo
3136 1845 3150 1880 :
3182 1827 3355 1882 Tuum
3399 1829 3532 1883 illud
3562 1838 3670 1884 est.
3714 1829 3811 1884 Ait

535 1918 681 1972 obvii
710 1919 1151 1987 perquirentibus
1203 1919 1543 1987 navigarent,
1571 1914 1812 1970 occurrit
1857 1914 2110 1978 sicarius,
2145 1900 2185 1955 Β
2217 1913 2566 1970 Theodorus:
2593 1916 2704 1970 llac
2731 1918 2843 1987 ipsa
2868 1917 2999 1971 hora
3021 1919 3070 1971 in
3091 1916 3312 1973 Perside
3328 1919 3810 1976 Julianusoecisns

537 2021 592 2062 et
620 2020 878 2079 quantum
905 2010 1119 2064 abesset
1146 2009 1473 2062 Athanasius
1493 2006 1823 2061 sciscitatur.
1857 2004 1948 2057 llle
1971 2006 2111 2057 haud

538 2100 724 2167 procul
750 2100 940 2154 abesse
958 2098 1254 2167 respondit;
1287 2112 1350 2150 ac
1370 2105 1701 2167 praavertens
1729 2093 2112 2148 Alexandriam

539 2190 784 2258 repetiit,
821 2189 911 2243 ubi
944 2189 1119 2244 latens
1150 2188 1401 2257 degebat,
1433 2187 1642 2257 reliquo
1668 2185 1877 2253 imperii
1908 2181 2145 2236 Juliaui'

542 2294 804 2353 tempore.
868 2282 991 2338 llaec
1054 2282 1310 2337 Socrates
1370 2290 1425 2335 et
1483 2280 1882 2333 Theodoretus.
1918 2277 2117 2331 Verum

539 2376 686 2443 quod
728 2383 1005 2443 postremo
1056 2373 1206 2427 aiunt
1249 2372 1607 2426 Athanasium
1638 2370 1705 2425 ad
1735 2385 1921 2424 necem
1951 2382 2121 2437 usque

539 2467 737 2522 Juliani
772 2464 1052 2521 delituisse
1094 2463 1459 2528 Alexandria),
1510 2471 1696 2532 aperte
1729 2470 1992 2529 repugnat
2030 2461 2116 2515 hi-

542 2558 724 2614 storiae
769 2571 892 2611 mox
921 2558 1278 2620 enarrandae;
1318 2554 1428 2618 cui,
1482 2563 1666 2623 utpote
1725 2552 1792 2607 ab
1836 2552 2123 2606 Aunnonie

542 2648 823 2704 Athanasii
869 2646 1065 2712 aequali
1121 2648 1360 2711 tradita},
1416 2647 1576 2702 fidem
1620 2659 1822 2717 negare
1852 2644 2021 2699 nefas.
2066 2644 2121 2698 ln

545 2748 821 2794 desertum
846 2740 1031 2810 igitur,
1068 2747 1206 2793 teste
1263 2738 1571 2802 Ammonio,
1626 2735 1824 2790 Juliaui
1886 2735 2125 2789 furorem

546 2834 846 2898 declinans,
877 2831 1114 2903 profugit
1140 2831 1239 2903 (a).
1272 2830 1335 2884 Et
1389 2831 1453 2885 ad
1496 2830 1611 2900 ejus
1663 2844 1833 2898 usque
1895 2827 2126 2892 obitum,

550 2940 653 2978 nec
691 2924 826 2978 satis
862 2932 1007 2977 tutus
1041 2924 1112 2977 ah
1153 2922 1365 2977 insidiis
1395 2922 1761 2987 inimicorum,
1792 2921 2011 2977 incertis
2044 2936 2129 2975 se-

549 3017 706 3070 dibus
741 3014 879 3084 apud
909 3014 1208 3069 monachos
1234 3013 1629 3069 diversabatur.

615 3108 766 3161 ANNO
794 3105 1064 3162 563—1.
1101 3105 1241 3171 Quid
1259 3105 1551 3159 Athanasio
1573 3103 1789 3173 contigit
1805 3119 1908 3173 qua
1924 3102 2007 3156 die
2030 3117 2131 3156 cae-

549 3216 636 3252 sus
670 3198 923 3252 Julianus
950 3208 1047 3254 est.
1078 3229 1149 3238 —
1175 3197 1313 3264 Quid
1341 3206 1519 3249 autem
1556 3195 1683 3266 ipsi,
1710 3209 1816 3265 qua
1848 3194 1935 3248 die
1962 3208 2129 3248 caesus

548 3287 791 3342 Julianus
823 3296 927 3353 est,
962 3301 1154 3357 nempe
1180 3302 1307 3340 xxvi
1335 3286 1502 3350 Junii,
1528 3286 1807 3351 acciderit,
1844 3285 1959 3354 ipse
1988 3288 2129 3355 apud

551 3381 896 3435 Ammonium
923 3392 1183 3435 narrante
1210 3381 1514 3435 Athanasio
1548 3379 1937 3448 comperimus.
1972 3396 1989 3428 ι
2015 3379 2131 3433 Ca:-

554 3479 751 3536 terum,
778 3469 855 3523 ait
881 3471 1225 3535 Ammonius,
1252 3470 1377 3539 quia
1400 3471 1591 3525 beatus
1619 3485 1753 3540 papa
1772 3469 2129 3533 Athanasius,

554 3576 640 3616 me
668 3561 909 3615 omnium
937 3561 1183 3626 minimo,
1208 3557 1436 3630 aliisque
1471 3560 1727 3615 Ecclesiae
1752 3560 2133 3615 Alexandrinw

555 3651 769 3706 clericis
802 3651 1180 3720 praesentibus,
1210 3651 1380 3706 beane
1430 3653 1706 3707 memoria:
1754 3652 1872 3706 viro
1914 3651 2131 3705 Ammo-

557 3742 668 3806 nio,
699 3743 789 3811 qui
826 3742 927 3798 fuit
960 3744 1246 3812 episcopus
1292 3743 1611 3809 Elearchize,
1640 3754 1693 3799 et
1730 3743 1984 3801 llermeni
2022 3745 2131 3799 Bu-

558 3833 887 3887 basticerum
923 3834 974 3886 in
1007 3848 1196 3899 magna
1234 3834 1459 3888 ecclesia
1496 3837 1560 3889 de
1601 3833 1883 3890 Theodore
1931 3836 2131 3906 aliquid

559 3926 857 3990 enarravit,
906 3924 1054 3993 quod
1114 3935 1258 3979 tuam
1316 3925 1569 3980 existimo
1616 3927 1958 3982 sanctitatem
2021 3936 2131 3982 tum

559 4023 879 4085 praesentem
937 4017 1243 4080 audivisse;
1279 4032 1453 4086 epcrac
1486 4019 1717 4088 pretium
1753 4019 1901 4086 duxi,
1936 4021 2003 4075 ad
2048 4036 2135 4076 re-

562 4109 866 4163 novandam
926 4119 1029 4163 tua:
1078 4109 1263 4177 pietati
1311 4126 1493 4165 eorum
1547 4113 1883 4177 memoriam,
1911 4128 1974 4168 ea
2005 4128 2134 4167 cen-

562 4198 801 4253 scribere
834 4215 954 4268 quzn
1001 4201 1090 4255 ille
1142 4200 1351 4256 locutus
1377 4213 1476 4257 est.
1517 4204 1653 4258 Cum
1698 4206 1980 4258 memorati
2019 4205 2136 4272 epi-

569 4291 717 4360 scopi
750 4292 816 4346 de
848 4293 1009 4347 beate
1038 4294 1272 4349 Antonio
1311 4310 1408 4348 nec
1450 4296 1565 4350 sine
1588 4297 1941 4351 admiratione
1968 4297 2132 4349 verba

567 4385 807 4439 facerent
837 4403 852 4439 :
877 4386 969 4454 qui
997 4386 1079 4439 vir
1108 4401 1246 4455 saepe
1278 4402 1399 4443 cum
1448 4388 1744 4442 Athanasio
1790 4388 2132 4453 versabatur,

564 4489 657 4529 eos
704 4476 784 4529 sic
841 4475 1037 4529 all'atur
1065 4478 1398 4533 Athanasius
1429 4495 1443 4531 :
1476 4479 1593 4533 Vidi
1633 4479 1796 4533 etiam
1830 4494 1893 4533 ea
1928 4488 2134 4547 tempe-

2214 2016 2321 2070 est,
2374 2014 2429 2059 ut
2478 2006 2545 2060 de
2586 2007 2676 2061 illo
2719 2007 2861 2061 Dens
2904 2008 3293 2076 pramuntiarat
3340 2011 3654 2081 :Arrogans
3701 2013 3810 2077 air,

2217 2110 2537 2166 contemptor
2562 2109 2609 2153 et
2634 2084 3060 2169 superbus,lniltil
3081 2102 3313 2169 perﬁciet
3334 2103 3373 2160 δ.
3398 2103 3597 2173 Surget
3622 2113 3811 2159 autem

2217 2190 2559 2244 Christianus
2611 2191 2927 2258 imperator,
2972 2192 3058 2261 qui
3094 2192 3393 2260 praeclarus
3425 2195 3673 2264 quidem,
3708 2196 3810 2250 sed

2222 2280 2484 2334 brevioris
2513 2282 2635 2335 vitm
2670 2282 2883 2335 futurus
2910 2290 3012 2336 est.
3050 2282 3230 2348 Quare
3272 2300 3338 2339 ne
3369 2286 3420 2338 in
3467 2284 3808 2340 Thebaidem

2222 2372 2503 2436 ascendas,
2550 2386 2647 2426 nec
2679 2373 2812 2426 tanti
2851 2373 3062 2428 itineris
3113 2374 3349 2429 laborem
3400 2376 3549 2431 feras
3580 2392 3593 2425 :
3621 2378 3717 2432 sed
3750 2377 3808 2432 in

2222 2464 2535 2517 comitatum
2565 2464 2702 2517 clam
2745 2473 2797 2519 te
2823 2465 3030 2519 confer.
3055 2464 3224 2531 Quem
3245 2466 3296 2519 in
3321 2467 3512 2520 itinere
3540 2466 3811 2531 offendes,

2225 2566 2388 2622 atque
2426 2542 2514 2607 ille
2539 2552 2844 2624 (Joviauns)
2872 2555 3033 2609 citius
3061 2574 3088 2609 a
3124 2556 3233 2611 Deo
3272 2571 3338 2610 ex
3380 2558 3481 2610 hac
3527 2558 3819 2612 auferetur

2226 2646 2356 2698 vita.
2384 2663 2403 2696 ι
2443 2644 2569 2698 Haec
2619 2643 2761 2713 apud
2790 2645 3133 2699 Ammonium
3172 2647 3537 2715 Athanasius;
3573 2650 3627 2701 in
3657 2648 3819 2716 cujus

2228 2730 2517 2800 postremis
2544 2732 2727 2785 verbis
2759 2733 3005 2803 quaedam
3036 2734 3205 2789 lueret
3235 2734 3524 2791 difﬁcultas
3555 2737 3666 2793 alio
3686 2737 3816 2793 loco

2229 2824 2572 2877 excudenda.

2299 2913 2355 2966 2.
2388 2911 2499 2968 Nec
2540 2922 2720 2969 tamen
2765 2915 3095 2971 Athanasius
3134 2915 3401 2972 Theodori
3436 2917 3671 2973 consilio
3713 2918 3818 2973 eb-

2230 3010 2471 3071 secutus,
2519 3004 2588 3058 ad
2641 3007 3022 3075 imperatorem
3071 3006 3291 3071 statim,
3339 3008 3435 3063 sed
3488 3008 3816 3078 interposita

2232 3097 2463 3163 quadam
2512 3111 2661 3150 mora
2702 3100 3010 3168 spatioque,
3064 3101 3214 3154 adiit.
3251 3102 3331 3154 Ad
3373 3101 3486 3155 haec
3519 3116 3651 3157 vero
3685 3118 3815 3157 nar-

2236 3200 2320 3241 rat
2352 3188 2689 3243 Sezemenns
2722 3189 2820 3259 (b),
2857 3192 3068 3245 cuidam
3100 3207 3166 3246 ex
3204 3190 3402 3247 Juliani
3446 3192 3820 3254 familiaribus

2235 3280 2529 3335 revelatum
2559 3282 2822 3337 divinitus
2862 3283 3098 3339 futurum
3138 3282 3257 3351 ejus
3286 3284 3566 3340 interitum
3598 3304 3613 3341 :
3651 3288 3820 3359 Didy-

2232 3387 2489 3442 mumque
2539 3372 2965 3429 Alexandrinum
3016 3375 3383 3432 Christianum
3429 3378 3819 3447 philosophum

2233 3466 2558 3534 gravissime
2602 3467 2666 3520 de
2704 3467 2932 3537 Augusti
2980 3469 3258 3540 impietate
3309 3470 3609 3540 animoque
3661 3472 3823 3527 falsis

2234 3558 2549 3613 numinibus
2597 3560 2818 3615 addicto
2867 3559 3116 3615 affectum
3155 3576 3407 3626 moerere,
3455 3578 3581 3617 cum
3632 3564 3822 3631 deplo-

2237 3649 2421 3703 randis
2466 3664 2530 3705 ac
2580 3649 2803 3721 jejuniis
2845 3654 3208 3722 precibusque
3257 3655 3571 3709 avertendis
3616 3655 3823 3711 futuris

2236 3740 2493 3798 Ecclesia:
2520 3742 2768 3798 cladibus
2807 3745 2960 3798 daret
2998 3758 3238 3813 operam,
3270 3759 3459 3799 somno
3490 3761 3817 3815 oppressum

2235 3832 2437 3889 vidisse
2485 3836 2695 3903 equites
2731 3834 2976 3889 candidis
3021 3835 3171 3902 equis
3220 3835 3359 3891 caalo
3413 3836 3816 3903 discurrentes,

2239 3936 2349 3979 turn
2380 3940 2499 3979 eam
2533 3926 2808 3995 accepisse
2837 3940 3021 3979 vocem
3057 3925 3356 3981 :Nuntiate
3393 3926 3626 3999 Didyme
3653 3931 3820 3985 hodie

2235 4017 2505 4073 Julianum
2540 4033 2601 4071 ac
2643 4018 2755 4087 ipsa
2801 4017 2934 4072 hora
2966 4026 3301 4086 peremptum
3344 4032 3483 4083 esse,
3523 4020 3686 4090 idque
3724 4023 3819 4079 ille

2235 4109 2532 4163 Athanasio
2551 4114 2802 4177 episcopo
2830 4109 3116 4179 signiticet,
3137 4118 3190 4162 et
3207 4125 3505 4179 exsurgens
3532 4116 3815 4170 comedat.

2309 4202 2361 4254 5.
2398 4201 2721 4255 Athanasius
2758 4202 2888 4253 redit
2927 4200 3327 4255 Alexandriam.
3359 4202 3619 4257 Jovianus
3647 4206 3823 4271 impe—

2239 4303 2384 4343 rator
2434 4290 2784 4359 inauguratus
2827 4290 3032 4344 litteras
3082 4293 3176 4344 dat
3230 4292 3299 4343 ad
3345 4292 3721 4360 Athanasium,
3771 4306 3828 4353 et

2238 4383 2561 4436 Athanasius
2596 4382 2663 4435 ad
2697 4383 2886 4450 ipsum.
2921 4410 2991 4422 —
3025 4382 3356 4436 Athanasius
3408 4398 3538 4454 ergo
3594 4398 3827 4455 accepta

2238 4475 2433 4529 Juliani
2466 4490 2619 4539 nece,
2655 4490 2751 4530 nec
2787 4484 3121 4544 exspectata,
3158 4484 3216 4529 ut
3249 4477 3603 4545 arbitramur,
3633 4493 3663 4532 a
3692 4494 3826 4533 suc-

563 4574 703 4620 state
733 4580 957 4634 magnos
991 4566 1082 4621 Dei
1121 4569 1285 4635 viros,
1311 4568 1656 4623 Theodorum
1708 4568 2134 4623 Tabennesieta-
2167 4571 2211 4623 D
2240 4582 2457 4621 cessere
2497 4567 2825 4635 remigrandi
2858 4568 3034 4633 venia,
3068 4568 3223 4621 sedes
3252 4568 3657 4637 quamprimum
3692 4585 3831 4626 suas

564 4671 681 4709 rum
731 4659 1115 4711 monachorum
1162 4659 1496 4726 praefectum,
1523 4659 1799 4729 aliumque
1843 4660 2135 4713 monacho.

565 4763 683 4801 rum
730 4747 944 4803 Patrem
1000 4760 1218 4818 propter
1246 4749 1564 4815 Antinoum,
1607 4751 1693 4805 cui
1740 4766 1934 4806 nomen
1973 4752 2138 4805 abbas

565 4838 809 4903 Pammo,
861 4841 951 4910 qui
1004 4842 1144 4894 haud
1192 4842 1267 4895 ita
1304 4841 1509 4909 pridem
1540 4842 1972 4897 obdortnierunt.
2002 4841 2137 4896 Cum

566 4930 713 4981 enim
764 4944 849 4984 me
882 4929 971 4983 illo
1005 4939 1246 4998 tempore
1272 4928 1520 4984 Julianus
1552 4932 1617 4984 ad
1647 4947 1833 4987 necem
1866 4934 2141 5002 perquire-

568 5028 674 5081 ret.
700 5030 1181 5089 exspectarentque
1228 5019 1282 5073 in
1332 5019 1448 5075 dies
1498 5022 1797 5085 interitum,
1826 5023 2017 5077 amicis
2048 5036 2141 5077 ne-

567 5110 930 5178 cessariisque
984 5111 1120 5164 meis
1170 5109 1463 5180 periculum
1514 5111 1980 5177 renuntiantibus;
2034 5111 2140 5164 duo

568 5202 851 5257 memorati
897 5202 999 5256 viri
1031 5216 1116 5256 me
1144 5202 1375 5272 quadam
1409 5203 1496 5258 die
1528 5202 1827 5258 Antinoum
1873 5215 2140 5256 cenvene«

568 5302 714 5348 runt.
768 5292 901 5348 Cum
955 5307 1164 5349 mecum
1216 5308 1317 5364 ego
1374 5304 1707 5365 reputarem,
1770 5308 1878 5363 qua
1927 5293 2139 5347 ratione

569 5386 711 5455 apud
757 5385 1099 5441 Theodorum
1151 5400 1365 5455 possem
1410 5385 1603 5453 latere,
1659 5386 1778 5455 ejus
1831 5383 2137 5438 naviculam

571 5478 807 5548 undique
833 5487 1079 5549 opertam
1114 5487 1278 5549 atque
1325 5480 1562 5533 clausam
1590 5477 1912 5541 conscendi,
1944 5478 2139 5533 abbate

570 5565 862 5626 Pammene
910 5585 1009 5626 nos
1054 5570 1275 5627 honoris
1303 5583 1467 5626 causa
1496 5568 1807 5624 comitante.
1842 5566 2018 5624 Vento
2046 5583 2139 5621 au-

652 5702 674 5733 δ
693 5701 894 5759 Babae.
932 5722 970 5773 Ι,
997 5703 1084 5759 16.

647 5836 724 5909 (a)
756 5837 811 5894 lu
841 5839 1067 5911 epistola
1100 5839 1392 5899 Ammonii.
1420 5842 1549 5897 Acta
1579 5840 1684 5898 SS.
1716 5842 1778 5897 Η
1810 5841 1961 5900 Maii.

2237 4660 2471 4728 repetiit.
2499 4657 2759 4714 Joviauus
2788 4640 2973 4712 autem
3003 4658 3368 4726 ChriStianus,
3403 4659 3540 4713 mira
3585 4662 3672 4715 vir
3704 4662 3829 4732 pie-

2238 4761 2349 4805 tate
2402 4750 2679 4819 animique
2731 4751 2974 4815 lenitate,
3028 4765 3136 4806 une
3186 4750 3487 4806 cohortium
3519 4764 3649 4807 veto
3700 4766 3829 4823 post

2234 4840 2433 4895 Juliani
2488 4841 2767 4895 interitum
2819 4841 3195 4911 inauguratus,
3246 4841 3496 4895 exsulum
3532 4842 3829 4913 episcopo—

2237 4948 2355 4985 rum
2394 4934 2742 4987 revecatione
2772 4932 3058 5001 imperium
3092 4943 3173 4989 est
3215 4933 3547 5003 auspicatus.
3584 4933 3830 5003 Moxque

2242 5023 2309 5075 ab
2336 5023 2652 5087 Athanasio,
2694 5022 2783 5092 qui
2818 5023 3029 5077 caeteris
3060 5023 3286 5077 multum
3324 5023 3524 5092 pietate
3555 5024 3825 5087 anteibat,

2242 5128 2420 5177 orsus,
2472 5113 2683 5168 litteras
2726 5114 2874 5169 misit
2921 5114 3311 5170 benevolentiae
3358 5125 3412 5169 et
3459 5115 3831 5172 observantia:

2244 5204 2609 5273 plenissimas,
2644 5206 2816 5261 sancti
2860 5206 3106 5275 praesulis
3149 5206 3426 5271 virtutem,
3474 5205 3527 5260 in
3579 5205 3833 5263 ferendis

2244 5296 2645 5354 calamitatibus
2674 5297 3061 5365 fortitudinem,
3092 5297 3342 5353 affectum
3380 5312 3508 5367 erga
3542 5297 3832 5354 Christum

2248 5386 2477 5443 mirifice
2519 5403 2808 5443 exornans.
2866 5387 3102 5445 Revocat
3159 5389 3225 5443 ad
3273 5386 3463 5443 salutis
3515 5387 3828 5443 doctrinam

2248 5478 2667 5547 praedicandam,
2715 5477 2870 5546 jubet
2912 5493 3151 5534 remeare
3202 5480 3254 5533 in
3305 5478 3621 5544 ecclesiam,
3664 5493 3834 5548 popu-

2247 5568 2465 5638 lumque
2517 5569 2682 5624 verbo
2738 5569 2833 5623 Dei
2886 5582 3128 5637 pascere.
3178 5566 3522 5624 Testilicatur
3572 5579 3830 5635 magnam

2275 5841 2350 5913 (b)
2389 5840 2605 5898 Sozam.
2637 5840 2733 5896 lib.
2761 5855 2835 5907 vr,
2869 5855 2986 5910 cap.
3010 5839 3064 5894 2.
