4038 6564
1497 470 1657 526 VITA
1696 471 1754 526 S.
1795 468 2184 524 ATllANASll.

3286 487 3447 530 επιιι

188 603 232 646 se
257 602 392 658 spem
414 588 473 643 in
504 592 815 657 pret-ibus
848 594 965 661 ejus
992 592 1274 662 repositam
1305 593 1523 645 habere.
1556 591 1785 661 Εὐχαρι-
1816 628 1860 682 Α
1889 590 1983 641 des
2030 587 2182 642 nobis
2223 588 2553 656 episcopum.
2591 586 2687 641 llic
2719 587 3010 656 imperator
3044 605 3059 643 :
3093 589 3233 645 Jussi
3288 593 3454 645 Atha-

192 683 405 753 στηρίους
424 697 618 750 porro
651 684 896 740 litteras
928 684 1227 753 imperaturi
1258 684 1596 752 rescripsisse
1623 683 1787 735 Atha-

192 776 357 828 nasium
416 774 576 828 nihil
634 776 925 837 dubium.
971 778 1160 844 injuria
1220 775 1433 829 scilicet
1488 784 1786 842 temporum

196 866 407 923 amissas.
432 865 653 935 Neque
690 868 779 921 ita
824 868 994 922 multo
1030 877 1145 934 post
1172 866 1331 920 aliam
1362 864 1509 919 dedit
1534 863 1788 917 Jovianus

200 957 246 1010 ad
284 958 669 1011 Athanasium
727 959 1047 1027 epistolam,
1088 973 1285 1026 rogans
1321 954 1441 1008 lidei
1483 957 1783 1020 veritatem,

201 1050 239 1101 in
261 1058 546 1101 sescentas
581 1050 910 1117 opiniones
937 1059 1219 1118 partesque
1246 1050 1584 1109 distractam,
1610 1055 1790 1099 trans-

204 1141 340 1193 mittat
380 1139 519 1192 sibi.
560 1138 723 1192 Tum
777 1142 1024 1211 Augusto
1065 1140 1151 1193 ille
1186 1140 1409 1193 alteram
1456 1139 1603 1192 misit
1640 1146 1789 1191 tanto

205 1233 407 1294 doctore,
442 1231 545 1298 qui
575 1232 889 1295 cumulus
921 1240 1000 1284 est
1050 1230 1236 1289 laudis,
1277 1229 1645 1300 dignissimam
1688 1244 1787 1281 no-

208 1324 317 1376 mine
368 1323 575 1395 synodi
649 1324 1053 1394 episcopormn
1107 1324 1347 1395 Egypti,
1401 1322 1690 1377 Thebaidis
1736 1332 1791 1377 et

211 1415 353 1487 Libya:
389 1418 800 1486 conscriptam
839 1436 852 1471 :
891 1433 993 1489 qua
1021 1433 1079 1471 se
1105 1418 1364 1486 principis
1399 1432 1525 1485 erga
1560 1430 1654 1469 res
1688 1428 1791 1469 cm-

214 1508 340 1562 lestes
363 1524 622 1563 amorem
669 1510 1043 1579 discendique
1068 1510 1304 1563 studium
1338 1509 1613 1579 suspicere
1636 1523 1792 1563 acce-

216 1612 437 1670 ptumque
468 1602 695 1656 habere
731 1600 1066 1656 testiﬁcatur
1097 1620 1109 1655 :
1144 1600 1413 1655 Nicaenam
1439 1600 1612 1655 “ﬁdem
1642 1616 1792 1656 com-

219 1695 423 1757 mendat,
466 1695 844 1764 Arianosque
872 1694 1049 1765 carpit
1092 1698 1234 1763 quod
1278 1694 1431 1749 istius
1472 1694 1661 1765 synodi
1698 1698 1791 1749 de-

221 1788 350 1840 cretis
390 1794 543 1840 stare
600 1787 969 1849 renuissent;
1019 1785 1157 1840 unde
1204 1795 1337 1839 ortae
1387 1793 1549 1839 tanta:
1598 1785 1788 1849 turbae,

221 1888 336 1930 tanta
392 1894 491 1947 per
556 1876 882 1932 Ecclesiam
949 1876 1190 1932 dissidia.
1252 1875 1547 1931 Enumerat
1597 1875 1792 1931 exinde

1894 682 2122 745 nasium,
2153 696 2311 749 quem
2346 680 2492 749 prius
2522 679 2804 744 habuistis,
2847 683 2897 734 in
2944 683 3136 737 throno
3174 683 3451 740 collocari.

1891 770 2026 824 Tum
2070 772 2252 824 Ariani
2296 770 2456 825 :Jam
2498 771 2679 825 multis
2707 772 2863 825 annis
2902 772 3054 825 exsul
3102 783 3156 827 et
3190 784 3316 829 reus
3347 787 3451 830 est.

1891 859 2196 928 Statimque
2236 861 2387 916 miles
2428 863 2507 915 ira
2556 870 2856 916 commotus
2894 881 2909 916 :
2957 860 3216 932 Obsecro,
3261 865 3454 935 inquit,

1890 952 2175 1019 imperium
2207 960 2377 1018 tuum,
2414 952 2525 1021 ipse
2553 954 2797 1021 inquiras
2818 956 3037 1023 quinam
3070 965 3125 1010 et
3155 959 3297 1013 unde
3325 957 3453 1013 sint.

1890 1042 2028 1097 Sunt
2060 1043 2201 1097 enim
2249 1044 2472 1114 objecta:
2520 1046 2762 1115 reliquiae
2814 1048 3190 1117 Cappadociae,
3246 1051 3455 1105 residua

1892 1136 2048 1191 turba
2083 1136 2311 1206 improbi
2349 1137 2490 1193 illius
2519 1138 2757 1208 Georgii,
2791 1141 2884 1209 qui
2917 1142 3189 1197 civitatem
3216 1152 3270 1197 et
3297 1159 3454 1197 mun-

1890 1226 2015 1280 dum
2044 1228 2352 1282 universum
2393 1232 2760 1284 devastarunt.
2794 1231 2999 1297 Quibus
3028 1234 3321 1303 imperator
3362 1250 3459 1289 au-

1890 1319 2037 1382 ditis,
2061 1319 2294 1375 admotis
2321 1321 2622 1377 calcaribus
2664 1338 2863 1392 equum
2890 1328 3206 1395 concitavit,
3240 1337 3295 1381 et
3327 1329 3461 1382 abiit

1892 1427 1944 1464 In
1983 1425 2258 1478 campum.

1961 1502 2014 1556 5.
2052 1502 2161 1558 Nec
2208 1502 2471 1571 ejusmodi
2518 1506 2730 1575 repulsa
2788 1509 3071 1577 stupefacti
3124 1511 3334 1578 Ariani,
3383 1528 3465 1569 se-

1891 1594 2065 1647 cundo
2115 1594 2500 1662 imperatorem
2561 1597 2631 1649 ita
2687 1596 3033 1667 alloquuntur
3086 1617 3099 1654 :
3150 1600 3227 1654 En
3266 1602 3465 1656 adsunt

1892 1684 2299 1741 criminationes
2357 1696 2412 1740 et
2464 1698 2778 1757 argumenta
2837 1692 2888 1743 in
2946 1691 3318 1759 Athanasium,
3372 1695 3464 1763 qui

1893 1788 2017 1830 ante
2045 1778 2227 1831 decem
2256 1789 2312 1831 et
2338 1779 2526 1849 viginti
2582 1795 2752 1835 annos
2791 1796 2819 1833 a
2862 1782 3214 1838 Constantino
3240 1794 3295 1839 et
3324 1787 3466 1841 Con-

1894 1864 2093 1918 stantio
2132 1864 2183 1918 in
2206 1866 2458 1920 exsilium
2496 1869 2765 1938 relegatus
2792 1882 2896 1934 est,
2934 1872 3170 1942 itemque
3201 1876 3301 1930 sub
3334 1875 3463 1929 bea-

218 1969 494 2038 provincias
519 1978 581 2021 et
615 1968 887 2037 regiones
912 1967 965 2022 in
989 1968 1182 2036 quibus
1210 1967 1481 2021 obtineret
1522 1964 1787 2035 ejusmodi
1821 1979 1863 2033 Β
1900 1958 2111 2013 tissimo
2138 1959 2459 2029 phiIOSOpho
2488 1961 2701 2017 Juliano
2728 1964 3018 2018 exsulavit.
3048 1966 3253 2032 Quibus
3281 1967 3464 2038 Augu-

217 2060 453 2121 doctrina,
486 2058 691 2128 paucis
722 2058 1027 2112 admodum
1059 2058 1272 2111 Arianis
1301 2057 1591 2111 temerario
1630 2066 1790 2125 atque

216 2149 355 2217 impio
382 2164 518 2202 ausu
552 2150 839 2203 adversus
882 2163 1005 2202 eam
1040 2148 1438 2211 dimicantibus,
1470 2147 1789 2201 excubanti-

213 2240 392 2307 bosque
448 2238 522 2293 ad
576 2239 817 2309 quasvis
889 2239 1164 2292 turbarum
1232 2239 1568 2293 occasiones.
1622 2237 1791 2292 Allert

210 2342 369 2400 postea
402 2329 701 2385 Niczenum
734 2328 1069 2399 symbolum,
1097 2330 1181 2383 cui
1206 2329 1465 2383 nonnulla
1494 2328 1791 2399 perspicui-

210 2424 313 2477 tatis
338 2438 508 2477 causa
548 2420 878 2490 subjungit;
930 2419 1223 2489 iisdemque
1252 2436 1372 2473 cum
1410 2420 1513 2473 alia
1564 2435 1659 2487 per
1691 2433 1790 2473 ne-

205 2518 453 2580 cessaria,
521 2524 646 2568 tum
702 2512 951 2566 maxime
1016 2510 1250 2581 Spiritus
1304 2512 1474 2565 sancti
1534 2511 1788 2565 deitatem

202 2609 444 2662 declarat.
495 2605 642 2673 Quae
684 2603 982 2658 Athanasii
1023 2603 1216 2657 litterae
1256 2602 1482 2658 Joviano
1526 2613 1791 2673 pergratae

201 2714 383 2769 perque
409 2696 688 2768 jucunde
741 2695 925 2757 fuere,
960 2704 1019 2748 ut
1064 2708 1156 2748 eas
1203 2694 1455 2762 deinceps
1510 2708 1606 2748 ceu
1650 2708 1790 2747 vera:

198 2792 447 2846 doctrinae
487 2799 770 2843 tesseram
798 2786 1102 2841 censuerit.
1131 2786 1290 2839 Istam
1340 2786 1467 2839 item
1509 2785 1791 2839 Athanasii

196 2881 470 2951 epistolam
525 2879 787 2934 celebrat
839 2875 1135 2951 Gregorius
1191 2875 1587 2940 Nazianzenus,
1649 2875 1791 2943 quod

198 2977 343 3028 tn'um
378 2985 764 3043 personarum
809 2948 974 3022 unam
1005 2969 1314 3031 essentiam,
1349 2982 1509 3021 unam
1543 2966 1792 3021 divinita-

197 3075 292 3120 tem
320 3079 444 3121 esse
475 3063 778 3135 propalam
813 3071 869 3115 et
898 3060 1058 3115 nullis
1098 3061 1419 3129 ambagibus
1452 3060 1787 3129 proﬁteatur.

195 3155 507 3211 :Estimavit
556 3169 735 3225 porro
771 3152 860 3205 vir
892 3151 964 3206 cl.
1008 3149 1169 3204 llenr.
1214 3150 1457 3205 Valesius
1488 3150 1787 3204 Antiochia:

196 3253 367 3303 datam
439 3244 725 3318 ejusmodi
798 3242 1083 3313 epistolam
1140 3241 1348 3306 fuisse,
1420 3242 1600 3296 isthuc
1669 3257 1791 3296 cum

198 3344 491 3399 Athanasio
532 3341 809 3413 profectis
839 3337 1114 3409 Egyptiis
1144 3338 1485 3408 praesulibus.
1529 3337 1635 3392 Sed
1676 3352 1794 3391 eam

202 3440 578 3500 sententiam,
669 3444 866 3501 utpote
944 3432 1287 3489 Theodoreto
1356 3434 1584 3501 aliisque
1657 3431 1796 3485 scri-

204 3531 442 3597 ptoribus
503 3532 830 3591 adversam,
885 3524 1131 3596 pluribus
1192 3526 1245 3580 in
1302 3523 1504 3580 Monito
1548 3524 1797 3580 confuta-

206 3636 338 3677 unus.

268 3715 320 3769 4.
352 3715 694 3769 Athanasius
726 3713 797 3765 ad
823 3711 1113 3765 Iovianum
1132 3712 1239 3763 adit
1264 3712 1612 3765 Antiochiam.
1640 3713 1799 3765 Aria-

212 3822 389 3859 norum
415 3808 653 3876 querela:
701 3806 755 3857 in
793 3804 1165 3869 Athanasium,
1194 3811 1245 3856 et
1290 3819 1534 3870 responsa
1566 3803 1795 3858 .Ioriani.

213 3925 275 3935 -
305 3898 547 3967 Accepta
590 3896 865 3950 Jovianus
914 3894 1192 3948 Athanasii
1247 3895 1494 3964 epistola,
1549 3893 1665 3962 ejus
1721 3894 1801 3947 vi~

214 3986 368 4043 dendi
425 3989 709 4044 desiderio
754 3988 1019 4057 ﬂagrans.
1071 4000 1191 4038 eum
1251 3995 1405 4054 rogat
1460 3985 1797 4039 Antiochiam

217 4079 608 4147 proﬁciscatur.
660 4080 784 4147 Quo
838 4090 963 4132 cum
1003 4078 1090 4131 ille
1137 4076 1519 4142 concessisset,
1573 4078 1800 4131 comiter

219 4181 470 4236 exceptus
507 4173 575 4224 ab
607 4172 886 4238 Augusto,
924 4183 953 4221 a
985 4166 1248 4231 consiliis,
1284 4176 1342 4219 ut
1369 4166 1495 4220 licet
1523 4166 1796 4236 augurari,

222 4260 314 4330 ipsi
352 4263 487 4328 fuit,
536 4272 593 4317 et
644 4260 1090 4315 machinamenta
1136 4257 1511 4311 haereticorum
1566 4257 1797 4327 aperuit,

221 4358 556 4411 commodum
604 4368 741 4408 sane
789 4352 847 4407 in
901 4349 993 4405 tali
1033 4364 1209 4403 rerum
1258 4350 1588 4404 conditione.
1618 4347 1801 4401 Enim-

226 4462 342 4503 vero
394 4451 725 4503 Arianorum
782 4444 1082 4517 principes,
1122 4444 1259 4497 inter
1303 4456 1437 4509 quos
1487 4440 1686 4495 Lucius
1734 4442 1801 4493 ad

223 4520 432 4611 Georgii
476 4539 786 4619 implendas
838 4536 988 4590 vices
1021 4535 1226 4604 pridem
1275 4535 1344 4589 ab
1378 4534 1592 4587 Arianis
1634 4531 1799 4587 desti-

226 4642 400 4697 natus,
430 4646 644 4687 necnon
670 4627 1041 4684 Bernicianus
1068 4627 1249 4680 nescio
1279 4625 1419 4693 quis,
1454 4621 1797 4676 Antiochiam

1891 2058 2003 2104 stus
2036 2067 2050 2103 :
2080 2046 2199 2103 Jam
2236 2052 2618 2106 obsoleverunt
2647 2069 2767 2122 quae
2794 2068 2918 2110 ante
2949 2057 3239 2123 decimum,
3265 2062 3462 2115 vicesi-

1893 2155 2039 2195 mum
2070 2151 2125 2195 et
2166 2142 2498 2198 tricesimum
2542 2160 2742 2199 annum
2780 2147 3043 2202 institutae
3075 2162 3201 2204 sunt
3240 2166 3464 2207 accusa-

1892 2233 2086 2287 tiones.
2118 2231 2197 2287 Ne
2228 2234 2359 2289 mihi
2382 2236 2448 2290 de
2480 2238 2776 2292 Athanasio
2804 2241 2966 2294 verba
3008 2240 3239 2299 faciatis.
3276 2244 3464 2315 Neque

1891 2324 2036 2379 enim
2068 2324 2259 2395 ignoro
2289 2341 2395 2395 qua
2435 2329 2501 2384 de
2527 2345 2689 2386 causa
2725 2344 3015 2387 accusatus
3044 2344 3100 2389 et
3130 2338 3465 2407 proscriptus

1891 2429 1983 2472 Sil.

1961 2511 2014 2565 6.
2048 2511 2157 2569 Nec
2201 2513 2306 2568 ista
2352 2528 2565 2583 quoque
2612 2516 2893 2585 responsio
2941 2519 3171 2576 audaces
3215 2522 3467 2579 homines

1891 2604 2242 2671 compescuit.
2290 2603 2478 2659 Tertio
2510 2622 2743 2675 namque
2783 2610 2849 2663 ad
2893 2609 3178 2665 Jovianum
3207 2615 3467 2670 adeuntes

1893 2696 2042 2750 aiunt
2073 2714 2088 2751 :
2121 2696 2255 2752 Alite
2283 2713 2500 2767 quoque
2530 2711 2822 2771 suppetunt
2870 2707 3245 2763 accusationes
3276 2720 3466 2764 contra

1891 2788 2273 2844 Athanasium.
2311 2790 2517 2856 Quibus
2547 2793 2882 2863 imperator:
2911 2796 3024 2851 Νοη
3061 2814 3125 2852 ex
3150 2802 3379 2855 tumultu
3413 2814 3468 2857 et

1893 2879 2246 2949 loquacitate,
2281 2883 2410 2950 quid
2442 2883 2553 2951 jus,
2592 2884 2719 2952 quid
2757 2900 2968 2954 arquum
2999 2888 3069 2942 sit
3104 2889 3471 2957 deprehendeo

1896 2979 2000 3024 tur.
2040 2970 2146 3026 Sed
2196 2973 2410 3042 deligite
2438 2989 2504 3027 ex
2535 2975 2688 3029 vobis
2729 2975 2887 3040 duos,
2921 2992 2985 3031 ex
3029 2979 3182 3046 plebe
3224 2982 3464 3037 totidem.

1896 3062 2114 3131 Nequeo
2137 3064 2279 3117 enim
2307 3065 2373 3119 ad
2404 3065 2644 3135 singulos
2673 3076 2913 3121 vestrum
2948 3073 3294 3138 respondere.
3328 3071 3463 3127 Tum

1897 3153 1985 3221 qui
2039 3168 2105 3207 ex
2147 3153 2303 3223 plebe
2340 3156 2569 3209 aderant
2605 3174 2618 3209 :
2668 3156 2731 3210 lli
2778 3152 2903 3211 sunt
2952 3161 3194 3230 reliquiae
3235 3164 3466 3232 improbi

1896 3246 2137 3316 Georgii,
2173 3247 2263 3317 qui
2294 3244 2589 3318 provincia:
2617 3261 2817 3305 nostra:
2858 3253 3091 3309 intulere
3134 3257 3466 3321 vastitatem,

1823 3366 1866 3422 ο
1899 3350 1954 3393 et
2008 3340 2060 3393 in
2114 3339 2429 3395 civitatibus
2482 3342 2687 3397 nullum
2748 3346 3045 3414 permisere
3095 3348 3468 3403 consiliarium

1901 3430 2145 3485 habitare
2191 3430 2286 3501 (b).
2312 3471 2326 3485 .
2347 3470 2361 3483 .
2389 3470 2402 3483 .
2430 3470 2447 3486 .
2478 3432 2757 3489 instabant
2808 3436 2995 3490 Ariani
3036 3454 3049 3491 :
3081 3438 3470 3510 Quemcunque

1898 3523 2131 3578 volueris
2170 3532 2372 3594 praeter
2414 3524 2794 3580 Athanasium.
2830 3527 2948 3581 Dixi
2991 3530 3164 3595 vobis,
3203 3531 3280 3584 ait
3306 3531 3471 3600 impev

1903 3623 2069 3678 rator,
2120 3630 2240 3685 qute
2287 3617 2647 3673 Athanasium
2709 3632 2969 3688 spectant
3003 3623 3116 3692 jam
3176 3627 3470 3681 constituta

1897 3723 2048 3772 esse;
2076 3716 2130 3761 et
2174 3710 2251 3763 ira
2297 3720 2617 3775 commotus,
2654 3714 2799 3782 Feri,
2823 3714 2945 3781 feri,
2976 3718 3267 3773 clamabat.
3294 3718 3471 3775 Nihilo

1898 3800 2083 3855 Ariani
2134 3803 2313 3858 minus
2360 3822 2376 3857 :
2418 3807 2473 3861 Si
2514 3807 2720 3874 mittas,
2773 3810 3044 3878 inquiunt,
3088 3812 3473 3877 Athanasium,

1899 3893 2039 3961 perit
2061 3894 2253 3951 civitas
2292 3906 2511 3963 nostra;
2543 3914 2701 3955 nemo
2724 3916 2845 3956 cum
2884 3903 2975 3958 illo
3004 3907 3294 3961 consentit.
3326 3906 3472 3963 Con-

1902 3998 1981 4041 tra
2034 3989 2377 4058 imperator:
2428 3992 2589 4061 Atqui
2639 3994 2926 4064 diligenter
2969 4000 3297 4064 sciscitatus,
3349 4000 3472 4054 novi

1903 4077 2050 4133 illum
2082 4091 2230 4135 recte
2265 4085 2471 4137 sentire
2508 4100 2569 4139 ac
2602 4087 2820 4153 docere,
2841 4090 3308 4161 orthodoxumque
3331 4107 3473 4147 esse.

1899 4168 1978 4224 llli
2013 4172 2356 4242 impudenter
2389 4192 2401 4227 :
2433 4174 2540 4228 Ore
2579 4177 2795 4244 quidem
2824 4190 2973 4233 recte
3004 4178 3261 4248 loquitur,
3295 4183 3477 4235 animo

1900 4270 2080 4317 autem
2110 4264 2294 4319 dolose
2339 4268 2521 4321 sentit.
2562 4266 2699 4320 Tum
2730 4280 2921 4339 argute
2951 4272 3247 4339 imperator
3281 4290 3293 4326 :
3334 4274 3478 4328 Satis

1901 4362 1983 4407 est
2010 4355 2288 4409 testiﬁcari
2323 4372 2413 4410 vos
2460 4372 2581 4411 eum
2620 4367 2765 4413 recte
2803 4360 2945 4429 loqui
2981 4375 3044 4414 ac
3079 4362 3295 4416 docere.
3325 4363 3477 4429 Quod

1901 4445 1943 4498 si
1971 4443 2151 4515 lingua
2178 4448 2397 4515 quidem
2434 4459 2580 4503 recte
2611 4449 2872 4518 loquitur,
2902 4450 3084 4505 animo
3112 4461 3290 4505 autem
3315 4468 3480 4521 prave

1902 4538 2085 4601 sentit,
2121 4551 2208 4591 res
2255 4537 2331 4590 illi
2366 4552 2487 4591 cum
2526 4539 2632 4591 Deo
2677 4548 2777 4592 est.
2832 4538 2942 4593 Nos
2977 4541 3175 4608 quippe
3234 4542 3483 4597 homines

1904 4642 2214 4683 sermonem
2252 4638 2460 4682 tantum
2509 4630 2792 4695 audimus;
2839 4644 2959 4700 quae
3008 4641 3187 4684 autem
3240 4636 3290 4686 in
3321 4634 3485 4687 corde

222 4732 627 4788 concesserant,
650 4719 1021 4779 Athanasium
1055 4719 1298 4789 Augusto
1328 4718 1392 4771 de
1421 4716 1605 4770 multis
1635 4713 1799 4769 scele-
1832 4723 1877 4778 ι)
1906 4718 2081 4773 latent
2138 4717 2289 4770 novit
2332 4732 2470 4770 unus
2518 4719 2681 4772 Deus.
2731 4718 2921 4773 Ariani
2976 4734 3104 4774 vero
3153 4739 3168 4774 :
3212 4722 3346 4777 ane
3388 4738 3486 4776 nos

224 4816 369 4871 ribus
413 4817 687 4878 delaturi,
727 4813 874 4882 quod
926 4818 1237 4879 perpetuum
1289 4819 1409 4863 erat
1459 4820 1647 4883 eorum
1696 4814 1802 4859 stu-

224 4903 388 4960 dium.
420 4907 668 4974 Quadam
700 4918 834 4973 ergo
865 4901 954 4955 die
986 4899 1058 4970 (α)
1103 4897 1331 4953 Joviano
1368 4913 1464 4966 per
1494 4898 1801 4952 llomanen—

226 5012 329 5053 sem
382 5010 590 5070 portam
662 4998 716 5051 in
777 5008 975 5063 agrum
1032 4992 1389 5055 concedente,
1446 4990 1798 5058 inexspectatl

227 5094 533 5146 accedentes
581 5087 774 5145 Ariani
826 5083 1069 5155 Egyptii
1125 5082 1423 5150 Augustum
1475 5078 1801 5150 compellant

231 5181 308 5235 his
334 5187 508 5239 verbis
549 5202 564 5236 :
606 5181 890 5251 Rogamus
922 5176 1238 5247 potentiam,
1283 5174 1588 5243 imperium,
1626 5173 1798 5243 pieta-

234 5280 328 5327 tem
379 5286 541 5340 tuam,
577 5289 679 5329 nos
729 5271 946 5325 audias.
998 5268 1202 5333 Quibus
1249 5266 1338 5321 ille
1385 5285 1397 5319 :
1456 5265 1712 5332 Quinam.
1746 5272 1800 5317 et

234 5365 366 5423 unde
390 5368 555 5424 estis?
599 5366 702 5421 Cui
737 5362 815 5417 illi
847 5381 861 5416 :
894 5358 1209 5422 Christiani,
1242 5358 1489 5413 domine.
1514 5357 1687 5420 Unde,
1721 5357 1799 5410 ait

237 5455 524 5529 imperator,
543 5470 600 5514 et
621 5475 692 5514 ex
715 5470 825 5525 qua
852 5451 1114 5508 civitate?
1142 5451 1491 5519 Respondent
1520 5468 1532 5503 :
1558 5451 1796 5503 Alexan-

232 5544 390 5605 drina.
421 5551 730 5622 Imperator
771 5564 787 5599 :
835 5543 976 5611 Quid
1012 5541 1332 5611 postulatis?
1372 5539 1508 5595 Tum
1549 5540 1740 5595 Ariani
1781 5558 1794 5594 :

224 5635 480 5713 Rogamus
516 5639 838 5712 potentiam
881 5646 1026 5690 tuam
1079 5646 1133 5690 et
1185 5634 1467 5707 imperium
1520 5644 1691 5699 tuum,
1730 5643 1797 5711 ut

288 5827 344 5893 ἁ)
376 5826 587 5883 Athan.
621 5815 797 5893 Petit.
822 5812 893 5866 ad
926 5810 1204 5893 Iovianum
1237 5813 1477 5893 imperat.
1509 5882 1519 5893 ,

288 5828 344 5893 α)
376 5827 587 5883 Athan.
621 5827 797 5872 Pent.
822 5827 892 5866 aa
926 5827 1204 5867 Jovianum
1237 5827 1477 5879 imperat.
1509 5882 1519 5893 ,

262 5827 335 5976 ξι)
367 5897 499 5956 llaec
554 5888 851 5963 ipsissitna
898 5892 1022 5937 sunt
1067 5886 1249 5941 verba.
1278 5883 1476 5937 Athan.
1508 5882 1635 5941 Ibid.

426 5997 730 6056 ΡΑτιιοι.
774 5981 897 6043 Gtt.
932 5980 1124 6043 XXV.

1906 4819 2207 4865 conventus
2232 4807 2527 4863 celebrare.
2547 4809 2844 4878 Imperator
2868 4827 2880 4862 :
2909 4810 3040 4875 Quis
3071 4827 3168 4866 vos
3198 4813 3487 4881 prohibet?

1908 4897 1986 4953 llli
2017 4908 2203 4952 contra
2238 4914 2254 4950 :
2288 4896 2581 4953 Htereticos
2614 4908 2669 4953 et
2702 4900 3055 4968 dogmatistas
3087 4919 3186 4957 nos
3228 4907 3481 4975 appellat.

1910 4992 2119 5058 Quibus
2170 4988 2443 5058 Augustus
2481 5007 2495 5044 :
2528 4990 2640 5045 lloc
2686 4992 2803 5061 ejus
2850 5004 2929 5046 est
2981 4992 3238 5059 ollicium,
3276 5012 3484 5051 necnon

1910 5097 2099 5137 eorum
2130 5082 2222 5152 qui
2258 5095 2404 5138 recte
2424 5084 2638 5137 docent.
2667 5083 2864 5138 lterum
2887 5086 3076 5139 Ariani
3115 5105 3127 5140 :
3162 5087 3316 5142 Hunc
3343 5088 3486 5143 ferre

1910 5189 2016 5229 non
2048 5188 2364 5242 possumus;
2420 5190 2544 5228 nam
2584 5184 2640 5230 et
2678 5192 2839 5245 agros
2872 5177 3238 5232 Ecclesiarum
3286 5181 3337 5232 in
3374 5197 3484 5234 rem

1904 5267 2185 5339 propriam
2222 5267 2467 5323 divertit.
2513 5268 2818 5338 Imperator
2845 5277 3022 5325 autem
3061 5289 3073 5325 :
3122 5271 3483 5325 Pecuniarum

1905 5359 2097 5430 igitur,
2121 5370 2177 5414 et
2214 5375 2320 5413 non
2354 5359 2473 5413 lidei
2505 5374 2693 5423 causa,
2716 5361 2819 5414 huc
2845 5360 3175 5416 accessistis.
3206 5360 3484 5413 Snbdidit-

1904 5466 2013 5522 que
2060 5470 2075 5505 :
2116 5451 2395 5517 Recedite,
2444 5453 2495 5506 in
2530 5454 2821 5507 ecclesiam
2853 5453 3154 5506 concedite.
3180 5451 3312 5505 Cras
3353 5466 3483 5506 con-

1904 5554 2105 5600 ventus
2133 5545 2291 5599 vobis
2319 5548 2445 5611 erit,
2481 5557 2536 5599 et
2563 5555 2683 5616 post
2728 5546 3126 5609 dimissionem,
3175 5544 3369 5597 adsunt
3396 5544 3484 5600 hic

1905 5638 2168 5707 episcopi,
2204 5637 2442 5707 itemque
2473 5636 2814 5692 Neuicsinus.
2840 5637 3078 5705 Quisque
3113 5645 3354 5689 vesnum
3399 5650 3487 5695 se.
