4038 6524
603 394 669 437 (Ἴ.

1931 382 2455 438 PROLEGOMENA.

603 496 832 552 cundum
888 498 1041 551 fidem
1082 513 1233 550 suam
1288 495 1732 566 subscriptionem
1786 501 1954 555 dabit.
1992 501 2640 567 AdcstAcxtrabebatis,
2700 505 2916 573 quando
2973 503 3042 559 de
3095 507 3473 563 communione
3527 522 3652 563 cum
3703 509 3822 577 ipso

603 584 766 640 etiam
797 585 1139 639 Athanasius.
1166 586 1264 651 Qui
1306 587 1425 640 ﬁdei
1458 587 1754 640 doctrinam
1784 588 2016 656 ignorat,
2042 591 2153 642 edi-

602 688 717 732 scat
761 678 827 731 ab
862 678 971 731 illo.
1017 678 1133 732 Erit
1161 678 1311 732 vobis
1350 679 1645 732 crastinum
1683 689 1737 733 et
1777 681 2147 750 perendinum.

601 768 859 836 Egredior
891 770 1031 823 enim
1062 771 1115 823 in
1141 785 1411 839 campum.

670 859 724 915 7.
780 861 1003 925 Quidam
1051 871 1230 914 autem
1288 859 1644 915 scholasticus
1704 874 1769 913 ex
1827 858 2150 931 Cynicorum

600 967 821 1005 numero
854 964 1174 1022 conquestus
1201 954 1339 1020 apud
1374 952 1751 1020 imperatorem
1779 961 1881 1015 est,
1913 950 2153 1005 Catholi-

598 1058 721 1096 cum
756 1043 869 1097 sive
907 1042 1218 1096 rationalem
1243 1042 1385 1096 aedes
1413 1041 1513 1095 sibi
1543 1041 1823 1110 eripuisse.
1849 1042 1947 1095 Cui
1986 1042 2152 1111 impe-

596 1143 742 1187 rator
773 1151 789 1188 :
830 1136 883 1187 Si
915 1134 1217 1188 Catltolicus
1243 1133 1384 1186 aedes
1416 1132 1507 1185 tibi
1538 1132 1761 1200 eripuit,
1784 1133 1910 1200 quid
1958 1133 2059 1186 hoc
2085 1133 2150 1186 ad

593 1227 982 1280 Athanasium?
1030 1226 1185 1279 Alius
1232 1224 1357 1278 item
1408 1224 1781 1291 scholasticus,
1815 1226 1899 1278 cui
1952 1240 2147 1277 nomen

598 1317 832 1379 l’atalas,
868 1318 1002 1370 dixit
1047 1319 1442 1370 accusationem
1483 1316 1681 1370 habere
1722 1330 1778 1368 se
1826 1316 1878 1369 in
1910 1315 2149 1369 Athana-

592 1410 728 1461 sium
751 1405 1146 1475 proferendam.
1166 1405 1299 1458 Tum
1328 1404 1587 1459 Jovianus
1614 1423 1626 1457 :
1665 1404 1865 1472 Ecquid
1902 1407 1998 1459 tibi
2026 1420 2146 1459 cum

589 1498 936 1559 Christianis,
984 1512 1103 1550 cum
1157 1496 1525 1564 sis-gentilis?
1574 1495 1800 1559 Quidam
1852 1506 2030 1549 autem
2080 1511 2147 1550 ex

587 1589 741 1655 plebe
779 1588 1110 1641 Autiochena
1155 1588 1600 1654 comprehensum
1629 1586 1855 1639 Lucium
1906 1585 2144 1654 impera-

591 1679 686 1730 tori
722 1676 1040 1732 oll‘ereutcs:
1069 1674 1199 1728 Vide
1242 1690 1441 1745 quaeso,
1476 1674 1645 1737 aiunt,
1672 1688 1830 1742 quem
1864 1671 2145 1727 voluerunt

587 1773 894 1841 episcopum
917 1770 1267 1822 constituere.

2256 596 2485 650 ineunda
2508 608 2776 665 ageretur,
2796 599 3003 653 litteras
3032 598 3281 667 accipiat.
3303 598 3463 652 Certe
3484 598 3645 652 aiunt
3670 599 3820 655 illum

2253 702 2464 742 summo
2486 690 2662 744 studio
2688 701 2921 745 vestram
2961 691 3192 758 gratiam
3234 691 3512 759 mutuique
3538 690 3699 745 olIicii
3729 707 3819 747 so-

2206 782 2215 813 ’
2253 780 2500 833 cietatem
2547 779 2946 850 emagitavisse,
2991 789 3044 835 et
3082 778 3193 847 jam
3237 795 3587 851 summopere
3612 783 3821 845 dolere,

2253 878 2364 923 tum
2393 870 2534 938 quod
2574 886 2639 925 eo
2681 882 2921 939 tempore
2955 886 3066 924 rem
3095 882 3420 927 consecutus
3447 889 3553 927 non
3582 873 3676 937 sit,
3706 883 3819 923 tum

2251 963 2391 1031 quod
2409 964 2518 1033 jam
2538 977 2709 1018 vacua
2732 974 2786 1018 et
2807 961 3141 1017 infructuosa
3162 965 3421 1033 promissa
3445 974 3629 1019 vestra
3653 978 3819 1031 espe-

2251 1052 2443 1109 riatur.
2478 1072 2497 1104 ι
2533 1054 2666 1108 Cum
2700 1054 2885 1125 itaque
2926 1057 3196 1124 repulsam
3233 1056 3540 1121 huiusmodi
3582 1072 3614 1109 a
3656 1043 3853 1110 Mele-i‘

2252 1144 2411 1199 tianis
2440 1145 2651 1200 tulisset
2686 1146 3039 1211 Athanasius,
3072 1142 3307 1215 paciﬁcis
3338 1148 3534 1201 exinde
3578 1147 3812 1200 mutuis-

2249 1249 2354 1304 que
2376 1235 2568 1290 litteris
2591 1238 2906 1292 societatem
2930 1237 3065 1294 fovit
3090 1254 3209 1293 eum
3229 1237 3473 1301 Paulino,
3492 1237 3599 1293 alio
3624 1236 3818 1292 cathoe

2248 1327 2474 1382 licarum
2508 1331 2737 1396 partium
2771 1332 3042 1401 episcopo.

2316 1419 2465 1475 Arato
2488 1420 2611 1475 564.
2646 1451 2716 1463 --
2742 1423 2887 1477 Mors
2932 1423 3161 1477 Joviani.
3184 1423 3277 1484 {In
3300 1425 3450 1492 cujus
3482 1421 3656 1476 locum
3685 1422 3818 1478 deli-

2246 1511 2387 1580 gitur
2432 1510 2845 1576 Valentinianus,
2874 1515 2963 1583 qui
2987 1515 3086 1568 sibi
3129 1512 3391 1568 Valentem
3418 1515 3627 1567 asrisrit
3655 1516 3818 1581 impe-

2246 1603 2317 1655 rii
2343 1613 2653 1658 consortem.
2694 1635 2764 1645 —
2788 1596 3026 1661 Crandis
3048 1622 3178 1662 sane
3204 1622 3328 1676 spes
3351 1605 3654 1661 Catholicis
3673 1614 3815 1669 erat,

2246 1695 2292 1749 si
2321 1696 2388 1748 ad
2419 1697 2644 1751 multum
2672 1699 2930 1766 temporis
2951 1708 3224 1767 superstes
3251 1709 3305 1752 et
3327 1697 3614 1753 incolumis
3633 1696 3817 1751 Jovia-

2246 1804 2345 1842 nus
2371 1788 2581 1855 fuisset,
2622 1789 2879 1844 Arianam
2908 1790 3153 1845 haeresim
3182 1791 3425 1844 funditus
3455 1790 3811 1844 evertendam

654 1864 706 1917 8.
740 1861 930 1913 Lucius
962 1859 1247 1927 alloquitur
1272 1860 1652 1939 imperatorem.
1685 1884 1753 1896 —
1789 1854 1905 1925 Ipse
1930 1872 2131 1927 quoque

2249 1878 2366 1933 fore
2396 1878 2487 1951 (c).
2513 1880 2583 1933 At
2602 1881 2814 1935 occulto
2836 1882 3171 1950 providentis
3196 1882 3288 1935 Dei
3309 1881 3555 1943 consilio,
3581 1882 3813 1935 necdum

583 1955 780 2009 Lucius
828 1952 1203 2019 imperatorem
1251 1949 1499 2002 convenit
1560 1950 1625 2000 ad
1678 1948 1876 2001 atrium
1931 1948 2137 2017 palatii,

582 2047 762 2115 aitque
795 2063 806 2097 :
842 2043 1076 2098 Obsecro
1118 2040 1407 2109 potentiam
1445 2050 1611 2099 tuam,
1645 2054 1728 2092 me
1767 2039 1974 2094 audias.
2002 2039 2139 2093 Tum

582 2141 872 2207 imperator
919 2134 1175 2194 substitit,
1211 2142 1264 2185 ct
1313 2132 1385 2185 ait
1430 2148 1444 2183 :
1484 2131 1603 2185 Tibi
1648 2132 1817 2185 Lucio
1861 2134 2001 2193 dico,
2031 2147 2139 2202 quo

578 2242 736 2297 pacto
771 2229 873 2281 huc
903 2225 1133 2280 venisti?
1174 2225 1385 2288 navine,
1425 2239 1491 2276 an
1538 2223 1733 2292 pedes?
1765 2224 1861 2277 Cui
1889 2222 2084 2279 Lucius
2120 2244 2133 2278 :

577 2319 729 2373 Navi.
762 2318 1063 2385 Statimque
1098 2316 1374 2379 Jovianus,
1404 2322 1458 2368 et
1488 2314 1659 2368 facete
1692 2315 1908 2384 quidem
1943 2333 1957 2369 ε
2000 2316 2138 2370 Deus

580 2407 761 2461 mundi
818 2416 871 2460 et
937 2414 1181 2459 comatus
1240 2404 1317 2457 sol
1380 2414 1542 2473 atque
1605 2404 1729 2458 luna
1789 2406 1858 2459 iis
1911 2420 2139 2459 succen-

578 2508 717 2562 seat,
750 2499 837 2566 qui
895 2507 1069 2551 tecum
1130 2496 1467 2562 navigarunt,
1499 2496 1641 2564 quod
1680 2511 1782 2549 non
1820 2507 1869 2550 te
1906 2496 1955 2549 in
1989 2511 2135 2551 mare

580 2591 906 2662 abjcccrint:
964 2600 1018 2643 et
1071 2590 1226 2642 navis
1284 2589 1368 2641 illa
1420 2602 1694 2654 nunquam
1754 2588 1807 2641 in
1858 2598 2133 2657 posterum

514 2678 517 2679 ⁷
576 2684 829 2738 secundis
870 2682 1076 2735 fruatur
1108 2681 1305 2742 ventis,
1340 2695 1437 2733 nec
1484 2695 1605 2733 cum
1638 2680 1841 2746 jactata
1882 2679 2134 2735 fluctibus

575 2774 700 2837 erit,
738 2788 859 2827 cum
898 2770 1271 2839 navigantibus
1321 2784 1555 2839 unquam
1594 2768 1660 2823 ad
1706 2780 1923 2838 portum
1955 2770 2134 2840 appelo

576 2867 670 2919 lat.

648 2959 700 3011 9.
734 2956 864 3011 Cum
907 2957 1082 3007 autem
1126 2952 1311 3006 Ariani
1352 2949 1624 3005 eunuchos
1660 2950 1782 3013 sibi,
1820 2949 2131 3004 Probatium

574 3051 781 3104 scilicet
808 3058 864 3102 et
890 3047 1065 3101 socios
1094 3044 1309 3099 Eusebii
1354 3054 1408 3098 et
1438 3041 1724 3096 Bardionis
1768 3057 2129 3107 successores,

576 3140 761 3194 Euzoii
797 3150 959 3206 opera
1009 3135 1423 3198 conciliassem;
1468 3133 1571 3186 rati
1622 3131 1853 3187 fortasse
1898 3140 1956 3183 ut
1995 3132 2131 3200 apud

571 3230 966 3293 Constantium,
995 3227 1067 3283 ita
1112 3234 1168 3280 et
1198 3226 1337 3294 apud
1370 3223 1651 3278 Jovianunt
1695 3223 1959 3291 spadones
2003 3223 2050 3274 vi
2078 3231 2133 3277 et

571 3324 744 3391 gratia
783 3320 979 3383 valere,
1022 3333 1081 3372 re
1123 3318 1333 3386 cognita
1375 3316 1686 3384 imperator,
1721 3315 2000 3368 eunuchos
2041 3329 2132 3367 cx-

570 3412 891 3468 eruciandos
920 3408 1103 3471 tradit,
1136 3408 1208 3460 ita
1249 3407 1463 3461 locutus
1506 3423 1520 3459 :
1563 3404 1691 3459 Ilaec
1720 3404 1955 3472 patiatur
1989 3403 2133 3471 quis-

571 3504 691 3572 quis
729 3497 1437 3556 ausnsl‘ueritChristianos
1471 3496 1698 3551 deferre.
1733 3498 1912 3563 Atque
1939 3494 2011 3549 ita
2045 3495 2128 3548 di-

569 3593 715 3646 misit
743 3606 833 3645 eos
861 3589 1134 3643 Iovianus.

638 3684 726 3737 10.
750 3681 1069 3734 Athanasius
1099 3681 1285 3749 quierit
1311 3678 1535 3747 gratiam
1563 3678 1696 3731 inire
1719 3677 1914 3730 Meletii
1939 3676 2128 3732 Antio-

567 3776 733 3830 cheni.
776 3805 846 3815 —-—
882 3772 1162 3827 Athanasii
1195 3771 1405 3826 animus
1447 3780 1582 3834 erat,
1618 3785 1740 3826 cum
1786 3771 2126 3825 Antiochiam

568 3865 1017 3935 proficisceretur,
1068 3861 1352 3916 nihil-non
1404 3877 1565 3931 agere
1616 3861 1963 3916 conciliandae
2005 3876 2125 3916 cum

568 3954 780 4010 Meletio
809 3952 1146 4007 Antiocheno
1179 3951 1366 4021 gratiae
1406 3967 1590 4007 causa.
1628 3952 1733 4006 Sed
1760 3962 2124 4007 veteratorutn

566 4046 845 4099 hominum
892 4042 1116 4097 consilio
1163 4044 1382 4107 factum,
1422 4051 1478 4095 ut
1508 4045 1572 4097 ad
1603 4043 1746 4097 aliud
1778 4058 1987 4112 tempus
2030 4058 2126 4095 cx-

569 4141 737 4185 tracta
766 4145 852 4183 res
876 4129 1055 4184 fuerit.
1096 4129 1163 4183 Et
1184 4144 1378 4199 magno
1406 4131 1623 4199 quidem
1664 4146 1825 4200 opere
1854 4132 1941 4185 ille
1988 4131 2126 4184 nite-

564 4225 726 4277 batur
747 4238 933 4292 pacem
964 4223 1466 4294 communionisque
1499 4224 1815 4279 societatem
1841 4223 1978 4276 inire
1999 4237 2121 4277 cum

564 4314 885 4381 Meletianis,
925 4330 1370 4384 communemque
1400 4330 1618 4384 Operam
1658 4316 1819 4369 rebus
1861 4316 2121 4369 ecclesia-

562 4407 713 4463 5ticis
738 4406 1003 4463 conferre.
1051 4407 1247 4461 Verum
1285 4408 1382 4471 illi,
1412 4410 1525 4461 sive
1555 4405 1769 4459 Paulini
1804 4405 1977 4459 amico
2013 4404 2121 4458 dif-

564 4500 647 4554 ﬁsi
679 4499 775 4569 (a),
822 4503 935 4554 sive
978 4500 1082 4554 alio
1134 4500 1511 4569 interpellante
1555 4492 1805 4563 negotio,
1838 4498 2122 4566 promissis

562 4592 776 4661 quidem
829 4591 1127 4646 Athanasio
1180 4606 1332 4662 spem
1384 4590 1560 4646 fecere
1624 4588 1968 4658 perliciundae
2018 4589 2119 4656 rei,

561 4683 1060 4752 Optatissimamque
1086 4681 1185 4749 ipsi
1210 4695 1393 4750 pacem
1422 4678 1746 4733 distulerunt
1788 4679 1838 4731 in
1864 4688 2125 4747 opportu-

562 4773 765 4825 niorem
792 4781 1180 4839 tempestatem.
1228 4770 1295 4824 Et
1332 4782 1510 4824 tamen
1550 4769 1737 4823 multis
1774 4780 1897 4837 post
1938 4770 2115 4833 annis,

559 4876 682 4915 cum
707 4861 934 4916 Basilius
960 4862 1284 4932 scilicetjam
1307 4863 1591 4930 cpiscopus
1618 4870 1781 4923 esset,
1809 4861 2118 4915 excubante

559 4951 689 5006 licet
736 4954 1028 5007 Athanasio
1080 4955 1142 5007 ad
1186 4968 1397 5009 omnem
1442 4956 1745 5011 concordia:
1794 4954 2115 5008 reducendae

556 5044 918 5111 occasionem,
942 5046 1173 5099 nondum
1199 5047 1437 5103 confecta
1463 5062 1548 5101 res
1572 5045 1767 5101 fuerat.
1803 5045 1932 5110 Quae
1956 5056 2121 5097 causa

559 5133 658 5188 fuit
685 5145 740 5188 ut
763 5134 989 5190 Basilius
1006 5135 1120 5191 haec
1137 5137 1189 5191 in
1212 5139 1440 5206 quadam
1464 5134 1690 5206 epistola
1714 5134 1928 5189 Meletio
1952 5133 2120 5187 verba

558 5222 745 5279 fecerit
770 5225 843 5297 (ὁ)
880 5244 893 5279 z
923 5245 945 5281 ι
972 5228 1322 5282 Athanasium
1350 5228 1492 5297 quod
1522 5235 1752 5296 spectat,
1778 5222 2120 5294 prudentiam

558 5324 727 5381 tuam,
764 5336 983 5388 gnaram
1014 5321 1140 5375 licet
1181 5320 1402 5389 hujusce
1444 5320 1545 5383 rei,
1581 5316 2115 5375 commouefacimus,

557 5408 687 5464 nihil
720 5425 878 5481 posse
922 5411 1113 5467 litteris
1144 5413 1277 5467 meis
1316 5413 1419 5466 hoc
1461 5412 1513 5464 in
1548 5410 1764 5478 negotio
1800 5405 1998 5461 confici
2033 5404 2118 5457 vel

565 5504 895 5569 promoveri;
941 5504 1042 5558 nisi
1075 5521 1105 5557 a
1148 5504 1301 5560 vobis
1328 5518 1558 5574 quoque,
1585 5500 1692 5570 ,qui
1730 5498 1857 5554 olim
1907 5506 2116 5566 tempus

628 5702 703 5769 (α)
742 5702 900 5755 Basil.
928 5719 1014 5770 ep.
1045 5704 1167 5756 “275.

627 5775 700 5837 (ὁ)
737 5772 1013 5842 Βαδη.‹ηη
1052 5773 1175 5828 549.

2246 1979 2369 2025 octo
2397 1971 2463 2024 ab
2491 1971 2624 2025 inito
2666 1972 2897 2041 imperio
2938 1974 3215 2027 mensibus
3238 1972 3457 2042 elapsis,
3500 1973 3814 2028 Dadastane

2247 2060 2314 2113 ad
2356 2058 2619 2130 Bithyniae
2646 2060 2779 2116 ﬁnes
2816 2062 2994 2116 subito
3025 2063 3322 2116 exStinctus
3350 2073 3451 2127 est,
3475 2062 3563 2116 die
3599 2063 3811 2117 decima

2245 2152 2473 2220 septima
2497 2148 2800 2220 Februarii,
2825 2167 2964 2206 auo
2989 2153 3115 2207 564.
3134 2152 3297 2222 Cujus
3320 2154 3455 2217 loco,
3480 2164 3695 2223 septem
3731 2154 3814 2207 in-

2247 2244 2520 2313 terpositis
2563 2246 2771 2309 diebus,
2806 2247 3154 2315 inauguratur
3192 2247 3258 2300 ab
3288 2246 3528 2300 exercitu
3560 2246 3811 2300 Valenti-

2244 2334 2440 2391 nianus
2487 2336 2570 2391 vir
2608 2337 2946 2391 Christianus
2993 2345 3048 2391 et
3090 2338 3237 2405 pius;
3288 2338 3379 2406 qui
3437 2339 3539 2393 sub
3592 2337 3810 2392 Juliano

2242 2422 2445 2481 Christi
2466 2440 2660 2481 nomen
2688 2428 2989 2493 confessus,
3031 2428 3214 2497 pulsus
3235 2428 3287 2481 in
3318 2429 3566 2484 exsilium
3606 2428 3807 2482 fuerat.

2243 2508 2308 2564 Et
2332 2526 2461 2566 sane
2487 2513 2529 2566 si
2557 2514 2726 2577 solus,
2750 2530 2855 2567 non
2895 2513 3129 2569 admisso
3151 2526 3398 2570 eonsorte
3428 2516 3665 2585 imperii,
3694 2518 3797 2571 cla-

2242 2617 2365 2656 vum
2396 2604 2675 2667 tenuisset,
2707 2595 3070 2674 redintegrata
3093 2620 3240 2673 spes,
3267 2616 3320 2660 et
3348 2615 3431 2661 sat
3456 2618 3805 2677 prospectum

2240 2694 2548 2763 reipublicae
2589 2694 2910 2750 Christiana:
2955 2699 3237 2751 commodo
3290 2707 3344 2751 et
3390 2698 3610 2753 utilitati
3664 2710 3805 2755 erat.

2240 2782 2437 2838 Verum
2470 2785 2520 2839 in
2555 2802 2774 2855 gravem
2815 2786 3069 2842 Ecclesiae
3102 2790 3395 2858 perniciem
3424 2807 3594 2845 xxvnt
3623 2793 3804 2849 Martii

2240 2874 2398 2944 hujus
2432 2877 2562 2931 anni
2591 2878 2870 2933 Valentem
2899 2879 3119 2933 fratrem
3154 2882 3468 2950 pronuntiat
3503 2884 3805 2953 imperato-

2240 2982 2352 3021 rem
2399 2981 2414 3021 :
2462 2968 2742 3035 divisoque
2783 2970 3032 3037 imperio,
3086 2968 3429 3026 Occidentem
3468 2973 3594 3038 sibi,
3649 2974 3804 3031 fratri

2238 3056 2512 3113 Orientem
2553 3060 2813 3127 assignat.
2848 3059 2949 3124 Qui
2989 3058 3188 3114 Valens
3222 3063 3441 3130 quantis
3484 3063 3799 3121 Catholicos

2239 3149 2394 3204 malis
2417 3146 2676 3215 all‘ecerit,
2711 3165 2742 3204 a
2784 3151 2946 3206 nullis
2990 3166 3095 3206 non
3132 3150 3274 3205 illius
3298 3153 3403 3208 aevi
3438 3154 3804 3225 scriptoribus

2238 3250 2515 3295 narratur.

2307 3332 2455 3384 ANNO
2482 3330 2606 3385 365.
2636 3360 2704 3370 —
2733 3330 2786 3384 1.
2823 3330 2969 3385 Mors
3002 3330 3258 3385 Theodori
3289 3333 3513 3388 abbatis.
3547 3365 3620 3374 —
3644 3334 3803 3391 Prio-

2236 3422 2384 3476 ribus
2412 3432 2586 3476 tamen
2631 3423 2697 3476 ab
2728 3423 2949 3477 ineunte
2983 3422 3219 3479 Valentis
3248 3424 3475 3494 imperio
3503 3428 3665 3481 annis
3696 3443 3799 3496 pax

2234 3515 2532 3569 Athanasio
2582 3514 2684 3570 fuit
2729 3530 2757 3568 a
2793 3516 3166 3570 vexationibus
3208 3525 3262 3569 et
3306 3519 3583 3581 aerumnis,
3636 3530 3801 3586 atque

2235 3603 2466 3658 facultas
2504 3602 2768 3659 edocendi
2809 3604 2977 3659 libere
3014 3606 3217 3675 populi.
3253 3607 3408 3660 Anno
3435 3618 3616 3661 autem
3640 3609 3802 3664 circi-

2234 3705 2319 3750 ter
2354 3694 2458 3749 365
2495 3695 2807 3750 Theodorus
2845 3697 2933 3751 ille
2968 3698 3133 3752 abbas
3173 3699 3269 3769 (Δ),
3299 3700 3516 3766 quicum
3550 3702 3800 3756 Athana-

2231 3786 2345 3841 sius
2390 3784 2542 3839 exsul
2583 3798 2639 3840 et
2679 3786 2939 3857 profugus
2986 3788 3125 3842 haud
3169 3790 3333 3843 semel
3387 3803 3638 3862 versatus
3692 3804 3797 3857 est,

2232 3877 2373 3931 diem
2412 3875 2544 3932 obiit
2582 3887 2907 3933 extremum.
2952 3878 3068 3945 Quo
3103 3879 3310 3947 perlato
3337 3883 3403 3935 ad
3434 3883 3797 3941 Athanasium

2232 3968 2441 4033 nuntio,
2475 3968 2687 4023 litteras
2718 3969 2806 4024 ille
2836 3970 3222 4026 eonsolatorias
3247 3972 3454 4027 Orsisio
3478 3975 3662 4029 abbati
3700 3979 3800 4030 mi-

2231 4060 2300 4113 sit
2342 4071 2398 4113 et
2441 4061 2720 4115 monachis
2760 4064 2811 4114 ei
2858 4063 3105 4126 subditis,
3150 4064 3343 4131 quibus
3390 4066 3712 4121 testificatur
3740 4085 3801 4125 se

2230 4164 2438 4204 summe
2480 4150 2545 4204 de
2572 4150 2722 4204 obitu
2757 4160 2863 4204 tam
2895 4150 3139 4218 praeclari
3179 4151 3277 4204 viri
3308 4152 3506 4215 dolere,
3542 4155 3595 4206 in
3639 4171 3797 4211 nsunt

2230 4250 2294 4289 ac
2328 4235 2553 4290 salutem
2599 4235 2824 4290 fratrum
2867 4238 3012 4303 nati;
3056 4239 3235 4292 multis
3277 4239 3530 4310 lacrymis
3565 4254 3799 4300 mortem
3880 4296 3881 4301 η

2228 4318 2344 4387 ejus
2366 4328 2794 4388 prosecuturum,
2820 4320 2918 4373 ttisi
2949 4336 3210 4375 summam
3237 4333 3448 4375 nactum
3477 4323 3795 4382 felicitatem

2230 4407 2490 4461 crederet.
2549 4407 2718 4475 Rogat
2762 4413 3078 4474 monachos,
3118 4410 3365 4479 precibus
3408 4414 3518 4467 suis
3558 4417 3627 4470 de
3664 4432 3801 4484 pace

2230 4498 2479 4553 Ecclesiae
2514 4498 2878 4554 conﬁrmanda
2907 4516 3026 4553 cum
3058 4503 3165 4556 Deo
3188 4513 3370 4573 agant,
3406 4503 3654 4561 Licuisse
3692 4510 3795 4562 sibi

2229 4587 2303 4639 ait
2355 4600 2452 4654 per
2508 4585 2751 4641 inducias
2814 4587 2936 4642 belli
3002 4598 3056 4642 et
3107 4593 3408 4646 vexationis
3462 4594 3563 4648 isto
3627 4568 3843 4677 etiantf‘

2227 4692 2369 4732 anno
2410 4690 2653 4734 sanctum
2702 4679 2907 4735 Pascha
2947 4693 3002 4735 et
3044 4682 3394 4739 Pentecosten
3437 4686 3559 4741 ctim
3607 4688 3796 4747 laetitia

2228 4770 2523 4824 celebrare.

2294 4862 2349 4915 2.
2380 4861 2697 4915 Athanasius
2725 4864 2902 4915 scribit
2951 4861 3122 4917 Vitam
3150 4864 3387 4920 Antonii.
3416 4896 3487 4905 ——
3518 4867 3633 4924 Hoc
3666 4872 3795 4925 item

2226 4955 2443 5009 circiter
2475 4963 2704 5023 tempus,
2738 4954 3051 5025 rogantibus
3102 4958 3473 5012 transmarinis
3509 4964 3800 5017 monachis

2228 5046 2281 5098 in
2306 5046 2581 5114 peregrina
2617 5047 2834 5114 regione
2862 5048 3222 5113 versantibus,
3253 5058 3307 5101 et
3335 5050 3575 5116 quidem,
3613 5064 3671 5105 ut
3706 5070 3797 5107 ar-

2226 5136 2508 5200 bitramur,
2538 5135 2971 5191 Occidentalibus
2995 5137 3124 5206 (jam
3157 5139 3297 5191 enim
3327 5155 3423 5207 per
3444 5138 3796 5199 Occidentem

2224 5222 2552 5292 frequentari
2578 5235 2815 5295 cmperat
2845 5228 3196 5280 monasticum
3234 5228 3583 5296 institutum),
3619 5240 3795 5288 Anto-

2226 5315 2301 5369 nii
2347 5316 2591 5384 praeclari
2638 5318 2781 5372 illius
2829 5319 3045 5379 deserti.
3080 5321 3269 5375 incolae
3313 5322 3500 5386 vitam,
3538 5334 3711 5392 gesta,
3737 5335 3795 5379 et

2227 5405 2484 5460 miracula
2528 5409 2727 5476 scripto
2777 5410 3073 5475 mandavit,
3122 5427 3187 5465 ex
3242 5412 3312 5467 iis
3368 5427 3488 5481 quae
3538 5414 3802 5484 frequens

2226 5498 2470 5551 adeundo
2490 5499 2661 5552 virum
2716 5514 2818 5554 nec
2845 5502 3053 5557 modico
3084 5503 3336 5563 temporis
3361 5503 3647 5559 intervallo
3668 5520 3797 5561 cum

2297 5702 2369 5769 (ε)
2409 5700 2615 5771 Socrat.
2647 5700 2737 5771 lib.
2771 5716 2838 5765 tv,
2875 5718 2994 5771 cap.
3032 5704 3076 5757 l.

2276 5768 2370 5842 «(ά)
2409 5771 2462 5824 In
2508 5768 2625 5824 Vita
2660 5768 3101 5845 l’achotttii,Acta
3135 5774 3262 5838 SS..
3296 5776 3359 5830 14
3390 5775 3534 5833 Maii.

3831 4695 3843 4711 7

3831 4787 3841 4817 1
