4038 6518
602 419 709 477 α.ιί

1936 419 2468 477 PROLICGOMENA.

602 534 684 587 vir
730 548 893 601 prope
926 542 1044 587 acta
1086 544 1139 585 et
1183 532 1405 585 decursa
1463 543 1619 585 anatc
1670 533 1903 601 patrium
1953 545 2163 587 vertere
2193 540 2235 593 Α
2264 538 2419 589 :mnis
2439 536 2486 589 ei
2520 534 2734 588 licuerit
2763 533 2867 588 alta
2898 544 2952 588 et
2985 534 3375 601 imperturbata
3407 536 3508 591 frui
3533 552 3686 605 pace.
3710 541 3841 606 Qua:

602 623 772 677 solum
819 633 1039 677 coactus
1067 635 1167 677 est.
1208 624 1367 678 Multa
1411 633 1567 677 nocte
1613 625 1897 692 praefectus
1925 625 2163 695 Egypti,

600 716 892 767 comitante
934 718 1066 769 duce
1114 716 1371 771 militibus
1406 717 1624 784 stipato,
1655 716 1937 770 ecclesiam
1973 719 2022 770 in
2059 734 2163 786 qua

602 804 929 858 domicilium
966 806 1195 860 habebat
1220 808 1543 860 Athanasius
1576 808 1798 870 invadit,
1838 820 1984 863 ratus
2014 811 2164 863 scili-

598 904 683 947 cet
722 910 1026 965 compressa
1078 897 1359 956 seditione,
1410 897 1726 965 populisque
1772 913 2018 952 somnum
2074 916 2163 953 ca-

596 987 884 1054 pientibus,
925 1002 982 1040 se
1015 988 1158 1041 tntllo
1194 990 1427 1057 negotio,
1455 988 1597 1041 nullo
1632 990 1900 1043 concitato
1935 993 2161 1043 tumultu

597 1074 979 1144 irrumpentem
1002 1116 1015 1139 ,
1052 1076 1287 1129 Valentis
1328 1078 1591 1146 imperata
1627 1078 1919 1134 facturum.
1946 1081 2010 1134 Et
2040 1096 2159 1134 cum

598 1168 793 1234 ubique
824 1168 1173 1221 Athanasium
1209 1168 1259 1221 in
1295 1169 1427 1237 ipsis
1450 1185 1619 1239 usque
1658 1171 1913 1225 tabulatis
1947 1172 2163 1240 perqui-

594 1258 863 1320 sivisscnl,
896 1273 991 1326 spe
1034 1258 1172 1321 falsi,
1204 1272 1369 1327 reque
1406 1259 1601 1313 infecta
1625 1258 1941 1314 abscedunt.
1971 1262 2160 1331 Ingens

596 1358 703 1402 tum
729 1350 1015 1403 admiratio
1044 1359 1268 1404 cunctos
1301 1349 1487 1413 subiit,
1519 1352 1657 1419 quod
1692 1352 2019 1405 Athanasius
2047 1354 2161 1407 sive

593 1439 797 1494 ctelesti
826 1442 1051 1506 monitu,
1078 1442 1189 1495 sive
1221 1441 1415 1511 ingenii
1458 1442 1873 1511 perspicacitate
1898 1482 1911 1503 ,
1942 1458 1997 1495 re
2027 1458 2160 1512 pra:-

592 1542 747 1584 canta
798 1540 957 1599 atque
1010 1532 1270 1600 prmvisa,
1312 1546 1372 1586 se
1416 1532 1780 1586 subduxisset.
1830 1532 2052 1593 Tamen,
2085 1533 2159 1586 ait

596 1622 947 1684 Sozomenns,
984 1634 1042 1677 ut
1075 1623 1193 1691 quis
1241 1632 1346 1676 tam
1406 1634 1707 1691 Opportune
1757 1634 1999 1692 tempore
2054 1624 2155 1677 sibi

595 1713 898 1783 prospicere
930 1714 1255 1782 insidiasque
1286 1728 1478 1767 cavere
1512 1716 1700 1783 possit,
1740 1715 1788 1768 id
1834 1716 2052 1780 majoris
2086 1716 2157 1768 vi-

594 1804 750 1856 detur
772 1817 888 1856 esse
917 1804 1265 1871 providentiae
1306 1819 1464 1871 quam
1516 1819 1633 1871 qua:
1684 1805 1735 1858 in
1770 1807 2039 1859 hominem
2068 1822 2157 1859 ca-

2266 644 2398 681 sane
2416 627 2668 695 temporis
2696 627 2830 679 ratio
2864 627 3151 690 constabit,
3178 630 3221 680 si
3255 629 3321 680 ad
3350 642 3550 681 annum
3589 628 3695 681 567
3726 632 3839 698 ejus

2265 718 2444 786 fugam
2479 717 2813 784 reditumque
2852 715 3214 770 conferamus.
3250 716 3315 770 Et
3340 732 3468 771 vero
3506 732 3628 770 cum
3664 718 3839 773 Theo.

2266 811 2443 877 phane
2469 807 2776 861 consentire
2802 806 3012 860 videtur
3039 805 3395 873 Sozomenus,
3430 811 3522 878 qui
3549 820 3673 877 post
3709 811 3841 864 alla-

2268 911 2375 953 tam
2404 899 2471 953 ab
2508 898 2794 951 Enstathio
2831 907 2885 951 et
2943 899 3220 952 sodalibus
3265 914 3446 953 cusam
3480 902 3601 954 fidei
3631 902 3840 955 confes-

2263 993 2492 1053 sionem,
2518 989 2593 1042 ait
2618 988 2833 1043 eusdem
2860 989 3100 1057 acceptis
3148 988 3345 1044 Liberii
3381 991 3576 1044 litteris
3601 991 3653 1045 in
3699 992 3840 1047 Sici-

2264 1080 2387 1133 liam
2418 1080 2842 1133 transmittentes
2884 1079 3006 1131 istic
3048 1080 3311 1147 synodum
3358 1082 3634 1145 habuisse,
3662 1090 3719 1134 et
3746 1096 3841 1135 eo-

2263 1172 2380 1225 dem
2411 1178 2649 1239 tempore
2684 1168 2837 1224 lectis
2882 1171 2933 1223 in
2972 1171 3176 1237 synodo
3207 1169 3474 1239 Tyanensi
3527 1170 3718 1224 iisdem
3752 1170 3841 1225 lit-

2264 1262 2414 1325 teris,
2442 1276 2561 1315 cum
2614 1260 2719 1313 alia
2762 1261 3046 1328 permulta,
3091 1270 3203 1313 tum
3238 1262 3288 1314 id
3338 1261 3503 1314 etiam
3556 1263 3836 1314 decretum

2261 1351 2447 1414 fuisse,
2478 1358 2535 1402 ut
2584 1350 2830 1419 proximo
2875 1363 2999 1402 vere
3047 1348 3202 1401 Tarsi
3257 1348 3310 1401 in
3361 1348 3549 1401 Cilicia
3594 1349 3837 1417 synodus

2258 1444 2647 1497 celebraretur.
2675 1441 2803 1506 Quae
2845 1451 3018 1493 tamen
3053 1440 3323 1508 prohibito
3364 1439 3603 1492 Valentis
3651 1437 3836 1491 habita

2259 1543 2363 1582 non
2395 1527 2514 1582 fuit.
2542 1528 2590 1583 Is
2618 1531 2803 1582 eodem
2828 1536 3066 1596 tempore
3099 1528 3287 1590 edixit,
3318 1525 3690 1581 exturbandos
3722 1524 3837 1578 fore

2258 1619 2548 1673 catholicos
2574 1618 2854 1689 przesules.
2880 1618 3013 1673 Cum
3044 1634 3204 1688 porro
3229 1628 3286 1672 ut
3313 1619 3516 1672 tardius
3549 1632 3695 1669 anno
3731 1616 3836 1670 566

2258 1712 2380 1765 data
2407 1712 2710 1781 sitepistola
2732 1709 2952 1775 Liberii,
2972 1712 3061 1779 qui
3105 1726 3170 1765 eo
3212 1711 3326 1779 ipso
3370 1725 3514 1762 anno
3542 1710 3835 1763 defunctus

2256 1810 2361 1867 est,
2400 1817 2540 1856 anno
2568 1800 2925 1869 subsequente
2966 1800 3307 1870 imperatoris
3335 1799 3567 1854 edictum
3593 1798 3835 1866 promul-

594 1894 702 1947 dat.
736 1893 871 1948 Sunt
903 1894 992 1961 qui
1027 1894 1224 1955 dicant,
1271 1896 1657 1959 Athanasium,
1692 1912 1811 1949 cum
1852 1896 2154 1951 inconside-
2188 1889 2229 1944 Β
2258 1901 2439 1963 gatllm
2471 1892 2652 1946 fuerit.
2680 1891 2793 1945 Non
2826 1893 3036 1947 Videtur
3058 1894 3198 1947 enim
3227 1901 3351 1946 ante
3378 1893 3580 1953 datum.
3616 1905 3741 1944 cum
3767 1891 3833 1943 ad

594 1996 767 2039 ratum
807 1985 981 2053 populi
1012 1988 1291 2039 tmnnltum
1319 1989 1653 2055 praevideret,
1696 1990 1921 2042 veritum
1952 2004 2018 2043 ne
2046 2000 2155 2043 tur-

594 2078 778 2130 barum
822 2079 933 2147 ipse
983 2089 1171 2132 auctor
1225 2079 1543 2142 haberetur,
1579 2081 1719 2134 haud
1766 2076 1978 2134 modico
2021 2092 2155 2134 tem-

592 2184 721 2238 pore
757 2170 807 2221 in
837 2169 1085 2238 sepulcro
1120 2169 1291 2236 patrio
1323 2170 1614 2223 delituisse.

659 2263 712 2315 Ξ.
756 2261 942 2315 Valens
972 2261 1316 2313 Athanasium
1351 2259 1780 2314 revocat.—Sub
1808 2261 1918 2314 haec
1940 2261 2149 2325 Ariani,

590 2354 740 2423 queis
771 2355 933 2407 animi
966 2367 1027 2406 ex
1083 2350 1320 2405 Valentis
1366 2352 1543 2405 edicto
1584 2351 1809 2405 multum
1844 2362 2149 2415 creverant,

590 2446 657 2497 ab
677 2461 740 2499 eo
777 2445 1070 2513 postulant,
1096 2453 1153 2496 ut
1184 2442 1567 2497 Alexandriam
1598 2444 1795 2499 Lucius
1824 2444 2147 2507 mitteretur,

588 2537 677 2604 qui
706 2536 1058 2605 episcopalem
1080 2536 1258 2591 sedem
1290 2545 1597 2609 occuparet.
1632 2534 1781 2601 Quod
1820 2545 1994 2589 tamen
2041 2535 2147 2588 illis

589 2625 880 2678 Athanasio
920 2626 1203 2693 superstite
1244 2626 1461 2678 minime
1498 2640 1837 2679 concessum.
1866 2628 1974 2678 IIIIO
2020 2641 2148 2679 vero

593 2715 783 2769 Valens
833 2715 1138 2784 pepularem
1179 2716 1496 2771 seditionem
1549 2714 1924 2777 reformidans,
1958 2716 2147 2771 litteris

588 2809 699 2861 suis
748 2808 1041 2861 Athanasio
1093 2808 1219 2862 fecit
1257 2810 1556 2878 repetenda!
1612 2810 1753 2863 sedis
1806 2817 2145 2878 potestatem.

589 2898 882 2968 Suspicor,
922 2901 998 2951 ait
1054 2898 1418 2964 Sozomenus,
1468 2901 1740 2955 Valentem
1806 2916 1908 2955 n0n
1960 2910 2147 2969 SttOpte

585 2990 814 3044 consilio
851 2992 947 3043 has
973 2991 1181 3043 litteras
1203 2990 1413 3044 dedisse
1433 3031 1446 3054 ,
1472 2991 1586 3055 sed,
1616 2991 1696 3043 vel
1728 2990 1869 3056 quod
1927 2990 2144 3043 insitam

584 3082 821 3135 omnium
853 3082 1047 3135 animis
1072 3081 1135 3134 de
1168 3080 1447 3135 Athanasii
1490 3082 1688 3135 virtute
1718 3082 2026 3150 opinionem
2057 3098 2142 3136 se-

584 3187 701 3225 cum
742 3180 1036 3239 repntaret,
1078 3186 1297 3240 remque
1335 3172 1453 3226 ideo
1506 3170 1898 3235 Valentiniano,
1937 3171 2025 3240 qui
2059 3170 2145 3223 Ni-

580 3279 740 3316 t-tcnze
784 3263 903 3316 fidei
952 3264 1231 3327 haerebat,
1269 3262 1384 3317 fore
1432 3264 1841 3331 permolestam;
1891 3262 1971 3315 vel
2004 3261 2145 3330 quod
2171 3223 2212 3280 Ο

578 3356 856 3409 Athanasii
914 3364 1236 3409 sectatorum
1285 3354 1678 3408 multitudinem
1732 3353 2142 3419 refortnidaret,

581 3460 648 3498 ne
675 3444 879 3498 scilicet
916 3454 1254 3511 erumperent
1299 3445 1351 3497 in
1401 3445 1586 3497 turbas
1642 3453 1800 3511 atque
1830 3443 2139 3495 seditiones.

580 3537 658 3588 Ad
707 3537 817 3589 hrec
871 3550 1000 3589 vero
1044 3535 1256 3588 Ariana:
1289 3535 1539 3590 factionis
1586 3534 1821 3601 epiSCOpi
1861 3550 1965 3586 non
1996 3544 2143 3588 tanta

581 3625 940 3679 sollicitudine
964 3625 1301 3677 excubabant
1339 3625 1405 3676 ad
1432 3640 1552 3677 eum
1582 3624 1869 3692 episcopali
1902 3625 2025 3677 sede
2050 3624 2144 3677 de-

582 3716 905 3770 turbandum
950 3732 961 3766 :
1020 3716 1251 3767 futurum
1313 3717 1719 3784 prospicientes,
1765 3718 1806 3768 si
1859 3716 2143 3784 pelleretur

580 3808 777 3867 denuo,
801 3805 1153 3873 imperatores
1175 3803 1635 3871 interpellaturum
1659 3821 1671 3868 ;
1699 3815 1963 3874 pactaque
1998 3806 2142 3876 ipsos

580 3896 809 3948 adeundi
837 3894 1136 3955 Occasione,
1167 3894 1459 3962 periculum
1507 3895 1619 3950 fore
1666 3911 1731 3950 ne
1767 3897 2042 3952 Valentem
2073 3898 2141 3950 ad

580 4001 729 4039 suam
761 3985 1389 4053 deducerCtOpinionem,
1422 3986 1973 4056 Valentinianumque,
2001 4002 2141 4041 vera:

578 4088 898 4133 sectatorem
925 4077 1068 4141 fidei,
1090 4079 1344 4147 querelis,
1370 4078 1639 4144 oratione,
1667 4080 2131 4148 dignitateinllam-

579 4180 753 4223 maret
788 4171 837 4223 in
869 4168 1224 4224 adversarios.
1258 4168 1333 4223 Ne
1368 4170 1465 4223 viri
1506 4170 1772 4240 ingenium
1799 4183 1852 4225 et
1872 4173 2139 4241 sagacitas

577 4275 642 4312 ex
677 4260 741 4314 iis
795 4274 913 4327 qua:
953 4259 1264 4313 Constantio
1300 4260 1623 4325 imperatore
1662 4263 2029 4332 contigerant,
2056 4272 2139 4315 sat

576 4360 884 4421 perspecta,
917 4350 1295 4419 satexplorata
1323 4360 1440 4405 erat
1482 4368 1492 4401 :
1534 4353 1814 4419 prudentia
1853 4356 2049 4422 quippe
2076 4367 2139 4406 ac

578 4444 937 4512 prospiciendi
968 4444 1014 4495 vi
1037 4442 1256 4497 insidias
1286 4452 1341 4497 et
1361 4444 1787 4512 conspirationes
1810 4459 1950 4512 smpe
1980 4443 2138 4497 decli-

2255 1993 2456 2032 annum
2489 1978 2591 2032 567
2623 1978 2818 2034 Valens
2865 1981 3002 2035 bello
3039 1989 3329 2049 occupatus
3366 1979 3626 2041 Gothico,
3669 1988 3832 2032 tanta:

2256 2068 2545 2124 inferenda:
2573 2085 2669 2140 per
2711 2080 2877 2124 totum
2925 2072 3203 2139 imperium
3239 2071 3533 2133 vexationi,
3567 2070 3657 2123 vix
3705 2085 3829 2140 spa-

2256 2159 2387 2212 tium
2422 2169 2474 2213 et
2504 2160 2838 2216 occasionem
2872 2163 3120 2215 habuisse
3144 2163 3401 2230 potuerit.

2322 2249 2469 2303 ANNO
2493 2250 2931 2321 568.—Sgnodus
2958 2252 3188 2306 Romana
3205 2254 3349 2321 prior
3374 2253 3467 2307 sub
3498 2252 3829 2309 Damam.—

2250 2341 2425 2405 Anuo,
2462 2353 2518 2395 ut
2556 2343 2859 2412 opinamur,
2897 2346 3036 2408 568,
3072 2345 3331 2399 Damasus
3374 2359 3507 2412 papa
3551 2344 3829 2398 celebrato

2252 2430 2436 2486 Romae
2488 2448 2585 2502 pro
2636 2435 2999 2489 confirmanda
3036 2434 3250 2489 Nicaata
3284 2436 3387 2489 fide
3427 2434 3685 2497 concilio,
3722 2434 3827 2487 Va-

2250 2521 2443 2576 lentem
2492 2535 2547 2578 et
2592 2523 2869 2580 Ursacium
2932 2525 3164 2581 famosos
3221 2527 3338 2582 illos
3396 2527 3823 2583 Occidentalium

2250 2612 2571 2669 Arianorum
2613 2616 2992 2686 antesignanos
3026 2618 3305 2673 damnatos
3338 2617 3630 2685 abdicavit,
3664 2627 3827 2687 atque

2249 2705 2428 2772 lapsos
2457 2716 2695 2775 tempore
2720 2708 3020 2764 vexationis
3062 2711 3340 2779 episCOpos
3364 2710 3429 2762 ad
3459 2708 3697 2762 ollicium
3744 2723 3827 2762 re-

2248 2810 2442 2851 vocare
2498 2809 2721 2853 conatus
2763 2810 2881 2867 est,
2912 2801 3137 2856 detectis
3170 2803 3233 2856 iis
3256 2802 3345 2871 qui
3384 2801 3706 2855 defectionis
3735 2816 3826 2852 au-

2247 2900 2425 2943 ctores
2454 2891 2699 2947 fuissent.
2733 2892 2954 2947 Litteris
2990 2904 3167 2949 autem
3208 2894 3446 2965 synodus
3484 2906 3608 2947 acta
3646 2904 3700 2947 et
3729 2894 3822 2946 de-

2248 2990 2396 3033 creta
2426 2998 2521 3034 sua
2546 2983 2742 3052 ubique
2787 2985 3129 3053 significavit.

2314 3071 2462 3126 ANNO
2489 3071 2613 3126 569.
2650 3101 2720 3112 -
2748 3072 2988 3143 Synodus
3026 3074 3403 3128 Alexandrina.
3434 3104 3504 3113 —
3534 3072 3629 3127 His
3662 3088 3821 3128 acce-

2246 3161 2352 3231 ptis
2388 3162 2603 3227 litteris,
2633 3163 2961 3217 Athanasius
3008 3165 3269 3235 synodum
3298 3173 3561 3219 convocat
3586 3165 3819 3219 Alexan«

2246 3251 2384 3305 dria:
2437 3253 2589 3319 cujus
2618 3253 2890 3323 synodalis
2916 3253 2983 3308 ad
3010 3253 3170 3309 Afros
3205 3255 3428 3323 epistola
3474 3264 3656 3310 exstat
3682 3257 3823 3310 inter

2245 3356 2407 3409 Opera
2434 3344 2731 3399 Athanasii.
2763 3343 2813 3397 Is
2843 3354 3041 3413 quanta
3064 3345 3423 3400 sollicitudine
3450 3362 3553 3401 non
3598 3362 3817 3401 suorum

2246 3435 2422 3498 modo,
2447 3436 2537 3489 sed
2562 3435 2726 3489 etiam
2755 3448 3105 3490 externorum
3136 3436 3292 3491 saluti
3320 3438 3647 3508 invigilaret,
3670 3440 3819 3493 hisce

2246 3525 2436 3579 litteris
2471 3527 2912 3596 deprehenditur.
2954 3530 3085 3583 Cum
3133 3531 3275 3585 enim
3314 3534 3653 3601 accepisset,
3684 3549 3820 3587 non-

2244 3615 2419 3669 nullos
2457 3630 2574 3670 esse
2607 3620 2977 3689 oppugnanda:
3021 3620 3252 3675 Niczena:
3291 3621 3411 3675 fidei
3445 3623 3817 3692 cupidos,,qui

2243 3706 2426 3776 synodi
2466 3706 2820 3763 Ariminensis
2849 3711 3005 3775 Acta,
3040 3711 3128 3765 illa
3167 3725 3358 3779 nempe
3396 3712 3700 3767 Constantii
3731 3728 3817 3767 au-

2242 3804 2510 3867 ctoritate,
2540 3803 2732 3864 minis,
2762 3800 3045 3857 formidine
3067 3803 3133 3857 ad
3177 3818 3329 3856 suam
3359 3803 3636 3859 libidinem
3687 3822 3817 3860 con—

2241 3896 2457 3964 scripta,
2482 3894 2737 3948 afferrent
2757 3896 2809 3946 in
2838 3895 3099 3957 medium,
3131 3909 3194 3963 ac
3224 3898 3368 3949 omni
3400 3910 3501 3965 ope
3528 3900 3816 3967 studioque

2240 3986 2627 4041 c0ntenderent
2675 3984 2905 4037 Nicaenis
2954 3986 3183 4039 decretis
3228 3986 3601 4050 anteferenda,
3652 3989 3816 4044 Afros

2238 4079 2565 4133 Athanasius
2589 4076 2664 4132 rei
2693 4079 2968 4131 veritatem
3004 4077 3227 4143 edocet;
3254 4080 3572 4133 Arianorum
3607 4082 3814 4137 scilicet

2240 4170 2351 4222 haec
2397 4170 2695 4233 molimina,
2736 4168 2847 4221 haec
2887 4184 3022 4222 nova
3062 4170 3494 4224 machinamenta
3541 4186 3663 4226 esse
3693 4174 3809 4244 (a);

2238 4255 2506 4311 Nica-nam
2538 4257 2693 4311 ﬁdem
2725 4272 2753 4309 a
2788 4272 3014 4312 cccxvut
3041 4258 3305 4327 episcopis
3331 4258 3552 4324 editam,
3575 4261 3807 4328 (irritant,
3832 4258 3844 4265 ’

2237 4364 2447 4415 sanam,
2474 4359 2526 4402 et
2552 4350 2791 4402 omnium
2840 4350 3058 4419 pietatis
3094 4352 3387 4404 amantium
3432 4352 3643 4407 calculo
3672 4355 3812 4422 apud

2238 4439 2395 4499 Indos
2428 4455 2596 4509 usque
2623 4450 2676 4494 et
2720 4439 2989 4495 Barbaros
3032 4451 3333 4510 receptam;
3372 4444 3629 4498 Arianam
3659 4461 3808 4509 vero,

576 4544 818 4588 llaVcral.
862 4533 991 4599 Qua;
1037 4549 1198 4587 causa
1231 4533 1393 4587 fuisse
1422 4535 1633 4587 videtur
1655 4544 1711 4588 ut
1732 4534 1913 4587 Ariani
1945 4550 1974 4587 a
2005 4550 2134 4588 con-
2166 4552 2209 4607 ι)
2241 4532 2430 4583 nedum
2474 4530 2655 4599 probis
2684 4540 2826 4585 esset
2872 4541 3123 4601 accepta,
3149 4547 3215 4586 ne
3250 4532 3318 4585 ab
3347 4533 3563 4588 Arianis
3589 4538 3809 4604 quidem

575 4624 693 4676 silio
709 4624 1028 4677 exturbandi
1050 4625 1329 4678 Athanasii
1360 4634 1468 4677 tutu
1496 4624 1873 4687 desciscerent,
1894 4637 2053 4693 atque
2081 4625 2131 4676 in

573 4730 707 4783 pace
748 4715 989 4768 sinerent
1022 4715 1361 4769 Alexandria:
1407 4717 1705 4769 consistere
1731 4755 1744 4777 ,
1776 4716 1899 4766 dum
1939 4725 2133 4768 caetera

573 4807 775 4858 circum
800 4806 935 4870 loca,
963 4804 1369 4875 Orientalesque
1399 4809 1687 4876 provinciae
1723 4821 1911 4859 omnes
1946 4805 2134 4860 Valen-

575 4899 643 4949 tis
672 4896 723 4948 iu
749 4897 1050 4950 Catltolicos
1081 4898 1434 4961 innnanitate,
1465 4899 1718 4959 caedibus,
1749 4897 1973 4960 exsiliis,
2006 4912 2130 4964 pro-

573 4988 970 5056 scriptionibus,
1009 4988 1152 5042 nullo
1180 5004 1286 5043 non
1333 4989 1653 5044 calamitatis
1690 5002 1886 5057 genere
1929 4987 2129 5043 confla-

572 5089 811 5147 gravent.

640 5172 691 5225 5.
734 5170 931 5241 Fugam
969 5181 1148 5226 autem
1171 5172 1467 5228 Athanasiii
1492 5183 1972 5242 postremam,cum
2009 5184 2131 5225 eru-

570 5265 678 5318 dito
715 5264 830 5317 viro
868 5265 1099 5317 Antonio
1142 5263 1306 5334 Pagio
1344 5267 1397 5319 in
1429 5278 1627 5318 annum
1668 5262 1940 5328 rejicimus
1971 5261 2132 5315 circi-

571 5366 651 5408 ter
679 5355 802 5409 567.
831 5354 965 5422 Quia
1017 5356 1221 5411 scilicet
1256 5357 1333 5410 ait
1366 5354 1719 5423 TlteOpbanes
1772 5352 2125 5405 Athanasium

568 5448 917 5518 quadraginta
956 5463 1049 5502 sex
1086 5450 1241 5501 annis
1289 5448 1582 5517 episcopali
1627 5444 1967 5512 perfunctum
2009 5458 2127 5495 mu-

570 5553 713 5599 nere,
750 5547 889 5593 totos
920 5537 1273 5606 quadraginta
1314 5540 1365 5591 in
1413 5536 1668 5606 periculis
1700 5532 2124 5588 calamitatibus-

566 5641 667 5693 que
692 5638 983 5690 versatum,
1013 5629 1083 5679 ita
1113 5638 1168 5679 ut
1214 5642 1308 5680 scx
1348 5628 1632 5693 postremis
1665 5624 1834 5678 solum
1862 5623 1984 5678 vita:
2012 5636 2120 5678 sua:

638 5821 712 5893 (ιι)
755 5820 921 5892 Epist.
956 5819 1238 5875 Athanasii
1266 5821 1332 5875 ad
1366 5818 1543 5875 Afros.

2236 4632 2319 4675 sat
2349 4623 2554 4675 tirmam
2596 4622 2801 4687 haberi,
2832 4623 2922 4691 qui
2960 4625 3010 4676 in
3055 4624 3270 4693 synodis
3295 4624 3415 4693 plus
3459 4626 3646 4680 decem
3688 4631 3811 4684 tou-

2237 4716 2354 4767 dem
2392 4714 2663 4777 formulas,
2700 4724 2900 4767 tnutata
2930 4716 3152 4770 subinde
3188 4719 3476 4780 sententia,
3514 4721 3695 4775 varias
3727 4720 3810 4775 in-

2238 4816 2315 4858 ter
2342 4821 2419 4869 se,
2454 4821 2549 4859 nec
2581 4806 2713 4859 satis
2739 4806 2837 4860 sibi
2870 4818 3178 4862 constantes
3210 4809 3521 4865 edidissent.
3551 4810 3664 4866 Nec
3690 4828 3809 4867 esse

2235 4899 2375 4965 quod
2413 4899 2477 4952 de
2503 4898 2825 4951 Ariminensi
2860 4900 3062 4968 synodo
3093 4900 3195 4954 sibi
3223 4902 3658 4970 gratularentur:
3688 4920 3808 4974 qua:

2237 4990 2359 5043 dum
2395 4988 2582 5054 libera,
2629 4991 2754 5043 dum
2798 5001 3051 5045 extranea
3104 4991 3388 5048 formidine
3420 5009 3591 5049 vacua
3640 5008 3804 5062 esset,

2236 5091 2292 5135 et
2320 5080 2582 5135 arbitratu
2621 5096 2718 5136 suo
2755 5096 2866 5135 rem
2920 5092 3136 5150 ageret,
3172 5085 3494 5139 Arianorum
3533 5088 3806 5155 principes

2236 5172 2555 5236 abdicasset,
2587 5172 2870 5228 Ursacium
2905 5188 3134 5244 nempe,
3165 5174 3470 5241 Valentem,
3499 5172 3803 5234 Eudoxium

2234 5272 2288 5316 et
2316 5263 2662 5317 Auxentium.
2689 5263 2746 5317 Si
2781 5279 2885 5332 qua
2923 5266 3354 5323 Ariminensibus
3376 5268 3527 5323 Actis
3566 5282 3712 5325 esset
3740 5273 3804 5325 tl-

2233 5353 2348 5416 des,
2378 5355 2499 5409 huic
2528 5356 2823 5409 habendam
2852 5356 3087 5421 decreto,
3115 5360 3255 5427 quod
3283 5374 3351 5413 ex
3380 5360 3549 5413 libero
3579 5361 3801 5416 Patrum

2231 5445 2455 5500 arbitrio
2506 5449 2687 5501 datum
2725 5446 2993 5515 ignoraret
3033 5465 3227 5515 nemo;
3258 5466 3412 5504 secus
3451 5462 3633 5506 autem
3680 5454 3801 5506 aliis

2229 5534 2529 5589 Constantii
2568 5550 2731 5604 Opera
2762 5547 3075 5606 terroreque
3120 5540 3344 5593 extortis
3375 5540 3670 5610 suﬂragiis.
3701 5540 3802 5595 Te-

2227 5620 2492 5679 stiuioniis
2537 5622 2731 5678 exinde
2770 5622 3114 5692 antiquorum
3157 5620 3371 5683 Patrum
3411 5627 3561 5682 vocis
3609 5626 3801 5697 ὁμοσύ-
