4038 6616
1459 487 1620 542 ῊΤΑ
1671 487 1728 542 S.
1772 486 2168 542 ATIIANASII.

3309 503 3435 542 CLIII

177 613 257 653 ex
281 612 449 666 usum,
486 601 876 674 dignitatern
899 647 916 672 ,
947 607 1310 663 sinceritatem
1346 617 1766 673 commonstrat,
1798 612 1844 669 Α
1874 617 2212 678 tempestate,
2251 607 2444 662 Basilio
2463 606 2572 676 jam
2602 605 2874 674 episcopo,
2901 606 2954 660 in
2981 604 3143 674 Libya
3171 613 3442 659 monstro-

176 694 214 743 et
235 686 449 756 pluribus
507 691 804 749 defendit
857 696 1141 751 adversum
1185 697 1488 753 haereticos.
1522 698 1607 752 Ait
1650 714 1769 752 esse

181 777 422 848 nonaginta
451 780 724 838 circiter
759 800 868 854 per
891 785 1181 857 Egyptum
1221 790 1525 858 episcopos,
1552 790 1641 858 qui
1682 804 1770 844 se-

181 885 267 923 cum
288 870 378 923 ista
402 871 797 940 scriberent;
835 879 928 947 qui
963 887 1066 930 tam
1097 879 1370 943 concordi,
1392 887 1500 932 tam
1529 879 1768 933 unanimi

185 959 403 1014 sententia
428 971 670 1029 essent,
709 975 776 1018 ut
811 980 880 1020 ex
926 973 1140 1035 recepto
1175 981 1342 1033 more,
1377 968 1466 1036 qui
1523 970 1772 1024 adessent

186 1066 256 1120 pro
278 1049 602 1109 absentibus
637 1053 1092 1112 subscriberent.
1128 1056 1222 1113 His
1236 1059 1438 1113 similes
1455 1060 1773 1115 Alexandri-

188 1159 233 1197 na
252 1143 471 1214 synodus
505 1144 752 1202 litteras
781 1149 854 1202 ad
888 1149 1172 1205 Damasum
1219 1166 1412 1224 papam
1453 1152 1618 1217 dedit,
1662 1153 1774 1222 qni-

189 1232 259 1286 bus
284 1236 586 1303 permirum
620 1239 742 1293 sibi
777 1240 960 1306 aiunt,
995 1241 1339 1310 Auxentium,
1378 1258 1480 1298 non
1511 1245 1772 1300 Ariannm

191 1325 325 1388 modo,
351 1327 449 1380 sed
482 1328 673 1382 etiam
705 1327 996 1386 sexcentis
1020 1331 1232 1404 ﬂagitiis
1255 1334 1620 1400 nobilitatum,
1639 1335 1774 1390 Gre-

191 1418 302 1485 gorio
317 1417 725 1475 Alexandrino
756 1421 893 1475 olim
925 1422 978 1475 in
1011 1425 1219 1486 amicis,
1253 1440 1316 1479 ac
1342 1426 1542 1480 scelere
1570 1441 1773 1494 parem,

192 1523 266 1560 non
289 1507 616 1563 damnatum
641 1549 658 1576 ,
702 1526 818 1566 non
863 1513 1171 1568 abdicatum
1216 1513 1268 1568 in
1307 1515 1543 1568 Romana
1573 1517 1777 1585 synodo

190 1598 587 1656 fuissecratias
611 1603 865 1658 Damaso
906 1615 960 1660 et
998 1606 1198 1676 synodo
1229 1605 1494 1668 referunt,
1523 1610 1662 1676 quod
1685 1624 1778 1676 pa-

192 1692 249 1743 ris
281 1697 327 1744 et
369 1691 798 1749 ecclesiastica
861 1697 1163 1751 concordiae
1194 1713 1352 1752 causa
1415 1697 1671 1754 factiosus
1727 1712 1776 1754 et

197 1785 436 1836 turbarum
462 1796 750 1842 auctores
778 1785 1093 1858 Ursacium,
1124 1790 1428 1859 Valentem,
1465 1804 1518 1848 et
1545 1795 1780 1849 asseclas

194 1875 561 1929 damnaverint.

1877 711 1994 748 rum
2025 709 2234 762 semper
2285 706 2508 764 parente
2541 693 2823 762 prmfectns
2852 703 2972 747 erat
3007 694 3327 749 crudelitate
3385 704 3439 747 et

1871 784 2089 838 lascivia
2126 785 2383 855 insignis,
2424 785 2508 838 cui
2553 799 2668 837 mos
2696 783 2889 837 eratin
2932 783 3134 838 alienos
3187 795 3333 839 toros
3360 785 3440 838 in-

1871 863 2040 926 hiare.
2090 872 2282 940 lmpuri
2317 873 2547 926 hominis
2585 872 2877 927 sceleribus
2903 880 3175 941 permotus
3199 872 3439 926 Athana-

1872 961 2003 1025 sius,
2032 972 2089 1016 ut
2129 963 2402 1028 infamem,
2425 964 2676 1018 Ecclesia:
2704 964 3083 1018 communione
3132 963 3438 1028 interdixit,

1872 1051 2159 1121 missisque
2193 1053 2411 1116 litteris,
2447 1070 2567 1108 cum
2616 1061 2902 1109 obscenam
2954 1052 3189 1108 hominis
3235 1054 3394 1109 vitam
3421 1091 3438 1118 ,

1877 1153 1989 1198 tum
2020 1144 2197 1199 illatas
2227 1148 2452 1201 merenti
2488 1160 2673 1215 paenas
2703 1145 3052 1216 significavit.
3095 1145 3164 1200 lis
3208 1146 3442 1214 acceptis

1875 1236 2108 1291 Basilius
2137 1238 2212 1307 (ιι)
2243 1238 2435 1292 litteris
2458 1238 2658 1292 factum
2684 1237 2887 1302 laudat,
2920 1238 3230 1307 pronuntiat
3270 1239 3443 1292 homi-

1876 1343 1997 1382 nem
2033 1343 2154 1384 esse
2185 1329 2464 1384 Athanasii
2495 1329 2759 1384 sententia
2793 1329 3212 1393 exsecrandum,
3238 1327 3442 1384 nemini

1877 1440 1996 1480 cum
2028 1423 2118 1479 illo
2161 1423 2320 1492 ignis,
2347 1438 2499 1492 aqua}
2527 1423 2611 1477 vel
2639 1424 2764 1478 tecti
2788 1423 3216 1482 communionem
3255 1423 3444 1478 ineun-

1877 1517 2041 1580 dam;
2095 1529 2225 1570 e-re
2270 1513 2524 1569 Ecclesia:
2566 1513 2700 1578 fore,
2764 1523 2822 1567 ut
2872 1513 3087 1568 violenti
3142 1514 3442 1584 bujusmodi

1881 1607 2091 1677 tyranni
2147 1606 2418 1660 communi
2471 1605 2616 1660 omni
2647 1605 2885 1660 omnium
2938 1604 3145 1659 calculo
3206 1606 3444 1674 proscri-

1880 1698 2094 1773 bantur.
2463 1755 2473 1767 ο

1947 1789 2003 1846 2.
2027 1789 2162 1843 Aliae
2193 1789 2320 1843 item
2351 1798 2566 1844 exstant
2589 1789 2826 1858 ejusdem
2866 1789 3048 1844 Basilii
3093 1789 3156 1843 ad
3201 1788 3443 1841 Athana-

1884 1880 2019 1934 sium
2055 1881 2292 1950 epistola!
2323 1881 2418 1951 (c).
2452 1879 2507 1934 In
2555 1895 2616 1936 ea
2648 1895 2809 1952 vero,
2844 1897 2963 1952 quae
3004 1881 3241 1935 secundo
3278 1880 3448 1933 fertur

246 1968 374 2024 Am
411 1969 638 2024 ὅπλ-
671 1972 934 2044 Synodus
967 1974 1200 2028 Romana
1232 1974 1418 2033 altera.
1451 1976 1778 2030 ---A|hana-
1813 1950 1850 2003 Β
1881 1972 2017 2034 loco,
2051 1972 2294 2040 deplorat
2337 1950 2681 2026 calamitates
2709 1950 3000 2026 Orientalis
3046 1972 3299 2031 Ecclesiae
3328 1989 3340 2023 .-
3394 1978 3446 2022 et

195 2062 243 2114 ιιι
266 2063 614 2130 aliorumque
645 2063 953 2132 praisulnm
1005 2066 1220 2119 monitis
1250 2081 1452 2120 morem
1484 2069 1647 2137 gessit
1675 2069 1775 2120 Da—

195 2168 361 2207 masus.
399 2153 621 2209 Coacta
662 2154 871 2224 quippe
914 2169 1060 2208 anno
1095 2155 1200 2210 570
1235 2156 1315 2210 vel
1365 2169 1625 2227 sequente
1670 2160 1775 2212 lto-

195 2258 272 2297 mz
313 2245 523 2315 synodo
566 2285 583 2308 ,
622 2246 693 2299 de
749 2245 1012 2300 Auxentii
1055 2262 1218 2301 causa
1271 2258 1484 2315 actum,
1519 2250 1608 2318 qui
1667 2268 1778 2303 om-

195 2336 310 2388 nium
363 2336 649 2408 suﬂ'ragio
692 2339 1080 2408 episcOpornm
1131 2342 1522 2396 condemnatus
1565 2353 1647 2397 est
1678 2343 1776 2412 (al,

193 2432 233 2476 et
273 2441 490 2490 munere
536 2428 935 2497 dignitateque
992 2428 1291 2485 abdicatus.
1344 2430 1473 2496 Quae
1520 2431 1778 2488 hactenus

193 2525 407 2579 superest
450 2516 735 2584 synodica
787 2515 1006 2571 Damasi
1065 2518 1327 2586 epistola,
1362 2521 1573 2574 videtur
1628 2537 1778 2576 cont-

193 2606 417 2670 pendium
449 2622 581 2660 esse
612 2608 873 2677 epistolie
902 2608 970 2660 ad
997 2608 1177 2672 Afros,
1204 2625 1296 2664 seu
1327 2612 1502 2679 potius
1526 2613 1573 2666 ei
1599 2615 1777 2668 consi-

190 2696 326 2761 milis,
351 2713 523 2766 quam
557 2700 633 2752 ad
665 2699 969 2754 Damasum
1000 2701 1259 2756 miserant
1299 2703 1532 2775 Egyptii
1575 2721 1778 2775 prtesu.

189 2794 268 2860 les,
305 2797 539 2867 ejusque
565 2801 879 2854 occasione
912 2801 1238 2869 conscripta.
1269 2801 1324 2855 In
1354 2817 1414 2855 ea
1452 2804 1645 2871 quippe
1672 2805 1778 2858 Au-

191 2882 380 2938 xentius
407 2885 747 2949 damnatus,
779 2883 1145 2940 Ariminensis
1197 2889 1492 2955 proscripta
1528 2888 1775 2950 formula,

182 2967 373 3025 Nicena
403 2972 551 3029 ﬁdes
583 2973 922 3028 confirmata
960 2981 1060 3028 est.
1105 2973 1250 3040 Quas
1278 2992 1359 3029 res
1402 2992 1588 3032 omnes
1628 2993 1776 3032 com-

182 3065 416 3130 plectitur
456 3066 702 3133 epistula
745 3067 816 3118 ad
873 3065 1054 3120 Afros.
1073 3065 1240 3135 Volgo
1281 3067 1641 3135 arbitrantur,
1674 3069 1776 3123 Ba-

182 3153 380 3218 siliam,
416 3157 515 3224 qui
577 3172 736 3210 anno
785 3155 898 3210 5·ῖο
951 3157 1001 3210 in
1053 3158 1361 3227 episcopum
1394 3159 1632 3214 delectus
1675 3171 1775 3225 est,

181 3245 373 3317 legatos
402 3249 648 3302 Romam
670 3250 742 3303 ad
769 3264 895 3304 eam
931 3250 1096 3319 ipsam
1126 3251 1384 3319 synodum
1409 3268 1527 3304 cum
1557 3251 1777 3319 epistola

181 3343 394 3396 misisse.
424 3339 594 3407 Quod
623 3343 670 3398 si
700 3343 1048 3412 exploratum
1075 3349 1235 3407 esset,
1258 3344 1430 3412 palam
1463 3345 1588 3398 hinc
1620 3345 1778 3412 foret,

180 3433 467 3490 Romanam
494 3434 783 3506 synodum
817 3431 901 3484 vel
926 3446 1065 3485 anno
1089 3432 1212 3497 570,
1239 3435 1321 3487 vel
1340 3445 1596 3503 sequente
1620 3435 1784 3492 fuisse

177 3529 527 3582 celebratam.
573 3527 688 3581 Sed
734 3541 860 3578 cum
903 3538 964 3577 ea
999 3525 1179 3579 Basilii
1215 3527 1438 3596 epistola
1485 3528 1549 3582 ad
1575 3529 1782 3598 episco-

176 3635 260 3687 pos
282 3621 456 3677 Italia:
499 3618 781 3676 etGalliae
808 3628 1116 3686 nuncupata
1157 3619 1400 3683 sit,nulla
1433 3620 1568 3674 facta
1595 3622 1781 3692 synodi

178 3710 479 3780 cuiuspiam
517 3709 832 3773 mentione,
869 3708 1087 3769 nullius,
1108 3723 1222 3762 mea
1245 3710 1461 3779 quidem
1492 3711 1780 3778 sententia,

178 3815 252 3855 est
279 3803 552 3858 momenti
602 3803 674 3856 ad
706 3801 974 3869 temporis
1015 3801 1273 3855 rationem
1306 3803 1610 3859 ineundum.
1641 3803 1782 3858 Con-

176 3895 424 3963 jectando
470 3897 660 3950 solum
712 3895 767 3948 in
821 3895 926 3947 hoc
971 3893 1186 3948 circiter
1229 3902 1435 3963 tempus
1487 3895 1783 3951 ltomanam

184 3992 443 4061 synodum
501 3988 936 4058 consignamus.
969 3982 1099 4036 Nam
1149 3985 1380 4053 priorem
1419 3985 1520 4040 sub
1560 3986 1785 4042 Damaso

185 4083 444 4152 synodum
473 4083 530 4136 in
558 4095 772 4134 annum
801 4077 1117 4147 reponimus
1144 4078 1363 4131 circiter
1389 4077 1514 4141 568,
1554 4079 1786 4133 Alexan-

187 4172 393 4226 drinam
424 4189 557 4229 vero
589 4173 646 4226 in
690 4177 1038 4238 sequentem.
1073 4168 1172 4234 Qui
1205 4179 1380 4242 autem
1430 4171 1571 4224 illam
1607 4173 1657 4225 in
1688 4188 1784 4224 an-

189 4278 305 4316 num
333 4266 465 4330 366,
516 4265 666 4318 hanc
694 4264 749 4315 in
779 4260 883 4326 571
937 4259 1240 4326 conferunt,
1278 4263 1452 4317 minus
1480 4275 1624 4318 certe
1663 4280 1788 4333 pro-

192 4353 420 4410 habilem
454 4357 654 4418 ineunt
689 4350 1063 4420 chronoiogiw
1108 4352 1392 4405 rationem.
1430 4355 1510 4408 An
1547 4356 1790 4409 Athana-

194 4452 298 4506 sius
355 4463 412 4508 et
462 4451 714 4524 Ailgyptii
770 4449 1012 4517 episcopi
1073 4457 1238 4502 totum
1284 4450 1521 4518 quinque
1563 4451 1645 4504 vel
1694 4465 1789 4505 sex

195 4558 448 4599 annorum
466 4546 710 4614 spatium
736 4541 966 4595 efﬂuere
995 4543 1372 4608 permiserunt,
1391 4551 1445 4594 ut
1477 4543 1790 4598 inveteratis

1881 2073 2036 2132 rogat
2071 2063 2428 2118 Athanasium
2457 2104 2472 2128 ,
2514 2065 2651 2134 apud
2705 2062 3075 2120 Occidentales
3117 2067 3167 2120 id
3204 2076 3344 2135 agat,
3391 2077 3449 2120 ut

1880 2170 2042 2225 quam
2077 2154 2493 2211 sollicitudinem
2557 2157 2814 2212 adversus
2869 2173 3032 2211 unum
3085 2159 3288 2212 duosve
3353 2159 3446 2226 qui

1879 2261 2044 2314 prave
2076 2247 2344 2302 sentirent
2372 2247 2744 2313 praetulerunt,
2782 2249 3026 2301 eamdem
3057 2250 3226 2317 ipsam
3266 2259 3445 2303 verte-

1879 2348 1998 2392 rent
2030 2339 2098 2392 ad
2133 2353 2218 2392 res
2251 2338 2553 2393 Orientales
2578 2339 2994 2407 componendas.
3017 2338 3294 2394 Neminem
3326 2355 3448 2396 esse

1881 2432 1946 2484 ad
1971 2446 2088 2484 eam
2121 2445 2232 2484 rem
2267 2430 2658 2498 impetrandam
2698 2431 2814 2499 ipso
2843 2431 3306 2499 opportuniorem,
3332 2431 3448 2487 sive

1881 2523 2177 2592 ingenium,
2208 2522 2322 2576 sive
2350 2522 2657 2591 prudentia,
2690 2535 2784 2575 seu
2812 2521 3005 2587 virtus,
3035 2535 3127 2576 seu
3159 2524 3446 2578 venerabi-

1883 2613 1945 2676 lis
1971 2613 2196 2668 canities
2224 2621 2601 2682 spectaretur:
2637 2613 2689 2667 id
2720 2611 2976 2682 epistolis.
3025 2614 3076 2667 id
3131 2613 3337 2684 legatis,
3396 2615 3448 2668 id

1883 2706 2130 2773 pret'lblls
2158 2705 2405 2758 obtinere
2433 2704 2803 2760 contenderet.
2859 2706 2935 2759 Ac
2987 2721 3107 2759 cum
3145 2707 3332 2774 primis
3363 2721 3449 2760 res

1884 2783 2152 2850 Ecclesiae?
2177 2797 2527 2850 Antiochenaa
2555 2806 2665 2850 ttnn
2691 2797 2934 2851 luctuoso
2985 2797 3231 2864 discidio,
3267 2813 3331 2852 ac
3361 2799 3449 2850 tri-

1881 2888 2001 2955 plici
2032 2889 2260 2941 factione
2282 2889 2676 2957 conllagrantcs
2715 2891 2962 2956 componi
2993 2899 3208 2942 curaret
3234 2907 3247 2941 :
3277 2890 3318 2942 si
3351 2905 3448 2942 ca-

1881 2991 1972 3051 put
1996 2983 2158 3034 totius
2180 2981 2416 3036 Orientis
2438 2983 2502 3034 ad
2531 2984 2872 3036 concordiam
2897 2993 3264 3045 revocaretur,
3297 2998 3447 3050 spem

1884 3073 1997 3126 fore
2022 3073 2209 3140 gratia:
2262 3073 2403 3126 inter
2447 3073 2645 3141 reliqua
2709 3075 2948 3128 membra
3012 3075 3444 3142 reconciliandae.

1883 3163 2224 3218 Suntautem
2274 3165 2364 3233 qui
2423 3174 2632 3233 putent.
2672 3182 2789 3220 eam
2818 3165 3097 3235 epistolam
3151 3166 3448 3220 Athanasio

1807 3284 1851 3343 ο
1883 3254 2104 3306 missam
2164 3267 2451 3323 antequam
2489 3254 2851 3309 celebraretur
2906 3255 3268 3312 Alexandrina
3319 3270 3448 3325 syn-

1882 3347 2020 3399 odus
2062 3348 2127 3399 de
2152 3361 2257 3415 qua
2291 3347 2558 3414 superius.
2608 3347 2805 3402 Verum
2841 3356 2897 3400 ut
2939 3362 3121 3402 eorum
3169 3347 3449 3400 sententia:

1883 3437 2058 3507 palam
2087 3453 2192 3492 non
2227 3452 2602 3506 repugnamus,
2629 3427 2750 3493 cum
2791 3447 2970 3493 tamen
3010 3437 3169 3505 paulo
3204 3448 3322 3505 post
3347 3435 3450 3491 Ur-

1883 3530 2012 3584 sacii
2038 3539 2092 3583 et
2124 3529 2366 3585 Valentis
2390 3529 2804 3592 abdicationem,
2839 3545 2959 3598 qua:
3010 3545 3108 3584 nec
3133 3530 3364 3584 obscure
3395 3529 3447 3581 in

1886 3622 1984 3674 bac
2019 3621 2197 3676 Basilii
2232 3622 2457 3690 epistola
2493 3633 2851 3685 memoratur,
2897 3637 2959 3676 ea
2990 3623 3229 3691 synodus
3255 3620 3449 3675 subse-

1884 3724 2005 3768 cuta
2040 3714 2129 3775 sit,
2157 3713 2283 3768 hinc
2314 3728 2443 3768 sane
2469 3713 2714 3766 firmatur
2744 3713 3054 3781 conjectura
3083 3720 3284 3764 nostra.

1931 3807 2006 3866 _5.
2039 3807 2092 3860 In
2117 3805 2218 3859 alia
2254 3806 2474 3875 epistola
2514 3814 2683 3875 rogat,
2715 3805 2848 3858 utin
2881 3815 3024 3858 tanta
3056 3791 3308 3857 Ecclesiae
3335 3818 3455 3869 per-
3524 3818 3526 3820 '

1884 3897 2198 3950 turbatione
2219 3897 2474 3966 precibus
2498 3910 2578 3959 se,
2610 3896 2856 3961 consilio,
2900 3897 3086 3964 peritia
3151 3910 3332 3947 rerum
3369 3909 3456 3962 ge-

1888 3991 2176 4044 rendarum
2207 3989 2444 4063 adjuvet,
2477 4002 2577 4042 nec
2601 3987 2837 4056 aliquam
2878 3985 3015 4038 elabi
3069 3986 3212 4036 sinat
3245 3983 3453 4037 littera-

1888 4097 2004 4135 rum
2031 4081 2132 4135 sibi
2157 4080 2541 4134 mittendarum
2593 4079 2936 4134 occasionem
2966 4094 2980 4141 ;
3015 4077 3204 4142 grandi
3260 4075 3456 4145 quippe

1887 4174 2128 4229 subsidio
2161 4183 2215 4228 et
2239 4173 2596 4228 consolationi
2637 4172 2736 4225 sibi
2769 4186 2890 4225 esse
2924 4169 3040 4236 ejus
3088 4168 3364 4237 epistolas.
3401 4168 3455 4222 In

1888 4277 2149 4337 sequente
2179 4269 2244 4322 de
2270 4267 2480 4320 Meletio
2511 4265 2638 4334 agit,
2670 4264 3076 4330 Athanasioqne
3107 4260 3278 4314 innuit
3304 4271 3460 4327 opta-

1891 4360 2160 4413 tissimum
2192 4359 2498 4429 quibusque
2535 4374 2679 4420 esse,
2712 4366 2768 4409 ut
2799 4357 2912 4424 ipse
2967 4355 3113 4407 solus
3167 4353 3460 4405 Antioche-

1891 4465 2012 4504 nam
2042 4461 2199 4521 regat
2225 4450 2544 4516 Ecclesiam,
2575 4449 2794 4516 reliquae
2839 4462 2964 4499 vero
3015 4443 3362 4511 partinnculaa
3408 4445 3458 4495 in

1889 4551 2088 4610 corpus
2111 4559 2274 4594 unum
2308 4549 2652 4609 coaptentur.
2687 4538 2834 4592 llanc
2865 4535 3062 4604 excipit
3086 4535 3186 4586 alia
3211 4534 3459 4602 epistola,

197 4635 351 4690 rebus
397 4637 592 4706 gestis,
633 4633 847 4704 gratias
890 4631 1119 4685 Damaso
1167 4642 1222 4686 ct
1275 4633 1480 4702 synodo
1525 4632 1786 4688 Romana:
1817 4629 1861 4684 D
1890 4649 1996 4703 qua
2026 4631 2322 4701 deploratis
2358 4631 2424 4686 de
2453 4646 2604 4684 more
2631 4629 2885 4683 Ecclesiae
2913 4626 3329 4688 calamitatibus,
3364 4640 3460 4692 po-

198 4722 456 4780 referrent
481 4727 507 4780 ἲ
544 4727 631 4781 Ad
655 4726 794 4788 haec,
833 4739 940 4776 non
980 4722 1185 4776 videtur
1225 4721 1454 4779 Damaso
1495 4725 1592 4778 sub
1623 4727 1780 4781 linem

199 4817 312 4869 anni
343 4815 858 4886 366inpuntiﬁcem
874 4823 1138 4882 cooptato,
1160 4824 1214 4867 et
1233 4816 1448 4869 ineunte
1475 4816 1783 4882 episcopatu

201 4906 425 4966 Ursicini
463 4911 651 4967 aemuli
700 4908 945 4964 factione
1001 4908 1287 4976 exagitata,
1330 4909 1563 4976 spatium
1614 4907 1784 4962 fuisse

201 5003 258 5054 ad
293 5007 557 5074 synodum
610 5004 811 5059 eodem
864 5015 1008 5054 anno
1043 5001 1450 5068 celebrandam;
1481 5003 1573 5055 sed
1625 5002 1786 5055 rebus

201 5095 404 5152 demum
435 5097 766 5169 compositis
826 5109 972 5149 anno
1011 5094 1112 5150 ’568
1172 5096 1238 5150 de
1273 5096 1476 5166 synodo
1522 5098 1787 5165 cogitasse

203 5192 521 5254 probabilius
549 5200 658 5256 est,
690 5202 844 5244 anno
875 5195 1054 5241 autem
1106 5189 1417 5256 insequente
1457 5186 1666 5240 litteras
1693 5200 1786 5238 ac-

205 5279 397 5345 cepisse
433 5279 736 5335 Athanasii
779 5287 838 5332 et
894 5275 1281 5348 Egyptiorum,
1310 5277 1480 5344 iisque
1513 5275 1786 5344 obtempe-

204 5379 358 5433 rasse,
389 5389 448 5429 ac
476 5375 761 5444 synodum
787 5378 975 5440 postea
1003 5370 1242 5440 coegisse
1284 5369 1348 5422 ad
1375 5368 1624 5423 onentii
1658 5382 1785 5423 cau-

200 5471 302 5514 sam
328 5465 752 5520 excutiendam.

254 5552 401 5610 A330
432 5557 562 5612 37L
601 5583 678 5592 ν-
714 5554 770 5607 1.
803 5551 1126 5606 Athanasius
1154 5552 1454 5621 prwfectum
1483 5549 1660 5622 Libya?
1682 5550 1787 5605 Ca-

187 5640 501 5703 !bolicorum
547 5643 947 5702 communione
976 5642 1256 5699 interdicit.
1292 5671 1355 5684 --
1402 5641 1512 5698 [lac
1568 5644 1785 5699 circiter

235 5851 317 5919 (α)
357 5852 577 5908 Theod.
615 5848 721 5902 lib.
770 5859 835 5913 ll,
867 5857 986 5912 cap.
1017 5842 1104 5898 22.

232 5924 312 5991 (ό)
346 5923 533 5996 Epist.
573 5920 674 5978 47.

1892 4725 2059 4780 Slulat
2091 4723 2376 4778 Athanasii
2398 4721 2652 4791 epistolas
2678 4721 2744 4773 ad
2784 4718 2962 4772 varios
2982 4716 3264 4783 episcopos
3307 4714 3463 4771 datas

1891 4820 1996 4872 sibi
2031 4815 2348 4870 transmitti.
2377 4814 2590 4868 Claudit
2617 4827 2806 4884 agmen
2840 4810 2964 4874 alia,
2991 4825 3093 4878 qua
3121 4823 3178 4862 se
3214 4807 3465 4862 testifica-

1893 4919 1981 4963 tur
2010 4909 2208 4978 ingenti
2235 4907 2432 4976 gaudio
2463 4904 2680 4960 Petrum
2709 4905 2774 4958 ab
2802 4903 3097 4957 Athanasio
3122 4900 3341 4954 missum
3369 4914 3464 4952 exo-

1893 5003 2126 5072 cepisse,
2152 5017 2209 5057 se
2230 4999 2482 5055 omnibus
2533 4999 2584 5052 in
2619 4997 2845 5067 negotiis
2873 4997 3046 5064 ipsum
3072 4993 3224 5062 quasi
3272 4993 3465 5046 ducem

1893 5108 1958 5146 ac
1977 5109 2156 5149 rerum
2185 5092 2538 5162 gerendarum
2567 5091 2859 5158 principem
2887 5087 3083 5140 habere
3107 5109 3117 5140 :
3141 5087 3466 5146 Dorotheum

1894 5185 2091 5241 Meletii
2121 5185 2408 5241 diaconum
2437 5185 2502 5237 ad
2535 5185 2704 5252 ipsum
2735 5183 2968 5234 mittere.
2998 5178 3178 5233 Videri
3214 5178 3313 5232 sibi
3347 5192 3470 5229 con-

1893 5287 2241 5342 sentaneum,
2307 5276 2353 5328 si
2403 5272 2600 5328 litteris
2628 5273 2764 5341 apud
2814 5269 3114 5323 Ruinanum
3158 5268 3466 5336 epiSCOputn

1893 5379 2111 5437 agatur,
2137 5379 2196 5422 ut
2240 5368 2401 5421 rebus
2434 5363 2802 5420 Orientalibus
2848 5359 3238 5415 constituendis
3278 5370 3465 5410 curam

1895 5477 2238 5532 operamque
2271 5468 2452 5512 navet.
2496 5456 2606 5511 Nec
2651 5453 2857 5524 synodo
2889 5467 3022 5520 Opus
3054 5464 3191 5513 esse,
3219 5446 3312 5500 sed
3355 5445 3468 5511 ipse

1894 5553 2228 5608 auctoritate
2257 5550 2472 5620 pr0pria
2517 5549 2664 5602 viros
2696 5546 2895 5614 deligat
2939 5557 3058 5597 cum
3109 5536 3343 5592 ferendis
3371 5535 3468 5587 via:

1895 5643 2181 5706 molestiis,
2219 5653 2328 5696 tum
2363 5643 2525 5696 rebus
2549 5639 2797 5710 gerendis
2831 5637 3069 5696 idoneos,
3099 5629 3188 5699 qui
3214 5638 3468 5681 mansue-

1967 5843 2038 5914 (c)
2084 5840 2253 5911 Epist.
2282 5839 2367 5891 ιι
2384 5835 2472 5893 se.
