3990 6512
578 451 701 498 CLW

1935 423 2463 486 PBOLEGOMENA.

581 555 765 609 tudine
869 551 1125 608 facilitate
1157 551 1352 621 ingenii
1393 553 1530 607 male
1575 552 1797 605 allectos
1826 552 2032 603 valeant
2080 551 2144 603 ad
2176 554 2217 606 Α
2249 548 2313 601 ad
2350 562 2447 601 nus
2484 544 2713 598 transire
2747 541 3040 603 voluerint,
3102 529 3461 593 admittendos
3491 550 3636 602 esse,
3680 537 3803 595 dum

580 660 767 697 sanam
810 645 1069 698 reducere
1119 653 1350 697 mentem
1390 661 1403 697 :
1455 644 1751 713 etquidem
1782 643 1918 696 clam
1954 642 2142 695 tacite-

581 752 685 804 que
735 738 1075 803 accederent,
1108 749 1164 793 ut
1212 738 1300 803 qui
1348 739 1589 791 adversae
1642 736 1814 805 partis
1850 745 2023 793 erant.
2057 748 2145 788 'ne

582 828 1054 893 prmsentiscerent
1082 828 1296 896 quidem
1329 826 1670 879 adventuros.
1707 825 1836 880 Esse
1866 826 1954 893 qui
2004 824 2145 876 Mar-

582 917 773 970 cellum
799 915 1358 983 contenderentahjici
1388 914 1454 969 ab
1481 915 1719 969 Ecclesia
1744 926 2017 984 oportere,
2053 914 2141 981 qui

582 1008 745 1063 Verbi
789 1010 881 1063 Dei
914 1020 1038 1062 ante
1083 1009 1509 1061 incarnationem
1557 1015 1610 1061 et
1642 1015 1757 1073 post
1802 986 2148 1059 resurrectio-

583 1116 705 1155 nem
737 1099 1108 1154 exsistentiam
1132 1098 1358 1151 tolleret.
1732 1086 1743 1094 “

652 1191 709 1247 4.
741 1192 1061 1245 Athanasius
1112 1207 1227 1242 cum
1270 1188 1480 1243 Melelio
1526 1186 1911 1242 reconciliatur.
1942 1215 2016 1226 —
2067 1184 2144 1237 Ex

584 1286 685 1339 hac
725 1297 995 1354 postrema
1029 1284 1252 1354 epistola
1283 1285 1471 1338 conlici
1498 1284 1728 1343 videtur,
1760 1278 1945 1332 Basilii
1977 1290 2143 1346 opera

584 1376 937 1429 Athanasium
973 1375 1182 1430 Meletio
1211 1375 1609 1428 reconciliatum
1630 1372 1811 1425 fuisse.
1842 1369 1975 1423 Nam
2006 1368 2145 1437 quod

586 1467 780 1521 Meleti.
817 1468 1074 1521 diaconus
1110 1468 1174 1519 ad
1205 1466 1557 1520 Athanasium
1580 1461 2005 1518 conveniendum
2026 1474 2148 1527 pro-

584 1557 891 1625 peraret,id
931 1571 991 1609 ea
1033 1564 1349 1622 tempestate
1382 1554 1522 1606 inter
1549 1552 1702 1621 signa
1741 1549 1887 1602 iuitze
1928 1555 2021 1599 aut
2047 1544 2149 1599 sal-

588 1660 693 1701 tem
723 1648 966 1701 ineuuda:
993 1647 1140 1714 pacis
1171 1647 1604 1714 computabatur.
1635 1644 1687 1696 In
1713 1642 1861 1694 hisce
1896 1636 2147 1691 omnibus

584 1736 829 1803 epistolis
862 1750 1110 1803 magnam
1148 1750 1374 1788 cernere
1402 1744 1485 1787 est
1510 1730 1691 1785 Basilii
1741 1745 1865 1797 erga
1902 1726 2146 1779 Athana-

585 1828 725 1879 sitim
753 1828 1176 1879 observantiam.
1215 1826 1400 1878 Virum
1434 1835 1489 1877 ut
1513 1832 1741 1892 patrem,
1767 1830 1823 1873 ut
1848 1822 2144 1882 doctorem,

586 1927 643 1971 ιιι
669 1918 928 1972 arbitrum
952 1935 1165 1986 semper
1195 1917 1487 1986 alloquitur
1520 1934 1534 1971 :
1567 1925 1622 1969 et
1652 1914 1814 1966 totius
1844 1910 2010 1965 ferme
2039 1909 2145 1963 Ec-

584 2012 764 2065 clesia:
814 2024 1013 2066 sortem
1055 2028 1116 2063 ex
1154 2011 1322 2080 ipsius
1368 2009 1601 2062 maxime
1653 2006 1886 2074 pendere
1927 2002 2149 2057 consilio

587 2104 931 2159 testificatur.
969 2105 1299 2157 Athanasius
1350 2102 1587 2154 vicissim
1618 2097 1873 2151 Basilium
1910 2095 2002 2149 ﬁlii
2033 2095 2150 2149 loco

584 2212 795 2265 semper
817 2199 1025 2261 habuit,
1048 2198 1270 2267 ejusque
1302 2196 1625 2257 doctrinam,
1649 2197 1757 2248 vim
1793 2192 2013 2261 ingenii,
2041 2189 2152 2258 pie-

586 2298 751 2343 tatem
782 2292 968 2358 quanti
1007 2291 1193 2352 l'aciat,
1222 2290 1361 2341 hattd
1394 2287 1557 2341 semel
1580 2286 1848 2356 signiﬁcat
1881 2285 1932 2336 in
1961 2281 2153 2335 litteris

584 2380 765 2435 Basilii
788 2396 954 2437 causa
989 2383 1328 2449 conscriptis.
1363 2380 1495 2432 Nam
1521 2394 1639 2447 quas
1679 2378 1744 2431 ad
1798 2377 1970 2445 ipsum
2002 2373 2153 2427 Basi-

584 2472 714 2525 lium
749 2473 888 2526 (lalll:
915 2482 1059 2534 sunt,
1094 2471 1289 2539 injuria
1337 2481 1633 2537 temporum
1665 2466 2010 2521 interierunt.

655 2564 713 2618 5.
760 2564 1011 2630 Epistola:
1040 2562 1321 2615 Athanasii
1349 2563 1417 2613 ad
1447 2559 1706 2614 Joannem
1741 2568 1789 2611 et
1840 2559 2151 2612 Antiochum

582 2666 630 2706 et
660 2656 726 2705 ad
758 2653 1083 2707 Palladium.
1118 2652 1305 2709 Basilii
1330 2652 1393 2704 de
1422 2651 1709 2704 Athanasio
1746 2648 2060 2702 testimonia.
2086 2675 2154 2686 ——

584 2744 699 2798 lloc
734 2745 951 2798 circiter
999 2755 1241 2811 tempore
1289 2743 1538 2797 excitatis
1590 2744 1654 2796 de
1717 2740 1949 2810 Spiritus
1983 2739 2151 2794 sancti

589 2836 877 2891 divinitate
913 2837 1326 2905 quaestionibus,
1390 2836 1620 2889 Basilius
1674 2842 1983 2904 temporum
2034 2846 2153 2885 sese

583 2928 876 2983 conditioni
937 2938 1301 2996 attemperans
1337 2972 1351 2994 ,
1412 2928 1511 2981 etsi
1566 2926 1794 2995 Spiritui
1858 2934 2046 2979 sancto
2090 2938 2150 2977 ea

582 3021 765 3072 omnia
788 3034 905 3087 quae
933 3019 1037 3072 Deo
1065 3030 1379 3087 competunt
1406 3018 1722 3081 ascriberet,
1743 3029 1797 3072 et
1826 3018 1988 3071 Deum
2028 3032 2152 3070 vere

585 3110 758 3176 ipsum
796 3112 1045 3164 crederet
1069 3126 1209 3172 esse,
1242 3126 1271 3163 a
1306 3110 1396 3162 Dci
1450 3120 1626 3163 tamen
1656 3092 1875 3163 nomine
1906 3107 2149 3161 abstine-

582 3201 692 3264 bat,
723 3212 791 3252 ne
822 3214 906 3254 res
942 3199 1276 3253 auditoribus
1325 3199 1671 3268 appellationi
1730 3195 2033 3263 hujusmodi
2063 3196 2148 3248 in-

582 3291 748 3344 suetis
782 3290 1063 3344 oﬁensioui
1099 3290 1257 3343 foret.
1298 3291 1354 3342 ιιι
1389 3306 1509 3343 cum
1548 3289 1763 3357 indigne
1791 3288 1999 3342 ferrent
2030 3303 2149 3340 mo-

2250 640 2476 693 Nicamze
2494 636 2681 707 synodi
2709 635 2865 689 ﬁdem
2884 633 3256 702 proﬁteantur.
3290 649 3387 686 nec
3411 632 3492 685 vel
3526 632 3807 685 minimum

2247 748 2367 787 esse
2389 747 2450 785 ea
2477 732 2528 784 in
2557 746 2615 784 re
2647 727 3006 781 hmsitandum
3039 742 3051 777 :
3088 734 3143 777 et
3172 739 3293 778 cum
3333 724 3617 779 sententia:
3651 724 3812 792 hujus

2248 834 2525 879 consortes
2559 821 2644 874 ille
2672 820 2800 873 mibi
2824 833 2944 872 cum
2979 816 3303 871 Macedonia:
3328 826 3436 870 tum
3457 817 3675 869 Achaize
3698 817 3811 883 epi-

2250 930 2441 983 scopos
2476 913 2783 981 allegasset,
2820 924 3040 963 necesse
3072 909 3197 963 duxi
3242 918 3387 962 tanto
3441 910 3555 961 viro
3591 917 3815 975 propter

2249 1006 2620 1078 gravissimam
2644 1018 2829 1057 eorum
2853 1002 3233 1056 auctoritatem
3256 1000 3345 1069 qui
3377 1001 3427 1053 id
3463 1001 3814 1053 decreverant

2249 1096 2511 1164 obsequi:
2551 1093 2823 1163 simulque
2884 1093 3159 1161 prmmium
3210 1092 3451 1163 paciﬁcis
3485 1091 3812 1145 destinatmn

2250 1186 2488 1241 nancisci
2512 1187 2755 1253 cupiens,
2779 1200 2873 1239 eos
2908 1184 2998 1254 qui
3030 1184 3188 1237 ﬁdem
3230 1184 3388 1237 istam
3427 1181 3816 1236 conﬁterentur

2252 1276 2767 1343 communicantium
2793 1275 2931 1343 parti
2956 1274 3204 1343 ascripsi.
3234 1292 3251 1324 ι
3290 1274 3345 1326 ιιι
3376 1272 3602 1342 epistola
3638 1280 3813 1324 autem

2252 1371 2317 1423 ad
2342 1369 2696 1437 Euphemium
2734 1368 2847 1421 haec
2901 1367 3064 1420 habet
3100 1384 3113 1419 :
3148 1384 3165 1416 ι
3208 1365 3454 1418 Studium
3486 1374 3639 1417 tuum
3693 1377 3818 1432 erga

2251 1458 2609 1513 Athanasium
2651 1457 3116 1511 evidentissimum
3149 1467 3266 1510 erat
3321 1466 3729 1525 argumentum,
3772 1464 3821 1509 te

2254 1549 2306 1603 in
2331 1550 2582 1603 maximis
2616 1548 2739 1603 ﬁdei
2765 1548 3029 1616 capitibus
3064 1558 3205 1601 recte
3234 1548 3455 1603 sentire.
3491 1566 3510 1599 ι

2323 1642 2376 1698 6.
2406 1642 2605 1696 Siderii
2660 1640 2924 1695 Historia.
2974 1640 3242 1694 Siderium
3268 1637 3542 1705 conﬁrmat
3588 1638 3821 1691 Athana-

2253 1734 2383 1788 sius.
2405 1764 2471 1775 ——
2495 1733 2618 1788 Haec
2642 1735 2769 1789 item
2799 1733 3017 1787 circiter
3054 1743 3288 1801 tempora
3317 1746 3404 1784 res
3434 1732 3820 1798 evenit,qnam

2256 1826 2481 1898 Synesio
2504 1837 2723 1880 auctore
2739 1825 3030 1880 ediscimus
3054 1824 3150 1895 (ιι).
3179 1823 3343 1877 Erant
3364 1824 3412 1877 in
3433 1824 3665 1892 quadam
3687 1821 3824 1875 Pen—

2252 1919 2488 1987 tapoleos
2516 1918 2758 1983 dioecesi,
2788 1920 2871 1971 cui
2906 1932 3098 1971 nomen
3148 1915 3464 1987 Erythrum,
3506 1915 3611 1970 vici
3672 1916 3779 1970 duo
3806 1956 3823 1979 ,

2257 2010 2544 2065 Palazbisca
2611 2020 2666 2065 et
2743 2010 2977 2078 Hydrax.
3042 2010 3305 2078 Episcopo
3371 2017 3550 2061 autem
3604 2008 3824 2078 Erythri

2253 2101 2481 2167 Orioni,
2523 2103 2726 2172 jamdiu
2778 2103 2926 2171 gravi
2980 2110 3034 2155 et
3082 2112 3330 2171 provecta
3383 2111 3537 2155 tetate
3575 2117 3703 2155 cum
3735 2117 3824 2155 es-

2254 2206 2357 2259 set,
2385 2210 2595 2250 summa
2638 2193 2872 2247 facilitas
2899 2208 2965 2247 ex
3011 2193 3209 2262 ingenii
3245 2195 3547 2261 mentisque
3584 2190 3827 2245 imbecil-

2254 2288 2409 2342 litate
2435 2288 2659 2342 advecta
2688 2287 2818 2341 vitio
2855 2285 3188 2340 vertebatur.
3224 2286 3355 2340 Cum
3403 2286 3609 2340 diutius
3644 2293 3828 2339 autem

2256 2382 2419 2435 vitam
2444 2379 2773 2444 extraheret,
2803 2378 3059 2448 longioris
3098 2392 3261 2430 morae
3296 2378 3647 2445 impatientes
3684 2377 3830 2433 vico-

2254 2490 2373 2529 rum
2414 2474 2633 2537 incolze,
2694 2472 2947 2542 juvenem
3006 2470 3292 2539 quemdam
3352 2472 3607 2541 gerendis
3669 2475 3833 2527 rebus

2254 2576 2553 2630 strenuum,
2592 2563 2857 2618 Sideriutn
2891 2564 3127 2627 nomine,
3154 2565 3219 2615 ab
3258 2562 3500 2617 exercitu
3587 2560 3833 2617 Valentis

2259 2656 2636 2710 adventantem
2695 2655 3029 2723 delegerunt.
3089 2665 3146 2707 ut
3196 2654 3346 2708 vicos
3377 2654 3831 2717 administraret,

2254 2747 2515 2815 ejusmodi
2548 2748 2725 2800 virum
2758 2748 2984 2811 scilicet,
3012 2745 3101 2815 qui
3137 2755 3191 2800 et
3218 2746 3453 2800 inimicis
3506 2762 3732 2809 nocere,
3780 2758 3835 2800 et

2255 2839 2445 2893 amicis
2480 2839 2733 2908 prodesse
2767 2850 2969 2908 posset.
3004 2839 3105 2893 Per
3133 2839 3183 2893 id
3210 2840 3351 2892 enim
3392 2850 3605 2907 tempus
3658 2840 3834 2893 barre-

2255 2930 2332 2983 sis
2365 2929 2713 2983 multitudine
2742 2940 2795 2984 et
2825 2929 3149 2983 auctoritate
3180 2928 3429 2992 valebat,
3486 2937 3829 2997 opportuna-

2255 3034 2359 3089 que
2394 3026 2503 3071 tum
2538 3018 2835 3073 dexteritas
2867 3019 2918 3071 in
2953 3018 3160 3085 agendo
3196 3033 3317 3087 quae
3369 3026 3453 3073 est
3507 3019 3835 3072 administra

2256 3112 2575 3183 prudentiae.
2616 3110 2661 3165 Is
2695 3112 2901 3182 primus
2929 3110 3031 3166 fuit
3083 3110 3387 3166 Palzebiscae
3443 3121 3666 3165 creatus
3716 3110 3833 3179 epi—

2253 3219 2481 3273 scopus;
2505 3203 2597 3256 sed
2630 3218 2803 3272 neque
2837 3203 3089 3275 legitime,
3140 3218 3260 3257 cum
3313 3218 3411 3257 nec
3438 3202 3789 3257 Alexandriae
3819 3244 3834 3266 ,

2254 3312 2353 3350 nec
2374 3313 2402 3349 a
2425 3294 2616 3362 tribus,
2647 3306 2706 3349 ut
2732 3311 2849 3350 mos
2884 3306 3019 3357 erat,
3047 3296 3312 3364 episcopis
3345 3296 3505 3349 fuerit
3526 3297 3835 3351 ordinatus.

2183 1961 2224 2015 Β

584 3381 743 3434 nachi
801 3379 1067 3443 nonnulli,
1117 3392 1364 3434 sanctum
1400 3381 1571 3431 virmn
1618 3379 1816 3447 ubique
1869 3367 2220 3431 traducereC
2257 3385 2412 3439 Solus
2446 3401 2677 3453 namque
2730 3385 2884 3439 Philo
2932 3384 3199 3437 Siderium
3233 3384 3524 3437 ordinavit.
3565 3382 3616 3437 Is
3680 3384 3837 3437 Philo

582 3478 745 3538 atque
770 3471 1023 3524 insectari
1055 3480 1359 3539 coeperunt.
1394 3470 1469 3521 lie
1506 3470 1698 3522 litteris
1732 3468 2153 3536 Joanniscujns-

581 3564 706 3616 dam
736 3572 789 3615 et
822 3564 1068 3615 Antiochi
1112 3563 1549 3632 presbyterorum
1602 3570 1873 3629 comperta
1915 3600 1929 3621 .
1981 3560 2150 3614 Atha-

585 3654 768 3706 nasius
800 3654 961 3706 missa
988 3656 1055 3707 ad
1084 3655 1301 3707 eosdem
1326 3653 1576 3721 epistola,
1611 3653 1994 3705 monachorum
2026 3667 2146 3705 car-

581 3745 662 3813 pit
715 3745 992 3797 audaciam
1042 3754 1095 3797 et
1155 3746 1534 3807 temeritatem,
1583 3758 1788 3797 necnon
1838 3759 2022 3797 eorum
2060 3742 2150 3811 qui

584 3836 971 3903 qumstionibus
998 3836 1274 3888 movendis
1306 3836 1491 3889 intenti
1524 3837 1799 3889 turbarum
1820 3845 1872 3888 et
1902 3834 2152 3889 diSsidio-

583 3944 705 3981 rum
733 3937 1207 3983 essentauctores.
1241 3928 1374 3982 Rem
1422 3928 1664 3997 pluribus
1710 3929 1877 3997 agitat
1933 3928 1985 3980 in
2033 3928 2150 3994 epi-

581 4018 720 4072 stola
756 4019 820 4071 ad
852 4017 1170 4083 Palladium,
1197 4035 1352 4088 quem
1392 4030 1547 4087 rogat
1576 4029 1632 4072 ut
1667 4034 1851 4087 pacem
1891 4016 2149 4072 Basiliam

584 4112 728 4163 inter
756 4118 813 4163 et
848 4112 1145 4164 monachos
1191 4125 1516 4179 componere
1560 4122 1735 4163 curet.
1786 4108 2005 4163 Probari
2048 4108 2148 4161 sibi

581 4206 681 4269 ait,
716 4214 1106 4275 acceptumque
1137 4221 1252 4260 esse
1292 4208 1430 4275 piam
1463 4206 1606 4260 illam
1641 4206 1823 4259 Basilii
1850 4205 2151 4259 simulatio-

582 4314 729 4363 nem,
770 4300 859 4365 qui
893 4313 988 4361 pro
1020 4299 1355 4351 infirmorum
1390 4299 1621 4351 utilitate
1670 4296 2041 4351 inﬁrmitatem
2095 4306 2150 4350 et

579 4391 697 4459 ipse
729 4389 1029 4459 prieferrct.
1064 4391 1248 4443 Virum
1284 4389 1610 4457 hujusmodi,
1640 4389 1895 4443 Ecclesia:
1920 4389 2147 4457 gloriam

506 4534 517 4545 ,
576 4498 700 4537 esse
730 4484 1027 4537 contendit.
1087 4481 1153 4535 Et
1182 4483 1542 4559 ltwcrquidem
1599 4486 1663 4537 de
1712 4482 1995 4535 Athanasii
2026 4497 2147 4535 cum

578 4575 780 4629 Basilio
816 4575 1079 4630 societate
1119 4585 1172 4631 et
1204 4577 1442 4629 amicitia
1497 4576 1640 4629 dicta
1685 4583 1869 4635 sunto,
1902 4588 2005 4627 non
2034 4574 2151 4642 qui-

578 4668 699 4722 dem
731 4670 1066 4739 temporibus
1105 4669 1361 4723 distincta
1419 4669 1553 4733 suis,
1592 4683 1714 4720 cum
1767 4684 1870 4720 non
1906 4676 1988 4719 sat
2018 4682 2148 4720 con-

573 4762 763 4827 spicua
794 4762 1248 4829 ferantcjnsmodi
1281 4761 1474 4814 littera:
1506 4770 1805 4827 temporum
1835 4760 2007 4828 signa.
2035 4758 2147 4811 Hoc

576 4870 740 4909 unum
779 4866 989 4907 certum
1016 4853 1490 4920 exploratumque,
1539 4852 1702 4904 trium
1733 4868 1992 4905 annorum
2024 4868 2145 4920 spa-

575 4946 650 4999 tio
675 4946 787 4998 lnee
825 4946 1005 4997 omnia
1037 4942 1413 4998 circumscribi
1443 4949 1713 5010 oportere,
1744 4942 1812 4995 ab
1844 4956 1985 4993 anno
2038 4944 2146 4995 sci-

576 5037 705 5091 licet
740 5036 867 5095 570,
900 5052 1011 5104 quo
1042 5035 1331 5089 ordinatus
1362 5034 1465 5086 fuit
1492 5033 1745 5094 Basilius,
1800 5034 1864 5086 ad
1912 5034 2038 5097 575,
2092 5034 2145 5087 in

572 5144 757 5198 quem,
785 5138 842 5180 ut
874 5144 994 5181 mox
1035 5127 1447 5194 comprobatur,
1506 5140 1650 5177 mors
1686 5124 1967 5178 Athanasii
2016 5141 2145 5177 cou-

573 5221 796 5273 ferenda
832 5228 934 5273 est.
981 5216 1087 5272 Nec
1136 5216 1600 5285 praztermittenda
1633 5215 1736 5268 alia
1768 5218 2009 5285 qua‘dam
2042 5216 2143 5269 Bac

570 5314 676 5365 Slltl
712 5314 853 5365 dicta
889 5312 1147 5379 grandem
1177 5308 1463 5361 Athanasii
1519 5308 1977 5362 existimationem
2004 5325 2143 5376 prte-

571 5408 815 5462 t'erentia.
869 5406 924 5457 In
982 5402 1203 5471 epistola
1242 5402 1308 5453 ad
1378 5400 1840 5455 Neocaesarienses
1907 5401 1981 5469 (ιι)
2032 5402 2143 5455 haec

571 5500 733 5552 habet
761 5516 774 5551 :
806 5517 822 5549 ι
855 5498 987 5551 Cum
1020 5497 1347 5563 accepissem
1392 5510 1419 5546 a
1456 5494 1769 5548 beatissimo
1792 5503 1945 5561 patre
1976 5494 2143 5546 Atha-

569 5590 721 5641 nasio
755 5587 1102 5641 Alexandria:
1122 5586 1375 5652 episcopo
1408 5585 1635 5646 litteras,
1665 5598 1783 5652 qua:
1806 5583 1971 5636 etiam
2002 5599 2141 5637 nunc

569 5693 736 5749 penes
774 5696 856 5731 me
887 5689 1032 5740 sunt,
1059 5688 1112 5730 et
1137 5678 1502 5746 ﬂagitantibus
1528 5677 1694 5728 oﬁ'ero
1725 5675 1997 5744 legendas,
2018 5678 2140 5745 qui-

566 5768 667 5823 bus
691 5770 777 5822 ille
793 5778 975 5837 aperte
1006 5768 1171 5821 edixit
1199 5784 1311 5834 eos,
1338 5770 1426 5838 qui
1471 5784 1536 5822 ex
1590 5768 1913 5821 Arianorum
1951 5769 2138 5824 btercsi

641 5886 714 5952 ((1)
749 5884 912 5952 Epist.
941 5882 1027 5935 77.3.

2258 3475 2481 3531 fortasse
2511 3474 2649 3527 idem
2682 3484 2781 3537 est.
2808 3475 2897 3543 qui
2930 3474 3052 3528 ﬁdei
3082 3488 3245 3528 causa
3274 3476 3371 3527 sub
3398 3471 3724 3528 Constantio
3747 3489 3839 3529 re-

2255 3569 2479 3639 legatus,
2514 3566 2873 3621 Luciferianis
2907 3576 3091 3635 postea
3117 3580 3312 3620 nomen
3345 3565 3513 3629 dedit,
3542 3566 3710 3620 homo
3736 3582 3839 3635 pa-

2257 3660 2355 3713 tria
2384 3659 2726 3729 Cyrenensis,
2751 3659 2981 3728 juuioris
2997 3656 3271 3724 cujusdam
3293 3656 3531 3711 Philonis
3557 3669 3793 3726 patruus
3819 3677 3836 3713 :

2254 3750 2307 3803 in
2341 3752 2550 3805 caeteris
2585 3750 2802 3819 quidem
2835 3765 2900 3803 ex
2952 3748 3271 3819 praescripto
3301 3747 3629 3803 Christiana:
3663 3751 3839 3804 disci-

2253 3840 2411 3909 plina:
2440 3840 2601 3893 vitam
2633 3854 2817 3907 agens,
2846 3840 2986 3908 quod
3014 3846 3191 3891 autem
3224 3837 3291 3891 ad
3327 3838 3625 3905 regendum
3658 3848 3715 3893 et
3738 3855 3841 3908 pa-

2253 3931 2480 3985 rendum
2507 3931 2696 3986 attinet
2719 3930 2995 3994 audacior,
3026 3943 3186 3998 quam
3223 3928 3399 3999 legum
3427 3930 3840 3985 observantior.

2254 4023 2637 4080 Verumtamen
2668 4025 2770 4077 hoc
2804 4024 2870 4076 ad
2906 4022 3151 4076 Philonis
3181 4022 3393 4075 veniam
3449 4024 3635 4077 aﬁerri
3682 4038 3844 4094 pote-

2253 4128 2357 4180 rat,
2424 4115 2565 4184 qnod
2624 4112 2990 4168 furmidolosis
3043 4112 3377 4183 temporibus
3434 4117 3838 4171 accuratiorem

2252 4208 2592 4277 disciplinam
2626 4206 2966 4275 praetermitti
3010 4220 3231 4259 necesse
3265 4203 3445 4259 fuerit.
3491 4206 3626 4273 Quae
3668 4224 3844 4263 causa

2251 4298 2350 4353 fuit
2377 4309 2439 4352 ut
2470 4299 2797 4352 Athanasius
2826 4297 2878 4351 id
2926 4297 3151 4366 tempori
3186 4298 3414 4363 dederit,
3449 4315 3550 4353 nec
3583 4300 3669 4354 vel
3708 4318 3842 4355 cum

2250 4391 2561 4456 ordinante,
2602 4392 2826 4444 velcum
2853 4390 3107 4443 ordinato
3142 4390 3520 4457 expostularit.
3567 4392 3683 4448 lino
3702 4410 3847 4449 vero

2250 4498 2371 4538 cum
2401 4482 2645 4551 exiguum
2683 4481 2857 4534 adhuc
2882 4481 3001 4534 ﬁdei
3035 4481 3319 4534 scintillam
3348 4500 3469 4551 qua:
3491 4482 3849 4545 Ptolemaide

2252 4577 2467 4631 residua
2505 4584 2620 4629 erat
2655 4574 2853 4635 fovere.
2886 4583 2939 4627 et
2996 4572 3165 4641 magis
3219 4575 3498 4643 magisque
3528 4577 3695 4632 vellet
3748 4596 3850 4631 av-

2183 4709 2224 4765 D
2253 4669 2505 4732 cendere,
2539 4666 2805 4720 Sideriutn
2836 4662 3124 4730 majoribus
3172 4666 3421 4733 gerendis
3478 4666 3737 4722 idoneum
3768 4685 3847 4724 eo

2254 4758 2613 4826 commigrare
2660 4758 2935 4825 praecepit,
2983 4764 3039 4808 nt
3088 4756 3556 4825 metropolitanum
3617 4773 3853 4829 regeret.

2254 4850 2568 4904 Ecclesium.
2597 4849 2664 4902 At
2716 4848 2801 4900 ubi
2852 4862 3015 4902 senex
3060 4847 3271 4900 demtnn
3306 4848 3610 4903 exstinctus
3638 4864 3787 4905 esset
3824 4896 3847 4917 ,

2252 4939 2543 4995 Paltebisca
2580 4950 2634 4993 et
2666 4939 2886 5009 llydrax
2920 4941 2969 4990 in
3009 4939 3283 5006 antiquam
3330 4940 3562 4994 redactae
3597 4942 3849 4997 formam

2252 5042 2399 5095 sunt,
2433 5044 2595 5100 atque
2632 5031 2866 5101 Erythro
2892 5032 3233 5083 Cuntribula}.
3281 5027 3703 5099 Insequentibus
3738 5051 3855 5086 au-

2256 5136 2358 5177 tem
2386 5124 2540 5176 annis
2571 5124 2738 5175 turba:
2768 5138 2978 5175 rursum
3005 5124 3190 5175 eadem
3215 5123 3278 5175 de
3305 5138 3466 5176 causa
3504 5124 3649 5177 data:
3678 5138 3850 5179 sunt.

2321 5214 2375 5271 Ἰ,
2401 5215 2720 5281 Λροιιὶηανὶε
2745 5230 2946 5267 errores
2991 5214 3096 5267 lute
3130 5225 3363 5281 serpunt.
3402 5216 3686 5268 Athanasii
3716 5219 3854 5284 cpi-

2250 5308 2383 5360 stola
2424 5310 2489 5363 ad
2538 5307 2849 5376 Epictetum.
2882 5338 2950 5347 —
2988 5307 3189 5360 Interea
3221 5306 3536 5374 Apollinarii
3586 5324 3855 5372 errores,

2253 5403 2343 5469 qui
2375 5412 2493 5470 post
2532 5403 2791 5473 synodum
2822 5402 3240 5455 Alexandrinam
3260 5401 3386 5453 anni
3424 5400 3529 5454 Sb").
3564 5418 3629 5455 ex
3660 5419 3860 5456 Sunu-

2250 5494 2355 5546 lata
2392 5496 2626 5560 ejusdem
2661 5495 3001 5549 confessione
3033 5496 3327 5563 compressi
3355 5506 3408 5548 et
3440 5495 3697 5547 exstincti
3753 5498 3860 5548 vi-

2249 5586 2533 5651 debantur,
2570 5587 2674 5638 late
2706 5602 2924 5655 serpere
2959 5596 3013 5639 et
3062 5588 3115 5640 in
3149 5587 3340 5639 multas
3365 5586 3538 5652 spargi
3573 5588 3859 5651 regiones

2248 5690 2544 5745 caaperant,
2578 5688 2632 5729 ut
2664 5695 2766 5729 non
2796 5695 2890 5745 per
2912 5677 3146 5746 Syriam,
3182 5677 3541 5737 l’aliesﬁnam,
3576 5686 3630 5729 et
3661 5676 3864 5748 {Egy—

2251 5782 2403 5837 ptum
2440 5770 2616 5833 modo,
2654 5770 2745 5822 sed
2792 5785 2884 5836 per
2918 5771 3177 5825 Grtcciam
3219 5779 3270 5823 et
3305 5770 3561 5823 Achaiam
3599 5786 3815 5824 cmana

2317 5886 2388 5956 (1»)
2423 5884 2695 5955 Syncsius,
2731 5900 2815 5953 rp.
2849 5884 2928 5938 77.
