3990 6526
1464 405 1621 460 VITA
1662 403 1718 455 S.
1767 400 2160 462 ATHANASII.

3326 415 3424 456 CLV
3458 474 3459 477 η

174 508 280 553 rent.
331 500 398 554 Et
458 502 548 555 uti
595 503 766 558 solet
816 520 949 560 nova
1000 519 1220 572 qumque
1268 503 1449 572 upinio
1486 505 1537 554 in
1593 501 1762 552 varias

1872 523 1937 574 sti
1970 538 2031 574 ex
2064 522 2440 592 conjunctione
2470 536 2590 575 cum
2626 521 2801 575 Verbo
2832 522 3122 575 increatam
3184 523 3422 578 evasisse

175 591 368 644 distrahi
423 601 673 660 partes,
729 610 885 655 cum,
925 605 979 647 ut
1006 604 1272 659 putamus,
1320 606 1385 646 ex
1415 593 1579 645 variis
1614 602 1667 644 et
1714 591 1765 643 iu

177 695 353 735 omnem
403 692 652 750 partem
725 685 919 740 effusis
966 684 1276 754 Apollinarii
1326 684 1582 753 scriptis,
1634 683 1769 737 alius

179 774 291 828 aliud
318 777 855 843 apprehendisset,
886 779 1004 832 hinc
1036 777 1194 831 varia:
1227 777 1429 831 oborta:
1467 777 1765 842 sententia},

184 879 285 951 quas
298 881 408 921 uno
426 866 885 923 Dimceritarum
906 869 1117 923 nomine
1142 867 1511 937 complectitur
1539 866 1769 935 Epipha-

189 955 280 1009 nius
300 958 403 1025 (a).
447 958 771 1025 Ejusmodi
797 975 927 1028 ergo
945 974 1116 1027 prava:
1138 966 1192 1012 et
1220 958 1471 1011 adultera:
1491 956 1767 1026 opiniones

190 1062 282 1102 cum
311 1047 585 1102 Corinthi
646 1054 955 1118 propositae
992 1050 1308 1118 agitanteque
1362 1046 1611 1109 fuissent,
1646 1045 1769 1112 Epi-

191 1147 329 1192 ctetus
356 1136 532 1190 istius
590 1140 761 1191 urbis
802 1141 1084 1208 episc0pus
1118 1136 1531 1193 commentarios
1576 1136 1765 1199 edidit,

192 1228 243 1284 ad
266 1228 764 1294 Athanasiumque
781 1240 792 1275 t
807 1230 1099 1295 Γειιιειηὶςίι,
1126 1242 1319 1297 rogans
1336 1228 1439 1281 sibi
1459 1226 1587 1295 quid
1604 1240 1767 1294 ageti-

194 1322 307 1382 dum,
334 1318 543 1386 quidve
581 1318 976 1384 sentiendum,
1028 1334 1129 1389 qua
1187 1321 1396 1373 ratione
1452 1316 1764 1373 confutandi

193 1411 421 1478 ejusmodi
442 1428 679 1467 errores
705 1421 922 1477 essent,
951 1411 1232 1466 indicaret.
1268 1411 1387 1465 llaec
1408 1420 1584 1464 autem
1613 1418 1767 1464 erant

196 1504 469 1557 istiusmodi
514 1506 939 1559 sententiarum
974 1504 1145 1573 capita
1181 1506 1276 1557 :l'
1299 1501 1766 1557 Consubstantiale

199 1592 323 1647 Verbi
360 1594 655 1647 divinitati
693 1609 828 1648 esse
861 1609 1055 1663 corpus
1084 1609 1148 1647 ex
1186 1593 1349 1646 Maria
1391 1592 1667 1661 genitum;
1704 1589 1761 1643 Ξ*

196 1684 397 1737 Verbum
455 1686 513 1739 in
572 1701 839 1751 carnem,
895 1700 1039 1750 ossa,
1081 1699 1293 1747 nervos,
1323 1683 1544 1751 capillos
1598 1681 1764 1736 fuisse

1872 615 2219 670 allirmarent.
2269 614 2397 681 Qua:
2428 629 2558 668 sane
2604 613 2787 681 opinio
2850 617 3041 670 recidit
3080 620 3131 673 in
3181 616 3425 688 proxime

1869 717 2319 761 commemoratos
2345 706 2662 772 Apollinarii
2699 722 2932 761 errores.

1940 797 1992 851 9.
2036 798 2307 850 Athanasii
2339 795 2552 865 epistola
2580 796 2648 848 ad
2684 794 2995 853 Maximum.
3027 828 3093 836 -—
3129 796 3272 851 Inter
3310 799 3425 853 ltznc

1872 888 2135 942 Maximus
2168 889 2388 958 quidam
2434 886 2802 955 philosophus,
2843 888 2886 941 is
2917 889 3047 957 ipse,
3093 900 3149 942 ttt
3187 889 3421 953 videtur,

1852 980 1957 1049 qui
1985 981 2237 1034 ementita
2271 989 2391 1049 post
2424 981 2536 1035 hare
2563 978 2822 1048 Gregorio
2862 979 3198 1034 Nazianzeno
3239 982 3425 1033 amici-

1870 1074 1956 1127 tia:
1988 1073 2380 1125 necessitudine
2409 1073 2647 1141 junctus,
2683 1074 2923 1126 eumdem
2948 1073 3071 1126 sede
3104 1072 3302 1140 pellere
3336 1088 3426 1141 ag-

1868 1177 2087 1233 gressus
2120 1174 2221 1225 e5t,
2251 1162 2444 1221 litteris
2481 1163 2774 1217 Athanasio
2804 1164 3146 1234 signiﬁcavit,
3185 1178 3305 1218 esse
3333 1165 3423 1230 qui

1867 1255 2127 1308 adversus
2157 1254 2248 1308 Dei
2275 1254 2507 1308 Verbum
2536 1257 2831 1310 sententias
2860 1256 3113 1310 ellerrent
3145 1271 3422 1317 erroneas,

1866 1355 1920 1402 et
1964 1346 2197 1414 quidem,
2231 1355 2289 1399 ut
2330 1346 2458 1400 ittibi
2488 1342 2745 1412 cernitur,
2781 1348 3281 1414 Apollinaristarum
3319 1348 3427 1398 bte-

1866 1436 1969 1490 resi
1998 1435 2275 1489 ﬁnitimas.
2302 1434 2627 1488 Athanasius
2655 1450 2801 1498 vero,
2834 1437 2922 1503 qui
2960 1437 3183 1506 impigre
3213 1449 3425 1501 semper

1864 1525 2069 1580 obortis
2115 1525 2390 1579 errorilms
2434 1524 2792 1580 convellendis
2833 1528 3151 1590 excubabat,
3207 1527 3423 1580 eosdem

1866 1616 2070 1684 integra
2102 1614 2297 1669 mentis
2323 1614 2439 1668 acie
2476 1614 2774 1668 confutavit
2805 1614 2856 1667 in
2887 1616 3107 1683 epistola
3147 1617 3212 1668 ad
3259 1615 3427 1669 Maxi-

1865 1719 2033 1766 mum,
2062 1719 2179 1772 quae
2207 1704 2367 1757 etiam
2402 1719 2545 1758 nunc
2581 1715 2846 1773 superest.

194 1785 455 1885 mutantur.
496 1777 608 1876 Qui
647 1793 816 1878 erro'r
859 1777 1192 1885 Marc‘iniOIis
1237 1774 1610 1885 ascribiturdn
1649 1772 1762 1885 ἀίῗ·
1791 1825 1838 1885 Β
1940 1796 2089 1848 Αξιιιο
2124 1795 2245 1848 572.
2279 1826 2347 1834 -
2376 1797 2425 1849 1.
2473 1772 2751 1849 Athanasii
2788 1798 2907 1849 libri
2954 1808 3131 1851 contra
3154 1798 3428 1863 Apollina-

193 1867 289 1935 logo
312 1865 581 1935 Origenis
633 1867 870 1920 nomine
930 1866 1242 1935 publicato;
1303 1866 1358 1920 5⁸
1398 1864 1677 1919 Dominum
1711 1862 1765 1914 ﬁ-

191 1959 379 2020 ctione,
431 1974 545 2012 non
602 1970 840 2021 natura,
886 1968 1122 2027 gestasse
1179 1971 1396 2026 corpus.
1438 1954 1762 2022 Perantiqua

189 2052 386 2103 haeresis
429 2050 502 2103 ab
559 2049 784 2119 lgnatio
818 2062 875 2102 et
928 2051 994 2103 ab
1031 2048 1279 2102 omnibus
1324 2046 1492 2100 ferme
1516 2046 1763 2099 Patribus

186 2139 413 2205 deinceps
452 2151 818 2204 memorata;
849 2140 908 2191 4°
940 2140 1108 2208 Ipsam
1166 2139 1496 2193 divinitatem
1533 2138 1763 2190 circum-

184 2233 327 2286 cisam
350 2244 406 2286 et
431 2233 598 2288 cruci
626 2232 852 2286 amitam
880 2231 1071 2295 fuisse;
1092 2231 1145 2286 5⁸
1160 2232 1396 2286 Verbum
1428 2245 1759 2300 nequaquam

184 2339 234 2377 ex
261 2322 447 2386 Maria,
483 2324 590 2377 sed
635 2339 707 2377 ex
742 2338 844 2377 sua
876 2324 977 2378 sibi
1033 2322 1332 2378 substantia
1365 2337 1562 2390 corpus
1593 2320 1761 2375 elfor-

183 2430 367 2481 masse;
402 2414 466 2469 6'
489 2416 636 2470 Eum
681 2416 783 2483 qui
812 2414 889 2468 ait
914 2414 1117 2467 Domini
1156 2428 1353 2481 corpus
1390 2428 1455 2466 ex
1481 2412 1645 2465 Maria
1677 2427 1762 2466 or-

183 2516 297 2570 tum,
330 2524 437 2563 non
473 2508 803 2561 trinitatem
843 2507 935 2560 sed
986 2506 1401 2575 quaternitatem
1452 2504 1757 2557 admittere.

181 2595 351 2651 [5”]ch
380 2608 575 2657 erant,
608 2598 855 2651 testibus
896 2596 1193 2665 Epiphanio
1244 2605 1299 2648 et
1337 2595 1597 2663 Gregorio
1652 2592 1759 2645 Na-

180 2689 450 2752 zianzeno,
506 2688 1044 2757 Apollinaristarum
1099 2696 1421 2743 commenta.
1459 2687 1761 2741 Tacebatur

178 2788 338 2834 tamen
366 2781 420 2834 in
452 2779 897 2834 commentariis
934 2778 1157 2848 Epicteti
1184 2795 1335 2833 error
1370 2780 1454 2833 ille
1480 2819 1496 2843 ,
1558 2785 1645 2848 qui
1693 2782 1759 2834 ab

178 2864 314 2918 initio
380 2866 572 2921 fuerat
626 2866 1141 2935 Apollinaristarum
1205 2884 1301 2922 ceu
1364 2877 1600 2930 tessera,
1652 2884 1761 2937 quo

176 2960 432 3026 negabant
464 2959 689 3013 scilicet
723 2970 967 3012 mentem
993 2960 1278 3013 humanam
1322 2961 1496 3015 inesse
1521 2962 1756 3015 Christo.

176 3050 413 3117 Acceptis
449 3050 810 3105 Athanasius
856 3048 1082 3117 Epicteti
1116 3052 1536 3116 commentariis,
1572 3051 1760 3105 litteris

1870 1887 2026 1947 rium,
2068 1899 2114 1939 et
2153 1888 2259 1941 alia
2301 1889 2566 1953 opuscula.
2602 1920 2670 1929 -—
2695 1889 2941 1958 Ejusdem
2989 1890 3264 1959 elegantia:
3302 1900 3428 1943 sunt

1870 1979 1974 2032 duo
2005 1978 2124 2031 libri
2178 1987 2368 2032 contra
2417 1979 2828 2045 Apollinarium,
2872 1995 3007 2048 quos
3054 1981 3426 2034 incunctanter

1869 2078 1990 2138 post
2028 2068 2307 2137 epistolam
2337 2071 2403 2121 ad
2438 2069 2733 2137 Epictetum
2763 2071 3095 2137 reponendus
3122 2086 3423 2131 censemus,

1870 2163 2064 2231 quibus
2095 2177 2309 2215 errores
2338 2162 2568 2215 hominis
2595 2171 2645 2214 et
2684 2173 3011 2215 sectatorum
3048 2163 3162 2230 ejus
3196 2165 3427 2217 insecta-

1870 2260 1976 2317 tur,
2016 2254 2176 2306 tacito
2225 2268 2438 2321 semper
2471 2252 2786 2321 Apollinarii
2832 2254 3061 2307 nomine.
3109 2252 3241 2305 Nam
3284 2254 3425 2320 quod

1869 2345 1918 2398 in
1977 2344 2325 2412 inscriptione
2377 2354 2670 2413 comparet,
2719 2344 2772 2396 id
2822 2343 3033 2396 videtur
3081 2342 3422 2395 librariorum

1867 2437 2183 2491 auctoritate
2216 2436 2516 2499 inductum,
2549 2437 2765 2503 quando
2803 2437 2853 2487 in
2884 2435 3200 2503 quibusdam
3238 2449 3425 2487 exeru-

1868 2526 2104 2594 plaribus
2145 2542 2247 2580 non
2278 2536 2478 2581 exstat.
2515 2526 2579 2579 Et
2610 2540 2737 2580 vero
2776 2540 2837 2579 ea
2867 2540 2922 2579 re
2961 2526 3207 2578 ﬁrmatur
3241 2533 3423 2577 nostra

1866 2632 2005 2686 saepe
2033 2627 2328 2671 memorata
2357 2616 2561 2687 opinio,
2609 2615 3020 2686 Apollinarium,
3064 2616 3186 2691 dum
3224 2614 3427 2668 viveret

1866 2707 2213 2773 Athanasius,
2258 2707 2377 2775 ejus
2410 2722 2622 2775 semper
2654 2707 2880 2775 gratiam
2933 2704 3232 2769 alfectasse,
3265 2714 3425 2772 atque

1866 2799 2135 2853 studuisse
2183 2799 2518 2868 imprudente
2566 2796 2656 2851 illo
2704 2811 2917 2851 errores
2968 2811 3219 2863 spargere
3275 2808 3421 2849 suos.

1867 2891 2007 2945 Sane
2031 2892 2360 2960 gloriabatur
2383 2890 2494 2954 ille,
2524 2890 2720 2944 multas
2754 2906 2812 2944 se
2847 2892 2914 2943 ab
2946 2889 3248 2943 Athanasio
3276 2902 3425 2943 acce-

1865 2986 2008 3053 pisse
2055 2984 2281 3039 litteras.
2320 2984 2448 3049 Qute
2483 2992 2604 3037 nota
2636 2992 2780 3036 esset
2808 2990 3037 3033 servatae
3068 2996 3277 3047 semper
3309 2978 3424 3047 ejus

1866 3078 2049 3147 gratiae
2080 3076 2457 3145 amicitiaeque.
2490 3074 2783 3127 Athanasio
2810 3082 2989 3126 autem
3018 3072 3289 3136 defuncto,
3325 3087 3423 3139 po-

178 3139 233 3190 ω
254 3141 504 3237 eumdem
536 3141 752 3237 tnissis
810 3153 1064 3237 erronum
1090 3141 1367 3237 optniontis
1390 3142 1589 3237 tigrim"
1616 3142 1755 3195 Μεθ’
1786 3181 1829 3237 c
1865 3168 1966 3220 sita
2013 3168 2181 3232 larva,
2213 3166 2385 3235 palam
2424 3165 2588 3233 ccepit
2614 3177 2830 3216 errores
2859 3163 3143 3232 evulgare;
3177 3171 3232 3215 ttt
3263 3178 3425 3215 ausus
3492 3176 3501 3183 '

179 3242 363 3296 ctatur,
396 3234 725 3301 validisque
752 3231 1005 3287 confutat
1034 3235 1383 3303 argumentis.
1417 3234 1607 3288 Μίνω-υ
1633 3249 1760 3289 sane

178 3321 224 3374 in
249 3322 467 3377 homine
502 3338 687 3392 prope
721 3323 960 3377 decursa
1009 3322 1117 3392 jam
1156 3333 1315 3379 :etate
1370 3336 1575 3379 tantum
1617 3328 1759 3380 acri-

179 3418 379 3479 monia,
408 3417 567 3481 salis,
612 3416 975 3484 eloquentiae,
1020 3428 1279 3485 quantum
1345 3418 1429 3471 vix
1466 3421 1761 3487 deprehen-

181 3506 341 3560 ciasin
365 3508 590 3562 caeteris
632 3504 1019 3561 elllorescente
1066 3516 1225 3560 aetate
1268 3509 1608 3577 conscriptis.
1656 3509 1762 3565 Nec

181 3602 552 3664 omittendum,
589 3600 759 3654 initio
796 3599 958 3654 istius
983 3599 1221 3668 epistola:
1243 3616 1458 3655 errores
1515 3602 1762 3670 hujusce-

180 3694 312 3750 modi
340 3703 608 3763 tanquam
650 3691 1067 3753 insolentiores,
1099 3705 1161 3745 ac
1186 3691 1289 3746 sibi
1325 3695 1582 3747 hactenus
1618 3695 1764 3747 inau-

183 3784 312 3839 ditos
346 3787 643 3855 exagitare
670 3784 1065 3841 Athanasium.
1096 3784 1246 3839 Unde
1300 3795 1500 3853 pateat,
1556 3786 1760 3855 reliqua

180 3879 422 3943 opuscula
457 3878 767 3932 adversum
809 3875 1119 3931 Ditnoaritas
1168 3886 1222 3932 et
1261 3877 1681 3943 Apollinaristas
1731 3895 1759 3930 a

182 3979 361 4021 sancto
394 3968 633 4023 doctore
676 3968 969 4030 adornata,
1021 3968 1313 4021 secundum
1365 3984 1485 4022 eam
1541 3970 1608 4022 ad
1640 3969 1763 4035 Epi-

181 4066 374 4113 ctetutn
426 4060 727 4127 epistolam
792 4057 964 4111 fuisse
992 4059 1323 4127 conscripta;
1358 4074 1474 4126 qua:
1502 4063 1566 4113 ad
1600 4061 1760 4129 quin-

180 4165 277 4217 que
310 4166 474 4205 sexve
505 4150 693 4204 adhuc
742 4159 1062 4217 supersunt.
1096 4148 1385 4217 Epistolatu
1438 4152 1505 4204 ad
1559 4151 1765 4221 Epicte-

179 4250 307 4304 tum.
353 4250 771 4312 consequenter
829 4238 900 4294 ad
956 4254 1073 4293 eam
1109 4257 1266 4310 quam
1301 4242 1547 4309 superius
1594 4258 1762 4311 augu-

182 4336 347 4388 rando
376 4335 687 4389 statuimus
723 4330 1095 4400 cltronologize
1126 4334 1411 4397 rationein,
1466 4334 1515 4386 in
1565 4348 1762 4388 annum

178 4427 557 4497 consignamus
614 4427 849 4479 circiter
916 4423 1039 4476 ⁸571.
1096 4424 1357 4478 Memorat
1406 4428 1603 4494 quippe
1644 4426 1765 4480 istic

179 4517 511 4573 Athanasius
567 4518 845 4589 synodum
892 4514 1185 4569 Romanam
1228 4532 1367 4569 anno
1420 4517 1522 4571 570
1564 4534 1594 4572 a
1659 4519 1761 4573 Da-
1798 4512 1843 4567 D

182 4625 328 4665 ntaso
358 4614 628 4665 adversus
661 4609 998 4662 Auxentium
1027 4609 1376 4664 celebratam.

245 4701 295 4756 8.
334 4701 618 4755 Athanasii
641 4698 874 4768 epistola
897 4698 965 4750 ad
994 4700 1325 4767 Adelphium.
1343 4731 1414 4744 --
1438 4702 1491 4755 ln
1517 4704 1763 4758 eamdem

183 4794 392 4848 circiter
423 4801 813 4863 tempestatem
851 4790 1131 4845 referimus
1182 4792 1461 4861 epistolam
1490 4795 1556 4848 ad
1599 4794 1762 4847 Adel-

184 4887 358 4952 phium
394 4886 811 4941 confessorem.
842 4881 947 4948 Qui
972 4883 1163 4937 litteris
1188 4884 1572 4950 Athanasium,
1598 4885 1763 4940 totius

184 4980 325 5033 orbis
354 4996 415 5035 eo
451 4992 706 5048 tempore
758 4976 1027 5030 arbitrum
1078 4985 1130 5029 et
1181 4990 1276 5029 ceu
1304 4976 1604 5043 oraculum,
1642 4992 1759 5031 mo-

186 5080 387 5133 nuerat,
433 5086 563 5125 esse
608 5086 678 5123 ex
734 5066 960 5120 Arianis
1008 5067 1313 5124 nonnullos.
1360 5066 1449 5135 qui
1497 5077 1763 5138 negarent

187 5158 375 5216 Christi
403 5178 605 5232 corpus
636 5175 766 5215 esse
804 5158 1170 5222 adorandum;
1205 5161 1301 5212 sed
1334 5159 1550 5215 aiebant
1583 5172 1759 5216 tamen

192 5246 406 5307 Verbum
432 5254 723 5309 hominem
762 5248 989 5312 factum,
1049 5250 1189 5317 quod
1237 5250 1429 5304 anima:
1474 5253 1645 5307 vicem
1704 5253 1757 5307 iu

190 5342 408 5402 humano
454 5360 699 5417 corpore
736 5342 1009 5410 impleret,
1061 5344 1390 5398 adorandum
1435 5360 1577 5400 esse.
1614 5346 1761 5414 Ejus-

190 5439 321 5494 modi
374 5443 636 5497 homines
675 5438 829 5493 datis
889 5436 954 5490 ad
1006 5438 1322 5505 Adelphium
1361 5440 1554 5493 litteris
1608 5440 1760 5495 solita

184 5528 229 5583 ti
259 5533 446 5603 ingenii
474 5534 688 5589 refellit
715 5538 776 5584 et
798 5531 1040 5598 coarguit
1065 5547 1078 5583 :
1103 5533 1499 5600 exproltratque
1525 5532 1759 5595 Arianis,

178 5626 311 5689 Quod
340 5643 450 5681 rem
484 5639 660 5695 quam
697 5630 949 5675 creatam
983 5631 1253 5689 putarent,
1275 5621 1504 5676 Verbum
1538 5623 1763 5684 scilicet,

172 5716 475 5771 adorarent.
502 5716 672 5770 Alios
715 5714 854 5768 item
886 5722 1174 5780 Oppttgnat,
1217 5714 1306 5782 qui
1356 5728 1570 5769 carnem
1604 5714 1764 5769 Chri-

234 5827 305 5902 ξα)
341 5830 466 5884 llacr
519 5830 593 5882 77

1866 3260 1933 3314 sit
1976 3261 2136 3313 etiam
2182 3258 2359 3313 missis
2408 3256 2474 3309 ad
2523 3255 2999 3309 Diocassarieusem
3032 3256 3293 3323 synodum
3333 3252 3425 3306 lit-

1866 3351 1995 3406 teris
2039 3351 2188 3403 virus
2229 3350 2492 3403 haereseos
2528 3348 2776 3417 detegere
2805 3356 2859 3401 et
2896 3345 3189 3415 publicare.
3223 3345 3426 3399 Przeter

1863 3453 2156 3499 memorata
2183 3442 2438 3512 opuscula
2464 3451 2639 3495 exstat
2666 3441 2768 3493 alia
2794 3439 3069 3508 perbrevis
3096 3439 3271 3492 oratio
3297 3454 3427 3494 con-

1865 3545 1942 3590 tra
1973 3534 2293 3605 Apollinarii
2337 3548 2577 3599 errores,
2608 3533 2809 3587 omisso
2853 3535 2917 3587 de
2959 3546 3107 3585 more
3148 3532 3289 3585 illius
3331 3547 3446 3585 [ιο-ι

1865 3628 2028 3689 mine,
2062 3642 2222 3694 quam
2252 3626 2479 3679 antehac
2518 3624 2769 3679 ineditam
2803 3638 2945 3677 nunc
2974 3623 3199 3691 primum
3226 3622 3422 3690 publici
3448 3606 3479 3687 It
3545 3677 3553 3697 _

1858 3717 1996 3786 juris
2033 3717 2282 3771 facimus.
2318 3715 2554 3784 Itemque
2583 3715 2702 3769 ﬁdei
2735 3714 2999 3769 confessio
3030 3715 3167 3768 haud
3202 3713 3423 3766 multum

1866 3808 2079 3862 diversa
2141 3808 2208 3861 ab
2259 3823 2318 3862 ea
2368 3822 2529 3876 quam
2584 3806 2812 3862 Joviano
2869 3806 3073 3875 roganti
3131 3805 3426 3858 transmisit

1868 3898 2214 3961 Athanasius,
2250 3896 2468 3951 insertis
2493 3898 2663 3952 solum
2689 3896 2945 3952 clausulis
2970 3897 3249 3950 adversum
3274 3897 3427 3965 Apol-

1868 3988 2144 4042 linaristas
2174 3998 2227 4040 et
2261 3985 2815 4051 Pueutnalomachos;
2864 4000 2983 4055 qua:
3031 3986 3097 4037 ab
3133 3985 3445 4038 Athanasio.

1864 4080 1964 4133 sub
2022 4078 2182 4133 ﬁnem
2244 4079 2368 4132 vita:
2430 4078 2745 4133 concinnata
2797 4078 2910 4147 jam
2964 4077 3193 4146 primum
3255 4077 3426 4132 lucem

1866 4172 2075 4241 aspicit.

1938 4286 1993 4340 2.
2040 4285 2284 4341 Melania:
2315 4288 2411 4339 iter
2441 4285 2832 4339 Alexandriam.
2867 4314 2935 4324 -—
2982 4284 3093 4341 lloc
3128 4287 3252 4338 item
3288 4300 3432 4338 anno

1866 4379 2249 4434 Alexandriam
2274 4378 2631 4448 proficiscitur
2653 4377 2875 4431 Melania
2902 4388 3142 4439 matrona
3165 4377 3429 4440 Romana,

1871 4481 1926 4526 et
1954 4472 2189 4541 quidem,
2220 4481 2277 4525 ut
2306 4488 2367 4525 ex
2400 4470 2579 4524 Rufini
2606 4479 2659 4524 et
2699 4469 2921 4523 Palladii
2946 4470 3263 4533 testimoniis
3288 4485 3433 4522 cont-

1872 4564 2164 4617 monstrari
2217 4563 2449 4625 videtur,
2504 4561 2805 4615 Athanasio
2857 4561 3176 4630 superstite;
3236 4562 3431 4612 etenim

1873 4656 2125 4710 donatam
2157 4655 2308 4707 aiunt
2341 4654 2408 4706 ab
2432 4653 2725 4706 Athanasio
2752 4653 2908 4704 ovina
2944 4652 3100 4718 pelle,
3145 4652 3285 4703 dono
3311 4662 3435 4703 ante

1870 4748 1970 4801 sibi
1999 4746 2175 4799 oblata
2207 4760 2235 4799 a
2286 4744 2519 4799 Macario
2548 4744 2745 4799 abbate
2771 4763 2782 4797 :
2831 4743 2919 4811 qui
2950 4742 3213 4796 Macarius
3254 4756 3373 4794 eam
3405 4757 3432 4795 a

1872 4838 2030 4893 leone
2059 4839 2111 4892 in
2143 4837 2387 4893 beneficii
2416 4837 2699 4906 praemium
2730 4843 3015 4903 acceperat
3056 4843 3106 4886 et
3140 4834 3438 4888 mercedem

1870 4932 2107 4989 restituti
2140 4931 2339 4986 catulis
2361 4930 2475 4986 suis
2506 4929 2765 4983 luminum
2792 4940 2939 4979 usus.

1942 5073 2095 5121 Asilo
2133 5066 2257 5119 575.
2316 5094 2386 5105 -
2450 5063 2498 5117 1.
2554 5062 2698 5119 Mars
2742 5060 3041 5113 Athanasii.
3104 5088 3175 5099 ——
3220 5060 3439 5112 Demum

1869 5158 2200 5214 Athanasius
2225 5170 2346 5219 cum
2379 5165 2518 5210 totos
2550 5152 2903 5221 quadraginta
2933 5168 3025 5205 sex
3054 5166 3222 5205 annos
3249 5151 3299 5202 in
3330 5151 3441 5216 epi-

1868 5258 2091 5318 scopatu
2141 5247 2495 5309 consedisset,
2536 5254 2590 5299 et
2636 5244 3104 5313 quadragesimum
3153 5242 3437 5307 septimum

1868 5352 2071 5411 ageret,
2118 5351 2277 5397 aetate
2333 5356 2397 5393 ac
2452 5338 2605 5392 senio
2650 5336 2951 5399 confectus,
3004 5350 3167 5404 prope
3220 5343 3440 5401 ocIOge—

1867 5439 2068 5498 narius,
2127 5434 2473 5504 promeritum
2530 5429 2696 5482 tantis
2759 5427 2969 5489 oﬁiciis,
3022 5425 3183 5477 tantis
3243 5423 3410 5477 labori

1866 5529 1985 5591 bus,
2014 5527 2289 5597 praemium
2339 5529 2874 5599 accepturus,gsexto
2909 5516 3087 5569 Nonas
3136 5514 3260 5567 Maii
3297 5515 3436 5568 diem

1871 5620 2005 5673 obiit
2047 5604 2149 5689 ’(υ).
2212 5616 2506 5670 Moriturus
2559 5600 2927 5665 successorem
2979 5607 3075 5660 sibi
3137 5607 3439 5673 designavit

1871 5713 2107 5771 Petrum,
2160 5710 2331 5761 virum
2388 5708 2495 5773 jam
2530 5695 2771 5772 plurimis
2820 5700 2937 5755 ﬁdei
2978 5714 3137 5752 causa
3162 5714 3277 5751 'uua
3314 5712 3434 5751 cum

1943 5825 2016 5895 (b)
2042 5825 2257 5881 Sozam.
2288 5822 2379 5878 lib.
2409 5837 2461 5887 κ,
2488 5835 2604 5889 cap.
2633 5820 2716 5883 l9;
2742 5817 2944 5873 Tbcod.
2978 5816 3065 5871 lib.
3098 5830 3169 5877 tv,
3197 5829 3315 5884 cap.
3342 5811 3432 5870 20.
