3990 6542
547 386 670 435 cm
842 354 847 357 ’
1890 382 2412 439 PROLEGOMENA.

549 495 849 549 Athanasio
898 489 1165 565 susceptis
1204 496 1476 551 laboribus
1520 497 1856 565 praeclarum,
1889 499 2110 566 populo-
2137 504 2183 561 Α
2218 502 2399 570 adjicit
2424 512 2799 574 argumentum
2832 501 2929 554 vir
2958 498 3199 555 eruditus
3227 495 3420 570 Pagius
3462 510 3762 557 mutuatum

553 600 777 654 rumque
844 588 981 639 votis
1047 588 1361 654 expetituro,
1427 586 1643 655 dignum
1708 586 1936 652 scilicet,
1990 602 2108 656 qua:

2210 612 2273 650 ex
2304 596 2527 650 historia
2556 595 2984 664 patriarcharum
3017 591 3371 658 Coptitarum,
3398 591 3587 652 Latine
3609 608 3763 649 versa

552 693 759 731 summa
792 678 925 740 laus,
954 679 1041 745 qui
1073 678 1422 732 Athanasium
1452 678 1746 747 exciperet.
2207 694 2261 738 et
2290 685 2532 753 evulgata
2567 700 2661 753 per
2684 684 3048 737 Abrahamum
3091 678 3475 745 Eckellensem,
3505 682 3595 736 ubi
3634 682 3757 737 dici-

618 769 673 822 2.
711 767 827 824 Non
857 786 958 822 una
990 778 1074 824 est
1111 771 1175 824 de
1210 787 1349 824 anno
1383 769 1561 825 obitus
1585 771 1860 825 Athanasii
1888 780 2105 825 senten-
2208 786 2296 830 tur
2347 777 2544 832 obiisse
2588 787 2807 831 sanctus
2859 773 3164 843 patriarcha
3189 817 3203 840 ,
3239 774 3465 843 septimo
3510 772 3765 829 Bescinas

553 862 645 915 tia.
678 861 753 915 Ex
784 861 1025 917 Socratis
1051 863 1193 917 enim
1220 863 1546 927 testimonio,
1573 865 1661 934 qui
1689 879 1826 919 coss.
1851 863 2107 918 Gratiano
2208 865 2293 922 die
2317 864 2488 931 Jovis,
2514 867 2667 935 cujus
2697 865 2811 919 dies
2830 864 3087 932 septimus
3110 878 3230 915 cum
3259 864 3343 916 die
3370 864 3602 917 secunda
3640 863 3772 929 Maii

549 948 842 1001 secundum
864 1010 868 1015 ,
892 958 943 1003 et
972 947 1143 1003 Probo
1170 949 1475 1005 defunctum
1509 953 1604 1019 ait,
1640 952 1786 1006 multi
1823 967 1918 1006 nec
1955 952 2107 1020 igno-
2208 956 2504 1011 concurrit.
2544 955 2721 1021 Quare
2748 969 2867 1009 cum
2900 968 3043 1007 anno
3078 951 3181 1007 575
3234 953 3350 1007 dies
3375 955 3609 1008 secunda
3642 953 3761 1006 Maii

552 1041 685 1095 biles
726 1042 823 1095 viri
863 1054 1085 1097 mortem
1130 1044 1245 1113 ejus
1292 1044 1575 1101 conferunt
1613 1046 1669 1100 in
1707 1061 1903 1099 annum
1948 1045 2047 1099 571
2086 1063 2100 1099 ;
2208 1048 2261 1101 in
2306 1048 2496 1101 feriam
2544 1048 2783 1116 quintam
2833 1046 3101 1111 inciderit,
3159 1046 3211 1099 in
3264 1046 3510 1100 eumdem
3558 1060 3761 1099 annum

549 1132 640 1184 sed
686 1132 823 1186 hanc
865 1134 1221 1203 cbronologiaz
1270 1137 1527 1191 rationem
1567 1147 1653 1191 sat
1699 1136 1967 1191 ﬁrmitatis
1999 1151 2103 1190 non
2206 1139 2405 1208 optime
2433 1138 2707 1193 confertur
2735 1152 2897 1209 .mors
2934 1137 3233 1194 Athanasii.

550 1221 747 1274 habere
791 1225 1037 1287 suadent,
1088 1239 1206 1277 cum
1243 1240 1304 1280 ea
1338 1241 1456 1294 quae
1505 1227 1751 1295 superius
1776 1227 1914 1281 dicta
1958 1236 2102 1290 sunt,

552 1320 659 1363 tum
702 1323 883 1381 aperta
918 1315 1275 1382 antiquiorum
1304 1326 1359 1369 et
1395 1316 1499 1370 fide
1542 1318 1842 1387 digniorum
1877 1318 2105 1385 scripto-

2276 1299 2329 1352 5.
2382 1298 2456 1352 Eo
2484 1298 2645 1367 igitur
2671 1314 2810 1354 anno
2842 1300 2906 1353 ad
2941 1300 3213 1354 caelestem
3248 1298 3410 1352 vitam
3442 1298 3764 1366 demigravit

548 1415 665 1454 rum
700 1403 1023 1459 testimonia.
1067 1406 1299 1460 Basilius
1334 1422 1561 1476 namque
1590 1422 1730 1461 anno
1771 1405 1875 1461 570
1920 1421 2105 1469 mense

2205 1391 2289 1443 vir
2335 1391 2423 1446 ille
2460 1400 2660 1454 tantus,
2713 1401 2790 1446 tot
2833 1391 3104 1446 laboribus
3144 1390 3500 1460 periculisque
3544 1389 3767 1457 perfun—

545 1490 723 1557 Jnnio,
762 1504 818 1548 υι
853 1495 1056 1550 ﬁrmior
1086 1496 1189 1550 re"
1238 1500 1525 1563 sententia,
1567 1500 1617 1552 in
1658 1500 1961 1569 episcopum
2011 1513 2103 1553 co.
2204 1491 2344 1547 ctus,
2379 1492 2456 1537 tot
2489 1485 2723 1539 emensis
2758 1484 3087 1537 declinanda:
3113 1481 3413 1537 vexationis
3442 1496 3608 1534 causa
3652 1489 3764 1534 ter-

545 1594 757 1650 optatus
807 1597 910 1641 est.
962 1591 1137 1658 Atque
1184 1592 1373 1646 exinde
1432 1594 1624 1646 multas
1678 1608 1796 1661 qua:
1845 1594 2101 1647 hactenus

2204 1590 2385 1628 rarum
2432 1576 2643 1644 spatiis,
2683 1582 2763 1629 tot
2790 1590 2888 1644 pro
2919 1574 3119 1629 Christi
3167 1574 3270 1628 [ide
3304 1573 3560 1627 aerumnis
3590 1582 3646 1626 et
3675 1587 3764 1627 ca-

545 1686 758 1730 exstant
792 1680 956 1743 misit,
1002 1682 1192 1738 trinitas
1245 1684 1429 1738 itidem
1469 1684 1677 1752 accepit
1706 1684 1774 1737 ab
1804 1682 2101 1738 Athanasio

2201 1665 2533 1721 lamitatibus
2550 1665 2796 1730 affectus,
2818 1665 3105 1735 quinquies
3122 1664 3294 1727 exsul,
3318 1663 3529 1718 insidiis
3547 1678 3766 1731 semper

546 1767 771 1823 litteras.
807 1770 957 1824 Unde
986 1773 1097 1839 jam
1135 1774 1379 1828 videatur
1408 1774 1686 1843 angustius
1724 1774 1981 1841 temporis
2013 1773 2096 1826 in-

2199 1758 2520 1811 Arianorum
2554 1758 2841 1827 appetitus.
2876 1757 3016 1823 Quot
3045 1772 3213 1812 annos
3242 1758 3387 1817 vitae,
3421 1765 3500 1809 tot
3524 1753 3643 1810 fere
3666 1769 3764 1809 an-

547 1859 848 1925 tervallum,
882 1862 1010 1915 viris
1049 1870 1194 1916 tanto
1228 1871 1365 1915 terra
1406 1840 1649 1932 matrique
1685 1840 1860 1932 spatio
1895 1861 2099 1931 disjun-

2201 1862 2300 1902 nos
2331 1847 2654 1902 calamitatis
2681 1862 2982 1903 enumeres.
3016 1847 3201 1902 Annos
3240 1847 3408 1901 ferme
3436 1857 3641 1915 septem
3672 1861 3762 1900 su-

543 1952 666 2014 ctis,
699 1953 763 2005 ad
797 1963 875 2007 tot
906 1955 1159 2022 epistolas
1189 1954 1325 2009 ultro
1367 1956 1609 2025 citroque
1656 1956 1964 2009 mittendas.
1996 1953 2099 2008 Mi-

2198 1955 2292 2009 pra
2327 1940 2701 2009 quadragenos
2727 1940 2906 1994 sedem
2939 1940 3129 2003 tenuit,
3155 1954 3323 1992 annos
3348 1953 3514 2008 prope
3538 1937 3758 1991 totidem

545 2057 643 2094 nus
675 2043 815 2095 enim
847 2043 1090 2096 undecim
1127 2045 1401 2097 mensibus
1427 2043 1495 2097 ab
1535 2043 1877 2098 ordinatione
1911 2042 2096 2097 Basilii

2198 2030 2571 2086 haereticorum
2626 2032 2848 2099 impetu.
2917 2029 3423 2099 conspirationibus,
3479 2026 3760 2080 fraudibus

544 2133 607 2183 ad
632 2132 909 2187 Athanasii
936 2132 1139 2187 obitum
1171 2133 1512 2189 interessent.
1546 2135 1611 2188 Et
1636 2134 1777 2204 quod
1811 2134 1980 2202 magis
2010 2117 2099 2187 ur-
2198 2123 2463 2193 agitatus;
2501 2122 2592 2192 qui
2640 2121 2810 2176 exsuli
2850 2137 3060 2185 necem.
3101 2120 3281 2174 reduci
3325 2118 3576 2172 exsilium
3606 2132 3764 2186 Para-

543 2234 649 2287 get.
685 2224 761 2277 ait
785 2223 1011 2279 Basilius
1037 2227 1088 2279 in
1121 2241 1226 2278 una
1255 2226 1599 2293 epistolarum
1625 2226 1690 2279 ad
1719 2225 2096 2289 Athanasium,
2198 2215 2327 2269 bam
2368 2215 2605 2269 aSSidlleo
2647 2211 2763 2268 Νοη
2796 2214 2884 2267 me
2915 2212 3097 2277 minis,
3140 2226 3244 2265 non
3283 2211 3602 2271 terroribus.
3650 2223 3757 2262 ηοη

540 2329 705 2368 unum
749 2316 1051 2372 duosve'ex
1087 2318 1304 2371 Arianis
1342 2317 1525 2377 Roma;
1554 2319 1851 2383 damnatos,
1891 2317 2099 2372 scilicet
2198 2307 2438 2376 capitalis
2477 2306 2694 2376 periculi
2749 2304 3237 2360 denuntiationibus
3278 2303 3477 2356 fractus
3524 2316 3762 2369 unquam

546 2402 825 2460 llrsacium
873 2417 926 2462 et
969 2406 1268 2473 Valentem,
1312 2410 1362 2463 in
1393 2410 1572 2479 priore
1616 2409 1819 2463 scilicet
1856 2409 2097 2464 Romana
2198 2397 2321 2461 fUil.
2368 2407 2458 2451 θυι
2500 2399 2660 2452 cess"
2690 2396 3057 2459 adversariis;
3108 2396 3459 2463 ἱιιιρθιειιοτθε
3507 2403 3762 2461 (ιιιειιιιοτ,

540 2497 762 2565 synodo.
805 2496 878 2549 Ex
924 2513 1029 2565 quo
1067 2498 1354 2567 colligitur,
1387 2499 1610 2553 necdum
1663 2498 1949 2553 secundam
1999 2500 2098 2552 sub
2197 2488 2383 2552 duces,
2412 2488 2697 2557 praefectos
2722 2488 3018 2552 exercitus,
3051 2486 3189 2541 mala
3222 2484 3630 2554 perniciemque
3658 2483 3761 2538 sibi

538 2588 771 2642 Damam
795 2588 1090 2643 noumnam
1124 2593 1409 2661 synodum,
1436 2592 1524 2645 ubi
1561 2592 1848 2645 damnams
1879 2592 2095 2644 Αυχεη-
2198 2592 2447 2648 parantes
2478 2580 2648 2634 vidit:
2683 2591 2738 2635 et
2782 2595 2886 2649 qua
2931 2587 3049 2634 erat
3077 2578 3240 2631 animi
3285 2577 3627 2641 fortitudine,
3660 2578 3763 2631 im—

541 2679 649 2732 tius
711 2666 1032 2734 Arianorum
1088 2682 1455 2751 nequissimus
1523 2682 1717 2749 fuerat,
1766 2683 2094 2737 celebratam

2198 2672 2512 2737 perterritus
2557 2686 2793 2741 semper,
2846 2686 3119 2739 nunquam
3175 2668 3387 2724 deﬂexit
3434 2684 3463 2722 a
3514 2670 3763 2725 veritatis

539 2772 727 2828 fuisse.
764 2771 912 2827 Unde
934 2775 1220 2828 coniicitur
1244 2790 1359 2828 eam
1390 2775 1472 2829 vel
1498 2776 1595 2829 sub
1631 2775 1792 2829 finem
1814 2775 1937 2828 anni
1969 2773 2095 2840 570,
2196 2768 2302 2821 via.
2350 2766 2429 2819 Ad
2473 2766 2610 2830 hznc,
2648 2775 2911 2834 quantum
2947 2763 3194 2827 consilio,
3249 2770 3505 2829 quantum
3543 2761 3763 2817 dicendi

536 2876 645 2930 quo
694 2863 928 2917 delectus
979 2864 1211 2920 Basilius
1252 2878 1356 2931 est,
1408 2866 1490 2921 vel
1542 2876 1804 2936 sequente
1856 2866 2094 2920 habitam
2197 2862 2347 2929 copia
2389 2860 2615 2920 valeret,
2652 2874 2772 2913 cum
2801 2873 2865 2911 ex
2898 2859 3060 2912 rebus
3093 2858 3429 2928 negotiisque
3456 2872 3555 2926 per
3587 2866 3759 2911 totum

538 2954 722 3009 fuisse.
758 2953 891 3009 Huic
919 2967 1093 3009 autem
1117 2958 1318 3028 synodo
1346 2959 1432 3011 diu
1461 2966 1736 3027 superstes
1770 2956 2097 3011 Athanasius
2195 2953 2319 3005 vita:
2366 2952 2689 3005 curriculum
2748 2951 3089 3021 quantumvis
3134 2952 3297 3005 ardua
3342 2960 3397 3004 et
3454 2950 3763 3016 periculosa

538 3053 673 3109 erat,
701 3047 788 3114 qni
821 3046 959 3100 illam
992 3049 1042 3100 in
1066 3050 1287 3117 epistola
1318 3049 1382 3102 ad
1415 3049 1714 3115 Epictetum
1743 3050 1947 3114 laudat,
1974 3048 2095 3117 qui-
2196 3054 2396 3108 essent,
2420 3042 2817 3111 feliciterjuxta
2844 3053 3004 3111 atque
3024 3042 3314 3112 prudenter
3336 3042 3761 3106 administratis,

536 3149 639 3202 que
662 3135 823 3189 multa
847 3136 969 3203 alia,
994 3148 1050 3190 ut
1074 3140 1313 3207 proxime
1341 3138 1777 3203 ostendebamus,
1801 3139 2090 3193 secundum
2122 3190 2161 3207 Α
2196 3146 2309 3189 ιιιιιι
2358 3134 2789 3189 adversariorum
2845 3133 3156 3187 testimonio
3210 3133 3620 3200 comprobatur;
3667 3131 3761 3200 qui

536 3238 654 3277 eam
685 3228 864 3279 datam
895 3226 1173 3294 epistolam
1203 3227 1387 3282 edidit.
1421 3230 1497 3282 Ad
1527 3229 1661 3293 haec,
1697 3227 1749 3280 in
1790 3227 1925 3281 vivis
1977 3238 2095 3281 erat
2119 3190 2162 3246 ο
2198 3239 2316 3279 cum
2345 3235 2450 3277 tam
2482 3226 2619 3289 acri,
2652 3235 2755 3277 tam
2785 3223 2963 3293 sagaci
2998 3225 3114 3278 viro
3146 3240 3260 3279 rem
3292 3238 3411 3278 esse
3439 3224 3539 3277 sibi
3575 3225 3763 3292 inique

535 3316 859 3371 Athanasius
897 3334 1038 3371 anno
1068 3318 1195 3381 372,
1228 3334 1349 3372 cum
1381 3318 1605 3372 Melania
1647 3320 1698 3372 in
1731 3316 1965 3387 Egypto
2004 3332 2096 3385 pe-
2201 3313 2454 3378 ferentes,
2484 3315 2624 3368 haud
2665 3314 2829 3368 semel
2863 3314 2941 3367 ira
2972 3312 3181 3368 feroces
3211 3314 3263 3366 in
3305 3313 3596 3367 maledicta
3638 3326 3767 3366 eru-

536 3406 921 3472 regrinaretur.
979 3407 1338 3472 Quamobrem
1393 3406 1700 3476 Hieronymi
1761 3416 1817 3459 et
1869 3406 2092 3459 Proterii
2195 3420 2345 3475 pere.
2387 3405 2491 3460 Sed
2524 3415 2580 3458 ut
2608 3420 2732 3459 acer
2759 3419 2878 3457 cum
2910 3404 3180 3459 haereticis
3206 3412 3261 3459 et
3285 3404 3659 3467 novatoribus,
3690 3404 3764 3456 ita

534 3496 770 3565 episc0pi
801 3498 1147 3551 Alexandrini
1178 3510 1233 3553 et
1264 3502 1518 3568 martyris
1544 3498 1868 3551 testimoniis
1890 3498 2095 3551 hazrere
2198 3499 2343 3551 mitis
2362 3506 2415 3550 et
2447 3498 2719 3551 modestus
2747 3511 2867 3548 cum
2896 3497 2962 3550 iis
2981 3498 3093 3565 qui,
3114 3512 3180 3552 ex
3206 3496 3575 3551 imbecillitate
3599 3496 3759 3564 lapsi,

539 3598 773 3656 praestat.
822 3588 1176 3660 HierOnymus
1211 3591 1354 3644 enim
1396 3592 1461 3645 ad
1491 3606 1688 3645 annum
1727 3592 1933 3645 Domini
1968 3591 2092 3655 574,
2195 3587 2620 3656 resipiscerent:
2654 3587 2703 3640 in
2738 3586 2877 3640 bello
2905 3588 3049 3653 pacis
3078 3586 3530 3652 studiosissimus,
3572 3585 3766 3639 faciles

537 3681 611 3732 ait
649 3680 862 3734 Petrum
911 3682 1187 3736 Athanasii
1234 3683 1413 3737 sedem
1450 3684 1746 3751 excepisse,
1793 3685 1881 3752 qui
1920 3700 2092 3738 annus
2195 3693 2411 3750 semper
2440 3680 2621 3733 aditus
2648 3681 2891 3749 prarbens
2927 3679 2992 3733 ad
3019 3668 3475 3734 reconciliandam
3504 3678 3767 3745 gratiam,

535 3779 617 3823 est
643 3786 763 3824 arra:
802 3781 999 3825 nostrae
1027 3771 1152 3826 575.
1187 3771 1462 3828 Proterius
1500 3788 1631 3829 vero
1656 3775 1710 3827 in
1735 3774 1955 3843 epistola
1982 3772 2093 3827 Pa-
2196 3780 2458 3836 quantum
2496 3771 2646 3827 salvo
2680 3771 2850 3827 cilicio
2882 3780 3130 3840 poterat:
3162 3769 3303 3838 quod
3341 3783 3406 3823 ex
3444 3767 3609 3823 rebus
3637 3784 3764 3822 cum

536 3860 700 3913 srhali
728 3862 806 3914 sic
835 3862 995 3915 habet
1025 3880 1037 3914 :
1074 3880 1091 3913 ι
1125 3862 1178 3917 In
1205 3864 1533 3932 octogesimo
1556 3879 1697 3919 nono
1723 3879 1865 3919 anno
1889 3866 1957 3919 ab
1992 3865 2093 3918 im-
2194 3863 2397 3919 Basilio
2421 3865 2709 3936 Ancyrano
2752 3876 2805 3919 et
2840 3864 3049 3918 Meletio
3086 3862 3422 3917 Antiocheno
3451 3862 3621 3932 gestis
3648 3876 3771 3930 per-

536 3953 686 4021 perio
716 3953 1049 4018 Diocletiani,
1078 3956 1364 4023 superstite
1387 3966 1541 4025 patre
1567 3965 1750 4010 nostro
1767 3965 1821 4010 et
1841 3958 2091 4026 episcopo
2196 3957 2461 4025 spicuum.
2491 3958 2593 4025 Qui
2634 3973 2763 4013 vero
2798 3957 2959 4010 fuerit
2994 3958 3045 4010 in
3091 3970 3150 4011 re
3176 3954 3468 4009 domestica
3510 3965 3567 4008 et
3611 3954 3773 4007 fami-

534 4045 847 4110 Athanasio,
878 4060 998 4100 cum
1020 4062 1111 4100 xw
1141 4048 1262 4102 luna
1298 4047 1576 4103 Paschalis
1610 4064 1776 4103 xxvnt
1823 4048 1911 4103 die
1952 4064 2095 4103 men-
2195 4047 2336 4115 liari,
2375 4064 2443 4105 ne
2464 4051 2719 4111 sciamus,
2762 4056 2909 4102 vetat
2939 4046 3179 4101 omnium
3220 4044 3567 4113 antiquorum
3602 4059 3666 4097 ea
3698 4044 3771 4098 de

534 4138 609 4191 sis
647 4136 994 4203 Phaminoth,
1030 4139 1082 4192 id
1124 4148 1224 4205 est,
1260 4154 1402 4193 nono
1445 4139 1800 4195 Kalendarum
1834 4140 2094 4209 Aprilium
2198 4154 2258 4193 re
2293 4138 2589 4203 silentium,
2627 4147 2775 4192 vetat
2819 4136 3165 4205 epistolarum
3220 4132 3339 4202 ejus
3374 4134 3615 4202 jactura.
3656 4133 3774 4189 Sed

537 4225 626 4278 die
675 4227 1030 4293 provenisset,
1080 4228 1165 4282 die
1213 4228 1527 4295 Dominico,
1572 4229 1625 4283 in
1680 4230 2093 4298 subsequentem
2196 4244 2352 4283 amor
2377 4228 2581 4299 populi?
2600 4228 2971 4289 Alexandrini,
3010 4227 3256 4294 famaque
3277 4225 3586 4279 sanctitatis
3624 4225 3770 4292 apud

536 4318 854 4373 translatum
908 4329 991 4374 est
1052 4320 1458 4387 bebdomadem,
1517 4324 1588 4376 ita
1651 4332 1709 4376 ut
1758 4323 1943 4391 quinta
2009 4322 2095 4376 die
2198 4318 2484 4390 Egyptios
2510 4318 2685 4387 juxta,
2726 4329 2779 4372 et
2808 4318 2941 4371 alios
2975 4324 3199 4370 externa
3236 4329 3408 4383 usque
3432 4313 3582 4369 orbis
3617 4314 3777 4369 inco-

535 4413 735 4466 meusis
797 4412 1135 4476 Pharmuthi.
1188 4415 1291 4470 hoc
1341 4427 1448 4483 'est,
1498 4415 1673 4485 pridie
1732 4414 2091 4481 Kalendarum
2196 4413 2390 4477 lentes,
2435 4412 2675 4466 onmium
2707 4425 2902 4480 genere
2943 4410 3200 4463 virtutum
3232 4408 3550 4476 praeclarum
3595 4408 3776 4460 fuisse

532 4504 820 4573 Aprilium,
850 4506 1213 4561 celebraretur
1252 4506 1456 4562 Pascha
1505 4508 1862 4564 Dominicum.
1907 4527 1925 4560 ι
1964 4508 2092 4574 Qua:
2126 4524 2168 4577 ι)
2200 4504 2557 4558 testiﬁcantur
2584 4521 2596 4557 :
2629 4517 2857 4571 quarum
2888 4500 3166 4571 praemium
3194 4499 3448 4565 obtinuit,
3476 4508 3784 4554 aeternum-

533 4606 674 4651 notae
713 4613 902 4655 omnes
941 4600 993 4654 in
1019 4614 1219 4654 annum
1262 4602 1533 4671 quadrant
1575 4598 1701 4654 575.
1750 4599 1910 4654 Hisce
1951 4600 2094 4653 aliud
2206 4609 2309 4663 que
2336 4593 2618 4647 habiturus
2645 4602 2745 4648 est.

543 4762 2819 4791 mw.-

2826 4776 2974 4790 I“

1467 4916 2814 5032 ANIMADVERSIONES

996 5156 1123 5244 ΙΝ
1197 5154 1574 5247 VlTAM
1652 5154 1802 5241 ΕΤ
1873 5152 2367 5243 ΞΩΒΙΡΤΑ
2435 5154 2524 5241 S.
2606 5152 3248 5243 ATHANASII

1058 5452 1501 5530 'Paooanttm.
2198 5476 2309 5532 ctili
2342 5476 2418 5547 (a)
2441 5478 2614 5532 visum
2651 5488 2731 5531 est
2754 5476 3153 5531 observationes
3180 5476 3381 5544 aliquot
3414 5481 3810 5549 prmmittere,

606 5557 765 5618 Nova:
792 5578 890 5617 nec
921 5570 1233 5631 spernendae
1281 5566 1556 5620 Athanasii
1611 5578 1830 5631 operum
1864 5564 2093 5630 supelle-
2203 5585 2336 5637 quas
2358 5584 2451 5637 per
2486 5569 2653 5623 otium
2689 5571 3067 5623 etdiutnrnam
3098 5569 3470 5622 tractationem
3500 5570 3552 5622 in
3592 5572 3813 5629 Vitasn

601 5680 678 5761 (α)
721 5680 1059 5804 Egip‘telllige
1092 5696 1210 5747 quae
1240 5693 1358 5750 post
1410 5680 1704 5736 absolutam
1744 5680 2033 5735 editionem
2089 5678 2488 5739 Benedictinam
2536 5684 2728 5753 publici
2777 5684 2914 5751 juris
2949 5682 3072 5738 fecit
3120 5682 3175 5734 Ι).
3210 5682 3365 5737 Bern.
3406 5686 3470 5737 de
3500 5684 3822 5743 Montfau-

601 5767 631 5804 ιι
664 5766 714 5803 ιιι
790 5768 836 5804 ιο
864 5766 932 5803 tot
957 5768 1062 5804 ieca
1091 5770 1239 5804 nova.

532 5766 631 5805 C0"
664 5766 714 5803 tn
744 5766 1062 5805 ϋιοιιοιιιεσα
1091 5770 1239 5807 nova.
