  <div class='ocr_page' id='page_1' title='image "/cluster/home/n/w/nwhite01/storage/ocr_20150623/25/hvd.32044004972428/162.png"; bbox 0 0 3990 6520; ppageno 0'>
   <div class='ocr_carea' id='block_1_1' title="bbox 1166 387 2467 460">
    <p class='ocr_par' dir='ltr' id='par_1_1' title="bbox 1166 387 2467 460">
     <span class='ocr_line' id='line_1_1' title="bbox 1166 387 2467 460; baseline 0.015 -19"><span class='ocrx_word' id='word_1_1' title='bbox 1166 388 1253 441; x_wconf 79' lang='lat' dir='ltr'><strong>DE</strong></span> <span class='ocrx_word' id='word_1_2' title='bbox 1296 387 1454 442; x_wconf 71' lang='lat' dir='ltr'><strong>VITA</strong></span> <span class='ocrx_word' id='word_1_3' title='bbox 1500 390 1586 442; x_wconf 78' lang='grc' dir='ltr'><strong>ΕΤ</strong></span> <span class='ocrx_word' id='word_1_4' title='bbox 1631 389 1940 447; x_wconf 63' lang='grc' dir='ltr'><strong>δωιιβτιε</strong></span> <span class='ocrx_word' id='word_1_5' title='bbox 1980 395 2035 452; x_wconf 90' lang='lat' dir='ltr'><strong>S.</strong></span> <span class='ocrx_word' id='word_1_6' title='bbox 2077 400 2467 460; x_wconf 76' lang='lat' dir='ltr'><strong>A&#39;fllANASll.</strong></span> 
     </span>
    </p>
   </div>
   <div class='ocr_carea' id='block_1_2' title="bbox 195 490 2572 578">
    <p class='ocr_par' dir='ltr' id='par_1_2' title="bbox 195 490 2572 578">
     <span class='ocr_line' id='line_1_2' title="bbox 195 490 2572 578; baseline 0.011 -35"><span class='ocrx_word' id='word_1_7' title='bbox 195 495 233 545; x_wconf 77' lang='lat' dir='ltr'><strong>el</strong></span> <span class='ocrx_word' id='word_1_8' title='bbox 256 490 449 558; x_wconf 72' lang='lat' dir='ltr'><strong>Scripta</strong></span> <span class='ocrx_word' id='word_1_9' title='bbox 490 491 631 559; x_wconf 78' lang='lat' dir='ltr'><strong>ejus</strong></span> <span class='ocrx_word' id='word_1_10' title='bbox 681 498 1103 555; x_wconf 77' lang='lat' dir='ltr'><strong>adornavimus.</strong></span> <span class='ocrx_word' id='word_1_11' title='bbox 1150 502 1263 556; x_wconf 89' lang='lat' dir='ltr'><strong>Etsi</strong></span> <span class='ocrx_word' id='word_1_12' title='bbox 1298 505 1441 557; x_wconf 83' lang='lat' dir='ltr'><strong>enim</strong></span> <span class='ocrx_word' id='word_1_13' title='bbox 1470 504 1534 558; x_wconf 89' lang='lat' dir='ltr'><strong>iis</strong></span> <span class='ocrx_word' id='word_1_14' title='bbox 1571 506 1790 558; x_wconf 83' lang='lat' dir='ltr'><strong>edendis</strong></span> <span class='ocrx_word' id='word_1_15' title='bbox 1816 508 1865 567; x_wconf 81' lang='grc' dir='ltr'><strong>Α</strong></span> <span class='ocrx_word' id='word_1_16' title='bbox 1894 532 2075 570; x_wconf 68' lang='lat' dir='ltr'><strong>parun]</strong></span> <span class='ocrx_word' id='word_1_17' title='bbox 2134 531 2363 576; x_wconf 57' lang='lat' dir='ltr'><strong>mentem</strong></span> <span class='ocrx_word' id='word_1_18' title='bbox 2418 539 2447 576; x_wconf 71' lang='grc' dir='ltr'><strong>ο</strong></span> <span class='ocrx_word' id='word_1_19' title='bbox 2521 540 2572 578; x_wconf 73' lang='grc' dir='ltr'><strong>ηι</strong></span> 
     </span>
    </p>
   </div>
   <div class='ocr_carea' id='block_1_3' title="bbox 193 581 1778 663">
    <p class='ocr_par' dir='ltr' id='par_1_3' title="bbox 193 581 1778 663">
     <span class='ocr_line' id='line_1_3' title="bbox 193 581 1778 663; baseline 0.01 -28"><span class='ocrx_word' id='word_1_20' title='bbox 193 581 293 635; x_wconf 77' lang='lat' dir='ltr'><strong>haud</strong></span> <span class='ocrx_word' id='word_1_21' title='bbox 320 582 743 648; x_wconf 72' lang='lat' dir='ltr'><strong>indiligenter&quot;</strong></span> <span class='ocrx_word' id='word_1_22' title='bbox 786 606 892 657; x_wconf 82' lang='lat' dir='ltr'><strong>pro</strong></span> <span class='ocrx_word' id='word_1_23' title='bbox 917 592 1169 645; x_wconf 79' lang='lat' dir='ltr'><strong>facultate</strong></span> <span class='ocrx_word' id='word_1_24' title='bbox 1196 610 1411 662; x_wconf 85' lang='lat' dir='ltr'><strong>operam</strong></span> <span class='ocrx_word' id='word_1_25' title='bbox 1449 597 1778 663; x_wconf 81' lang='lat' dir='ltr'><strong>dederimus,</strong></span> 
     </span>
    </p>
   </div>
   <div class='ocr_carea' id='block_1_4' title="bbox 196 673 1782 755">
    <p class='ocr_par' dir='ltr' id='par_1_4' title="bbox 196 673 1782 755">
     <span class='ocr_line' id='line_1_4' title="bbox 196 673 1782 755; baseline 0.012 -31"><span class='ocrx_word' id='word_1_26' title='bbox 196 673 407 729; x_wconf 83' lang='lat' dir='ltr'><strong>nonnulla</strong></span> <span class='ocrx_word' id='word_1_27' title='bbox 471 684 685 731; x_wconf 83' lang='lat' dir='ltr'><strong>tamen</strong></span> <span class='ocrx_word' id='word_1_28' title='bbox 747 683 805 733; x_wconf 89' lang='lat' dir='ltr'><strong>in</strong></span> <span class='ocrx_word' id='word_1_29' title='bbox 859 692 1167 740; x_wconf 88' lang='lat' dir='ltr'><strong>transcursu</strong></span> <span class='ocrx_word' id='word_1_30' title='bbox 1214 687 1450 755; x_wconf 88' lang='lat' dir='ltr'><strong>agitata,</strong></span> <span class='ocrx_word' id='word_1_31' title='bbox 1505 688 1604 742; x_wconf 87' lang='lat' dir='ltr'><strong>sub</strong></span> <span class='ocrx_word' id='word_1_32' title='bbox 1668 689 1782 743; x_wconf 78' lang='lat' dir='ltr'><strong>haec</strong></span> 
     </span>
    </p>
   </div>
   <div class='ocr_carea' id='block_1_5' title="bbox 195 762 1783 843">
    <p class='ocr_par' dir='ltr' id='par_1_5' title="bbox 195 762 1783 843">
     <span class='ocr_line' id='line_1_5' title="bbox 195 762 1783 843; baseline 0.011 -27"><span class='ocrx_word' id='word_1_33' title='bbox 195 762 436 832; x_wconf 78' lang='grc' dir='ltr'><strong>δευτέραις</strong></span> <span class='ocrx_word' id='word_1_34' title='bbox 467 769 761 837; x_wconf 78' lang='grc' dir='ltr'>φροντίσι</span> <span class='ocrx_word' id='word_1_35' title='bbox 800 775 1108 829; x_wconf 71' lang='lat' dir='ltr'><strong>accuratius</strong></span> <span class='ocrx_word' id='word_1_36' title='bbox 1138 779 1472 843; x_wconf 79' lang='lat' dir='ltr'><strong>exettssinms</strong></span> <span class='ocrx_word' id='word_1_37' title='bbox 1501 795 1515 831; x_wconf 89' lang='lat'><strong>:</strong></span> <span class='ocrx_word' id='word_1_38' title='bbox 1548 794 1614 833; x_wconf 78' lang='lat' dir='ltr'><strong>ex</strong></span> <span class='ocrx_word' id='word_1_39' title='bbox 1648 782 1783 836; x_wconf 79' lang='lat' dir='ltr'><strong>assi-</strong></span> 
     </span>
    </p>
   </div>
   <div class='ocr_carea' id='block_1_6' title="bbox 198 858 1779 940">
    <p class='ocr_par' dir='ltr' id='par_1_6' title="bbox 198 858 1779 940">
     <span class='ocr_line' id='line_1_6' title="bbox 198 858 1779 940; baseline 0.012 -32"><span class='ocrx_word' id='word_1_40' title='bbox 198 858 491 926; x_wconf 86' lang='lat' dir='ltr'><strong>duoquippe</strong></span> <span class='ocrx_word' id='word_1_41' title='bbox 551 875 668 912; x_wconf 88' lang='lat' dir='ltr'><strong>usu</strong></span> <span class='ocrx_word' id='word_1_42' title='bbox 725 879 874 917; x_wconf 87' lang='lat' dir='ltr'><strong>nova</strong></span> <span class='ocrx_word' id='word_1_43' title='bbox 934 866 986 919; x_wconf 92' lang='lat' dir='ltr'><strong>in</strong></span> <span class='ocrx_word' id='word_1_44' title='bbox 1040 866 1153 921; x_wconf 91' lang='lat' dir='ltr'><strong>dies</strong></span> <span class='ocrx_word' id='word_1_45' title='bbox 1201 868 1423 924; x_wconf 73' lang='lat' dir='ltr'><strong>affertur</strong></span> <span class='ocrx_word' id='word_1_46' title='bbox 1464 872 1624 928; x_wconf 86' lang='lat' dir='ltr'><strong>rebus</strong></span> <span class='ocrx_word' id='word_1_47' title='bbox 1668 872 1779 940; x_wconf 85' lang='lat' dir='ltr'><strong>jam</strong></span> 
     </span>
    </p>
   </div>
   <div class='ocr_carea' id='block_1_7' title="bbox 200 949 1782 1021">
    <p class='ocr_par' dir='ltr' id='par_1_7' title="bbox 200 949 1782 1021">
     <span class='ocr_line' id='line_1_7' title="bbox 200 949 1782 1021; baseline 0.013 -21"><span class='ocrx_word' id='word_1_48' title='bbox 200 949 378 1002; x_wconf 70' lang='lat' dir='ltr'><strong>tentatis</strong></span> <span class='ocrx_word' id='word_1_49' title='bbox 416 955 719 1008; x_wconf 82' lang='lat' dir='ltr'><strong>accessio.</strong></span> <span class='ocrx_word' id='word_1_50' title='bbox 780 958 907 1013; x_wconf 87' lang='lat' dir='ltr'><strong>Alia</strong></span> <span class='ocrx_word' id='word_1_51' title='bbox 957 959 1083 1012; x_wconf 91' lang='lat' dir='ltr'><strong>item</strong></span> <span class='ocrx_word' id='word_1_52' title='bbox 1138 960 1428 1016; x_wconf 81' lang='lat' dir='ltr'><strong>intervenit</strong></span> <span class='ocrx_word' id='word_1_53' title='bbox 1479 965 1563 1018; x_wconf 89' lang='lat' dir='ltr'><strong>his</strong></span> <span class='ocrx_word' id='word_1_54' title='bbox 1607 966 1782 1021; x_wconf 90' lang='lat' dir='ltr'><strong>denuo</strong></span> 
     </span>
    </p>
   </div>
   <div class='ocr_carea' id='block_1_8' title="bbox 202 1044 1779 1127">
    <p class='ocr_par' dir='ltr' id='par_1_8' title="bbox 202 1044 1779 1127">
     <span class='ocr_line' id='line_1_8' title="bbox 202 1044 1779 1127; baseline 0.012 -33"><span class='ocrx_word' id='word_1_55' title='bbox 202 1057 381 1094; x_wconf 84' lang='lat' dir='ltr'><strong>manum</strong></span> <span class='ocrx_word' id='word_1_56' title='bbox 418 1044 787 1102; x_wconf 75' lang='lat' dir='ltr'><strong>admovendi</strong></span> <span class='ocrx_word' id='word_1_57' title='bbox 840 1066 1025 1108; x_wconf 87' lang='lat' dir='ltr'><strong>causa.</strong></span> <span class='ocrx_word' id='word_1_58' title='bbox 1063 1050 1435 1109; x_wconf 89' lang='lat' dir='ltr'><strong>Tillemontius</strong></span> <span class='ocrx_word' id='word_1_59' title='bbox 1479 1056 1675 1127; x_wconf 89' lang='lat' dir='ltr'><strong>quippe</strong></span> <span class='ocrx_word' id='word_1_60' title='bbox 1726 1059 1779 1112; x_wconf 93' lang='lat' dir='ltr'><strong>in</strong></span> 
     </span>
    </p>
   </div>
   <div class='ocr_carea' id='block_1_9' title="bbox 199 1132 1778 1214">
    <p class='ocr_par' dir='ltr' id='par_1_9' title="bbox 199 1132 1778 1214">
     <span class='ocr_line' id='line_1_9' title="bbox 199 1132 1778 1214; baseline 0.014 -32"><span class='ocrx_word' id='word_1_61' title='bbox 199 1132 375 1201; x_wconf 65' lang='lat' dir='ltr'><strong>egregio</strong></span> <span class='ocrx_word' id='word_1_62' title='bbox 411 1135 483 1186; x_wconf 91' lang='lat' dir='ltr'><strong>ad</strong></span> <span class='ocrx_word' id='word_1_63' title='bbox 520 1136 839 1192; x_wconf 83' lang='lat' dir='ltr'><strong>historiam</strong></span> <span class='ocrx_word' id='word_1_64' title='bbox 872 1142 1293 1197; x_wconf 84' lang='lat' dir='ltr'><strong>ecclesiasticam</strong></span> <span class='ocrx_word' id='word_1_65' title='bbox 1339 1161 1502 1214; x_wconf 89' lang='lat' dir='ltr'><strong>opere</strong></span> <span class='ocrx_word' id='word_1_66' title='bbox 1526 1187 1541 1211; x_wconf 92' lang='lat'><strong>,</strong></span> <span class='ocrx_word' id='word_1_67' title='bbox 1576 1157 1634 1202; x_wconf 88' lang='lat' dir='ltr'><strong>ut</strong></span> <span class='ocrx_word' id='word_1_68' title='bbox 1675 1164 1778 1203; x_wconf 77' lang='lat' dir='ltr'><strong>ste-</strong></span> 
     </span>
    </p>
   </div>
   <div class='ocr_carea' id='block_1_10' title="bbox 197 1224 1778 1307">
    <p class='ocr_par' dir='ltr' id='par_1_10' title="bbox 197 1224 1778 1307">
     <span class='ocr_line' id='line_1_10' title="bbox 197 1224 1778 1307; baseline 0.014 -36"><span class='ocrx_word' id='word_1_69' title='bbox 197 1224 378 1291; x_wconf 80' lang='lat' dir='ltr'><strong>pissiine</strong></span> <span class='ocrx_word' id='word_1_70' title='bbox 407 1226 579 1279; x_wconf 85' lang='lat' dir='ltr'><strong>nobis</strong></span> <span class='ocrx_word' id='word_1_71' title='bbox 612 1229 1095 1298; x_wconf 87' lang='lat' dir='ltr'><strong>astipulatur,ita</strong></span> <span class='ocrx_word' id='word_1_72' title='bbox 1151 1249 1532 1303; x_wconf 85' lang='lat' dir='ltr'><strong>nonnunquam</strong></span> <span class='ocrx_word' id='word_1_73' title='bbox 1582 1238 1633 1291; x_wconf 90' lang='lat' dir='ltr'><strong>in</strong></span> <span class='ocrx_word' id='word_1_74' title='bbox 1683 1254 1778 1307; x_wconf 87' lang='lat' dir='ltr'><strong>ge-</strong></span> 
     </span>
    </p>
   </div>
   <div class='ocr_carea' id='block_1_11' title="bbox 197 1319 1782 1395">
    <p class='ocr_par' dir='ltr' id='par_1_11' title="bbox 197 1319 1782 1395">
     <span class='ocr_line' id='line_1_11' title="bbox 197 1319 1782 1395; baseline 0.011 -28"><span class='ocrx_word' id='word_1_75' title='bbox 197 1324 367 1367; x_wconf 80' lang='lat' dir='ltr'><strong>storum</strong></span> <span class='ocrx_word' id='word_1_76' title='bbox 398 1319 748 1373; x_wconf 86' lang='lat' dir='ltr'><strong>recensione</strong></span> <span class='ocrx_word' id='word_1_77' title='bbox 779 1331 836 1374; x_wconf 90' lang='lat' dir='ltr'><strong>et</strong></span> <span class='ocrx_word' id='word_1_78' title='bbox 881 1332 1175 1393; x_wconf 87' lang='lat' dir='ltr'><strong>temporum</strong></span> <span class='ocrx_word' id='word_1_79' title='bbox 1211 1337 1460 1395; x_wconf 89' lang='lat' dir='ltr'><strong>computo</strong></span> <span class='ocrx_word' id='word_1_80' title='bbox 1498 1329 1653 1383; x_wconf 75' lang='lat' dir='ltr'><strong>aliam</strong></span> <span class='ocrx_word' id='word_1_81' title='bbox 1696 1346 1782 1384; x_wconf 86' lang='lat' dir='ltr'><strong>se-</strong></span> 
     </span>
    </p>
   </div>
   <div class='ocr_carea' id='block_1_12' title="bbox 196 1409 1778 1490">
    <p class='ocr_par' dir='ltr' id='par_1_12' title="bbox 196 1409 1778 1490">
     <span class='ocr_line' id='line_1_12' title="bbox 196 1409 1778 1490; baseline 0.011 -31"><span class='ocrx_word' id='word_1_82' title='bbox 196 1417 344 1459; x_wconf 80' lang='lat' dir='ltr'><strong>ctatur</strong></span> <span class='ocrx_word' id='word_1_83' title='bbox 371 1409 521 1461; x_wconf 85' lang='lat' dir='ltr'><strong>viam</strong></span> <span class='ocrx_word' id='word_1_84' title='bbox 543 1420 605 1463; x_wconf 93' lang='lat' dir='ltr'><strong>et</strong></span> <span class='ocrx_word' id='word_1_85' title='bbox 636 1414 979 1467; x_wconf 84' lang='lat' dir='ltr'><strong>sententiam</strong></span> <span class='ocrx_word' id='word_1_86' title='bbox 1017 1427 1286 1487; x_wconf 76' lang='lat' dir='ltr'><strong>oppugnat</strong></span> <span class='ocrx_word' id='word_1_87' title='bbox 1318 1430 1589 1485; x_wconf 89' lang='lat' dir='ltr'><strong>nostram;</strong></span> <span class='ocrx_word' id='word_1_88' title='bbox 1622 1422 1778 1490; x_wconf 87' lang='lat' dir='ltr'><strong>quisi</strong></span> 
     </span>
    </p>
   </div>
   <div class='ocr_carea' id='block_1_13' title="bbox 196 1500 1779 1572">
    <p class='ocr_par' dir='ltr' id='par_1_13' title="bbox 196 1500 1779 1572">
     <span class='ocr_line' id='line_1_13' title="bbox 196 1500 1779 1572; baseline 0.012 -23"><span class='ocrx_word' id='word_1_89' title='bbox 196 1500 447 1567; x_wconf 81' lang='lat' dir='ltr'><strong>auspicato</strong></span> <span class='ocrx_word' id='word_1_90' title='bbox 483 1517 610 1555; x_wconf 87' lang='lat' dir='ltr'><strong>rem</strong></span> <span class='ocrx_word' id='word_1_91' title='bbox 644 1519 953 1572; x_wconf 77' lang='lat' dir='ltr'><strong>aggressus</strong></span> <span class='ocrx_word' id='word_1_92' title='bbox 978 1517 1120 1562; x_wconf 87' lang='lat' dir='ltr'><strong>esset</strong></span> <span class='ocrx_word' id='word_1_93' title='bbox 1144 1549 1158 1570; x_wconf 88' lang='lat'><strong>,</strong></span> <span class='ocrx_word' id='word_1_94' title='bbox 1197 1509 1351 1564; x_wconf 77' lang='lat' dir='ltr'><strong>nobis</strong></span> <span class='ocrx_word' id='word_1_95' title='bbox 1389 1528 1493 1564; x_wconf 92' lang='lat' dir='ltr'><strong>uno</strong></span> <span class='ocrx_word' id='word_1_96' title='bbox 1524 1514 1635 1567; x_wconf 90' lang='lat' dir='ltr'><strong>veri</strong></span> <span class='ocrx_word' id='word_1_97' title='bbox 1664 1523 1779 1567; x_wconf 86' lang='lat' dir='ltr'><strong>stu-</strong></span> 
     </span>
    </p>
   </div>
   <div class='ocr_carea' id='block_1_14' title="bbox 194 1591 1780 1674">
    <p class='ocr_par' dir='ltr' id='par_1_14' title="bbox 194 1591 1780 1674">
     <span class='ocr_line' id='line_1_14' title="bbox 194 1591 1780 1674; baseline 0.009 -31"><span class='ocrx_word' id='word_1_98' title='bbox 194 1591 265 1643; x_wconf 87' lang='lat' dir='ltr'><strong>dio</strong></span> <span class='ocrx_word' id='word_1_99' title='bbox 292 1594 566 1660; x_wconf 87' lang='lat' dir='ltr'><strong>permotis</strong></span> <span class='ocrx_word' id='word_1_100' title='bbox 592 1634 609 1657; x_wconf 92' lang='lat'><strong>,</strong></span> <span class='ocrx_word' id='word_1_101' title='bbox 642 1595 773 1663; x_wconf 88' lang='lat' dir='ltr'><strong>ejus</strong></span> <span class='ocrx_word' id='word_1_102' title='bbox 809 1596 1279 1655; x_wconf 86' lang='lat' dir='ltr'><strong>observationibus</strong></span> <span class='ocrx_word' id='word_1_103' title='bbox 1318 1602 1628 1674; x_wconf 71' lang='lat' dir='ltr'><strong>suffragium</strong></span> <span class='ocrx_word' id='word_1_104' title='bbox 1680 1606 1780 1657; x_wconf 90' lang='lat' dir='ltr'><strong>ad-</strong></span> 
     </span>
    </p>
   </div>
   <div class='ocr_carea' id='block_1_15' title="bbox 192 1684 1782 1756">
    <p class='ocr_par' dir='ltr' id='par_1_15' title="bbox 192 1684 1782 1756">
     <span class='ocr_line' id='line_1_15' title="bbox 192 1684 1782 1756; baseline 0.013 -23"><span class='ocrx_word' id='word_1_105' title='bbox 192 1685 297 1736; x_wconf 83' lang='lat' dir='ltr'><strong>dere</strong></span> <span class='ocrx_word' id='word_1_106' title='bbox 326 1684 559 1749; x_wconf 86' lang='lat' dir='ltr'><strong>liberet,</strong></span> <span class='ocrx_word' id='word_1_107' title='bbox 605 1686 703 1739; x_wconf 90' lang='lat' dir='ltr'><strong>ubi</strong></span> <span class='ocrx_word' id='word_1_108' title='bbox 729 1688 957 1756; x_wconf 88' lang='lat' dir='ltr'><strong>quidem</strong></span> <span class='ocrx_word' id='word_1_109' title='bbox 994 1690 1195 1747; x_wconf 88' lang='lat' dir='ltr'><strong>liceret.</strong></span> <span class='ocrx_word' id='word_1_110' title='bbox 1227 1694 1297 1747; x_wconf 89' lang='lat' dir='ltr'><strong>At</strong></span> <span class='ocrx_word' id='word_1_111' title='bbox 1338 1710 1457 1748; x_wconf 91' lang='lat' dir='ltr'><strong>cum</strong></span> <span class='ocrx_word' id='word_1_112' title='bbox 1490 1696 1782 1752; x_wconf 87' lang='lat' dir='ltr'><strong>editionem</strong></span> 
     </span>
    </p>
   </div>
   <div class='ocr_carea' id='block_1_16' title="bbox 193 1772 1775 1850">
    <p class='ocr_par' dir='ltr' id='par_1_16' title="bbox 193 1772 1775 1850">
     <span class='ocr_line' id='line_1_16' title="bbox 193 1772 1775 1850; baseline 0.013 -27"><span class='ocrx_word' id='word_1_113' title='bbox 193 1772 264 1825; x_wconf 89' lang='lat' dir='ltr'><strong>ille</strong></span> <span class='ocrx_word' id='word_1_114' title='bbox 290 1784 539 1827; x_wconf 90' lang='lat' dir='ltr'><strong>nostram</strong></span> <span class='ocrx_word' id='word_1_115' title='bbox 574 1776 674 1829; x_wconf 80' lang='lat' dir='ltr'><strong>vix</strong></span> <span class='ocrx_word' id='word_1_116' title='bbox 707 1779 1090 1848; x_wconf 90' lang='lat' dir='ltr'><strong>sesquimense</strong></span> <span class='ocrx_word' id='word_1_117' title='bbox 1133 1792 1256 1836; x_wconf 90' lang='lat' dir='ltr'><strong>ante</strong></span> <span class='ocrx_word' id='word_1_118' title='bbox 1294 1784 1497 1839; x_wconf 90' lang='lat' dir='ltr'><strong>obitum</strong></span> <span class='ocrx_word' id='word_1_119' title='bbox 1551 1798 1775 1850; x_wconf 88' lang='lat' dir='ltr'><strong>nactus,</strong></span> 
     </span>
    </p>
   </div>
   <div class='ocr_carea' id='block_1_17' title="bbox 192 1863 1774 1943">
    <p class='ocr_par' dir='ltr' id='par_1_17' title="bbox 192 1863 1774 1943">
     <span class='ocr_line' id='line_1_17' title="bbox 192 1863 1774 1943; baseline 0.013 -30"><span class='ocrx_word' id='word_1_120' title='bbox 192 1863 544 1931; x_wconf 87' lang='lat' dir='ltr'><strong>diuturnoque</strong></span> <span class='ocrx_word' id='word_1_121' title='bbox 592 1868 801 1921; x_wconf 85' lang='lat' dir='ltr'><strong>morbo</strong></span> <span class='ocrx_word' id='word_1_122' title='bbox 853 1884 1109 1938; x_wconf 89' lang='lat' dir='ltr'><strong>pressus,</strong></span> <span class='ocrx_word' id='word_1_123' title='bbox 1159 1887 1281 1926; x_wconf 90' lang='lat' dir='ltr'><strong>cum</strong></span> <span class='ocrx_word' id='word_1_124' title='bbox 1328 1875 1587 1943; x_wconf 86' lang='lat' dir='ltr'><strong>paulatim</strong></span> <span class='ocrx_word' id='word_1_125' title='bbox 1632 1879 1774 1933; x_wconf 85' lang='lat' dir='ltr'><strong>vires</strong></span> 
     </span>
    </p>
   </div>
   <div class='ocr_carea' id='block_1_18' title="bbox 193 1958 1775 2031">
    <p class='ocr_par' dir='ltr' id='par_1_18' title="bbox 193 1958 1775 2031">
     <span class='ocr_line' id='line_1_18' title="bbox 193 1958 1775 2031; baseline 0.013 -27"><span class='ocrx_word' id='word_1_126' title='bbox 193 1964 285 2006; x_wconf 89' lang='lat' dir='ltr'><strong>tum</strong></span> <span class='ocrx_word' id='word_1_127' title='bbox 310 1958 569 2024; x_wconf 89' lang='lat' dir='ltr'><strong>corporis</strong></span> <span class='ocrx_word' id='word_1_128' title='bbox 602 1966 727 2011; x_wconf 87' lang='lat' dir='ltr'><strong>tum</strong></span> <span class='ocrx_word' id='word_1_129' title='bbox 774 1960 945 2016; x_wconf 87' lang='lat' dir='ltr'><strong>animi</strong></span> <span class='ocrx_word' id='word_1_130' title='bbox 995 1963 1320 2031; x_wconf 90' lang='lat' dir='ltr'><strong>deﬁcerent,</strong></span> <span class='ocrx_word' id='word_1_131' title='bbox 1362 1982 1461 2022; x_wconf 91' lang='lat' dir='ltr'><strong>nec</strong></span> <span class='ocrx_word' id='word_1_132' title='bbox 1514 1984 1602 2023; x_wconf 83' lang='lat' dir='ltr'><strong>res</strong></span> <span class='ocrx_word' id='word_1_133' title='bbox 1646 1985 1775 2025; x_wconf 86' lang='lat' dir='ltr'><strong>sane</strong></span> 
     </span>
    </p>
   </div>
   <div class='ocr_carea' id='block_1_19' title="bbox 190 2049 1770 2127">
    <p class='ocr_par' dir='ltr' id='par_1_19' title="bbox 190 2049 1770 2127">
     <span class='ocr_line' id='line_1_19' title="bbox 190 2049 1770 2127; baseline 0.009 -27"><span class='ocrx_word' id='word_1_134' title='bbox 190 2049 451 2117; x_wconf 78' lang='lat' dir='ltr'><strong>perplexas</strong></span> <span class='ocrx_word' id='word_1_135' title='bbox 477 2060 537 2104; x_wconf 92' lang='lat' dir='ltr'><strong>et</strong></span> <span class='ocrx_word' id='word_1_136' title='bbox 561 2054 847 2106; x_wconf 87' lang='lat' dir='ltr'><strong>obscuras</strong></span> <span class='ocrx_word' id='word_1_137' title='bbox 872 2068 934 2107; x_wconf 89' lang='lat' dir='ltr'><strong>ea</strong></span> <span class='ocrx_word' id='word_1_138' title='bbox 964 2070 1066 2124; x_wconf 90' lang='lat' dir='ltr'><strong>qua</strong></span> <span class='ocrx_word' id='word_1_139' title='bbox 1094 2073 1192 2126; x_wconf 89' lang='lat' dir='ltr'><strong>par</strong></span> <span class='ocrx_word' id='word_1_140' title='bbox 1226 2067 1345 2111; x_wconf 90' lang='lat' dir='ltr'><strong>erat</strong></span> <span class='ocrx_word' id='word_1_141' title='bbox 1369 2058 1642 2127; x_wconf 84' lang='lat' dir='ltr'><strong>diligentia</strong></span> <span class='ocrx_word' id='word_1_142' title='bbox 1673 2078 1770 2114; x_wconf 79' lang='lat' dir='ltr'><strong>ex-</strong></span> 
     </span>
    </p>
   </div>
   <div class='ocr_carea' id='block_1_20' title="bbox 190 2141 1771 2216">
    <p class='ocr_par' dir='ltr' id='par_1_20' title="bbox 190 2141 1771 2216">
     <span class='ocr_line' id='line_1_20' title="bbox 190 2141 1771 2216; baseline 0.009 -22"><span class='ocrx_word' id='word_1_143' title='bbox 190 2141 439 2208; x_wconf 75' lang='lat' dir='ltr'><strong>pendere,</strong></span> <span class='ocrx_word' id='word_1_144' title='bbox 486 2158 597 2197; x_wconf 90' lang='lat' dir='ltr'><strong>nec</strong></span> <span class='ocrx_word' id='word_1_145' title='bbox 630 2146 681 2198; x_wconf 90' lang='lat' dir='ltr'><strong>si</strong></span> <span class='ocrx_word' id='word_1_146' title='bbox 708 2146 846 2213; x_wconf 89' lang='lat' dir='ltr'><strong>quid</strong></span> <span class='ocrx_word' id='word_1_147' title='bbox 878 2146 1145 2203; x_wconf 87' lang='lat' dir='ltr'><strong>diﬁicilius</strong></span> <span class='ocrx_word' id='word_1_148' title='bbox 1174 2162 1517 2216; x_wconf 89' lang='lat' dir='ltr'><strong>occurreret,</strong></span> <span class='ocrx_word' id='word_1_149' title='bbox 1546 2153 1771 2207; x_wconf 88' lang='lat' dir='ltr'><strong>aliorum</strong></span> 
     </span>
    </p>
   </div>
   <div class='ocr_carea' id='block_1_21' title="bbox 192 2233 1775 2309">
    <p class='ocr_par' dir='ltr' id='par_1_21' title="bbox 192 2233 1775 2309">
     <span class='ocr_line' id='line_1_21' title="bbox 192 2233 1775 2309; baseline 0.008 -26"><span class='ocrx_word' id='word_1_150' title='bbox 192 2233 584 2298; x_wconf 85' lang='lat' dir='ltr'><strong>comparatione</strong></span> <span class='ocrx_word' id='word_1_151' title='bbox 625 2234 887 2289; x_wconf 89' lang='lat' dir='ltr'><strong>locorum</strong></span> <span class='ocrx_word' id='word_1_152' title='bbox 918 2236 1207 2305; x_wconf 78' lang='lat' dir='ltr'><strong>explanare</strong></span> <span class='ocrx_word' id='word_1_153' title='bbox 1230 2280 1247 2306; x_wconf 90' lang='lat'><strong>,</strong></span> <span class='ocrx_word' id='word_1_154' title='bbox 1289 2253 1386 2294; x_wconf 92' lang='lat' dir='ltr'><strong>nec</strong></span> <span class='ocrx_word' id='word_1_155' title='bbox 1426 2242 1566 2309; x_wconf 89' lang='lat' dir='ltr'><strong>quod</strong></span> <span class='ocrx_word' id='word_1_156' title='bbox 1600 2242 1775 2298; x_wconf 90' lang='lat' dir='ltr'><strong>minus</strong></span> 
     </span>
    </p>
   </div>
   <div class='ocr_carea' id='block_1_22' title="bbox 194 2325 1772 2395">
    <p class='ocr_par' dir='ltr' id='par_1_22' title="bbox 194 2325 1772 2395">
     <span class='ocr_line' id='line_1_22' title="bbox 194 2325 1772 2395; baseline 0.007 -21"><span class='ocrx_word' id='word_1_157' title='bbox 194 2334 427 2377; x_wconf 77' lang='lat' dir='ltr'><strong>accurate</strong></span> <span class='ocrx_word' id='word_1_158' title='bbox 467 2325 725 2392; x_wconf 85' lang='lat' dir='ltr'><strong>positum</strong></span> <span class='ocrx_word' id='word_1_159' title='bbox 770 2337 893 2379; x_wconf 89' lang='lat' dir='ltr'><strong>erat</strong></span> <span class='ocrx_word' id='word_1_160' title='bbox 942 2328 1332 2395; x_wconf 89' lang='lat' dir='ltr'><strong>posterioribus</strong></span> <span class='ocrx_word' id='word_1_161' title='bbox 1386 2331 1529 2384; x_wconf 89' lang='lat' dir='ltr'><strong>curis</strong></span> <span class='ocrx_word' id='word_1_162' title='bbox 1567 2332 1772 2386; x_wconf 89' lang='lat' dir='ltr'><strong>sarcire</strong></span> 
     </span>
    </p>
   </div>
   <div class='ocr_carea' id='block_1_23' title="bbox 193 2416 1769 2491">
    <p class='ocr_par' dir='ltr' id='par_1_23' title="bbox 193 2416 1769 2491">
     <span class='ocr_line' id='line_1_23' title="bbox 193 2416 1769 2491; baseline 0.007 -26"><span class='ocrx_word' id='word_1_163' title='bbox 193 2416 447 2481; x_wconf 87' lang='lat' dir='ltr'><strong>potuerit;</strong></span> <span class='ocrx_word' id='word_1_164' title='bbox 494 2417 780 2471; x_wconf 89' lang='lat' dir='ltr'><strong>nonnulla</strong></span> <span class='ocrx_word' id='word_1_165' title='bbox 809 2428 937 2471; x_wconf 92' lang='lat' dir='ltr'><strong>sunt</strong></span> <span class='ocrx_word' id='word_1_166' title='bbox 968 2435 1087 2473; x_wconf 90' lang='lat' dir='ltr'><strong>cum</strong></span> <span class='ocrx_word' id='word_1_167' title='bbox 1122 2420 1172 2475; x_wconf 91' lang='lat' dir='ltr'><strong>in</strong></span> <span class='ocrx_word' id='word_1_168' title='bbox 1210 2428 1509 2491; x_wconf 88' lang='lat' dir='ltr'><strong>temporum</strong></span> <span class='ocrx_word' id='word_1_169' title='bbox 1540 2423 1769 2489; x_wconf 88' lang='lat' dir='ltr'><strong>calculo,</strong></span> 
     </span>
    </p>
   </div>
   <div class='ocr_carea' id='block_1_24' title="bbox 194 2509 1772 2579">
    <p class='ocr_par' dir='ltr' id='par_1_24' title="bbox 194 2509 1772 2579">
     <span class='ocr_line' id='line_1_24' title="bbox 194 2509 1772 2579; baseline 0.008 -23"><span class='ocrx_word' id='word_1_170' title='bbox 194 2516 286 2558; x_wconf 88' lang='lat' dir='ltr'><strong>lum</strong></span> <span class='ocrx_word' id='word_1_171' title='bbox 314 2509 362 2559; x_wconf 92' lang='lat' dir='ltr'><strong>in</strong></span> <span class='ocrx_word' id='word_1_172' title='bbox 398 2509 741 2561; x_wconf 87' lang='lat' dir='ltr'><strong>recensione</strong></span> <span class='ocrx_word' id='word_1_173' title='bbox 773 2520 1089 2579; x_wconf 86' lang='lat' dir='ltr'><strong>gestorum,</strong></span> <span class='ocrx_word' id='word_1_174' title='bbox 1116 2525 1235 2579; x_wconf 57' lang='lat' dir='ltr'><strong>quas</strong></span> <span class='ocrx_word' id='word_1_175' title='bbox 1283 2514 1458 2567; x_wconf 91' lang='lat' dir='ltr'><strong>minus</strong></span> <span class='ocrx_word' id='word_1_176' title='bbox 1493 2522 1772 2569; x_wconf 89' lang='lat' dir='ltr'><strong>assecutus</strong></span> 
     </span>
    </p>
   </div>
   <div class='ocr_carea' id='block_1_25' title="bbox 192 2597 1773 2668">
    <p class='ocr_par' dir='ltr' id='par_1_25' title="bbox 192 2597 1773 2668">
     <span class='ocr_line' id='line_1_25' title="bbox 192 2597 1773 2668; baseline 0.008 -20"><span class='ocrx_word' id='word_1_177' title='bbox 192 2597 379 2651; x_wconf 83' lang='lat' dir='ltr'><strong>videtur</strong></span> <span class='ocrx_word' id='word_1_178' title='bbox 402 2598 487 2652; x_wconf 82' lang='lat' dir='ltr'><strong>vir</strong></span> <span class='ocrx_word' id='word_1_179' title='bbox 523 2600 815 2654; x_wconf 89' lang='lat' dir='ltr'><strong>eruditus.</strong></span> <span class='ocrx_word' id='word_1_180' title='bbox 847 2600 947 2668; x_wconf 85' lang='lat' dir='ltr'><strong>Qui</strong></span> <span class='ocrx_word' id='word_1_181' title='bbox 984 2602 1027 2654; x_wconf 91' lang='lat' dir='ltr'><strong>si</strong></span> <span class='ocrx_word' id='word_1_182' title='bbox 1055 2604 1383 2657; x_wconf 88' lang='lat' dir='ltr'><strong>tantumdem</strong></span> <span class='ocrx_word' id='word_1_183' title='bbox 1416 2606 1509 2658; x_wconf 90' lang='lat' dir='ltr'><strong>otii</strong></span> <span class='ocrx_word' id='word_1_184' title='bbox 1541 2605 1773 2660; x_wconf 86' lang='lat' dir='ltr'><strong>Athana-</strong></span> 
     </span>
    </p>
   </div>
   <div class='ocr_carea' id='block_1_26' title="bbox 192 2690 1769 2763">
    <p class='ocr_par' dir='ltr' id='par_1_26' title="bbox 192 2690 1769 2763">
     <span class='ocr_line' id='line_1_26' title="bbox 192 2690 1769 2763; baseline 0.009 -23"><span class='ocrx_word' id='word_1_185' title='bbox 192 2690 243 2740; x_wconf 86' lang='lat' dir='ltr'><strong>sii</strong></span> <span class='ocrx_word' id='word_1_186' title='bbox 264 2691 471 2758; x_wconf 85' lang='lat' dir='ltr'><strong>scriptis</strong></span> <span class='ocrx_word' id='word_1_187' title='bbox 500 2692 845 2746; x_wconf 84' lang='lat' dir='ltr'><strong>evolvendis</strong></span> <span class='ocrx_word' id='word_1_188' title='bbox 877 2693 1269 2763; x_wconf 90' lang='lat' dir='ltr'><strong>insumpsisset,</strong></span> <span class='ocrx_word' id='word_1_189' title='bbox 1297 2698 1496 2751; x_wconf 86' lang='lat' dir='ltr'><strong>nostris</strong></span> <span class='ocrx_word' id='word_1_190' title='bbox 1519 2713 1649 2752; x_wconf 88' lang='lat' dir='ltr'><strong>sane</strong></span> <span class='ocrx_word' id='word_1_191' title='bbox 1677 2714 1769 2754; x_wconf 86' lang='lat' dir='ltr'><strong>ac-</strong></span> 
     </span>
    </p>
   </div>
   <div class='ocr_carea' id='block_1_27' title="bbox 3299 435 3440 482">
    <p class='ocr_par' dir='ltr' id='par_1_27' title="bbox 3299 435 3440 482">
     <span class='ocr_line' id='line_1_27' title="bbox 3299 435 3440 482; baseline 0.035 -5"><span class='ocrx_word' id='word_1_192' title='bbox 3299 435 3440 482; x_wconf 72' lang='lat' dir='ltr'><strong>CLVII</strong></span> 
     </span>
    </p>
   </div>
   <div class='ocr_carea' id='block_1_28' title="bbox 2577 528 3442 611">
    <p class='ocr_par' dir='ltr' id='par_1_28' title="bbox 2577 528 3442 611">
     <span class='ocr_line' id='line_1_28' title="bbox 2577 528 3442 611; baseline 0.02 -32"><span class='ocrx_word' id='word_1_193' title='bbox 2577 528 2794 597; x_wconf 83' lang='lat' dir='ltr'><strong>agistris</strong></span> <span class='ocrx_word' id='word_1_194' title='bbox 2841 533 2991 597; x_wconf 83' lang='lat' dir='ltr'><strong>suis,</strong></span> <span class='ocrx_word' id='word_1_195' title='bbox 3037 535 3126 603; x_wconf 89' lang='lat' dir='ltr'><strong>qui</strong></span> <span class='ocrx_word' id='word_1_196' title='bbox 3178 550 3442 611; x_wconf 83' lang='lat' dir='ltr'><strong>martyres</strong></span> 
     </span>
    </p>
   </div>
   <div class='ocr_carea' id='block_1_29' title="bbox 1882 612 3442 696">
    <p class='ocr_par' dir='ltr' id='par_1_29' title="bbox 1882 612 3442 696">
     <span class='ocr_line' id='line_1_29' title="bbox 1882 612 3442 696; baseline 0.012 -31"><span class='ocrx_word' id='word_1_197' title='bbox 1882 612 2084 666; x_wconf 90' lang='lat' dir='ltr'><strong>Christi</strong></span> <span class='ocrx_word' id='word_1_198' title='bbox 2118 614 2263 668; x_wconf 80' lang='lat' dir='ltr'><strong>l&#39;uere</strong></span> <span class='ocrx_word' id='word_1_199' title='bbox 2283 655 2298 677; x_wconf 92' lang='lat'><strong>,</strong></span> <span class='ocrx_word' id='word_1_200' title='bbox 2326 616 2525 684; x_wconf 80' lang='lat' dir='ltr'><strong>quique</strong></span> <span class='ocrx_word' id='word_1_201' title='bbox 2547 632 2640 671; x_wconf 85' lang='lat' dir='ltr'><strong>eas</strong></span> <span class='ocrx_word' id='word_1_202' title='bbox 2667 632 2919 677; x_wconf 88' lang='lat' dir='ltr'><strong>accurate</strong></span> <span class='ocrx_word' id='word_1_203' title='bbox 2948 625 3304 696; x_wconf 81' lang='lat' dir='ltr'><strong>perlegerunt,</strong></span> <span class='ocrx_word' id='word_1_204' title='bbox 3331 630 3442 684; x_wconf 83' lang='lat' dir='ltr'><strong>edi-</strong></span> 
     </span>
    </p>
   </div>
   <div class='ocr_carea' id='block_1_30' title="bbox 1882 701 3439 781">
    <p class='ocr_par' dir='ltr' id='par_1_30' title="bbox 1882 701 3439 781">
     <span class='ocr_line' id='line_1_30' title="bbox 1882 701 3439 781; baseline 0.014 -28"><span class='ocrx_word' id='word_1_205' title='bbox 1882 701 2096 756; x_wconf 89' lang='lat' dir='ltr'><strong>dicisse.</strong></span> <span class='ocrx_word' id='word_1_206' title='bbox 2129 704 2202 758; x_wconf 91' lang='lat' dir='ltr'><strong>De</strong></span> <span class='ocrx_word' id='word_1_207' title='bbox 2226 706 2421 773; x_wconf 89' lang='lat' dir='ltr'><strong>quibus</strong></span> <span class='ocrx_word' id='word_1_208' title='bbox 2474 707 2599 761; x_wconf 87' lang='lat' dir='ltr'><strong>item</strong></span> <span class='ocrx_word' id='word_1_209' title='bbox 2643 713 2917 781; x_wconf 73' lang='lat' dir='ltr'><strong>magistris</strong></span> <span class='ocrx_word' id='word_1_210' title='bbox 2956 717 3066 770; x_wconf 88' lang='lat' dir='ltr'><strong>suis</strong></span> <span class='ocrx_word' id='word_1_211' title='bbox 3116 718 3267 774; x_wconf 87' lang='lat' dir='ltr'><strong>initio</strong></span> <span class='ocrx_word' id='word_1_212' title='bbox 3318 720 3439 776; x_wconf 83' lang='lat' dir='ltr'><strong>libri</strong></span> 
     </span>
    </p>
   </div>
   <div class='ocr_carea' id='block_1_31' title="bbox 1881 790 3440 877">
    <p class='ocr_par' dir='ltr' id='par_1_31' title="bbox 1881 790 3440 877">
     <span class='ocr_line' id='line_1_31' title="bbox 1881 790 3440 877; baseline 0.013 -33"><span class='ocrx_word' id='word_1_213' title='bbox 1881 790 2075 846; x_wconf 86' lang='lat' dir='ltr'><strong>Contra</strong></span> <span class='ocrx_word' id='word_1_214' title='bbox 2098 807 2273 862; x_wconf 80' lang='lat' dir='ltr'><strong>gentes</strong></span> <span class='ocrx_word' id='word_1_215' title='bbox 2305 797 2417 850; x_wconf 74' lang='lat' dir='ltr'><strong>haec</strong></span> <span class='ocrx_word' id='word_1_216' title='bbox 2442 796 2763 854; x_wconf 87' lang='lat' dir='ltr'><strong>testiﬁcatur</strong></span> <span class='ocrx_word' id='word_1_217' title='bbox 2793 815 2809 854; x_wconf 91' lang='lat'><strong>:</strong></span> <span class='ocrx_word' id='word_1_218' title='bbox 2843 802 3069 859; x_wconf 71' lang='lat' dir='ltr'><strong>Exstant</strong></span> <span class='ocrx_word' id='word_1_219' title='bbox 3099 823 3296 876; x_wconf 81' lang='lat' dir='ltr'><strong>quoque</strong></span> <span class='ocrx_word' id='word_1_220' title='bbox 3327 812 3440 877; x_wconf 84' lang='lat' dir='ltr'><strong>plu-</strong></span> 
     </span>
    </p>
   </div>
   <div class='ocr_carea' id='block_1_32' title="bbox 1880 883 3439 965">
    <p class='ocr_par' dir='ltr' id='par_1_32' title="bbox 1880 883 3439 965">
     <span class='ocr_line' id='line_1_32' title="bbox 1880 883 3439 965; baseline 0.013 -31"><span class='ocrx_word' id='word_1_221' title='bbox 1880 883 2002 935; x_wconf 87' lang='lat' dir='ltr'><strong>rimi</strong></span> <span class='ocrx_word' id='word_1_222' title='bbox 2031 900 2091 937; x_wconf 90' lang='lat' dir='ltr'><strong>ea</strong></span> <span class='ocrx_word' id='word_1_223' title='bbox 2139 886 2202 938; x_wconf 89' lang='lat' dir='ltr'><strong>de</strong></span> <span class='ocrx_word' id='word_1_224' title='bbox 2236 903 2290 940; x_wconf 85' lang='lat' dir='ltr'><strong>re</strong></span> <span class='ocrx_word' id='word_1_225' title='bbox 2318 905 2350 941; x_wconf 89' lang='lat' dir='ltr'><strong>a</strong></span> <span class='ocrx_word' id='word_1_226' title='bbox 2407 888 2575 943; x_wconf 79' lang='lat' dir='ltr'><strong>beatis</strong></span> <span class='ocrx_word' id='word_1_227' title='bbox 2613 894 2880 962; x_wconf 86' lang='lat' dir='ltr'><strong>magistris</strong></span> <span class='ocrx_word' id='word_1_228' title='bbox 2930 899 3120 951; x_wconf 87' lang='lat' dir='ltr'><strong>nostris</strong></span> <span class='ocrx_word' id='word_1_229' title='bbox 3162 904 3439 965; x_wconf 75' lang='lat' dir='ltr'><strong>conscripti</strong></span> 
     </span>
    </p>
   </div>
   <div class='ocr_carea' id='block_1_33' title="bbox 1880 972 3440 1056">
    <p class='ocr_par' dir='ltr' id='par_1_33' title="bbox 1880 972 3440 1056">
     <span class='ocr_line' id='line_1_33' title="bbox 1880 972 3440 1056; baseline 0.012 -31"><span class='ocrx_word' id='word_1_230' title='bbox 1880 972 2040 1038; x_wconf 88' lang='lat' dir='ltr'><strong>libri,</strong></span> <span class='ocrx_word' id='word_1_231' title='bbox 2080 991 2209 1045; x_wconf 88' lang='lat' dir='ltr'><strong>quos</strong></span> <span class='ocrx_word' id='word_1_232' title='bbox 2240 979 2285 1030; x_wconf 85' lang='lat' dir='ltr'><strong>si</strong></span> <span class='ocrx_word' id='word_1_233' title='bbox 2334 980 2452 1046; x_wconf 88' lang='lat' dir='ltr'><strong>quis</strong></span> <span class='ocrx_word' id='word_1_234' title='bbox 2493 980 2709 1050; x_wconf 88' lang='lat' dir='ltr'><strong>legerit,</strong></span> <span class='ocrx_word' id='word_1_235' title='bbox 2760 984 3154 1052; x_wconf 82' lang='lat' dir='ltr'><strong>Scripturarum</strong></span> <span class='ocrx_word' id='word_1_236' title='bbox 3190 988 3440 1056; x_wconf 73' lang='lat' dir='ltr'><strong>interpre-</strong></span> 
     </span>
    </p>
   </div>
   <div class='ocr_carea' id='block_1_34' title="bbox 1881 1067 3438 1147">
    <p class='ocr_par' dir='ltr' id='par_1_34' title="bbox 1881 1067 3438 1147">
     <span class='ocr_line' id='line_1_34' title="bbox 1881 1067 3438 1147; baseline 0.01 -30"><span class='ocrx_word' id='word_1_237' title='bbox 1881 1067 2131 1120; x_wconf 85' lang='lat' dir='ltr'><strong>tationem</strong></span> <span class='ocrx_word' id='word_1_238' title='bbox 2156 1070 2541 1135; x_wconf 86' lang='lat' dir='ltr'><strong>quodammodo</strong></span> <span class='ocrx_word' id='word_1_239' title='bbox 2576 1076 2861 1145; x_wconf 81' lang='lat' dir='ltr'><strong>intelliget,</strong></span> <span class='ocrx_word' id='word_1_240' title='bbox 2888 1088 2937 1130; x_wconf 89' lang='lat' dir='ltr'><strong>et</strong></span> <span class='ocrx_word' id='word_1_241' title='bbox 2972 1093 3087 1131; x_wconf 82' lang='lat' dir='ltr'><strong>eam</strong></span> <span class='ocrx_word' id='word_1_242' title='bbox 3108 1117 3125 1141; x_wconf 92' lang='lat'><strong>,</strong></span> <span class='ocrx_word' id='word_1_243' title='bbox 3158 1095 3314 1147; x_wconf 78' lang='lat' dir='ltr'><strong>quam</strong></span> <span class='ocrx_word' id='word_1_244' title='bbox 3342 1094 3438 1132; x_wconf 75' lang='lat' dir='ltr'><strong>ea:-</strong></span> 
     </span>
    </p>
   </div>
   <div class='ocr_carea' id='block_1_35' title="bbox 1878 1158 3440 1234">
    <p class='ocr_par' dir='ltr' id='par_1_35' title="bbox 1878 1158 3440 1234">
     <span class='ocr_line' id='line_1_35' title="bbox 1878 1158 3440 1234; baseline 0.008 -27"><span class='ocrx_word' id='word_1_245' title='bbox 1878 1158 2039 1225; x_wconf 83' lang='lat' dir='ltr'><strong>petit,</strong></span> <span class='ocrx_word' id='word_1_246' title='bbox 2083 1161 2425 1225; x_wconf 79' lang='lat' dir='ltr'><strong>cognitionem</strong></span> <span class='ocrx_word' id='word_1_247' title='bbox 2467 1166 2711 1234; x_wconf 79' lang='lat' dir='ltr'><strong>consequi</strong></span> <span class='ocrx_word' id='word_1_248' title='bbox 2774 1169 2983 1234; x_wconf 84' lang='lat' dir='ltr'><strong>poterit.</strong></span> <span class='ocrx_word' id='word_1_249' title='bbox 3074 1164 3440 1223; x_wconf 73' lang='lat' dir='ltr'><strong>Verumtamen</strong></span> 
     </span>
    </p>
   </div>
   <div class='ocr_carea' id='block_1_36' title="bbox 1881 1250 3440 1317">
    <p class='ocr_par' dir='ltr' id='par_1_36' title="bbox 1881 1250 3440 1317">
     <span class='ocr_line' id='line_1_36' title="bbox 1881 1250 3440 1317; baseline 0.008 -19"><span class='ocrx_word' id='word_1_250' title='bbox 1881 1261 1998 1299; x_wconf 86' lang='lat' dir='ltr'><strong>cum</strong></span> <span class='ocrx_word' id='word_1_251' title='bbox 2029 1250 2397 1317; x_wconf 82' lang='lat' dir='ltr'><strong>magistrorum</strong></span> <span class='ocrx_word' id='word_1_252' title='bbox 2431 1252 2593 1307; x_wconf 87' lang='lat' dir='ltr'><strong>libros</strong></span> <span class='ocrx_word' id='word_1_253' title='bbox 2626 1255 2679 1307; x_wconf 89' lang='lat' dir='ltr'><strong>in</strong></span> <span class='ocrx_word' id='word_1_254' title='bbox 2734 1257 2976 1309; x_wconf 83' lang='lat' dir='ltr'><strong>manibus</strong></span> <span class='ocrx_word' id='word_1_255' title='bbox 3009 1273 3142 1309; x_wconf 82' lang='lat' dir='ltr'><strong>nunc</strong></span> <span class='ocrx_word' id='word_1_256' title='bbox 3196 1273 3299 1310; x_wconf 88' lang='lat' dir='ltr'><strong>non</strong></span> <span class='ocrx_word' id='word_1_257' title='bbox 3347 1258 3440 1310; x_wconf 81' lang='lat' dir='ltr'><strong>Ita-</strong></span> 
     </span>
    </p>
   </div>
   <div class='ocr_carea' id='block_1_37' title="bbox 1881 1338 3437 1413">
    <p class='ocr_par' dir='ltr' id='par_1_37' title="bbox 1881 1338 3437 1413">
     <span class='ocr_line' id='line_1_37' title="bbox 1881 1338 3437 1413; baseline 0.008 -24"><span class='ocrx_word' id='word_1_258' title='bbox 1881 1338 2091 1392; x_wconf 85' lang='lat' dir='ltr'><strong>beamus</strong></span> <span class='ocrx_word' id='word_1_259' title='bbox 2113 1380 2129 1404; x_wconf 90' lang='lat'><strong>,</strong></span> <span class='ocrx_word' id='word_1_260' title='bbox 2163 1357 2368 1395; x_wconf 82' lang='lat' dir='ltr'><strong>necesse</strong></span> <span class='ocrx_word' id='word_1_261' title='bbox 2392 1353 2465 1395; x_wconf 83' lang='lat' dir='ltr'><strong>est</strong></span> <span class='ocrx_word' id='word_1_262' title='bbox 2496 1360 2555 1397; x_wconf 87' lang='lat' dir='ltr'><strong>ea</strong></span> <span class='ocrx_word' id='word_1_263' title='bbox 2574 1384 2589 1408; x_wconf 92' lang='lat'><strong>,</strong></span> <span class='ocrx_word' id='word_1_264' title='bbox 2618 1362 2735 1409; x_wconf 73' lang='lat' dir='ltr'><strong>qua:</strong></span> <span class='ocrx_word' id='word_1_265' title='bbox 2765 1347 2829 1398; x_wconf 88' lang='lat' dir='ltr'><strong>ab</strong></span> <span class='ocrx_word' id='word_1_266' title='bbox 2862 1346 2966 1400; x_wconf 85' lang='lat' dir='ltr'><strong>illis</strong></span> <span class='ocrx_word' id='word_1_267' title='bbox 2998 1348 3298 1413; x_wconf 80' lang='lat' dir='ltr'><strong>didicimus,</strong></span> <span class='ocrx_word' id='word_1_268' title='bbox 3344 1349 3437 1401; x_wconf 87' lang='lat' dir='ltr'><strong>tibi</strong></span> 
     </span>
    </p>
   </div>
   <div class='ocr_carea' id='block_1_38' title="bbox 1878 1429 3434 1506">
    <p class='ocr_par' dir='ltr' id='par_1_38' title="bbox 1878 1429 3434 1506">
     <span class='ocr_line' id='line_1_38' title="bbox 1878 1429 3434 1506; baseline 0.008 -25"><span class='ocrx_word' id='word_1_269' title='bbox 1878 1429 2173 1497; x_wconf 77' lang='lat' dir='ltr'><strong>patefacere</strong></span> <span class='ocrx_word' id='word_1_270' title='bbox 2206 1443 2251 1485; x_wconf 91' lang='lat' dir='ltr'><strong>et</strong></span> <span class='ocrx_word' id='word_1_271' title='bbox 2288 1435 2528 1489; x_wconf 84' lang='lat' dir='ltr'><strong>scribere.</strong></span> <span class='ocrx_word' id='word_1_272' title='bbox 2555 1436 2689 1502; x_wconf 84' lang='lat' dir='ltr'><strong>Quia</strong></span> <span class='ocrx_word' id='word_1_273' title='bbox 2728 1437 2891 1506; x_wconf 88' lang='lat' dir='ltr'><strong>igitur</strong></span> <span class='ocrx_word' id='word_1_274' title='bbox 2912 1439 3287 1505; x_wconf 87' lang='lat' dir='ltr'><strong>magistrorum</strong></span> <span class='ocrx_word' id='word_1_275' title='bbox 3317 1439 3434 1494; x_wconf 87' lang='lat' dir='ltr'><strong>libri</strong></span> 
     </span>
    </p>
   </div>
   <div class='ocr_carea' id='block_1_39' title="bbox 1881 1522 3435 1599">
    <p class='ocr_par' dir='ltr' id='par_1_39' title="bbox 1881 1522 3435 1599">
     <span class='ocr_line' id='line_1_39' title="bbox 1881 1522 3435 1599; baseline 0.007 -26"><span class='ocrx_word' id='word_1_276' title='bbox 1881 1536 1985 1573; x_wconf 93' lang='lat' dir='ltr'><strong>non</strong></span> <span class='ocrx_word' id='word_1_277' title='bbox 2017 1522 2279 1588; x_wconf 88' lang='lat' dir='ltr'><strong>aderant,</strong></span> <span class='ocrx_word' id='word_1_278' title='bbox 2306 1541 2401 1580; x_wconf 82' lang='lat' dir='ltr'><strong>nec</strong></span> <span class='ocrx_word' id='word_1_279' title='bbox 2436 1526 2573 1580; x_wconf 82' lang='lat' dir='ltr'><strong>forte</strong></span> <span class='ocrx_word' id='word_1_280' title='bbox 2605 1537 2814 1596; x_wconf 87' lang='lat' dir='ltr'><strong>poterat</strong></span> <span class='ocrx_word' id='word_1_281' title='bbox 2847 1543 2933 1581; x_wconf 90' lang='lat' dir='ltr'><strong>res</strong></span> <span class='ocrx_word' id='word_1_282' title='bbox 2960 1528 3105 1581; x_wconf 89' lang='lat' dir='ltr'><strong>aliud</strong></span> <span class='ocrx_word' id='word_1_283' title='bbox 3133 1529 3183 1582; x_wconf 93' lang='lat' dir='ltr'><strong>in</strong></span> <span class='ocrx_word' id='word_1_284' title='bbox 3223 1539 3435 1599; x_wconf 87' lang='lat' dir='ltr'><strong>tempus</strong></span> 
     </span>
    </p>
   </div>
   <div class='ocr_carea' id='block_1_40' title="bbox 1880 1616 3434 1687">
    <p class='ocr_par' dir='ltr' id='par_1_40' title="bbox 1880 1616 3434 1687">
     <span class='ocr_line' id='line_1_40' title="bbox 1880 1616 3434 1687; baseline 0.007 -23"><span class='ocrx_word' id='word_1_285' title='bbox 1880 1616 2157 1684; x_wconf 83' lang='lat' dir='ltr'><strong>prorogari</strong></span> <span class='ocrx_word' id='word_1_286' title='bbox 2185 1660 2198 1680; x_wconf 85' lang='lat'><strong>,</strong></span> <span class='ocrx_word' id='word_1_287' title='bbox 2242 1626 2515 1687; x_wconf 87' lang='lat' dir='ltr'><strong>acceptam</strong></span> <span class='ocrx_word' id='word_1_288' title='bbox 2541 1618 2610 1673; x_wconf 90' lang='lat' dir='ltr'><strong>ab</strong></span> <span class='ocrx_word' id='word_1_289' title='bbox 2645 1618 2751 1672; x_wconf 90' lang='lat' dir='ltr'><strong>illis</strong></span> <span class='ocrx_word' id='word_1_290' title='bbox 2773 1619 3072 1673; x_wconf 86' lang='lat' dir='ltr'><strong>doctrinam</strong></span> <span class='ocrx_word' id='word_1_291' title='bbox 3092 1658 3107 1682; x_wconf 87' lang='lat'><strong>,</strong></span> <span class='ocrx_word' id='word_1_292' title='bbox 3145 1629 3203 1674; x_wconf 88' lang='lat' dir='ltr'><strong>ut</strong></span> <span class='ocrx_word' id='word_1_293' title='bbox 3235 1636 3434 1675; x_wconf 88' lang='lat' dir='ltr'><strong>memo-</strong></span> 
     </span>
    </p>
   </div>
   <div class='ocr_carea' id='block_1_41' title="bbox 1882 1705 2911 1770">
    <p class='ocr_par' dir='ltr' id='par_1_41' title="bbox 1882 1705 2911 1770">
     <span class='ocr_line' id='line_1_41' title="bbox 1882 1705 2911 1770; baseline 0.006 -13"><span class='ocrx_word' id='word_1_294' title='bbox 1882 1705 1957 1757; x_wconf 89' lang='lat' dir='ltr'><strong>ria</strong></span> <span class='ocrx_word' id='word_1_295' title='bbox 1994 1708 2245 1770; x_wconf 87' lang='lat' dir='ltr'><strong>tenebat,</strong></span> <span class='ocrx_word' id='word_1_296' title='bbox 2278 1709 2361 1763; x_wconf 88' lang='lat' dir='ltr'><strong>his</strong></span> <span class='ocrx_word' id='word_1_297' title='bbox 2400 1709 2454 1763; x_wconf 92' lang='lat' dir='ltr'><strong>in</strong></span> <span class='ocrx_word' id='word_1_298' title='bbox 2486 1710 2640 1763; x_wconf 86' lang='lat' dir='ltr'><strong>libris</strong></span> <span class='ocrx_word' id='word_1_299' title='bbox 2675 1712 2911 1766; x_wconf 85' lang='lat' dir='ltr'><strong>tradidit.</strong></span> 
     </span>
    </p>
   </div>
   <div class='ocr_carea' id='block_1_42' title="bbox 1953 1799 3436 1871">
    <p class='ocr_par' dir='ltr' id='par_1_42' title="bbox 1953 1799 3436 1871">
     <span class='ocr_line' id='line_1_42' title="bbox 1953 1799 3436 1871; baseline 0.006 -19"><span class='ocrx_word' id='word_1_300' title='bbox 1953 1799 2191 1869; x_wconf 77' lang='lat' dir='ltr'><strong>Magistri</strong></span> <span class='ocrx_word' id='word_1_301' title='bbox 2218 1817 2348 1857; x_wconf 85' lang='lat' dir='ltr'><strong>vero</strong></span> <span class='ocrx_word' id='word_1_302' title='bbox 2382 1818 2410 1856; x_wconf 93' lang='lat' dir='ltr'><strong>a</strong></span> <span class='ocrx_word' id='word_1_303' title='bbox 2439 1805 2632 1871; x_wconf 89' lang='lat' dir='ltr'><strong>quibus</strong></span> <span class='ocrx_word' id='word_1_304' title='bbox 2658 1806 2934 1861; x_wconf 87' lang='lat' dir='ltr'><strong>institutus</strong></span> <span class='ocrx_word' id='word_1_305' title='bbox 2963 1806 3291 1861; x_wconf 80' lang='lat' dir='ltr'><strong>Athanasius</strong></span> <span class='ocrx_word' id='word_1_306' title='bbox 3315 1814 3397 1860; x_wconf 87' lang='lat' dir='ltr'><strong>est</strong></span> <span class='ocrx_word' id='word_1_307' title='bbox 3418 1845 3436 1870; x_wconf 87' lang='lat'><strong>,</strong></span> 
     </span>
    </p>
   </div>
   <div class='ocr_carea' id='block_1_43' title="bbox 1881 1893 3437 1966">
    <p class='ocr_par' dir='ltr' id='par_1_43' title="bbox 1881 1893 3437 1966">
     <span class='ocr_line' id='line_1_43' title="bbox 1881 1893 3437 1966; baseline 0.002 -19"><span class='ocrx_word' id='word_1_308' title='bbox 1881 1893 1969 1947; x_wconf 84' lang='lat' dir='ltr'><strong>alii</strong></span> <span class='ocrx_word' id='word_1_309' title='bbox 2007 1904 2063 1945; x_wconf 92' lang='lat' dir='ltr'><strong>ut</strong></span> <span class='ocrx_word' id='word_1_310' title='bbox 2115 1893 2282 1962; x_wconf 83' lang='lat' dir='ltr'><strong>liquet</strong></span> <span class='ocrx_word' id='word_1_311' title='bbox 2319 1897 2385 1949; x_wconf 92' lang='lat' dir='ltr'><strong>ab</strong></span> <span class='ocrx_word' id='word_1_312' title='bbox 2416 1898 2674 1964; x_wconf 85' lang='lat' dir='ltr'><strong>apostolis</strong></span> <span class='ocrx_word' id='word_1_313' title='bbox 2724 1907 2779 1951; x_wconf 90' lang='lat' dir='ltr'><strong>et</strong></span> <span class='ocrx_word' id='word_1_314' title='bbox 2811 1897 3181 1966; x_wconf 78' lang='lat' dir='ltr'><strong>evangelistis,</strong></span> <span class='ocrx_word' id='word_1_315' title='bbox 3228 1897 3263 1951; x_wconf 88' lang='lat' dir='ltr'><strong>ii</strong></span> <span class='ocrx_word' id='word_1_316' title='bbox 3294 1896 3437 1951; x_wconf 87' lang='lat' dir='ltr'><strong>haud</strong></span> 
     </span>
    </p>
   </div>
   <div class='ocr_carea' id='block_1_44' title="bbox 1868 1983 3437 2058">
    <p class='ocr_par' dir='ltr' id='par_1_44' title="bbox 1868 1983 3437 2058">
     <span class='ocr_line' id='line_1_44' title="bbox 1868 1983 3437 2058; baseline 0.001 -19"><span class='ocrx_word' id='word_1_317' title='bbox 1868 1983 2033 2039; x_wconf 82' lang='lat' dir='ltr'><strong>&#39;dubie</strong></span> <span class='ocrx_word' id='word_1_318' title='bbox 2062 1997 2255 2049; x_wconf 89' lang='lat' dir='ltr'><strong>erant,</strong></span> <span class='ocrx_word' id='word_1_319' title='bbox 2287 1987 2374 2055; x_wconf 90' lang='lat' dir='ltr'><strong>qui</strong></span> <span class='ocrx_word' id='word_1_320' title='bbox 2406 1987 2696 2041; x_wconf 79' lang='lat' dir='ltr'><strong>Maximino</strong></span> <span class='ocrx_word' id='word_1_321' title='bbox 2718 1998 2998 2057; x_wconf 77' lang='lat' dir='ltr'><strong>grassante</strong></span> <span class='ocrx_word' id='word_1_322' title='bbox 3023 1990 3279 2058; x_wconf 88' lang='lat' dir='ltr'><strong>martyrio</strong></span> <span class='ocrx_word' id='word_1_323' title='bbox 3312 2004 3437 2057; x_wconf 86' lang='lat' dir='ltr'><strong>per-</strong></span> 
     </span>
    </p>
   </div>
   <div class='ocr_carea' id='block_1_45' title="bbox 1878 2076 3433 2151">
    <p class='ocr_par' dir='ltr' id='par_1_45' title="bbox 1878 2076 3433 2151">
     <span class='ocr_line' id='line_1_45' title="bbox 1878 2076 3433 2151; baseline 0.001 -21"><span class='ocrx_word' id='word_1_324' title='bbox 1878 2076 2046 2131; x_wconf 82' lang='lat' dir='ltr'><strong>functi</strong></span> <span class='ocrx_word' id='word_1_325' title='bbox 2076 2088 2201 2131; x_wconf 90' lang='lat' dir='ltr'><strong>sunt</strong></span> <span class='ocrx_word' id='word_1_326' title='bbox 2236 2079 2473 2146; x_wconf 85' lang='lat' dir='ltr'><strong>:qnibus</strong></span> <span class='ocrx_word' id='word_1_327' title='bbox 2529 2081 2893 2135; x_wconf 86' lang='lat' dir='ltr'><strong>accensendus</strong></span> <span class='ocrx_word' id='word_1_328' title='bbox 2942 2080 3135 2135; x_wconf 91' lang='lat' dir='ltr'><strong>Petrus</strong></span> <span class='ocrx_word' id='word_1_329' title='bbox 3184 2088 3389 2151; x_wconf 82' lang='lat' dir='ltr'><strong>martyr</strong></span> <span class='ocrx_word' id='word_1_330' title='bbox 3417 2121 3433 2145; x_wconf 92' lang='lat'><strong>,</strong></span> 
     </span>
    </p>
   </div>
   <div class='ocr_carea' id='block_1_46' title="bbox 1874 2167 3437 2241">
    <p class='ocr_par' dir='ltr' id='par_1_46' title="bbox 1874 2167 3437 2241">
     <span class='ocr_line' id='line_1_46' title="bbox 1874 2167 3437 2241; baseline 0.001 -20"><span class='ocrx_word' id='word_1_331' title='bbox 1874 2167 2271 2225; x_wconf 82' lang='lat' dir='ltr'><strong>Alexandrinus</strong></span> <span class='ocrx_word' id='word_1_332' title='bbox 2300 2169 2526 2235; x_wconf 64' lang='lat' dir='ltr'><strong>praesul,</strong></span> <span class='ocrx_word' id='word_1_333' title='bbox 2572 2171 2801 2224; x_wconf 79' lang='lat' dir='ltr'><strong>eximius</strong></span> <span class='ocrx_word' id='word_1_334' title='bbox 2830 2171 3149 2241; x_wconf 89' lang='lat' dir='ltr'><strong>divinnsque</strong></span> <span class='ocrx_word' id='word_1_335' title='bbox 3178 2173 3437 2226; x_wconf 66' lang='lat' dir='ltr'><strong>doctrinae</strong></span> 
     </span>
    </p>
   </div>
   <div class='ocr_carea' id='block_1_47' title="bbox 1874 2260 3436 2333">
    <p class='ocr_par' dir='ltr' id='par_1_47' title="bbox 1874 2260 3436 2333">
     <span class='ocr_line' id='line_1_47' title="bbox 1874 2260 3436 2333; baseline 0.001 -20"><span class='ocrx_word' id='word_1_336' title='bbox 1874 2260 2165 2327; x_wconf 78' lang='lat' dir='ltr'><strong>magister,</strong></span> <span class='ocrx_word' id='word_1_337' title='bbox 2223 2260 2366 2314; x_wconf 78' lang='grc' dir='ltr'>Θεῖόν</span> <span class='ocrx_word' id='word_1_338' title='bbox 2398 2278 2448 2315; x_wconf 83' lang='grc' dir='ltr'><strong>τι</strong></span> <span class='ocrx_word' id='word_1_339' title='bbox 2492 2262 2679 2333; x_wconf 79' lang='grc' dir='ltr'>χρῆμα</span> <span class='ocrx_word' id='word_1_340' title='bbox 2709 2262 3095 2331; x_wconf 76' lang='grc' dir='ltr'><strong>διδασκαλίας,</strong></span> <span class='ocrx_word' id='word_1_341' title='bbox 3148 2264 3221 2317; x_wconf 90' lang='lat' dir='ltr'><strong>ait</strong></span> <span class='ocrx_word' id='word_1_342' title='bbox 3270 2260 3436 2315; x_wconf 85' lang='lat' dir='ltr'><strong>Euse-</strong></span> 
     </span>
    </p>
   </div>
   <div class='ocr_carea' id='block_1_48' title="bbox 1873 2349 3435 2421">
    <p class='ocr_par' dir='ltr' id='par_1_48' title="bbox 1873 2349 3435 2421">
     <span class='ocr_line' id='line_1_48' title="bbox 1873 2349 3435 2421; baseline 0.002 -19"><span class='ocrx_word' id='word_1_343' title='bbox 1873 2349 1994 2403; x_wconf 86' lang='lat' dir='ltr'><strong>bius</strong></span> <span class='ocrx_word' id='word_1_344' title='bbox 2024 2351 2121 2418; x_wconf 79' lang='grc' dir='ltr'><strong>(ο),</strong></span> <span class='ocrx_word' id='word_1_345' title='bbox 2159 2365 2223 2405; x_wconf 87' lang='lat' dir='ltr'><strong>ac</strong></span> <span class='ocrx_word' id='word_1_346' title='bbox 2262 2351 2438 2404; x_wconf 88' lang='lat' dir='ltr'><strong>studio</strong></span> <span class='ocrx_word' id='word_1_347' title='bbox 2485 2353 2785 2421; x_wconf 87' lang='lat' dir='ltr'><strong>peritiaque</strong></span> <span class='ocrx_word' id='word_1_348' title='bbox 2830 2368 3103 2408; x_wconf 85' lang='lat' dir='ltr'><strong>sacrarum</strong></span> <span class='ocrx_word' id='word_1_349' title='bbox 3137 2352 3435 2406; x_wconf 89' lang='lat' dir='ltr'><strong>litterarum</strong></span> 
     </span>
    </p>
   </div>
   <div class='ocr_carea' id='block_1_49' title="bbox 1875 2439 3437 2513">
    <p class='ocr_par' dir='ltr' id='par_1_49' title="bbox 1875 2439 3437 2513">
     <span class='ocr_line' id='line_1_49' title="bbox 1875 2439 3437 2513; baseline 0.001 -21"><span class='ocrx_word' id='word_1_350' title='bbox 1875 2439 2122 2510; x_wconf 86' lang='lat' dir='ltr'><strong>insignis.</strong></span> <span class='ocrx_word' id='word_1_351' title='bbox 2167 2442 2235 2495; x_wconf 85' lang='lat' dir='ltr'><strong>Et</strong></span> <span class='ocrx_word' id='word_1_352' title='bbox 2271 2442 2501 2498; x_wconf 84' lang='lat' dir='ltr'><strong>fortasse</strong></span> <span class='ocrx_word' id='word_1_353' title='bbox 2530 2458 2651 2497; x_wconf 90' lang='lat' dir='ltr'><strong>cum</strong></span> <span class='ocrx_word' id='word_1_354' title='bbox 2681 2446 2990 2512; x_wconf 65' lang='lat' dir='ltr'><strong>magistros.</strong></span> <span class='ocrx_word' id='word_1_355' title='bbox 3012 2444 3287 2513; x_wconf 87' lang='lat' dir='ltr'><strong>pluraliter</strong></span> <span class='ocrx_word' id='word_1_356' title='bbox 3325 2458 3437 2496; x_wconf 89' lang='lat' dir='ltr'><strong>me-</strong></span> 
     </span>
    </p>
   </div>
   <div class='ocr_carea' id='block_1_50' title="bbox 1872 2533 3438 2599">
    <p class='ocr_par' dir='ltr' id='par_1_50' title="bbox 1872 2533 3438 2599">
     <span class='ocr_line' id='line_1_50' title="bbox 1872 2533 3438 2599; baseline 0.002 -15"><span class='ocrx_word' id='word_1_357' title='bbox 1872 2542 2047 2585; x_wconf 90' lang='lat' dir='ltr'><strong>moret</strong></span> <span class='ocrx_word' id='word_1_358' title='bbox 2077 2533 2411 2589; x_wconf 82' lang='lat' dir='ltr'><strong>Athanasius</strong></span> <span class='ocrx_word' id='word_1_359' title='bbox 2438 2574 2453 2599; x_wconf 91' lang='lat'><strong>,</strong></span> <span class='ocrx_word' id='word_1_360' title='bbox 2484 2550 2589 2589; x_wconf 89' lang='lat' dir='ltr'><strong>una</strong></span> <span class='ocrx_word' id='word_1_361' title='bbox 2627 2550 2747 2589; x_wconf 92' lang='lat' dir='ltr'><strong>cum</strong></span> <span class='ocrx_word' id='word_1_362' title='bbox 2775 2534 2935 2589; x_wconf 85' lang='lat' dir='ltr'><strong>Petro</strong></span> <span class='ocrx_word' id='word_1_363' title='bbox 2973 2535 3275 2589; x_wconf 82' lang='lat' dir='ltr'><strong>subindicat</strong></span> <span class='ocrx_word' id='word_1_364' title='bbox 3318 2533 3438 2587; x_wconf 85' lang='lat' dir='ltr'><strong>Phi-</strong></span> 
     </span>
    </p>
   </div>
   <div class='ocr_carea' id='block_1_51' title="bbox 1872 2620 3434 2694">
    <p class='ocr_par' dir='ltr' id='par_1_51' title="bbox 1872 2620 3434 2694">
     <span class='ocr_line' id='line_1_51' title="bbox 1872 2620 3434 2694; baseline 0.001 -20"><span class='ocrx_word' id='word_1_365' title='bbox 1872 2620 2009 2676; x_wconf 87' lang='lat' dir='ltr'><strong>leam</strong></span> <span class='ocrx_word' id='word_1_366' title='bbox 2041 2622 2423 2678; x_wconf 86' lang='lat' dir='ltr'><strong>Thmuitanum</strong></span> <span class='ocrx_word' id='word_1_367' title='bbox 2448 2625 2759 2694; x_wconf 88' lang='lat' dir='ltr'><strong>episcopum</strong></span> <span class='ocrx_word' id='word_1_368' title='bbox 2787 2625 3032 2679; x_wconf 85' lang='lat' dir='ltr'><strong>doctrina</strong></span> <span class='ocrx_word' id='word_1_369' title='bbox 3062 2624 3434 2692; x_wconf 86' lang='lat' dir='ltr'><strong>conspicuum,</strong></span> 
     </span>
    </p>
   </div>
   <div class='ocr_carea' id='block_1_52' title="bbox 1872 2716 3435 2784">
    <p class='ocr_par' dir='ltr' id='par_1_52' title="bbox 1872 2716 3435 2784">
     <span class='ocr_line' id='line_1_52' title="bbox 1872 2716 3435 2784; baseline 0.001 -19"><span class='ocrx_word' id='word_1_370' title='bbox 1872 2716 1961 2781; x_wconf 88' lang='lat' dir='ltr'><strong>qui</strong></span> <span class='ocrx_word' id='word_1_371' title='bbox 1994 2717 2195 2784; x_wconf 90' lang='lat' dir='ltr'><strong>scripto</strong></span> <span class='ocrx_word' id='word_1_372' title='bbox 2228 2732 2337 2771; x_wconf 90' lang='lat' dir='ltr'><strong>rem</strong></span> <span class='ocrx_word' id='word_1_373' title='bbox 2385 2717 2751 2773; x_wconf 86' lang='lat' dir='ltr'><strong>Christianam</strong></span> <span class='ocrx_word' id='word_1_374' title='bbox 2793 2725 3188 2782; x_wconf 75' lang='lat' dir='ltr'><strong>exornaverat,</strong></span> <span class='ocrx_word' id='word_1_375' title='bbox 3225 2724 3280 2769; x_wconf 91' lang='lat' dir='ltr'><strong>et</strong></span> <span class='ocrx_word' id='word_1_376' title='bbox 3316 2723 3435 2781; x_wconf 88' lang='lat' dir='ltr'><strong>post</strong></span> 
     </span>
    </p>
   </div>
   <div class='ocr_carea' id='block_1_53' title="bbox 187 2783 3436 2875">
    <p class='ocr_par' dir='ltr' id='par_1_53' title="bbox 187 2783 3436 2875">
     <span class='ocr_line' id='line_1_53' title="bbox 187 2783 3436 2875; baseline 0.009 -44"><span class='ocrx_word' id='word_1_377' title='bbox 187 2783 433 2835; x_wconf 86' lang='lat' dir='ltr'><strong>curatiora</strong></span> <span class='ocrx_word' id='word_1_378' title='bbox 477 2784 778 2847; x_wconf 84' lang='lat' dir='ltr'><strong>dedisset,</strong></span> <span class='ocrx_word' id='word_1_379' title='bbox 814 2786 1170 2855; x_wconf 87' lang='lat' dir='ltr'><strong>omnibusque</strong></span> <span class='ocrx_word' id='word_1_380' title='bbox 1202 2789 1439 2845; x_wconf 85' lang='lat' dir='ltr'><strong>numeris</strong></span> <span class='ocrx_word' id='word_1_381' title='bbox 1464 2789 1768 2846; x_wconf 84' lang='lat' dir='ltr'><strong>absolutam</strong></span> <span class='ocrx_word' id='word_1_382' title='bbox 1822 2788 1831 2855; x_wconf 54' lang='grc' dir='ltr'>ι</span> <span class='ocrx_word' id='word_1_383' title='bbox 1873 2783 2156 2863; x_wconf 47' lang='lat' dir='ltr'><strong>diutum“</strong></span> <span class='ocrx_word' id='word_1_384' title='bbox 2203 2811 2254 2863; x_wconf 76' lang='grc' dir='ltr'><strong>ίη</strong></span> <span class='ocrx_word' id='word_1_385' title='bbox 2291 2826 2510 2864; x_wconf 62' lang='lat' dir='ltr'><strong>carcere</strong></span> <span class='ocrx_word' id='word_1_386' title='bbox 2561 2826 2684 2865; x_wconf 69' lang='lat' dir='ltr'><strong>cum</strong></span> <span class='ocrx_word' id='word_1_387' title='bbox 2744 2812 2902 2865; x_wconf 67' lang='grc' dir='ltr'>Ρειιιο</span> <span class='ocrx_word' id='word_1_388' title='bbox 2956 2825 3165 2875; x_wconf 72' lang='grc' dir='ltr'><strong>ωσι-ης,</strong></span> <span class='ocrx_word' id='word_1_389' title='bbox 3199 2809 3436 2862; x_wconf 75' lang='lat' dir='ltr'><strong>cervices</strong></span> 
     </span>
    </p>
   </div>
   <div class='ocr_carea' id='block_1_54' title="bbox 183 2877 930 2929">
    <p class='ocr_par' dir='ltr' id='par_1_54' title="bbox 183 2877 930 2929">
     <span class='ocr_line' id='line_1_54' title="bbox 183 2877 930 2929; baseline 0.005 -5"><span class='ocrx_word' id='word_1_390' title='bbox 183 2877 531 2929; x_wconf 83' lang='lat' dir='ltr'><strong>narrationem</strong></span> <span class='ocrx_word' id='word_1_391' title='bbox 562 2877 930 2928; x_wconf 86' lang='lat' dir='ltr'><strong>adornasset.</strong></span> 
     </span>
    </p>
   </div>
   <div class='ocr_carea' id='block_1_55' title="bbox 678 2965 1284 3025">
    <p class='ocr_par' dir='ltr' id='par_1_55' title="bbox 678 2965 1284 3025">
     <span class='ocr_line' id='line_1_55' title="bbox 678 2965 1284 3025; baseline 0.01 -6"><span class='ocrx_word' id='word_1_392' title='bbox 678 2965 1207 3024; x_wconf 79' lang='lat' dir='ltr'><strong>ANIMADVERSIO</strong></span> <span class='ocrx_word' id='word_1_393' title='bbox 1245 2969 1284 3025; x_wconf 91' lang='grc' dir='ltr'><strong>Ι.</strong></span> 
     </span>
    </p>
   </div>
   <div class='ocr_carea' id='block_1_56' title="bbox 272 3056 1655 3133">
    <p class='ocr_par' dir='ltr' id='par_1_56' title="bbox 272 3056 1655 3133">
     <span class='ocr_line' id='line_1_56' title="bbox 272 3056 1655 3133; baseline 0.006 -20"><span class='ocrx_word' id='word_1_394' title='bbox 272 3056 411 3114; x_wconf 75' lang='lat' dir='ltr'><strong>Num</strong></span> <span class='ocrx_word' id='word_1_395' title='bbox 441 3061 801 3116; x_wconf 55' lang='lat' dir='ltr'><strong>Athanasius</strong></span> <span class='ocrx_word' id='word_1_396' title='bbox 840 3080 874 3114; x_wconf 81' lang='grc' dir='ltr'><strong>α</strong></span> <span class='ocrx_word' id='word_1_397' title='bbox 907 3066 1222 3133; x_wconf 82' lang='lat' dir='ltr'><strong>martyribus</strong></span> <span class='ocrx_word' id='word_1_398' title='bbox 1266 3066 1535 3119; x_wconf 86' lang='lat' dir='ltr'><strong>institutus</strong></span> <span class='ocrx_word' id='word_1_399' title='bbox 1568 3068 1655 3121; x_wconf 86' lang='lat' dir='ltr'><strong>sit.</strong></span> 
     </span>
    </p>
   </div>
   <div class='ocr_carea' id='block_1_57' title="bbox 1873 2899 3434 2963">
    <p class='ocr_par' dir='ltr' id='par_1_57' title="bbox 1873 2899 3434 2963">
     <span class='ocr_line' id='line_1_57' title="bbox 1873 2899 3434 2963; baseline -0.001 -11"><span class='ocrx_word' id='word_1_400' title='bbox 1873 2899 2116 2954; x_wconf 85' lang='lat' dir='ltr'><strong>dederat.</strong></span> <span class='ocrx_word' id='word_1_401' title='bbox 2151 2900 2312 2955; x_wconf 88' lang='lat' dir='ltr'><strong>Petro</strong></span> <span class='ocrx_word' id='word_1_402' title='bbox 2352 2902 2480 2955; x_wconf 86' lang='lat' dir='ltr'><strong>item</strong></span> <span class='ocrx_word' id='word_1_403' title='bbox 2511 2903 2651 2957; x_wconf 91' lang='lat' dir='ltr'><strong>haud</strong></span> <span class='ocrx_word' id='word_1_404' title='bbox 2674 2902 2837 2958; x_wconf 88' lang='lat' dir='ltr'><strong>dubie</strong></span> <span class='ocrx_word' id='word_1_405' title='bbox 2867 2901 3254 2956; x_wconf 87' lang='lat' dir='ltr'><strong>annumerandi</strong></span> <span class='ocrx_word' id='word_1_406' title='bbox 3288 2908 3434 2963; x_wconf 88' lang='lat' dir='ltr'><strong>sunt,</strong></span> 
     </span>
    </p>
   </div>
   <div class='ocr_carea' id='block_1_58' title="bbox 1869 2990 3435 3067">
    <p class='ocr_par' dir='ltr' id='par_1_58' title="bbox 1869 2990 3435 3067">
     <span class='ocr_line' id='line_1_58' title="bbox 1869 2990 3435 3067; baseline 0.004 -22"><span class='ocrx_word' id='word_1_407' title='bbox 1869 2994 1919 3045; x_wconf 77' lang='lat' dir='ltr'><strong>oi</strong></span> <span class='ocrx_word' id='word_1_408' title='bbox 1947 2993 2042 3047; x_wconf 80' lang='grc' dir='ltr'><strong>σὺν</strong></span> <span class='ocrx_word' id='word_1_409' title='bbox 2087 2993 2233 3064; x_wconf 77' lang='grc' dir='ltr'>αὐτῷ</span> <span class='ocrx_word' id='word_1_410' title='bbox 2272 2994 2631 3067; x_wconf 74' lang='grc' dir='ltr'>πρεσϐύτεροι</span> <span class='ocrx_word' id='word_1_411' title='bbox 2656 3035 2671 3061; x_wconf 83' lang='grc'><em>,</em></span> <span class='ocrx_word' id='word_1_412' title='bbox 2703 2993 3000 3066; x_wconf 76' lang='lat' dir='ltr'><strong>presbyteri</strong></span> <span class='ocrx_word' id='word_1_413' title='bbox 3050 2990 3435 3052; x_wconf 72' lang='lat' dir='ltr'><strong>Alexandrini.</strong></span> 
     </span>
    </p>
   </div>
   <div class='ocr_carea' id='block_1_59' title="bbox 1872 3080 3435 3155">
    <p class='ocr_par' dir='ltr' id='par_1_59' title="bbox 1872 3080 3435 3155">
     <span class='ocr_line' id='line_1_59' title="bbox 1872 3080 3435 3155; baseline -0.001 -19"><span class='ocrx_word' id='word_1_414' title='bbox 1872 3082 2136 3147; x_wconf 85' lang='lat' dir='ltr'><strong>Faustus,</strong></span> <span class='ocrx_word' id='word_1_415' title='bbox 2171 3084 2331 3149; x_wconf 88' lang='lat' dir='ltr'><strong>Dius,</strong></span> <span class='ocrx_word' id='word_1_416' title='bbox 2394 3086 2745 3149; x_wconf 90' lang='lat' dir='ltr'><strong>Ammonius,</strong></span> <span class='ocrx_word' id='word_1_417' title='bbox 2775 3086 2866 3155; x_wconf 90' lang='lat' dir='ltr'><strong>qui</strong></span> <span class='ocrx_word' id='word_1_418' title='bbox 2922 3085 2974 3139; x_wconf 93' lang='lat' dir='ltr'><strong>in</strong></span> <span class='ocrx_word' id='word_1_419' title='bbox 3019 3084 3105 3137; x_wconf 90' lang='lat' dir='ltr'><strong>illa</strong></span> <span class='ocrx_word' id='word_1_420' title='bbox 3163 3080 3435 3134; x_wconf 77' lang='lat' dir='ltr'><strong>Maximini</strong></span> 
     </span>
    </p>
   </div>
   <div class='ocr_carea' id='block_1_60' title="bbox 239 3151 1772 3247">
    <p class='ocr_par' dir='ltr' id='par_1_60' title="bbox 239 3151 1768 3221">
     <span class='ocr_line' id='line_1_60' title="bbox 239 3151 1768 3221; baseline 0.007 -19"><span class='ocrx_word' id='word_1_421' title='bbox 239 3151 281 3202; x_wconf 86' lang='lat' dir='ltr'><strong>A</strong></span> <span class='ocrx_word' id='word_1_422' title='bbox 316 3155 487 3221; x_wconf 84' lang='lat' dir='ltr'><strong>prima</strong></span> <span class='ocrx_word' id='word_1_423' title='bbox 527 3154 844 3207; x_wconf 81' lang='lat' dir='ltr'><strong>Athanasii</strong></span> <span class='ocrx_word' id='word_1_424' title='bbox 888 3153 1245 3209; x_wconf 79' lang='lat' dir='ltr'><strong>adolescentis</strong></span> <span class='ocrx_word' id='word_1_425' title='bbox 1286 3157 1623 3211; x_wconf 77' lang='lat' dir='ltr'><strong>institutione</strong></span> <span class='ocrx_word' id='word_1_426' title='bbox 1677 3160 1768 3213; x_wconf 85' lang='lat' dir='ltr'><strong>ini-</strong></span> 
     </span>
    </p>
   </div>
   <div class='ocr_carea' id='block_1_61' title="bbox 1877 3151 3437 3247">
    <p class='ocr_par' dir='ltr' id='par_1_61' title="bbox 1877 3151 3437 3247">
     <span class='ocr_line' id='line_1_61' title="bbox 1877 3151 3437 3247; baseline -0.004 -16"><span class='ocrx_word' id='word_1_427' title='bbox 1877 3174 2190 3231; x_wconf 83' lang='lat' dir='ltr'><strong>carniﬁcina</strong></span> <span class='ocrx_word' id='word_1_428' title='bbox 2230 3176 2494 3245; x_wconf 81' lang='lat' dir='ltr'><strong>perfuncti</strong></span> <span class='ocrx_word' id='word_1_429' title='bbox 2534 3151 2807 3247; x_wconf 45' lang='grc' dir='ltr'><strong>ιιιειῑιγτίο-</strong></span> <span class='ocrx_word' id='word_1_430' title='bbox 2827 3174 3091 3230; x_wconf 79' lang='lat' dir='ltr'><strong>feruntur.</strong></span> <span class='ocrx_word' id='word_1_431' title='bbox 3134 3173 3201 3226; x_wconf 80' lang='lat' dir='ltr'><strong>Hi</strong></span> <span class='ocrx_word' id='word_1_432' title='bbox 3251 3172 3437 3226; x_wconf 90' lang='lat' dir='ltr'><strong>docto-</strong></span> 
     </span>
    </p>
   </div>
   <div class='ocr_carea' id='block_1_62' title="bbox 182 3243 1767 3320">
    <p class='ocr_par' dir='ltr' id='par_1_62' title="bbox 182 3243 1767 3320">
     <span class='ocr_line' id='line_1_62' title="bbox 182 3243 1767 3320; baseline 0.006 -26"><span class='ocrx_word' id='word_1_433' title='bbox 182 3243 300 3296; x_wconf 90' lang='lat' dir='ltr'><strong>tium</strong></span> <span class='ocrx_word' id='word_1_434' title='bbox 331 3248 707 3313; x_wconf 63' lang='lat' dir='ltr'><strong>quaestionum</strong></span> <span class='ocrx_word' id='word_1_435' title='bbox 748 3247 1047 3309; x_wconf 87' lang='lat' dir='ltr'><strong>ducentes,</strong></span> <span class='ocrx_word' id='word_1_436' title='bbox 1081 3248 1130 3300; x_wconf 92' lang='lat' dir='ltr'><strong>in</strong></span> <span class='ocrx_word' id='word_1_437' title='bbox 1160 3246 1305 3302; x_wconf 84' lang='lat' dir='ltr'><strong>litem</strong></span> <span class='ocrx_word' id='word_1_438' title='bbox 1333 3263 1436 3301; x_wconf 93' lang='lat' dir='ltr'><strong>non</strong></span> <span class='ocrx_word' id='word_1_439' title='bbox 1462 3250 1767 3320; x_wconf 89' lang='lat' dir='ltr'><strong>ambiguam</strong></span> 
     </span>
    </p>
   </div>
   <div class='ocr_carea' id='block_1_63' title="bbox 184 3332 1773 3407">
    <p class='ocr_par' dir='ltr' id='par_1_63' title="bbox 184 3332 1773 3407">
     <span class='ocr_line' id='line_1_63' title="bbox 184 3332 1773 3407; baseline 0.008 -24"><span class='ocrx_word' id='word_1_440' title='bbox 184 3332 576 3389; x_wconf 84' lang='lat' dir='ltr'><strong>descendimus.</strong></span> <span class='ocrx_word' id='word_1_441' title='bbox 621 3337 703 3389; x_wconf 81' lang='lat' dir='ltr'><strong>Ex</strong></span> <span class='ocrx_word' id='word_1_442' title='bbox 738 3336 1032 3404; x_wconf 83' lang='lat' dir='ltr'><strong>perspicuo</strong></span> <span class='ocrx_word' id='word_1_443' title='bbox 1069 3354 1296 3407; x_wconf 88' lang='lat' dir='ltr'><strong>namque</strong></span> <span class='ocrx_word' id='word_1_444' title='bbox 1339 3338 1398 3393; x_wconf 91' lang='lat' dir='ltr'><strong>S.</strong></span> <span class='ocrx_word' id='word_1_445' title='bbox 1438 3338 1587 3398; x_wconf 91' lang='lat' dir='ltr'><strong>Doct.</strong></span> <span class='ocrx_word' id='word_1_446' title='bbox 1622 3344 1773 3397; x_wconf 82' lang='lat' dir='ltr'><strong>testi-</strong></span> 
     </span>
    </p>
   </div>
   <div class='ocr_carea' id='block_1_64' title="bbox 190 3426 1773 3503">
    <p class='ocr_par' dir='ltr' id='par_1_64' title="bbox 190 3426 1773 3503">
     <span class='ocr_line' id='line_1_64' title="bbox 190 3426 1773 3503; baseline 0.011 -30"><span class='ocrx_word' id='word_1_447' title='bbox 190 3426 386 3490; x_wconf 88' lang='lat' dir='ltr'><strong>monio,</strong></span> <span class='ocrx_word' id='word_1_448' title='bbox 420 3430 605 3495; x_wconf 86' lang='lat' dir='ltr'><strong>ipsum</strong></span> <span class='ocrx_word' id='word_1_449' title='bbox 673 3429 823 3496; x_wconf 87' lang='lat' dir='ltr'><strong>apud</strong></span> <span class='ocrx_word' id='word_1_450' title='bbox 884 3440 1148 3498; x_wconf 87' lang='lat' dir='ltr'><strong>martyres</strong></span> <span class='ocrx_word' id='word_1_451' title='bbox 1178 3429 1501 3486; x_wconf 74' lang='lat' dir='ltr'><strong>Christiana:</strong></span> <span class='ocrx_word' id='word_1_452' title='bbox 1532 3434 1773 3503; x_wconf 82' lang='lat' dir='ltr'><strong>discipli-</strong></span> 
     </span>
    </p>
   </div>
   <div class='ocr_carea' id='block_1_65' title="bbox 193 3519 1774 3593">
    <p class='ocr_par' dir='ltr' id='par_1_65' title="bbox 193 3519 1774 3593">
     <span class='ocr_line' id='line_1_65' title="bbox 193 3519 1774 3593; baseline 0.01 -28"><span class='ocrx_word' id='word_1_453' title='bbox 193 3528 264 3566; x_wconf 82' lang='lat' dir='ltr'><strong>nze</strong></span> <span class='ocrx_word' id='word_1_454' title='bbox 291 3519 548 3585; x_wconf 85' lang='lat' dir='ltr'><strong>tyrocinia</strong></span> <span class='ocrx_word' id='word_1_455' title='bbox 588 3522 857 3585; x_wconf 70' lang='lat' dir='ltr'><strong>posuisse</strong></span> <span class='ocrx_word' id='word_1_456' title='bbox 892 3520 1122 3574; x_wconf 81' lang='lat' dir='ltr'><strong>diximus</strong></span> <span class='ocrx_word' id='word_1_457' title='bbox 1151 3536 1166 3573; x_wconf 88' lang='lat'><strong>:</strong></span> <span class='ocrx_word' id='word_1_458' title='bbox 1201 3533 1363 3591; x_wconf 88' lang='lat' dir='ltr'><strong>atque</strong></span> <span class='ocrx_word' id='word_1_459' title='bbox 1408 3532 1467 3577; x_wconf 90' lang='lat' dir='ltr'><strong>ut</strong></span> <span class='ocrx_word' id='word_1_460' title='bbox 1509 3540 1665 3593; x_wconf 84' lang='lat' dir='ltr'><strong>spero</strong></span> <span class='ocrx_word' id='word_1_461' title='bbox 1694 3529 1774 3582; x_wconf 90' lang='lat' dir='ltr'><strong>sic</strong></span> 
     </span>
    </p>
   </div>
   <div class='ocr_carea' id='block_1_66' title="bbox 194 3608 1773 3688">
    <p class='ocr_par' dir='ltr' id='par_1_66' title="bbox 194 3608 1773 3688">
     <span class='ocr_line' id='line_1_66' title="bbox 194 3608 1773 3688; baseline 0.009 -31"><span class='ocrx_word' id='word_1_462' title='bbox 194 3608 343 3660; x_wconf 73' lang='lat' dir='ltr'><strong>stabit</strong></span> <span class='ocrx_word' id='word_1_463' title='bbox 371 3610 672 3661; x_wconf 85' lang='lat' dir='ltr'><strong>sententia.</strong></span> <span class='ocrx_word' id='word_1_464' title='bbox 704 3610 1088 3665; x_wconf 88' lang='lat' dir='ltr'><strong>Tillemontius</strong></span> <span class='ocrx_word' id='word_1_465' title='bbox 1121 3623 1308 3667; x_wconf 89' lang='lat' dir='ltr'><strong>contra</strong></span> <span class='ocrx_word' id='word_1_466' title='bbox 1345 3616 1450 3685; x_wconf 90' lang='lat' dir='ltr'><strong>(a),</strong></span> <span class='ocrx_word' id='word_1_467' title='bbox 1507 3628 1773 3688; x_wconf 86' lang='lat' dir='ltr'><strong>martyres</strong></span> 
     </span>
    </p>
   </div>
   <div class='ocr_carea' id='block_1_67' title="bbox 196 3698 1772 3775">
    <p class='ocr_par' dir='ltr' id='par_1_67' title="bbox 196 3698 1772 3775">
     <span class='ocr_line' id='line_1_67' title="bbox 196 3698 1772 3775; baseline 0.011 -29"><span class='ocrx_word' id='word_1_468' title='bbox 196 3698 254 3748; x_wconf 84' lang='lat' dir='ltr'><strong>ab</strong></span> <span class='ocrx_word' id='word_1_469' title='bbox 277 3698 575 3754; x_wconf 82' lang='lat' dir='ltr'><strong>Athanasio</strong></span> <span class='ocrx_word' id='word_1_470' title='bbox 608 3712 987 3766; x_wconf 89' lang='lat' dir='ltr'><strong>memoratos,</strong></span> <span class='ocrx_word' id='word_1_471' title='bbox 1025 3720 1168 3772; x_wconf 82' lang='lat' dir='ltr'><strong>ipsos</strong></span> <span class='ocrx_word' id='word_1_472' title='bbox 1213 3721 1331 3760; x_wconf 89' lang='lat' dir='ltr'><strong>esse</strong></span> <span class='ocrx_word' id='word_1_473' title='bbox 1385 3709 1658 3775; x_wconf 82' lang='lat' dir='ltr'><strong>apostolus</strong></span> <span class='ocrx_word' id='word_1_474' title='bbox 1686 3726 1772 3762; x_wconf 87' lang='lat' dir='ltr'><strong>ar-</strong></span> 
     </span>
    </p>
   </div>
   <div class='ocr_carea' id='block_1_68' title="bbox 197 3787 1772 3859">
    <p class='ocr_par' dir='ltr' id='par_1_68' title="bbox 197 3787 1772 3859">
     <span class='ocr_line' id='line_1_68' title="bbox 197 3787 1772 3859; baseline 0.01 -21"><span class='ocrx_word' id='word_1_475' title='bbox 197 3787 443 3854; x_wconf 86' lang='lat' dir='ltr'><strong>bitratur,</strong></span> <span class='ocrx_word' id='word_1_476' title='bbox 480 3793 536 3845; x_wconf 90' lang='lat' dir='ltr'><strong>in</strong></span> <span class='ocrx_word' id='word_1_477' title='bbox 596 3808 839 3859; x_wconf 86' lang='lat' dir='ltr'><strong>quorum</strong></span> <span class='ocrx_word' id='word_1_478' title='bbox 887 3793 1037 3848; x_wconf 90' lang='lat' dir='ltr'><strong>libris</strong></span> <span class='ocrx_word' id='word_1_479' title='bbox 1087 3796 1399 3852; x_wconf 88' lang='lat' dir='ltr'><strong>adolescens</strong></span> <span class='ocrx_word' id='word_1_480' title='bbox 1442 3800 1772 3855; x_wconf 86' lang='lat' dir='ltr'><strong>Athanasius</strong></span> 
     </span>
    </p>
   </div>
   <div class='ocr_carea' id='block_1_69' title="bbox 196 3878 1773 3959">
    <p class='ocr_par' dir='ltr' id='par_1_69' title="bbox 196 3878 1773 3959">
     <span class='ocr_line' id='line_1_69' title="bbox 196 3878 1773 3959; baseline 0.007 -24"><span class='ocrx_word' id='word_1_481' title='bbox 196 3878 379 3935; x_wconf 85' lang='lat' dir='ltr'><strong>Christi</strong></span> <span class='ocrx_word' id='word_1_482' title='bbox 408 3883 721 3937; x_wconf 87' lang='lat' dir='ltr'><strong>doctrinam</strong></span> <span class='ocrx_word' id='word_1_483' title='bbox 758 3885 1005 3939; x_wconf 89' lang='lat' dir='ltr'><strong>hauserit</strong></span> <span class='ocrx_word' id='word_1_484' title='bbox 1034 3905 1045 3939; x_wconf 91' lang='lat'>:</span> <span class='ocrx_word' id='word_1_485' title='bbox 1084 3889 1244 3942; x_wconf 87' lang='lat' dir='ltr'><strong>hosce</strong></span> <span class='ocrx_word' id='word_1_486' title='bbox 1271 3890 1555 3959; x_wconf 80' lang='lat' dir='ltr'><strong>magistros</strong></span> <span class='ocrx_word' id='word_1_487' title='bbox 1589 3901 1640 3945; x_wconf 91' lang='lat' dir='ltr'><strong>et</strong></span> <span class='ocrx_word' id='word_1_488' title='bbox 1680 3896 1773 3945; x_wconf 90' lang='lat' dir='ltr'><strong>do-</strong></span> 
     </span>
    </p>
   </div>
   <div class='ocr_carea' id='block_1_70' title="bbox 196 3978 1770 4053">
    <p class='ocr_par' dir='ltr' id='par_1_70' title="bbox 196 3978 1770 4053">
     <span class='ocr_line' id='line_1_70' title="bbox 196 3978 1770 4053; baseline 0.006 -26"><span class='ocrx_word' id='word_1_489' title='bbox 196 3984 360 4030; x_wconf 84' lang='lat' dir='ltr'><strong>ctores</strong></span> <span class='ocrx_word' id='word_1_490' title='bbox 394 3978 657 4033; x_wconf 88' lang='lat' dir='ltr'><strong>habuisse</strong></span> <span class='ocrx_word' id='word_1_491' title='bbox 698 3987 893 4046; x_wconf 89' lang='lat' dir='ltr'><strong>putat;</strong></span> <span class='ocrx_word' id='word_1_492' title='bbox 945 3994 1047 4031; x_wconf 92' lang='lat' dir='ltr'><strong>non</strong></span> <span class='ocrx_word' id='word_1_493' title='bbox 1072 3988 1248 4034; x_wconf 89' lang='lat' dir='ltr'><strong>autem</strong></span> <span class='ocrx_word' id='word_1_494' title='bbox 1301 3992 1564 4053; x_wconf 88' lang='lat' dir='ltr'><strong>martyres</strong></span> <span class='ocrx_word' id='word_1_495' title='bbox 1593 3984 1680 4051; x_wconf 89' lang='lat' dir='ltr'><strong>qui</strong></span> <span class='ocrx_word' id='word_1_496' title='bbox 1717 3984 1770 4037; x_wconf 93' lang='lat' dir='ltr'><strong>in</strong></span> 
     </span>
    </p>
   </div>
   <div class='ocr_carea' id='block_1_71' title="bbox 198 4064 1768 4140">
    <p class='ocr_par' dir='ltr' id='par_1_71' title="bbox 198 4064 1768 4140">
     <span class='ocr_line' id='line_1_71' title="bbox 198 4064 1768 4140; baseline 0.008 -23"><span class='ocrx_word' id='word_1_497' title='bbox 198 4064 457 4123; x_wconf 72' lang='lat' dir='ltr'><strong>Maximini</strong></span> <span class='ocrx_word' id='word_1_498' title='bbox 484 4070 812 4124; x_wconf 87' lang='lat' dir='ltr'><strong>carniﬁcina</strong></span> <span class='ocrx_word' id='word_1_499' title='bbox 847 4070 1087 4124; x_wconf 87' lang='lat' dir='ltr'><strong>cervices</strong></span> <span class='ocrx_word' id='word_1_500' title='bbox 1119 4088 1216 4140; x_wconf 90' lang='lat' dir='ltr'><strong>pro</strong></span> <span class='ocrx_word' id='word_1_501' title='bbox 1247 4073 1465 4129; x_wconf 88' lang='lat' dir='ltr'><strong>Christo</strong></span> <span class='ocrx_word' id='word_1_502' title='bbox 1486 4074 1768 4130; x_wconf 88' lang='lat' dir='ltr'><strong>dederunt.</strong></span> 
     </span>
    </p>
   </div>
   <div class='ocr_carea' id='block_1_72' title="bbox 198 4155 1769 4237">
    <p class='ocr_par' dir='ltr' id='par_1_72' title="bbox 198 4155 1769 4237">
     <span class='ocr_line' id='line_1_72' title="bbox 198 4155 1769 4237; baseline 0.008 -30"><span class='ocrx_word' id='word_1_503' title='bbox 198 4155 267 4210; x_wconf 79' lang='lat' dir='ltr'><strong>Ex</strong></span> <span class='ocrx_word' id='word_1_504' title='bbox 300 4175 401 4212; x_wconf 93' lang='lat' dir='ltr'><strong>uno</strong></span> <span class='ocrx_word' id='word_1_505' title='bbox 416 4161 702 4213; x_wconf 88' lang='lat' dir='ltr'><strong>Athanasii</strong></span> <span class='ocrx_word' id='word_1_506' title='bbox 734 4159 859 4212; x_wconf 90' lang='lat' dir='ltr'><strong>loco</strong></span> <span class='ocrx_word' id='word_1_507' title='bbox 878 4169 984 4213; x_wconf 89' lang='lat' dir='ltr'><strong>tota</strong></span> <span class='ocrx_word' id='word_1_508' title='bbox 1018 4177 1101 4215; x_wconf 90' lang='lat' dir='ltr'><strong>res</strong></span> <span class='ocrx_word' id='word_1_509' title='bbox 1127 4165 1470 4237; x_wconf 86' lang='lat' dir='ltr'><strong>penditur(b)</strong></span> <span class='ocrx_word' id='word_1_510' title='bbox 1498 4184 1511 4219; x_wconf 90' lang='lat'><strong>:</strong></span> <span class='ocrx_word' id='word_1_511' title='bbox 1536 4167 1769 4222; x_wconf 82' lang='grc' dir='ltr'>Ἐκείναι</span> 
     </span>
    </p>
   </div>
   <div class='ocr_carea' id='block_1_73' title="bbox 200 4249 1769 4331">
    <p class='ocr_par' dir='ltr' id='par_1_73' title="bbox 200 4249 1769 4331">
     <span class='ocr_line' id='line_1_73' title="bbox 200 4249 1769 4331; baseline 0.007 -30"><span class='ocrx_word' id='word_1_512' title='bbox 200 4251 288 4317; x_wconf 65' lang='grc' dir='ltr'>μὲν</span> <span class='ocrx_word' id='word_1_513' title='bbox 320 4252 448 4322; x_wconf 80' lang='grc' dir='ltr'><strong>γάρ.</strong></span> <span class='ocrx_word' id='word_1_514' title='bbox 499 4252 582 4305; x_wconf 86' lang='lat' dir='ltr'><strong>sic</strong></span> <span class='ocrx_word' id='word_1_515' title='bbox 612 4252 704 4304; x_wconf 88' lang='lat' dir='ltr'><strong>ille</strong></span> <span class='ocrx_word' id='word_1_516' title='bbox 725 4291 740 4314; x_wconf 89' lang='lat'><strong>,</strong></span> <span class='ocrx_word' id='word_1_517' title='bbox 778 4249 872 4303; x_wconf 88' lang='grc' dir='ltr'><strong>διὰ</strong></span> <span class='ocrx_word' id='word_1_518' title='bbox 901 4251 1163 4320; x_wconf 80' lang='grc' dir='ltr'>θεολόγων</span> <span class='ocrx_word' id='word_1_519' title='bbox 1195 4254 1401 4325; x_wconf 82' lang='grc' dir='ltr'>ἀνδρῶν</span> <span class='ocrx_word' id='word_1_520' title='bbox 1439 4256 1589 4331; x_wconf 80' lang='grc' dir='ltr'>παρὰ</span> <span class='ocrx_word' id='word_1_521' title='bbox 1634 4259 1769 4312; x_wconf 73' lang='grc' dir='ltr'>θεοῦ</span> 
     </span>
    </p>
   </div>
   <div class='ocr_carea' id='block_1_74' title="bbox 196 4340 1771 4417">
    <p class='ocr_par' dir='ltr' id='par_1_74' title="bbox 196 4340 1771 4417">
     <span class='ocr_line' id='line_1_74' title="bbox 196 4340 1771 4417; baseline 0.006 -25"><span class='ocrx_word' id='word_1_522' title='bbox 196 4340 527 4413; x_wconf 75' lang='grc' dir='ltr'>ὲλαλήθησαν</span> <span class='ocrx_word' id='word_1_523' title='bbox 564 4344 659 4395; x_wconf 69' lang='grc' dir='ltr'><strong>καὶ</strong></span> <span class='ocrx_word' id='word_1_524' title='bbox 705 4344 1026 4413; x_wconf 70' lang='grc' dir='ltr'>ἐγράφησαν</span> <span class='ocrx_word' id='word_1_525' title='bbox 1045 4384 1060 4408; x_wconf 87' lang='grc'><em>,</em></span> <span class='ocrx_word' id='word_1_526' title='bbox 1091 4348 1251 4415; x_wconf 80' lang='grc' dir='ltr'>ἡμεῖς</span> <span class='ocrx_word' id='word_1_527' title='bbox 1284 4347 1339 4399; x_wconf 80' lang='grc' dir='ltr'><strong>δὲ</strong></span> <span class='ocrx_word' id='word_1_528' title='bbox 1372 4349 1519 4417; x_wconf 84' lang='grc' dir='ltr'>παρὰ</span> <span class='ocrx_word' id='word_1_529' title='bbox 1542 4349 1647 4404; x_wconf 81' lang='grc' dir='ltr'>τῶν</span> <span class='ocrx_word' id='word_1_530' title='bbox 1676 4350 1771 4402; x_wconf 83' lang='grc' dir='ltr'>αὐ-</span> 
     </span>
    </p>
   </div>
   <div class='ocr_carea' id='block_1_75' title="bbox 196 4434 1770 4506">
    <p class='ocr_par' dir='ltr' id='par_1_75' title="bbox 196 4434 1770 4506">
     <span class='ocr_line' id='line_1_75' title="bbox 196 4434 1770 4506; baseline 0.008 -24"><span class='ocrx_word' id='word_1_531' title='bbox 196 4435 303 4496; x_wconf 72' lang='grc' dir='ltr'><strong>τοῖς</strong></span> <span class='ocrx_word' id='word_1_532' title='bbox 370 4435 817 4505; x_wconf 74' lang='grc' dir='ltr'><strong>ἐντυγχανόντων</strong></span> <span class='ocrx_word' id='word_1_533' title='bbox 869 4434 1235 4491; x_wconf 76' lang='grc' dir='ltr'>θεοπνεύστων</span> <span class='ocrx_word' id='word_1_534' title='bbox 1296 4439 1655 4506; x_wconf 82' lang='grc' dir='ltr'><strong>διδασκάλων,</strong></span> <span class='ocrx_word' id='word_1_535' title='bbox 1719 4442 1770 4494; x_wconf 79' lang='grc' dir='ltr'>οἳ</span> 
     </span>
    </p>
   </div>
   <div class='ocr_carea' id='block_1_76' title="bbox 1875 3266 2636 3334">
    <p class='ocr_par' dir='ltr' id='par_1_76' title="bbox 1875 3266 2636 3334">
     <span class='ocr_line' id='line_1_76' title="bbox 1875 3266 2636 3334; baseline -0.004 -13"><span class='ocrx_word' id='word_1_536' title='bbox 1875 3281 1962 3321; x_wconf 89' lang='lat' dir='ltr'><strong>res</strong></span> <span class='ocrx_word' id='word_1_537' title='bbox 1984 3276 2035 3321; x_wconf 89' lang='lat' dir='ltr'><strong>et</strong></span> <span class='ocrx_word' id='word_1_538' title='bbox 2066 3267 2303 3334; x_wconf 75' lang='lat' dir='ltr'><strong>magistri</strong></span> <span class='ocrx_word' id='word_1_539' title='bbox 2337 3266 2636 3321; x_wconf 87' lang='lat' dir='ltr'><strong>Athanasii.</strong></span> 
     </span>
    </p>
   </div>
   <div class='ocr_carea' id='block_1_77' title="bbox 1942 3354 3436 3428">
    <p class='ocr_par' dir='ltr' id='par_1_77' title="bbox 1942 3354 3436 3428">
     <span class='ocr_line' id='line_1_77' title="bbox 1942 3354 3436 3428; baseline -0.001 -17"><span class='ocrx_word' id='word_1_540' title='bbox 1942 3358 2018 3411; x_wconf 80' lang='lat' dir='ltr'><strong>Bx</strong></span> <span class='ocrx_word' id='word_1_541' title='bbox 2049 3358 2209 3413; x_wconf 88' lang='lat' dir='ltr'><strong>dictis</strong></span> <span class='ocrx_word' id='word_1_542' title='bbox 2238 3374 2398 3428; x_wconf 92' lang='lat' dir='ltr'><strong>porro</strong></span> <span class='ocrx_word' id='word_1_543' title='bbox 2449 3359 2619 3426; x_wconf 88' lang='lat' dir='ltr'><strong>liquet</strong></span> <span class='ocrx_word' id='word_1_544' title='bbox 2673 3358 2850 3412; x_wconf 80' lang='lat' dir='ltr'><strong>Ruﬁni</strong></span> <span class='ocrx_word' id='word_1_545' title='bbox 2904 3357 3188 3412; x_wconf 88' lang='lat' dir='ltr'><strong>historiam</strong></span> <span class='ocrx_word' id='word_1_546' title='bbox 3247 3354 3327 3423; x_wconf 77' lang='grc' dir='ltr'><strong>(ά)</strong></span> <span class='ocrx_word' id='word_1_547' title='bbox 3370 3354 3436 3409; x_wconf 88' lang='lat' dir='ltr'><strong>de</strong></span> 
     </span>
    </p>
   </div>
   <div class='ocr_carea' id='block_1_78' title="bbox 1871 3445 3436 3519">
    <p class='ocr_par' dir='ltr' id='par_1_78' title="bbox 1871 3445 3436 3519">
     <span class='ocr_line' id='line_1_78' title="bbox 1871 3445 3436 3519; baseline -0.003 -17"><span class='ocrx_word' id='word_1_548' title='bbox 1871 3449 2066 3518; x_wconf 88' lang='lat' dir='ltr'><strong>puerili</strong></span> <span class='ocrx_word' id='word_1_549' title='bbox 2108 3449 2223 3502; x_wconf 91' lang='lat' dir='ltr'><strong>lusu</strong></span> <span class='ocrx_word' id='word_1_550' title='bbox 2249 3490 2264 3513; x_wconf 92' lang='lat'><strong>,</strong></span> <span class='ocrx_word' id='word_1_551' title='bbox 2303 3465 2411 3519; x_wconf 89' lang='lat' dir='ltr'><strong>quo</strong></span> <span class='ocrx_word' id='word_1_552' title='bbox 2434 3450 2759 3505; x_wconf 84' lang='lat' dir='ltr'><strong>Athanasius</strong></span> <span class='ocrx_word' id='word_1_553' title='bbox 2792 3464 2922 3518; x_wconf 90' lang='lat' dir='ltr'><strong>puer</strong></span> <span class='ocrx_word' id='word_1_554' title='bbox 2953 3449 3100 3518; x_wconf 85' lang='lat' dir='ltr'><strong>paris</strong></span> <span class='ocrx_word' id='word_1_555' title='bbox 3142 3446 3317 3501; x_wconf 70' lang='lat' dir='ltr'><strong>relatis</strong></span> <span class='ocrx_word' id='word_1_556' title='bbox 3354 3445 3436 3498; x_wconf 87' lang='lat' dir='ltr'><strong>in-</strong></span> 
     </span>
    </p>
   </div>
   <div class='ocr_carea' id='block_1_79' title="bbox 1873 3540 3436 3608">
    <p class='ocr_par' dir='ltr' id='par_1_79' title="bbox 1873 3540 3436 3608">
     <span class='ocr_line' id='line_1_79' title="bbox 1873 3540 3436 3608; baseline -0.005 -14"><span class='ocrx_word' id='word_1_557' title='bbox 1873 3541 2050 3595; x_wconf 78' lang='lat' dir='ltr'><strong>fantes</strong></span> <span class='ocrx_word' id='word_1_558' title='bbox 2092 3541 2159 3596; x_wconf 89' lang='lat' dir='ltr'><strong>ad</strong></span> <span class='ocrx_word' id='word_1_559' title='bbox 2213 3557 2362 3595; x_wconf 89' lang='lat' dir='ltr'><strong>oram</strong></span> <span class='ocrx_word' id='word_1_560' title='bbox 2396 3542 2593 3603; x_wconf 88' lang='lat' dir='ltr'><strong>maris,</strong></span> <span class='ocrx_word' id='word_1_561' title='bbox 2649 3540 2958 3595; x_wconf 80' lang='lat' dir='ltr'><strong>Alexandro</strong></span> <span class='ocrx_word' id='word_1_562' title='bbox 3008 3540 3260 3608; x_wconf 81' lang='lat' dir='ltr'><strong>episcOpo</strong></span> <span class='ocrx_word' id='word_1_563' title='bbox 3315 3550 3436 3603; x_wconf 83' lang='lat' dir='ltr'><strong>spe-</strong></span> 
     </span>
    </p>
   </div>
   <div class='ocr_carea' id='block_1_80' title="bbox 1874 3626 3433 3701">
    <p class='ocr_par' dir='ltr' id='par_1_80' title="bbox 1874 3626 3433 3701">
     <span class='ocr_line' id='line_1_80' title="bbox 1874 3626 3433 3701; baseline -0.004 -15"><span class='ocrx_word' id='word_1_564' title='bbox 1874 3633 2444 3701; x_wconf 81' lang='lat' dir='ltr'><strong>ctante,baptizavit,</strong></span> <span class='ocrx_word' id='word_1_565' title='bbox 2488 3648 2592 3687; x_wconf 92' lang='lat' dir='ltr'><strong>non</strong></span> <span class='ocrx_word' id='word_1_566' title='bbox 2644 3647 2801 3701; x_wconf 88' lang='lat' dir='ltr'><strong>posse</strong></span> <span class='ocrx_word' id='word_1_567' title='bbox 2853 3646 2975 3686; x_wconf 89' lang='lat' dir='ltr'><strong>curn</strong></span> <span class='ocrx_word' id='word_1_568' title='bbox 3027 3645 3151 3684; x_wconf 89' lang='lat' dir='ltr'><strong>vera</strong></span> <span class='ocrx_word' id='word_1_569' title='bbox 3211 3626 3433 3695; x_wconf 87' lang='lat' dir='ltr'><strong>putandi</strong></span> 
     </span>
    </p>
   </div>
   <div class='ocr_carea' id='block_1_81' title="bbox 1874 3721 3432 3788">
    <p class='ocr_par' dir='ltr' id='par_1_81' title="bbox 1874 3721 3432 3788">
     <span class='ocr_line' id='line_1_81' title="bbox 1874 3721 3432 3788; baseline -0.004 -13"><span class='ocrx_word' id='word_1_570' title='bbox 1874 3724 2090 3779; x_wconf 91' lang='lat' dir='ltr'><strong>ratione</strong></span> <span class='ocrx_word' id='word_1_571' title='bbox 2127 3726 2451 3779; x_wconf 86' lang='lat' dir='ltr'><strong>consistere.</strong></span> <span class='ocrx_word' id='word_1_572' title='bbox 2483 3724 2617 3779; x_wconf 86' lang='lat' dir='ltr'><strong>Nam</strong></span> <span class='ocrx_word' id='word_1_573' title='bbox 2650 3738 2770 3777; x_wconf 90' lang='lat' dir='ltr'><strong>cum</strong></span> <span class='ocrx_word' id='word_1_574' title='bbox 2829 3721 3023 3777; x_wconf 85' lang='lat' dir='ltr'><strong>Petrus</strong></span> <span class='ocrx_word' id='word_1_575' title='bbox 3062 3729 3304 3788; x_wconf 88' lang='lat' dir='ltr'><strong>martyr,</strong></span> <span class='ocrx_word' id='word_1_576' title='bbox 3342 3730 3432 3768; x_wconf 87' lang='lat' dir='ltr'><strong>an.</strong></span> 
     </span>
    </p>
   </div>
   <div class='ocr_carea' id='block_1_82' title="bbox 1877 3806 3435 3885">
    <p class='ocr_par' dir='ltr' id='par_1_82' title="bbox 1877 3806 3435 3885">
     <span class='ocr_line' id='line_1_82' title="bbox 1877 3806 3435 3885; baseline -0.004 -18"><span class='ocrx_word' id='word_1_577' title='bbox 1877 3814 2003 3879; x_wconf 77' lang='lat' dir='ltr'><strong>5H,</strong></span> <span class='ocrx_word' id='word_1_578' title='bbox 2035 3824 2320 3885; x_wconf 89' lang='lat' dir='ltr'><strong>postquam</strong></span> <span class='ocrx_word' id='word_1_579' title='bbox 2353 3831 2549 3869; x_wconf 91' lang='lat' dir='ltr'><strong>annum</strong></span> <span class='ocrx_word' id='word_1_580' title='bbox 2581 3825 2762 3885; x_wconf 86' lang='lat' dir='ltr'><strong>egerat</strong></span> <span class='ocrx_word' id='word_1_581' title='bbox 2789 3816 2841 3867; x_wconf 91' lang='lat' dir='ltr'><strong>in</strong></span> <span class='ocrx_word' id='word_1_582' title='bbox 2889 3824 3109 3865; x_wconf 89' lang='lat' dir='ltr'><strong>carcere</strong></span> <span class='ocrx_word' id='word_1_583' title='bbox 3152 3824 3249 3879; x_wconf 88' lang='lat' dir='ltr'><strong>pro</strong></span> <span class='ocrx_word' id='word_1_584' title='bbox 3278 3806 3435 3861; x_wconf 88' lang='lat' dir='ltr'><strong>Chri-</strong></span> 
     </span>
    </p>
   </div>
   <div class='ocr_carea' id='block_1_83' title="bbox 1879 3897 3437 3972">
    <p class='ocr_par' dir='ltr' id='par_1_83' title="bbox 1879 3897 3437 3972">
     <span class='ocr_line' id='line_1_83' title="bbox 1879 3897 3437 3972; baseline -0.006 -14"><span class='ocrx_word' id='word_1_585' title='bbox 1879 3915 1963 3958; x_wconf 90' lang='lat' dir='ltr'><strong>sto</strong></span> <span class='ocrx_word' id='word_1_586' title='bbox 1995 3916 2221 3961; x_wconf 90' lang='lat' dir='ltr'><strong>necatus</strong></span> <span class='ocrx_word' id='word_1_587' title='bbox 2256 3907 2359 3970; x_wconf 90' lang='lat' dir='ltr'><strong>sit,</strong></span> <span class='ocrx_word' id='word_1_588' title='bbox 2392 3906 2750 3967; x_wconf 86' lang='lat' dir='ltr'><strong>Athanasius,</strong></span> <span class='ocrx_word' id='word_1_589' title='bbox 2801 3903 2889 3972; x_wconf 89' lang='lat' dir='ltr'><strong>qui</strong></span> <span class='ocrx_word' id='word_1_590' title='bbox 2943 3915 3082 3956; x_wconf 89' lang='lat' dir='ltr'><strong>anno</strong></span> <span class='ocrx_word' id='word_1_591' title='bbox 3120 3909 3177 3952; x_wconf 89' lang='lat' dir='ltr'><strong>nt</strong></span> <span class='ocrx_word' id='word_1_592' title='bbox 3233 3897 3437 3957; x_wconf 85' lang='lat' dir='ltr'><strong>tardius</strong></span> 
     </span>
    </p>
   </div>
   <div class='ocr_carea' id='block_1_84' title="bbox 1878 3989 3437 4065">
    <p class='ocr_par' dir='ltr' id='par_1_84' title="bbox 1878 3989 3437 4065">
     <span class='ocr_line' id='line_1_84' title="bbox 1878 3989 3437 4065; baseline -0.006 -14"><span class='ocrx_word' id='word_1_593' title='bbox 1878 3997 2003 4062; x_wconf 72' lang='lat'><strong>510,</strong></span> <span class='ocrx_word' id='word_1_594' title='bbox 2036 3996 2136 4051; x_wconf 91' lang='lat' dir='ltr'><strong>sub</strong></span> <span class='ocrx_word' id='word_1_595' title='bbox 2170 3996 2284 4065; x_wconf 87' lang='lat' dir='ltr'><strong>ejus</strong></span> <span class='ocrx_word' id='word_1_596' title='bbox 2321 3997 2617 4050; x_wconf 86' lang='lat' dir='ltr'><strong>aliorumve</strong></span> <span class='ocrx_word' id='word_1_597' title='bbox 2668 4006 2961 4065; x_wconf 87' lang='lat' dir='ltr'><strong>martyrum</strong></span> <span class='ocrx_word' id='word_1_598' title='bbox 2999 3989 3315 4060; x_wconf 87' lang='lat' dir='ltr'><strong>disciplina,</strong></span> <span class='ocrx_word' id='word_1_599' title='bbox 3344 4004 3437 4059; x_wconf 88' lang='lat' dir='ltr'><strong>pe-</strong></span> 
     </span>
    </p>
   </div>
   <div class='ocr_carea' id='block_1_85' title="bbox 1876 4079 3436 4163">
    <p class='ocr_par' dir='ltr' id='par_1_85' title="bbox 1876 4079 3436 4163">
     <span class='ocr_line' id='line_1_85' title="bbox 1876 4079 3436 4163; baseline -0.007 -22"><span class='ocrx_word' id='word_1_600' title='bbox 1876 4088 2167 4143; x_wconf 88' lang='lat' dir='ltr'><strong>nitioribus</strong></span> <span class='ocrx_word' id='word_1_601' title='bbox 2222 4088 2542 4142; x_wconf 62' lang='lat' dir='ltr'><strong>Christianae</strong></span> <span class='ocrx_word' id='word_1_602' title='bbox 2580 4088 2840 4163; x_wconf 75' lang='lat' dir='ltr'><strong>doctrinae</strong></span> <span class='ocrx_word' id='word_1_603' title='bbox 2883 4083 3151 4154; x_wconf 84' lang='lat' dir='ltr'><strong>mysteriis</strong></span> <span class='ocrx_word' id='word_1_604' title='bbox 3192 4079 3436 4135; x_wconf 74' lang='lat' dir='ltr'><strong>eruditus</strong></span> 
     </span>
    </p>
   </div>
   <div class='ocr_carea' id='block_1_86' title="bbox 1872 4167 3438 4249">
    <p class='ocr_par' dir='ltr' id='par_1_86' title="bbox 1872 4167 3438 4249">
     <span class='ocr_line' id='line_1_86' title="bbox 1872 4167 3438 4249; baseline -0.008 -17"><span class='ocrx_word' id='word_1_605' title='bbox 1872 4178 2255 4249; x_wconf 90' lang='lat' dir='ltr'><strong>institutusque</strong></span> <span class='ocrx_word' id='word_1_606' title='bbox 2311 4178 2507 4240; x_wconf 81' lang='lat' dir='ltr'><strong>fuerit,</strong></span> <span class='ocrx_word' id='word_1_607' title='bbox 2552 4187 2683 4232; x_wconf 91' lang='lat' dir='ltr'><strong>tunc</strong></span> <span class='ocrx_word' id='word_1_608' title='bbox 2729 4177 2953 4246; x_wconf 89' lang='lat' dir='ltr'><strong>primam</strong></span> <span class='ocrx_word' id='word_1_609' title='bbox 3001 4172 3189 4228; x_wconf 86' lang='lat' dir='ltr'><strong>saltem</strong></span> <span class='ocrx_word' id='word_1_610' title='bbox 3256 4167 3438 4222; x_wconf 83' lang='lat' dir='ltr'><strong>adole-</strong></span> 
     </span>
    </p>
   </div>
   <div class='ocr_carea' id='block_1_87' title="bbox 1874 4258 3435 4336">
    <p class='ocr_par' dir='ltr' id='par_1_87' title="bbox 1874 4258 3435 4336">
     <span class='ocr_line' id='line_1_87' title="bbox 1874 4258 3435 4336; baseline -0.008 -13"><span class='ocrx_word' id='word_1_611' title='bbox 1874 4269 2132 4323; x_wconf 87' lang='lat' dir='ltr'><strong>scentiam</strong></span> <span class='ocrx_word' id='word_1_612' title='bbox 2185 4270 2461 4336; x_wconf 86' lang='lat' dir='ltr'><strong>ingressus</strong></span> <span class='ocrx_word' id='word_1_613' title='bbox 2513 4267 2586 4321; x_wconf 88' lang='lat' dir='ltr'><strong>sit</strong></span> <span class='ocrx_word' id='word_1_614' title='bbox 2617 4273 2850 4334; x_wconf 91' lang='lat' dir='ltr'><strong>oportet.</strong></span> <span class='ocrx_word' id='word_1_615' title='bbox 2877 4263 2976 4330; x_wconf 88' lang='lat' dir='ltr'><strong>Qui</strong></span> <span class='ocrx_word' id='word_1_616' title='bbox 3039 4276 3168 4330; x_wconf 88' lang='lat' dir='ltr'><strong>ergo</strong></span> <span class='ocrx_word' id='word_1_617' title='bbox 3200 4258 3435 4329; x_wconf 88' lang='lat' dir='ltr'><strong>potuerit</strong></span> 
     </span>
    </p>
   </div>
   <div class='ocr_carea' id='block_1_88' title="bbox 1872 4348 3437 4427">
    <p class='ocr_par' dir='ltr' id='par_1_88' title="bbox 1872 4348 3437 4427">
     <span class='ocr_line' id='line_1_88' title="bbox 1872 4348 3437 4427; baseline -0.007 -13"><span class='ocrx_word' id='word_1_618' title='bbox 1872 4360 1973 4414; x_wconf 90' lang='lat' dir='ltr'><strong>sub</strong></span> <span class='ocrx_word' id='word_1_619' title='bbox 2008 4360 2315 4413; x_wconf 78' lang='lat' dir='ltr'><strong>Alexandro</strong></span> <span class='ocrx_word' id='word_1_620' title='bbox 2366 4358 2632 4427; x_wconf 75' lang='lat' dir='ltr'><strong>praesule,</strong></span> <span class='ocrx_word' id='word_1_621' title='bbox 2675 4358 2726 4411; x_wconf 92' lang='lat' dir='ltr'><strong>id</strong></span> <span class='ocrx_word' id='word_1_622' title='bbox 2762 4364 2842 4411; x_wconf 91' lang='lat' dir='ltr'><strong>est</strong></span> <span class='ocrx_word' id='word_1_623' title='bbox 2887 4354 3056 4409; x_wconf 91' lang='lat' dir='ltr'><strong>tribus</strong></span> <span class='ocrx_word' id='word_1_624' title='bbox 3104 4352 3229 4406; x_wconf 91' lang='lat' dir='ltr'><strong>hinc</strong></span> <span class='ocrx_word' id='word_1_625' title='bbox 3280 4348 3437 4403; x_wconf 81' lang='lat' dir='ltr'><strong>annis</strong></span> 
     </span>
    </p>
   </div>
   <div class='ocr_carea' id='block_1_89' title="bbox 1872 4442 3439 4521">
    <p class='ocr_par' dir='ltr' id='par_1_89' title="bbox 1872 4442 3439 4521">
     <span class='ocr_line' id='line_1_89' title="bbox 1872 4442 3439 4521; baseline -0.009 -15"><span class='ocrx_word' id='word_1_626' title='bbox 1872 4450 2101 4521; x_wconf 89' lang='lat' dir='ltr'><strong>elapsis,</strong></span> <span class='ocrx_word' id='word_1_627' title='bbox 2143 4452 2255 4505; x_wconf 92' lang='lat' dir='ltr'><strong>sive</strong></span> <span class='ocrx_word' id='word_1_628' title='bbox 2280 4466 2421 4505; x_wconf 87' lang='lat' dir='ltr'><strong>anno</strong></span> <span class='ocrx_word' id='word_1_629' title='bbox 2453 4460 2511 4504; x_wconf 93' lang='lat' dir='ltr'><strong>ut</strong></span> <span class='ocrx_word' id='word_1_630' title='bbox 2546 4450 2708 4505; x_wconf 91' lang='lat' dir='ltr'><strong>citius</strong></span> <span class='ocrx_word' id='word_1_631' title='bbox 2727 4449 2865 4514; x_wconf 78' lang='grc'><strong>515,</strong></span> <span class='ocrx_word' id='word_1_632' title='bbox 2895 4461 3004 4515; x_wconf 92' lang='lat' dir='ltr'><strong>quo</strong></span> <span class='ocrx_word' id='word_1_633' title='bbox 3028 4444 3191 4513; x_wconf 75' lang='lat' dir='ltr'><strong>coepit</strong></span> <span class='ocrx_word' id='word_1_634' title='bbox 3214 4442 3439 4495; x_wconf 82' lang='lat' dir='ltr'><strong>Alexan-</strong></span> 
     </span>
    </p>
   </div>
   <div class='ocr_carea' id='block_1_90' title="bbox 194 4509 1772 4611">
    <p class='ocr_par' dir='ltr' id='par_1_90' title="bbox 194 4525 1771 4604">
     <span class='ocr_line' id='line_1_90' title="bbox 194 4525 1771 4604; baseline 0.006 -28"><span class='ocrx_word' id='word_1_635' title='bbox 194 4525 281 4576; x_wconf 74' lang='grc' dir='ltr'><strong>καὶ</strong></span> <span class='ocrx_word' id='word_1_636' title='bbox 313 4528 588 4598; x_wconf 74' lang='grc' dir='ltr'><strong>μάρτυρες</strong></span> <span class='ocrx_word' id='word_1_637' title='bbox 614 4528 713 4597; x_wconf 79' lang='grc' dir='ltr'><strong>τῆς</strong></span> <span class='ocrx_word' id='word_1_638' title='bbox 748 4527 985 4598; x_wconf 79' lang='grc' dir='ltr'>Χριστοῦ</span> <span class='ocrx_word' id='word_1_639' title='bbox 1024 4527 1270 4600; x_wconf 78' lang='grc' dir='ltr'><strong>Θεότητος</strong></span> <span class='ocrx_word' id='word_1_640' title='bbox 1328 4532 1604 4599; x_wconf 85' lang='grc' dir='ltr'>γεγόνασι,</span> <span class='ocrx_word' id='word_1_641' title='bbox 1668 4551 1771 4604; x_wconf 62' lang='grc' dir='ltr'><strong>μαι</strong></span> 
     </span>
    </p>
   </div>
   <div class='ocr_carea' id='block_1_91' title="bbox 1877 4509 3437 4611">
    <p class='ocr_par' dir='ltr' id='par_1_91' title="bbox 1877 4509 3437 4611">
     <span class='ocr_line' id='line_1_91' title="bbox 1877 4509 3437 4611; baseline -0.01 -14"><span class='ocrx_word' id='word_1_642' title='bbox 1877 4509 2005 4606; x_wconf 63' lang='lat' dir='ltr'><strong>der,</strong></span> <span class='ocrx_word' id='word_1_643' title='bbox 2039 4542 2226 4611; x_wconf 89' lang='lat' dir='ltr'><strong>puerili</strong></span> <span class='ocrx_word' id='word_1_644' title='bbox 2255 4541 2559 4611; x_wconf 89' lang='lat' dir='ltr'><strong>hujusmodi</strong></span> <span class='ocrx_word' id='word_1_645' title='bbox 2601 4540 2739 4594; x_wconf 91' lang='lat' dir='ltr'><strong>lusui</strong></span> <span class='ocrx_word' id='word_1_646' title='bbox 2785 4551 2976 4592; x_wconf 90' lang='lat' dir='ltr'><strong>vacare</strong></span> <span class='ocrx_word' id='word_1_647' title='bbox 3000 4576 3016 4601; x_wconf 92' lang='lat'><strong>,</strong></span> <span class='ocrx_word' id='word_1_648' title='bbox 3042 4535 3131 4604; x_wconf 92' lang='lat' dir='ltr'><strong>qui</strong></span> <span class='ocrx_word' id='word_1_649' title='bbox 3186 4542 3309 4585; x_wconf 90' lang='lat' dir='ltr'><strong>tunc</strong></span> <span class='ocrx_word' id='word_1_650' title='bbox 3336 4546 3437 4582; x_wconf 48' lang='lat' dir='ltr'><strong>non</strong></span> 
     </span>
    </p>
   </div>
   <div class='ocr_carea' id='block_1_92' title="bbox 198 4615 1767 4695">
    <p class='ocr_par' dir='ltr' id='par_1_92' title="bbox 198 4615 1767 4695">
     <span class='ocr_line' id='line_1_92' title="bbox 198 4615 1767 4695; baseline 0.009 -28"><span class='ocrx_word' id='word_1_651' title='bbox 198 4615 370 4680; x_wconf 67' lang='grc' dir='ltr'>ϐάντες</span> <span class='ocrx_word' id='word_1_652' title='bbox 398 4619 757 4689; x_wconf 79' lang='grc' dir='ltr'>μεταδίδομεν</span> <span class='ocrx_word' id='word_1_653' title='bbox 794 4618 890 4671; x_wconf 77' lang='grc' dir='ltr'><strong>καὶ</strong></span> <span class='ocrx_word' id='word_1_654' title='bbox 923 4621 987 4689; x_wconf 85' lang='grc' dir='ltr'><strong>τῇ</strong></span> <span class='ocrx_word' id='word_1_655' title='bbox 1120 4621 1459 4695; x_wconf 80' lang='grc' dir='ltr'>φιλομαθείᾳ.</span> <span class='ocrx_word' id='word_1_656' title='bbox 1494 4627 1632 4680; x_wconf 91' lang='lat' dir='ltr'><strong>—Id</strong></span> <span class='ocrx_word' id='word_1_657' title='bbox 1656 4636 1767 4681; x_wconf 84' lang='lat' dir='ltr'><strong>est:</strong></span> 
     </span>
    </p>
   </div>
   <div class='ocr_carea' id='block_1_93' title="bbox 199 4704 1772 4779">
    <p class='ocr_par' dir='ltr' id='par_1_93' title="bbox 199 4704 1772 4779">
     <span class='ocr_line' id='line_1_93' title="bbox 199 4704 1772 4779; baseline 0.01 -23"><span class='ocrx_word' id='word_1_658' title='bbox 199 4704 310 4760; x_wconf 70' lang='lat' dir='ltr'><strong>Illi:</strong></span> <span class='ocrx_word' id='word_1_659' title='bbox 341 4712 474 4762; x_wconf 88' lang='lat' dir='ltr'><strong>enim</strong></span> <span class='ocrx_word' id='word_1_660' title='bbox 504 4709 863 4779; x_wconf 73' lang='lat' dir='ltr'><strong>(Scriptttra&#39;)</strong></span> <span class='ocrx_word' id='word_1_661' title='bbox 886 4709 1243 4779; x_wconf 84' lang='lat' dir='ltr'><strong>theologorum</strong></span> <span class='ocrx_word' id='word_1_662' title='bbox 1283 4717 1553 4770; x_wconf 83' lang='lat' dir='ltr'><strong>hominum</strong></span> <span class='ocrx_word' id='word_1_663' title='bbox 1613 4719 1772 4771; x_wconf 81' lang='lat' dir='ltr'><strong>mitti-</strong></span> 
     </span>
    </p>
   </div>
   <div class='ocr_carea' id='block_1_94' title="bbox 200 4802 1764 4879">
    <p class='ocr_par' dir='ltr' id='par_1_94' title="bbox 200 4802 1764 4879">
     <span class='ocr_line' id='line_1_94' title="bbox 200 4802 1764 4879; baseline 0.012 -29"><span class='ocrx_word' id='word_1_664' title='bbox 200 4803 349 4854; x_wconf 78' lang='lat' dir='ltr'><strong>sterio</strong></span> <span class='ocrx_word' id='word_1_665' title='bbox 375 4820 406 4855; x_wconf 90' lang='lat' dir='ltr'><strong>a</strong></span> <span class='ocrx_word' id='word_1_666' title='bbox 448 4802 555 4857; x_wconf 89' lang='lat' dir='ltr'><strong>Deo</strong></span> <span class='ocrx_word' id='word_1_667' title='bbox 588 4804 821 4872; x_wconf 72' lang='lat' dir='ltr'><strong>prolata:</strong></span> <span class='ocrx_word' id='word_1_668' title='bbox 857 4812 905 4856; x_wconf 91' lang='lat' dir='ltr'><strong>et</strong></span> <span class='ocrx_word' id='word_1_669' title='bbox 947 4805 1157 4871; x_wconf 75' lang='lat' dir='ltr'><strong>scripta:</strong></span> <span class='ocrx_word' id='word_1_670' title='bbox 1195 4818 1314 4861; x_wconf 84' lang='lat' dir='ltr'><strong>sunt</strong></span> <span class='ocrx_word' id='word_1_671' title='bbox 1338 4824 1356 4862; x_wconf 93' lang='lat'><em>:</em></span> <span class='ocrx_word' id='word_1_672' title='bbox 1384 4826 1608 4879; x_wconf 86' lang='lat' dir='ltr'><strong>quarum</strong></span> <span class='ocrx_word' id='word_1_673' title='bbox 1644 4828 1764 4867; x_wconf 83' lang='lat' dir='ltr'><strong>sen-</strong></span> 
     </span>
    </p>
   </div>
   <div class='ocr_carea' id='block_1_95' title="bbox 202 4895 1766 4973">
    <p class='ocr_par' dir='ltr' id='par_1_95' title="bbox 202 4895 1766 4973">
     <span class='ocr_line' id='line_1_95' title="bbox 202 4895 1766 4973; baseline 0.012 -33"><span class='ocrx_word' id='word_1_674' title='bbox 202 4895 402 4946; x_wconf 84' lang='lat' dir='ltr'><strong>tentiam</strong></span> <span class='ocrx_word' id='word_1_675' title='bbox 426 4913 543 4948; x_wconf 83' lang='lat' dir='ltr'><strong>cum</strong></span> <span class='ocrx_word' id='word_1_676' title='bbox 574 4913 606 4949; x_wconf 90' lang='lat' dir='ltr'><strong>a</strong></span> <span class='ocrx_word' id='word_1_677' title='bbox 639 4895 917 4963; x_wconf 85' lang='lat' dir='ltr'><strong>magistris</strong></span> <span class='ocrx_word' id='word_1_678' title='bbox 941 4896 1117 4950; x_wconf 86' lang='lat' dir='ltr'><strong>divino</strong></span> <span class='ocrx_word' id='word_1_679' title='bbox 1145 4897 1348 4964; x_wconf 88' lang='lat' dir='ltr'><strong>Spiritu</strong></span> <span class='ocrx_word' id='word_1_680' title='bbox 1389 4902 1591 4969; x_wconf 77' lang='lat' dir='ltr'><strong>afﬂatis</strong></span> <span class='ocrx_word' id='word_1_681' title='bbox 1613 4943 1629 4967; x_wconf 91' lang='lat'><strong>,</strong></span> <span class='ocrx_word' id='word_1_682' title='bbox 1675 4908 1766 4973; x_wconf 85' lang='lat' dir='ltr'><strong>qui</strong></span> 
     </span>
    </p>
   </div>
   <div class='ocr_carea' id='block_1_96' title="bbox 203 4982 1768 5066">
    <p class='ocr_par' dir='ltr' id='par_1_96' title="bbox 203 4982 1768 5066">
     <span class='ocr_line' id='line_1_96' title="bbox 203 4982 1768 5066; baseline 0.015 -39"><span class='ocrx_word' id='word_1_683' title='bbox 203 4982 331 5045; x_wconf 71' lang='lat' dir='ltr'><strong>ipsas</strong></span> <span class='ocrx_word' id='word_1_684' title='bbox 369 4986 633 5054; x_wconf 86' lang='lat' dir='ltr'><strong>legerant,</strong></span> <span class='ocrx_word' id='word_1_685' title='bbox 672 4989 871 5055; x_wconf 79' lang='lat' dir='ltr'><strong>quique</strong></span> <span class='ocrx_word' id='word_1_686' title='bbox 894 4988 1107 5042; x_wconf 82' lang='lat' dir='ltr'><strong>deitatis</strong></span> <span class='ocrx_word' id='word_1_687' title='bbox 1137 4990 1337 5045; x_wconf 80' lang='lat' dir='ltr'><strong>Christi</strong></span> <span class='ocrx_word' id='word_1_688' title='bbox 1379 5006 1637 5064; x_wconf 83' lang='lat' dir='ltr'><strong>martyres</strong></span> <span class='ocrx_word' id='word_1_689' title='bbox 1681 4999 1768 5066; x_wconf 80' lang='lat' dir='ltr'><strong>af-</strong></span> 
     </span>
    </p>
   </div>
   <div class='ocr_carea' id='block_1_97' title="bbox 207 5071 1769 5141">
    <p class='ocr_par' dir='ltr' id='par_1_97' title="bbox 207 5071 1769 5141">
     <span class='ocr_line' id='line_1_97' title="bbox 207 5071 1769 5141; baseline 0.012 -20"><span class='ocrx_word' id='word_1_690' title='bbox 207 5071 318 5134; x_wconf 71' lang='lat' dir='ltr'><strong>{uti</strong></span> <span class='ocrx_word' id='word_1_691' title='bbox 345 5088 461 5130; x_wconf 83' lang='lat' dir='ltr'><strong>sunt</strong></span> <span class='ocrx_word' id='word_1_692' title='bbox 486 5078 847 5131; x_wconf 84' lang='lat' dir='ltr'><strong>didicerimus</strong></span> <span class='ocrx_word' id='word_1_693' title='bbox 867 5118 881 5141; x_wconf 93' lang='lat'><strong>,</strong></span> <span class='ocrx_word' id='word_1_694' title='bbox 914 5080 1145 5132; x_wconf 81' lang='lat' dir='ltr'><strong>eamdem</strong></span> <span class='ocrx_word' id='word_1_695' title='bbox 1174 5091 1279 5136; x_wconf 72' lang='lat' dir='ltr'><strong>tum</strong></span> <span class='ocrx_word' id='word_1_696' title='bbox 1307 5084 1576 5138; x_wconf 83' lang='lat' dir='ltr'><strong>sedulitati</strong></span> <span class='ocrx_word' id='word_1_697' title='bbox 1601 5081 1769 5141; x_wconf 77' lang='lat' dir='ltr'><strong>tradi-</strong></span> 
     </span>
    </p>
   </div>
   <div class='ocr_carea' id='block_1_98' title="bbox 194 5165 1767 5241">
    <p class='ocr_par' dir='ltr' id='par_1_98' title="bbox 194 5165 1767 5241">
     <span class='ocr_line' id='line_1_98' title="bbox 194 5165 1767 5241; baseline 0.015 -31"><span class='ocrx_word' id='word_1_698' title='bbox 194 5176 327 5228; x_wconf 30' lang='lat' dir='ltr'><strong>.ntus.</strong></span> <span class='ocrx_word' id='word_1_699' title='bbox 352 5165 441 5222; x_wconf 81' lang='lat' dir='ltr'><strong>llic</strong></span> <span class='ocrx_word' id='word_1_700' title='bbox 480 5185 613 5223; x_wconf 86' lang='lat' dir='ltr'><strong>sane</strong></span> <span class='ocrx_word' id='word_1_701' title='bbox 666 5168 890 5222; x_wconf 89' lang='lat' dir='ltr'><strong>mireris</strong></span> <span class='ocrx_word' id='word_1_702' title='bbox 920 5184 1030 5223; x_wconf 86' lang='lat' dir='ltr'><strong>rem</strong></span> <span class='ocrx_word' id='word_1_703' title='bbox 1084 5171 1154 5225; x_wconf 88' lang='lat' dir='ltr'><strong>ita</strong></span> <span class='ocrx_word' id='word_1_704' title='bbox 1200 5174 1414 5241; x_wconf 86' lang='lat' dir='ltr'><strong>planam</strong></span> <span class='ocrx_word' id='word_1_705' title='bbox 1456 5176 1507 5231; x_wconf 92' lang='lat' dir='ltr'><strong>in</strong></span> <span class='ocrx_word' id='word_1_706' title='bbox 1553 5189 1767 5234; x_wconf 85' lang='lat' dir='ltr'><strong>contro-</strong></span> 
     </span>
    </p>
   </div>
   <div class='ocr_carea' id='block_1_99' title="bbox 210 5255 1765 5339">
    <p class='ocr_par' dir='ltr' id='par_1_99' title="bbox 210 5255 1765 5339">
     <span class='ocr_line' id='line_1_99' title="bbox 210 5255 1765 5339; baseline 0.014 -37"><span class='ocrx_word' id='word_1_707' title='bbox 210 5255 415 5309; x_wconf 80' lang='lat' dir='ltr'><strong>versiam</strong></span> <span class='ocrx_word' id='word_1_708' title='bbox 460 5258 649 5313; x_wconf 85' lang='lat' dir='ltr'><strong>vocari</strong></span> <span class='ocrx_word' id='word_1_709' title='bbox 715 5272 732 5310; x_wconf 93' lang='lat'><strong>:</strong></span> <span class='ocrx_word' id='word_1_710' title='bbox 780 5268 967 5325; x_wconf 88' lang='lat' dir='ltr'><strong>aperte</strong></span> <span class='ocrx_word' id='word_1_711' title='bbox 1006 5277 1239 5317; x_wconf 75' lang='lat' dir='ltr'><strong>namque</strong></span> <span class='ocrx_word' id='word_1_712' title='bbox 1276 5272 1331 5317; x_wconf 89' lang='lat' dir='ltr'><strong>et</strong></span> <span class='ocrx_word' id='word_1_713' title='bbox 1378 5267 1499 5321; x_wconf 90' lang='lat' dir='ltr'><strong>sine</strong></span> <span class='ocrx_word' id='word_1_714' title='bbox 1540 5272 1765 5339; x_wconf 81' lang='lat' dir='ltr'><strong>ambage</strong></span> 
     </span>
    </p>
   </div>
   <div class='ocr_carea' id='block_1_100' title="bbox 206 5339 1764 5418">
    <p class='ocr_par' dir='ltr' id='par_1_100' title="bbox 206 5339 1764 5418">
     <span class='ocr_line' id='line_1_100' title="bbox 206 5339 1764 5418; baseline 0.018 -28"><span class='ocrx_word' id='word_1_715' title='bbox 206 5339 297 5395; x_wconf 85' lang='lat' dir='ltr'><strong>ulla</strong></span> <span class='ocrx_word' id='word_1_716' title='bbox 319 5346 387 5399; x_wconf 84' lang='lat' dir='ltr'><strong>ait</strong></span> <span class='ocrx_word' id='word_1_717' title='bbox 406 5388 421 5412; x_wconf 91' lang='lat'><strong>,</strong></span> <span class='ocrx_word' id='word_1_718' title='bbox 460 5350 790 5417; x_wconf 86' lang='lat' dir='ltr'><strong>Scripturas</strong></span> <span class='ocrx_word' id='word_1_719' title='bbox 820 5351 1035 5418; x_wconf 92' lang='lat' dir='ltr'><strong>quidem</strong></span> <span class='ocrx_word' id='word_1_720' title='bbox 1077 5371 1260 5409; x_wconf 73' lang='lat' dir='ltr'><strong>sacras</strong></span> <span class='ocrx_word' id='word_1_721' title='bbox 1289 5357 1355 5411; x_wconf 90' lang='lat' dir='ltr'><strong>de</strong></span> <span class='ocrx_word' id='word_1_722' title='bbox 1385 5360 1541 5415; x_wconf 85' lang='lat' dir='ltr'><strong>Verbi</strong></span> <span class='ocrx_word' id='word_1_723' title='bbox 1564 5364 1764 5417; x_wconf 90' lang='lat' dir='ltr'><strong>adven-</strong></span> 
     </span>
    </p>
   </div>
   <div class='ocr_carea' id='block_1_101' title="bbox 206 5438 1763 5513">
    <p class='ocr_par' dir='ltr' id='par_1_101' title="bbox 206 5438 1763 5513">
     <span class='ocr_line' id='line_1_101' title="bbox 206 5438 1763 5513; baseline 0.017 -31"><span class='ocrx_word' id='word_1_724' title='bbox 206 5438 253 5482; x_wconf 89' lang='lat' dir='ltr'><strong>tu</strong></span> <span class='ocrx_word' id='word_1_725' title='bbox 286 5445 334 5488; x_wconf 91' lang='lat' dir='ltr'><strong>et</strong></span> <span class='ocrx_word' id='word_1_726' title='bbox 369 5438 433 5492; x_wconf 91' lang='lat' dir='ltr'><strong>de</strong></span> <span class='ocrx_word' id='word_1_727' title='bbox 460 5440 721 5495; x_wconf 87' lang='lat' dir='ltr'><strong>doctrina</strong></span> <span class='ocrx_word' id='word_1_728' title='bbox 757 5440 960 5493; x_wconf 89' lang='lat' dir='ltr'><strong>Christi</strong></span> <span class='ocrx_word' id='word_1_729' title='bbox 991 5457 1019 5494; x_wconf 87' lang='lat' dir='ltr'><strong>a</strong></span> <span class='ocrx_word' id='word_1_730' title='bbox 1056 5442 1319 5513; x_wconf 82' lang='lat' dir='ltr'><strong>theologis</strong></span> <span class='ocrx_word' id='word_1_731' title='bbox 1345 5448 1474 5503; x_wconf 89' lang='lat' dir='ltr'><strong>viris</strong></span> <span class='ocrx_word' id='word_1_732' title='bbox 1497 5489 1512 5513; x_wconf 93' lang='lat'><strong>,</strong></span> <span class='ocrx_word' id='word_1_733' title='bbox 1557 5452 1763 5508; x_wconf 67' lang='lat' dir='ltr'><strong>scilicet</strong></span> 
     </span>
    </p>
   </div>
   <div class='ocr_carea' id='block_1_102' title="bbox 197 5520 1759 5601">
    <p class='ocr_par' dir='ltr' id='par_1_102' title="bbox 197 5520 1759 5601">
     <span class='ocr_line' id='line_1_102' title="bbox 197 5520 1759 5601; baseline 0.017 -28"><span class='ocrx_word' id='word_1_734' title='bbox 197 5520 257 5576; x_wconf 80' lang='lat' dir='ltr'><strong>ab</strong></span> <span class='ocrx_word' id='word_1_735' title='bbox 283 5532 533 5595; x_wconf 85' lang='lat' dir='ltr'><strong>apostolis</strong></span> <span class='ocrx_word' id='word_1_736' title='bbox 564 5542 624 5585; x_wconf 86' lang='lat' dir='ltr'><strong>et</strong></span> <span class='ocrx_word' id='word_1_737' title='bbox 679 5533 1035 5599; x_wconf 80' lang='lat' dir='ltr'><strong>evangelistis</strong></span> <span class='ocrx_word' id='word_1_738' title='bbox 1076 5535 1245 5593; x_wconf 87' lang='lat' dir='ltr'><strong>editas</strong></span> <span class='ocrx_word' id='word_1_739' title='bbox 1277 5538 1478 5601; x_wconf 79' lang='lat' dir='ltr'><strong>fuisse;</strong></span> <span class='ocrx_word' id='word_1_740' title='bbox 1530 5557 1587 5598; x_wconf 90' lang='lat' dir='ltr'><strong>se</strong></span> <span class='ocrx_word' id='word_1_741' title='bbox 1627 5560 1759 5600; x_wconf 90' lang='lat' dir='ltr'><strong>vero</strong></span> 
     </span>
    </p>
   </div>
   <div class='ocr_carea' id='block_1_103' title="bbox 253 5665 1200 5735">
    <p class='ocr_par' dir='ltr' id='par_1_103' title="bbox 253 5665 1200 5735">
     <span class='ocr_line' id='line_1_103' title="bbox 253 5665 1200 5735; baseline 0.011 -20"><span class='ocrx_word' id='word_1_742' title='bbox 253 5665 325 5735; x_wconf 79' lang='grc' dir='ltr'><strong>(ιι)</strong></span> <span class='ocrx_word' id='word_1_743' title='bbox 376 5665 471 5721; x_wconf 85' lang='lat' dir='ltr'><strong>Vie</strong></span> <span class='ocrx_word' id='word_1_744' title='bbox 496 5669 564 5720; x_wconf 87' lang='lat' dir='ltr'><strong>de</strong></span> <span class='ocrx_word' id='word_1_745' title='bbox 593 5667 655 5721; x_wconf 92' lang='lat' dir='ltr'><strong>S.</strong></span> <span class='ocrx_word' id='word_1_746' title='bbox 682 5667 978 5731; x_wconf 76' lang='lat' dir='ltr'><strong>Athanase,</strong></span> <span class='ocrx_word' id='word_1_747' title='bbox 1006 5677 1115 5735; x_wconf 75' lang='lat' dir='ltr'><strong>not,</strong></span> <span class='ocrx_word' id='word_1_748' title='bbox 1147 5669 1200 5725; x_wconf 73' lang='lat'><strong>3.</strong></span> 
     </span>
    </p>
   </div>
   <div class='ocr_carea' id='block_1_104' title="bbox 254 5732 1156 5875">
    <p class='ocr_par' dir='ltr' id='par_1_104' title="bbox 254 5732 1156 5875">
     <span class='ocr_line' id='line_1_104' title="bbox 254 5732 1156 5875; baseline 0.003 -88"><span class='ocrx_word' id='word_1_749' title='bbox 254 5732 321 5875; x_wconf 47' lang='lat' dir='ltr'><strong>(lt;</strong></span> <span class='ocrx_word' id='word_1_750' title='bbox 356 5741 484 5790; x_wconf 77' lang='lat' dir='ltr'><strong>Alli.</strong></span> <span class='ocrx_word' id='word_1_751' title='bbox 522 5738 601 5790; x_wconf 87' lang='lat' dir='ltr'><strong>De</strong></span> <span class='ocrx_word' id='word_1_752' title='bbox 634 5737 944 5795; x_wconf 79' lang='lat' dir='ltr'><strong>lncurnat,,</strong></span> <span class='ocrx_word' id='word_1_753' title='bbox 985 5754 1033 5805; x_wconf 80' lang='grc' dir='ltr'><strong>ρ.</strong></span> <span class='ocrx_word' id='word_1_754' title='bbox 1069 5732 1156 5794; x_wconf 84' lang='grc'><strong>77.</strong></span> 
     </span>
     <span class='ocr_line' id='line_1_105' title="bbox 254 5806 1150 5875; baseline 0.009 -20"><span class='ocrx_word' id='word_1_755' title='bbox 254 5808 294 5875; x_wconf 85' lang='lat' dir='ltr'><strong>(c</strong></span> <span class='ocrx_word' id='word_1_756' title='bbox 349 5806 495 5861; x_wconf 79' lang='lat' dir='ltr'><strong>Hist.</strong></span> <span class='ocrx_word' id='word_1_757' title='bbox 534 5808 573 5860; x_wconf 92' lang='lat' dir='ltr'><strong>l.</strong></span> <span class='ocrx_word' id='word_1_758' title='bbox 611 5822 720 5872; x_wconf 80' lang='lat' dir='ltr'><strong>vn,</strong></span> <span class='ocrx_word' id='word_1_759' title='bbox 754 5824 805 5859; x_wconf 69' lang='grc' dir='ltr'><strong>(ς.</strong></span> <span class='ocrx_word' id='word_1_760' title='bbox 836 5806 941 5871; x_wconf 77' lang='lat'><strong>5‘2;</strong></span> <span class='ocrx_word' id='word_1_761' title='bbox 975 5809 1006 5861; x_wconf 93' lang='grc' dir='ltr'><strong>Ι.</strong></span> <span class='ocrx_word' id='word_1_762' title='bbox 1033 5824 1150 5875; x_wconf 82' lang='lat' dir='ltr'><strong>vm,</strong></span> 
     </span>
    </p>
   </div>
   <div class='ocr_carea' id='block_1_105' title="bbox 249 5806 1758 5880">
    <p class='ocr_par' dir='ltr' id='par_1_105' title="bbox 249 5806 1758 5880">
     <span class='ocr_line' id='line_1_106' title="bbox 249 5806 1758 5880; baseline 0.01 -25"><span class='ocrx_word' id='word_1_763' title='bbox 249 5806 316 5875; x_wconf 82' lang='lat' dir='ltr'><strong>(c)</strong></span> <span class='ocrx_word' id='word_1_764' title='bbox 349 5806 495 5861; x_wconf 79' lang='lat' dir='ltr'><strong>Hist.</strong></span> <span class='ocrx_word' id='word_1_765' title='bbox 534 5808 573 5860; x_wconf 93' lang='lat' dir='ltr'><strong>l.</strong></span> <span class='ocrx_word' id='word_1_766' title='bbox 611 5822 720 5872; x_wconf 81' lang='lat' dir='ltr'><strong>vlt,</strong></span> <span class='ocrx_word' id='word_1_767' title='bbox 754 5824 805 5859; x_wconf 74' lang='grc' dir='ltr'><strong>ρ.</strong></span> <span class='ocrx_word' id='word_1_768' title='bbox 836 5806 941 5871; x_wconf 78' lang='lat'><strong>5‘2;</strong></span> <span class='ocrx_word' id='word_1_769' title='bbox 975 5809 1006 5861; x_wconf 93' lang='grc' dir='ltr'><strong>Ι.</strong></span> <span class='ocrx_word' id='word_1_770' title='bbox 1033 5824 1150 5875; x_wconf 83' lang='lat' dir='ltr'><strong>vm,</strong></span> <span class='ocrx_word' id='word_1_771' title='bbox 1178 5809 1498 5878; x_wconf 77' lang='lat' dir='ltr'><strong>c.10,l5;l.</strong></span> <span class='ocrx_word' id='word_1_772' title='bbox 1540 5830 1683 5880; x_wconf 81' lang='lat' dir='ltr'><strong>tx,c.</strong></span> <span class='ocrx_word' id='word_1_773' title='bbox 1706 5821 1758 5873; x_wconf 86' lang='grc'><strong>6.</strong></span> 
     </span>
    </p>
   </div>
   <div class='ocr_carea' id='block_1_106' title="bbox 1877 4621 3437 4693">
    <p class='ocr_par' dir='ltr' id='par_1_106' title="bbox 1877 4621 3437 4693">
     <span class='ocr_line' id='line_1_107' title="bbox 1877 4621 3437 4693; baseline -0.01 -6"><span class='ocrx_word' id='word_1_774' title='bbox 1877 4636 2267 4690; x_wconf 87' lang='lat' dir='ltr'><strong>vemdecimum</strong></span> <span class='ocrx_word' id='word_1_775' title='bbox 2296 4643 2355 4688; x_wconf 92' lang='lat' dir='ltr'><strong>ut</strong></span> <span class='ocrx_word' id='word_1_776' title='bbox 2384 4634 2561 4686; x_wconf 90' lang='lat' dir='ltr'><strong>minus</strong></span> <span class='ocrx_word' id='word_1_777' title='bbox 2588 4630 2763 4685; x_wconf 68' lang='lat' dir='ltr'><strong>aetatis</strong></span> <span class='ocrx_word' id='word_1_778' title='bbox 2802 4644 3001 4683; x_wconf 90' lang='lat' dir='ltr'><strong>annum</strong></span> <span class='ocrx_word' id='word_1_779' title='bbox 3021 4669 3037 4693; x_wconf 88' lang='lat'><strong>,</strong></span> <span class='ocrx_word' id='word_1_780' title='bbox 3059 4643 3123 4682; x_wconf 79' lang='lat' dir='ltr'><strong>ex</strong></span> <span class='ocrx_word' id='word_1_781' title='bbox 3161 4621 3377 4677; x_wconf 81' lang='lat' dir='ltr'><strong>deﬁnito</strong></span> <span class='ocrx_word' id='word_1_782' title='bbox 3408 4636 3437 4672; x_wconf 84' lang='lat' dir='ltr'><strong>a</strong></span> 
     </span>
    </p>
   </div>
   <div class='ocr_carea' id='block_1_107' title="bbox 1877 4713 3438 4792">
    <p class='ocr_par' dir='ltr' id='par_1_107' title="bbox 1877 4713 3438 4792">
     <span class='ocr_line' id='line_1_108' title="bbox 1877 4713 3438 4792; baseline -0.009 -12"><span class='ocrx_word' id='word_1_783' title='bbox 1877 4726 2033 4781; x_wconf 88' lang='lat' dir='ltr'><strong>nobis</strong></span> <span class='ocrx_word' id='word_1_784' title='bbox 2062 4741 2327 4780; x_wconf 89' lang='lat' dir='ltr'><strong>annorum</strong></span> <span class='ocrx_word' id='word_1_785' title='bbox 2360 4723 2567 4780; x_wconf 90' lang='lat' dir='ltr'><strong>calculo</strong></span> <span class='ocrx_word' id='word_1_786' title='bbox 2596 4720 2702 4792; x_wconf 87' lang='lat' dir='ltr'><strong>(e),</strong></span> <span class='ocrx_word' id='word_1_787' title='bbox 2758 4722 2984 4784; x_wconf 84' lang='lat' dir='ltr'><strong>inierat;</strong></span> <span class='ocrx_word' id='word_1_788' title='bbox 3032 4734 3095 4774; x_wconf 77' lang='lat' dir='ltr'><strong>ex</strong></span> <span class='ocrx_word' id='word_1_789' title='bbox 3142 4713 3438 4769; x_wconf 81' lang='lat' dir='ltr'><strong>Hermantii</strong></span> 
     </span>
    </p>
   </div>
   <div class='ocr_carea' id='block_1_108' title="bbox 1872 4810 2969 4887">
    <p class='ocr_par' dir='ltr' id='par_1_108' title="bbox 1872 4810 2969 4887">
     <span class='ocr_line' id='line_1_109' title="bbox 1872 4810 2969 4887; baseline -0.007 -16"><span class='ocrx_word' id='word_1_790' title='bbox 1872 4826 2051 4873; x_wconf 88' lang='lat' dir='ltr'><strong>autem</strong></span> <span class='ocrx_word' id='word_1_791' title='bbox 2088 4826 2339 4887; x_wconf 88' lang='lat' dir='ltr'><strong>computo</strong></span> <span class='ocrx_word' id='word_1_792' title='bbox 2367 4817 2679 4870; x_wconf 88' lang='lat' dir='ltr'><strong>vicesimum</strong></span> <span class='ocrx_word' id='word_1_793' title='bbox 2712 4810 2969 4868; x_wconf 82' lang='lat' dir='ltr'><strong>tertium?</strong></span> 
     </span>
    </p>
   </div>
   <div class='ocr_carea' id='block_1_109' title="bbox 2333 4920 2968 4980">
    <p class='ocr_par' dir='ltr' id='par_1_109' title="bbox 2333 4920 2968 4980">
     <span class='ocr_line' id='line_1_110' title="bbox 2333 4920 2968 4980; baseline -0.006 0"><span class='ocrx_word' id='word_1_794' title='bbox 2333 4923 2851 4980; x_wconf 75' lang='lat' dir='ltr'><strong>ANIMADVERSIO</strong></span> <span class='ocrx_word' id='word_1_795' title='bbox 2907 4920 2968 4976; x_wconf 91' lang='lat' dir='ltr'><strong>ll.</strong></span> 
     </span>
    </p>
   </div>
   <div class='ocr_carea' id='block_1_110' title="bbox 1876 5008 3445 5088">
    <p class='ocr_par' dir='ltr' id='par_1_110' title="bbox 1876 5008 3445 5088">
     <span class='ocr_line' id='line_1_111' title="bbox 1876 5008 3445 5088; baseline -0.01 -14"><span class='ocrx_word' id='word_1_796' title='bbox 1876 5019 1951 5074; x_wconf 81' lang='lat' dir='ltr'><strong>De</strong></span> <span class='ocrx_word' id='word_1_797' title='bbox 1985 5020 2142 5073; x_wconf 85' lang='lat' dir='ltr'><strong>titulo</strong></span> <span class='ocrx_word' id='word_1_798' title='bbox 2195 5018 2249 5069; x_wconf 88' lang='lat' dir='ltr'><strong>in</strong></span> <span class='ocrx_word' id='word_1_799' title='bbox 2308 5016 2507 5088; x_wconf 81' lang='lat' dir='ltr'><strong>Vitam</strong></span> <span class='ocrx_word' id='word_1_800' title='bbox 2537 5014 2786 5088; x_wconf 84' lang='lat' dir='ltr'><strong>Antonii,</strong></span> <span class='ocrx_word' id='word_1_801' title='bbox 2836 5022 3065 5088; x_wconf 41' lang='lat' dir='ltr'><strong>etnnunt</strong></span> <span class='ocrx_word' id='word_1_802' title='bbox 3121 5008 3445 5088; x_wconf 73' lang='lat' dir='ltr'><strong>Athanasius</strong></span> 
     </span>
    </p>
   </div>
   <div class='ocr_carea' id='block_1_111' title="bbox 1984 5081 3339 5158">
    <p class='ocr_par' dir='ltr' id='par_1_111' title="bbox 1984 5081 3339 5158">
     <span class='ocr_line' id='line_1_112' title="bbox 1984 5081 3339 5158; baseline -0.007 -17"><span class='ocrx_word' id='word_1_803' title='bbox 1984 5089 2295 5158; x_wconf 83' lang='lat' dir='ltr'><strong>aliquandiu</strong></span> <span class='ocrx_word' id='word_1_804' title='bbox 2325 5103 2446 5141; x_wconf 87' lang='lat' dir='ltr'><strong>cum</strong></span> <span class='ocrx_word' id='word_1_805' title='bbox 2475 5086 2707 5141; x_wconf 83' lang='lat' dir='ltr'><strong>Antonio</strong></span> <span class='ocrx_word' id='word_1_806' title='bbox 2729 5085 2781 5138; x_wconf 86' lang='lat' dir='ltr'><strong>in</strong></span> <span class='ocrx_word' id='word_1_807' title='bbox 2824 5081 3105 5137; x_wconf 86' lang='lat' dir='ltr'><strong>solitudine</strong></span> <span class='ocrx_word' id='word_1_808' title='bbox 3136 5081 3339 5133; x_wconf 72' lang='lat' dir='ltr'><strong>vixerit.</strong></span> 
     </span>
    </p>
   </div>
   <div class='ocr_carea' id='block_1_112' title="bbox 1944 5169 3442 5248">
    <p class='ocr_par' dir='ltr' id='par_1_112' title="bbox 1944 5169 3442 5248">
     <span class='ocr_line' id='line_1_113' title="bbox 1944 5169 3442 5248; baseline -0.011 -15"><span class='ocrx_word' id='word_1_809' title='bbox 1944 5179 2105 5233; x_wconf 62' lang='lat' dir='ltr'><strong>Pra‘it</strong></span> <span class='ocrx_word' id='word_1_810' title='bbox 2152 5180 2379 5248; x_wconf 85' lang='lat' dir='ltr'><strong>Prologo</strong></span> <span class='ocrx_word' id='word_1_811' title='bbox 2411 5178 2476 5231; x_wconf 91' lang='lat' dir='ltr'><strong>ad</strong></span> <span class='ocrx_word' id='word_1_812' title='bbox 2515 5177 2687 5229; x_wconf 83' lang='lat' dir='ltr'><strong>Vitam</strong></span> <span class='ocrx_word' id='word_1_813' title='bbox 2707 5174 2917 5229; x_wconf 85' lang='lat' dir='ltr'><strong>Antonii</strong></span> <span class='ocrx_word' id='word_1_814' title='bbox 2938 5172 3121 5226; x_wconf 88' lang='lat' dir='ltr'><strong>titulus</strong></span> <span class='ocrx_word' id='word_1_815' title='bbox 3166 5169 3442 5238; x_wconf 85' lang='lat' dir='ltr'><strong>hujusmo-</strong></span> 
     </span>
    </p>
   </div>
   <div class='ocr_carea' id='block_1_113' title="bbox 1872 5253 3445 5339">
    <p class='ocr_par' dir='ltr' id='par_1_113' title="bbox 1872 5253 3445 5339">
     <span class='ocr_line' id='line_1_114' title="bbox 1872 5253 3445 5339; baseline -0.01 -16"><span class='ocrx_word' id='word_1_816' title='bbox 1872 5270 1922 5323; x_wconf 90' lang='lat' dir='ltr'><strong>di</strong></span> <span class='ocrx_word' id='word_1_817' title='bbox 1953 5270 2018 5339; x_wconf 81' lang='lat' dir='ltr'><strong>(f)</strong></span> <span class='ocrx_word' id='word_1_818' title='bbox 2035 5286 2048 5322; x_wconf 90' lang='lat'><strong>:</strong></span> <span class='ocrx_word' id='word_1_819' title='bbox 2068 5271 2139 5322; x_wconf 72' lang='lat' dir='ltr'><em>BI</em></span> <span class='ocrx_word' id='word_1_820' title='bbox 2141 5286 2208 5332; x_wconf 87' lang='grc' dir='ltr'>ος</span> <span class='ocrx_word' id='word_1_821' title='bbox 2221 5268 2318 5321; x_wconf 82' lang='grc' dir='ltr'><strong>καὶ</strong></span> <span class='ocrx_word' id='word_1_822' title='bbox 2332 5267 2604 5321; x_wconf 79' lang='grc' dir='ltr'><strong>πολιτεία</strong></span> <span class='ocrx_word' id='word_1_823' title='bbox 2615 5265 2719 5318; x_wconf 86' lang='grc' dir='ltr'><strong>τοῦ</strong></span> <span class='ocrx_word' id='word_1_824' title='bbox 2734 5264 2804 5316; x_wconf 82' lang='grc' dir='ltr'>ἐν</span> <span class='ocrx_word' id='word_1_825' title='bbox 2826 5262 3016 5327; x_wconf 80' lang='grc' dir='ltr'>ὁσίοις</span> <span class='ocrx_word' id='word_1_826' title='bbox 3037 5258 3264 5327; x_wconf 77' lang='grc' dir='ltr'><strong>Πατρός</strong></span> <span class='ocrx_word' id='word_1_827' title='bbox 3278 5253 3445 5325; x_wconf 72' lang='grc' dir='ltr'><strong>ἡμῶν</strong></span> 
     </span>
    </p>
   </div>
   <div class='ocr_carea' id='block_1_114' title="bbox 1884 5345 3442 5429">
    <p class='ocr_par' dir='ltr' id='par_1_114' title="bbox 1884 5345 3442 5429">
     <span class='ocr_line' id='line_1_115' title="bbox 1884 5345 3442 5429; baseline -0.012 -14"><span class='ocrx_word' id='word_1_828' title='bbox 1884 5361 2212 5426; x_wconf 75' lang='grc' dir='ltr'><strong>Ἀντωνίου,</strong></span> <span class='ocrx_word' id='word_1_829' title='bbox 2237 5358 2603 5429; x_wconf 57' lang='grc' dir='ltr'><strong>συγγραφάς</strong></span> <span class='ocrx_word' id='word_1_830' title='bbox 2627 5356 2724 5409; x_wconf 78' lang='grc' dir='ltr'><strong>καὶ</strong></span> <span class='ocrx_word' id='word_1_831' title='bbox 2744 5350 3109 5416; x_wconf 80' lang='grc' dir='ltr'><strong>ἀποσταλεὶς</strong></span> <span class='ocrx_word' id='word_1_832' title='bbox 3130 5349 3274 5417; x_wconf 80' lang='grc' dir='ltr'><strong>πρὸς</strong></span> <span class='ocrx_word' id='word_1_833' title='bbox 3301 5345 3442 5411; x_wconf 82' lang='grc' dir='ltr'><strong>τοὺς</strong></span> 
     </span>
    </p>
   </div>
   <div class='ocr_carea' id='block_1_115' title="bbox 1871 5438 3443 5522">
    <p class='ocr_par' dir='ltr' id='par_1_115' title="bbox 1871 5438 3443 5522">
     <span class='ocr_line' id='line_1_116' title="bbox 1871 5438 3443 5522; baseline -0.011 -14"><span class='ocrx_word' id='word_1_834' title='bbox 1871 5457 1941 5509; x_wconf 77' lang='grc' dir='ltr'>ἐν</span> <span class='ocrx_word' id='word_1_835' title='bbox 1987 5453 2062 5522; x_wconf 76' lang='grc' dir='ltr'><strong>τῇ</strong></span> <span class='ocrx_word' id='word_1_836' title='bbox 2096 5454 2240 5519; x_wconf 68' lang='grc' dir='ltr'>ξένῃ</span> <span class='ocrx_word' id='word_1_837' title='bbox 2258 5450 2568 5521; x_wconf 79' lang='grc' dir='ltr'>μοναχοὺς</span> <span class='ocrx_word' id='word_1_838' title='bbox 2591 5448 2748 5517; x_wconf 81' lang='grc' dir='ltr'><strong>παρὰ</strong></span> <span class='ocrx_word' id='word_1_839' title='bbox 2771 5447 2874 5500; x_wconf 87' lang='grc' dir='ltr'><strong>τοῦ</strong></span> <span class='ocrx_word' id='word_1_840' title='bbox 2896 5448 2965 5499; x_wconf 82' lang='grc' dir='ltr'>ἐν</span> <span class='ocrx_word' id='word_1_841' title='bbox 2990 5444 3178 5512; x_wconf 78' lang='grc' dir='ltr'><strong>ἁγίοις</strong></span> <span class='ocrx_word' id='word_1_842' title='bbox 3212 5438 3443 5506; x_wconf 81' lang='grc' dir='ltr'><strong>Πατρός</strong></span> 
     </span>
    </p>
   </div>
   <div class='ocr_carea' id='block_1_116' title="bbox 1869 5530 3441 5619">
    <p class='ocr_par' dir='ltr' id='par_1_116' title="bbox 1869 5530 3441 5619">
     <span class='ocr_line' id='line_1_117' title="bbox 1869 5530 3441 5619; baseline -0.009 -18"><span class='ocrx_word' id='word_1_843' title='bbox 1869 5547 2041 5619; x_wconf 70' lang='grc' dir='ltr'><strong>’ἡμῶν</strong></span> <span class='ocrx_word' id='word_1_844' title='bbox 2090 5544 2436 5599; x_wconf 73' lang='grc' dir='ltr'><strong>Ἀθανασίου</strong></span> <span class='ocrx_word' id='word_1_845' title='bbox 2480 5543 2814 5597; x_wconf 72' lang='grc' dir='ltr'><strong>ἐπισκόπου</strong></span> <span class='ocrx_word' id='word_1_846' title='bbox 2871 5532 3328 5601; x_wconf 77' lang='grc' dir='ltr'><strong>Ἀλεξανδρείας.</strong></span> <span class='ocrx_word' id='word_1_847' title='bbox 3383 5530 3441 5587; x_wconf 79' lang='lat' dir='ltr'><strong>Id</strong></span> 
     </span>
    </p>
   </div>
   <div class='ocr_carea' id='block_1_117' title="bbox 1947 5674 2536 5745">
    <p class='ocr_par' dir='ltr' id='par_1_117' title="bbox 1947 5674 2536 5745">
     <span class='ocr_line' id='line_1_118' title="bbox 1947 5674 2536 5745; baseline -0.01 -15"><span class='ocrx_word' id='word_1_848' title='bbox 1947 5679 2028 5745; x_wconf 78' lang='lat' dir='ltr'><strong>(ri)</strong></span> <span class='ocrx_word' id='word_1_849' title='bbox 2062 5677 2180 5730; x_wconf 85' lang='lat' dir='ltr'><strong>Lib.</strong></span> <span class='ocrx_word' id='word_1_850' title='bbox 2220 5692 2259 5738; x_wconf 86' lang='grc' dir='ltr'>ι,</span> <span class='ocrx_word' id='word_1_851' title='bbox 2293 5691 2413 5743; x_wconf 80' lang='lat' dir='ltr'><strong>cap.</strong></span> <span class='ocrx_word' id='word_1_852' title='bbox 2450 5674 2536 5727; x_wconf 76' lang='grc' dir='ltr'><strong>Η.</strong></span> 
     </span>
    </p>
   </div>
   <div class='ocr_carea' id='block_1_118' title="bbox 1949 5746 2685 5819">
    <p class='ocr_par' dir='ltr' id='par_1_118' title="bbox 1949 5746 2685 5819">
     <span class='ocr_line' id='line_1_119' title="bbox 1949 5746 2685 5819; baseline -0.003 -22"><span class='ocrx_word' id='word_1_853' title='bbox 1949 5750 2017 5811; x_wconf 70' lang='grc' dir='ltr'><strong>(τ’)</strong></span> <span class='ocrx_word' id='word_1_854' title='bbox 2050 5747 2123 5819; x_wconf 6' lang='lat' dir='ltr'><strong>In,</strong></span> <span class='ocrx_word' id='word_1_855' title='bbox 2147 5746 2267 5799; x_wconf 81' lang='lat' dir='ltr'><strong>Vita</strong></span> <span class='ocrx_word' id='word_1_856' title='bbox 2294 5747 2442 5808; x_wconf 81' lang='lat' dir='ltr'><strong>Ath.,</strong></span> <span class='ocrx_word' id='word_1_857' title='bbox 2467 5759 2594 5819; x_wconf 42' lang='grc' dir='ltr'><strong>¹ιζ).</strong></span> <span class='ocrx_word' id='word_1_858' title='bbox 2631 5811 2685 5819; x_wconf 74' lang='lat'>__</span> 
     </span>
    </p>
   </div>
   <div class='ocr_carea' id='block_1_119' title="bbox 1948 5802 3223 5886">
    <p class='ocr_par' dir='ltr' id='par_1_119' title="bbox 1948 5802 3223 5886">
     <span class='ocr_line' id='line_1_120' title="bbox 1948 5802 3223 5886; baseline -0.012 -13"><span class='ocrx_word' id='word_1_859' title='bbox 2046 5818 2332 5880; x_wconf 83' lang='lat' dir='ltr'><strong>Athanas.,</strong></span> <span class='ocrx_word' id='word_1_860' title='bbox 2367 5802 2553 5883; x_wconf 37' lang='lat' dir='ltr'><strong>p.&#39;65l</strong></span> <span class='ocrx_word' id='word_1_861' title='bbox 2588 5828 2602 5875; x_wconf 87' lang='lat'>;</span> <span class='ocrx_word' id='word_1_862' title='bbox 2631 5809 2957 5869; x_wconf 83' lang='lat' dir='ltr'><strong>Tillcmont.,</strong></span> <span class='ocrx_word' id='word_1_863' title='bbox 2992 5812 3100 5860; x_wconf 84' lang='lat' dir='ltr'><strong>nol.</strong></span> <span class='ocrx_word' id='word_1_864' title='bbox 3135 5802 3223 5860; x_wconf 73' lang='lat'><strong>93.</strong></span> 
     </span>
    </p>
   </div>
  </div>
