3990 6524
534 417 700 462 CLVII!

1865 376 2400 459 'PROLEGOMENA'

535 530 652 575 est:
696 518 814 572 Vita
832 522 1216 574 etconversntio
1260 521 1320 576 S.
1349 505 1410 576 Ρξ
1449 524 1618 575 nostri
1645 522 1892 586 Antonii,
1915 523 2109 591 scripta
2139 528 2186 586 Α
2219 537 2339 576 mus
2365 522 2428 574 ad
2461 519 2869 585 Occidentales,
2894 535 3034 590 quou
3071 531 3244 574 tamen
3281 536 3382 575 non
3417 520 3640 592 perinde
3668 535 3782 578 cer-

537 613 798 682 ntissaque
829 614 897 665 ad
921 615 1202 666 monachos
1250 616 1303 666 in
1339 615 1613 683 peregrina
1650 615 1858 682 regione
1899 631 2109 668 versan-

535 717 639 769 tes,
672 722 702 758 tt
744 704 806 760 S.
837 704 906 762 P.
933 717 1112 759 nostra
1137 706 1427 760 Athanasio
1467 707 1709 774 episcopo
1742 706 2103 759 Alexandriae.

534 790 628 844 llis
659 792 824 858 probe
853 792 1041 848 Grzeca
1073 794 1453 862 exprimuntur
1475 834 1490 858 ,
1524 803 1579 848 ut
1610 809 1768 849 nemo
1808 811 1912 848 non
1940 794 2102 849 videt.

531 883 604 936 At
620 881 904 937 Bollandus
928 883 1078 945 illud,
1111 883 1260 950 πρὸς
1278 883 1419 949 τοὺς
1435 884 1506 936 ἐν
1520 882 1593 952 τῇ
1616 883 1762 951 ξένῃ
1778 883 2104 953 μοναχοὺς,

533 973 605 1026 ad
644 975 928 1028 monac/tos
960 975 1013 1027 in
1038 973 1182 1028 Xene
1203 976 1466 1042 degentes,
1497 975 1869 1045 explicandum
1906 984 2059 1043 putat
2085 994 2099 1029 :

537 1075 688 1118 ra’tus
720 1063 923 1119 Xenem
955 1080 1078 1120 esse
1104 1067 1490 1120 monasterium
1538 1068 1839 1136 quoddam,
1886 1075 1977 1120 aut
2007 1082 2106 1121 re—

537 1157 752 1225 gionem
787 1158 929 1212 circa
980 1158 1212 1212 Scethen
1247 1159 1493 1227 proxime
1543 1159 1855 1229 Egyptum.
1907 1158 2102 1214 Verum

534 1247 601 1299 ad
617 1249 867 1318 regionis,
885 1265 988 1302 non
1008 1266 1132 1304 vero
1152 1251 1462 1306 monasterii
1481 1251 1779 1319 cujusdam,
1807 1251 2100 1306 monachos

541 1333 712 1388 Vitam
750 1339 960 1392 Antonii
1002 1341 1218 1395 missam
1261 1343 1586 1395 Athanasius
1624 1344 1706 1397 his
1748 1341 2097 1398 testificatur:

530 1429 756 1501 καὶγὰρ
803 1431 898 1484 καὶ
945 1433 1072 1502 ὑμῖν
1125 1433 1310 1487 λοιπὸν
1366 1437 1720 1506 μοναστήρια,
1764 1437 1856 1488 καὶ
1884 1436 1944 1487 τὸ
1993 1435 2102 1488 τῶν

534 1523 782 1592 μοναχῶν
806 1523 976 1594 ὄνομα
1006 1527 1379 1580 πολιτεύεται·
1409 1529 1509 1582 hoc
1537 1539 1615 1583 est
1642 1546 1655 1583 :
1694 1547 1814 1582 nam
1851 1529 1991 1598 apud
2017 1546 2100 1582 vos

529 1629 732 1683 quoque
757 1616 962 1668 demum
1001 1621 1318 1672 monasteria
1365 1621 1659 1683 habentur,
1715 1632 1761 1673 et
1813 1621 2099 1674 monacho-

530 1719 647 1754 rum
679 1720 862 1758 nomen
891 1708 1463 1781 [requentatnr:quod
1523 1726 1652 1766 sane
1689 1728 1793 1765 non
1855 1712 1921 1766 tle
1985 1727 2098 1766 mo-

529 1795 767 1864 nasterio
799 1798 1026 1863 quodam
1050 1839 1063 1862 ,
1099 1802 1189 1853 sed
1222 1801 1286 1854 de
1321 1803 1534 1871 regione
1568 1801 1647 1855 vel
1691 1811 1903 1864 tractu,
1940 1801 2097 1856 intel-

2212 626 2344 671 tum.
2379 615 2498 670 lhec
2526 617 2592 670 de
2621 614 2773 669 titulo
2797 615 2847 667 in
2879 613 3054 666 fronte
3099 613 3306 691 posito.‘

2279 704 2396 761 1am
2423 706 2488 758 ad
2528 705 2701 758 locum
2737 703 2982 773 Prologi,
3022 703 3110 757 ubi
3162 714 3400 757 veterum
3450 703 3696 756 codicum
3728 710 3781 758 et

2207 795 2471 851 editorum
2511 795 2795 850 lectionem
2825 811 2854 847 a
2892 794 3046 848 nobis
3084 795 3384 848 restitutam
3433 797 3640 864 respuit
3672 791 3781 848 Til-

2207 888 2494 943 lemontius
2526 887 2620 958 (b),
2657 896 2710 941 et.
2755 885 3170 941 Hmschilianam
3239 888 3638 956 pugnacissime
3690 889 3781 941 de-

2207 979 2394 1036 fendit.
2427 979 2603 1048 thue
2644 993 2756 1032 rem
2782 977 2849 1031 ab
2879 977 3100 1032 exordio
3142 977 3435 1032 ducamus:
3461 977 3513 1030 in
3542 976 3780 1043 antiquis

2205 1072 2456 1128 omnibus
2483 1071 2692 1125 Latinis
2717 1069 2876 1123 editis
2896 1110 2910 1132 ,
2941 1067 3042 1123 sub
3071 1068 3228 1122 linem
3253 1067 3462 1138 Prologi
3493 1067 3777 1122 Athanasii
3809 1114 3820 1130 κ

2206 1165 2274 1218 ad
2319 1161 2493 1215 Vitam
2524 1162 2738 1215 Antonii
2765 1176 2830 1216 ex
2861 1160 3105 1214 versione
3155 1159 3387 1230 Evagrii,
3423 1161 3535 1214 haec
3592 1159 3778 1228 legun-

2206 1263 2322 1307 tur:
2358 1252 2487 1306 ldeo
2517 1269 2577 1306 ea
2595 1292 2610 1316 ,
2651 1269 2767 1321 qua:
2789 1260 2839 1306 et
2865 1253 2974 1320 ipse
3001 1267 3246 1305 noveram
3273 1267 3292 1306 :
3319 1251 3619 1320 frequenter
3638 1251 3776 1304 enim

2203 1363 2321 1400 eum
2354 1345 2594 1408 visitavi,
2623 1355 2670 1399 et
2706 1361 2824 1414 qua:
2849 1346 2912 1398 ab
2939 1362 2998 1398 eo
3044 1345 3241 1409 didici,
3281 1345 3371 1411 qui
3418 1343 3485 1396 ad
3534 1343 3775 1412 prwben-

2203 1436 2325 1489 dam
2361 1437 2408 1489 ei
2441 1453 2633 1505 aquam
2669 1453 2770 1488 non
2802 1434 3080 1504 paululum
3105 1435 3352 1502 temporis
3384 1449 3502 1486 cum
3540 1449 3600 1485 eo
3636 1431 3775 1496 feci,

2203 1527 2475 1581 dilectioni
2504 1537 2686 1580 vestra:
2713 1526 2952 1579 indicare
2973 1525 3266 1594 properavi.
3298 1523 3422 1578 llasc
3449 1523 3578 1577 item
3617 1523 3777 1579 lectio

2202 1621 2254 1673 in
2289 1619 2538 1674 omnibus
2567 1617 2772 1673 Latinis
2799 1617 3199 1687 exemplaribus
3230 1616 3633 1683 manuscriptis,
3655 1631 3775 1684 quae

2203 1712 2408 1781 ingenti
2465 1726 2691 1766 numero
2728 1711 2867 1777 vidi,
2923 1723 3262 1779 quorumque
3312 1723 3416 1761 non
3479 1723 3650 1776 pauca
3707 1707 3774 1760 ad

2207 1805 2350 1859 hunc
2381 1804 2554 1859 locum
2580 1803 2896 1857 nominatim
2933 1800 3199 1866 iudicavi,
3232 1800 3361 1868 ipsis
3391 1799 3572 1854 verbis
3610 1799 3781 1853 habe—
3867 1873 3873 1878 _

527 1879 693 1951 ligcre
719 1883 796 1938 las
819 1896 921 1940 est.
955 1886 1124 1959 Ξένην
1155 1905 1281 1944 vero
1316 1891 1586 1960 regionem
1625 1893 1822 1945 frustra
1848 1889 2170 1974 quaeram}!
2205 1909 2290 1952 tur
2330 1913 2346 1952 :
2376 1899 2426 1951 in
2469 1912 2575 1951 uno
2606 1906 2781 1950 tamen
2834 1895 2974 1950 illius
3011 1894 3162 1960 loco,
3211 1893 3344 1962 feci,
3390 1891 3620 1962 legitur,
3657 1890 3778 1960 fui;

528 1985 692 2044 atque
717 1977 1016 2042 hujustnodi
1045 1996 1173 2034 voce
1209 1983 1550 2052 peregrinum
1581 1982 1812 2050 aliquem
1864 1994 2094 2038 tractum

525 2062 790 2129 indicari,
820 2081 939 2120 cum
992 2083 1078 2122 res
1128 2069 1239 2138 ipsa
1263 2111 1278 2137 ,
1312 2080 1421 2124 tum
1470 2073 1651 2126 titulus
1716 2073 1928 2144 Evagrii
1962 2075 2051 2144 qui
2079 2115 2094 2138 ,

525 2157 817 2222 superstite
846 2157 1020 2212 adhuc
1060 2160 1392 2228 Athanasio,
1425 2162 1670 2218 Latinam
1697 2166 1831 2219 Vita:
1875 2167 2095 2220 Antonii

526 2246 832 2300 versionem
861 2249 1239 2315 concinnavit,
1269 2253 1585 2321 comprobat
1624 2273 1638 2308 :
1677 2257 1754 2310 sic
1784 2255 1870 2310 ille
1895 2256 2093 2311 habet:

523 2336 844 2393 Athanasius
871 2343 1140 2410 episcopus
1162 2385 1177 2408 ,
1205 2346 1273 2396 ad
1296 2348 1594 2415 peregrinos
1619 2351 1831 2417 fratres.
1861 2349 1937 2401 Ea
1967 2352 2092 2404 item

523 2428 764 2484 Bollandi
829 2434 1093 2487 sententia
1153 2434 1272 2489 aliis
1318 2453 1440 2491 mox
1482 2436 1768 2494 alferendis
1811 2441 2093 2495 Athanasii

526 2523 848 2578 testimoniis
877 2526 1140 2582 obruitur.
1181 2529 1289 2584 llac
1321 2533 1537 2601 quidem
1581 2534 1634 2586 in
1689 2551 1748 2588 re
1776 2537 1933 2590 nobis
1958 2538 2093 2591 asti-

523 2613 746 2680 pulatur
771 2615 1148 2674 Tillemontius
1179 2636 1196 2674 :
1233 2637 1416 2676 verum
1451 2625 1634 2679 nescio
1675 2640 1780 2694 quo
1817 2636 2092 2695 permotus

525 2704 817 2771 adjecerit,
851 2724 954 2762 non
997 2725 1151 2778 posse
1207 2727 1265 2766 se
1311 2729 1375 2768 ex
1422 2716 1701 2770 Athanasii
1755 2718 1913 2772 dictis
1941 2720 2091 2788 expi-

521 2797 707 2862 scari,
741 2800 996 2866 proculue
1020 2818 1086 2856 an
1111 2803 1334 2857 evicino
1358 2805 1462 2858 sita
1497 2805 1656 2860 fuerit
1689 2809 1837 2875 regio
1871 2809 2090 2864 istharc:

525 2901 589 2941 ex
616 2887 826 2960 Prologi
854 2893 1050 2960 quippe
1081 2895 1239 2949 dictis
1260 2895 1428 2965 liquet
1453 2895 1618 2952 fuisse
1640 2901 2089 2955 transmarinam:

523 2980 619 3033 καὶ
663 2981 820 3051 ὑμεῖς
852 2983 909 3036 δὲ
945 2985 1018 3055 μὴ
1057 2985 1339 3058 παύσησθε
1393 2987 1506 3058 (sic
1541 2990 1666 3057 ille)
1707 2992 1832 3054 τοὺς
1881 2993 2091 3048 ἐνθένδε

522 3072 782 3139 πλέοντας
817 3078 1047 3149 ἐρωτᾷν,
1085 3079 1168 3133 Ne
1202 3081 1454 3135 desinatis
1489 3081 1721 3136 homines
1755 3085 1875 3138 hinc
1907 3087 1973 3138 ad
2006 3103 2092 3140 vos

522 3167 827 3234 navigantes
853 3171 1182 3234 percontari;
1217 3171 1266 3224 id
1295 3182 1408 3236 est,
1453 3183 1509 3226 ut
1539 3184 1687 3243 gesta
1716 3174 1934 3229 Antonii
1975 3176 2089 3229 edi—

522 3259 728 3322 scatis;
771 3269 824 3312 et
853 3259 1078 3316 inferius
1104 3262 1178 3315 ait
1212 3277 1268 3316 se
1300 3261 1622 3318 festinanter
1659 3265 1831 3320 Vitam
1873 3266 2090 3323 Antonii

521 3350 860 3416 describere,
889 3353 1013 3420 quia
1046 3363 1289 3407 vertente
1312 3355 1424 3421 jam
1461 3357 1743 3426 navigandi
1777 3366 2094 3427 tempestate

522 3441 841 3494 tabellarius
860 3454 1124 3495 maturam
1155 3444 1538 3499 discessionem
1577 3458 1792 3515 pararet
1816 3489 1830 3510 ,
1855 3451 1882 3501 ὁ
1904 3451 2094 3520 καιρὸς

517 3531 630 3584 τῶν
684 3531 942 3602 πλωῒμων
975 3535 1268 3588 συνέκλειε.
1319 3535 1436 3602 Quo
1493 3552 1625 3590 sane
1675 3543 2090 3596 transmarinam

525 3622 688 3675 fuisse
725 3626 995 3692 regionem
1025 3625 1380 3692 signiﬁcatur.
1416 3625 1548 3680 Nam
1581 3628 1647 3681 ad
1695 3630 2088 3699 navigationem

521 3713 626 3768 Nili
653 3713 881 3768 adverso
915 3713 1135 3769 ﬂumine
1163 3719 1524 3788 peragendam
1560 3719 1611 3772 itl
1648 3719 1850 3776 referre
1870 3764 1884 3787 ,
1909 3733 1965 3778 ut
1984 3734 2092 3778 ten-

523 3807 656 3858 tavit
701 3806 920 3874 quidam
946 3846 960 3870 ,
995 3807 1417 3876 ἀπροσδιόνυσον
1461 3819 1543 3863 est
1572 3829 1586 3866 :
1615 3811 1882 3880 siquidem
1909 3817 1974 3869 ad
2003 3831 2093 3870 su-

520 3896 754 3963 perioris
801 3893 1018 3964 :Egypti
1085 3901 1412 3965 monachos,
1475 3901 1527 3955 in
1589 3903 1858 3960 montibus
1904 3906 2090 3974 procul

521 3989 807 4055 degentes,
867 3987 1022 4058 longe
1071 3992 1375 4057 expeditior
1425 3994 1704 4049 terrestris
1735 3996 1816 4048 via
1847 4004 2000 4060 erat,
2033 4008 2093 4052 ut

523 4093 683 4130 nemo
723 4080 889 4134 nescit
935 4098 947 4132 :
985 4089 1037 4134 et
1064 4081 1300 4150 alioquin
1332 4084 1396 4137 ad
1439 4087 1726 4141 monachos
1754 4104 1934 4142 rerum
1977 4090 2090 4142 An-

525 4169 654 4219 tonii
691 4168 904 4237 ignaros
935 4172 1048 4225 haec
1079 4170 1200 4224 Vita
1248 4175 1511 4240 mittitur,
1544 4177 1686 4246 quod
1729 4179 1796 4233 de
1825 4179 2092 4250 Egyptiis

522 4261 603 4315 vel
644 4262 991 4316 linitimarutn
1032 4266 1308 4334 regionum
1342 4271 1656 4334 monachis,
1701 4272 1819 4335 quis
1853 4275 2089 4327 somnia—

520 4355 698 4408 verit?
724 4358 802 4408 An
834 4367 1021 4410 auctor
1059 4369 1139 4412 est
1173 4360 1498 4415 Athanasius
1526 4360 1824 4419 Palmstinis
1865 4373 1918 4417 et
1968 4365 2088 4419 ﬁtti-

518 4447 664 4499 timis
693 4446 1036 4518 zEgyptoquc
1067 4450 1257 4506 vicinis
1301 4454 1583 4507 monachis
1608 4494 1623 4518 ,
1671 4464 1730 4507 ttt
1763 4467 1954 4510 nautas
1997 4473 2088 4511 ve.-

2202 1991 2254 2045 in
2280 1991 2482 2054 altero,
2513 1989 2722 2065 [ueram
2743 2031 2758 2055 ,
2791 1990 2976 2043 eadem
3007 2003 3230 2057 prorsus
3259 1986 3546 2040 sententia.
3589 1983 3773 2038 Vitam

2199 2085 2416 2138 Antonii
2451 2083 2638 2138 Grzece
2677 2083 2823 2153 prior
2843 2082 3010 2136 edidit
3060 2080 3224 2134 David
3259 2077 3629 2142 llwsehclius,
3684 2092 3777 2130 an.

2202 2179 2374 2243 1611,
2405 2193 2472 2232 ex
2514 2177 2704 2231 vitiato
2756 2174 3054 2243 exemplari
3097 2188 3443 2242 expressam,
3479 2181 3537 2224 ut
3588 2171 3781 2225 videre

2198 2270 2324 2326 licet
2350 2271 2418 2324 ab
2451 2269 2749 2324 innumeris
2776 2268 3017 2333 mendis,
3054 2283 3187 2338 quas
3228 2268 3280 2320 in
3314 2266 3554 2319 editione
3603 2264 3778 2318 Athao

2197 2363 2332 2417 nasii
2367 2371 2548 2417 nostra
2607 2361 2913 2416 notavimus
2947 2378 2961 2413 :
2997 2359 3085 2413 ubi
3150 2343 3560 2427 nonnunquam.
3595 2359 3777 2411 hiatus

2197 2456 2384 2509 decem
2419 2453 2774 2510 duodecimve
2801 2453 3064 2506 linearum
3093 2452 3487 2518 deprehendas.
3529 2450 3606 2505 lbi
3645 2464 3776 2502 vero

2196 2547 2274 2602 sic
2302 2547 2525 2617 legitur:
2551 2546 2652 2599 Διὰ
2668 2545 2842 2599 τοῦτο
2857 2545 3007 2610 ἅπερ
3029 2545 3210 2609 αὐτός
3221 2561 3286 2596 τε
3302 2543 3592 2610 γινώσκω,
3626 2545 3777 2594 πολ-

2194 2639 2368 2704 λάκις
2397 2640 2507 2708 γὰρ
2531 2638 2718 2692 αὑτὸν
2742 2636 2988 2705 ἑώρακα,
3022 2636 3117 2688 καὶ
3153 2634 3189 2689 ἂ
3211 2633 3425 2704 μαθεῖν
3456 2632 3775 2702 ἠδυνήθην

2195 2731 2352 2799 παρὰ
2387 2730 2493 2785 τοῦ
2522 2728 3055 2799 ἀκολουθήσαντος
3076 2726 3235 2793 αὐτῷ
3261 2729 3484 2795 χρόνον
3508 2729 3621 2780 οὐκ
3651 2726 3776 2779 ὀλί-

2193 2839 2322 2890 γον,
2346 2821 2442 2874 καὶ
2459 2821 2814 2889 ἐπιχέαντος
2830 2819 2987 2888 ὕδωρ
3005 2819 3153 2873 κατὰ
3177 2819 3376 2888 χεῖρας
3395 2818 3605 2877 αὐτοῦ,
3632 2834 3773 2886 γρα-

2192 2917 2302 2984 ψαι
2324 2913 2396 2982 τῇ
2407 2914 2686 2981 εὐλαϐείᾳ
2745 2912 2912 2983 ὑμῶν
2933 2911 3310 2966 ὑσπούδασα.
3340 2941 3411 2950 -
3433 2910 3486 2964 ld
3505 2920 3586 2964 est
3608 2928 3622 2964 :
3645 2910 3772 2962 Ideo

2192 3023 2512 3076 qua‘cunque
2531 3007 2648 3060 novi
2669 3045 2683 3069 ,
2702 3022 2838 3073 ηερε
2859 3006 3045 3059 etenim
3073 3003 3222 3057 illum
3241 3004 3347 3057 vidi
3364 3021 3383 3068 ;
3399 3012 3446 3056 et
3471 3018 3591 3068 qua:
3621 3003 3686 3054 ab
3712 3019 3770 3054 eo

2193 3099 2419 3152 ediscere
2439 3098 2585 3164 potui
2607 3137 2621 3163 ,
2643 3097 2732 3166 qui
2762 3113 2864 3150 non
2893 3095 3095 3149 modico
3117 3106 3338 3160 tempore
3361 3096 3525 3149 virum
3559 3103 3771 3148 secutus

2194 3201 2269 3244 est
2292 3201 2481 3262 ,atque
2511 3190 2714 3245 lavanti
2744 3205 2931 3242 manus
2969 3206 3161 3258 aquam
3205 3189 3405 3258 e/fudi,
3442 3199 3626 3242 vestra:
3660 3188 3771 3254 pie-

2196 3286 2293 3338 tati
2331 3284 2612 3338 rescribere
2638 3282 2901 3348 {estinavi.
2938 3281 3243 3338 Secundum
3283 3283 3422 3337 hanc
3452 3296 3614 3334 unam
3645 3280 3774 3334 lite-

2195 3377 2440 3432 schiliani
2475 3376 2602 3430 editi
2635 3375 2943 3437 lectionem,
2978 3375 3122 3430 nulla
3179 3373 3535 3441 manuscripti
3589 3371 3772 3425 Latini

2194 3469 2517 3522 auctoritate
2573 3467 2856 3532 suadente,
2906 3466 3227 3522 Rosweidus
3282 3466 3332 3519 itt
3383 3462 3603 3534 Evagrii
3653 3478 3777 3515 ver-

2193 3559 2342 3614 sione
2372 3559 2516 3628 fecit,
2551 3573 2648 3626 pro
2696 3558 2818 3626 feci,
2871 3559 3133 3627 reposuit,
3179 3573 3281 3626 qua
3313 3560 3474 3611 unius
3513 3555 3777 3609 litterulas

2193 3646 2465 3699 additione
2495 3644 2870 3699 Hmschilianae
2898 3645 3146 3699 Latinam
3176 3645 3458 3699 lectionem
3494 3645 3775 3714 coaptavit

2192 3734 2293 3789 hoc
2329 3746 2519 3804 pacto:
2546 3735 2614 3789 Et
2645 3753 2762 3805 qua:
2797 3736 2861 3790 ab
2886 3754 2944 3791 eo
2978 3738 3161 3800 didici,
3194 3738 3288 3806 qui
3311 3737 3382 3790 ad
3426 3735 3772 3804 praebendam

2191 3829 2238 3881 ei
2261 3844 2452 3896 aquant
2494 3845 2594 3882 non
2639 3829 2908 3897 paululum
2937 3829 3184 3896 temporis
3225 3845 3343 3882 cum
3373 3845 3433 3881 eo
3472 3830 3621 3896 lecit.
3653 3827 3774 3882 Sub

2193 3919 2306 3973 lucc
2360 3920 2486 3974 dum
2533 3921 2814 3974 Athanasii
2859 3919 3114 3990 operibus
3166 3921 3385 3974 edendis
3426 3921 3773 3981 iusudamus,

2193 4021 2246 4064 et
2284 4011 2500 4066 cortices
2535 4011 2942 4082 diligentissime
2993 4011 3379 4079 perquirimus,
3427 4011 3481 4064 in
3537 4019 3781 4080 quatuor

2191 4103 2412 4172 Optima:
2460 4114 2600 4158 nota:
2654 4103 3056 4172 tnanuscriptis,
3106 4102 3389 4158 lectionem
3421 4118 3543 4156 cum
3576 4102 3774 4158 Latina

2190 4197 2360 4251 veteri
2404 4198 2760 4266 quadrantem
2812 4199 3287 4268 deprehendimus,
3320 4210 3440 4265 qum
3466 4197 3544 4250 sic
3567 4196 3774 4250 habet:

2191 4290 2292 4341 Διὰ
2329 4290 2500 4342 τοῦτο
2534 4289 2683 4356 ἅπερ
2717 4291 2899 4355 αὐτός
2938 4307 3000 4343 τε
3037 4287 3339 4358 γινώσκω,
3365 4287 3460 4340 καὶ
3495 4285 3532 4339 ἂ
3557 4287 3782 4356 μαθεῖν

2189 4378 2504 4446 ἠδυνήθην
2533 4379 2667 4456 παρ’
2697 4379 2881 4434 αὑτοῦ
2909 4377 3332 4443 ἀκολουθήσας
3352 4376 3512 4441 αὐτῷ
3547 4378 3781 4446 χρόνον

2189 4473 2300 4524 οὐκ
2319 4470 2545 4538 ὀλίγον,
2574 4471 2669 4523 καὶ
2701 4470 2954 4539 ἐπιχέων
2975 4471 3124 4538 ὕδωρ
3144 4471 3294 4523 κατὰ
3326 4469 3528 4538 χεῖρας
3557 4468 3776 4534 αὐτοῦ,

514 4546 802 4606 ctoresque
825 4540 890 4591 ad
928 4555 1052 4593 oras
1109 4557 1231 4594 suas
1274 4544 1605 4612 appellentes
1661 4556 2083 4612 percontentur,

2197 4562 2408 4635 γράψαι
2426 4560 2499 4629 τῇ
2515 4563 2791 4626 εὐλαϐείᾳ
2811 4561 2971 4630 ὑμῶν
2985 4563 3358 4616 ἐσπούδασα.
3381 4560 3489 4616 lloc
3507 4571 3591 4616 est
3609 4578 3622 4613 :
3643 4561 3670 4614 Ι
3676 4562 3778 4614 dco

513 4632 634 4699 quis
661 4632 904 4700 qualisve
949 4632 1107 4686 fuerit
1140 4635 1442 4701 Antonius,
1479 4637 1566 4704 qui
1611 4639 1662 4691 in
1710 4639 1885 4693 media
1923 4639 2092 4712 [Egy-

515 4729 603 4789 plo
643 4720 708 4774 ad
759 4722 1002 4790 quintum
1059 4739 1219 4792 supra
1273 4727 1626 4782 centesimum
1685 4744 1884 4783 annum
1921 4732 2082 4784 vitam

511 4815 848 4881 produci-ns,
911 4825 1110 4870 lautam
1171 4823 1562 4876 monachorum
1634 4825 2085 4895 pepulariumque

513 4905 871 4976 frequentiam
911 4927 974 4964 ex
1011 4912 1166 4984 Syria
1191 4952 1206 4976 ,
1237 4914 1518 4968 Palaestiua
1544 4955 1556 4974 ,
1592 4917 1818 4986 aliisque
1847 4918 2087 4975 Orientis

514 4999 828 5067 regionibus
851 5043 863 5063 ,
901 5002 964 5054 ad
999 5005 1079 5056 sui
1118 5005 1484 5072 spectaculum
1517 5005 1813 5070 evocabat,
1847 5019 1903 5061 ut
1936 5010 2087 5063 testi—

516 5093 746 5145 licantur
771 5095 1100 5150 Athanasius
1130 5106 1182 5149 et
1238 5094 1594 5165 Hieronymus
1628 5097 1754 5166 (a)?
1797 5098 1877 5152 Att
1914 5100 2087 5152 Atha-

511 5185 697 5239 nasius
725 5201 790 5240 ne
835 5188 1121 5257 navigandi
1171 5196 1460 5254 tempestas
1491 5187 1730 5243 ellluetet
1753 5230 1765 5249 .
1796 5199 1849 5244 et
1888 5207 2086 5259 oppor-

511 5277 714 5330 tunitas
759 5278 1100 5344 elaberetur,
1162 5276 1482 5332 festinanter
1535 5280 1856 5347 admodum,
1914 5292 1969 5334 ut
2008 5283 2084 5336 ait

511 5369 617 5433 ille,
655 5367 828 5424 Vitam
862 5371 1079 5424 Antonii
1135 5369 1420 5434 edidisset,
1458 5371 1502 5426 si
1537 5373 1602 5426 ad
1659 5371 1825 5442 Syros
1861 5373 1938 5426 vel
1989 5375 2085 5426 Pa-

511 5459 748 5515 laestinos
792 5463 1036 5529 aliosque
1082 5461 1291 5516 vicinos
1341 5465 1634 5520 monachos
1672 5465 2079 5518 trausmittemla

509 5549 664 5601 erat?
695 5548 820 5603 lude
859 5549 1012 5602 nobis
1065 5549 1401 5616 exploratum
1457 5554 1678 5608 omnino
1715 5554 1927 5606 videtur
1953 5594 1968 5612 ,
2015 5556 2080 5607 ad

514 5642 907 5692 transmarinos
935 5649 988 5691 et
1013 5639 1196 5704 procul
1232 5654 1511 5698 versantes
1535 5644 1829 5697 monachos
1862 5643 2081 5699 missam

513 5729 728 5782 Antonii
775 5730 947 5781 Vitam
983 5731 1050 5782 ab
1078 5730 1371 5789 Athanasio
1422 5733 1610 5800 fuisse,
1640 5745 1692 5790 et
1730 5746 1784 5790 ut
1818 5737 2081 5806 conjecta-

581 5819 654 5883 (α)
696 5818 749 5871 ln
791 5820 908 5871 lita
945 5821 1250 5880 Hilarionis.

2187 4669 2510 4724 qntecunque
2541 4654 2655 4706 novi
2681 4668 2696 4706 :
2721 4669 2855 4721 sa’pe
2884 4654 3071 4706 etenim
3090 4653 3236 4706 illunt
3268 4653 3403 4717 vidi;
3421 4660 3468 4706 et
3489 4667 3607 4720 qua:
3628 4653 3779 4705 abeo

2191 4745 2374 4807 didici,
2432 4743 2522 4810 qui
2563 4759 2665 4796 non
2709 4743 2912 4796 modico
2948 4754 3176 4811 tempore
3212 4743 3601 4795 rirumsecutns
3630 4758 3776 4803 sum,

2193 4848 2349 4906 atque
2369 4832 2608 4888 ablu'enli
2647 4851 2833 4886 manus
2881 4851 3073 4904 aquam
3117 4835 3301 4903 eﬁ‘udi,
3352 4844 3538 4888 vestrae
3586 4835 3775 4903 pietati

2195 4928 2420 4981 scribere
2453 4926 2718 4994 festinaui.
2759 4925 3014 4978 Eamdem
3067 4941 3195 4978 vero
3233 4935 3418 4996 postea
3476 4925 3777 4978 lectionem

2196 5017 2246 5070 iu
2281 5018 2576 5084 exeniplat-i
2611 5015 2869 5069 Vaticano
2895 5015 3240 5084 perantiquo,
3274 5033 3423 5069 num.
3469 5017 3598 5082 566,
3632 5027 3686 5070 et
3717 5020 3777 5070 is:

2196 5108 2382 5161 codice
2416 5106 2529 5160 Rli.
2567 5105 2668 5160 PP.
2705 5107 2762 5159 S.
2815 5105 2992 5159 Basilii
3039 5105 3223 5160 linunt:
3282 5107 3426 5173 paris
3482 5109 3783 5160 Vetustatis

2197 5193 2393 5259 reperi.
2447 5191 2501 5245 lu
2550 5203 2782 5260 qualuor
2803 5201 2982 5246 autem
3015 5193 3138 5246 aliis
3167 5194 3569 5262 exetnplaribns
3598 5196 3781 5250 let-tur

2193 5283 2556 5338 llmschiliaua
2589 5300 2748 5353 supra
2803 5297 3099 5339 memorata
3159 5267 3355 5349 lectio,
3407 5287 3608 5355 quibus
3644 5289 3779 5341 sub-

2191 5375 2528 5443 jungendum
2563 5376 2707 5429 aliud
2743 5377 2842 5429 viri
2868 5377 3012 5431 docti
3044 5378 3105 5432 D.
3139 5379 3205 5432 du
3231 5377 3440 5432 Poirier
3479 5378 3776 5434 Turonen-

2191 5466 2287 5530 sis,
2326 5466 2417 5518 sed
2452 5481 2646 5522 recens
2679 5479 2734 5520 et
2772 5469 3178 5538 bombyciuum,
3215 5471 3354 5538 quod
3386 5467 3779 5522 llmsehilianae

2191 5556 2318 5610 item
2349 5556 2566 5612 lectioni
2609 5559 2828 5614 acciuit.
2870 5559 3064 5613 Verum
3096 5575 3215 5628 qua:
3263 5562 3402 5614 hanc
3435 5572 3778 5630 postremam

2193 5650 2512 5716 prteleruut,
2547 5667 2652 5704 non
2691 5663 2876 5705 mutuo
2899 5661 3236 5708 consonant:
3279 5671 3402 5706 natu
3429 5655 3624 5708 horum
3653 5672 3780 5707 om-

2192 5742 2340 5795 nium
2391 5743 2812 5798 vetustissimum
2856 5743 3080 5815 Regium
3127 5745 3205 5799 sic
3256 5746 3453 5799 habet:
3493 5746 3646 5817 παρὰ
3691 5748 3778 5817 θεῷ

2255 5835 2327 5901 (b)
2368 5833 2486 5888 Not.
2527 5835 2575 5889 t.
