3990 6514
1194 433 1283 489 DE
1325 394 1483 488 vna
1524 433 1614 489 ET
1656 433 1967 491 scntprts
2009 434 2063 487 s.
2105 434 2494 490 amastis”.

3314 446 3438 490 σωκ

196 556 619 631 ἀκολουθήσαντι
646 559 829 630 αὐτῷ,
881 566 935 613 et
982 557 1183 625 reliqua
1209 557 1460 625 perplexe
1496 556 1679 611 refert.
1718 556 1738 609 Ι

1879 571 2035 610 sonsu
2079 555 2412 609 intemeratis
2447 554 2633 605 vitium
2663 553 2865 606 sarcire
2887 552 3157 605 additione
3186 550 3300 616 τοῦ,
3334 554 3438 607 hoc

197 666 287 718 qua
320 650 839 718 ntanuscriptorum
878 649 1136 701 varietate
1166 647 1294 715 quid
1318 647 1581 717 agendum
1614 646 1769 699 nobis

198 752 319 805 erat,
351 755 517 809 quam
555 751 619 793 ut
656 750 739 793 tot
767 738 996 803 Grzecis,
1030 738 1344 807 Latinisque
1384 737 1633 792 omnibus
1681 753 1769 792 as-

198 842 375 885 sertam
436 831 745 884 lectionem
803 830 1297 899 amplecteremur:
1351 844 1415 881 ac
1469 828 1519 881 in
1574 826 1768 883 Latino

197 922 474 990 exemplari
505 937 711 977 vocem
772 924 1203 982 restitueremus,
1232 931 1289 975 ut
1321 932 1436 975 erat
1478 906 1607 976 ante
1655 921 1765 975 Ro-

198 1015 475 1080 sweidum;
515 1032 648 1068 eum
691 1017 933 1070 maxime
969 1016 1136 1069 altera
1182 1015 1338 1068 lectio
1367 1014 1515 1067 varie
1540 1013 1765 1078 feratur,

195 1117 238 1160 et
262 1107 308 1159 in
333 1107 587 1160 novanda
621 1108 903 1161 sententia
937 1108 1001 1159 ab
1026 1106 1448 1159 amanuensibus
1478 1106 1763 1159 titubatum

194 1212 296 1252 esse
320 1196 495 1265 palam
528 1197 655 1251 sit?
696 1194 840 1251 Nam
890 1212 1008 1251 cum
1056 1211 1253 1250 omnes
1288 1198 1509 1251 omnino
1553 1197 1765 1250 codices

197 1290 365 1353 Latini,
404 1304 466 1343 ac
502 1289 639 1342 editi
670 1304 896 1357 quoque
923 1297 1045 1342 ante
1102 1286 1469 1346 Bosvreidutn,
1518 1287 1760 1340 eamdem

197 1383 341 1450 ipsam
386 1379 693 1434 lectionem
728 1380 1022 1449 praeferant
1062 1395 1076 1444 ;
1122 1379 1247 1433 hinc
1296 1381 1542 1448 sequitur
1579 1378 1650 1430 ita
1683 1378 1759 1431 le-

194 1474 309 1541 gisse
356 1471 686 1540 Evagrium,
751 1472 843 1540 qui
894 1470 1186 1525 Athanasio
1238 1470 1414 1524 adlmc
1471 1472 1763 1540 Superstite

193 1562 381 1617 Antonii
416 1560 601 1615 Vitam
640 1561 844 1615 Latine
873 1564 1049 1624 vertit,
1078 1572 1242 1631 atque
1277 1565 1409 1615 adeo
1446 1578 1758 1631 germanam

195 1654 311 1704 illam
341 1666 461 1706 esse
484 1653 791 1707 Athanasii
827 1653 1136 1714 lectionem,
1156 1668 1315 1721 quam
1340 1653 1464 1706 item
1487 1662 1563 1705 tot
1586 1653 1760 1706 Grarci

194 1744 375 1799 codices
400 1744 739 1812 przeferant.
776 1744 845 1798 Et
876 1746 987 1797 lucc
1019 1759 1123 1797 una
1156 1744 1314 1798 nobis
1344 1743 1484 1797 ratio
1530 1752 1647 1798 erat
1691 1742 1759 1797 ad

193 1850 287 1887 eam
318 1837 725 1889 restituendam
762 1821 943 1890 satis:

1876 648 2052 710 modo,
2072 647 2223 701 καὶ·ἂ
2250 646 2438 717 μαθεῖν
2464 644 2732 715 ἠδυνήθην
2754 646 2881 715 παρ’
2907 642 3068 696 αὑτοῦ
3095 643 3188 695 τοῦ
3215 642 3439 696 ἀκολου-

1874 740 2158 811 θήσαντος,
2188 750 2293 794 etc.
2320 738 2456 792 llinc
2482 752 2612 791 Sane
2640 736 2896 789 videbunt
2922 734 3230 789 Grazcorum
3262 748 3439 787 exem-

1872 832 2102 899 plarium
2155 830 2434 899 peritiores
2494 829 2843 881 mutationem
2902 827 2953 880 in
2988 827 3153 879 solam
3192 826 3438 881 liceschi-

1872 921 2064 975 lianatn
2084 922 2361 975 lectionem
2381 921 2571 975 cadere
2601 921 2855 988 potuisse.
2881 920 3191 987 Quanquam
3222 920 3331 972 haec
3349 936 3438 971 su-

1870 1029 2198 1083 pervacanea
2219 1013 2354 1067 forte
2374 1013 2889 1081 videantur.quando
2909 1012 3130 1064 alteram
3152 1010 3435 1063 lectionem

1867 1121 1994 1159 vere
2013 1106 2291 1158 Athanasii
2338 1120 2457 1158 esse
2492 1116 2573 1158 sat
2604 1105 3010 1172 comprobatum
3045 1103 3295 1171 superius
3328 1107 3430 1151 est.

1941 1197 2049 1251 Res
2100 1197 2279 1266 itaque
2316 1208 2498 1250 nostra
2546 1197 2866 1249 auctoritate
2906 1192 3320 1262 exemplarium,
3370 1206 3435 1241 ac

1865 1306 2004 1344 vera:
2030 1290 2187 1344 seriei
2220 1288 2425 1343 ratione
2455 1290 2732 1341 asseritur.
2794 1288 3129 1355 Argumenta
3163 1300 3288 1338 vero
3312 1297 3435 1354 quae

1866 1382 2242 1436 Tillemontins
2267 1385 2332 1434 ad
2359 1380 2739 1434 llaaschiliana:
2759 1379 3007 1433 lectionis
3038 1390 3219 1447 partes
3250 1386 3433 1429 tutan-

1866 1476 1960 1528 das
2001 1473 2175 1537 all'ert,
2221 1473 2492 1527 levissima
2546 1486 2699 1534 sane,
2754 1472 2862 1523 imo
2909 1472 3084 1538 potius
3118 1469 3257 1521 nulla
3283 1477 3429 1521 sunt.

1862 1567 1953 1620 Ait
1980 1566 2144 1635 igitur
2177 1565 2283 1625 ille.
2324 1566 2515 1635 χρόνον
2544 1564 2644 1615 οὐκ
2697 1562 2874 1629 ὀλίγον
2924 1562 3127 1629 aliquot
3166 1574 3429 1611 annorum

1863 1660 2093 1726 Spatium
2122 1657 2517 1711 subindicare:
2564 1669 2736 1723 neque
2782 1653 3019 1721 potuisse
3074 1652 3431 1705 Athanasium

1863 1750 1917 1803 in
1941 1749 2222 1815 iuventute
2248 1749 2453 1817 aliquot
2479 1762 2651 1800 annos
2682 1747 2732 1798 in
2765 1744 3054 1798 solitudine
3079 1741 3430 1803 commorari,

1862 1841 2004 1908 quia
2029 1855 2218 1908 puero,
2250 1839 2539 1892 Alexandri
2595 1836 2946 1891 AleXandrini
2983 1834 3228 1903 praesulis
3252 1834 3431 1898 jussu,

246 1922 339 1976 Nec
386 1922 627 1977 deerant
681 1925 790 1977 alia
848 1940 965 1990 qua:
999 1938 1082 1977 me
1107 1924 1171 1977 ad
1206 1922 1611 1977 llaeschillanam
1670 1939 1745 1979 re-

1858 1934 2267 2002 prcdagogornm
2312 1930 2603 1998 disciplina:
2643 1929 2871 1981 traditus
2915 1928 3006 1991 sit,
3045 1938 3179 1980 teste
3210 1925 3426 1988 Rulino,

191 2016 481 2083 pudiandam
512 2016 825 2070 lectiOnem
858 2025 1233 2085 permoverent
1264 2036 1278 2070 :
1317 2017 1428 2069 lucc
1453 2017 1648 2085 quippe
1672 2016 1752 2069 lo-

193 2108 356 2172 quendi
390 2110 566 2174 ratio,
607 2108 707 2161 καὶ
732 2107 769 2161 ἃ
804 2107 995 2178 μαθεῖν
1018 2107 1289 2180 ἠδυνήθην
1316 2108 1465 2180 παρὰ
1501 2109 1593 2161 τοῦ
1623 2112 1756 2162 ἁκο-

191 2195 525 2267 λονθήσαντος
564 2197 723 2267 αὐτῷ
756 2198 949 2269 χρόνον
990 2199 1086 2251 οὐκ
1116 2197 1295 2265 ὀλίγον
1315 2216 1328 2229 ο
1364 2208 1412 2252 et
1445 2215 1560 2269 qua:
1599 2200 1661 2251 ab
1692 2215 1751 2251 eo

191 2288 379 2340 ediscere
402 2287 590 2356 potui,
621 2291 715 2357 qui
758 2305 867 2341 non
920 2290 1125 2342 modico
1160 2301 1385 2357 tempore
1416 2291 1581 2343 virum
1608 2306 1754 2343 secu-

190 2389 251 2429 tus
276 2387 362 2441 est,
384 2389 533 2442 etc.,
574 2378 824 2433 insolens
862 2395 1084 2448 prorsus
1137 2396 1258 2435 cum
1315 2380 1612 2434 Athanasio
1639 2389 1751 2433 tum

189 2463 277 2516 altis
300 2465 674 2532 seriptoribus
709 2476 829 2530 est;
875 2476 928 2520 et
962 2483 1088 2521 vero
1138 2469 1313 2538 potius
1361 2470 1566 2523 diceret
1601 2468 1754 2540 παρά

188 2571 296 2618 τινος
321 2556 568 2626 ἀδελφοῦ
625 2559 706 2612 vel
738 2560 891 2629 παρά
936 2578 1079 2623 τινος
1129 2561 1360 2631 μοναχοῦ
1388 2604 1403 2627 ,
1440 2577 1537 2616 nec
1567 2563 1752 2617 indeflo

189 2647 270 2699 nite
291 2649 433 2719 παρὰ
459 2648 572 2702 τοῦ
605 2650 1095 2722 ἀκολουθήσαντος,
1123 2662 1317 2721 praeter
1336 2664 1609 2707 assuetum
1646 2671 1753 2709 mo-

190 2752 274 2792 rem
298 2743 680 2797 enuntiasset.
715 2744 796 2795 Ad
834 2745 947 2797 hmc
984 2760 1111 2797 vero
1140 2761 1258 2813 quae
1309 2757 1627 2814 sequuntur,
1656 2750 1751 2802 καὶ

186 2832 467 2901 ἐπιχέαντος
508 2834 666 2907 ὕδωρ
694 2836 839 2889 κατὰ
874 2838 1060 2907 χεῖρας
1088 2837 1251 2889 αὑτοῦ
1275 2856 1287 2867 ’
1321 2850 1365 2890 et
1395 2840 1484 2905 qui
1523 2841 1749 2893 abluenti

184 2943 332 2980 manus
355 2946 568 2997 aquam
596 2930 811 2997 e/fudit,
844 2930 914 2982 ab
943 2946 995 2982 re
1028 2946 1245 2997 prorsus
1275 2930 1565 2984 all'crantur
1592 2948 1747 2984 :nam

183 3015 281 3081 quid
313 3021 439 3074 inde
518 3023 590 3074 ad
631 3021 1034 3074 conciliandam
1074 3023 1317 3075 narranti
1376 3024 1554 3086 fidem,
1606 3022 1747 3091 quod

181 3124 339 3178 aquam
368 3113 629 3166 abluenti
672 3129 867 3165 manus
904 3112 1326 3167 ministraverit?
1357 3115 1427 3167 lle
1486 3114 1601 3180 ipso
1654 3130 1747 3165 au-

183 3211 260 3253 tem
282 3203 595 3256 Athanasio
620 3204 824 3257 dictum
846 3204 1088 3271 apprime
1105 3206 1351 3270 quadrat,
1377 3202 1749 3273 ἀκολουθήσας

1857 2040 1920 2078 ac
1958 2025 2147 2077 deinde
2183 2023 2280 2091 ipsi
2307 2037 2519 2090 semper
2547 2021 2781 2075 haeserit.
2819 2020 3032 2073 Uiceres
3064 2019 3149 2072 his
3176 2018 3426 2088 perlectis

1858 2133 1956 2170 nos
1982 2115 2262 2169 Athanasii
2297 2115 2346 2167 in
2369 2115 2650 2183 juventute
2686 2122 2830 2181 gesta
2885 2112 3164 2164 annuatim
3221 2110 3429 2176 scripto

1855 2204 2167 2271 consignata
2200 2211 2419 2266 tenere;
2470 2209 2529 2255 ut
2567 2217 2669 2255 non
2727 2202 2896 2271 possit
2939 2203 3060 2269 quis
3090 2200 3171 2253 vel
3206 2200 3422 2269 paulum

1860 2295 2114 2363 temporis
2148 2293 2411 2356 indicare,
2464 2309 2570 2363 quo
2603 2294 2692 2347 ubi
2727 2295 2808 2348 vel
2845 2310 3009 2362 penes
3043 2310 3203 2363 quem
3254 2298 3426 2364 egerit

1856 2385 2158 2455 ignoretur.
2191 2387 2261 2439 At
2292 2386 2376 2439 vel
2419 2386 2739 2454 paucissima
2772 2387 2851 2439 vel
2910 2388 3021 2440 fere
3058 2386 3197 2440 nulla
3256 2387 3422 2439 babe-

1857 2494 1999 2544 mus,
2027 2490 2082 2531 et
2110 2478 2154 2531 si
2186 2492 2289 2546 qua
2326 2476 2691 2531 minutissima
2729 2480 3032 2541 traduntur,
3063 2494 3124 2530 ea
3159 2493 3284 2531 sane
3309 2477 3422 2546 ple-

1856 2586 2081 2639 rtunque
2112 2571 2368 2623 vacillant
2416 2571 2730 2639 incertaque
2785 2580 2955 2623 sunt:
3014 2572 3245 2624 maxime
3292 2584 3424 2625 vero

1855 2662 2037 2717 llulini
2066 2662 2215 2715 locus
2250 2662 2339 2714 ille
2390 2664 2487 2731 (b),
2524 2678 2631 2732 quo
2686 2664 2873 2717 nititur
2899 2661 3313 2725 Tillemontius;
3376 2662 3426 2715 is

1852 2754 1997 2806 enim
2027 2762 2146 2822 post
2173 2766 2485 2806 enarratum
2528 2756 2954 2809 commentitium
3004 2754 3150 2807 illum
3181 2754 3422 2807 Athana-

1852 2847 1916 2898 sii
1977 2862 2172 2913 pueros
2209 2847 2540 2912 baptizantis
2571 2848 2785 2911 ludum,
2827 2848 2895 2900 ita
2935 2848 3106 2917 pergit
3141 2863 3155 2900 :
3192 2848 3428 2899 Athana-

1850 2936 1985 2988 siuin
2018 2953 2135 2989 vero
2167 2948 2319 3005 atque
2362 2956 2469 3002 eos,
2500 2956 2628 3007 quos
2688 2939 2841 2991 ludus
2869 2938 2956 2991 ille
2990 2939 3066 2990 vel
3097 2938 3420 3006 presbyteros

1850 3027 2039 3079 habere
2075 3029 2211 3079 visus
2247 3031 2445 3095 fuerat,
2488 3029 2563 3081 vel
2596 3030 2879 3089 ministros,
2906 3029 3202 3081 convocatis
3228 3044 3417 3094 parcit-

1851 3120 2010 3181 tibus,
2037 3120 2129 3171 sub
2153 3118 2247 3170 Dei
2279 3120 2627 3172 obtestatione
2657 3120 2872 3173 tradidit
2918 3119 3164 3171 Ecelesiu’
3188 3135 3296 3170 sua:
3316 3135 3419 3170 nu-

1850 3210 2104 3264 triendos.
2138 3207 2310 3262 Parvo
2335 3221 2507 3262 autent
2542 3221 2793 3278 tempore,
2836 3226 2950 3262 cum
2980 3227 3010 3262 a
3038 3210 3245 3261 notario
3279 3210 3414 3261 inte-

179 3292 295 3364 αὑτῷ
322 3296 527 3367 χρόνον
554 3296 656 3348 οὐκ
685 3295 893 3363 ὀλίγον,
922 3294 1013 3346 καὶ
1035 3295 1266 3364 ἐπιχέων
1292 3295 1433 3365 ὕδωρ
1468 3294 1608 3348 κατὰ
1645 3298 1745 3365 χεῖ-

1852 3316 1939 3369 gre
1961 3310 2007 3352 et
2039 3318 2069 3353 a
2123 3301 2466 3370 grammatico
2518 3300 2828 3369 sufﬁcienter
2873 3300 3195 3352 Athanasius
3234 3298 3419 3365 fuisse!

180 3400 255 3450 ρας
277 3387 467 3439 αὐτοῦ.
497 3388 631 3452 Quae
667 3398 943 3456 postrema
967 3389 1149 3443 verba.
1192 3404 1256 3440 ex
1291 3388 1427 3440 libro
1466 3384 1535 3441 IV
1584 3387 1741 3457 lteg.,

180 3487 242 3533 tu,
261 3475 332 3539 ll,
349 3490 629 3544 expressa
648 3476 919 3537 videntur,
937 3476 1023 3527 ubi
1037 3477 1101 3530 de
1118 3474 1307 3529 Elismo
1325 3476 1542 3542 dicitur,
1576 3477 1634 3540 ὃς
1653 3478 1743 3529 ἐπ-

180 3562 299 3631 έχεεν
346 3566 503 3638 ὕδωρ
534 3568 627 3620 ἐπὶ
669 3569 862 3637 χεῖρας
911 3565 1128 3619 Ἦλιοῦο
1179 3568 1266 3636 qui
1323 3568 1458 3621 Elia:
1501 3570 1742 3622 manibus

179 3673 334 3723 aquam
383 3648 732 3727 e/Iundebot;
791 3660 1051 3712 nimirum
1102 3660 1153 3713 id
1211 3660 1402 3713 honori
1453 3661 1553 3713 sibi
1595 3661 1743 3733 ducit

178 3747 505 3813 Athanasius,
549 3750 691 3817 quod
730 3750 961 3817 perinde
997 3758 1159 3818 atque
1191 3750 1416 3804 Elisreus
1453 3751 1600 3813 Elim,
1626 3754 1740 3821 ipse

180 3838 388 3891 Antanio
412 3854 614 3908 aquam
647 3839 855 3893 lavanti
884 3855 1077 3893 manus
1105 3841 1517 3895 miniSIraverit.
1558 3842 1738 3908 Aliud,

178 3934 291 3993 quod
324 3931 476 3985 litem
512 3933 757 3995 dirimat,
795 3931 990 3997 affero,
1021 3933 1114 3987 sed
1153 3933 1218 3987 iis
1249 3936 1378 3987 solis
1409 3936 1498 4002 qui
1524 3933 1741 3987 Graeco-

182 4034 271 4071 rum
293 4022 686 4090 exemplarium
712 4023 825 4076 sint
848 4024 966 4075 usui
996 4024 1278 4077 assuefacti
1310 4043 1323 4078 :
1356 4040 1564 4079 mecum
1595 4024 1737 4079 enim

179 4109 466 4166 fatebuntur
512 4115 564 4167 in
597 4116 875 4168 utramvis
914 4114 1198 4169 lectionem
1240 4117 1398 4170 cadat
1440 4117 1650 4181 vitium,
1686 4117 1737 4169 id

178 4218 227 4255 ex
271 4207 567 4259 mutatione
610 4211 743 4278 παρ’
777 4206 949 4259 αὑτοῦ
996 4210 1047 4260 in
1085 4209 1235 4279 παρὰ
1277 4209 1407 4273 τοῦ,
1455 4220 1548 4264 aut
1588 4210 1739 4280 παρὰ

177 4297 252 4349 τοῦ
283 4300 331 4351 in
360 4300 489 4369 παρ’
518 4300 684 4353 αὑτοῦ
723 4301 1001 4354 invectum
1038 4316 1191 4365 esse;
1247 4317 1368 4354 nam
1393 4319 1454 4355 ea
1485 4304 1738 4369 frequen-

181 4388 359 4442 tissime.
395 4394 627 4446 mutatio
689 4393 742 4445 in
797 4393 1184 4461 manuscriptis
1245 4392 1449 4481 Griecis
1477 4396 1735 4447 occurrit.

182 4480 225 4532 Si
255 4485 378 4535 facta
406 4487 637 4539 mutatio
668 4484 839 4539 fuerit
884 4500 950 4537 ex
984 4486 1111 4556 παρ’
1142 4484 1304 4537 αὑτοῦ
1326 4480 1393 4539 in
1427 4485 1579 4558 παρὰ
1618 4485 1733 4552 τοῦ,

181 4576 296 4637 quod
351 4592 445 4629 nos
504 4576 761 4630 volumus
799 4575 921 4646 (a);
960 4591 1080 4628 cum
1128 4576 1239 4645 jam
1291 4594 1393 4631 non
1446 4577 1736 4647 quadraret

1848 3392 2155 3454 instructus,
2198 3395 2443 3444 continuo
2478 3404 2723 3461 tanquam
2750 3392 2903 3461 ﬁdele
2928 3392 3136 3444 Domini
3162 3406 3419 3442 commen-

1850 3485 2052 3545 datum,
2084 3502 2114 3537 a
2144 3485 2443 3550 parentibus
2496 3486 2792 3538 restituitur
2838 3485 3136 3549 sacerdoti,
3177 3499 3237 3536 ac
3284 3481 3417 3534 velut

1850 3576 2064 3630 Samuel
2102 3578 2317 3646 quidam
2350 3578 2403 3629 in
2443 3577 2631 3646 templo
2666 3576 2877 3630 Domini
2937 3579 3123 3641 utitur,
3155 3584 3201 3627 et
3251 3578 3314 3626 ab
3358 3590 3421 3626 eo

1847 3678 2089 3737 pergente
2121 3670 2187 3721 ad
2223 3679 2395 3736 putres
2427 3669 2481 3722 in
2519 3679 2780 3722 senectute
2813 3670 2967 3731 bona,
3009 3670 3076 3721 ad
3100 3668 3421 3732 portandum

1846 3768 1959 3825 post
1988 3776 2041 3812 se
2067 3761 2232 3827 eplzod
2265 3761 2591 3813 sacerdotale
2612 3761 2879 3831 deligitur.
2910 3760 3301 3825 TillemOntius,
3338 3762 3421 3813 iu-

1849 3861 2032 3915 quam,
2059 3849 2149 3916 qui
2178 3849 2372 3903 llulino
2403 3852 2664 3919 puerilem
2694 3851 2999 3920 hujusmodi
3058 3850 3239 3903 ludum
3294 3865 3421 3902 nar-

1848 3942 1986 3993 ranti
2016 3939 2171 3993 [idem
2223 3942 2462 4010 derogat,
2500 3944 2565 3995 ab
2615 3942 2964 4011 appetiuit-uia
3028 3941 3120 3994 illa
3150 3957 3217 3995 ne
3253 3941 3417 3994 laltttu

1851 4046 2082 4102 unguem
2109 4032 2391 4086 deﬂectere
2417 4033 2549 4087 vult.
2574 4035 2765 4087 Mirum
2798 4050 2901 4087 non
2932 4034 3224 4086 advertisse
3255 4034 3423 4085 homi-

1847 4140 1967 4177 nem
2000 4125 2157 4192 plane
2180 4125 2609 4187 consitleratutn,
2646 4142 2750 4179 non
2796 4126 2973 4177 minus
3008 4124 3420 4193 appendiculam

1847 4212 2016 4276 illam,
2046 4230 2206 4282 quam
2244 4216 2412 4284 ipsam
2452 4215 2674 4283 puerilis
2703 4214 2807 4269 lttdi
2852 4216 3149 4275 historiam,
3176 4230 3294 4267 cum
3322 4229 3419 4265 sua

1845 4303 2196 4370 Compulandi
2227 4304 2443 4356 ratione
2500 4316 2741 4370 pugnare
2777 4319 2789 4354 :
2828 4302 2946 4353 ideo
2976 4314 3204 4367 namque
3236 4296 3417 4350 ludum

1847 4395 2109 4462 puerilem
2144 4396 2415 4463 repudiat,
2470 4396 2595 4462 quia
2631 4393 2745 4445 hazc
2799 4401 2857 4444 ut
2910 4392 3070 4445 citius
3102 4406 3245 4443 anno
3271 4391 3375 4443 3l5
3401 4429 3419 4455 ,

1844 4485 1958 4539 sive
1990 4486 2283 4538 Alexandri
2317 4484 2669 4554 episcopatus
2702 4483 2896 4551 primo,
2934 4483 3015 4551 agi
3042 4491 3283 4548 potuere,
3313 4497 3421 4549 qtto

1846 4591 1914 4630 ex
1955 4576 2258 4629 Herntantii
2289 4573 2502 4629 calculo
2535 4572 2850 4626 vicesimum
2882 4574 3095 4623 tertium
3128 4570 3418 4623 mtatisan-

182 4669 436 4729 sententia,
464 4668 724 4721 nimirum
752 4665 907 4735 παρὰ
933 4664 1027 4717 τοῦ
1052 4666 1419 4738 ἀκολουθήσας
1449 4667 1596 4737 αὐτῷ
1617 4666 1741 4737 χρό-

1852 4668 2205 4735 num‘agt-bat
2235 4665 2611 4727 Athanasius;
2670 4678 2735 4716 ex
2771 4670 2954 4714 nostro
3002 4671 3201 4723 autem,
3242 4672 3413 4729 'quent

182 4770 251 4805 νον
274 4759 363 4809 οὐκ
388 4759 593 4827 ὀλίγον,
623 4761 719 4812 καὶ
752 4759 994 4827 ἐπιχέων
1020 4800 1035 4823 ,
1084 4760 1284 4813 librarii
1307 4800 1321 4821 ,
1361 4771 1416 4812 ttt
1464 4776 1730 4814 consona-

186 4859 275 4901 rent
294 4852 493 4914 ontnia,
525 4852 914 4922 ἀκολουθήσας
948 4851 999 4903 itt
1026 4851 1509 4924 ἀκολουθήσαντος,
1529 4863 1580 4907 et
1608 4853 1729 4903 ἐπι-

184 4940 289 5004 χέων
311 4950 355 4996 in
387 4946 735 5015 ὲπιχέαντος,
758 4957 1188 5010 cotnmntarunl,
1227 4957 1278 5000 et
1300 4947 1377 5001 sic
1411 4954 1577 5000 totam
1603 4947 1729 4999 dicti

186 5037 465 5087 sententiam
504 5038 796 5099 vitiarunt,
844 5046 903 5088 ut
954 5052 1049 5088 nos
1077 5039 1487 5103 contendimus;
1538 5039 1619 5090 sin
1665 5053 1730 5091 ex

187 5124 301 5191 πῑρὰ
320 5127 407 5179 τοῦ
441 5130 571 5181 vitio
601 5130 955 5183 librariorum
994 5130 1119 5198 παρ’
1143 5129 1305 5182 αὑτοῦ
1340 5131 1598 5199 scriptum
1628 5131 1733 5182 fuc-

188 5215 257 5273 fit.
288 5233 380 5269 non
412 5235 636 5274 necesse
678 5230 824 5281 erat,
852 5236 951 5271 nec
977 5220 1028 5270 in
1074 5231 1303 5272 mentem
1341 5221 1445 5273 illis
1471 5222 1726 5283 venisset,

188 5316 355 5360 “nutare
382 5312 678 5379 genitivum
721 5312 773 5363 in
807 5311 1227 5373 nominativum,
1281 5322 1334 5363 et
1392 5328 1607 5366 sensum
1642 5314 1726 5365 itt-

186 5408 376 5462 rertete,
429 5404 527 5455 hoc
569 5408 755 5466 modo,
791 5403 889 5455 καὶ
941 5400 976 5454 ἃ
1041 5402 1229 5471 μαθεῖν
1270 5404 1544 5475 ἠδυνήθην
1598 5407 1727 5475 παρ’

187 5486 313 5541 αὑτοῦ
348 5492 717 5566 ἀκολουθήσας
747 5493 903 5562 αὐτῷ
928 5493 1117 5563 χρόνον
1143 5494 1242 5545 οὐκ
1261 5495 1459 5562 ὀλίγον,
1496 5497 1586 5549 καὶ
1611 5499 1728 5548 ὲπι-

214 5576 451 5655 ito/56mg
500 5588 593 5639 ἐπὶ
644 5588 843 5657 χεῖρας
892 5581 1078 5635 αὐτοῦ.
1142 5585 1277 5649 Quin
1336 5586 1479 5641 facta
1535 5588 1622 5642 illa
1670 5589 1725 5642 in

221 5673 288 5737 29‘
316 5675 463 5729 αὐτοῦ
500 5680 835 5738 mulatione,
872 5676 1181 5743 expeditum
1216 5687 1336 5729 erat
1369 5679 1631 5748 regimine
1671 5688 1725 5733 ct

232 5880 294 5937 (α)
316 5880 431 5939 Vide
460 5886 585 5945 Alit.
617 5889 759 5945 edit.
802 5882 874 5936 ad
910 5894 1018 5935 not.
1044 5897 1093 5940 ι).
1123 5882 1225 5935 552
1254 5893 1300 5938 cl
1330 5883 1457 5936 (illi.

1840 4776 1947 4815 non
1986 4756 2254 4825 improbat
2302 4756 2697 4820 Tilletnontins,
2749 4754 2938 4808 saltem
2994 4754 3260 4807 decimum
3320 4771 3419 4809 no-

1842 4868 1975 4905 num
2008 4868 2021 4903 :
2056 4866 2123 4902 an
2151 4851 2329 4904 minus
2361 4861 2647 4919 repugnat,
2690 4861 2744 4903 ut
2773 4860 2899 4903 tunc
2949 4849 3175 4918 primum
3230 4864 3413 4917 gram-

1848 4945 2053 4999 matico
2084 4944 2315 4998 traditus
2349 4943 2528 5007 fuerit,
2564 4962 2723 5013 quam
2770 4956 2827 4999 ut
2861 4944 3133 5013 pueriliter
3182 4944 3412 5008 luserit;

1842 5053 1967 5092 cum
2012 5038 2246 5090 maxime
2268 5035 2383 5105 jam
2410 5048 2535 5093 ante
2563 5038 2769 5105 aliquot
2799 5053 2970 5091 annos
2996 5037 3322 5090 Athanasius
3345 5038 3413 5088 ab

1842 5126 1911 5181 iis
1948 5125 2035 5194 qui
2069 5136 2255 5193 postea
2301 5138 2565 5197 martyres
2593 5124 2759 5189 fuere,
2782 5124 3061 5179 altioribus
3089 5125 3411 5178 Christiana:

1844 5219 2135 5289 theologia:
2173 5219 2476 5288 disciplinis
2513 5219 2789 5273 institutus
2816 5206 3017 5279 fuerit,
3075 5227 3130 5270 ut
3159 5218 3409 5285 superius

1838 5312 2247 5380 comprobatum
2266 5313 2382 5366 est?
2410 5312 2488 5365 An
2519 5311 2760 5374 ltnlinns,
2794 5311 3047 5365 scblestze
3081 5310 3199 5361 lidei
3224 5310 3407 5371 homo,

1830 5420 2154 5475 semperque
2184 5407 2390 5460 rumori
2420 5406 2684 5471 serviens,
2712 5404 3060 5473 ﬁdqdignior
3108 5402 3160 5453 in
3206 5414 3405 5468 appen-

1834 5498 2039 5561 dicula,
2080 5514 2240 5567 quam
2270 5499 2319 5551 in
2356 5498 2622 5552 historia?
2650 5497 2799 5550 Adde
2830 5497 3039 5548 etiamsi
3068 5492 3244 5546 Rufini
3280 5507 3404 5545 nar-

1832 5591 2030 5645 rationi
2072 5592 2204 5644 ﬁdes
2252 5590 2567 5653 haberetur,
2605 5605 2730 5643 cum
2768 5603 2878 5641 rem
2932 5587 3020 5640 ille
3078 5584 3399 5653 compendio

1832 5694 1887 5739 et
1924 5683 2271 5752 paucissimis
2325 5682 2530 5746 efferat,
2566 5697 2669 5736 non
2722 5680 2819 5735 abs
2851 5694 2908 5733 re
2960 5692 3118 5749 posse
3165 5678 3396 5749 aliqua):

1890 5886 1963 5954 (ὁ)
2000 5883 2116 5940 Lib.
2146 5902 2183 5951 l,
2216 5898 2332 5953 cap.
2377 5884 2457 5936 Ut.
