3990 6510
1816 320 1821 347 δ

527 374 626 419 ιιιχ

1886 375 2413 434 PROLEGOMENA.

440 546 448 571 ἑ
530 484 907 549 exceptionem
938 485 1164 556 cogitari
1191 497 1245 542 et
1270 488 1503 555 admitti,
1542 505 1699 557 quam
1735 500 1880 544 tanta
1916 493 2096 547 brevi-
2124 503 2169 556 Α
2200 506 2283 550 tus
2319 499 2470 553 testis
2497 498 2592 565 fui,
2620 499 2709 566 qui
2732 497 3040 566 frequenter
3066 497 3335 552 hominem
3367 497 3521 553 invisi
3549 517 3564 566 ;
3594 499 3753 557 item-

534 585 618 627 tas
648 590 753 628 non
802 578 1115 646 exprimat:
1176 580 1316 647 quod
1361 594 1519 634 nemo
1563 594 1694 634 sane
1745 581 1953 636 inficias
1980 594 2087 637 eat.

530 665 666 718 Cum
694 666 857 734 igitur
889 668 1201 737 ignoremus
1250 683 1406 738 quem
1440 669 1489 722 in
1515 670 1798 739 juventute
1825 673 1943 725 vitm
1970 690 2092 726 cur-

530 770 647 809 sum
681 758 912 811 tenuerit
934 759 1285 821 Athanasius,
1317 758 1451 812 nihil
1491 769 1774 828 repugnat,
1805 764 2089 830 quominus

532 847 789 914 pauculos
818 848 1131 905 adolescens
1155 866 1321 903 annos
1345 866 1465 904 cum
1496 850 1729 906 Antonio
1755 854 1945 922 egerit.
1982 852 2092 909 Nec

533 941 821 995 concedam
858 952 1036 996 tamen
1092 942 1240 1004 illud,
1272 941 1460 1012 χρόνον
1496 943 1597 996 οὐκ
1623 942 1824 1012 ὀλίγον,
1871 961 1972 997 non
2000 961 2094 1014 pa-

535 1048 649 1084 rum
686 1033 952 1101 temporis,
990 1032 1076 1087 hic
1128 1033 1432 1087 necessario
1488 1049 1656 1089 annos
1699 1036 1981 1089 imlicare:
2044 1035 2089 1088 si

532 1136 638 1191 qua
688 1125 829 1175 enim
887 1123 1196 1191 conjectura
1232 1124 1297 1176 de
1333 1124 1586 1192 temporis
1625 1127 1801 1192 Spatio
1850 1125 1934 1178 hic
1972 1127 2091 1180 duci

432 1285 443 1297 ξ
531 1214 727 1279 valeat,
758 1228 819 1267 ea
855 1229 918 1268 ex
950 1215 1091 1267 serie
1126 1216 1456 1268 narrationis
1490 1224 1702 1283 petatur
1739 1225 1972 1281 Oportet.
2007 1217 2094 1269 Ait

532 1316 708 1359 autem
738 1306 857 1359 ille:
886 1305 1013 1360 Ideo
1040 1322 1359 1375 quaecunque
1384 1308 1534 1360 novi:
1566 1323 1703 1374 saepe
1729 1309 1915 1360 etenim
1944 1308 2094 1360 illum

533 1398 677 1450 ridi:
707 1408 755 1450 et
805 1413 922 1465 qua:
967 1399 1030 1450 ab
1056 1414 1114 1451 eo
1144 1399 1369 1451 ediscere
1401 1399 1572 1464 potui,
1621 1400 1711 1466 qui
1762 1416 1862 1451 non
1894 1399 2093 1450 modico

531 1494 758 1552 tempore
793 1488 957 1538 virum
996 1496 1203 1539 secutus
1244 1501 1359 1538 sum
1386 1526 1400 1546 ,
1439 1498 1592 1553 atque
1632 1486 1865 1539 ablueuti
1908 1503 2094 1539 manus

531 1593 723 1645 aquam
778 1578 962 1645 effudi,
1026 1590 1207 1631 vestrte
1258 1578 1439 1643 pietati
1487 1579 1768 1631 rescribere
1834 1575 2091 1646 festinaui.

531 1669 759 1723 Tantum
782 1684 911 1739 ergo
939 1672 1199 1739 temporis
1240 1672 1325 1724 hic
1357 1671 1659 1737 intelligere
1677 1683 1773 1737 par
1804 1678 1905 1733 est,
1925 1683 2095 1735 quan-

532 1770 642 1815 tum
672 1776 889 1816 necesse
910 1762 1031 1825 fuit,
1063 1773 1117 1814 ιιι
1143 1764 1193 1816 iu
1234 1762 1589 1815 familiaribus
1612 1760 1894 1828 colloquiis
1926 1758 2090 1812 multa

2190 602 2294 655 que
2330 588 2440 652 illa,
2471 606 2589 657 qua:
2613 591 2666 643 in
2693 589 3046 642 familiaribus
3102 588 3383 655 colloquiis
3422 604 3521 657 per
3574 591 3750 647 otium

2191 680 2501 734 solitudinis
2535 683 2602 734 ab
2631 696 2694 735 eo
2720 680 2943 744 edidici,
2994 680 3079 733 hic
3114 689 3429 736 narraturus
3453 697 3595 736 sum.
3647 682 3752 735 Ar-

2191 783 2440 841 gnmenta
2478 772 2643 838 igitur
2672 773 2856 825 isthaac
2886 786 2951 826 ne
2994 771 3216 826 minime
3259 772 3474 841 quidem
3516 771 3761 829 alliciunt

2192 878 2331 917 verte
2361 874 2681 930 assertteque
2716 878 2742 914 a
2770 862 2924 917 nobis
2955 861 3192 915 lectioni.

2260 953 2341 1006 Ad
2377 953 2489 1006 lucc
2511 952 2866 1007 Athanasium
2895 962 3130 1007 ascetam
3161 953 3346 1017 luisse,
3374 952 3755 1025 Egyptiorum

2192 1057 2409 1099 centum
2451 1045 2740 1113 prtesulum
2775 1045 3082 1099 testimonio
3113 1047 3395 1109 asseritur,
3429 1047 3517 1115 qui
3551 1046 3602 1099 in
3625 1061 3757 1117 syn-

2176 1140 2296 1191 -odo
2344 1137 2707 1190 Alexandrina
2745 1151 2889 1191 anno
2939 1137 3064 1199 540,
3114 1136 3465 1190 Athanasium
3504 1135 3601 1189 ἕνα
3650 1136 3759 1192 τῶν

2195 1228 2451 1297 ἀσκητῶν
2482 1228 2646 1282 fuisse
2678 1236 2924 1291 narrant,
2958 1236 3011 1281 et
3045 1227 3096 1280 in
3127 1227 3389 1281 electione
3416 1228 3532 1295 ejus
3558 1228 3639 1281 sic
3667 1242 3761 1285 ac-

2193 1319 2479 1372 clamatum
2532 1334 2649 1372 esse
2700 1320 2766 1371 ab
2808 1317 3171 1371 Alexandrina
3224 1317 3375 1385 plebe
3428 1317 3615 1372 dicunt
3646 1318 3758 1388 (ιι);

2194 1410 2377 1463 Πάντα
2395 1410 2451 1463 δὲ
2477 1409 2545 1462 τὰ
2564 1390 2834 1480 βέλτιστα,
2864 1407 3166 1471 σπουδαῖον,
3192 1407 3412 1478 εὐλαϐῆ,
3433 1409 3762 1479 χριστιανὸν,

2194 1501 2287 1552 ἕνα
2312 1499 2415 1552 τῶν
2443 1499 2716 1569 ἀσκητῶν,
2762 1498 2976 1567 ἀληθῶς
3022 1497 3313 1551 ἐπίσκοπον
3365 1498 3722 1568 ὀνομάζοντες
3746 1515 3762 1529 ο

2196 1592 2300 1647 Sed
2336 1595 2530 1660 optima
2574 1608 2792 1661 qumque
2841 1591 3187 1658 prcedicantes
3215 1629 3230 1653 ,
3278 1590 3530 1657 probum,
3590 1591 3761 1656 pium,

2196 1684 2574 1747 Christianum,
2604 1699 2668 1737 ea:
2713 1683 2901 1735 aseetis
2938 1697 3121 1746 unum,
3152 1698 3214 1734 ac
3252 1697 3427 1734 verum
3457 1682 3766 1750 episcopum

2199 1776 2591 1839 nuncupabant.
2629 1774 2813 1842 Itaque
2858 1773 3217 1828 Athanasium
3264 1773 3579 1843 aliquandiu
3609 1788 3765 1827 asce-

529 1853 597 1907 ad
638 1854 854 1907 Antonii
913 1855 1076 1907 vitam
1133 1854 1424 1922 spectantia
1452 1893 1469 1917 ,
1521 1852 1689 1922 ipsius
1739 1851 1957 1905 Antonii
2006 1865 2102 1907 ore
2132 1841 2172 1894 B
2205 1867 2361 1920 licam
2402 1867 2563 1920 vitam
2619 1841 2797 1935 egisse
2825 1865 3174 1935 conspicuum
3216 1875 3320 1927 est.
3357 1841 3546 1933 idque,
3599 1874 3660 1917 ιιι
3696 1879 3764 1918 ex

530 1943 816 1998 edisceret.
860 1943 1000 2010 Quot
1034 1954 1086 1998 et
1122 1954 1321 2013 quanta
1348 1958 1479 1998 vero
1525 1944 1576 1996 in
1611 1942 1936 2011 quotitlianis
1962 1958 2093 1997 con-

530 2033 957 2089 fabulationibus
995 2038 1152 2089 unius
1174 2035 1322 2100 anni,
1357 2035 1465 2089 imo
1500 2036 1661 2088 etiam
1687 2049 1779 2087 sex
1806 2034 2090 2098 mensium,

527 2127 703 2195 spatio
726 2126 911 2179 audire
934 2126 1146 2192 potuit?
1178 2124 1253 2179 Ne
1278 2124 1466 2187 multa,
1492 2126 1606 2178 sive
1620 2140 1795 2178 annos
1815 2126 1927 2178 sive
1950 2139 2093 2177 men-

524 2235 614 2275 ses
643 2222 813 2284 dicas,
851 2236 1001 2289 aeque
1055 2222 1208 2275 nobis
1263 2220 1513 2289 expedita
1547 2228 1729 2272 inauet
1780 2219 1845 2271 ad
1882 2217 2091 2283 objecta

528 2311 779 2365 diluenda
807 2313 962 2364 ratio.
1006 2311 1100 2365 llic
1134 2327 1294 2380 porro
1338 2320 1492 2365 notes
1528 2311 1686 2363 velim
1714 2309 2090 2372 Athanasium,

526 2416 647 2455 cum
676 2403 772 2466 ait,
811 2400 872 2453 Et
919 2419 1034 2468 qua!
1065 2406 1126 2456 ab
1158 2419 1217 2457 eo
1245 2403 1473 2455 ediscere
1500 2401 1669 2470 potui,
1699 2401 1987 2472 ἠδυνήθην,
2005 2401 2093 2470 qui

527 2510 631 2547 non
657 2510 838 2557 parum
881 2495 1123 2561 temporis
1158 2494 1323 2545 virum
1357 2502 1563 2546 secutus
1587 2509 1727 2555 sum,
1750 2492 2092 2547 subindicare

527 2582 839 2645 Antonium,
863 2593 920 2635 ut
967 2582 1137 2635 solent
1173 2583 1241 2651 pii
1271 2597 1335 2637 ac
1372 2582 1595 2637 modes1i
1646 2582 1917 2645 homines,
1948 2598 2093 2652 aegre

527 2682 678 2743 gesta
727 2687 1182 2728 commemorasse
1235 2690 1370 2729 sua:
1407 2676 1550 2742 quod
1597 2678 1759 2727 etiam
1808 2672 2091 2727 lectionem

526 2763 814 2817 confirmat
846 2774 1085 2818 nostram
1125 2803 1141 2827 ,
1184 2764 1227 2817 si
1278 2772 1456 2817 tamen
1489 2763 1903 2818 confirmatione
1957 2779 2091 2832 opus

529 2855 595 2907 ad
628 2869 740 2908 rem
771 2864 850 2910 tot
873 2855 1115 2908 codicum
1145 2864 1199 2908 et
1219 2854 1483 2908 editorum
1520 2854 1843 2907 auctoritate
1880 2855 2087 2923 fultam.

600 2945 759 2999 Aliud
789 2946 1011 3015 Opponit
1033 2946 1144 3010 ille,
1169 2946 1399 3011 scilicet,
1429 2948 1471 3001 si
1503 2947 1833 3001 Athanasius
1857 2962 1959 3000 non
1996 2962 2092 3017 pa~

531 3053 646 3091 rum
678 3041 937 3107 temporis
961 3052 1083 3092 cum
1124 3038 1360 3092 Antonio
1387 3040 1607 3107 egissst,
1645 3054 1826 3093 annon
1861 3040 2089 3110 idipsum

528 3129 582 3185 in
607 3129 834 3186 decursu
863 3128 984 3186 vitae
1007 3130 1120 3197 ejus
1144 3144 1466 3187 narraturus
1490 3131 1643 3188 erat?
1669 3129 1859 3188 Verum
1884 3133 1948 3184 ad
1978 3147 2091 3184 ma-

528 3237 653 3275 num
692 3231 774 3276 est
804 3225 944 3291 quod
974 3224 1096 3278 huic
1132 3235 1447 3294 regeratur;
1500 3225 1557 3278 Si
1596 3224 1923 3277 Athanasius
1948 3239 2088 3292 saepe

526 3314 821 3367 Antonium
873 3314 1141 3378 inviserit,
1191 3326 1250 3369 ut
1294 3330 1482 3369 omnes
1526 3315 1738 3368 codices
1764 3316 2003 3383 editique
2040 3316 2090 3367 iu

526 3402 755 3473 Prologo
787 3404 984 3468 ferunt,
1034 3421 1212 3461 annon
1265 3407 1349 3460 vel
1401 3406 1567 3459 semel
1604 3406 1655 3457 in
1694 3406 1921 3459 decursu
1972 3406 2096 3460 vitae

529 3493 700 3561 ipsius
740 3507 798 3546 se
850 3493 1143 3546 Antonium
1181 3494 1381 3547 adiisse
1433 3505 1911 3550 commemorasset
1952 3496 1975 3549 ἲ
2025 3497 2092 3551 At

528 3597 777 3638 neutrum
813 3586 1082 3651 praestitit,
1107 3584 1227 3650 quia
1257 3585 1355 3652 ipsi
1388 3584 1485 3637 fuit
1507 3587 1859 3655 utrumquein
1878 3589 2096 3643 exordio

531 3676 768 3729 indicare
800 3676 957 3729 satis.
982 3675 1086 3729 Par
1124 3676 1264 3729 ultro
1298 3677 1541 3743 citroque
1575 3677 1713 3731 ratio
1745 3687 1845 3742 est,
1876 3691 1931 3734 et
1971 3694 2093 3749 quae

530 3769 628 3838 ipsi
658 3782 817 3822 causa
850 3767 1155 3835 frequentes
1178 3766 1355 3821 aditus
1372 3767 1559 3821 silendi
1593 3767 1712 3833 fuit,
1739 3772 1922 3826 eadem
1946 3788 2095 3827 com-

531 3857 971 3911 memorationem
1003 3871 1121 3910 curn
1146 3858 1379 3911 Antonio
1407 3868 1586 3914 tacere
1608 3862 1795 3916 suasit.
1827 3862 2091 3918 Nimirum

531 3956 758 4018 urgente
784 3947 1063 4001 tabellario
1092 3952 1364 4016 quaerebat
1393 3952 1789 4019 compendium,
1824 3963 1881 4008 ut
1909 3955 1961 4008 in
1994 3971 2091 4009 ex-

529 4038 687 4092 ordio
733 4038 848 4107 ipse
888 4038 1192 4107 profitetur.
1246 4040 1307 4093 Et
1352 4040 1588 4110 alioquin
1622 4058 1683 4098 ea
1718 4055 1802 4099 est
1831 4047 2091 4100 modestia

529 4129 877 4193 Athanasius,
920 4139 977 4182 ut
1009 4144 1221 4197 semper
1260 4148 1286 4183 a
1317 4132 1396 4185 sui
1433 4137 1946 4191 commemoratione
1995 4136 2091 4190 de-

528 4221 715 4287 cliuet,
746 4229 1001 4289 quantum
1034 4237 1225 4292 nempe
1259 4223 1461 4277 licitum
1494 4233 1598 4283 est.

597 4311 777 4382 Pergit
828 4310 1231 4367 Tillenmntius:
1263 4313 1319 4369 Si
1367 4315 1698 4372 Athanasius
1742 4335 1845 4373 non
1898 4336 2087 4389 parum

532 4406 785 4473 temporis
823 4421 943 4459 cum
977 4405 1210 4460 Antonio
1239 4409 1549 4477 mansisset,
1595 4426 1662 4464 an
1712 4412 1917 4466 diceret
1957 4413 2089 4467 ulte-

532 4497 641 4551 rius
669 4498 735 4551 ad
775 4498 1032 4566 majorem
1087 4500 1186 4553 sibi
1235 4501 1627 4556 conciliandam
1666 4502 1846 4568 fidem,
1884 4519 1940 4558 se
1976 4504 2085 4559 fre—

531 4601 759 4658 quenter
788 4592 1081 4645 Antonium
1112 4592 1343 4647 vidisse?
1382 4592 1477 4649 llic
1530 4594 1702 4648 fateor
1740 4611 1823 4650 me
1857 4611 1960 4650 non
1997 4612 2082 4649 ca-

538 4697 663 4750 pcre
723 4685 1021 4753 argumenti
1055 4686 1159 4738 vim
1208 4696 1262 4738 et
1308 4684 1642 4741 eﬂicaciam:
1690 4689 1987 4757 quotidiani
2024 4705 2089 4744 ac

526 4775 715 4843 plebeii
754 4791 879 4829 usus
904 4786 986 4829 est
1008 4777 1217 4831 dicere:
1244 4779 1415 4832 Probe
1450 4780 1571 4833 novi
1612 4780 1767 4833 talem
1793 4781 2084 4845 hominem,

529 4874 716 4930 utpote
765 4883 920 4931 quem
958 4866 1213 4937 frequens
1266 4870 1566 4931 inviserim,
1622 4880 1676 4924 et
1730 4872 1946 4940 quicum
1982 4889 2083 4927 non

527 4972 714 5027 parum
749 4959 1005 5027 temporis
1034 4962 1320 5030 aliquando
1358 4971 1599 5015 moratus
1623 4962 1746 5019 sim.
1769 4963 2082 5033 llujusmodi

526 5062 656 5102 vero
685 5050 917 5117 objecta,
941 5068 1100 5105 unam
1131 5068 1240 5122 pra:
1262 5066 1320 5105 se
1342 5052 1521 5106 ferunt
1550 5052 1947 5123 praeiudicatum
1972 5056 2084 5124 opi-

530 5143 783 5210 nionem;
819 5146 1081 5214 siquidem
1116 5145 1399 5199 Athanasii
1431 5146 1614 5213 lectio,
1656 5162 1817 5216 quam
1848 5158 2079 5215 tuemur,

528 5234 750 5288 omnino
786 5238 1050 5304 quadrat:
1083 5236 1208 5289 Ideo
1238 5252 1560 5307 quacunque
1598 5239 1713 5291 novi
1752 5254 1771 5291 :
1818 5254 1953 5306 swpe
2000 5250 2080 5292 et-

527 5328 663 5379 enim
702 5326 853 5381 illum
885 5328 1032 5392 vidi;
1062 5337 1107 5378 et
1139 5343 1254 5396 qua:
1278 5328 1340 5379 ab
1364 5344 1421 5380 eo
1442 5330 1669 5381 ediscere
1696 5329 1861 5396 potui,
1880 5329 2081 5395 quinon

528 5421 730 5475 modico
758 5432 982 5487 tempore
1007 5423 1175 5474 virum
1227 5431 1431 5476 secutus
1465 5438 1601 5485 sum,
1651 5432 1803 5490 atque
1852 5421 2080 5473 abluenti

529 5528 713 5567 manus
736 5530 926 5584 aquam
960 5513 1288 5570 ministrari:
1318 5513 1367 5568 id
1401 5523 1515 5568 est:
1537 5513 1609 5568 Ea
1637 5526 1863 5583 quorum
1894 5510 2077 5566 ocula-

597 5707 753 5797 912‘;-
789 5711 907 5797 1.9.9.-

596 5779 673 5849 ςο)
708 5779 765 5833 r.
794 5780 917 5836 ett.

2201 1957 2453 2012 restituto
2506 1956 2625 2011 loco
2680 1956 2853 2026 palam
2883 1965 2987 2019 est,
3040 1956 3139 2010 sub
3174 1955 3391 2010 Antonii
3424 1954 3712 2023 disciplina
3749 1973 3762 2007 ε

2200 2063 2322 2101 nam
2366 2048 2505 2101 alter
2528 2047 2680 2101 locus
2716 2048 2941 2100 alterum
2973 2047 3260 2101 confirmat
3294 2056 3348 2101 et
3391 2045 3657 2100 defemlit.
3695 2045 3768 2099 At

2199 2136 2458 2190 obnititur
2488 2137 2885 2199 Tillemontius,
2914 2144 2966 2188 et
3001 2149 3162 2204 penes
3223 2149 3281 2189 se
3332 2134 3476 2188 domi
3523 2135 3767 2187 Athana-

2198 2230 2336 2283 sium
2370 2231 2659 2283 asceticam
2708 2229 2884 2298 egisse
2941 2228 3102 2280 vitam
3155 2235 3373 2296 pugnat.
3409 2224 3611 2279 Verum
3650 2224 3769 2278 ubi.

2199 2321 2361 2374 nam?
2392 2336 2458 2374 an
2490 2322 2627 2389 apud
2652 2317 3102 2388 grammaticum?
3131 2334 3196 2371 au
3240 2317 3381 2386 apud
3439 2317 3715 2371 notarium
3743 2315 3763 2369 ἒ

2198 2430 2262 2466 an
2288 2428 2408 2466 cum
2446 2411 2747 2465 Alexandro
2813 2410 3062 2477 episcopo
3109 2408 3353 2476 regenda:
3384 2406 3769 2461 Alexandrina:

2199 2503 2451 2558 Ecclesia:
2478 2502 2719 2557 minister
2741 2501 2991 2555 adesset?
3022 2517 3167 2562 nam,
3198 2498 3271 2551 uti
3303 2512 3463 2566 supra
3502 2498 3765 2558 diximus,

2198 2596 2271 2649 ita
2302 2593 2604 2661 juventutis
2635 2592 2751 2659 ejus
2789 2592 2961 2660 spatia
3001 2591 3086 2645 his
3113 2589 3509 2652 circumscribi,
3543 2592 3770 2643 nemine

2198 2698 2441 2746 auctore,
2476 2684 2753 2738 contendit
2777 2683 2882 2745 ille,
2914 2692 2971 2736 ut
3017 2682 3119 2735 alio
3144 2681 3477 2736 concessisse
3535 2697 3639 2734 non
3668 2697 3768 2750 pa-

2200 2778 2384 2831 tiatur.
2417 2775 2522 2829 Sed
2574 2788 2637 2829 ex
2680 2773 2977 2834 Athanasio
3016 2772 3140 2840 quid
3185 2782 3380 2824 ascette
3425 2780 3481 2825 et
3515 2780 3772 2824 ascetvcre

2196 2869 2320 2920 vitae
2354 2868 2569 2921 nomine
2624 2865 2952 2934 intelligatur
3000 2865 3405 2918 excutiendum.
3453 2864 3769 2930 Antequam

2200 2959 2467 3013 Antonius
2508 2958 2560 3011 in
2590 2956 2900 3011 interiorem
2946 2970 3187 3010 eremum
3235 2954 3581 3019 concederet,
3615 2968 3775 3006 asce—

2200 3060 2267 3104 ta:
2295 3062 2349 3104 et
2388 3049 2668 3115 monachi,
2704 3049 2748 3104 si
2781 3050 2869 3117 qui
2921 3049 2974 3102 in
3010 3047 3245 3116 IEgypto
3268 3054 3447 3108 erant,
3480 3045 3624 3099 haud
3652 3060 3775 3113 pro-

2199 3142 2285 3197 cnl
2318 3142 2435 3196 vico
2455 3157 2556 3195 suo
2592 3143 2642 3195 in
2676 3156 2891 3195 secessu
2943 3140 3206 3208 degebant
3249 3148 3301 3192 et
3348 3138 3640 3190 aSceticam
3690 3135 3774 3186 vi-

2201 3245 2308 3287 tant
2356 3234 2631 3303 agebant:
2688 3232 2917 3293 ’ἐκαστος
2958 3231 3014 3283 δὲ
3062 3229 3168 3283 τῶν
3211 3227 3546 3300 βουλομένων
3589 3224 3774 3295 ἐαυτῷ

2196 3324 2501 3397 προτέχειν,
2550 3324 2610 3376 οὑ
2659 3323 2873 3394 μακρὰν
2902 3322 3000 3394 τῆς
3051 3321 3182 3385 ἰδίας
3216 3320 3407 3390 κώμης
3452 3318 3772 3389 καταμόνας

2197 3416 2442 3486 ἠσκεῖτο.
2482 3412 2679 3483 Sicque
2699 3413 3091 3481 Antoniusipse
3114 3426 3142 3465 a
3173 3412 3459 3481 principio,
3497 3410 3565 3463 ad
3606 3424 3772 3463 asce-

2191 3506 2313 3561 ticze
2363 3507 2485 3560 vita:
2529 3505 2917 3573 perfectionem
2951 3502 3351 3567 contendebat;
3410 3502 3569 3569 idque
3620 3513 3774 3552 anno

2191 3597 2397 3653 Christi
2429 3596 2650 3651 circiter
2679 3595 2805 3658 271,
2839 3610 2963 3650 cum
3006 3595 3050 3647 is
3085 3593 3395 3647 vicesimum
3445 3600 3632 3660 ageret
3665 3604 3773 3642 an-

2194 3704 2344 3751 num",
2377 3696 2533 3743 natus
2568 3704 2710 3741 anno
2732 3688 2859 3741 251.
2884 3686 3062 3739 Multis
3090 3693 3272 3752 postea
3303 3681 3582 3736 laboribus
3607 3694 3773 3734 exer-

2191 3784 2387 3837 citatus
2416 3797 2556 3835 anno
2585 3780 2787 3836 Christi
2816 3779 2942 3844 505,
2974 3778 3148 3834 aetatis
3177 3776 3264 3838 55.
3292 3775 3623 3830 monasteria
3654 3773 3774 3842 plu-

2195 3878 2329 3929 rima
2360 3874 2412 3926 in
2444 3873 2719 3926 montibus
2752 3880 2806 3925 et
2838 3871 2891 3924 in
2926 3869 3148 3925 remotis
3198 3866 3584 3921 solitudinibus
3611 3864 3773 3919 esci-

2193 3966 2345 4030 tavit,
2388 3964 2693 4034 multosque
2722 3964 2787 4017 ad
2823 3964 3073 4017 asceticaa
3120 3961 3242 4015 vita:
3274 3974 3511 4013 amorem
3550 3958 3773 4011 inﬂam-

2197 4057 2364 4111 mavit
2392 4057 2490 4126 (ὑ),
2515 4058 2708 4125 quibus
2733 4055 2979 4109 omnibus
3003 4053 3154 4123 quasi
3182 4061 3339 4123 pater
3367 4052 3480 4120 ipse
3508 4058 3772 4117 praeerat,

2194 4149 2288 4201 καὶ
2321 4149 2535 4201 πάντων
2571 4145 2749 4199 αὐτῶν
2781 4144 2857 4208 ὡς
2910 4143 3091 4215 πατὴρ
3125 4143 3434 4214 καθηγεῖτο.
3481 4140 3617 4193 Hinc
3657 4140 3776 4192 fre-

2189 4248 2417 4305 quenter
2439 4236 2528 4291 ille
2557 4246 2764 4290 ascetas
2797 4244 2851 4289 et
2880 4233 3191 4298 monachos,
3243 4247 3365 4285 nam
3397 4240 3629 4299 utroque
3663 4243 3773 4282 no-

2191 4329 2335 4381 mine
2359 4327 2663 4380 alteruatim
2690 4326 2995 4396 compellat,
3024 4329 3088 4379 ad
3116 4322 3342 4378 solitarii
3368 4321 3598 4375 instituti
3632 4335 3770 4389 per-

2190 4418 2473 4471 fectionem
2505 4428 2780 4487 provocat,
2823 4418 3220 4483 asceticamque
3259 4415 3420 4468 vitam
3471 4427 3591 4466 eam
3641 4426 3775 4480 quas

2192 4513 2243 4564 in
2275 4510 2561 4564 solitudine
2596 4511 2725 4564 etin
2756 4509 3098 4564 monasteriis
3128 4508 3306 4578 agitur
3331 4513 3624 4573 nuncupat,
3664 4519 3776 4558 nec

2192 4602 2349 4657 aliam
2384 4603 2648 4669 agnoscit,
2679 4610 2736 4655 ut
2771 4602 3143 4670 frequentibus
3197 4602 3250 4653 in
3281 4598 3416 4653 locis
3468 4597 3672 4649 videas.
3705 4594 3770 4651 In

2190 4686 2461 4748 montibus
2482 4695 2662 4763 itaque
2696 4705 2750 4749 et
2782 4694 2834 4746 iu
2870 4694 3246 4748 solitudinibus
3267 4691 3399 4745 nihil
3434 4688 3579 4742 aliud
3611 4688 3777 4743 vide-

2191 4784 2373 4846 batur,
2396 4799 2555 4853 qnam
2582 4784 2869 4838 multitudo
2903 4794 3227 4845 ascetarum,
3260 4780 3397 4835 ἀλλὰ
3426 4778 3631 4850 πλῆθος
3661 4780 3774 4847 μὲν

2192 4875 2464 4946 ἀσκητῶν.
2502 4876 2613 4930 Sub
2679 4876 2792 4929 haec
2832 4886 3032 4937 autem,
3094 4873 3385 4927 Maximino
3435 4880 3773 4938 grassante,

2193 4983 2317 5021 cum
2354 4968 2618 5023 Antonius
2647 4967 2892 5038 martyrii
2935 4965 3160 5036 cupidus
3194 4963 3286 5035 (c),
3312 4979 3431 5019 sese
3458 4963 3624 5033 jndici
3654 4963 3768 5017 ob-

2189 5058 2418 5123 tulisset,
2450 5059 2763 5129 providente
2796 5058 3021 5113 Domino
3051 5070 3292 5112 servatus
3318 5058 3562 5114 est."Ira
3585 5056 3657 5108 ἐν
3681 5055 3771 5124 τῇ

2185 5149 2467 5213 ἀσκήσει,
2491 5148 2570 5215 ἣν·
2584 5150 2650 5202 ἐκ
2671 5149 2788 5203 τῶν
2805 5149 3058 5217 Γραφῶν
3072 5147 3252 5214 αὐτὸς
3265 5147 3587 5217 μεμάθηκε,
3608 5147 3771 5198 πολ-

2185 5238 2318 5303 λοῖς
2334 5239 2697 5307 διδάσκαλος
2721 5243 2900 5307 αὐτὸς
2928 5241 3182 5308 γένηται·
3203 5239 3425 5307 καὶγὰρ
3451 5238 3545 5290 καὶ
3560 5237 3769 5305 μόνον

2181 5325 2519 5392 βλέποντες
2552 5329 2737 5383 αὐτοῦ
2762 5329 2877 5396 τὴν
2906 5327 3162 5397 ἀγωγὴν,
3200 5326 3413 5381 πολλοὶ
3444 5324 3552 5391 τῆς
3580 5330 3775 5380 πολι-

2184 5420 2346 5485 τείας
2364 5420 2547 5473 αὑτοῦ
2566 5419 2968 5480 σπουδάζοντο
2994 5420 3236 5489 ζηλωταὶ
3257 5416 3548 5488 γενέσθαι·
3583 5415 3651 5469 Ut
3677 5437 3775 5473 ar.-

2185 5512 2361 5566 ceticw
2376 5512 2511 5577 cita’,
2531 5528 2686 5581 quam
2705 5530 2766 5568 ex
2784 5510 3067 5581 Scripturis
3082 5514 3187 5584 ipse
3203 5500 3715 5577 didiceranpermul:
3730 5513 3774 5564 ἐ

2265 5712 2333 5783 (ι’)
2365 5713 2420 5766 Ρ.
2455 5715 2574 5767 662.
