3990 6518
1166 434 1254 487 DE
1292 433 1450 487 VITA
1490 432 1575 488 ET
1618 434 1928 493 SCRIPTIS
1967 438 2024 493 s.
2064 420 2455 493 ATHANASII.

3289 448 3415 496 CLII

168 538 373 605 magister
393 540 577 609 foret.
624 545 928 603 Enimvero
978 548 1150 613 multi,
1179 560 1445 618 perspecto
1493 551 1606 620 ejus
1638 554 1754 603 vita:
1783 557 1827 611 Α
1859 555 2139 609 Itan-elices
2175 574 2187 608 :
2225 558 2366 623 qttotl
2399 555 2442 608 si
2487 552 2688 608 Ariana
2721 554 2962 618 haeresis,
3020 554 3150 623 ipsis
3178 554 3415 609 infestis-

169 629 393 694 instituto,
428 632 669 688 imitari
699 637 867 691 illum
905 640 1163 692 studuere.
1189 637 1246 693 In
1276 656 1503 709 quorum
1533 656 1754 694 numero

174 719 276 772 haud
304 720 478 777 dubie
523 726 897 783 Athanasius
925 732 1245 795 censendus,
1286 733 1375 800 qui
1425 742 1543 800 post
1579 730 1753 785 Maxi-

175 808 271 864 mini
321 813 743 871 carnilicinam
780 822 1074 875 asceticum
1129 821 1456 888 institutum,
1509 824 1752 878 Antonio

176 904 419 972 magistro,
448 906 511 960 in
548 909 878 966 solitudine
909 913 1047 977 iniit,
1093 924 1147 967 et
1202 915 1416 983 quidem
1466 930 1587 968 cum
1630 917 1753 971 aliis

176 996 358 1050 multis:
398 1013 537 1052 nam
577 1000 637 1054 id
686 1004 982 1058 manifeste
1011 1006 1247 1061 iudicant
1276 1006 1387 1060 haec
1424 1007 1620 1071 verba,
1653 1006 1751 1060 ἕνα

175 1086 555 1158 τὼνὰσκητῶν,
588 1107 773 1145 unum
809 1104 1127 1160 ascetarum,
1177 1110 1364 1150 eorum
1400 1098 1608 1151 scilicet
1658 1099 1750 1167 qui

177 1193 268 1233 cum
294 1181 547 1235 Antonio
582 1183 763 1237 simul
794 1186 1024 1254 agebant
1058 1188 1108 1239 in
1145 1186 1454 1241 solitudine.
1486 1187 1582 1242 Hic
1607 1184 1775 1257 quas?

178 1270 291 1325 rendi
356 1283 616 1339 ascetae,
686 1290 799 1329 non
861 1285 1039 1332 autem
1094 1278 1145 1332 in
1182 1278 1340 1332 domo
1379 1280 1600 1344 notarii,
1658 1288 1751 1333 aut

180 1362 489 1430 grammatici
521 1374 629 1417 aut
668 1364 1030 1421 Alexandrini
1063 1368 1483 1433 antistitis;.sed
1521 1370 1573 1424 in
1608 1370 1748 1423 mul-

178 1454 369 1508 titudine
389 1469 600 1510 eorum
641 1472 789 1527 quos
830 1459 989 1514 modo
1020 1459 1261 1531 ἁσκητὰς
1286 1500 1301 1525 ,
1343 1462 1503 1516 modo
1555 1479 1749 1515 συνασ-

178 1545 315 1615 aegra;
346 1558 652 1616 nuncupat
688 1550 1026 1606 Athanasius
1064 1550 1161 1621 (a),
1206 1554 1331 1621 quia
1379 1554 1535 1607 simul
1569 1569 1746 1609 versa-

176 1635 357 1690 bantur.
390 1635 500 1691 Ubi
534 1648 704 1693 notes
730 1640 892 1693 velim
921 1656 985 1695 ex
1037 1643 1232 1697 ascetis
1263 1643 1416 1709 alios,
1441 1644 1530 1712 qui
1564 1660 1749 1698 mona-

176 1726 285 1781 chin
318 1729 587 1783 instituto
625 1746 689 1785 se
754 1733 971 1801 penitus
1032 1735 1396 1801 dediderant,
1452 1739 1747 1792 monachos

174 1817 273 1871 item
307 1817 486 1874 inisse
517 1831 760 1875 vocatos
785 1839 799 1886 ;
829 1823 967 1877 alios
990 1834 1171 1879 autem
1205 1827 1295 1895 qui
1342 1828 1745 1881 exercitationis

1856 646 2012 707 sima.
2048 648 2197 715 signa
2232 648 2513 700 adversum
2545 660 2740 700 canere
2791 647 3064 713 coapisset,
3096 657 3329 717 putasne
3352 644 3413 703 S.

1855 737 2129 790 doctorem
2163 754 2273 791 rem
2310 737 2522 792 silentio
2552 736 2716 792 fuisse
2757 738 3299 807 praetermissurum?
3354 738 3413 795 Id

1855 838 2001 881 certe
2028 830 2114 883 vix
2142 831 2194 883 in
2231 830 2465 883 animqu
2496 830 2757 895 inducas;
2817 832 2859 885 si
2887 832 3235 901 perpenderis
3263 846 3412 895 eum,

1854 918 2043 986 quavis
2084 920 2302 972 minima
2340 922 2463 972 data
2517 922 2803 975 occasione
2832 963 2845 985 ,
2903 919 3065 974 etiam
3113 936 3236 975 cum
3266 920 3413 976 aliud

1855 1010 2052 1078 agitur,
2086 1009 2347 1079 lucil‘ugas
2382 1011 2497 1065 illos
2528 1012 2785 1066 insectari
2818 1027 2879 1065 ac
2900 1021 3199 1080 proterere.

1926 1100 2124 1155 Verum
2170 1102 2252 1155 his
2292 1118 2395 1155 non
2437 1104 2769 1173 obtemperat
2796 1102 3172 1159 Tillemontius
3202 1104 3295 1175 (ε),
3323 1105 3416 1173 qui

1852 1208 2002 1247 suam
2038 1202 2213 1247 tamen
2237 1196 2315 1248 sic
2342 1195 2498 1250 oﬂ'ert
2528 1196 2873 1261 sententiam,
2899 1204 2957 1249 ut
2981 1198 3192 1266 ignores
3224 1197 3415 1265 plusne

1852 1281 1951 1335 sibi
1975 1295 2132 1348 quam
2160 1283 2315 1337 nobis
2338 1284 2670 1338 adversetur.
2709 1284 2822 1338 Hoc
2852 1302 3002 1350 opus,
3050 1285 3125 1338 ait
3168 1286 3273 1345 ille.
3310 1286 3419 1337 edi-

1850 1374 1926 1425 dit
1975 1372 2316 1441 Athanasius,
2355 1387 2568 1444 rogante
2612 1377 2838 1445 quodam
2878 1377 3120 1430 Macario
3164 1376 3417 1431 Christia-

1851 1481 1939 1529 no,
1979 1466 2064 1519 cui
2095 1466 2283 1519 librum
2313 1478 2597 1536 nuncupat.
2628 1467 2813 1522 Libros
2843 1477 3015 1520 autem
3045 1468 3266 1521 Patrum
3295 1485 3414 1520 cum

1848 1571 1999 1622 penes
2045 1572 2099 1609 se
2134 1573 2237 1609 non
2268 1557 2455 1609 habere
2492 1557 2819 1625 testiﬁcetur,
2864 1558 3159 1611 subindicat
3192 1558 3417 1625 fortasse

1855 1662 1928 1707 se,
1971 1646 2095 1698 dum
2126 1646 2305 1716 pulsus
2353 1656 2402 1701 et
2432 1656 2647 1701 vexatus
2691 1649 2897 1711 lateret,
2948 1664 3075 1714 opus
3114 1646 3418 1715 hujusmodi

1849 1736 1899 1788 in
1939 1737 2103 1790 lucent
2134 1739 2357 1792 dedisse.
2405 1739 2747 1792 Arbitrantur
2794 1738 3123 1792 Benedictini
3165 1748 3288 1792 ante
3328 1756 3419 1793 an.

1849 1845 1968 1880 num
1999 1828 2101 1882 519
2146 1831 2256 1882 Itwc
2281 1831 2548 1897 publicata
2578 1831 2775 1897 fuisse;
2813 1830 2937 1898 quia
2975 1830 3104 1881 nihil
3132 1829 3203 1881 ibi
3236 1840 3418 1882 contra
3452 1902 3455 1905 ν

172 1925 306 1963 causa
336 1912 405 1965 ad
434 1923 663 1967 certum
700 1916 967 1983 temporis
989 1917 1218 1984 spatium
1250 1918 1303 1972 in
1335 1919 1622 1973 solitudine
1656 1920 1747 1974 de—
1779 1895 1821 1949 Β
1851 1919 2073 1972 Arianos
2104 1935 2122 1971 :
2151 1936 2279 1989 quos
2312 1934 2481 1973 tamen
2509 1920 2823 1986 confutandi
2854 1919 3032 1972 eadem
3080 1920 3214 1971 ratio
3258 1930 3304 1971 et
3331 1936 3419 1972 oc-

170 2000 361 2069 gebant,
399 2015 634 2058 ascetas
676 2004 859 2059 solum
882 2006 1054 2060 dictos
1098 2022 1255 2063 esse:
1288 2022 1319 2061 e
1370 2024 1597 2077 quorum
1650 2026 1749 2063 nu-

169 2108 295 2146 mero
316 2093 709 2160 Athanasius;
751 2104 813 2148 ut
844 2096 1015 2149 innuit
1041 2097 1177 2151 idem
1209 2098 1261 2151 in
1296 2098 1413 2152 Vita
1436 2100 1651 2154 Antonii
1683 2102 1747 2155 de

164 2183 351 2238 Amune
374 2187 668 2240 monacho
692 2185 921 2255 loquens
940 2188 1011 2257 (ὁ)
1031 2184 1157 2241 ετΗν
1177 2189 1233 2242 δὲ
1250 2184 1403 2253 οὗτος
1419 2190 1523 2253 ἕως
1546 2194 1747 2263 γήρους

163 2276 387 2346 ἀπητὴς
434 2276 743 2348 διαμείνας
768 2294 785 2312 ο
815 2278 874 2333 Is
917 2291 1090 2334 autem
1137 2282 1205 2333 ad
1239 2293 1553 2337 senectutem
1586 2301 1747 2355 usque

163 2368 206 2417 in
230 2378 421 2421 asceta?
445 2380 603 2421 statu
628 2370 1016 2437 perseveravit;
1042 2386 1147 2439 quo
1170 2371 1510 2428 subindicare
1537 2376 1748 2428 videtur

163 2456 279 2510 alios
308 2455 511 2522 fuisse,
552 2458 649 2528 qui
682 2460 749 2512 ad
788 2467 999 2528 tempus
1030 2460 1202 2514 solum
1236 2474 1536 2518 ascetarum
1589 2465 1746 2519 insti-

164 2556 317 2602 tutum
340 2548 633 2613 colebant,
656 2551 807 2619 quod
833 2552 1186 2605 Athanasium
1218 2551 1408 2608 fecisse
1428 2556 1741 2623 putandum.

624 2662 1151 2722 ANIMADVERSIO
1190 2665 1278 2722 111.

166 2753 293 2808 Libri
316 2755 528 2811 Contra
560 2769 757 2827 gentes
795 2770 844 2812 et
887 2759 963 2838 De
996 2761 1363 2841 incarnatione
1394 2776 1493 2830 quo
1519 2770 1745 2832 tempore

859 2841 1063 2897 scripti.

226 2913 444 2969 Librum
470 2914 683 2970 Contra
716 2925 897 2986 gentes
923 2927 977 2970 et
1004 2917 1421 2987 subsequentem
1451 2920 1523 2973 De
1556 2919 1741 2973 Incur-

169 3010 361 3060 satione
388 3008 445 3061 in
480 3008 668 3061 fronte
721 3024 950 3077 operum
978 3009 1258 3064 Athanasii
1292 3013 1516 3080 positos,
1552 3016 1739 3065 eodem

172 3101 691 3165 letnpore‘scriptos,
716 3115 993 3170 unumque
1017 3116 1136 3156 esse
1169 3103 1219 3155 in
1251 3114 1429 3171 partes
1454 3106 1587 3159 duas
1622 3108 1733 3161 dis-

172 3188 418 3243 tributum
455 3204 621 3259 0pus,
685 3191 803 3258 ipse
840 3206 1018 3245 rerum
1050 3194 1205 3256 ordo,
1236 3196 1517 3265 Ipsumque
1557 3207 1738 3263 poste«
1768 3230 1809 3286 ο

173 3281 325 3335 rioris
354 3282 482 3337 libri
520 3284 813 3337 exordium
840 3296 1022 3351 aperte
1066 3286 1335 3351 significat
1367 3305 1381 3342 :
1415 3303 1588 3357 neque
1633 3289 1738 3342 ulla

176 3383 408 3427 moretur
447 3374 556 3427 hac
586 3376 670 3427 de.
686 3389 744 3428 re
774 3374 1115 3443 disceptatio.
1146 3377 1374 3443 Dudum,
1400 3390 1471 3441 et,
1501 3389 1559 3433 ut
1594 3380 1739 3434 vide-

179 3472 279 3527 tur,
306 3466 372 3519 ab
400 3466 523 3534 ipso
560 3466 856 3520 Athanasii
886 3481 1000 3521 arvo
1022 3471 1276 3535 obtinuit,
1318 3482 1376 3523 ut
1406 3472 1543 3525 inter
1569 3473 1739 3526 Atha-

177 3558 297 3611 nasii
322 3573 485 3626 opera
512 3558 567 3612 bi
602 3560 709 3612 duo
742 3559 868 3613 libri
923 3560 1122 3628 primas
1159 3571 1424 3616 tenerent.
1470 3565 1735 3635 Hierony—

179 3664 284 3703 mus
313 3652 513 3719 quippe
570 3651 625 3705 in
676 3652 1000 3706 recensione
1026 3668 1123 3706 sua
1156 3653 1321 3707 libros
1360 3655 1491 3708 duos
1540 3654 1737 3709 Contra

177 3752 337 3808 gentes
378 3744 587 3811 primos
637 3752 961 3808 enumerat,
1000 3744 1251 3798 similiter
1297 3753 1351 3799 et
1400 3746 1626 3802 Photius
1682 3748 1735 3801 in

177 3830 487 3888 Bibliotheca
520 3851 540 3887 :
574 3836 625 3888 in
652 3835 1016 3903 omnibusque
1046 3852 1269 3905 prorsus
1291 3838 1523 3907 antiquis
1551 3853 1737 3892 exem-

178 3924 399 3990 plaribus
444 3927 608 3980 iidem
643 3926 769 3981 libri
829 3940 1020 3995 agmen
1073 3936 1278 3997 agunt:
1340 3943 1475 3997 quos
1531 3930 1651 3983 ideo
1684 3929 1736 3982 in

178 4014 342 4069 fronte
370 4018 579 4071 locatos
611 4018 972 4081 arbitramur,
1004 4018 1128 4087 quia
1157 4018 1312 4087 primi
1337 4020 1575 4074 omnium
1604 4020 1738 4073 scri-

176 4105 243 4169 pti
274 4105 503 4160 fuerant.
532 4105 642 4161 Nec
673 4108 876 4162 desunt
910 4108 1036 4172 alia,
1084 4120 1137 4163 et
1160 4109 1378 4178 quidem
1411 4111 1592 4179 gravia
1615 4152 1630 4177 ,
1668 4112 1736 4165 ad

173 4210 284 4249 eam
338 4199 595 4252 tuendam
632 4198 963 4252 sententiam
992 4210 1327 4267 Opportuna:
1386 4216 1510 4254 nam
1556 4201 1607 4255 in
1649 4216 1736 4255 se-

172 4289 340 4342 cundo
374 4290 531 4355 libro,
560 4291 647 4344 cui
681 4288 761 4343 De
792 4290 1146 4344 incarnatione
1188 4292 1405 4358 titulus,
1468 4294 1556 4347 ubi
1608 4308 1736 4346 cou-

175 4388 245 4431 tra
278 4395 485 4449 gentes,
517 4381 739 4435 Judaos
784 4391 840 4435 et
870 4381 1148 4452 plerosque
1187 4384 1587 4449 haereticorum,
1644 4384 1733 4452 qui

172 4471 361 4526 Christi
418 4474 679 4527 deitatem
720 4484 1020 4543 negarent,
1080 4490 1176 4540 pro
1206 4475 1412 4529 viribus
1463 4477 1736 4545 depugnat

1848 2013 1989 2063 casio
2036 2013 2253 2075 aderat,
2300 2028 2416 2083 qum
2466 2011 2532 2061 ad
2579 2011 2715 2062 alius
2762 2011 2985 2063 hmreses
3027 2010 3415 2077 propulsandus

1850 2102 2200 2155 Athanasium
2250 2101 2494 2169 perpulit.
2550 2102 2617 2152 At
2672 2102 2931 2153 maturius
2980 2101 3204 2169 fortasse
3255 2118 3415 2171 quam

1848 2204 1976 2248 tutas
2004 2193 2184 2262 ferret,
2216 2210 2344 2262 Opus
2377 2193 2685 2262 hujusmodi
2728 2192 2927 2261 factum
2959 2194 3176 2259 putabat
3215 2208 3232 2245 :
3263 2194 3414 2263 igno-

1849 2302 2004 2355 roque
2035 2287 2157 2353 quid
2205 2302 2378 2338 causa:
2434 2295 2590 2349 esset,
2627 2300 2722 2336 cur
2754 2300 2807 2337 se
2864 2282 3013 2336 libris
3062 2294 3185 2336 tunc
3234 2299 3414 2337 carere

1845 2378 2055 2430 dixerit.
2101 2377 2346 2429 Attamen
2382 2392 2496 2429 cum
2533 2376 2643 2429 Ittec
2677 2375 2869 2443 ﬂorido
2920 2374 3056 2443 ston
3099 2374 3413 2438 narraverit,

1850 2470 1903 2522 in
1949 2470 2143 2537 primos
2199 2468 2371 2521 (etatis
2430 2483 2593 2519 annos
2645 2466 2987 2535 opportunius
3038 2464 3412 2534 conjiciantur.

1847 2557 1984 2612 Sane
2010 2577 2125 2612 vero
2171 2560 2372 2611 videtur
2411 2559 2668 2610 modicam
2700 2568 2807 2609 tum
2839 2554 3197 2609 Romanarum
3236 2573 3411 2608 rerum

1847 2650 2084 2703 notitiam
2123 2650 2383 2712 habuisse,
2428 2660 2582 2719 atque
2632 2654 2933 2717 priusquam
2978 2646 3197 2701 Romam
3244 2649 3413 2701 adiis-

1846 2750 1941 2805 set,
1971 2742 2081 2793 Ittrc
2111 2741 2399 2808 scripsisse.
2432 2738 2537 2793 Sed
2577 2750 2859 2807 postquam
2907 2739 2977 2791 ita
3009 2737 3223 2801 clausit,
3267 2750 3322 2791 ut
3360 2741 3411 2792 in

1845 2846 2049 2902 partem
2080 2842 2315 2885 nostram
2344 2830 2678 2899 propendere
2705 2832 2968 2894 videatur,
3002 2832 3268 2885 dictorum
3304 2828 3415 2884 fur-

1847 2925 2005 2978 tassis
2050 2924 2358 2986 immemor,
2401 2922 2453 2975 in
2504 2920 2654 2975 Natis
2704 2923 2838 2988 suis,
2887 2937 3030 2974 anno
3065 2922 3166 2975 546
3210 2921 3411 2975 edi'ttm

1843 3031 1976 3082 opus
2009 3014 2172 3067 fuisse
2202 3013 2551 3083 probabiliter
2580 3014 2872 3067 existimat.
2915 3012 3029 3066 Non
3070 3014 3232 3081 igitur
3263 3015 3412 3079 prius

1843 3118 2002 3171 quam
2041 3100 2269 3154 Romam
2308 3102 2533 3154 vidisset
2585 3103 2727 3155 hunc
2779 3102 2975 3155 librum
3027 3102 3196 3156 edidit
3239 3118 3410 3156 :ttam

1845 3202 2066 3247 auctore
2095 3190 2433 3244 Tillemoutio
2478 3189 2554 3261 (ιι)
2611 3190 2831 3245 Romam
2882 3192 3053 3261 primo
3097 3193 3231 3245 adiit
3270 3207 3413 3246 anno

1846 3284 1970 3349 559,
2002 3283 2103 3336 etsi
2137 3283 2352 3336 biennio
2379 3283 2641 3336 maturius
2671 3297 2789 3336 eam
2823 3282 3194 3353 migrationem
3224 3295 3409 3353 ponat,

1846 3388 1903 3431 ut
1954 3377 2091 3431 inira
2137 3374 2534 3444 comprobatur.
2587 3374 2691 3441 Qui
2743 3388 2872 3445 ergo
2914 3376 3163 3430 dubitare
3211 3378 3410 3446 potuit,

1846 3486 1971 3523 num
2020 3483 2136 3522 mos
2186 3467 2409 3520 Romani
2454 3477 2696 3528 senatus.
2731 3481 2837 3535 quo
2875 3466 3152 3521 defunctos
3184 3467 3414 3536 impera-

1847 3570 1992 3613 tores
2028 3558 2079 3611 iu
2130 3561 2348 3611 deorum
2385 3572 2607 3610 numero
2653 3557 3026 3627 consignabat,
3075 3568 3185 3613 tum
3232 3560 3411 3613 exole-

1846 3652 2030 3712 visset,
2057 3649 2145 3718 qui
2173 3648 2283 3715 jam
2312 3648 2513 3716 aliquot
2537 3664 2706 3704 annos
2735 3647 2917 3703 Romae
2946 3648 3302 3704 consederat?
3331 3651 3410 3704 Ad

1846 3747 1961 3800 haec
1986 3759 2114 3797 vero
2154 3758 2293 3796 anno
2335 3742 2460 3807 346,
2493 3742 2677 3796 Ariani
2716 3752 2883 3796 totum
2922 3760 3017 3813 per
3047 3746 3231 3799 orbem
3256 3760 3409 3801 erro-

1844 3850 1933 3889 res
1965 3835 2071 3888 late
2105 3841 2435 3903 sparserant,
2474 3832 2784 3903 ingentique
2828 3834 3056 3888 tumultu
3101 3835 3413 3890 Catholicos

1844 3925 2255 3997 oppugnabant;
2289 3924 2375 3977 hic
2398 3926 2629 3978 maxime
2654 3939 2809 3979 error
2830 3926 3083 3980 deitatem
3108 3927 3263 3982 Verbi
3297 3938 3409 3984 tum

1845 4017 2175 4088 impetebat:
2226 4015 2347 4084 quis
2398 4028 2523 4068 vero
2576 4024 2729 4083 putat
2780 4016 3136 4071 Athanasium
3189 4018 3409 4075 deitatis

1843 4107 2045 4163 Christi
2098 4106 2279 4159 hostes
2307 4117 2642 4174 aggressum,
2682 4105 2777 4160 hos
2808 4105 3128 4160 deterrimos
3164 4110 3407 4164 omnium

1844 4199 2078 4252 intactos
2109 4195 2465 4267 praeteriisse?

1915 4294 1985 4345 At
2012 4290 2197 4355 junior
2238 4288 2450 4342 videtur
2494 4286 2680 4351 fuisse,
2710 4288 2881 4357 pergit
2912 4289 3020 4352 ille,
3056 4299 3112 4342 ut
3140 4301 3266 4345 ante
3308 4308 3409 4345 au-

1842 4398 1971 4436 nnm
1994 4380 2098 4434 519
2123 4383 2221 4433 hoc
2249 4395 2383 4450 opus
2408 4380 2701 4433 emitteret.
2729 4379 2923 4433 Verum
2961 4396 3082 4433 cum
3134 4397 3274 4435 anno
3306 4383 3411 4437 518
3458 4401 3463 4406 ’

1843 4473 2158 4528 vicesimum
2187 4481 2437 4541 quartum
2472 4472 2659 4525 saltem
2702 4487 2767 4525 ex
2812 4482 3063 4540 computo
3090 4486 3296 4538 nostro,
3330 4476 3407 4528 vi-

175 4558 295 4623 ille;
332 4578 397 4615 ne
427 4564 651 4617 verbum
676 4562 901 4632 quidem
934 4573 1225 4632 comparet,
1284 4566 1421 4632 quod
1453 4566 1538 4619 vel
1571 4566 1731 4619 Aria-
1769 4583 1812 4637 ι)
1842 4567 2103 4620 cesimum
2131 4578 2258 4617 vero
2290 4578 2509 4627 nouum,
2538 4578 2601 4614 ex
2628 4561 2921 4616 llermantii
2959 4564 3183 4627 calculo,
3207 4581 3406 4619 annum

174 4664 287 4703 nam
323 4655 568 4708 haresim
587 4654 702 4723 jam
726 4655 1002 4707 subortam
1026 4655 1243 4719 iudicet,
1262 4656 1340 4708 vel
1360 4670 1566 4726 pugnas
1595 4659 1737 4711 oleat

171 4754 284 4796 eum
321 4746 538 4801 Ariauis
569 4748 773 4813 initas;
807 4746 932 4799 licet
958 4747 1268 4815 posterioris
1299 4748 1419 4803 libri
1447 4766 1737 4820 argumen-

174 4840 275 4888 tum
297 4846 349 4891 et
365 4839 624 4893 materies
652 4854 720 4894 eo
749 4838 1070 4907 scriptorem
1101 4840 1248 4893 velut
1267 4854 1297 4894 e
1322 4856 1377 4895 re
1409 4850 1532 4893 nata
1568 4842 1736 4894 dedu-

174 4936 332 4981 ceret.
356 4929 424 4983 At
457 4930 603 4986 enim
633 4930 677 4983 si
710 4929 827 4999 jam
858 4927 1122 4982 Arianicae
1158 4942 1360 4983 exorta:
1396 4932 1566 4984 turbae
1597 4928 1734 4988 his-

176 5031 304 5085 sent,
333 5024 549 5077 etiamsi
579 5023 648 5076 de
692 5023 958 5075 industria
993 5021 1106 5076 Arii
1167 5040 1360 5079 nomen
1414 5034 1595 5081 tacere
1634 5042 1730 5081 vo-

175 5108 349 5167 luisset
400 5113 763 5176 Athanasius,
795 5114 937 5180 quod
978 5114 1119 5167 baud
1171 5116 1463 5171 verisimile
1490 5157 1505 5181 ,
1553 5118 1730 5187 aliqua

176 5205 339 5254 tamen
387 5202 438 5255 in
476 5201 805 5271 longissimo
840 5215 1020 5266 opere,
1073 5212 1351 5260 temet-alte
1399 5206 1467 5259 ab
1508 5207 1731 5262 Arianis

174 5292 309 5345 verbi
340 5293 430 5349 Dei
470 5295 746 5349 doctrinae
779 5292 930 5361 signa
967 5306 1333 5362 superessent.
1363 5299 1559 5365 Agitur
1585 5300 1728 5354 enim

176 5382 328 5438 deitas
359 5386 581 5450 Christi,
601 5402 771 5456 quam
792 5384 1118 5440 Athanasius
1142 5398 1331 5441 contra
1351 5404 1539 5445 omnes
1571 5400 1732 5459 quot-

175 5482 291 5537 quot
324 5486 667 5532 emerserant
691 5477 902 5538 hostes,
939 5478 1201 5531 acerrime
1229 5490 1550 5550 propugnat,
1578 5480 1731 5535 Crte-

175 5565 526 5637 eos,.ludasos,
574 5568 1029 5636 Valentinianus,
1096 5569 1417 5626 Slatticbreos
1484 5573 1727 5639 aliosque

229 5793 300 5865 (η)
328 5795 388 5850 P.
426 5799 552 5852 seu.

228 5866 297 5935 (ὁ)
329 5866 385 5921 Ρ.
422 5869 549 5923 1572.

1835 4666 2040 4725 ageret,
2073 4668 2251 4707 annon
2289 4653 2643 4720 suscipiendae
2682 4652 2757 4705 rei
2807 4668 2903 4721 par
2946 4662 2998 4707 et
3050 4665 3291 4708 ntaturus
3332 4656 3409 4707 vi-

1834 4748 2048 4806 deatur,
2079 4757 2203 4797 cum
2248 4744 2481 4796 maxime
2525 4743 2681 4796 annis
2714 4743 2841 4796 hinc
2873 4752 3078 4812 septem
3112 4745 3314 4814 elapsis
3337 4748 3406 4800 ad

1832 4850 2145 4906 supremum
2181 4849 2361 4888 rerum
2390 4836 2598 4904 apicem
2622 4845 2841 4889 evectus
2865 4838 2960 4901 sit,
2996 4836 3049 4890 in
3080 4837 3410 4893 Alexandri-

1834 4943 1961 4980 num
2031 4924 2502 4997 archiepiscopum
2568 4930 2901 4996 cooptatus?
2968 4928 3109 4995 Quot
3144 4931 3411 4991 vidimus

1837 5019 1988 5089 paris
2028 5029 2122 5071 aut
2169 5019 2393 5074 minoris
2438 5021 2617 5073 aetatis
2660 5022 2859 5075 eximia
2911 5022 3238 5091 protulisse?
3298 5025 3411 5081 lluc

1836 5108 2047 5166 accedit
2094 5110 2239 5179 quod
2289 5111 2343 5166 in
2396 5111 2543 5168 hisce
2594 5112 2744 5167 libris
2798 5129 2899 5169 non
2953 5130 3109 5169 suam
3166 5117 3273 5183 ille,
3316 5119 3411 5171 sed

1838 5204 2219 5269 magistrorum
2268 5205 2570 5260 doctrinam
2622 5205 2813 5263 eﬂ'erre
2862 5223 2923 5263 se
2953 5209 3299 5278 profiteatur;
3335 5211 3407 5262 ita

1835 5304 1896 5347 ut
1951 5294 2185 5362 inopiam
2236 5295 2524 5361 librorum,
2577 5300 2781 5354 recenti
2832 5299 3233 5369 disciplinarum
3292 5314 3408 5353 me-

1837 5384 2007 5437 moria
2062 5382 2289 5437 sarciret
2343 5398 2358 5437 :
2410 5394 2463 5439 et
2511 5385 2776 5455 alioquin,
2824 5388 2937 5456 ipso
2993 5386 3195 5441 fatente
3243 5384 3408 5440 Title-

1841 5481 2067 5543 montio,
2122 5479 2236 5534 hazc
2283 5479 2577 5546 ﬂoridiore.
2634 5497 2794 5549 quam
2848 5479 3179 5534 Athanasius
3211 5477 3405 5541 soleat,

1841 5568 1979 5638 stylo
2008 5570 2332 5639 conscripta,
2384 5570 2438 5625 in
2495 5572 2694 5640 primos
2736 5573 2912 5625 aetatis
2951 5584 3121 5625 annos
3152 5579 3409 5640 opportu-

1907 5801 1976 5869 (τ)
2018 5801 2111 5855 Vie
2134 5804 2196 5855 de
2233 5801 2291 5855 S.
2322 5802 2603 5867 Athanase,
2631 5812 2734 5857 art.
2782 5802 2901 5855 ll8.

1901 5872 1978 5942 (ά)
2019 5872 2142 5926 Not.
2178 5872 2299 5925 tto.
