3990 6526
11 0 221 105 Γ“
426 22 451 24 ’
845 28 887 135 ἲ

1164 419 1249 473 DE
1288 417 1569 472 VITAIE'I
1617 414 1924 471 SCRll'TlS
1959 416 2015 471 S.
2057 413 2450 470 ATHANASII.

3248 424 3410 469 ειιιιι

172 523 385 595 Capones,
422 530 629 587 Arius
696 536 873 598 alter,
924 537 1212 598 Sarmales,
1258 536 1385 588 olim
1441 512 1745 603 presbpteri,
1774 543 1824 596 Α
1851 534 1993 587 enim
2028 533 2349 603 presbyteri,
2378 542 2433 586 et
2464 539 2697 601 quatuor
2722 531 2933 586 diaconi
2971 533 3185 588 Arianis
3211 549 3406 588 nomen

174 618 355 685 Ettsoius,
400 621 672 688 Lucius,
713 627 930 688 Julius,
967 625 1169 687 Menas,
1210 625 1510 689 Helladius,
1556 634 1603 677 et
1636 622 1745 676 Ga-

176 714 242 775 itu,
268 711 380 764 olim
416 715 715 780 diaconi,
752 736 822 769 ac
874 734 989 770 cum
1024 719 1151 783 ipsis
1188 715 1459 770 Secundus
1506 728 1551 769 et
1586 714 1749 768 Theo-

171 822 245 867 nu,
266 805 378 857 olim
431 807 718 875 episcopi
766 810 1079 878 unncupati.
1123 806 1284 860 Verba
1317 817 1492 859 autem
1543 806 1746 858 abillis

169 899 409 961 «distenta,
446 915 521 951 ac
560 910 815 966 praeter
838 900 1235 969 Scripturarum
1266 910 1485 953 mentem
1518 899 1745 966 prolata,

170 994 243 1044 hac
275 999 387 1042 sunt
419 1006 437 1042 :
498 988 651 1044 Non
708 1010 931 1063 semper
977 995 1113 1047 Dens
1154 994 1312 1047 Pater
1357 993 1482 1061 fuit.
1511 1030 1526 1045 .
1551 1030 1566 1045 .
1593 1028 1612 1047 .
1638 1033 1652 1047 .
1685 1033 1699 1047 .
1729 1031 1742 1043 .

169 1080 433 1134 Sciscitante
464 1083 762 1148 quodam,
819 1102 943 1138 num
984 1085 1195 1153 perinde
1221 1084 1415 1137 mutari
1452 1092 1617 1151 posset
1656 1082 1747 1137 Dei

174 1167 348 1221 Verbum
378 1177 556 1237 atque
595 1169 877 1226 diabolus
916 1185 1144 1227 mutatus
1177 1184 1290 1237 est;
1322 1188 1422 1226 non
1450 1174 1598 1226 veriti
1626 1182 1746 1225 sunt

164 1262 223 1313 illi
250 1263 574 1328 respondere
600 1275 621 1311 :
663 1262 826 1317 Sane
848 1275 1015 1333 potest
1043 1282 1060 1318 :
1097 1282 1238 1329 nam,
1274 1274 1447 1333 utpote
1472 1265 1668 1332 factum
1696 1272 1745 1317 et

162 1362 377 1418 creatum,
404 1359 717 1412 mutabilis
751 1368 831 1410 est
874 1369 1097 1411 naturas.
1133 1357 1258 1411 Haec
1288 1358 1509 1410 Arianos
1535 1356 1746 1425 loquen-

160 1454 231 1510 tes,
254 1448 355 1499 hac
380 1448 893 1516 impudentissime
917 1451 1253 1519 affirmantes,
1285 1466 1375 1503 nos
1403 1467 1521 1503 cum
1546 1456 1746 1518 episco-

156 1536 217 1601 pis
246 1533 467 1604 [Ερετριὶ
528 1548 584 1589 et
639 1537 948 1608 Libyarum
999 1554 1157 1604 prope
1207 1547 1433 1601 centum,
1482 1540 1535 1592 in
1584 1555 1742 1591 unum

157 1624 317 1685 coacti,
349 1642 475 1677 cum
504 1627 672 1693 illos,
704 1639 821 1681 tum
851 1646 938 1682 eos
966 1629 1053 1697 qui
1084 1628 1219 1695 ipsos
1245 1630 1407 1681 secuti
1439 1640 1579 1691 sunt,
1615 1647 1745 1683 ana-

158 1715 354 1767 themate
377 1720 795 1781 percussimus.
824 1719 892 1771 At
920 1718 1173 1773 Eusebius
1203 1731 1247 1772 et
1271 1722 1401 1772 socii
1422 1721 1742 1773 admiserunt

156 1806 271 1859 illos.
329 1809 550 1863 Deinde
592 1824 760 1871 vero,
810 1810 1104 1864 confutatis
1145 1812 1258 1864 Arii
1312 1819 1365 1864 et
1414 1820 1740 1865 sectatorum

1849 626 2063 678 dedere.
2095 625 2403 679 Alexander
2427 635 2573 687 vero,
2604 622 2692 691 qui
2731 622 3000 680 damnatis
3028 640 3058 677 a
3097 626 3299 695 synodo
3324 642 3409 680 se-

1848 725 1951 767 ctae
1998 717 2348 784 principibus,
2396 715 2624 769 fractam
2662 716 2906 768 lucresim
2941 724 2997 769 et
3044 732 3405 784 compressam

1850 805 1963 858 lore
1991 806 2259 873 sperabat,
2288 818 2602 862 cteterarum
2636 808 2909 873 regionum
2942 808 3209 876 episeopis
3239 808 3407 862 latere

1850 896 2100 964 cupiebat
2133 912 2219 951 res
2248 899 2298 951 in
2326 898 2561 969 IEgypto
2583 911 2783 970 gestas,
2810 909 2869 953 ut
2895 915 2960 953 ne
2986 901 3229 969 vulgatus
3252 918 3405 955 error

1849 987 2008 1040 latius
2045 1000 2307 1057 serperet.
2334 989 2401 1043 Ut
2428 1001 2604 1043 autem
2630 992 2774 1044 videt
2811 990 3185 1060 ingrawscere
3218 993 3268 1045 in
3294 992 3409 1047 dies

1854 1078 2159 1134 intestinum
2209 1078 2444 1142 malum,
2491 1096 2590 1135 nec
2634 1082 2875 1135 externis
2927 1082 3168 1136 hostibus
3233 1084 3409 1135 minus

1848 1184 2009 1235 quam
2038 1170 2350 1224 domesticis
2371 1171 2785 1226 Alexandrinam
2813 1172 3107 1228 Ecclesiam
3139 1176 3407 1238 laborare,

1848 1260 2052 1315 litteras
2092 1264 2342 1317 omnibus
2371 1279 2465 1334 per
2491 1266 2673 1317 orbem
2704 1267 2970 1335 episcopis
3011 1267 3180 1330 dedit,
3221 1268 3410 1334 quales

1847 1354 2092 1419 superius
2142 1353 2442 1415 attulimus,
2491 1368 2554 1406 ac
2594 1352 2723 1407 cleri
2776 1354 3124 1406 Alexandrini
3176 1354 3411 1407 munitas

1846 1439 2137 1506 suffragiis,
2173 1456 2278 1509 quo
2329 1442 2653 1495 Arianorum
2683 1442 3084 1495 damnationem
3132 1440 3414 1510 pervulga-

1848 1541 1951 1593 ret,
1991 1533 2345 1602 undequaque
2382 1532 2547 1588 misit.
2581 1530 2726 1585 llanc
2756 1542 3026 1600 gestorum
3064 1534 3255 1586 seriem
3281 1547 3407 1599 per-

1845 1624 2028 1689 spicue
2070 1626 2121 1675 in
2156 1624 2331 1677 allatis
2372 1623 2563 1677 litteris
2602 1621 2782 1676 efferri
2818 1638 2970 1677 nemo
3006 1640 3108 1676 non
3152 1622 3404 1686 lateatur.

1847 1711 2043 1765 Verum
2081 1712 2456 1767 Tillemontius
2485 1729 2551 1766 ex
2583 1714 2919 1775 earumdem,
2955 1722 3009 1767 ut
3056 1723 3225 1781 putat,
3265 1714 3406 1766 littco

1848 1818 2027 1855 rarum
2071 1804 2411 1868 auctoritate,
2461 1803 2616 1870 longe
2650 1803 2808 1855 aliam
2842 1804 3090 1857 narrandi
3138 1807 3277 1857 viam
3311 1820 3409 1873 ag-

155 1901 432 1964 erroribus,
469 1901 560 1955 sic
616 1902 825 1954 clausit
873 1903 1157 1970 epistolam
1212 1902 1519 1955 Alexander
1552 1921 1566 1955 :
1606 1902 1738 1955 Cum
1771 1883 1814 1939 Β
1841 1894 2103 1962 greditur.
2134 1895 2311 1949 Primo
2332 1894 2701 1958 enim,contra
2734 1893 2890 1947 iidem
2921 1896 3407 1962 manuscriptorum

157 1996 310 2062 itaque
334 1992 617 2046 Dominus
644 2005 698 2047 et
729 1992 987 2047 Salvator
1012 2004 1183 2046 noster
1209 1993 1364 2047 Jesus
1390 1994 1625 2048 Christus
1652 2010 1742 2061 per

155 2082 319 2145 seipse
372 2081 454 2131 ita
502 2084 860 2148 pneceperit,
901 2092 948 2134 et
997 2098 1087 2149 per
1132 2082 1440 2150 Apostolum
1488 2100 1565 2136 res
1597 2086 1739 2136 nobis

153 2172 443 2239 ltujusmodi
480 2172 921 2241 signiﬁcaverit;
960 2174 1085 2242 jure
1136 2190 1229 2227 nos
1278 2175 1367 2243 qui
1426 2175 1740 2243 impietatem

154 2264 349 2315 illorum
379 2264 487 2332 ipsi
532 2281 727 2317 coram
783 2266 1109 2330 audit-imus,
1138 2266 1395 2331 homines,
1456 2270 1533 2318 uti
1581 2284 1739 2334 supra

152 2353 333 2405 dictum
364 2365 469 2416 est,
498 2353 861 2407 anathemate
896 2356 1275 2417 damnavimus,
1318 2358 1553 2426 ipsosque
1585 2375 1616 2410 a
1652 2375 1741 2410 ca-

153 2442 331 2494 tholica
364 2439 625 2495 Ecclesia
669 2453 719 2496 et
756 2443 865 2510 ﬁde
894 2444 1094 2497 alienos
1135 2446 1513 2500 declaravimus
1546 2464 1563 2500 :
1605 2464 1740 2500 rem-

154 2550 257 2598 que,
278 2535 619 2586 -cliarissimi
646 2544 700 2586 et
728 2535 1131 2589 honoratissimi
1165 2540 1528 2602 comministri,
1556 2551 1739 2592 vestra:

155 2625 380 2693 religioni
426 2625 846 2691 indicavimus;
905 2637 959 2679 ut
999 2644 1060 2680 ne
1111 2630 1380 2697 quospiam
1429 2647 1493 2683 ex
1536 2631 1662 2695 illis,
1692 2632 1740 2684 si

156 2717 439 2781 petulanter
488 2734 583 2771 vos
624 2718 783 2770 adire
832 2719 952 2770 ausi
997 2720 1213 2786 fuerint,
1268 2722 1525 2787 recipiatis
1566 2736 1584 2773 :
1620 2739 1739 2777 neve

157 2804 395 2869 Eusebio,
423 2808 508 2861 vel
539 2808 641 2860 alii
680 2809 917 2876 cuipiam
960 2812 1023 2862 de
1053 2810 1156 2863 illis
1180 2811 1249 2862 ad
1280 2829 1363 2864 vos
1401 2814 1645 2867 scribenti
1668 2816 1737 2882 [i-

156 2897 257 2948 dem
293 2898 563 2952 habeatis.
622 2898 743 2952 Nos
780 2901 947 2966 enim,
979 2913 1153 2967 utpote
1200 2902 1547 2967 Christianos,
1594 2908 1737 2958 decet

154 3004 319 3041 omnes
354 2991 443 3058 qui
493 3002 688 3043 contra
738 2990 1009 3043 Christum
1048 2991 1331 3061 loquuntur
1359 3004 1450 3046 aut
1486 2997 1735 3058 sentiunt,

155 3083 278 3131 velut
300 3080 399 3133 Dei
429 3082 609 3134 hostes
640 3082 1050 3150 animarumque
1078 3074 1406 3152 corruptores
1440 3087 1733 3151 adversari,

156 3185 210 3218 ac
249 3186 310 3221 ne
356 3172 569 3238 quidem
609 3171 717 3224 Ave
752 3170 862 3223 illis
896 3172 1065 3224 dicere
1093 3186 1112 3223 :
1151 3188 1211 3226 ne
1241 3176 1450 3242 quando
1483 3176 1734 3229 scelerum

155 3260 381 3326 ipsorum
425 3264 717 3331 participes
769 3264 962 3326 simus,
1016 3273 1072 3316 ut
1109 3266 1339 3332 prtccipit
1380 3264 1448 3322 Β.
1480 3266 1731 3323 Joannes.

158 3349 401 3406 Salutate
451 3354 653 3419 fratres
682 3354 773 3421 qui
810 3355 1073 3407 vobiscum
1101 3369 1243 3419 sunt,
1294 3374 1379 3411 ros
1408 3359 1497 3427 qui
1536 3375 1734 3413 mecum

155 3450 266 3491 sunt
341 3442 581 3495 salutant
672 3443 1015 3499 Alexandria:
1090 3449 1392 3516 presbyteri.
1461 3450 1734 3505 Collutltus

156 3531 415 3600 presbyter
467 3534 611 3587 hisce
664 3536 879 3601 scriptis
941 3537 1223 3606 su/Tragor,
1277 3557 1473 3593 necnon
1529 3543 1736 3610 deposi-

156 3623 279 3676 tioni
320 3626 459 3691 Arii,
508 3642 800 3696 eorumque
847 3627 939 3696 qui
971 3629 1081 3695 ejus
1132 3630 1409 3697 impietatis
1455 3645 1734 3687 sectatores

158 3724 293 3764 sant.
338 3714 404 3767 Et
447 3718 521 3769 ita
560 3716 825 3785 deinceps
875 3717 1119 3771 feruntur
1154 3719 1574 3789 subscriptiones
1608 3740 1732 3791 pre-

162 3800 497 3869 sbyterorum
536 3815 593 3858 et
629 3806 985 3859 diaconorum
1012 3806 1347 3861 Alexandriae
1377 3821 1430 3861 et
1461 3810 1730 3867 Mareotin.

162 3888 277 3945 Haec
301 3909 525 3949 necesse
572 3896 676 3949 fuit
714 3896 768 3950 in
803 3897 1037 3950 medium
1069 3897 1333 3966 proferre,
1363 3903 1486 3969 quia
1522 3904 1572 3956 in
1617 3919 1733 3957 om-

158 3984 312 4039 nibus
343 4002 496 4053 pene,
524 4004 648 4057 qua:
680 3989 746 4041 de
777 3989 1068 4041 Arianismi
1101 4000 1289 4043 exortu
1326 4002 1378 4045 et
1408 3995 1733 4048 condemna-

160 4068 302 4124 tione
334 4073 419 4126 hic
451 4085 601 4143 gesta
638 4074 912 4140 feruntur,
933 4092 961 4128 a
994 4077 1331 4133 Tillemontio
1364 4082 1729 4138 dissentimus.

226 4162 306 4215 Ex
355 4164 436 4217 his
465 4181 593 4219 vero
633 4166 932 4220 Alexandri
964 4166 1158 4222 litteris
1188 4184 1305 4223 eam
1351 4185 1524 4225 rerum
1558 4183 1735 4241 gesto-

161 4264 385 4322 rumque
417 4259 612 4311 seriem
652 4258 824 4313 fuisse
855 4259 1133 4325 asseritur,
1160 4275 1322 4328 quam
1356 4277 1453 4315 nos
1502 4264 1554 4315 in
1610 4262 1733 4317 Vita

160 4343 434 4400 Athanasii
497 4351 812 4414 texuimus,
887 4350 1176 4415 nimirum,
1232 4362 1288 4405 ut
1350 4354 1735 4410 animadvertit

159 4433 483 4503 Alexander,
514 4439 713 4492 malum
741 4454 970 4493 manare
996 4439 1047 4493 in
1079 4441 1189 4494 dies
1216 4440 1391 4506 latius,
1422 4459 1489 4497 ne
1512 4445 1733 4500 ulterius

1843 1996 1897 2039 et
1951 1986 2218 2040 editorum
2274 1990 2553 2049 omnium,
2609 1984 3031 2053 subscriptiones
3095 1986 3216 2040 illas
3276 1986 3403 2039 cleri

1842 2076 2184 2131 Alexandrini
2206 2087 2259 2132 et
2278 2076 2571 2144 Mareotici,
2592 2094 2710 2147 quae
2734 2077 2925 2131 litteris
2949 2078 3238 2130 Alexandri
3272 2093 3402 2147 syn-

1840 2167 2110 2234 odalibus,
2155 2168 2552 2223 damnationem
2600 2171 2713 2224 Arii
2770 2178 2825 2223 et
2866 2168 3132 2221 Sociorum
3185 2166 3404 2221 ferenti-

1840 2260 1962 2322 bus,
1990 2260 2380 2329 subjiciuntur;
2418 2275 2519 2313 non
2563 2263 2627 2314 ad
2659 2276 2751 2315 eas
2795 2260 3020 2320 litteras,
3049 2260 3140 2312 sed
3177 2261 3240 2311 ad
3273 2260 3404 2312 hor»

1842 2351 2065 2404 tatorias
2113 2351 2266 2405 initio
2313 2362 2636 2405 memoratas
2686 2352 2955 2418 pertinere
2992 2352 3285 2404 comeudit.
3335 2350 3407 2404 At

1839 2443 1929 2510 qui
1957 2443 2202 2497 hortandi
2244 2443 2435 2496 modus
2481 2444 2636 2498 isthic
2670 2454 2832 2504 esset,
2866 2445 2909 2494 si
2941 2442 2997 2505 ii,
3040 2442 3128 2508 qni
3162 2444 3404 2494 hortato-

1842 2532 1935 2585 riis
1962 2533 2331 2595 subscribant,
2363 2534 2682 2587 sententiam
2713 2532 3065 2600 depositionis
3096 2544 3148 2584 et
3179 2534 3407 2585 damna-

1841 2623 2003 2677 tionis
2036 2622 2209 2676 lerant
2236 2624 2287 2676 in
2317 2638 2428 2686 eos,
2453 2640 2588 2693 quos
2615 2628 2679 2678 ad
2705 2640 2886 2694 pacem
2919 2639 2971 2680 et
3002 2628 3405 2681 recmu'iliatio-

1840 2730 1961 2767 nem
2015 2716 2292 2769 evocant?
2345 2718 2559 2771 Siccine
2604 2719 2956 2773 hortarentur
3002 2720 3299 2789 presbyteri
3350 2728 3407 2773 et

1839 2805 2049 2859 diaconi
2083 2825 2096 2859 :
2133 2807 2406 2861 Colluthus
2434 2811 2695 2878 presbyter
2720 2811 2860 2863 hisce
2881 2808 3091 2878 scriptis
3119 2812 3402 2878 suﬂ'ragor,

1841 2913 2041 2950 necnon
2065 2900 2377 2967 depasitioni
2410 2901 2546 2964 Arii,
2570 2917 2849 2970 eorumque
2878 2906 2965 2970 qui
2990 2904 3101 2971 ejus
3125 2904 3407 2969 impietatis

1839 3000 2117 3042 sectatores
2173 2992 2337 3043 sunt?
2372 2990 2535 3045 Miror
2589 2993 2745 3059 plane
2790 2995 3186 3049 TillcmOutiutn
3245 2996 3402 3047 [idem

1839 3080 2090 3133 Omnibus
2143 3080 2543 3149 exemplaribus
2592 3091 2645 3135 et
2682 3086 3065 3153 manuscriptis
3113 3087 3396 3153 derogare,

1840 3177 1900 3222 ut
1937 3183 2050 3221 rem
2105 3184 2326 3237 prorsus
2376 3170 2741 3223 incredibilem
2792 3181 2995 3225 statuat
3042 3182 3095 3226 el
3125 3174 3397 3226 defendat.

1840 3261 1911 3313 At
1938 3261 2083 3313 enim
2114 3273 2171 3313 ut
2200 3260 2529 3330 exemplaria
2560 3263 2795 3330 editique
2830 3262 2951 3316 libri
2983 3264 3182 3329 lerunt,
3208 3282 3269 3317 ac
3306 3282 3404 3317 na-

1840 3354 1980 3406 tivus
2014 3369 2190 3407 rerum
2245 3357 2377 3407 ordo
2429 3353 2680 3422 postulat,
2734 3354 3051 3407 hortabatur
3101 3356 3405 3409 Alexander

1836 3443 2050 3505 Arium,
2085 3454 2141 3495 ut
2173 3444 2541 3511 resipiscentia
2587 3459 2681 3497 sua
2731 3445 3127 3498 damnationi-ni
3172 3461 3406 3512 praever-

1838 3542 2043 3586 teretet
2065 3532 2357 3585 declinaret
2383 3548 2476 3585 :ac
2498 3541 2776 3601 postquam
2802 3533 2927 3587 huic
2956 3535 3236 3587 sarciendo
3266 3535 3406 3586 malo

1837 3624 1971 3677 nihil
2007 3625 2240 3678 hortatio
2276 3623 2568 3691 profuerat,
2602 3625 2820 3680 demum
2861 3627 2927 3678 ad
2970 3634 3213 3679 extrema
3250 3636 3305 3680 et
3336 3627 3402 3677 ad

1836 3714 2233 3768 damnationem
2267 3726 2482 3766 ventum
2525 3725 2627 3768 est.

1905 3805 2022 3871 Quo
2054 3820 2148 3857 sua
2197 3805 2293 3858 sibi
2346 3817 2553 3859 constet
2604 3807 2740 3859 ratio
2799 3806 3197 3867 Tillemontius,
3250 3805 3405 3859 binas

1832 3898 2173 3952 Alexandria:
2216 3900 2369 3953 datas
2424 3899 2491 3953 ab
2546 3900 2853 3954 Alexandro
2907 3900 3159 3968 episcopo
3202 3898 3312 3952 Arii
3353 3908 3407 3951 et

1836 3992 2102 4044 sociorum
2140 3991 2511 4045 damnationes
2534 3993 2983 4052 Comminiscitur,
3004 3995 3228 4053 primam
3256 3990 3405 4044 vide-

1833 4083 1957 4138 licet
1985 4083 2147 4146 illam,
2180 4099 2337 4150 quatn
2363 4084 2472 4152 ipse
2495 4083 2617 4148 sibi,
2639 4085 3106 4144 nemiueauctorc,
3124 4082 3405 4143 conﬁnxit,

1834 4191 2026 4246 nempe
2080 4176 2428 4228 hortatoriatn
2477 4174 2900 4237 damnationem,
2932 4174 2995 4227 ad
3042 4190 3201 4242 quam
3252 4172 3410 4240 perti-

1835 4278 1983 4330 nent,
2014 4277 2070 4319 ut
2092 4268 2186 4331 ait,
2206 4268 2650 4336 subscriptiones,
2678 4283 2795 4335 qua:
2832 4266 3077 4320 secunda!
3112 4264 3408 4330 subjiciun-

1836 4368 1957 4424 tur;
2006 4361 2296 4413 secuudam
2350 4375 2478 4412 vero
2524 4359 2633 4412 vult
2686 4358 2831 4410 illam
2872 4372 3010 4420 esse,
3060 4371 3177 4422 quae
3220 4356 3405 4407 etiam-

1836 4469 1959 4506 num
1983 4464 2254 4520 superest,
2271 4454 2371 4507 hoc
2396 4452 2678 4521 principio,
2710 4450 2842 4503 Cum
2872 4465 3030 4500 unum
3056 4448 3124 4498 sit
3155 4444 3409 4499 Ecclesia:

159 4540 518 4593 grassaretur,
560 4531 901 4585 hortatorias
932 4531 1144 4586 litteras
1176 4533 1323 4587 dedit
1351 4536 1417 4586 ad
1444 4536 1631 4588 Arium
1677 4545 1729 4590 et
1762 4550 1805 4604 ι)
1834 4558 2039 4608 corpus,
2081 4552 2211 4607 etc.,
2241 4542 2327 4595 cui
2352 4556 2631 4611 perperam
2680 4539 2956 4605 adjunctas
2989 4537 3407 4604 subscriptiones

156 4620 357 4685 socios,
389 4637 495 4690 quo
526 4622 647 4675 illos
682 4624 749 4674 ad
792 4636 987 4675 sanam
1026 4633 1257 4677 mentem
1287 4627 1567 4680 reduceret
1600 4644 1613 4679 :
1642 4638 1727 4680 ut-

155 4719 255 4772 que
299 4710 461 4764 dictis
489 4712 715 4764 adderet
751 4711 939 4775 tidem,
974 4710 1321 4767 Alexandrini
1368 4724 1421 4768 et
1453 4715 1727 4771 Mareotici

154 4796 281 4853 cieri
332 4802 607 4871 suﬂ‘ragiis
638 4803 883 4855 munitas
915 4800 982 4855 ad
1012 4804 1200 4857 Arium
1231 4805 1573 4873 asseclasque
1604 4809 1728 4860 tuit-

157 4890 231 4942 tit.
254 4891 391 4946 Cum
441 4905 625 4947 autem
665 4894 835 4947 Arius
880 4904 934 4947 et
978 4895 1218 4960 asseclas,
1250 4895 1454 4950 feroces
1481 4899 1732 4965 cupidine

154 4987 312 5052 capti
370 4986 701 5057 perﬁciondi
762 4998 859 5039 eas
894 4985 1043 5040 nihili
1083 4987 1341 5053 lacerent,
1403 5004 1501 5043 nec
1553 4992 1729 5045 minus

153 5078 502 5139 persisterent
550 5082 604 5132 in
637 5076 876 5147 pristina
911 5076 1215 5146 impietate;
1252 5081 1576 5144 Alexander,
1606 5100 1727 5136 cum

152 5167 291 5222 nulla
323 5186 447 5240 spes
489 5178 817 5239 superesset
853 5170 1262 5225 reconcilianda:
1306 5174 1475 5241 pacis,
1525 5176 1727 5229 coactis

147 5272 206 5310 ex
262 5259 525 5334 Egypto,
582 5261 762 5330 Libya
812 5269 870 5313 et
934 5261 1203 5331 Pentapoli
1255 5264 1519 5331 episcopis
1568 5282 1730 5335 prope

142 5363 374 5420 centum,
432 5357 553 5409 Arii
594 5363 656 5407 et
699 5354 974 5406 sociorum
1021 5368 1239 5407 causam
1276 5357 1496 5424 agitavit
1529 5374 1543 5411 :
1576 5361 1729 5424 queis

133 5445 469 5505 pertinacius
500 5455 693 5513 empta
734 5441 1033 5505 tuentibus,
1058 5444 1295 5512 synodus
1320 5448 1577 5503 adversus
1610 5450 1729 5503 illos

127 5540 461 5595 sententiam
514 5537 689 5593 dixit.
734 5533 899 5586 Arius
935 5532 1059 5587 hinc
1096 5534 1260 5588 multo
1302 5539 1577 5591 ardentior
1604 5554 1730 5607 pro-

124 5633 387 5695 rigandae
427 5628 675 5685 haeresis
721 5624 929 5685 studio,
971 5628 1201 5681 asseclas
1239 5627 1585 5693 continuare,
1629 5648 1730 5683 uo-

118 5732 207 5771 vos
231 5723 335 5777 sibi
372 5724 430 5776 in
458 5723 585 5775 dies
620 5731 727 5772 sua
756 5730 1079 5783 suorumque
1101 5733 1262 5784 opera
1287 5718 1587 5773 adsciscere
1617 5736 1672 5773 sa
1686 5732 1733 5778 ι-

111 5812 329 5881 agebat,
362 5814 512 5871 Tum
556 5810 772 5886 ingens
804 5803 903 5854 luit
939 5804 987 5857 in
1032 5805 1263 5861 lilareole
1294 5805 1519 5861 defectio
1561 5825 1575 5859 :
1619 5818 1732 5867 tres

1834 4633 2148 4685 arbitratur.
2188 4634 2317 4686 Eam
2338 4648 2464 4687 vero
2491 4631 2649 4684 nullis
2686 4640 2931 4684 testatum
2955 4629 3264 4681 auctoribus
3290 4628 3406 4695 opi-

1838 4721 2051 4775 nionem
2084 4722 2170 4777 his
2198 4720 2529 4791 argumentis
2548 4720 2634 4774 ille
2662 4730 2856 4773 tuetur.
2881 4720 2934 4771 In
2960 4718 3209 4787 epistola,
3236 4718 3408 4785 inquit

1838 4811 1945 4874 ille,
1976 4827 2141 4882 quam
2176 4829 2404 4881 pra’sens
2428 4811 2791 4878 prazsentibus,
2816 4820 2872 4863 ut
2896 4825 3073 4879 supra.
3112 4809 3257 4861 dedit
3280 4808 3405 4861 Ale-

1841 4905 2076 4966 xander;
2105 4904 2239 4957 alios
2269 4911 2553 4964 memorat,
2589 4900 2676 4971 qui
2719 4901 3010 4955 secundum
3054 4900 3259 4968 priores
3286 4899 3406 4951 illos

1836 4994 2108 5059 Arianos,
2148 4996 2215 5049 ad
2269 4993 2455 5048 Arium
2508 4993 2839 5055 defecerant,
2899 5008 3088 5060 nempe
3142 4992 3407 5054 Cliarem,

1834 5082 2066 5148 Pistum,
2129 5097 2236 5141 etc.
2260 5125 2275 5149 ,
2312 5087 2663 5153 hortaturque
2693 5095 2873 5151 postea
2926 5083 3166 5144 eosdem,
3197 5090 3254 5135 ut
3302 5099 3405 5137 non

1834 5177 1998 5231 modo
2025 5175 2138 5231 Arii
2164 5178 2509 5232 crsociorum
2534 5218 2547 5241 ,
2586 5176 2676 5230 sed
2706 5176 2866 5229 etiam
2903 5173 3031 5228 Pisti
3062 5186 3113 5227 et
3141 5174 3405 5227 sociorum

1831 5267 2160 5337 depositioni
2206 5268 2546 5322 subscribant
2577 5286 2590 5319 :
2622 5282 2805 5321 verum
2844 5281 3016 5334 neque
3070 5264 3199 5317 Pisti
3236 5278 3407 5329 neque

1833 5362 2112 5415 sociorum
2169 5361 2275 5415 ulla
2337 5359 2537 5413 mentio
2587 5359 2639 5411 in
2686 5357 2905 5426 epistola
2956 5354 3227 5425 encyclica
3288 5367 3407 5420 qum

1836 5461 2107 5521 superest,
2128 5454 2267 5505 unde
2292 5451 2493 5506 inferas
2521 5450 2941 5517 subscriptiones
2980 5446 3260 5513 adjunctas
3298 5457 3403 5495 non

1837 5543 1903 5596 ad
1935 5559 2054 5596 eam
2077 5542 2360 5612 epistolam
2397 5544 2682 5612 pertinere,
2715 5541 2806 5593 sed
2844 5538 2909 5590 ad
2951 5536 3129 5596 aliam,
3162 5548 3280 5603 qure
3326 5534 3408 5585 in-

1840 5634 2070 5697 terierit,
2102 5651 2329 5705 quaeque
2380 5635 2646 5689 hortando
2672 5631 2805 5684 diris
2839 5629 3130 5681 devovebat
3158 5626 3403 5679 Atianos.

1837 5722 2201 5793 Egritudiois
2225 5725 2431 5777 scilicet
2456 5722 2697 5790 angustia
2732 5733 2965 5785 pressus,
2995 5718 3105 5769 haec
3135 5715 3185 5768 in
3228 5725 3403 5767 trans-

1838 5831 1997 5870 cursu
2024 5814 2225 5884 legerat
2256 5816 2334 5868 \ir
2360 5814 2620 5875 eruditus,
2640 5824 2811 5877 neque
2825 5808 3275 5863 animadverterat
3300 5822 3404 5859 non
