3990 6540
578 430 737 471 CLXIV

1947 419 2478 480 PROLEGOMENA.

501 572 519 591 ,
581 529 738 584 modo
770 528 955 583 Arium
995 538 1049 585 et
1100 544 1357 601 sequaces
1390 533 1509 587 illos
1554 532 1801 602 priores;
1840 535 1933 587 sed
1977 535 2137 588 etiam
2169 546 2215 599 Α
2245 536 2427 588 latium
2486 534 2848 602 a'diﬁcauerat.
2899 531 3047 584 lianc
3082 532 3241 601 igitur
3274 531 3334 584 ob
3388 546 3600 583 causam
3653 530 3792 583 multi

577 637 672 676 eos
698 622 786 691 qui
816 630 935 692 post
965 621 1293 687 defecerant,
1325 624 1473 677 clare
1506 628 1572 676 ab
1597 623 1901 677 Alexandro
1941 638 2142 677 memo-

577 713 713 767 rari.
742 711 874 766 Nam
900 713 990 767 ubi
1034 714 1234 768 diserte
1280 715 1574 768 nominavit
1616 716 1827 779 Arium,
1859 714 2139 779 Achillem,

576 803 866 868 Aithalem,
912 811 967 857 et
1016 804 1249 873 reliquos
1284 806 1373 874 qui
1413 806 1618 875 priores
1655 805 1881 860 haeresin
1917 804 2144 874 professi

577 897 812 962 fuerant,
845 906 1008 967 atque
1043 899 1093 953 in
1129 900 1244 968 ipsa
1274 910 1489 954 centum
1522 900 1893 969 episcoporum
1939 899 2143 970 synodo

573 987 875 1054 impietates
918 988 1254 1055 impudenter
1308 989 1636 1053 extulerant,
1688 989 1799 1043 haec
1828 989 2138 1058 subjuugit:

569 1077 754 1129 Ταῦτα
786 1077 1042 1145 λέγοντας
1074 1079 1200 1142 τοὺς
1233 1079 1360 1151 περὶ
1403 1080 1639 1150 Ἀρειον,
1673 1080 1767 1132 καὶ
1804 1080 1896 1132 ἐπὶ
1938 1079 2143 1142 τούτοις

566 1172 1075 1240 ἁναισχυντοῦντας,
1121 1173 1319 1235 αὐτούς
1352 1190 1413 1226 τε
1458 1172 1707 1235 καὶτοὺς
1748 1170 2141 1241 συνακολουθή-

567 1278 767 1325 σαντας
820 1265 1021 1328 αὐτοῖς,
1058 1265 1216 1334 ἡμεῖς
1264 1266 1359 1335 μὲν
1411 1265 1547 1336 μετὰ
1590 1263 1698 1316 τῶν
1731 1265 1851 1316 κατ’
1872 1264 2142 1332 Αἴγυπτον

563 1351 659 1403 καὶ
708 1353 807 1415 τὰς
857 1352 1061 1416 Λιϐύας
1114 1354 1447 1418 ἐπισκόπων,
1503 1354 1668 1422 ἐγγὺς
1719 1353 1910 1406 ἑκατὸν
1952 1353 2139 1418 ὄντων,

568 1444 908 1509 συνελθόντες
963 1445 1455 1516 ἀνεθεματίσαμεν.
1506 1446 1560 1501 Id
1588 1456 1711 1502 est:
1754 1446 1880 1500 Ilazc
1917 1448 2141 1500 dicentes

565 1538 751 1590 Arium
770 1548 817 1591 et
855 1539 1044 1601 socios,
1077 1538 1186 1591 haec
1211 1540 1657 1607 impudentissime
1696 1539 2139 1608 afﬁrmantesmos

568 1645 687 1682 cum
734 1632 989 1698 episcopis
1028 1630 1246 1703 Egypti
1279 1644 1325 1684 et
1361 1630 1650 1701 Libyarum
1695 1647 1852 1698 prope
1904 1642 2135 1694 centum,

566 1737 685 1775 cum
706 1722 844 1788 illos,
874 1733 985 1776 tum
1016 1740 1102 1777 eos
1136 1725 1225 1789 qui
1269 1724 1412 1792 ipsos
1449 1725 1616 1776 secuti
1647 1732 1768 1775 sunt
1813 1725 2141 1776 anathemate

564 1816 911 1883 percussimus
949 1832 967 1870 :
999 1817 1087 1870 ubi
1117 1816 1266 1870 vides
1297 1815 1441 1869 clare
1489 1816 1742 1885 distingui
1784 1816 1992 1885 priores
2022 1815 2139 1870 illos

566 1905 793 1961 Arianos
819 1907 1146 1977 impietatem
1189 1907 1238 1960 in
1272 1906 1383 1975 ipsa
1416 1907 1620 1977 synodo
1650 1907 1940 1976 professos,
1973 1910 2039 1960 ab
2074 1907 2141 1961 iis

563 1996 655 2064 qui
691 2007 870 2065 postea
921 2013 1039 2052 sese
1096 1997 1224 2066 ipsis
1277 1997 1661 2065 adjunxeraut,
1695 2001 1915 2065 αὐτούς
1939 2016 2001 2051 τε
2041 1998 2140 2054 καὶ

562 2086 704 2151 τοὺς
741 2088 1394 2155 συνακολουθήσαντας
1418 2089 1640 2156 αὐτοῖς.
1670 2089 1724 2144 In
1763 2091 1984 2160 epistola
2016 2106 2140 2145 vero

562 2178 855 2233 Alexandri
904 2181 1152 2250 superius
1194 2181 1380 2247 allata,
1410 2198 1529 2251 quze
1565 2183 1645 2236 sic
1694 2184 1873 2249 habet,
1912 2198 2139 2250 praisens

559 2273 1229 2343 prasentibusmtriusque
1270 2274 1587 2329 defectionis
1630 2273 1986 2343 primipilares
2016 2288 2137 2327 cum

560 2364 883 2430 sequacibus
909 2364 1214 2419 indicantur
1239 2367 1321 2419 his
1353 2366 1549 2429 verbis,
1578 2366 1673 2418 καὶ
1710 2364 1785 2433 τῇ
1802 2365 2139 2433 καθαιρέσει

557 2453 679 2507 τῶν
699 2454 830 2522 περὶ
850 2456 1206 2523 τὸνἌρειον,
1226 2457 1321 2509 καὶ
1342 2456 1459 2510 τῶν
1480 2457 1613 2526 περὶ
1630 2457 1733 2511 τόν
1747 2457 1975 2511 Πιστόν
1988 2459 2138 2525 σύμ-

557 2546 753 2613 ψηφοι
798 2544 1073 2613 γένησθε,
1104 2563 1165 2598 ac
1198 2547 1506 2613 depositioni
1547 2547 1660 2599 Arii
1686 2548 2063 2616 sociorumque,
2091 2556 2138 2598 et

561 2633 701 2689 Pisti
730 2638 1111 2705 sociorumque,
1136 2639 1450 2707 su/Iragium
1489 2639 1701 2693 addatis
1740 2649 1984 2692 vestrum.
2011 2638 2139 2704 Qui-

560 2727 660 2781 bus
695 2729 1021 2797 respondent
1054 2727 1140 2782 illa
1174 2730 1466 2784 Alexandri
1507 2731 1650 2784 dicta
1680 2748 1693 2785 :
1720 2745 1835 2783 cum
1865 2729 2005 2792 illos,
2032 2728 2139 2782 sci-

559 2818 687 2874 licet
712 2820 898 2873 Arium
926 2831 979 2875 et
1009 2823 1220 2889 socios;
1256 2833 1365 2876 tum
1387 2840 1474 2877 eos
1510 2825 1601 2894 qui
1628 2825 1766 2890 ipsos
1799 2824 1963 2877 secuti
1985 2832 2133 2884 sunt,

557 2908 809 2965 videlicet
856 2911 1059 2965 Pistum
1120 2924 1174 2968 et
1228 2915 1427 2969 socios.
1474 2914 1607 2968 Nam
1654 2924 1713 2968 ut
1752 2915 1913 2968 Arius
1952 2916 2138 2984 prima:

559 3001 875 3059 defectionis
896 3005 1124 3074 signifer
1150 3015 1304 3070 erat,
1328 3008 1403 3061 sic
1430 3007 1605 3061 Pistus
1629 3006 1880 3061 secundae
1922 3023 1936 3061 :
1966 3020 2138 3073 neque

558 3095 929 3149 uecessnrium
963 3095 1063 3150 fuit
1093 3108 1149 3151 ut
1179 3100 1397 3151 nomina
1437 3112 1623 3152 eorum
1657 3099 1747 3166 qui
1781 3098 2020 3152 secundo
2050 3097 2138 3151 de-

558 3188 798 3242 fecerant
818 3187 871 3240 in
899 3188 1121 3257 epistola
1143 3191 1417 3260 encyclica
1442 3189 1721 3258 subjuncta
1744 3197 2132 3258 repeterentur.
2164 3227 2206 3285 ο

629 3280 753 3337 Η*ωο
805 3285 871 3339 de
930 3285 1102 3353 prima
1163 3297 1337 3352 eaque
1391 3282 1691 3335 hortatoria
1751 3281 2133 3345 damnatione,

555 3389 718 3444 quam
742 3374 1118 3430 Tillemontius
1153 3384 1403 3427 manente
1442 3374 1616 3427 adhuc
1642 3372 1980 3426 Alexandria:
2005 3372 2135 3426 Ario

555 3472 737 3521 datam
778 3476 1040 3521 autumat.
1083 3466 1386 3520 Secundam
1426 3479 1556 3519 vero
1587 3466 1699 3518 Arii
1745 3464 2132 3532 depositionem

555 3564 613 3609 et
644 3556 1046 3611 damnationem
1099 3566 1222 3625 post
1279 3569 1553 3609 secessum
1591 3554 1703 3608 Arii
1737 3555 1803 3608 ad
1843 3553 2129 3608 Eusebium

556 3645 1120 3711 Nicomedienscm,et
1148 3655 1268 3715 post
1291 3647 1447 3700 datas
1479 3647 1544 3699 ab
1577 3646 1807 3699 Eusebio
1831 3647 1881 3698 in
1905 3645 2130 3713 gratiam

556 3738 673 3793 Arii
703 3747 757 3791 et
784 3737 1078 3807 gregalium
1111 3737 1341 3799 litteras,
1387 3736 1649 3805 prolatam
1689 3736 1943 3802 opinatur
1970 3750 1983 3786 :
2010 3750 2131 3789 eam

557 3826 765 3882 scilicet
812 3843 931 3896 qua:
987 3835 1253 3894 superest,
1296 3826 1554 3895 cujusque
1606 3836 1809 3894 partem
1847 3840 2005 3894 supra
2040 3840 2122 3879 re-

558 3919 800 3973 tulimus.
836 3918 991 3981 Nam,
1015 3918 1090 3971 ait
1121 3917 1228 3981 ille,
1254 3932 1376 3971 cum
1411 3919 1616 3971 ratione
1644 3916 2127 3986 pugnaregvidetur,

559 4011 871 4073 Eusebium,
902 4011 993 4079 qui
1030 4018 1135 4062 tam
1160 4023 1348 4078 aspere
1380 4010 1432 4063 in
1474 4009 1699 4078 epistola
1731 4008 2001 4077 eucyclica
2034 4021 2130 4061 ex-

558 4101 811 4168 agitalur,
848 4099 1139 4152 secundum
1170 4113 1288 4152 eam
1336 4100 1512 4152 datam
1571 4097 1855 4167 epistolam
1884 4096 1949 4151 ad
1995 4096 2127 4151 Ale-

557 4191 821 4247 xandrum
845 4205 941 4258 pro
967 4190 1182 4244 Arianis
1204 4190 1484 4258 scripsisse
1517 4208 1530 4243 :
1559 4203 1728 4258 quare
1752 4199 1871 4256 post
1896 4188 2126 4258 priorem

557 4280 1063 4355 condemnationem
1104 4280 1154 4334 in
1190 4280 1515 4347 hortatoria,
1550 4295 1667 4349 qua:
1698 4280 1875 4349 periit,
1900 4278 2126 4349 epistola

556 4388 891 4443 expressam,
927 4372 1012 4425 ubi
1043 4374 1185 4425 nulla
1234 4371 1452 4427 Eusebii
1484 4373 1684 4426 mentio
1711 4382 1847 4433 erat,
1876 4371 2128 4441 epistolas

552 4465 659 4534 ipsi
689 4479 784 4534 pro
811 4465 1023 4517 Arianis
1052 4465 1329 4534 scripserit
1360 4480 1581 4520 necesse
1602 4474 1704 4518 est.
1737 4462 1860 4517 Haec
1888 4463 1994 4528 ille,
2018 4478 2122 4517 non

2241 628 2462 695 episcopi
2505 624 2727 678 Eusebio
2773 626 3184 693 obsequebantur
3227 640 3245 675 :
3276 635 3326 675 at
3374 622 3462 675 ille
3513 622 3796 689 frequentes

2240 717 2441 769 litteras
2492 716 2746 777 mittebat,
2778 730 2913 768 nunc
2959 714 3029 765 ad
3067 713 3459 774 Alexandrum,
3495 728 3708 764 monens
3744 720 3794 762 ut

2242 797 2516 875 suppress‘a
2533 807 2835 875 quwstione,
2853 791 2967 874 qua
2996 807 3131 858 inter
3161 806 3297 873 ipsos
3329 814 3583 857 commota
3608 802 3797 872 fuerat,

2240 898 2422 951 Arium
2458 899 2511 950 in
2533 900 2944 951 communionem
2969 899 3213 963 reciperet
3248 914 3265 961 ;
3312 912 3448 949 nunc
3473 897 3542 947 ad
3565 894 3798 961 singula-

2241 1003 2356 1039 rum
2379 988 2583 1040 urbium
2615 988 2901 1054 episcopos,
2924 987 3149 1040 suadens
3182 1004 3243 1040 ne
3274 986 3571 1040 Alexandro
3591 1000 3799 1038 consen-

2240 1094 2353 1131 sum
2384 1078 2854 1132 accommodarent.
2882 1076 3072 1141 Viden,
3106 1078 3393 1131 Eusebium
3423 1087 3706 1145 postquam
3736 1075 3797 1129 ab

2239 1170 2543 1223 Alexandro
2591 1170 2641 1223 in
2686 1169 2908 1239 epistola
2951 1172 3191 1240 synodali
3251 1170 3562 1238 perstrictus
3609 1168 3798 1230 fuerat,

2242 1260 2341 1328 ipsi
2391 1270 2565 1314 tamen
2620 1262 2823 1315 litteras
2872 1277 2965 1329 pro
3014 1263 3229 1315 Arianis
3288 1262 3569 1329 scripsisse
3606 1261 3628 1311 ?
3665 1258 3799 1328 quod

2241 1353 2413 1422 ipsqu
2448 1354 2604 1421 paulo
2637 1355 2773 1407 infra
2807 1356 3017 1424 repetit.
3044 1356 3239 1408 Eodem
3277 1356 3465 1407 ordine
3494 1362 3549 1407 et
3592 1364 3797 1407 senten-

2240 1445 2312 1498 tia
2372 1444 2702 1499 Sozomenus
2735 1446 2970 1515 loquitur
3012 1445 3049 1500 l.
3076 1461 3115 1509 ι,
3139 1460 3187 1500 c.
3214 1445 3301 1500 15.
3353 1446 3524 1512 Quam
3561 1446 3703 1499 enim
3734 1444 3803 1500 ob

2240 1547 2456 1588 causam
2484 1534 2767 1600 Eusebius,
2796 1535 2899 1589 etsi
2941 1535 3007 1589 ab
3038 1535 3341 1590 Alexandro
3375 1537 3427 1588 iu
3463 1535 3689 1603 epistola
3710 1550 3802 1590 en-

2240 1630 2437 1700 cyclica
2468 1629 2763 1692 lacessitus,
2814 1630 2987 1684 eidem
3019 1646 3122 1685 non
3178 1630 3520 1694 rescriberet,
3553 1630 3800 1700 quando-

2240 1724 2453 1790 quidem
2487 1722 2649 1775 Arius
2677 1730 2730 1775 et
2779 1722 3023 1791 gregales
3078 1722 3336 1786 damnati,
3371 1736 3493 1776 cum
3528 1720 3802 1776 esonerati

2242 1822 2382 1867 metu
2434 1811 2753 1867 Nicomedia:
2795 1812 3082 1881 degerent,
3114 1811 3320 1867 litteras
3348 1813 3669 1881 Alexandro
3707 1814 3802 1867 ob—

2241 1905 2521 1960 servantia;
2572 1904 2908 1973 plenissimas
2943 1905 3224 1965 miserunt,
3253 1914 3306 1956 et
3339 1904 3576 1972 quidem.
3603 1912 3665 1957 ut
3691 1901 3804 1957 exi-

2240 1999 2510 2062 stimatur,
2553 1998 2662 2052 imo
2691 2013 2816 2053 vero
2859 1997 3076 2064 planum
3120 1997 3349 2057 videtur.
3383 1998 3719 2066 approbante
3748 2006 3801 2050 et

2239 2089 2499 2144 suadente
2547 2089 2775 2144 Eusebio
2820 2089 3215 2144 Nicomediensi
3243 2130 3258 2153 ,
3292 2104 3453 2160 penes
3486 2105 3646 2159 quem
3694 2096 3799 2142 tum

2241 2184 2467 2250 agebant
2496 2182 2519 2235 ?
2547 2184 2735 2236 Annon
2785 2183 2908 2236 item
2955 2184 3275 2249 Athanasio,
3324 2198 3481 2252 quem
3538 2181 3800 2235 infensum

2239 2276 2337 2329 sibi
2370 2284 2527 2329 norat
2551 2275 2833 2340 Eusebius,
2857 2290 2953 2344 pro
2979 2277 3102 2330 Ario
3135 2285 3316 2344 postea
3348 2275 3627 2343 rescripsit
3654 2272 3804 2341 ?Quo

2240 2368 2472 2419 deducta
2507 2379 2591 2418 res
2616 2364 2980 2419 ecclesiastica
3020 2368 3153 2429 erit,
3184 2365 3228 2418 si
3259 2377 3326 2418 ex
3372 2365 3659 2419 levissimis
3706 2364 3800 2416 hu-

2233 2454 2463 2523 jusmodi
2499 2453 2824 2521 conjecturis
2848 2455 3083 2508 historia:
3118 2463 3172 2508 et
3213 2462 3428 2508 actuum
3465 2452 3800 2524 synodalium

2237 2545 2478 2599 ordinem
2511 2546 2776 2599 invertere
2807 2544 3009 2598 liceat?

2307 2634 2572 2689 Caeterum
2618 2635 2758 2704 quod
2792 2637 2952 2689 habet
2995 2634 3388 2701 Tillemontius,
3419 2651 3539 2690 cum
3580 2635 3805 2704 epistola

2236 2727 2506 2795 encyclica
2543 2726 2832 2781 Alexandri
2866 2726 3176 2795 conscripta
3217 2726 3332 2789 fuit,
3362 2726 3474 2795 jam
3519 2728 3711 2781 Ariqu
3753 2737 3810 2782 et

2238 2818 2414 2873 socios
2464 2817 2823 2871 Nicomediam
2874 2816 3241 2886 demigrasse;
3284 2816 3357 2878 id,
3410 2819 3670 2885 inquam,
3712 2832 3809 2872 suo

2240 2920 2407 2963 marte
2435 2909 2673 2979 protulit,
2711 2923 2809 2963 nec
2856 2908 3068 2962 videtur
3108 2922 3228 2961 cum
3287 2909 3399 2975 ipsa
3433 2907 3664 2975 epistola
3710 2923 3805 2962 en-

2238 3002 2442 3070 cyclica
2496 3001 2825 3055 consentire.
2873 2999 3005 3059 Nam
3055 3000 3155 3053 sub
3192 2998 3404 3053 initium
3450 3001 3697 3069 epistolas
3733 3003 3811 3056 sic

2237 3093 2770 3161 babetur:Equidem
2797 3091 3026 3146 volebam
3065 3108 3172 3147 rem
3199 3093 3403 3145 silentio
3430 3102 3620 3162 tegere,
3659 3103 3715 3145 ut
3757 3095 3810 3146 in

2238 3184 2362 3237 solis
2405 3185 2614 3237 haeresis
2665 3183 2927 3253 prtefectis
2974 3184 3169 3235 malum
3219 3184 3597 3249 absumeretur,
3646 3200 3711 3237 ne
3757 3185 3811 3237 in

2239 3286 2426 3327 cratera
2489 3274 2603 3328 loca
2660 3274 2987 3342 pra’vadens,
3041 3273 3414 3341 simpliciorum
3459 3275 3813 3344 quorumdam

2236 3383 2388 3420 aures
2418 3368 2818 3420 contaminaret.
2850 3366 2916 3419 At
2965 3383 3083 3420 cum
3116 3366 3370 3420 Eusebius
3389 3366 3506 3435 jam
3560 3366 3815 3419 Nicome-

2234 3461 2337 3513 dia:
2359 3462 2651 3528 episwpus,
2694 3469 2840 3513 ratus
2882 3476 3036 3530 penes
3076 3476 3129 3514 se
3155 3463 3258 3513 sita
3302 3477 3409 3513 esse
3449 3460 3813 3513 ecclesiastica

2234 3553 2526 3607 omnia.....
2572 3563 2938 3620 apostatarum
2978 3554 3199 3606 istorum
3245 3553 3601 3619 patrocinium
3634 3567 3815 3605 susce-

2232 3648 2387 3717 perit,
2426 3648 2726 3716 litterasque
2753 3663 2848 3713 pro
2870 3647 2936 3700 iis
2966 3646 3417 3700 commendatitias
3448 3646 3639 3715 ubique
3678 3636 3815 3700 scri-

2234 3742 2348 3793 bere
2381 3755 2651 3808 aggressus
2695 3740 2796 3801 sit,
2828 3746 2885 3790 ut
2936 3737 3186 3807 quosdam
3219 3737 3295 3789 rei
3330 3737 3542 3804 ignaros
3590 3739 3646 3790 in
3676 3739 3815 3791 hanc

2232 3831 2590 3899 turpissimam
2619 3828 2916 3896 Christique
2945 3828 3365 3896 oppugnatricem
3396 3827 3674 3893 pertrahat
3697 3826 3811 3878 Ιιιυ-

2234 3924 2384 3974 resim
2410 3936 2427 3974 :
2456 3938 2659 3974 necesse
2686 3922 2809 3973 mihi
2844 3920 2964 3988 luit,
2986 3919 3127 3971 haud
3150 3919 3412 3986 ignoranti
3440 3918 3571 3986 quid
3612 3919 3669 3971 in
3698 3918 3813 3988 lege

2231 4019 2482 4086 scriptum
2536 4018 2621 4080 sit,
2670 4033 2771 4069 non
2821 4017 2961 4068 ultra
3002 4031 3106 4067 rem
3146 4014 3354 4089 silentio
3386 4031 3647 4081 premere.
3683 4014 3811 4070 Haec

2231 4126 2361 4163 sane
2398 4110 2611 4176 cuique,
2662 4124 2840 4177 spero,
2888 4106 3087 4175 scripta
3142 4105 3467 4158 videbuntur
3511 4114 3810 4174 antequam

2228 4200 2389 4252 Arius
2413 4200 2615 4252 Achilla
2642 4200 2841 4251 comite
2860 4196 3184 4265 demigraret
3202 4196 3252 4247 iu
3279 4194 3656 4250 Palaestinam:
3683 4212 3809 4249 nam

2228 4291 2549 4345 Alexandria
2583 4291 2870 4353 decedens,
2919 4304 2984 4343 eo
3018 4289 3166 4358 prius
3200 4286 3473 4357 profectus
3500 4288 3615 4354 est,
3642 4304 3810 4355 quam

2229 4379 2592 4435 Nicomediam
2633 4383 2823 4434 adiret.
2864 4380 3073 4435 Etenim
3108 4379 3235 4449 quid
3280 4394 3457 4433 causm
3498 4380 3695 4435 fuisset
3751 4394 3814 4435 ut

2230 4488 2340 4526 rem
2371 4472 2584 4526 silentio
2608 4472 2861 4542 obtegere
2890 4470 3072 4535 vellet,
3104 4486 3169 4524 ne
3195 4485 3297 4538 qua
3320 4480 3565 4537 serperet
3602 4472 3808 4525 malum

502 4628 507 4631 μ
551 4557 989 4612 animadvertetis
1018 4572 1098 4622 se,
1140 4572 1243 4610 non
1285 4557 1439 4610 modo
1469 4571 1592 4610 cum
1642 4554 1868 4624 epistola
1897 4556 2126 4608 Alexan-
2157 4561 2200 4614 Ι)
2229 4567 2292 4619 ad
2322 4565 2473 4629 alios,
2499 4564 2545 4617 si
2581 4565 2691 4634 jam
2723 4564 2885 4617 Arius
2918 4562 3257 4616 Palaestinam
3288 4562 3551 4631 petiisset,
3584 4574 3645 4618 ut
3670 4579 3808 4618 con-

555 4653 640 4708 dri
663 4653 729 4706 ad
759 4652 983 4714 clerum,
1005 4660 1059 4704 et
1101 4666 1222 4703 cum
1256 4650 1479 4719 epistola
1513 4648 1784 4727 encyclica
1808 4649 1934 4713 ;sed
1962 4649 2121 4703 etiam

556 4745 936 4801 ecclesiastica:
966 4745 1201 4799 historiae
1248 4743 1604 4811 scriptoribus
1635 4755 1893 4811 pugnare.
1931 4741 2125 4795 Socra-

559 4846 642 4891 tes
664 4836 808 4890 enim
839 4836 873 4888 Ι.
897 4851 933 4898 t,
970 4850 1019 4890 c.
1043 4835 1099 4896 6,
1141 4835 1254 4888 haec
1288 4843 1407 4902 post
1433 4833 1653 4886 allatam
1695 4831 1983 4885 Alexandri
2011 4832 2124 4899 epi-

557 4927 750 4982 stolam
783 4936 1001 4981 enarrat
1033 4942 1046 4978 :
1082 4923 1401 4993 llujusmodi
1424 4922 1614 4975 litteris
1639 4920 1706 4973 ad
1734 4938 1908 4975 omnes
1932 4921 2125 4988 episco-

556 5037 651 5091 pos
682 5037 771 5089 per
818 5021 1050 5088 singulas
1098 5022 1248 5072 urbes
1282 5020 1345 5069 ab
1396 5016 1695 5069 Alexandro
1728 5014 1887 5076 datis,
1919 5014 2121 5065 malum

558 5116 613 5167 in
639 5113 866 5166 deterius
893 5111 1140 5180 profecit,
1173 5125 1289 5162 cum
1326 5110 1394 5172 ii,
1432 5108 1520 5175 qui
1555 5106 2120 5173 litterasaeceperant,

560 5207 630 5258 ad
660 5205 1036 5258 contentionem
1072 5202 1443 5254 excitarentur.
1475 5195 1538 5249 Et
1578 5198 1669 5249 alii
1698 5197 1905 5268 quidem
1934 5195 2119 5248 litteris

558 5297 957 5357 consentientes,
991 5294 1175 5347 iisdem
1210 5292 1365 5344 etiam
1393 5290 1804 5357 subscripserunt
1832 5303 1848 5340 :
1876 5286 1967 5339 alii
2005 5301 2121 5338 vero

560 5390 882 5446 contrarium
939 5386 1124 5455 fecere.
1164 5381 1268 5436 Sed
1308 5381 1531 5434 maxime
1578 5379 1808 5431 omnium
1865 5374 2118 5429 Eusebius

562 5482 976 5541 Nicomediensis
1019 5480 1285 5547 episcopus
1315 5476 1381 5528 ad
1412 5473 1819 5528 dissentiendum
1872 5468 2123 5534 impulsus

560 5584 659 5637 est,
696 5591 755 5627 eo
802 5572 939 5641 quod
992 5570 1285 5621 Alexander
1321 5567 1375 5618 in
1422 5565 1531 5617 suis
1586 5562 1767 5614 litteris
1813 5558 2118 5610 nominatim

556 5669 734 5736 ipsum
780 5662 1186 5732 perstrinxisset.
1234 5656 1398 5710 Porro
1432 5665 1555 5708 tunc
1595 5651 1835 5718 temporis
1865 5646 2118 5700 Eusebius

557 5759 843 5827 plurimum
870 5763 1089 5820 poterat,
1114 5760 1381 5818 propterea
1412 5747 1548 5815 quod
1580 5746 1857 5810 imperator
1885 5740 2121 5792 Nicome-

562 5851 666 5904 dia:
692 5847 901 5915 degebat
937 5856 954 5894 :
988 5842 1095 5895 illic
1127 5842 1265 5895 enim
1292 5838 1453 5909 paulo
1486 5845 1604 5890 aute
1636 5832 1990 5887 Diocletianus
2025 5847 2111 5898 pa-

1894 5938 1955 5946 .—

2138 5931 2187 5951 οῗ·

2230 4669 2310 4714 tra
2362 4660 2721 4714 Alexandrum
2771 4657 3056 4711 classicum
3102 4666 3323 4711 caneret
3362 4655 3561 4710 ?Sane
3607 4658 3653 4711 si
3688 4659 3805 4725 jam

2227 4752 2496 4822 profectus
2524 4750 2711 4805 fuisset
2737 4749 2902 4803 Arius
2945 4764 3065 4802 cmn
3098 4748 3281 4812 sociis,
3309 4762 3415 4801 non
3446 4759 3656 4802 taceret
3688 4748 3811 4803 Ale-

2228 4846 2430 4899 xander
2467 4842 2822 4914 lucifugarum
2856 4843 3156 4907 decessum,
3185 4856 3411 4909 quorum
3442 4840 3511 4894 ad
3559 4841 3703 4895 alias
3729 4857 3812 4895 re-

2227 4938 2412 5007 giones
2453 4937 2628 4990 aditus
2668 4934 2741 4988 rei
2776 4931 3058 4990 catholicae
3106 4946 3445 5000 smnuiopere
3493 4940 3615 4985 erat
3644 4933 3811 5000 perti-

2230 5031 2564 5083 mescemlus.
2614 5027 2680 5081 Et
2731 5040 2858 5079 vero
2913 5025 2965 5078 id
3017 5024 3304 5078 formidare
3365 5038 3424 5076 se
3478 5024 3814 5077 testiﬁcatur

2226 5123 2547 5186 Ales‘auder,
2581 5124 2707 5174 dum
2758 5118 2860 5173 sub
2907 5117 3069 5171 linem
3112 5118 3355 5185 episloltc
3402 5115 3697 5184 encyclios:
3725 5114 3807 5167 sic

2225 5212 2502 5280 episcopos
2529 5209 2724 5264 aifatur
2751 5228 2764 5262 :
2797 5208 3045 5279 fientque,
3069 5208 3361 5261 citatissimi
3381 5218 3538 5276 atque
3561 5210 3803 5260 honora-

2222 5301 2404 5354 tissimi
2439 5300 2779 5353 comministri
2801 5339 2815 5363 ,
2846 5300 3002 5353 vestri
3038 5298 3273 5367 religioni
3304 5298 3659 5350 indicavimus
3691 5313 3709 5360 ;
3742 5309 3801 5347 ut

2222 5426 2284 5463 ne
2312 5408 2579 5479 quospiam
2602 5424 2667 5461 ea:
2689 5407 2795 5461 illis
2813 5447 2827 5473 ,
2854 5408 2900 5460 si
2928 5406 3223 5476 petulanter
3249 5422 3335 5459 vos
3360 5405 3512 5458 adire
3542 5406 3663 5458 ausi
3682 5406 3804 5472 {ue—

2225 5516 2349 5579 rint,
2375 5514 2639 5582 recipiatis
2661 5527 2682 5567 :
2711 5513 2863 5581 queis
2898 5513 3027 5565 item
3067 5512 3370 5565 subindicat
3408 5524 3502 5563 eos
3550 5511 3795 5564 nondum

2227 5635 2288 5673 ex
2321 5618 2550 5687 Egypto
2573 5617 2922 5686 demigrasse.
2951 5612 3134 5683 Neque
3174 5628 3303 5667 vero
3329 5613 3525 5680 aliquis
3561 5613 3799 5679 scripto-

2228 5740 2342 5779 rum
2377 5733 2617 5780 veterum
2672 5734 2798 5778 ante
2850 5722 3171 5792 publicatam
3226 5723 3340 5776 Arii
3381 5721 3793 5775 damnationem

2224 5830 2340 5899 ejus
2386 5845 2448 5886 ex
2501 5829 2729 5899 Egypto
2777 5826 3072 5897 profectum
3125 5826 3401 5881 constituit
3443 5841 3456 5877 :
3500 5824 3595 5879 sed
3642 5819 3793 5893 ptiar
