3990 6524
1188 444 1273 498 DE
1314 445 1471 499 Vl'l'A
1510 445 1598 499 ET
1639 443 1948 501 SCRIPTIS
1986 445 2042 499 S.
2084 442 2473 500 ATHANASII.
3300 460 3433 498 cur

177 555 517 613 i'illemontins
579 575 662 615 ex
728 560 1094 632 pmjudicam
1137 562 1409 631 opinione,
1451 564 1528 618 sic
1580 577 1665 616 res
1717 572 1770 618 et
1800 568 1845 625 Α
1872 578 1989 616 rum
2015 563 2171 616 lidcm
2189 562 2606 635 edidimuszetsi
2633 562 2787 617 titulo
2816 563 2971 618 fidem
2997 562 3194 617 addere
3214 560 3441 615 necesse

182 659 367 718 tempora
400 652 766 707 ordinavit.

1949 655 2051 714 erit,
2094 654 2145 707 in
2188 654 2294 708 fine
2336 655 2531 709 dicitur
2578 672 2591 706 :
2629 656 2738 708 Kal.
2790 655 2925 725 μετὰ
2953 656 3016 708 τὸ
3047 654 3434 725 ’ἀποσταλῆναι
3517 702 3525 711 .

233 744 518 799 Aitdeinde
536 746 967 802 Tillemontius
982 746 1123 801 credi
1144 745 1280 799 forte
1309 758 1491 813 posse,
1509 744 1693 797 Arium
1714 742 1767 797 in

1872 745 1981 797 ἀπὸ
1995 744 2393 816 Ἀλεξανδρείας
2416 746 2505 798 τὸν
2521 748 2686 816 τόμον
2702 747 2888 799 τοῦτον
2908 763 2923 778 ’
2944 747 2996 800 id
3026 756 3127 809 cst,
3151 745 3444 807 Postquam-

188 835 251 891 illa
263 835 659 906 episcoporum
688 854 878 909 prope
896 848 1105 894 centum
1134 841 1336 909 synodo
1358 839 1571 907 impiam
1590 849 1775 906 pr0tu-
1872 845 2043 887 autem
2065 836 2150 888 hic
2166 849 2332 889 tomus
2344 837 2665 891 Alexandria
2681 838 2868 891 missus
2890 848 2985 891 est.
3018 838 3070 890 Id
3091 852 3252 905 porro
3268 820 3445 906 genus!

190 929 280 984 lisse
294 930 648 985 sententiam
673 949 690 984 :
721 947 859 986 cum
880 941 1094 1002 rogatus
1116 946 1143 984 a
1163 930 1415 999 quodam,
1447 944 1572 983 num
1589 930 1770 997 perin-
1871 924 2212 993 epistolarum
2254 927 2651 996 synodicarum,
2694 929 2813 983 ideo
2851 936 3025 983 tomus
3054 928 3267 989 dicitur,
3311 928 3437 995 quia

191 1023 239 1076 de
257 1022 433 1077 mutari
451 1033 664 1092 posset
684 1024 793 1079 Dei
813 1023 1075 1088 Verbum,
1093 1035 1251 1092 atque
1280 1022 1521 1077 diabolus
1536 1031 1767 1076 mutatus

1869 1014 2053 1082 paucis
2084 1014 2168 1068 edi
2191 1014 2415 1081 solebat,
2444 1018 2722 1089 συντόμως
2763 1017 3236 1089 ὑπηγορεύσαμεν,
3257 1007 3444 1086 paucis

193 1113 431 1170 est:Sane
447 1124 679 1184 potest,
706 1116 1002 1185 respondit
1026 1114 1637 1170 ille.UhiTillemonlius
1656 1128 1768 1167 rem
1870 1104 2209 1168 άὶειαυὶιηω.
2235 1114 2290 1159 ιη
2341 1107 2571 1163 habetur
2618 1110 2814 1165 ibidem
2850 1110 3085 1179 :quibus
3123 1110 3323 1164 accinit
3350 1108 3447 1189 Νἰοξ

194 1206 367 1275 planam
393 1214 451 1259 et
484 1216 761 1273 apertam
808 1207 866 1260 in
893 1205 1111 1276 ancipiti
1138 1203 1255 1257 vult
1285 1203 1512 1271 relinqui
1543 1218 1556 1254 :
1588 1203 1639 1256 in
1665 1201 1773 1270 epi-
1870 1198 2029 1266 ceph.
2070 1198 2405 1265 patriarcha,
2452 1200 2544 1253 lih.
2590 1217 2629 1255 ιι
2681 1203 2941 1256 Adversus
2980 1202 3204 1270 Niceph.
3242 1194 3447 1270 Gregaa'

191 1300 295 1353 stola
322 1298 529 1368 quippe
554 1299 848 1369 synodica
869 1297 1169 1352 Alexander
1198 1296 1355 1349 istius
1396 1293 1587 1365 synodi
1616 1294 1768 1362 prin—
1870 1302 2025 1341 ram:
2061 1289 2184 1356 quia
2231 1288 2439 1345 scilicet
2496 1291 2569 1345 ibi
2618 1307 2705 1347 res
2739 1294 3209 1366 συντετμημένως.
3256 1294 3309 1348 id
3352 1302 3439 1349 est

188 1404 286 1458 ceps
319 1389 573 1457 idipsum
620 1387 830 1455 refert,
885 1398 944 1443 ut
975 1388 1166 1457 cuique
1215 1386 1462 1456 superius
1508 1385 1684 1455 legere
1715 1385 1769 1439 in
1868 1380 2077 1448 paucis,
2107 1382 2186 1435 sic
2221 1380 2328 1445 ille,
2373 1395 2715 1438 enarrantur.
2749 1385 2950 1439 Eodem
3001 1401 3097 1440 usu
3140 1402 3240 1440 vox
3273 1386 3436 1457 τόμος

185 1486 409 1549 ριόιῃριιι
447 1488 565 1532 est.
1868 1471 2103 1525 occurrit
2156 1473 2295 1540 apud
2348 1472 2707 1541 Epiphaniam
2756 1475 2886 1528 hair.
2947 1476 3434 1531 Plrotinianorum:

237 1570 305 1624 De
346 1570 623 1624 Collutho
687 1570 1063 1627 Alexandrino
1116 1571 1466 1641 presbytero,
1492 1568 1582 1639 qni
1621 1569 1769 1638 prior
1868 1564 1995 1620 hinc
2027 1567 2189 1619 etiam
2219 1566 2270 1619 in
2304 1564 2631 1622 Collectione
2652 1567 3024 1634 conciliorum,
3044 1579 3219 1625 tomus
3240 1572 3437 1626 Leonis

183 1661 286 1715 huic
310 1662 565 1731 epistola:
602 1662 900 1734 synodica:
948 1663 1286 1733 subscripsit,
1313 1663 1555 1732 quaedam
1589 1663 1768 1737 esori-
1870 1656 1933 1709 ad
1989 1655 2321 1711 Flavianum.
2352 1657 2508 1712 Unde
2545 1661 2780 1730 Ducang.
2820 1661 2871 1714 in
2911 1660 3180 1715 Glossario
3219 1662 3313 1717 Gr.
3356 1664 3439 1717 τό·

185 1765 254 1807 tur
286 1754 586 1808 diliicultas
631 1765 691 1809 et
725 1755 982 1823 qutestio,
1009 1770 1165 1821 quam
1212 1772 1310 1811 nos
1360 1756 1411 1809 in
1451 1752 1767 1808 Praefatione
1871 1761 1987 1816 μσς.
2015 1744 2268 1808 Libellus,
2298 1757 2417 1799 αεια
2442 1754 2490 1799 ει
2527 1747 2738 1801 decreta
2779 1748 2968 1817 synodi
2994 1758 3042 1800 et
3084 1757 3249 1801 totum
3279 1748 3437 1813 illud,

181 1846 233 1896 ad
285 1841 462 1896 Vitam
512 1844 821 1898 Athanasii
877 1860 973 1915 pro
1014 1845 1153 1899 virili
1208 1847 1564 1916 expendimus
1611 1860 1766 1913 :quo
1866 1840 1999 1902 (Ιηοά
2049 1837 2173 1904 ﬁdei
2224 1838 2601 1904 ΡτοῙεδδίοηενη
2644 1848 2692 1891 ει
2739 1841 3116 1907 expositionem
3164 1842 3450 1906 “mimis

180 1936 417 1991 lectorem
468 1937 782 2001 minimus,
831 1952 957 1991 nam
1005 1937 1379 1995 Tiuemonlius
1429 1955 1497 1994 ne
1549 1940 1765 2008 quidem
1798 1922 1842 1981 Β
1869 1926 2232 1993 complectens,
2267 1929 2354 1982 ubi
2384 1928 2549 1983 multa
2578 1930 2692 1984 loca
2724 1932 3070 1999 explicationi
3096 1934 3219 1987 huic
3240 1950 3439 2005 oppor-

179 2028 357 2097 kgisse
393 2028 651 2084 videtur.
1871 2026 1994 2071 tuna
2026 2018 2558 2087 colligit.Gretzerus
2586 2022 2714 2076 item
2750 2024 3435 2091 ad.Cantacuzenum,l.n.

654 2141 1187 2201 ΑΝιΜΑυγΕηδιο
1228 2143 1312 2199 VL
1867 2124 1917 2162 c.
1950 2110 2040 2174 40,
2076 2111 2262 2181 τόμον,
2297 2113 2349 2166 in
2380 2114 2601 2183 synodis
2648 2116 2725 2169 ait
2767 2130 2887 2170 esse
2932 2116 3189 2181 libellum,
3216 2129 3336 2173 acta
3382 2131 3439 2172 et

179 2230 302 2298 Quid
328 2234 395 2286 sit
434 2232 634 2304 τόμος,
688 2234 800 2287 sive
851 2244 1018 2289 mm“
1062 2236 1147 2288 me
1196 2251 1346 2306 quem
1386 2234 1637 2301 episcopi.
1675 2248 1766 2300 per
1867 2201 2089 2306 decreta.
2111 2202 2248 2269 ejus,
2285 2210 2340 2259 et
2379 2205 2701 2306 totumillud
2732 2207 3023 2306 quod-ﬁdei
3048 2207 3449 2306 professionem

236 2294 1582 2359 orbemsubscribendumAlexanderillexandrinus
1602 2294 1759 2357 misit.
1865 2294 2366 2365 θΧΡοείιῙοιιθῐῐιΨιθ
2414 2297 2676 2365 εοιιιῖηϐι,
2725 2299 3201 2367 εοωριθοιεηῑθιη.
3249 2300 3436 2369 Itaque

234 2392 447 2448 Iamdiu
478 2395 685 2465 agitari
725 2404 970 2465 emptum
993 2407 1098 2463 est,
1133 2398 1259 2466 quid
1282 2398 1351 2451 sit
1376 2398 1467 2451 ille
1500 2409 1674 2450 tomus
1698 2397 1765 2451 de

1868 2393 2043 2438 tomus
2096 2395 2287 2454 quarto
2337 2393 2631 2455 praesertim
2667 2389 2864 2444 saeculo
2910 2405 3009 2459 pro
3041 2392 3263 2460 cpistola
3310 2408 3436 2462 syn-

177 2500 269 2552 quo
295 2485 349 2538 in
386 2470 627 2555 epistola
659 2488 733 2542 ad
766 2488 1133 2555 Alexandrum
1166 2487 1767 2558 Byzantium,Alexan—
1865 2475 2015 2529 Odi“
2054 2476 2369 2542 hi‘bebaillr-
2394 2494 2514 2548 (ιυδε
2532 2480 2770 2535 mellite“
2804 2498 2890 2536 “35
2914 2483 2968 2537 ίη
2999 2484 3203 2554 5Y“°d°
3232 2495 3434 2553 ςεεωεο

178 2580 261 2629 der
280 2576 700 2634 Alexandrinus
736 2579 869 2634 talia
905 2580 1048 2634 fatur
1083 2582 1190 2650 (a):
1226 2580 1458 2645 Τούτους
1488 2582 1766 2652 ἀποστρα-
1863 2577 1918 2621 θῑ
1942 2568 2187 2638 dogmata
2219 2570 2555 2639 Prommga'a
2587 2584 2892 2641 enarraret:
2927 2575 3000 2628 υιί
3030 2590 3096 2629 εκ
3124 2574 3257 2631 Ιοθίδ
3294 2575 3433 2629 (ἶνε-

179 2667 371 2733 ςὲντες,
402 2670 694 2742 ἀγαπητοὶ
745 2672 845 2725 καὶ
888 2671 1149 2742 ὁμόψυχοι
1192 2673 1438 2741 ἀδελφοὶ,
1481 2672 1755 2744 σύμψηφοι

1863 2661 1999 2728 gorii
2054 2660 2213 2725 Naz.,
2273 2662 2558 2732 Nicephori
2610 2667 2964 2732 patriarclne,
3017 2681 3084 2728 ac
3133 2669 3432 2737 praesertim

179 2758 374 2824 γίνεσθε
399 2761 550 2819 κατὰ
570 2764 674 2833 τῆς
697 2760 1003 2833 μανιώδους
1017 2763 1193 2818 αὐτῶν
1213 2764 1432 2837 τόλμης,
1446 2766 1568 2818 καθ’
1582 2766 1755 2836 ὁμοιό-

1862 2752 2105 2822 exemplo
2144 2755 2269 2809 tomi
2305 2754 2652 2811 Alexandrini
2694 2758 2762 2812 ab
2784 2760 3082 2816 Athanasio
3110 2765 3426 2834 conscripti,

178 2867 302 2919 τητα
353 2854 465 2907 τῶν
523 2856 1036 2926 ἀγανακτησάντων
1085 2854 1512 2927 συλλειτουργῶν
1559 2856 1715 2928 ἡμῶν
1741 2895 1754 2920 ,

1862 2855 2334 2903 commonstratur.
2387 2848 2520 2902 Cum
2582 2850 2744 2919 igitur
2793 2852 3074 2921 epistolam
3122 2855 3432 2923 hujusmodi

180 2945 261 2994 καὶ
282 2946 715 3000 ἐπιστειλάντων
749 2964 842 3017 μοι
861 2949 980 3001 κατ’
995 2946 1171 3001 αὐτῶν
1200 2950 1295 3003 καὶ⁵
1344 2947 1421 3018 τῷ
1440 2950 1596 3016 τόμῳ
1631 2965 1756 3000 συν-

1872 2939 2170 3009 synodicam
2198 2940 2382 3008 paucis
2413 2942 2774 3009 conscriptam
2805 2945 2872 2998 ab
2905 2945 3215 3003 Alexandro
3252 2946 3448 3003 nomi-'

181 3038 608 3106 υπογραψάντων
630 3055 644 3068 ·
673 3038 711 3092 ἃ
730 3040 827 3091 καὶ
859 3038 1241 3111 διεπεμψάμην
1260 3041 1386 3111 ὑμῖν
1412 3040 1499 3093 διὰ
1523 3039 1614 3092 τοῦ
1643 3038 1757 3092 υίοῦ

1870 3044 1928 3085 ne
1952 3032 2142 3100 synodi
2190 3041 2406 3085 centum
2447 3033 2667 3087 circiter
2712 3036 3087 3104 episcoporum
3133 3039 3312 3092 datam
3345 3025 3446 3093 Ιιςιέ

186 3144 275 3193 μου
320 3130 589 3193 Ἀπίωνος
623 3130 723 3185 τοῦ
758 3131 1006 3185 διακόνου
1025 3171 1038 3195 ,
1066 3133 1225 3186 τοῦτο
1249 3134 1345 3204 μὲν
1380 3133 1561 3202 πάσης
1591 3132 1759 3202 Αίγύ-

1858 3122 2099 3187 beamus,
2136 3123 2187 3175 in
2245 3137 2349 3192 qua
2404 3138 2527 3177 cum
2582 3123 2697 3177 Arii
2744 3125 3020 3180 damnatio
3081 3136 3192 3181 tum
3241 3132 3430 3199 synodi

185 3234 303 3271 τετου
326 3222 418 3273 καὶ
438 3222 712 3294 Θηϐαΐδος
736 3241 750 3253 ·
765 3222 926 3277 τοῦτο
946 3224 1001 3277 δὲ
1021 3225 1224 3295 Λιϐύης
1245 3226 1336 3278 καὶ
1352 3224 1753 3288 Πενταπὸλεως,

1869 3214 2123 3267 sententia
2152 3211 2468 3277 eﬂ'eruntur,
2494 3227 2655 3282 quam
2688 3214 2850 3268 aliam
2900 3215 3194 3270 dixerimus
3227 3222 3445 3271 tonmm'

450 3271 472 3274 —
491 3271 709 3294 -μ--ητ
777 3271 858 3276 -τ-
879 3271 922 3277 --
951 3271 1000 3277 ν-
1021 3271 1221 3295 --η--μ
1248 3271 1335 3278 --—-
1354 3271 1450 3278 -η
1471 3271 1753 3288 -ν---σ---νν

184 3311 264 3361 καὶ
286 3312 505 3383 Συρίας,
533 3316 631 3369 καὶ
653 3314 736 3368 ἔτι
783 3315 992 3378 Λυκίας
1035 3318 1129 3370 καὶ
1152 3317 1495 3387 Παμφυλίας,
1549 3316 1752 3379 Ἀσίας,

1858 3305 2173 3373 nuncupari,
2202 3305 2308 3360 nisi
2333 3321 2451 3361 eam
2472 3321 2633 3376 quam
2652 3307 2717 3360 ad
2738 3321 2927 3362 omnes
2962 3309 3226 3363 universa.-
3256 3310 3433 3365 Eccle-

184 3402 593 3470 Καππαδοκίας,
618 3408 713 3461 καὶ
766 3407 878 3460 τῶν
915 3407 1087 3462 ἄλλων
1126 3409 1447 3480 περιχώρων
1474 3425 1488 3438 ·
1513 3402 1586 3461 ὧν
1634 3406 1753 3460 καθ’

1856 3396 1951 3450 sia:
1982 3395 2261 3451 catholica:
2288 3399 2570 3467 episcopos
2594 3398 2761 3463 misit,
2794 3413 3062 3467 quamque
3088 3402 3337 3469 superius
3361 3417 3431 3455 ex

185 3493 466 3569 ὁμοιότητα.
512 3500 611 3554 καὶ
658 3501 792 3572 παρ’
818 3500 973 3572 ὑμῶν
999 3501 1249 3566 δέξασθαι
1279 3501 1533 3555 πέποιθα.
1559 3501 1612 3555 Id
1638 3511 1753 3556 est:

1870 3498 2009 3555 parte
2043 3488 2359 3543 retulimus?
2382 3489 2513 3543 Eam
2545 3491 2808 3559 siquidem
2844 3490 2954 3560 jam
3001 3506 3032 3545 a
3067 3491 3313 3561 plurimis
3335 3503 3446 3562 per‘

189 3582 290 3638 Hos
332 3601 652 3655 aversantes,
703 3592 1009 3644 citarissimi
1052 3604 1205 3662 atque
1234 3596 1507 3646 unanimes
1540 3594 1753 3662 fratres,
1854 3579 2039 3634 orbem
2088 3580 2354 3648 episcopis
2406 3581 2774 3650 ευδεθτίβῑθῐη
2809 3591 3075 3637 memori“
3116 3584 3256 3638 idem
3305 3585 3432 3639 Με-

186 3675 487 3745 suﬂ'ragium
516 3680 700 3732 addite
736 3689 967 3733 vestrum
990 3682 1242 3734 adversus
1270 3682 1527 3749 furiosam
1546 3680 1756 3734 illorum
1856 3672 2058 3725 unde?
2086 3671 2137 3725 ίη
2173 3672 2395 3741 θβίεωιε
2436 3688 2530 3726 sua
2565 3673 2629 3727 ad
2678 3673 3042 3728 Alexandrum
3089 3675 3426 3746 Byzantium.

185 3770 479 3832 audaciam,
516 3772 740 3839 perinde
789 3787 857 3825 ac
886 3773 1232 3826 camminislri
1263 3775 1449 3838 nostri,
1484 3773 1572 3843 qui
1619 3773 1758 3824 indi—
1856 3762 1992 3818 Huic
2044 3774 2218 3818 tamen
2273 3766 2554 3819 sententiae
2609 3764 2988 3821 Tillemontius
3040 3768 3274 3833 obsistit,
3328 3770 3430 3822 hoc

184 3861 319 3925 gnati
341 3870 461 3914 sunt
488 3872 537 3915 et
567 3863 696 3916 mihi
712 3862 969 3930 epistolas
988 3864 1304 3932 scripserunt
1332 3865 1581 3917 adversus
1608 3863 1750 3927 illos,
1856 3863 2175 3922 argumento
2208 3870 2338 3909 8³116
2382 3853 2579 3924 frigido
2628 3863 2683 3910 el
2736 3856 2884 3910 Ιιιιηο
2913 3875 2927 3910 ε
2960 3856 3077 3911 Non
3114 3858 3443 3919 νθτίδίῐηὶιθοη

183 3962 226 4002 et
258 3968 399 4007 TOIO
436 3954 903 4023 subscripserunt;
940 3971 1056 4023 qua:
1080 3957 1238 4010 etiam
1277 3957 1346 4009 ad
1376 3973 1463 4010 vos
1503 3958 1624 4009 misi
1663 3971 1758 4024 per
1855 3942 2063 4012 ίηφιίιν
2115 3956 2201 4000 εει
2252 3947 2535 4014 episcopos
2588 3948 2758 4017 80353
2815 3949 3226 4017 quamplurimis
3274 3951 3325 4003 Ῑη
3365 3967 3427 4005 εδ

185 4040 345 4106 ﬁlium
399 4060 575 4097 meum
612 4044 874 4115 Apionem
916 4045 1221 4111 diaconum,
1267 4054 1376 4098 tum
1415 4062 1479 4099 ea:
1504 4044 1670 4115 Libya
1706 4054 1756 4098 et
1854 4038 2078 4106 epistola
2108 4041 2441 4105 memoratis,
2461 4054 2689 4110 quorum
2720 4049 2884 4095 testes
2903 4056 3023 4095 esse
3048 4056 3152 4094 non
3173 4054 3386 4112 possent
3408 4058 3445 4109 ,'

188 4130 489 4201 Pentapoli;
524 4145 637 4189 tum
666 4153 733 4190 ea:
762 4136 953 4207 Syria,
996 4135 1194 4206 Lycia,
1226 4136 1561 4207 Pamphylia,
1608 4139 1752 4198 Asia,
1855 4127 2167 4201 suffragium
2201 4132 2431 4188 dedisse.
2472 4131 2787 4188 Sulliciebat
2816 4134 2960 4187 enim
2991 4145 3047 4187 ut
3090 4136 3446 4191 confessioni’

183 4222 509 4293 Cappadocia
557 4229 782 4299 aliisque
832 4230 1136 4294 provinciis.
1168 4229 1403 4295 Quorum
1437 4229 1668 4296 exemplo
1721 4244 1756 4281 a

1866 4217 1978 4273 lidei
2031 4221 2455 4289 subscriberent,
2489 4232 2543 4276 et
2590 4238 2650 4276 se
2681 4224 2914 4279 Arianos
2955 4240 3060 4280 non
3117 4230 3442 4296 recepturos

182 4320 313 4371 vobis
341 4336 547 4391 quoque
572 4333 844 4391 acceptum
868 4321 936 4374 iri
965 4321 1195 4389 conﬁdo.
1226 4320 1353 4375 Voci
1388 4321 1555 4391 τόμος
1580 4320 1755 4389 expli-

1854 4312 1920 4364 ad
1955 4314 2384 4368 communionem
2410 4330 2531 4370 esse
2551 4317 2937 4385 profiterentur
2963 4337 2975 4370 ε
3006 4332 3181 4387 neque
3211 4321 3427 4374 videtur

179 4409 356 4463 cauda:
385 4421 727 4481 opportunus
753 4422 837 4467 est
865 4413 955 4467 hic
976 4411 1220 4482 Gregorii
1257 4411 1584 4466 Nazianzeni
1617 4412 1749 4480 ep.l

1857 4409 2032 4454 tomus
2075 4402 2221 4456 aliud
2276 4405 2549 4472 quidpiam
2606 4406 2919 4474 complexus
2952 4420 3099 4460 esse.
3132 4406 3257 4461 Haec
3289 4409 3376 4464 ille
3408 4426 3421 4462 :

178 4499 239 4552 ad
281 4502 600 4559 Cledonium
650 4505 826 4570 locus,
863 4503 1103 4570 Δείξουσς
1133 4504 1188 4557 δὲ
1230 4504 1448 4567 πάντως
1480 4505 1513 4575 ἢ
1553 4505 1641 4557 διὰ
1666 4505 1754 4557 τός-

1865 4506 2034 4549 stnon
2063 4496 2303 4549 meminit
2342 4496 2507 4549 multa
2545 4497 2649 4551 hoc
2703 4497 2901 4552 saeculo
2931 4498 3176 4565 exempla
3220 4498 3441 4565 olferri,‘

178 4609 272 4660 pm
328 4596 630 4661 συνοδικοῦ,
671 4598 704 4669 ἢ
754 4598 825 4651 δι’
866 4595 1162 4649 ἐπιστολῶν
1212 4596 1540 4649 κοινωνικῶν
1564 4592 1749 4659 ὀὗτος

1855 4586 1941 4641 ubi
1967 4586 2215 4641 absentes
2248 4587 2485 4656 episcopi
2518 4588 2675 4642 tomis
2702 4596 2756 4639 et
2781 4585 3021 4654 epistolis
3053 4587 3420 4656 synodalibus,

176 4686 276 4755 γάρ
328 4688 441 4741 τῶν
490 4690 725 4742 συνόδων
761 4690 792 4742 ὁ
830 4688 1011 4759 νόμος.
1031 4688 1087 4741 1d
1144 4700 1250 4753 est,
1298 4688 1524 4757 Omnino
1571 4697 1747 4741 autem

1855 4678 2006 4747 queis
2026 4690 2175 4748 gesta
2196 4678 2332 4733 bene
2362 4680 2529 4732 multa
2578 4689 2922 4743 enarrantur,
2951 4680 3263 4750 suffragium
3293 4682 3425 4736 dant

174 4780 440 4832 ostendent
482 4783 576 4847 (se
629 4779 846 4834 scilicet
892 4780 961 4832 ad
1010 4779 1439 4833 communionem
1484 4779 1749 4832 admissos
1851 4779 1905 4826 et
1952 4771 2318 4825 subscribam.
2363 4769 2420 4824 In
2478 4783 2624 4827 tomo
2687 4772 2884 4842 Quippe
2924 4772 3206 4827 Athanasii
3260 4788 3424 4844 supra

172 4868 307 4938 esse)
348 4870 431 4923 vel
478 4887 573 4939 per
615 4881 816 4923 tomum
863 4869 1199 4938 synodalem,
1247 4869 1325 4923 vel
1362 4884 1450 4935 per
1498 4868 1747 4935 epistolas
1851 4872 2168 4925 memorato,
2196 4862 2247 4916 in
2284 4877 2390 4932 quo
2419 4872 2570 4932 gesta
2621 4863 2809 4933 synodi
2851 4873 3104 4919 accurate
3137 4879 3428 4921 recensen-

171 4960 686 5014 communicatorias.
722 4958 867 5013 Nam
904 4961 987 5013 hic
1011 4962 1328 5030 synodorum
1367 4976 1477 5012 mos
1515 4968 1612 5012 est.
1651 4957 1749 5012 Hic
1850 4962 1961 5018 tur,
1988 4955 2309 5010 Antiocheni
2348 4956 2435 5023 qui
2480 4954 2646 5024 gestis
2686 4969 2795 5009 non
2850 4953 3212 5010 interfuerant
3249 4956 3429 5010 calcu-

174 5049 331 5116 igitur
371 5069 493 5108 mos
524 5054 858 5124 synodorum
897 5062 1015 5105 erat
1041 5062 1098 5105 ut
1140 5066 1236 5119 per
1267 5060 1439 5104 tomos
1460 5049 1757 5119 synodicos
1852 5046 1958 5099 lum
1992 5044 2214 5097 addunt.
2247 5044 2336 5097 Sic
2368 5044 2512 5096 enim
2545 5044 2636 5107 ibi,
2663 5058 2715 5111 p.
2754 5043 2883 5107 620,
2908 5045 3019 5099 Καὶ
3053 5044 3189 5115 μετὰ
3210 5045 3271 5097 τὸ
3297 5048 3427 5099 ἀπο-

171 5156 283 5207 qnze
312 5146 523 5200 sancite
566 5153 731 5199 erant
771 5145 1101 5198 emitterent.
1144 5143 1310 5212 Cujus
1364 5142 1439 5196 rei
1476 5141 1747 5207 apertissi-

1851 5136 2108 5207 σταλῆναι
2134 5135 2242 5189 ἀπὸ
2280 5134 2688 5205 Ἀλεξανδρείας
2715 5136 2806 5190 τὸν
2831 5137 2995 5207 τόμον
3036 5138 3249 5204 τοῦτον,
3284 5139 3424 5192 οὕτω

172 5246 311 5288 mum
350 5237 727 5292 testimonium
794 5235 964 5289 habes
1004 5234 1059 5288 in
1114 5236 1337 5303 epistola
1391 5233 1580 5302 synodi
1618 5232 1745 5284 Aleo

1848 5228 1998 5299 παρὰ
2019 5227 2426 5298 προειρημένων
2453 5228 2962 5298 ὑπογεγραμμένον,
2983 5228 3125 5281 κατὰ
3140 5229 3310 5282 ταῦτα
3331 5231 3424 5281 καὶ.

171 5327 611 5397 xandrinaeanni
655 5325 785 5389 562,
831 5326 900 5379 ad
940 5325 1307 5383 Antiochenos
1346 5323 1413 5377 ab
1447 5322 1747 5377 Athanasio

1848 5319 2001 5373 αὐτοὶ
2055 5318 2405 5390 ὑπέγραψαν·
2442 5320 2493 5373 id
2537 5330 2654 5384 est,
2694 5316 2981 5388 Postquam
3027 5330 3199 5375 autem
3251 5327 3419 5371 tomus

171 5412 281 5479 ipso
312 5422 645 5489 conscripta,
682 5428 744 5470 ut
770 5418 955 5472 videre
978 5426 1060 5471 est
1083 5417 1181 5473 sub
1204 5416 1384 5478 linem,
1430 5431 1483 5483 p.
1513 5412 1637 5468 620.
1669 5411 1746 5465 Ea
1848 5410 1931 5462 hic
1969 5410 2293 5463 Alexandria
2321 5409 2509 5462 missus
2543 5418 2644 5472 est,
2671 5427 2702 5462 a
2726 5426 2884 5473 supra
2910 5410 3065 5462 dictis
3097 5410 3171 5462 ita
3193 5408 3423 5461 subscri-

170 5518 358 5576 Ielnpe
407 5510 570 5581 τόμος
628 5508 952 5563 Ἀθανασίου
997 5506 1421 5577 ἀρχιεπισκόπου
1499 5502 1746 5568 Ἀλεξαν-

1855 5512 1998 5571 ptas,
2022 5512 2199 5570 postea
2225 5510 2275 5553 et
2303 5501 2405 5569 ipsi
2436 5517 2636 5570 quoque
2661 5500 3011 5571 (Antiocheni)
3035 5500 3417 5567 subscripsere:

168 5592 554 5665 δρείας,εοηωο
571 5599 861 5654 Athanasii
886 5599 1258 5668 archiepiscopi
1286 5596 1633 5650 Alexandrini
1662 5597 1746 5648 in-
1855 5601 1910 5645 et
1935 5602 2118 5660 postea
2152 5590 2374 5645 affertur
2416 5590 2619 5647 Paulini
2655 5591 2978 5657 subscriptio
2999 5629 3011 5651 ,
3042 5590 3134 5657 qui
3165 5604 3295 5644 sane
3327 5606 3420 5659 ge-

168 5688 452 5758 scribitur;
476 5704 535 5747 ut
564 5706 668 5747 nos
709 5691 782 5745 ad
811 5689 1050 5744 omnium
1090 5690 1311 5744 omnino
1353 5688 1744 5756 manuscripto-
1853 5684 1951 5739 stis
1978 5686 2031 5738 in
2066 5692 2209 5740 torno
2232 5683 2546 5739 memoratis
2584 5695 2688 5736 non
2728 5680 3065 5747 interfuerat,
3096 5694 3194 5735 nec
3229 5694 3416 5735 eorum

237 5888 309 5961 (α)
347 5890 588 5955 Tillem.,
616 5889 713 5945 Vie
742 5890 807 5941 de
829 5887 887 5943 S.
913 5888 1242 5956 Alexandre;
1273 5890 1594 5948 Thcodoret.
1635 5892 1672 5946 l.
1698 5907 1789 5957 t,c.
1829 5891 1878 5945 4.

439 5986 722 6045 Ρηιιοι.
755 5982 876 6042 Gn.
914 5981 1112 6043 XXV.
1820 6020 1832 6043 ι

1820 6020 1832 6043 ι
3028 5984 3066 6045 lt
