  <div class='ocr_page' id='page_1' title='image "/cluster/home/n/w/nwhite01/storage/ocr_20150623/25/hvd.32044004972428/171.png"; bbox 0 0 3990 6510; ppageno 0'>
   <div class='ocr_carea' id='block_1_1' title="bbox 531 420 692 463">
    <p class='ocr_par' dir='ltr' id='par_1_1' title="bbox 531 420 692 463">
     <span class='ocr_line' id='line_1_1' title="bbox 531 420 692 463; baseline -0.019 0"><span class='ocrx_word' id='word_1_1' title='bbox 531 420 692 463; x_wconf 69' lang='lat' dir='ltr'><strong>CLX&quot;</strong></span> 
     </span>
    </p>
   </div>
   <div class='ocr_carea' id='block_1_2' title="bbox 1856 395 2385 454">
    <p class='ocr_par' dir='ltr' id='par_1_2' title="bbox 1856 395 2385 454">
     <span class='ocr_line' id='line_1_2' title="bbox 1856 395 2385 454; baseline 0.004 -2"><span class='ocrx_word' id='word_1_2' title='bbox 1856 395 2385 454; x_wconf 76' lang='lat' dir='ltr'><strong>PROLEGOMENA.</strong></span> 
     </span>
    </p>
   </div>
   <div class='ocr_carea' id='block_1_3' title="bbox 535 509 3784 592">
    <p class='ocr_par' dir='ltr' id='par_1_3' title="bbox 535 509 3784 592">
     <span class='ocr_line' id='line_1_3' title="bbox 535 509 3784 592; baseline -0.003 -18"><span class='ocrx_word' id='word_1_3' title='bbox 535 522 689 577; x_wconf 83' lang='lat' dir='ltr'><strong>testis</strong></span> <span class='ocrx_word' id='word_1_4' title='bbox 720 534 839 575; x_wconf 87' lang='lat' dir='ltr'><strong>esse</strong></span> <span class='ocrx_word' id='word_1_5' title='bbox 886 526 1119 592; x_wconf 88' lang='lat' dir='ltr'><strong>poterat.</strong></span> <span class='ocrx_word' id='word_1_6' title='bbox 1174 519 1237 572; x_wconf 86' lang='lat' dir='ltr'><strong>Et</strong></span> <span class='ocrx_word' id='word_1_7' title='bbox 1283 518 1523 588; x_wconf 75' lang='lat' dir='ltr'><strong>epistola:</strong></span> <span class='ocrx_word' id='word_1_8' title='bbox 1570 518 1855 590; x_wconf 73' lang='lat' dir='ltr'><strong>encyclicre</strong></span> <span class='ocrx_word' id='word_1_9' title='bbox 1910 518 2099 590; x_wconf 85' lang='lat' dir='ltr'><strong>synodi</strong></span> <span class='ocrx_word' id='word_1_10' title='bbox 2129 520 2176 577; x_wconf 72' lang='grc' dir='ltr'><strong>Α</strong></span> <span class='ocrx_word' id='word_1_11' title='bbox 2203 516 2470 571; x_wconf 89' lang='lat' dir='ltr'><strong>lamitates</strong></span> <span class='ocrx_word' id='word_1_12' title='bbox 2514 515 2684 570; x_wconf 90' lang='lat' dir='ltr'><strong>nullas</strong></span> <span class='ocrx_word' id='word_1_13' title='bbox 2723 520 3093 577; x_wconf 79' lang='lat' dir='ltr'><strong>memoraret,</strong></span> <span class='ocrx_word' id='word_1_14' title='bbox 3145 518 3287 566; x_wconf 85' lang='lat' dir='ltr'><strong>esset</strong></span> <span class='ocrx_word' id='word_1_15' title='bbox 3317 509 3784 580; x_wconf 81' lang='lat' dir='ltr'><strong>hujusscriptoris</strong></span> 
     </span>
    </p>
   </div>
   <div class='ocr_carea' id='block_1_4' title="bbox 535 612 2103 682">
    <p class='ocr_par' dir='ltr' id='par_1_4' title="bbox 535 612 2103 682">
     <span class='ocr_line' id='line_1_4' title="bbox 535 612 2103 682; baseline -0.003 -13"><span class='ocrx_word' id='word_1_16' title='bbox 535 613 901 677; x_wconf 88' lang='lat' dir='ltr'><strong>Sardicensis,</strong></span> <span class='ocrx_word' id='word_1_17' title='bbox 941 614 1029 669; x_wconf 89' lang='lat' dir='ltr'><strong>ubi</strong></span> <span class='ocrx_word' id='word_1_18' title='bbox 1084 612 1309 667; x_wconf 81' lang='lat' dir='ltr'><strong>historia</strong></span> <span class='ocrx_word' id='word_1_19' title='bbox 1351 627 1529 666; x_wconf 92' lang='lat' dir='ltr'><strong>rerum</strong></span> <span class='ocrx_word' id='word_1_20' title='bbox 1580 613 1629 665; x_wconf 93' lang='lat' dir='ltr'><strong>in</strong></span> <span class='ocrx_word' id='word_1_21' title='bbox 1687 612 1893 682; x_wconf 80' lang='lat' dir='ltr'><strong>synodo</strong></span> <span class='ocrx_word' id='word_1_22' title='bbox 1924 620 2103 680; x_wconf 83' lang='lat' dir='ltr'><strong>gesta-</strong></span> 
     </span>
    </p>
   </div>
   <div class='ocr_carea' id='block_1_5' title="bbox 536 702 2105 772">
    <p class='ocr_par' dir='ltr' id='par_1_5' title="bbox 536 702 2105 772">
     <span class='ocr_line' id='line_1_5' title="bbox 536 702 2105 772; baseline -0.003 -12"><span class='ocrx_word' id='word_1_23' title='bbox 536 722 652 761; x_wconf 91' lang='lat' dir='ltr'><strong>rum</strong></span> <span class='ocrx_word' id='word_1_24' title='bbox 685 714 1014 767; x_wconf 88' lang='lat' dir='ltr'><strong>reccnsetur,</strong></span> <span class='ocrx_word' id='word_1_25' title='bbox 1048 702 1286 771; x_wconf 82' lang='lat' dir='ltr'><strong>episcopi</strong></span> <span class='ocrx_word' id='word_1_26' title='bbox 1317 703 1435 772; x_wconf 85' lang='lat' dir='ltr'><strong>plus</strong></span> <span class='ocrx_word' id='word_1_27' title='bbox 1467 702 1723 767; x_wconf 89' lang='lat' dir='ltr'><strong>ducenti,</strong></span> <span class='ocrx_word' id='word_1_28' title='bbox 1754 702 1845 771; x_wconf 89' lang='lat' dir='ltr'><strong>qui</strong></span> <span class='ocrx_word' id='word_1_29' title='bbox 1898 703 2105 772; x_wconf 83' lang='lat' dir='ltr'><strong>synodo</strong></span> 
     </span>
    </p>
   </div>
   <div class='ocr_carea' id='block_1_6' title="bbox 536 792 2107 863">
    <p class='ocr_par' dir='ltr' id='par_1_6' title="bbox 536 792 2107 863">
     <span class='ocr_line' id='line_1_6' title="bbox 536 792 2107 863; baseline -0.002 -12"><span class='ocrx_word' id='word_1_30' title='bbox 536 814 639 851; x_wconf 88' lang='lat' dir='ltr'><strong>non</strong></span> <span class='ocrx_word' id='word_1_31' title='bbox 675 792 1049 860; x_wconf 74' lang='lat' dir='ltr'><strong>interfuerant,</strong></span> <span class='ocrx_word' id='word_1_32' title='bbox 1103 794 1505 863; x_wconf 82' lang='lat' dir='ltr'><strong>subscripsere,</strong></span> <span class='ocrx_word' id='word_1_33' title='bbox 1540 794 1633 863; x_wconf 86' lang='lat' dir='ltr'><strong>qui</strong></span> <span class='ocrx_word' id='word_1_34' title='bbox 1690 793 1846 863; x_wconf 83' lang='lat' dir='ltr'><strong>longo</strong></span> <span class='ocrx_word' id='word_1_35' title='bbox 1897 793 2107 848; x_wconf 84' lang='lat' dir='ltr'><strong>itineris</strong></span> 
     </span>
    </p>
   </div>
   <div class='ocr_carea' id='block_1_7' title="bbox 536 887 2105 957">
    <p class='ocr_par' dir='ltr' id='par_1_7' title="bbox 536 887 2105 957">
     <span class='ocr_line' id='line_1_7' title="bbox 536 887 2105 957; baseline -0.003 -15"><span class='ocrx_word' id='word_1_36' title='bbox 536 887 823 943; x_wconf 84' lang='lat' dir='ltr'><strong>intervallo</strong></span> <span class='ocrx_word' id='word_1_37' title='bbox 855 888 1337 957; x_wconf 75' lang='lat' dir='ltr'><strong>dissiti,gestorum</strong></span> <span class='ocrx_word' id='word_1_38' title='bbox 1365 896 1530 941; x_wconf 90' lang='lat' dir='ltr'><strong>testes</strong></span> <span class='ocrx_word' id='word_1_39' title='bbox 1555 902 1676 941; x_wconf 83' lang='lat' dir='ltr'><strong>esse</strong></span> <span class='ocrx_word' id='word_1_40' title='bbox 1702 901 1806 940; x_wconf 87' lang='lat' dir='ltr'><strong>non</strong></span> <span class='ocrx_word' id='word_1_41' title='bbox 1836 896 2105 955; x_wconf 87' lang='lat' dir='ltr'><strong>poterant.</strong></span> 
     </span>
    </p>
   </div>
   <div class='ocr_carea' id='block_1_8' title="bbox 538 976 2112 1048">
    <p class='ocr_par' dir='ltr' id='par_1_8' title="bbox 538 976 2112 1048">
     <span class='ocr_line' id='line_1_8' title="bbox 538 976 2112 1048; baseline 0 -17"><span class='ocrx_word' id='word_1_42' title='bbox 538 978 736 1032; x_wconf 73' lang='lat' dir='ltr'><strong>Verum</strong></span> <span class='ocrx_word' id='word_1_43' title='bbox 753 994 855 1031; x_wconf 88' lang='lat' dir='ltr'><strong>non</strong></span> <span class='ocrx_word' id='word_1_44' title='bbox 871 978 1021 1047; x_wconf 89' lang='lat' dir='ltr'><strong>quasi</strong></span> <span class='ocrx_word' id='word_1_45' title='bbox 1042 993 1219 1031; x_wconf 86' lang='lat' dir='ltr'><strong>rerum</strong></span> <span class='ocrx_word' id='word_1_46' title='bbox 1238 976 1289 1030; x_wconf 90' lang='lat' dir='ltr'><strong>in</strong></span> <span class='ocrx_word' id='word_1_47' title='bbox 1311 978 1512 1048; x_wconf 81' lang='lat' dir='ltr'><strong>synodo</strong></span> <span class='ocrx_word' id='word_1_48' title='bbox 1528 989 1797 1045; x_wconf 81' lang='lat' dir='ltr'><strong>gestarum</strong></span> <span class='ocrx_word' id='word_1_49' title='bbox 1816 986 1978 1031; x_wconf 88' lang='lat' dir='ltr'><strong>testes</strong></span> <span class='ocrx_word' id='word_1_50' title='bbox 1991 978 2112 1032; x_wconf 82' lang='lat' dir='ltr'><strong>sub-</strong></span> 
     </span>
    </p>
   </div>
   <div class='ocr_carea' id='block_1_9' title="bbox 539 1069 2109 1140">
    <p class='ocr_par' dir='ltr' id='par_1_9' title="bbox 539 1069 2109 1140">
     <span class='ocr_line' id='line_1_9' title="bbox 539 1069 2109 1140; baseline -0.001 -17"><span class='ocrx_word' id='word_1_51' title='bbox 539 1072 885 1135; x_wconf 80' lang='lat' dir='ltr'><strong>scribebant;</strong></span> <span class='ocrx_word' id='word_1_52' title='bbox 916 1071 1009 1124; x_wconf 87' lang='lat' dir='ltr'><strong>sed</strong></span> <span class='ocrx_word' id='word_1_53' title='bbox 1031 1069 1304 1140; x_wconf 83' lang='lat' dir='ltr'><strong>dogmata,</strong></span> <span class='ocrx_word' id='word_1_54' title='bbox 1331 1072 1697 1136; x_wconf 86' lang='lat' dir='ltr'><strong>anathemata,</strong></span> <span class='ocrx_word' id='word_1_55' title='bbox 1733 1070 2109 1124; x_wconf 59' lang='lat' dir='ltr'><strong>hmreticorum</strong></span> 
     </span>
    </p>
   </div>
   <div class='ocr_carea' id='block_1_10' title="bbox 539 1160 2110 1232">
    <p class='ocr_par' dir='ltr' id='par_1_10' title="bbox 539 1160 2110 1232">
     <span class='ocr_line' id='line_1_10' title="bbox 539 1160 2110 1232; baseline -0.001 -17"><span class='ocrx_word' id='word_1_56' title='bbox 539 1172 593 1215; x_wconf 90' lang='lat' dir='ltr'><strong>et</strong></span> <span class='ocrx_word' id='word_1_57' title='bbox 620 1162 965 1216; x_wconf 85' lang='lat' dir='ltr'><strong>factiosorum</strong></span> <span class='ocrx_word' id='word_1_58' title='bbox 1014 1164 1292 1217; x_wconf 83' lang='lat' dir='ltr'><strong>hominum</strong></span> <span class='ocrx_word' id='word_1_59' title='bbox 1322 1162 1685 1232; x_wconf 87' lang='lat' dir='ltr'><strong>depositiones</strong></span> <span class='ocrx_word' id='word_1_60' title='bbox 1727 1160 1983 1231; x_wconf 71' lang='lat' dir='ltr'><strong>suffragio</strong></span> <span class='ocrx_word' id='word_1_61' title='bbox 2012 1176 2110 1215; x_wconf 91' lang='lat' dir='ltr'><strong>suo</strong></span> 
     </span>
    </p>
   </div>
   <div class='ocr_carea' id='block_1_11' title="bbox 541 1250 2114 1326">
    <p class='ocr_par' dir='ltr' id='par_1_11' title="bbox 541 1250 2114 1326">
     <span class='ocr_line' id='line_1_11' title="bbox 541 1250 2114 1326; baseline 0.001 -22"><span class='ocrx_word' id='word_1_62' title='bbox 541 1256 874 1310; x_wconf 86' lang='lat' dir='ltr'><strong>muniebant.</strong></span> <span class='ocrx_word' id='word_1_63' title='bbox 903 1255 1228 1310; x_wconf 89' lang='lat' dir='ltr'><strong>Tillemontii</strong></span> <span class='ocrx_word' id='word_1_64' title='bbox 1251 1257 1412 1326; x_wconf 84' lang='lat' dir='ltr'><strong>igitur</strong></span> <span class='ocrx_word' id='word_1_65' title='bbox 1447 1256 1582 1309; x_wconf 89' lang='lat' dir='ltr'><strong>ratio</strong></span> <span class='ocrx_word' id='word_1_66' title='bbox 1627 1254 1768 1308; x_wconf 88' lang='lat' dir='ltr'><strong>nulla</strong></span> <span class='ocrx_word' id='word_1_67' title='bbox 1795 1270 1807 1305; x_wconf 87' lang='lat'><strong>:</strong></span> <span class='ocrx_word' id='word_1_68' title='bbox 1842 1268 2015 1321; x_wconf 90' lang='lat' dir='ltr'><strong>neque</strong></span> <span class='ocrx_word' id='word_1_69' title='bbox 2043 1250 2114 1305; x_wconf 92' lang='lat' dir='ltr'><strong>fe-</strong></span> 
     </span>
    </p>
   </div>
   <div class='ocr_carea' id='block_1_12' title="bbox 543 1344 2111 1415">
    <p class='ocr_par' dir='ltr' id='par_1_12' title="bbox 543 1344 2111 1415">
     <span class='ocr_line' id='line_1_12' title="bbox 543 1344 2111 1415; baseline -0.001 -18"><span class='ocrx_word' id='word_1_70' title='bbox 543 1345 700 1400; x_wconf 84' lang='lat' dir='ltr'><strong>licius</strong></span> <span class='ocrx_word' id='word_1_71' title='bbox 724 1345 966 1401; x_wconf 81' lang='lat' dir='ltr'><strong>Valesius</strong></span> <span class='ocrx_word' id='word_1_72' title='bbox 1001 1347 1076 1415; x_wconf 90' lang='lat' dir='ltr'><strong>(a)</strong></span> <span class='ocrx_word' id='word_1_73' title='bbox 1110 1348 1198 1415; x_wconf 94' lang='lat' dir='ltr'><strong>qui</strong></span> <span class='ocrx_word' id='word_1_74' title='bbox 1220 1356 1372 1415; x_wconf 87' lang='lat' dir='ltr'><strong>putat</strong></span> <span class='ocrx_word' id='word_1_75' title='bbox 1405 1355 1606 1399; x_wconf 91' lang='lat' dir='ltr'><strong>tomum</strong></span> <span class='ocrx_word' id='word_1_76' title='bbox 1651 1344 1959 1412; x_wconf 87' lang='lat' dir='ltr'><strong>hujusmodi</strong></span> <span class='ocrx_word' id='word_1_77' title='bbox 1988 1357 2111 1397; x_wconf 90' lang='lat' dir='ltr'><strong>esse</strong></span> 
     </span>
    </p>
   </div>
   <div class='ocr_carea' id='block_1_13' title="bbox 541 1434 2111 1510">
    <p class='ocr_par' dir='ltr' id='par_1_13' title="bbox 541 1434 2111 1510">
     <span class='ocr_line' id='line_1_13' title="bbox 541 1434 2111 1510; baseline -0.004 -18"><span class='ocrx_word' id='word_1_78' title='bbox 541 1440 821 1510; x_wconf 79' lang='lat' dir='ltr'><strong>epistolam</strong></span> <span class='ocrx_word' id='word_1_79' title='bbox 847 1442 911 1493; x_wconf 94' lang='lat' dir='ltr'><strong>ad</strong></span> <span class='ocrx_word' id='word_1_80' title='bbox 948 1440 1314 1494; x_wconf 80' lang='lat' dir='ltr'><strong>Alexandrum</strong></span> <span class='ocrx_word' id='word_1_81' title='bbox 1342 1440 1659 1510; x_wconf 85' lang='lat' dir='ltr'><strong>Byzantium</strong></span> <span class='ocrx_word' id='word_1_82' title='bbox 1698 1438 1943 1492; x_wconf 89' lang='lat' dir='ltr'><strong>missam.</strong></span> <span class='ocrx_word' id='word_1_83' title='bbox 1979 1434 2111 1488; x_wconf 85' lang='lat' dir='ltr'><strong>Nam</strong></span> 
     </span>
    </p>
   </div>
   <div class='ocr_carea' id='block_1_14' title="bbox 542 1528 2111 1599">
    <p class='ocr_par' dir='ltr' id='par_1_14' title="bbox 542 1528 2111 1599">
     <span class='ocr_line' id='line_1_14' title="bbox 542 1528 2111 1599; baseline -0.004 -15"><span class='ocrx_word' id='word_1_84' title='bbox 542 1546 607 1584; x_wconf 79' lang='lat' dir='ltr'><strong>ex</strong></span> <span class='ocrx_word' id='word_1_85' title='bbox 640 1531 707 1585; x_wconf 89' lang='lat' dir='ltr'><strong>iis</strong></span> <span class='ocrx_word' id='word_1_86' title='bbox 738 1545 855 1599; x_wconf 84' lang='lat' dir='ltr'><strong>quae</strong></span> <span class='ocrx_word' id='word_1_87' title='bbox 884 1530 1129 1599; x_wconf 88' lang='lat' dir='ltr'><strong>superius</strong></span> <span class='ocrx_word' id='word_1_88' title='bbox 1156 1532 1431 1584; x_wconf 89' lang='lat' dir='ltr'><strong>attulimus</strong></span> <span class='ocrx_word' id='word_1_89' title='bbox 1462 1532 1675 1583; x_wconf 90' lang='lat' dir='ltr'><strong>videtur</strong></span> <span class='ocrx_word' id='word_1_90' title='bbox 1727 1538 1927 1582; x_wconf 91' lang='lat' dir='ltr'><strong>tomum</strong></span> <span class='ocrx_word' id='word_1_91' title='bbox 1964 1528 2111 1581; x_wconf 90' lang='lat' dir='ltr'><strong>illum</strong></span> 
     </span>
    </p>
   </div>
   <div class='ocr_carea' id='block_1_15' title="bbox 545 1618 2116 1692">
    <p class='ocr_par' dir='ltr' id='par_1_15' title="bbox 545 1618 2116 1692">
     <span class='ocr_line' id='line_1_15' title="bbox 545 1618 2116 1692; baseline -0.002 -17"><span class='ocrx_word' id='word_1_92' title='bbox 545 1622 689 1675; x_wconf 88' lang='lat' dir='ltr'><strong>aliud</strong></span> <span class='ocrx_word' id='word_1_93' title='bbox 718 1622 989 1692; x_wconf 85' lang='lat' dir='ltr'><strong>quidpiam</strong></span> <span class='ocrx_word' id='word_1_94' title='bbox 1043 1624 1110 1677; x_wconf 90' lang='lat' dir='ltr'><strong>ab</strong></span> <span class='ocrx_word' id='word_1_95' title='bbox 1152 1623 1384 1692; x_wconf 86' lang='lat' dir='ltr'><strong>epistola</strong></span> <span class='ocrx_word' id='word_1_96' title='bbox 1426 1637 1566 1677; x_wconf 87' lang='lat' dir='ltr'><strong>esse.</strong></span> <span class='ocrx_word' id='word_1_97' title='bbox 1620 1621 1823 1676; x_wconf 85' lang='lat' dir='ltr'><strong>Tomus</strong></span> <span class='ocrx_word' id='word_1_98' title='bbox 1861 1621 1989 1674; x_wconf 90' lang='lat' dir='ltr'><strong>item</strong></span> <span class='ocrx_word' id='word_1_99' title='bbox 2028 1618 2116 1672; x_wconf 85' lang='lat' dir='ltr'><strong>ille</strong></span> 
     </span>
    </p>
   </div>
   <div class='ocr_carea' id='block_1_16' title="bbox 544 1712 2115 1783">
    <p class='ocr_par' dir='ltr' id='par_1_16' title="bbox 544 1712 2115 1783">
     <span class='ocr_line' id='line_1_16' title="bbox 544 1712 2115 1783; baseline -0.003 -16"><span class='ocrx_word' id='word_1_100' title='bbox 544 1716 610 1769; x_wconf 90' lang='lat' dir='ltr'><strong>ad</strong></span> <span class='ocrx_word' id='word_1_101' title='bbox 659 1730 848 1769; x_wconf 89' lang='lat' dir='ltr'><strong>omnes</strong></span> <span class='ocrx_word' id='word_1_102' title='bbox 904 1714 1104 1783; x_wconf 88' lang='lat' dir='ltr'><strong>ubique</strong></span> <span class='ocrx_word' id='word_1_103' title='bbox 1146 1715 1428 1783; x_wconf 87' lang='lat' dir='ltr'><strong>episcopos</strong></span> <span class='ocrx_word' id='word_1_104' title='bbox 1482 1714 1677 1767; x_wconf 89' lang='lat' dir='ltr'><strong>missus</strong></span> <span class='ocrx_word' id='word_1_105' title='bbox 1722 1712 1919 1775; x_wconf 87' lang='lat' dir='ltr'><strong>fuerat,</strong></span> <span class='ocrx_word' id='word_1_106' title='bbox 1952 1719 2011 1764; x_wconf 90' lang='lat' dir='ltr'><strong>ut</strong></span> <span class='ocrx_word' id='word_1_107' title='bbox 2050 1725 2115 1763; x_wconf 78' lang='lat' dir='ltr'><strong>ex</strong></span> 
     </span>
    </p>
   </div>
   <div class='ocr_carea' id='block_1_17' title="bbox 546 1802 2115 1872">
    <p class='ocr_par' dir='ltr' id='par_1_17' title="bbox 546 1802 2115 1872">
     <span class='ocr_line' id='line_1_17' title="bbox 546 1802 2115 1872; baseline -0.004 -13"><span class='ocrx_word' id='word_1_108' title='bbox 546 1805 860 1859; x_wconf 88' lang='lat' dir='ltr'><strong>memoratis</strong></span> <span class='ocrx_word' id='word_1_109' title='bbox 890 1805 1085 1859; x_wconf 89' lang='lat' dir='ltr'><strong>ibidem</strong></span> <span class='ocrx_word' id='word_1_110' title='bbox 1115 1803 1597 1872; x_wconf 87' lang='lat' dir='ltr'><strong>subscriptionibus</strong></span> <span class='ocrx_word' id='word_1_111' title='bbox 1622 1802 1791 1870; x_wconf 88' lang='lat' dir='ltr'><strong>liquet</strong></span> <span class='ocrx_word' id='word_1_112' title='bbox 1813 1818 1826 1865; x_wconf 87' lang='lat'><strong>;</strong></span> <span class='ocrx_word' id='word_1_113' title='bbox 1848 1802 1961 1854; x_wconf 72' lang='lat' dir='ltr'><strong>haec</strong></span> <span class='ocrx_word' id='word_1_114' title='bbox 1988 1814 2115 1854; x_wconf 91' lang='lat' dir='ltr'><strong>vero</strong></span> 
     </span>
    </p>
   </div>
   <div class='ocr_carea' id='block_1_18' title="bbox 544 1881 2193 1963">
    <p class='ocr_par' dir='ltr' id='par_1_18' title="bbox 544 1881 2193 1963">
     <span class='ocr_line' id='line_1_18' title="bbox 544 1881 2193 1963; baseline -0.004 -12"><span class='ocrx_word' id='word_1_115' title='bbox 544 1894 773 1963; x_wconf 87' lang='lat' dir='ltr'><strong>epistola</strong></span> <span class='ocrx_word' id='word_1_116' title='bbox 809 1898 877 1948; x_wconf 86' lang='lat' dir='ltr'><strong>ad</strong></span> <span class='ocrx_word' id='word_1_117' title='bbox 937 1910 1103 1948; x_wconf 90' lang='lat' dir='ltr'><strong>unum</strong></span> <span class='ocrx_word' id='word_1_118' title='bbox 1133 1894 1497 1947; x_wconf 83' lang='lat' dir='ltr'><strong>Alexandrum</strong></span> <span class='ocrx_word' id='word_1_119' title='bbox 1551 1894 1717 1945; x_wconf 90' lang='lat' dir='ltr'><strong>missa</strong></span> <span class='ocrx_word' id='word_1_120' title='bbox 1763 1900 1870 1946; x_wconf 90' lang='lat' dir='ltr'><strong>est.</strong></span> <span class='ocrx_word' id='word_1_121' title='bbox 1898 1890 1978 1944; x_wconf 89' lang='lat' dir='ltr'><strong>Ad</strong></span> <span class='ocrx_word' id='word_1_122' title='bbox 2007 1891 2121 1944; x_wconf 74' lang='lat' dir='ltr'><strong>htec</strong></span> <span class='ocrx_word' id='word_1_123' title='bbox 2150 1881 2193 1935; x_wconf 82' lang='grc' dir='ltr'><strong>Β</strong></span> 
     </span>
    </p>
   </div>
   <div class='ocr_carea' id='block_1_19' title="bbox 548 1982 2125 2053">
    <p class='ocr_par' dir='ltr' id='par_1_19' title="bbox 548 1982 2125 2053">
     <span class='ocr_line' id='line_1_19' title="bbox 548 1982 2125 2053; baseline -0.001 -17"><span class='ocrx_word' id='word_1_124' title='bbox 548 1992 730 2037; x_wconf 85' lang='lat' dir='ltr'><strong>autem</strong></span> <span class='ocrx_word' id='word_1_125' title='bbox 773 1983 999 2053; x_wconf 89' lang='lat' dir='ltr'><strong>epistola</strong></span> <span class='ocrx_word' id='word_1_126' title='bbox 1033 1984 1099 2037; x_wconf 92' lang='lat' dir='ltr'><strong>ad</strong></span> <span class='ocrx_word' id='word_1_127' title='bbox 1134 1983 1498 2050; x_wconf 68' lang='lat' dir='ltr'><strong>Alexandrum</strong></span> <span class='ocrx_word' id='word_1_128' title='bbox 1546 1982 1808 2052; x_wconf 83' lang='lat' dir='ltr'><strong>prolixior</strong></span> <span class='ocrx_word' id='word_1_129' title='bbox 1835 1990 1939 2046; x_wconf 88' lang='lat' dir='ltr'><strong>est,</strong></span> <span class='ocrx_word' id='word_1_130' title='bbox 1963 1996 2125 2050; x_wconf 88' lang='lat' dir='ltr'><strong>quam</strong></span> 
     </span>
    </p>
   </div>
   <div class='ocr_carea' id='block_1_20' title="bbox 543 2075 2125 2145">
    <p class='ocr_par' dir='ltr' id='par_1_20' title="bbox 543 2075 2125 2145">
     <span class='ocr_line' id='line_1_20' title="bbox 543 2075 2125 2145; baseline 0 -17"><span class='ocrx_word' id='word_1_131' title='bbox 543 2090 668 2144; x_wconf 75' lang='lat' dir='ltr'><strong>qua:</strong></span> <span class='ocrx_word' id='word_1_132' title='bbox 699 2077 868 2144; x_wconf 86' lang='lat' dir='ltr'><strong>possit</strong></span> <span class='ocrx_word' id='word_1_133' title='bbox 888 2076 1051 2145; x_wconf 84' lang='grc' dir='ltr'><strong>τόμος</strong></span> <span class='ocrx_word' id='word_1_134' title='bbox 1081 2075 1259 2129; x_wconf 89' lang='lat' dir='ltr'><strong>vocari</strong></span> <span class='ocrx_word' id='word_1_135' title='bbox 1287 2094 1301 2129; x_wconf 88' lang='lat'><strong>:</strong></span> <span class='ocrx_word' id='word_1_136' title='bbox 1332 2089 1478 2142; x_wconf 89' lang='lat' dir='ltr'><strong>nam,</strong></span> <span class='ocrx_word' id='word_1_137' title='bbox 1514 2084 1570 2127; x_wconf 86' lang='lat' dir='ltr'><strong>ut</strong></span> <span class='ocrx_word' id='word_1_138' title='bbox 1600 2090 1764 2143; x_wconf 89' lang='lat' dir='ltr'><strong>supra</strong></span> <span class='ocrx_word' id='word_1_139' title='bbox 1799 2076 2125 2140; x_wconf 86' lang='lat' dir='ltr'><strong>notavimus,</strong></span> 
     </span>
    </p>
   </div>
   <div class='ocr_carea' id='block_1_21' title="bbox 549 2167 2123 2239">
    <p class='ocr_par' dir='ltr' id='par_1_21' title="bbox 549 2167 2123 2239">
     <span class='ocr_line' id='line_1_21' title="bbox 549 2167 2123 2239; baseline 0.001 -20"><span class='ocrx_word' id='word_1_140' title='bbox 549 2177 726 2222; x_wconf 89' lang='lat' dir='ltr'><strong>tomus</strong></span> <span class='ocrx_word' id='word_1_141' title='bbox 768 2168 966 2223; x_wconf 86' lang='lat' dir='ltr'><strong>dicitur</strong></span> <span class='ocrx_word' id='word_1_142' title='bbox 1004 2169 1057 2222; x_wconf 88' lang='lat' dir='ltr'><strong>in</strong></span> <span class='ocrx_word' id='word_1_143' title='bbox 1084 2182 1191 2237; x_wconf 91' lang='lat' dir='ltr'><strong>quo</strong></span> <span class='ocrx_word' id='word_1_144' title='bbox 1224 2168 1681 2239; x_wconf 82' lang='grc' dir='ltr'>συντετμημένως</span> <span class='ocrx_word' id='word_1_145' title='bbox 1715 2182 1783 2221; x_wconf 80' lang='lat' dir='ltr'><strong>ac</strong></span> <span class='ocrx_word' id='word_1_146' title='bbox 1825 2167 2123 2237; x_wconf 82' lang='grc' dir='ltr'><strong>συντόμως,</strong></span> 
     </span>
    </p>
   </div>
   <div class='ocr_carea' id='block_1_22' title="bbox 548 2258 2131 2328">
    <p class='ocr_par' dir='ltr' id='par_1_22' title="bbox 548 2258 2131 2328">
     <span class='ocr_line' id='line_1_22' title="bbox 548 2258 2131 2328; baseline 0 -15"><span class='ocrx_word' id='word_1_147' title='bbox 548 2259 661 2313; x_wconf 88' lang='lat' dir='ltr'><strong>sive</strong></span> <span class='ocrx_word' id='word_1_148' title='bbox 685 2258 1018 2328; x_wconf 79' lang='lat' dir='ltr'><strong>perbreviter</strong></span> <span class='ocrx_word' id='word_1_149' title='bbox 1039 2275 1126 2314; x_wconf 88' lang='lat' dir='ltr'><strong>res</strong></span> <span class='ocrx_word' id='word_1_150' title='bbox 1156 2268 1509 2325; x_wconf 86' lang='lat' dir='ltr'><strong>enarrantur;</strong></span> <span class='ocrx_word' id='word_1_151' title='bbox 1537 2260 1624 2314; x_wconf 90' lang='lat' dir='ltr'><strong>hic</strong></span> <span class='ocrx_word' id='word_1_152' title='bbox 1654 2274 1780 2314; x_wconf 87' lang='lat' dir='ltr'><strong>vero</strong></span> <span class='ocrx_word' id='word_1_153' title='bbox 1812 2259 1928 2313; x_wconf 90' lang='lat' dir='ltr'><strong>fuse</strong></span> <span class='ocrx_word' id='word_1_154' title='bbox 1950 2261 2131 2314; x_wconf 88' lang='lat' dir='ltr'><strong>admo-</strong></span> 
     </span>
    </p>
   </div>
   <div class='ocr_carea' id='block_1_23' title="bbox 553 2351 2130 2422">
    <p class='ocr_par' dir='ltr' id='par_1_23' title="bbox 553 2351 2130 2422">
     <span class='ocr_line' id='line_1_23' title="bbox 553 2351 2130 2422; baseline 0.001 -18"><span class='ocrx_word' id='word_1_155' title='bbox 553 2351 680 2406; x_wconf 88' lang='lat' dir='ltr'><strong>dum</strong></span> <span class='ocrx_word' id='word_1_156' title='bbox 721 2363 1093 2416; x_wconf 84' lang='lat' dir='ltr'><strong>recensentur,</strong></span> <span class='ocrx_word' id='word_1_157' title='bbox 1125 2367 1247 2405; x_wconf 90' lang='lat' dir='ltr'><strong>nam</strong></span> <span class='ocrx_word' id='word_1_158' title='bbox 1276 2353 1365 2406; x_wconf 87' lang='lat' dir='ltr'><strong>vix</strong></span> <span class='ocrx_word' id='word_1_159' title='bbox 1398 2352 1659 2407; x_wconf 90' lang='lat' dir='ltr'><strong>tredecim</strong></span> <span class='ocrx_word' id='word_1_160' title='bbox 1693 2352 2130 2422; x_wconf 88' lang='lat' dir='ltr'><strong>quatuordecim-</strong></span> 
     </span>
    </p>
   </div>
   <div class='ocr_carea' id='block_1_24' title="bbox 551 2444 1603 2517">
    <p class='ocr_par' dir='ltr' id='par_1_24' title="bbox 551 2444 1603 2517">
     <span class='ocr_line' id='line_1_24' title="bbox 551 2444 1603 2517; baseline -0.006 -18"><span class='ocrx_word' id='word_1_161' title='bbox 551 2458 618 2500; x_wconf 85' lang='lat' dir='ltr'><strong>ve</strong></span> <span class='ocrx_word' id='word_1_162' title='bbox 642 2446 854 2517; x_wconf 80' lang='lat' dir='ltr'><strong>paginis</strong></span> <span class='ocrx_word' id='word_1_163' title='bbox 885 2444 1107 2515; x_wconf 86' lang='lat' dir='ltr'><strong>epistola</strong></span> <span class='ocrx_word' id='word_1_164' title='bbox 1140 2444 1226 2499; x_wconf 79' lang='lat' dir='ltr'><strong>illa</strong></span> <span class='ocrx_word' id='word_1_165' title='bbox 1253 2444 1603 2514; x_wconf 90' lang='lat' dir='ltr'><strong>persolvitur.</strong></span> 
     </span>
    </p>
   </div>
   <div class='ocr_carea' id='block_1_25' title="bbox 1001 2554 1666 2611">
    <p class='ocr_par' dir='ltr' id='par_1_25' title="bbox 1001 2554 1666 2611">
     <span class='ocr_line' id='line_1_25' title="bbox 1001 2554 1666 2611; baseline -0.003 -2"><span class='ocrx_word' id='word_1_166' title='bbox 1001 2554 1521 2611; x_wconf 68' lang='lat' dir='ltr'><strong>ANIMADVERSIO</strong></span> <span class='ocrx_word' id='word_1_167' title='bbox 1557 2554 1666 2611; x_wconf 76' lang='lat' dir='ltr'><strong>VII.</strong></span> 
     </span>
    </p>
   </div>
   <div class='ocr_carea' id='block_1_26' title="bbox 625 2646 2062 2718">
    <p class='ocr_par' dir='ltr' id='par_1_26' title="bbox 625 2646 2062 2718">
     <span class='ocr_line' id='line_1_26' title="bbox 625 2646 2062 2718; baseline 0 -17"><span class='ocrx_word' id='word_1_168' title='bbox 625 2648 743 2714; x_wconf 82' lang='lat' dir='ltr'><strong>Quo</strong></span> <span class='ocrx_word' id='word_1_169' title='bbox 772 2657 999 2718; x_wconf 85' lang='lat' dir='ltr'><strong>tempore</strong></span> <span class='ocrx_word' id='word_1_170' title='bbox 1023 2650 1343 2718; x_wconf 70' lang='lat' dir='ltr'><strong>Athanasius</strong></span> <span class='ocrx_word' id='word_1_171' title='bbox 1377 2649 1433 2702; x_wconf 87' lang='lat' dir='ltr'><strong>in</strong></span> <span class='ocrx_word' id='word_1_172' title='bbox 1461 2648 1775 2701; x_wconf 81' lang='lat' dir='ltr'><strong>Thebaidem</strong></span> <span class='ocrx_word' id='word_1_173' title='bbox 1800 2646 2062 2717; x_wconf 77' lang='lat' dir='ltr'><strong>profectus</strong></span> 
     </span>
    </p>
   </div>
   <div class='ocr_carea' id='block_1_27' title="bbox 1060 2717 1627 2773">
    <p class='ocr_par' dir='ltr' id='par_1_27' title="bbox 1060 2717 1627 2773">
     <span class='ocr_line' id='line_1_27' title="bbox 1060 2717 1627 2773; baseline 0.002 -3"><span class='ocrx_word' id='word_1_174' title='bbox 1060 2717 1405 2772; x_wconf 85' lang='lat' dir='ltr'><strong>Pachomium</strong></span> <span class='ocrx_word' id='word_1_175' title='bbox 1433 2720 1627 2773; x_wconf 65' lang='lat' dir='ltr'><strong>vixerit.</strong></span> 
     </span>
    </p>
   </div>
   <div class='ocr_carea' id='block_1_28' title="bbox 621 2807 2135 2881">
    <p class='ocr_par' dir='ltr' id='par_1_28' title="bbox 621 2807 2135 2881">
     <span class='ocr_line' id='line_1_28' title="bbox 621 2807 2135 2881; baseline 0 -19"><span class='ocrx_word' id='word_1_176' title='bbox 621 2807 826 2863; x_wconf 82' lang='lat' dir='ltr'><strong>Auctor</strong></span> <span class='ocrx_word' id='word_1_177' title='bbox 871 2807 1007 2863; x_wconf 67' lang='lat' dir='ltr'><strong>Vita:</strong></span> <span class='ocrx_word' id='word_1_178' title='bbox 1038 2808 1096 2864; x_wconf 91' lang='lat' dir='ltr'><strong>S.</strong></span> <span class='ocrx_word' id='word_1_179' title='bbox 1125 2808 1404 2864; x_wconf 85' lang='lat' dir='ltr'><strong>Pachomii</strong></span> <span class='ocrx_word' id='word_1_180' title='bbox 1442 2809 1541 2881; x_wconf 88' lang='lat' dir='ltr'><strong>(b).</strong></span> <span class='ocrx_word' id='word_1_181' title='bbox 1578 2809 1669 2878; x_wconf 91' lang='lat' dir='ltr'><strong>qui</strong></span> <span class='ocrx_word' id='word_1_182' title='bbox 1695 2818 1890 2879; x_wconf 91' lang='lat' dir='ltr'><strong>quarto</strong></span> <span class='ocrx_word' id='word_1_183' title='bbox 1940 2807 2135 2863; x_wconf 73' lang='lat' dir='ltr'><strong>szeculo</strong></span> 
     </span>
    </p>
   </div>
   <div class='ocr_carea' id='block_1_29' title="bbox 555 2900 2135 2971">
    <p class='ocr_par' dir='ltr' id='par_1_29' title="bbox 555 2900 2135 2971">
     <span class='ocr_line' id='line_1_29' title="bbox 555 2900 2135 2971; baseline 0 -16"><span class='ocrx_word' id='word_1_184' title='bbox 555 2900 799 2969; x_wconf 88' lang='lat' dir='ltr'><strong>scripsit,</strong></span> <span class='ocrx_word' id='word_1_185' title='bbox 831 2912 1021 2956; x_wconf 88' lang='lat' dir='ltr'><strong>narrat</strong></span> <span class='ocrx_word' id='word_1_186' title='bbox 1064 2902 1421 2957; x_wconf 82' lang='lat' dir='ltr'><strong>Athanasium</strong></span> <span class='ocrx_word' id='word_1_187' title='bbox 1462 2904 1615 2956; x_wconf 91' lang='lat' dir='ltr'><strong>initio</strong></span> <span class='ocrx_word' id='word_1_188' title='bbox 1660 2904 2008 2971; x_wconf 78' lang='lat' dir='ltr'><strong>episcopatus</strong></span> <span class='ocrx_word' id='word_1_189' title='bbox 2050 2901 2135 2956; x_wconf 89' lang='lat' dir='ltr'><strong>sui</strong></span> 
     </span>
    </p>
   </div>
   <div class='ocr_carea' id='block_1_30' title="bbox 556 2994 2137 3051">
    <p class='ocr_par' dir='ltr' id='par_1_30' title="bbox 556 2994 2137 3051">
     <span class='ocr_line' id='line_1_30' title="bbox 556 2994 2137 3051; baseline -0.001 -3"><span class='ocrx_word' id='word_1_190' title='bbox 556 2994 850 3049; x_wconf 86' lang='lat' dir='ltr'><strong>Thebaidis</strong></span> <span class='ocrx_word' id='word_1_191' title='bbox 894 2994 1165 3051; x_wconf 87' lang='lat' dir='ltr'><strong>Ecclesias</strong></span> <span class='ocrx_word' id='word_1_192' title='bbox 1200 2995 1607 3051; x_wconf 80' lang='lat' dir='ltr'><strong>Meletianorum</strong></span> <span class='ocrx_word' id='word_1_193' title='bbox 1653 2995 1875 3050; x_wconf 88' lang='lat' dir='ltr'><strong>dissidio</strong></span> <span class='ocrx_word' id='word_1_194' title='bbox 1908 2994 2137 3048; x_wconf 87' lang='lat' dir='ltr'><strong>Ariano-</strong></span> 
     </span>
    </p>
   </div>
   <div class='ocr_carea' id='block_1_31' title="bbox 554 3086 2131 3158">
    <p class='ocr_par' dir='ltr' id='par_1_31' title="bbox 554 3086 2131 3158">
     <span class='ocr_line' id='line_1_31' title="bbox 554 3086 2131 3158; baseline 0 -19"><span class='ocrx_word' id='word_1_195' title='bbox 554 3101 783 3155; x_wconf 86' lang='lat' dir='ltr'><strong>rumque</strong></span> <span class='ocrx_word' id='word_1_196' title='bbox 841 3088 1078 3143; x_wconf 88' lang='lat' dir='ltr'><strong>motibus</strong></span> <span class='ocrx_word' id='word_1_197' title='bbox 1140 3087 1503 3157; x_wconf 82' lang='lat' dir='ltr'><strong>deﬂagrantes</strong></span> <span class='ocrx_word' id='word_1_198' title='bbox 1558 3086 1923 3158; x_wconf 88' lang='lat' dir='ltr'><strong>perlustrasse</strong></span> <span class='ocrx_word' id='word_1_199' title='bbox 1955 3124 1971 3151; x_wconf 93' lang='lat'><strong>,</strong></span> <span class='ocrx_word' id='word_1_200' title='bbox 2023 3099 2131 3153; x_wconf 87' lang='lat' dir='ltr'><strong>quo</strong></span> 
     </span>
    </p>
   </div>
   <div class='ocr_carea' id='block_1_32' title="bbox 556 3177 2137 3248">
    <p class='ocr_par' dir='ltr' id='par_1_32' title="bbox 556 3177 2137 3248">
     <span class='ocr_line' id='line_1_32' title="bbox 556 3177 2137 3248; baseline -0.001 -18"><span class='ocrx_word' id='word_1_201' title='bbox 556 3177 879 3234; x_wconf 78' lang='lat' dir='ltr'><strong>vacillantes</strong></span> <span class='ocrx_word' id='word_1_202' title='bbox 905 3179 1221 3248; x_wconf 87' lang='lat' dir='ltr'><strong>debilesque</strong></span> <span class='ocrx_word' id='word_1_203' title='bbox 1244 3180 1456 3234; x_wconf 87' lang='lat' dir='ltr'><strong>animos</strong></span> <span class='ocrx_word' id='word_1_204' title='bbox 1490 3186 1761 3233; x_wconf 88' lang='lat' dir='ltr'><strong>recrearet</strong></span> <span class='ocrx_word' id='word_1_205' title='bbox 1792 3186 1848 3232; x_wconf 91' lang='lat' dir='ltr'><strong>et</strong></span> <span class='ocrx_word' id='word_1_206' title='bbox 1891 3177 2137 3230; x_wconf 84' lang='lat' dir='ltr'><strong>firmaret</strong></span> 
     </span>
    </p>
   </div>
   <div class='ocr_carea' id='block_1_33' title="bbox 558 3268 2135 3340">
    <p class='ocr_par' dir='ltr' id='par_1_33' title="bbox 558 3268 2135 3340">
     <span class='ocr_line' id='line_1_33' title="bbox 558 3268 2135 3340; baseline -0.002 -18"><span class='ocrx_word' id='word_1_207' title='bbox 558 3269 612 3322; x_wconf 86' lang='lat' dir='ltr'><strong>in</strong></span> <span class='ocrx_word' id='word_1_208' title='bbox 655 3284 781 3324; x_wconf 84' lang='lat' dir='ltr'><strong>vera</strong></span> <span class='ocrx_word' id='word_1_209' title='bbox 844 3270 972 3323; x_wconf 83' lang='lat' dir='ltr'><strong>fide.</strong></span> <span class='ocrx_word' id='word_1_210' title='bbox 1007 3270 1067 3321; x_wconf 84' lang='grc' dir='ltr'><strong>Ὀ</strong></span> <span class='ocrx_word' id='word_1_211' title='bbox 1109 3270 1167 3321; x_wconf 77' lang='grc' dir='ltr'>δὲ</span> <span class='ocrx_word' id='word_1_212' title='bbox 1214 3268 1518 3337; x_wconf 84' lang='grc' dir='ltr'>ἁγιώτατος</span> <span class='ocrx_word' id='word_1_213' title='bbox 1557 3268 1986 3340; x_wconf 80' lang='grc' dir='ltr'>ἀρχιεπίσκοπος</span> <span class='ocrx_word' id='word_1_214' title='bbox 2038 3269 2135 3337; x_wconf 80' lang='grc' dir='ltr'><strong>τῆς</strong></span> 
     </span>
    </p>
   </div>
   <div class='ocr_carea' id='block_1_34' title="bbox 569 3357 2140 3432">
    <p class='ocr_par' dir='ltr' id='par_1_34' title="bbox 569 3357 2140 3432">
     <span class='ocr_line' id='line_1_34' title="bbox 569 3357 2140 3432; baseline -0.003 -20"><span class='ocrx_word' id='word_1_215' title='bbox 569 3360 969 3431; x_wconf 77' lang='grc' dir='ltr'><strong>Ἀλεξανδρείας</strong></span> <span class='ocrx_word' id='word_1_216' title='bbox 996 3357 1063 3432; x_wconf 84' lang='grc' dir='ltr'>ἦν</span> <span class='ocrx_word' id='word_1_217' title='bbox 1096 3361 1235 3414; x_wconf 83' lang='grc' dir='ltr'>κατὰ</span> <span class='ocrx_word' id='word_1_218' title='bbox 1261 3361 1350 3413; x_wconf 79' lang='grc' dir='ltr'><strong>τὸν</strong></span> <span class='ocrx_word' id='word_1_219' title='bbox 1375 3358 1562 3430; x_wconf 71' lang='grc' dir='ltr'>καιρὸν</span> <span class='ocrx_word' id='word_1_220' title='bbox 1589 3359 1889 3430; x_wconf 82' lang='grc' dir='ltr'>ἀρχόμενος</span> <span class='ocrx_word' id='word_1_221' title='bbox 1911 3359 2008 3427; x_wconf 81' lang='grc' dir='ltr'><strong>τῆς</strong></span> <span class='ocrx_word' id='word_1_222' title='bbox 2027 3358 2140 3408; x_wconf 78' lang='grc' dir='ltr'><strong>ἐπι-</strong></span> 
     </span>
    </p>
   </div>
   <div class='ocr_carea' id='block_1_35' title="bbox 558 3451 2140 3522">
    <p class='ocr_par' dir='ltr' id='par_1_35' title="bbox 558 3451 2140 3522">
     <span class='ocr_line' id='line_1_35' title="bbox 558 3451 2140 3522; baseline -0.001 -18"><span class='ocrx_word' id='word_1_223' title='bbox 558 3452 788 3522; x_wconf 64' lang='grc' dir='ltr'>σκοπῆς*</span> <span class='ocrx_word' id='word_1_224' title='bbox 828 3453 878 3506; x_wconf 89' lang='lat' dir='ltr'><strong>id</strong></span> <span class='ocrx_word' id='word_1_225' title='bbox 902 3461 1004 3519; x_wconf 85' lang='lat' dir='ltr'><strong>est,</strong></span> <span class='ocrx_word' id='word_1_226' title='bbox 1048 3451 1422 3506; x_wconf 75' lang='lat' dir='ltr'><strong>Sanctissimus</strong></span> <span class='ocrx_word' id='word_1_227' title='bbox 1457 3453 1878 3521; x_wconf 80' lang='lat' dir='ltr'><strong>archiepiscopus</strong></span> <span class='ocrx_word' id='word_1_228' title='bbox 1909 3451 2140 3504; x_wconf 77' lang='lat' dir='ltr'><strong>Alexan-</strong></span> 
     </span>
    </p>
   </div>
   <div class='ocr_carea' id='block_1_36' title="bbox 558 3543 2139 3615">
    <p class='ocr_par' dir='ltr' id='par_1_36' title="bbox 558 3543 2139 3615">
     <span class='ocr_line' id='line_1_36' title="bbox 558 3543 2139 3615; baseline 0.003 -20"><span class='ocrx_word' id='word_1_229' title='bbox 558 3545 743 3596; x_wconf 76' lang='lat' dir='ltr'><strong>drinus</strong></span> <span class='ocrx_word' id='word_1_230' title='bbox 776 3554 899 3597; x_wconf 86' lang='lat' dir='ltr'><strong>tunc</strong></span> <span class='ocrx_word' id='word_1_231' title='bbox 949 3546 1196 3613; x_wconf 79' lang='lat' dir='ltr'><strong>temporis</strong></span> <span class='ocrx_word' id='word_1_232' title='bbox 1242 3546 1605 3615; x_wconf 73' lang='lat' dir='ltr'><strong>episcopatum</strong></span> <span class='ocrx_word' id='word_1_233' title='bbox 1635 3546 1823 3599; x_wconf 85' lang='lat' dir='ltr'><strong>inibat.</strong></span> <span class='ocrx_word' id='word_1_234' title='bbox 1860 3543 1996 3599; x_wconf 89' lang='lat' dir='ltr'><strong>Hinc</strong></span> <span class='ocrx_word' id='word_1_235' title='bbox 2040 3559 2139 3600; x_wconf 88' lang='lat' dir='ltr'><strong>nos</strong></span> 
     </span>
    </p>
   </div>
   <div class='ocr_carea' id='block_1_37' title="bbox 559 3636 2138 3709">
    <p class='ocr_par' dir='ltr' id='par_1_37' title="bbox 559 3636 2138 3709">
     <span class='ocr_line' id='line_1_37' title="bbox 559 3636 2138 3709; baseline 0.002 -19"><span class='ocrx_word' id='word_1_236' title='bbox 559 3636 614 3690; x_wconf 91' lang='lat' dir='ltr'><strong>in</strong></span> <span class='ocrx_word' id='word_1_237' title='bbox 649 3650 851 3690; x_wconf 87' lang='lat' dir='ltr'><strong>annum</strong></span> <span class='ocrx_word' id='word_1_238' title='bbox 885 3636 1102 3691; x_wconf 85' lang='lat' dir='ltr'><strong>circiter</strong></span> <span class='ocrx_word' id='word_1_239' title='bbox 1145 3638 1246 3691; x_wconf 74' lang='lat'><strong>527</strong></span> <span class='ocrx_word' id='word_1_240' title='bbox 1309 3639 1454 3693; x_wconf 89' lang='lat' dir='ltr'><strong>hunc</strong></span> <span class='ocrx_word' id='word_1_241' title='bbox 1506 3637 1805 3705; x_wconf 89' lang='lat' dir='ltr'><strong>profectum</strong></span> <span class='ocrx_word' id='word_1_242' title='bbox 1853 3642 2138 3709; x_wconf 80' lang='lat' dir='ltr'><strong>consigna-</strong></span> 
     </span>
    </p>
   </div>
   <div class='ocr_carea' id='block_1_38' title="bbox 562 3730 2137 3800">
    <p class='ocr_par' dir='ltr' id='par_1_38' title="bbox 562 3730 2137 3800">
     <span class='ocr_line' id='line_1_38' title="bbox 562 3730 2137 3800; baseline 0.001 -15"><span class='ocrx_word' id='word_1_243' title='bbox 562 3746 703 3786; x_wconf 89' lang='lat' dir='ltr'><strong>mus.</strong></span> <span class='ocrx_word' id='word_1_244' title='bbox 746 3730 1013 3785; x_wconf 82' lang='lat' dir='ltr'><strong>Nimirum</strong></span> <span class='ocrx_word' id='word_1_245' title='bbox 1065 3731 1395 3787; x_wconf 78' lang='lat' dir='ltr'><strong>Athanasius</strong></span> <span class='ocrx_word' id='word_1_246' title='bbox 1442 3742 1733 3800; x_wconf 85' lang='lat' dir='ltr'><strong>vertente,</strong></span> <span class='ocrx_word' id='word_1_247' title='bbox 1781 3743 1838 3787; x_wconf 91' lang='lat' dir='ltr'><strong>ut</strong></span> <span class='ocrx_word' id='word_1_248' title='bbox 1878 3735 2137 3790; x_wconf 61' lang='lat' dir='ltr'><strong>diximus.</strong></span> 
     </span>
    </p>
   </div>
   <div class='ocr_carea' id='block_1_39' title="bbox 561 3821 2137 3897">
    <p class='ocr_par' dir='ltr' id='par_1_39' title="bbox 561 3821 2137 3897">
     <span class='ocr_line' id='line_1_39' title="bbox 561 3821 2137 3897; baseline 0.001 -21"><span class='ocrx_word' id='word_1_249' title='bbox 561 3836 706 3876; x_wconf 87' lang='lat' dir='ltr'><strong>anno</strong></span> <span class='ocrx_word' id='word_1_250' title='bbox 732 3821 857 3886; x_wconf 75' lang='lat'><strong>326,</strong></span> <span class='ocrx_word' id='word_1_251' title='bbox 890 3822 942 3875; x_wconf 91' lang='lat' dir='ltr'><strong>in</strong></span> <span class='ocrx_word' id='word_1_252' title='bbox 974 3822 1289 3891; x_wconf 88' lang='lat' dir='ltr'><strong>episcopum</strong></span> <span class='ocrx_word' id='word_1_253' title='bbox 1326 3823 1755 3879; x_wconf 73' lang='lat' dir='ltr'><strong>Alexandrinum</strong></span> <span class='ocrx_word' id='word_1_254' title='bbox 1788 3826 2013 3881; x_wconf 89' lang='lat' dir='ltr'><strong>allectus</strong></span> <span class='ocrx_word' id='word_1_255' title='bbox 2036 3826 2137 3897; x_wconf 90' lang='lat' dir='ltr'><strong>(c),</strong></span> 
     </span>
    </p>
   </div>
   <div class='ocr_carea' id='block_1_40' title="bbox 560 3913 2140 3985">
    <p class='ocr_par' dir='ltr' id='par_1_40' title="bbox 560 3913 2140 3985">
     <span class='ocr_line' id='line_1_40' title="bbox 560 3913 2140 3985; baseline 0.002 -17"><span class='ocrx_word' id='word_1_256' title='bbox 560 3922 824 3980; x_wconf 88' lang='lat' dir='ltr'><strong>sequente</strong></span> <span class='ocrx_word' id='word_1_257' title='bbox 847 3913 950 3965; x_wconf 91' lang='lat' dir='ltr'><strong>hoc</strong></span> <span class='ocrx_word' id='word_1_258' title='bbox 985 3913 1085 3966; x_wconf 85' lang='lat' dir='ltr'><strong>iter</strong></span> <span class='ocrx_word' id='word_1_259' title='bbox 1113 3913 1427 3969; x_wconf 86' lang='lat' dir='ltr'><strong>instituerit.</strong></span> <span class='ocrx_word' id='word_1_260' title='bbox 1464 3916 1518 3969; x_wconf 89' lang='lat' dir='ltr'><strong>ld</strong></span> <span class='ocrx_word' id='word_1_261' title='bbox 1553 3924 1730 3969; x_wconf 90' lang='lat' dir='ltr'><strong>tamen</strong></span> <span class='ocrx_word' id='word_1_262' title='bbox 1768 3918 2019 3985; x_wconf 91' lang='lat' dir='ltr'><strong>scriptori</strong></span> <span class='ocrx_word' id='word_1_263' title='bbox 2045 3934 2140 3971; x_wconf 83' lang='lat' dir='ltr'><strong>no-</strong></span> 
     </span>
    </p>
   </div>
   <div class='ocr_carea' id='block_1_41' title="bbox 561 4002 2142 4073">
    <p class='ocr_par' dir='ltr' id='par_1_41' title="bbox 561 4002 2142 4073">
     <span class='ocr_line' id='line_1_41' title="bbox 561 4002 2142 4073; baseline 0.005 -16"><span class='ocrx_word' id='word_1_264' title='bbox 561 4013 677 4058; x_wconf 91' lang='lat' dir='ltr'><strong>stro</strong></span> <span class='ocrx_word' id='word_1_265' title='bbox 724 4017 827 4056; x_wconf 92' lang='lat' dir='ltr'><strong>non</strong></span> <span class='ocrx_word' id='word_1_266' title='bbox 856 4002 1053 4071; x_wconf 87' lang='lat' dir='ltr'><strong>placet,</strong></span> <span class='ocrx_word' id='word_1_267' title='bbox 1078 4005 1169 4073; x_wconf 88' lang='lat' dir='ltr'><strong>qui</strong></span> <span class='ocrx_word' id='word_1_268' title='bbox 1200 4004 1252 4058; x_wconf 91' lang='lat' dir='ltr'><strong>iu</strong></span> <span class='ocrx_word' id='word_1_269' title='bbox 1285 4020 1487 4059; x_wconf 88' lang='lat' dir='ltr'><strong>annum</strong></span> <span class='ocrx_word' id='word_1_270' title='bbox 1519 4007 1623 4061; x_wconf 89' lang='grc'><strong>555</strong></span> <span class='ocrx_word' id='word_1_271' title='bbox 1647 4008 1979 4063; x_wconf 74' lang='lat' dir='ltr'><strong>Thebaicum</strong></span> <span class='ocrx_word' id='word_1_272' title='bbox 2036 4011 2142 4065; x_wconf 86' lang='lat' dir='ltr'><strong>iter</strong></span> 
     </span>
    </p>
   </div>
   <div class='ocr_carea' id='block_1_42' title="bbox 562 4094 2141 4170">
    <p class='ocr_par' dir='ltr' id='par_1_42' title="bbox 562 4094 2141 4170">
     <span class='ocr_line' id='line_1_42' title="bbox 562 4094 2141 4170; baseline 0.006 -23"><span class='ocrx_word' id='word_1_273' title='bbox 562 4094 949 4148; x_wconf 88' lang='lat' dir='ltr'><strong>conferendum</strong></span> <span class='ocrx_word' id='word_1_274' title='bbox 983 4095 1236 4151; x_wconf 68' lang='lat' dir='ltr'><strong>aestimat.</strong></span> <span class='ocrx_word' id='word_1_275' title='bbox 1261 4094 1328 4149; x_wconf 84' lang='lat' dir='ltr'><strong>Et</strong></span> <span class='ocrx_word' id='word_1_276' title='bbox 1355 4098 1480 4166; x_wconf 89' lang='lat' dir='ltr'><strong>quia</strong></span> <span class='ocrx_word' id='word_1_277' title='bbox 1512 4114 1633 4153; x_wconf 92' lang='lat' dir='ltr'><strong>cum</strong></span> <span class='ocrx_word' id='word_1_278' title='bbox 1665 4101 1875 4154; x_wconf 90' lang='lat' dir='ltr'><strong>ratione</strong></span> <span class='ocrx_word' id='word_1_279' title='bbox 1899 4117 2141 4170; x_wconf 83' lang='lat' dir='ltr'><strong>pugnare</strong></span> 
     </span>
    </p>
   </div>
   <div class='ocr_carea' id='block_1_43' title="bbox 562 4184 2127 4261">
    <p class='ocr_par' dir='ltr' id='par_1_43' title="bbox 562 4184 2127 4261">
     <span class='ocr_line' id='line_1_43' title="bbox 562 4184 2127 4261; baseline 0.005 -24"><span class='ocrx_word' id='word_1_280' title='bbox 562 4184 780 4238; x_wconf 85' lang='lat' dir='ltr'><strong>videtur</strong></span> <span class='ocrx_word' id='word_1_281' title='bbox 804 4193 861 4237; x_wconf 93' lang='lat' dir='ltr'><strong>ut</strong></span> <span class='ocrx_word' id='word_1_282' title='bbox 884 4185 951 4249; x_wconf 91' lang='lat' dir='ltr'><strong>is,</strong></span> <span class='ocrx_word' id='word_1_283' title='bbox 975 4186 1063 4253; x_wconf 87' lang='lat' dir='ltr'><strong>qui</strong></span> <span class='ocrx_word' id='word_1_284' title='bbox 1089 4202 1228 4241; x_wconf 90' lang='lat' dir='ltr'><strong>anno</strong></span> <span class='ocrx_word' id='word_1_285' title='bbox 1258 4188 1361 4242; x_wconf 70' lang='lat'><strong>326</strong></span> <span class='ocrx_word' id='word_1_286' title='bbox 1392 4190 1677 4259; x_wconf 82' lang='lat' dir='ltr'><strong>episcopus</strong></span> <span class='ocrx_word' id='word_1_287' title='bbox 1724 4204 1848 4245; x_wconf 87' lang='lat' dir='ltr'><strong>esse</strong></span> <span class='ocrx_word' id='word_1_288' title='bbox 1879 4193 2127 4261; x_wconf 83' lang='lat' dir='ltr'><strong>coeperit,</strong></span> 
     </span>
    </p>
   </div>
   <div class='ocr_carea' id='block_1_44' title="bbox 564 4276 2139 4354">
    <p class='ocr_par' dir='ltr' id='par_1_44' title="bbox 564 4276 2139 4354">
     <span class='ocr_line' id='line_1_44' title="bbox 564 4276 2139 4354; baseline 0.005 -26"><span class='ocrx_word' id='word_1_289' title='bbox 564 4289 710 4329; x_wconf 91' lang='lat' dir='ltr'><strong>anno</strong></span> <span class='ocrx_word' id='word_1_290' title='bbox 735 4276 838 4331; x_wconf 85' lang='grc'><strong>555</strong></span> <span class='ocrx_word' id='word_1_291' title='bbox 883 4278 1253 4346; x_wconf 85' lang='lat' dir='ltr'><strong>episcopatum</strong></span> <span class='ocrx_word' id='word_1_292' title='bbox 1289 4281 1427 4336; x_wconf 91' lang='lat' dir='ltr'><strong>inire</strong></span> <span class='ocrx_word' id='word_1_293' title='bbox 1459 4282 1692 4349; x_wconf 89' lang='lat' dir='ltr'><strong>dicatur,</strong></span> <span class='ocrx_word' id='word_1_294' title='bbox 1719 4298 1820 4337; x_wconf 88' lang='lat' dir='ltr'><strong>nec</strong></span> <span class='ocrx_word' id='word_1_295' title='bbox 1858 4283 1963 4336; x_wconf 91' lang='lat' dir='ltr'><strong>nisi</strong></span> <span class='ocrx_word' id='word_1_296' title='bbox 1994 4284 2139 4354; x_wconf 85' lang='grc' dir='ltr'><strong>ἀμη-</strong></span> 
     </span>
    </p>
   </div>
   <div class='ocr_carea' id='block_1_45' title="bbox 564 4367 2142 4443">
    <p class='ocr_par' dir='ltr' id='par_1_45' title="bbox 564 4367 2142 4443">
     <span class='ocr_line' id='line_1_45' title="bbox 564 4367 2142 4443; baseline 0.006 -22"><span class='ocrx_word' id='word_1_297' title='bbox 564 4367 754 4439; x_wconf 85' lang='grc' dir='ltr'>χανίας</span> <span class='ocrx_word' id='word_1_298' title='bbox 778 4383 906 4439; x_wconf 81' lang='lat' dir='ltr'><strong>ergo</strong></span> <span class='ocrx_word' id='word_1_299' title='bbox 934 4380 1113 4438; x_wconf 89' lang='lat' dir='ltr'><strong>potest</strong></span> <span class='ocrx_word' id='word_1_300' title='bbox 1137 4372 1259 4426; x_wconf 88' lang='lat' dir='ltr'><strong>talis</strong></span> <span class='ocrx_word' id='word_1_301' title='bbox 1288 4372 1600 4441; x_wconf 87' lang='lat' dir='ltr'><strong>conjectura</strong></span> <span class='ocrx_word' id='word_1_302' title='bbox 1625 4375 1881 4443; x_wconf 83' lang='lat' dir='ltr'><strong>proferri,</strong></span> <span class='ocrx_word' id='word_1_303' title='bbox 1919 4376 2142 4431; x_wconf 85' lang='lat' dir='ltr'><strong>validis-</strong></span> 
     </span>
    </p>
   </div>
   <div class='ocr_carea' id='block_1_46' title="bbox 564 4461 2140 4535">
    <p class='ocr_par' dir='ltr' id='par_1_46' title="bbox 564 4461 2140 4535">
     <span class='ocr_line' id='line_1_46' title="bbox 564 4461 2140 4535; baseline 0.004 -21"><span class='ocrx_word' id='word_1_304' title='bbox 564 4461 722 4525; x_wconf 87' lang='lat' dir='ltr'><strong>sima,</strong></span> <span class='ocrx_word' id='word_1_305' title='bbox 749 4469 805 4514; x_wconf 88' lang='lat' dir='ltr'><strong>ut</strong></span> <span class='ocrx_word' id='word_1_306' title='bbox 835 4471 987 4531; x_wconf 89' lang='lat' dir='ltr'><strong>putat</strong></span> <span class='ocrx_word' id='word_1_307' title='bbox 1027 4462 1138 4527; x_wconf 90' lang='lat' dir='ltr'><strong>ille,</strong></span> <span class='ocrx_word' id='word_1_308' title='bbox 1169 4472 1486 4529; x_wconf 78' lang='lat' dir='ltr'><strong>argumenta</strong></span> <span class='ocrx_word' id='word_1_309' title='bbox 1524 4464 1812 4519; x_wconf 87' lang='lat' dir='ltr'><strong>adversum</strong></span> <span class='ocrx_word' id='word_1_310' title='bbox 1845 4476 1991 4520; x_wconf 89' lang='lat' dir='ltr'><strong>stare</strong></span> <span class='ocrx_word' id='word_1_311' title='bbox 2041 4482 2140 4535; x_wconf 90' lang='lat' dir='ltr'><strong>pu-</strong></span> 
     </span>
    </p>
   </div>
   <div class='ocr_carea' id='block_1_47' title="bbox 2217 604 3783 675">
    <p class='ocr_par' dir='ltr' id='par_1_47' title="bbox 2217 604 3783 675">
     <span class='ocr_line' id='line_1_47' title="bbox 2217 604 3783 675; baseline -0.006 -11"><span class='ocrx_word' id='word_1_312' title='bbox 2217 610 2579 665; x_wconf 90' lang='lat' dir='ltr'><strong>testimonium</strong></span> <span class='ocrx_word' id='word_1_313' title='bbox 2611 609 2677 662; x_wconf 90' lang='lat' dir='ltr'><strong>ad</strong></span> <span class='ocrx_word' id='word_1_314' title='bbox 2707 621 2818 661; x_wconf 91' lang='lat' dir='ltr'><strong>rem</strong></span> <span class='ocrx_word' id='word_1_315' title='bbox 2842 605 3081 675; x_wconf 91' lang='lat' dir='ltr'><strong>alioquin</strong></span> <span class='ocrx_word' id='word_1_316' title='bbox 3113 604 3600 674; x_wconf 85' lang='lat' dir='ltr'><strong>probabilissimam</strong></span> <span class='ocrx_word' id='word_1_317' title='bbox 3633 616 3783 655; x_wconf 84' lang='lat' dir='ltr'><strong>asse-</strong></span> 
     </span>
    </p>
   </div>
   <div class='ocr_carea' id='block_1_48' title="bbox 2215 692 3782 769">
    <p class='ocr_par' dir='ltr' id='par_1_48' title="bbox 2215 692 3782 769">
     <span class='ocr_line' id='line_1_48' title="bbox 2215 692 3782 769; baseline -0.008 -13"><span class='ocrx_word' id='word_1_318' title='bbox 2215 704 2435 756; x_wconf 88' lang='lat' dir='ltr'><strong>rendam</strong></span> <span class='ocrx_word' id='word_1_319' title='bbox 2465 701 2953 769; x_wconf 76' lang='lat' dir='ltr'><strong>satiszconspecto</strong></span> <span class='ocrx_word' id='word_1_320' title='bbox 3001 712 3231 766; x_wconf 89' lang='lat' dir='ltr'><strong>namque</strong></span> <span class='ocrx_word' id='word_1_321' title='bbox 3277 695 3591 750; x_wconf 89' lang='lat' dir='ltr'><strong>turbulento</strong></span> <span class='ocrx_word' id='word_1_322' title='bbox 3627 692 3782 745; x_wconf 86' lang='lat' dir='ltr'><strong>Aria-</strong></span> 
     </span>
    </p>
   </div>
   <div class='ocr_carea' id='block_1_49' title="bbox 2215 782 3783 858">
    <p class='ocr_par' dir='ltr' id='par_1_49' title="bbox 2215 782 3783 858">
     <span class='ocr_line' id='line_1_49' title="bbox 2215 782 3783 858; baseline -0.006 -11"><span class='ocrx_word' id='word_1_323' title='bbox 2215 808 2407 858; x_wconf 81' lang='lat' dir='ltr'><strong>norum</strong></span> <span class='ocrx_word' id='word_1_324' title='bbox 2425 791 2935 858; x_wconf 84' lang='lat' dir='ltr'><strong>Meletianorumque</strong></span> <span class='ocrx_word' id='word_1_325' title='bbox 2968 790 3169 853; x_wconf 88' lang='lat' dir='ltr'><strong>animo,</strong></span> <span class='ocrx_word' id='word_1_326' title='bbox 3197 787 3278 842; x_wconf 89' lang='lat' dir='ltr'><strong>vel</strong></span> <span class='ocrx_word' id='word_1_327' title='bbox 3315 786 3623 841; x_wconf 89' lang='lat' dir='ltr'><strong>tacentibus</strong></span> <span class='ocrx_word' id='word_1_328' title='bbox 3645 782 3783 839; x_wconf 87' lang='lat' dir='ltr'><strong>scri-</strong></span> 
     </span>
    </p>
   </div>
   <div class='ocr_carea' id='block_1_50' title="bbox 2216 875 3785 955">
    <p class='ocr_par' dir='ltr' id='par_1_50' title="bbox 2216 875 3785 955">
     <span class='ocr_line' id='line_1_50' title="bbox 2216 875 3785 955; baseline -0.005 -17"><span class='ocrx_word' id='word_1_329' title='bbox 2216 884 2479 955; x_wconf 89' lang='lat' dir='ltr'><strong>ptoribus,</strong></span> <span class='ocrx_word' id='word_1_330' title='bbox 2516 882 2679 936; x_wconf 88' lang='lat' dir='ltr'><strong>multa</strong></span> <span class='ocrx_word' id='word_1_331' title='bbox 2716 883 2859 952; x_wconf 90' lang='lat' dir='ltr'><strong>ipsos</strong></span> <span class='ocrx_word' id='word_1_332' title='bbox 2890 882 2942 935; x_wconf 93' lang='lat' dir='ltr'><strong>in</strong></span> <span class='ocrx_word' id='word_1_333' title='bbox 2984 879 3263 934; x_wconf 90' lang='lat' dir='ltr'><strong>Athanasii</strong></span> <span class='ocrx_word' id='word_1_334' title='bbox 3294 879 3589 949; x_wconf 84' lang='lat' dir='ltr'><strong>perniciem</strong></span> <span class='ocrx_word' id='word_1_335' title='bbox 3626 875 3785 930; x_wconf 86' lang='lat' dir='ltr'><strong>moli-</strong></span> 
     </span>
    </p>
   </div>
   <div class='ocr_carea' id='block_1_51' title="bbox 2220 970 3785 1041">
    <p class='ocr_par' dir='ltr' id='par_1_51' title="bbox 2220 970 3785 1041">
     <span class='ocr_line' id='line_1_51' title="bbox 2220 970 3785 1041; baseline -0.006 -11"><span class='ocrx_word' id='word_1_336' title='bbox 2220 984 2302 1030; x_wconf 92' lang='lat' dir='ltr'><strong>tos</strong></span> <span class='ocrx_word' id='word_1_337' title='bbox 2330 973 2622 1029; x_wconf 83' lang='lat' dir='ltr'><strong>verisimile</strong></span> <span class='ocrx_word' id='word_1_338' title='bbox 2648 985 2812 1028; x_wconf 87' lang='lat' dir='ltr'><strong>esset.</strong></span> <span class='ocrx_word' id='word_1_339' title='bbox 2858 974 2929 1027; x_wconf 90' lang='lat' dir='ltr'><strong>At</strong></span> <span class='ocrx_word' id='word_1_340' title='bbox 2956 973 3114 1041; x_wconf 72' lang='lat' dir='ltr'><strong>longe</strong></span> <span class='ocrx_word' id='word_1_341' title='bbox 3161 985 3317 1025; x_wconf 90' lang='lat' dir='ltr'><strong>secus</strong></span> <span class='ocrx_word' id='word_1_342' title='bbox 3366 986 3453 1025; x_wconf 84' lang='lat' dir='ltr'><strong>res</strong></span> <span class='ocrx_word' id='word_1_343' title='bbox 3505 984 3564 1024; x_wconf 90' lang='lat' dir='ltr'><strong>se</strong></span> <span class='ocrx_word' id='word_1_344' title='bbox 3600 970 3785 1022; x_wconf 87' lang='lat' dir='ltr'><strong>habet.</strong></span> 
     </span>
    </p>
   </div>
   <div class='ocr_carea' id='block_1_52' title="bbox 2218 1065 3789 1135">
    <p class='ocr_par' dir='ltr' id='par_1_52' title="bbox 2218 1065 3789 1135">
     <span class='ocr_line' id='line_1_52' title="bbox 2218 1065 3789 1135; baseline -0.007 -14"><span class='ocrx_word' id='word_1_345' title='bbox 2218 1068 2351 1122; x_wconf 90' lang='lat' dir='ltr'><strong>Nam</strong></span> <span class='ocrx_word' id='word_1_346' title='bbox 2400 1067 2725 1122; x_wconf 83' lang='lat' dir='ltr'><strong>Athanasius</strong></span> <span class='ocrx_word' id='word_1_347' title='bbox 2772 1066 2886 1135; x_wconf 90' lang='lat' dir='ltr'><strong>ipse</strong></span> <span class='ocrx_word' id='word_1_348' title='bbox 2937 1066 3047 1130; x_wconf 89' lang='lat' dir='ltr'><strong>ait,</strong></span> <span class='ocrx_word' id='word_1_349' title='bbox 3104 1065 3467 1125; x_wconf 85' lang='lat' dir='ltr'><strong>Arianorum,</strong></span> <span class='ocrx_word' id='word_1_350' title='bbox 3502 1070 3789 1131; x_wconf 86' lang='lat' dir='ltr'><strong>postquam</strong></span> 
     </span>
    </p>
   </div>
   <div class='ocr_carea' id='block_1_53' title="bbox 2217 1151 3790 1225">
    <p class='ocr_par' dir='ltr' id='par_1_53' title="bbox 2217 1151 3790 1225">
     <span class='ocr_line' id='line_1_53' title="bbox 2217 1151 3790 1225; baseline -0.004 -17"><span class='ocrx_word' id='word_1_351' title='bbox 2217 1155 2392 1225; x_wconf 91' lang='lat' dir='ltr'><strong>primo</strong></span> <span class='ocrx_word' id='word_1_352' title='bbox 2420 1156 2657 1209; x_wconf 89' lang='lat' dir='ltr'><strong>damnati</strong></span> <span class='ocrx_word' id='word_1_353' title='bbox 2695 1156 2927 1220; x_wconf 84' lang='lat' dir='ltr'><strong>fuerant,</strong></span> <span class='ocrx_word' id='word_1_354' title='bbox 2955 1153 3164 1208; x_wconf 88' lang='lat' dir='ltr'><strong>scilicet</strong></span> <span class='ocrx_word' id='word_1_355' title='bbox 3197 1168 3336 1207; x_wconf 90' lang='lat' dir='ltr'><strong>anno</strong></span> <span class='ocrx_word' id='word_1_356' title='bbox 3366 1152 3490 1215; x_wconf 71' lang='lat' dir='ltr'><strong>32f,</strong></span> <span class='ocrx_word' id='word_1_357' title='bbox 3529 1151 3790 1219; x_wconf 88' lang='lat' dir='ltr'><strong>impetum</strong></span> 
     </span>
    </p>
   </div>
   <div class='ocr_carea' id='block_1_54' title="bbox 2220 1240 3793 1318">
    <p class='ocr_par' dir='ltr' id='par_1_54' title="bbox 2220 1240 3793 1318">
     <span class='ocr_line' id='line_1_54' title="bbox 2220 1240 3793 1318; baseline -0.006 -17"><span class='ocrx_word' id='word_1_358' title='bbox 2220 1249 2273 1301; x_wconf 90' lang='lat' dir='ltr'><strong>in</strong></span> <span class='ocrx_word' id='word_1_359' title='bbox 2311 1263 2368 1303; x_wconf 90' lang='lat' dir='ltr'><strong>se</strong></span> <span class='ocrx_word' id='word_1_360' title='bbox 2399 1250 2728 1318; x_wconf 88' lang='lat' dir='ltr'><strong>prorupisse,</strong></span> <span class='ocrx_word' id='word_1_361' title='bbox 2753 1248 2983 1317; x_wconf 84' lang='lat' dir='ltr'><strong>hincque</strong></span> <span class='ocrx_word' id='word_1_362' title='bbox 3016 1250 3232 1301; x_wconf 89' lang='lat' dir='ltr'><strong>eosdem</strong></span> <span class='ocrx_word' id='word_1_363' title='bbox 3283 1254 3573 1313; x_wconf 81' lang='lat' dir='ltr'><strong>con5pecta</strong></span> <span class='ocrx_word' id='word_1_364' title='bbox 3618 1258 3715 1297; x_wconf 90' lang='lat' dir='ltr'><strong>sua</strong></span> <span class='ocrx_word' id='word_1_365' title='bbox 3739 1240 3793 1293; x_wconf 93' lang='lat' dir='ltr'><strong>in</strong></span> 
     </span>
    </p>
   </div>
   <div class='ocr_carea' id='block_1_55' title="bbox 2219 1334 3796 1410">
    <p class='ocr_par' dir='ltr' id='par_1_55' title="bbox 2219 1334 3796 1410">
     <span class='ocr_line' id='line_1_55' title="bbox 2219 1334 3796 1410; baseline -0.004 -17"><span class='ocrx_word' id='word_1_366' title='bbox 2219 1340 2434 1394; x_wconf 87' lang='lat' dir='ltr'><strong>Nicaena</strong></span> <span class='ocrx_word' id='word_1_367' title='bbox 2472 1341 2679 1410; x_wconf 85' lang='lat' dir='ltr'><strong>synodo</strong></span> <span class='ocrx_word' id='word_1_368' title='bbox 2705 1356 2801 1409; x_wconf 90' lang='lat' dir='ltr'><strong>pro</strong></span> <span class='ocrx_word' id='word_1_369' title='bbox 2826 1340 2930 1396; x_wconf 85' lang='lat' dir='ltr'><strong>ﬁde</strong></span> <span class='ocrx_word' id='word_1_370' title='bbox 2960 1341 3157 1394; x_wconf 87' lang='lat' dir='ltr'><strong>tuenda</strong></span> <span class='ocrx_word' id='word_1_371' title='bbox 3211 1337 3468 1392; x_wconf 84' lang='lat' dir='ltr'><strong>firmitate</strong></span> <span class='ocrx_word' id='word_1_372' title='bbox 3518 1338 3571 1390; x_wconf 89' lang='lat' dir='ltr'><strong>in</strong></span> <span class='ocrx_word' id='word_1_373' title='bbox 3622 1334 3796 1402; x_wconf 86' lang='lat' dir='ltr'><strong>majus</strong></span> 
     </span>
    </p>
   </div>
   <div class='ocr_carea' id='block_1_56' title="bbox 2221 1424 3797 1502">
    <p class='ocr_par' dir='ltr' id='par_1_56' title="bbox 2221 1424 3797 1502">
     <span class='ocr_line' id='line_1_56' title="bbox 2221 1424 3797 1502; baseline -0.006 -15"><span class='ocrx_word' id='word_1_374' title='bbox 2221 1432 2301 1487; x_wconf 92' lang='lat' dir='ltr'><strong>sui</strong></span> <span class='ocrx_word' id='word_1_375' title='bbox 2344 1432 2525 1486; x_wconf 93' lang='lat' dir='ltr'><strong>odium</strong></span> <span class='ocrx_word' id='word_1_376' title='bbox 2573 1433 2874 1487; x_wconf 80' lang='lat' dir='ltr'><strong>exarsisse:</strong></span> <span class='ocrx_word' id='word_1_377' title='bbox 2908 1430 2960 1486; x_wconf 92' lang='lat' dir='ltr'><strong>in</strong></span> <span class='ocrx_word' id='word_1_378' title='bbox 3015 1431 3239 1502; x_wconf 89' lang='lat' dir='ltr'><strong>epistola</strong></span> <span class='ocrx_word' id='word_1_379' title='bbox 3294 1440 3473 1483; x_wconf 91' lang='lat' dir='ltr'><strong>autem</strong></span> <span class='ocrx_word' id='word_1_380' title='bbox 3519 1424 3797 1481; x_wconf 88' lang='lat' dir='ltr'><strong>Ammonii</strong></span> 
     </span>
    </p>
   </div>
   <div class='ocr_carea' id='block_1_57' title="bbox 2222 1520 3796 1595">
    <p class='ocr_par' dir='ltr' id='par_1_57' title="bbox 2222 1520 3796 1595">
     <span class='ocr_line' id='line_1_57' title="bbox 2222 1520 3796 1595; baseline -0.006 -16"><span class='ocrx_word' id='word_1_381' title='bbox 2222 1525 2515 1581; x_wconf 87' lang='lat' dir='ltr'><strong>Athanasio</strong></span> <span class='ocrx_word' id='word_1_382' title='bbox 2544 1525 2785 1595; x_wconf 59' lang='lat' dir='ltr'><strong>aqualis,</strong></span> <span class='ocrx_word' id='word_1_383' title='bbox 2816 1524 2985 1579; x_wconf 80' lang='lat' dir='ltr'><strong>fertur</strong></span> <span class='ocrx_word' id='word_1_384' title='bbox 3015 1524 3393 1587; x_wconf 87' lang='lat' dir='ltr'><strong>Athanasium,</strong></span> <span class='ocrx_word' id='word_1_385' title='bbox 3425 1520 3610 1575; x_wconf 90' lang='lat' dir='ltr'><strong>statim</strong></span> <span class='ocrx_word' id='word_1_386' title='bbox 3632 1526 3796 1586; x_wconf 87' lang='lat' dir='ltr'><strong>atque</strong></span> 
     </span>
    </p>
   </div>
   <div class='ocr_carea' id='block_1_58' title="bbox 2221 1608 3799 1684">
    <p class='ocr_par' dir='ltr' id='par_1_58' title="bbox 2221 1608 3799 1684">
     <span class='ocr_line' id='line_1_58' title="bbox 2221 1608 3799 1684; baseline -0.008 -13"><span class='ocrx_word' id='word_1_387' title='bbox 2221 1617 2503 1672; x_wconf 89' lang='lat' dir='ltr'><strong>ordinatus</strong></span> <span class='ocrx_word' id='word_1_388' title='bbox 2538 1616 2732 1681; x_wconf 83' lang='lat' dir='ltr'><strong>fuerat,</strong></span> <span class='ocrx_word' id='word_1_389' title='bbox 2759 1632 2788 1669; x_wconf 91' lang='lat' dir='ltr'><strong>a</strong></span> <span class='ocrx_word' id='word_1_390' title='bbox 2820 1615 3099 1671; x_wconf 90' lang='lat' dir='ltr'><strong>sceleratis</strong></span> <span class='ocrx_word' id='word_1_391' title='bbox 3127 1613 3446 1684; x_wconf 90' lang='lat' dir='ltr'><strong>quibusdam</strong></span> <span class='ocrx_word' id='word_1_392' title='bbox 3480 1608 3799 1664; x_wconf 88' lang='lat' dir='ltr'><strong>lacessitum</strong></span> 
     </span>
    </p>
   </div>
   <div class='ocr_carea' id='block_1_59' title="bbox 2222 1707 3804 1777">
    <p class='ocr_par' dir='ltr' id='par_1_59' title="bbox 2222 1707 3804 1777">
     <span class='ocr_line' id='line_1_59' title="bbox 2222 1707 3804 1777; baseline -0.008 -14"><span class='ocrx_word' id='word_1_393' title='bbox 2222 1709 2725 1774; x_wconf 89' lang='lat' dir='ltr'><strong>fuissecalumniis;</strong></span> <span class='ocrx_word' id='word_1_394' title='bbox 2761 1708 2916 1777; x_wconf 89' lang='lat' dir='ltr'><strong>quasi</strong></span> <span class='ocrx_word' id='word_1_395' title='bbox 2950 1707 3156 1762; x_wconf 82' lang='lat' dir='ltr'><strong>scilicet</strong></span> <span class='ocrx_word' id='word_1_396' title='bbox 3177 1707 3358 1775; x_wconf 88' lang='lat' dir='ltr'><strong>junior</strong></span> <span class='ocrx_word' id='word_1_397' title='bbox 3385 1717 3481 1773; x_wconf 92' lang='lat' dir='ltr'><strong>pro</strong></span> <span class='ocrx_word' id='word_1_398' title='bbox 3512 1710 3663 1755; x_wconf 90' lang='lat' dir='ltr'><strong>tanto</strong></span> <span class='ocrx_word' id='word_1_399' title='bbox 3687 1714 3804 1752; x_wconf 90' lang='lat' dir='ltr'><strong>mu-</strong></span> 
     </span>
    </p>
   </div>
   <div class='ocr_carea' id='block_1_60' title="bbox 2226 1790 3806 1870">
    <p class='ocr_par' dir='ltr' id='par_1_60' title="bbox 2226 1790 3806 1870">
     <span class='ocr_line' id='line_1_60' title="bbox 2226 1790 3806 1870; baseline -0.008 -15"><span class='ocrx_word' id='word_1_400' title='bbox 2226 1818 2356 1857; x_wconf 88' lang='lat' dir='ltr'><strong>nere</strong></span> <span class='ocrx_word' id='word_1_401' title='bbox 2383 1811 2669 1870; x_wconf 90' lang='lat' dir='ltr'><strong>cooptatus</strong></span> <span class='ocrx_word' id='word_1_402' title='bbox 2703 1800 2915 1867; x_wconf 85' lang='lat' dir='ltr'><strong>fuisset,</strong></span> <span class='ocrx_word' id='word_1_403' title='bbox 2952 1800 3279 1866; x_wconf 89' lang='lat' dir='ltr'><strong>eosdemque</strong></span> <span class='ocrx_word' id='word_1_404' title='bbox 3313 1794 3588 1865; x_wconf 81' lang='lat' dir='ltr'><strong>improbos</strong></span> <span class='ocrx_word' id='word_1_405' title='bbox 3614 1790 3806 1845; x_wconf 90' lang='lat' dir='ltr'><strong>Eccle-</strong></span> 
     </span>
    </p>
   </div>
   <div class='ocr_carea' id='block_1_61' title="bbox 2224 1881 3806 1955">
    <p class='ocr_par' dir='ltr' id='par_1_61' title="bbox 2224 1881 3806 1955">
     <span class='ocr_line' id='line_1_61' title="bbox 2224 1881 3806 1955; baseline -0.009 -8"><span class='ocrx_word' id='word_1_406' title='bbox 2224 1893 2358 1948; x_wconf 89' lang='lat' dir='ltr'><strong>siam</strong></span> <span class='ocrx_word' id='word_1_407' title='bbox 2395 1892 2488 1946; x_wconf 87' lang='lat' dir='ltr'><strong>Dei</strong></span> <span class='ocrx_word' id='word_1_408' title='bbox 2511 1892 2755 1946; x_wconf 89' lang='lat' dir='ltr'><strong>scindere</strong></span> <span class='ocrx_word' id='word_1_409' title='bbox 2784 1892 2929 1946; x_wconf 78' lang='lat' dir='ltr'><strong>nisos</strong></span> <span class='ocrx_word' id='word_1_410' title='bbox 2966 1906 3084 1947; x_wconf 87' lang='lat' dir='ltr'><strong>esse</strong></span> <span class='ocrx_word' id='word_1_411' title='bbox 3105 1898 3355 1943; x_wconf 91' lang='lat' dir='ltr'><strong>narratur</strong></span> <span class='ocrx_word' id='word_1_412' title='bbox 3381 1886 3449 1955; x_wconf 82' lang='grc' dir='ltr'><strong>(ε)</strong></span> <span class='ocrx_word' id='word_1_413' title='bbox 3481 1901 3495 1937; x_wconf 88' lang='lat'><strong>:</strong></span> <span class='ocrx_word' id='word_1_414' title='bbox 3526 1884 3727 1950; x_wconf 83' lang='grc' dir='ltr'>Ἔλεγε</span> <span class='ocrx_word' id='word_1_415' title='bbox 3749 1881 3806 1935; x_wconf 79' lang='grc' dir='ltr'><strong>δὲ</strong></span> 
     </span>
    </p>
   </div>
   <div class='ocr_carea' id='block_1_62' title="bbox 2223 1976 3808 2057">
    <p class='ocr_par' dir='ltr' id='par_1_62' title="bbox 2223 1976 3808 2057">
     <span class='ocr_line' id='line_1_62' title="bbox 2223 1976 3808 2057; baseline -0.009 -19"><span class='ocrx_word' id='word_1_416' title='bbox 2223 1987 2356 2057; x_wconf 80' lang='grc' dir='ltr'>ἡμῖν</span> <span class='ocrx_word' id='word_1_417' title='bbox 2384 1985 2515 2037; x_wconf 83' lang='grc' dir='ltr'>πᾶσι</span> <span class='ocrx_word' id='word_1_418' title='bbox 2538 1983 2851 2053; x_wconf 80' lang='grc' dir='ltr'>Παχούμιος</span> <span class='ocrx_word' id='word_1_419' title='bbox 2881 1983 2981 2051; x_wconf 86' lang='lat' dir='ltr'><strong>(sic</strong></span> <span class='ocrx_word' id='word_1_420' title='bbox 3006 1979 3366 2050; x_wconf 84' lang='lat' dir='ltr'><strong>Ammonius).</strong></span> <span class='ocrx_word' id='word_1_421' title='bbox 3398 1979 3513 2048; x_wconf 71' lang='grc' dir='ltr'>ἅμα</span> <span class='ocrx_word' id='word_1_422' title='bbox 3542 1976 3606 2029; x_wconf 83' lang='grc' dir='ltr'><strong>τὸ</strong></span> <span class='ocrx_word' id='word_1_423' title='bbox 3639 1991 3808 2028; x_wconf 83' lang='grc' dir='ltr'>κατα-</span> 
     </span>
    </p>
   </div>
   <div class='ocr_carea' id='block_1_63' title="bbox 2226 2068 3809 2148">
    <p class='ocr_par' dir='ltr' id='par_1_63' title="bbox 2226 2068 3809 2148">
     <span class='ocr_line' id='line_1_63' title="bbox 2226 2068 3809 2148; baseline -0.007 -17"><span class='ocrx_word' id='word_1_424' title='bbox 2226 2076 2484 2148; x_wconf 84' lang='grc' dir='ltr'><strong>σταθῆναι</strong></span> <span class='ocrx_word' id='word_1_425' title='bbox 2519 2076 2831 2131; x_wconf 81' lang='grc' dir='ltr'>ἈΘανάσιον</span> <span class='ocrx_word' id='word_1_426' title='bbox 2870 2075 3168 2128; x_wconf 73' lang='grc' dir='ltr'>ἐπίσκοπον</span> <span class='ocrx_word' id='word_1_427' title='bbox 3189 2112 3203 2139; x_wconf 87' lang='grc'><em>,</em></span> <span class='ocrx_word' id='word_1_428' title='bbox 3255 2073 3353 2126; x_wconf 76' lang='grc' dir='ltr'>οὐκ</span> <span class='ocrx_word' id='word_1_429' title='bbox 3386 2070 3584 2140; x_wconf 64' lang='grc' dir='ltr'>ἀγαθοὶ</span> <span class='ocrx_word' id='word_1_430' title='bbox 3616 2068 3809 2138; x_wconf 82' lang='grc' dir='ltr'>ἄνδρες</span> 
     </span>
    </p>
   </div>
   <div class='ocr_carea' id='block_1_64' title="bbox 2232 2163 3812 2241">
    <p class='ocr_par' dir='ltr' id='par_1_64' title="bbox 2232 2163 3812 2241">
     <span class='ocr_line' id='line_1_64' title="bbox 2232 2163 3812 2241; baseline -0.006 -19"><span class='ocrx_word' id='word_1_431' title='bbox 2232 2168 2512 2222; x_wconf 79' lang='grc' dir='ltr'>αἰτιῶνται</span> <span class='ocrx_word' id='word_1_432' title='bbox 2567 2169 2629 2222; x_wconf 75' lang='grc' dir='ltr'><strong>τὸ</strong></span> <span class='ocrx_word' id='word_1_433' title='bbox 2683 2169 2855 2241; x_wconf 81' lang='grc' dir='ltr'>κρίμα</span> <span class='ocrx_word' id='word_1_434' title='bbox 2898 2168 2991 2221; x_wconf 76' lang='grc' dir='ltr'>τοῦ</span> <span class='ocrx_word' id='word_1_435' title='bbox 3028 2166 3161 2219; x_wconf 79' lang='grc' dir='ltr'>Θεοῦ</span> <span class='ocrx_word' id='word_1_436' title='bbox 3216 2167 3313 2219; x_wconf 63' lang='grc' dir='ltr'><strong>ὁπ’</strong></span> <span class='ocrx_word' id='word_1_437' title='bbox 3372 2163 3520 2235; x_wconf 81' lang='grc' dir='ltr'>αὐτῷ</span> <span class='ocrx_word' id='word_1_438' title='bbox 3580 2163 3812 2231; x_wconf 84' lang='grc' dir='ltr'>γενόμε-</span> 
     </span>
    </p>
   </div>
   <div class='ocr_carea' id='block_1_65' title="bbox 2226 2253 3809 2330">
    <p class='ocr_par' dir='ltr' id='par_1_65' title="bbox 2226 2253 3809 2330">
     <span class='ocr_line' id='line_1_65' title="bbox 2226 2253 3809 2330; baseline -0.003 -19"><span class='ocrx_word' id='word_1_439' title='bbox 2226 2273 2349 2323; x_wconf 85' lang='grc' dir='ltr'>νον,</span> <span class='ocrx_word' id='word_1_440' title='bbox 2406 2258 2832 2330; x_wconf 73' lang='grc' dir='ltr'>προϐαλλόμενοι</span> <span class='ocrx_word' id='word_1_441' title='bbox 2888 2259 2986 2329; x_wconf 80' lang='grc' dir='ltr'><strong>τῆς</strong></span> <span class='ocrx_word' id='word_1_442' title='bbox 3048 2257 3265 2328; x_wconf 80' lang='grc' dir='ltr'>ἡλικίας</span> <span class='ocrx_word' id='word_1_443' title='bbox 3318 2256 3482 2309; x_wconf 80' lang='grc' dir='ltr'>αὑτοῦ</span> <span class='ocrx_word' id='word_1_444' title='bbox 3541 2255 3604 2307; x_wconf 80' lang='grc' dir='ltr'><strong>τὸ</strong></span> <span class='ocrx_word' id='word_1_445' title='bbox 3668 2253 3809 2319; x_wconf 82' lang='grc' dir='ltr'>νέον,</span> 
     </span>
    </p>
   </div>
   <div class='ocr_carea' id='block_1_66' title="bbox 2229 2345 3813 2424">
    <p class='ocr_par' dir='ltr' id='par_1_66' title="bbox 2229 2345 3813 2424">
     <span class='ocr_line' id='line_1_66' title="bbox 2229 2345 3813 2424; baseline -0.007 -17"><span class='ocrx_word' id='word_1_446' title='bbox 2229 2354 2321 2407; x_wconf 75' lang='grc' dir='ltr'><strong>καὶ</strong></span> <span class='ocrx_word' id='word_1_447' title='bbox 2363 2354 2542 2423; x_wconf 74' lang='grc' dir='ltr'>σχίσαι</span> <span class='ocrx_word' id='word_1_448' title='bbox 2587 2353 2684 2424; x_wconf 83' lang='grc' dir='ltr'><strong>τὴν</strong></span> <span class='ocrx_word' id='word_1_449' title='bbox 2739 2351 3062 2423; x_wconf 80' lang='grc' dir='ltr'>Ἐκκλησίαν</span> <span class='ocrx_word' id='word_1_450' title='bbox 3110 2349 3205 2403; x_wconf 80' lang='grc' dir='ltr'>τοῦ</span> <span class='ocrx_word' id='word_1_451' title='bbox 3272 2347 3407 2402; x_wconf 75' lang='grc' dir='ltr'>Θεοῦ</span> <span class='ocrx_word' id='word_1_452' title='bbox 3464 2345 3813 2409; x_wconf 74' lang='grc' dir='ltr'>σπουδάζον-</span> 
     </span>
    </p>
   </div>
   <div class='ocr_carea' id='block_1_67' title="bbox 2228 2439 3813 2514">
    <p class='ocr_par' dir='ltr' id='par_1_67' title="bbox 2228 2439 3813 2514">
     <span class='ocr_line' id='line_1_67' title="bbox 2228 2439 3813 2514; baseline -0.006 -16"><span class='ocrx_word' id='word_1_453' title='bbox 2228 2463 2339 2509; x_wconf 82' lang='grc' dir='ltr'>τες.</span> <span class='ocrx_word' id='word_1_454' title='bbox 2376 2446 2473 2500; x_wconf 85' lang='lat' dir='ltr'><strong>Cui</strong></span> <span class='ocrx_word' id='word_1_455' title='bbox 2528 2444 2855 2513; x_wconf 71' lang='lat' dir='ltr'><strong>suffragatur</strong></span> <span class='ocrx_word' id='word_1_456' title='bbox 2885 2444 3211 2514; x_wconf 88' lang='lat' dir='ltr'><strong>Epiphanius</strong></span> <span class='ocrx_word' id='word_1_457' title='bbox 3233 2441 3324 2512; x_wconf 68' lang='grc' dir='ltr'><strong>(Γ),</strong></span> <span class='ocrx_word' id='word_1_458' title='bbox 3345 2441 3469 2495; x_wconf 90' lang='lat' dir='ltr'><strong>dum</strong></span> <span class='ocrx_word' id='word_1_459' title='bbox 3501 2439 3813 2494; x_wconf 87' lang='lat' dir='ltr'><strong>ordinatum</strong></span> 
     </span>
    </p>
   </div>
   <div class='ocr_carea' id='block_1_68' title="bbox 2232 2528 3817 2607">
    <p class='ocr_par' dir='ltr' id='par_1_68' title="bbox 2232 2528 3817 2607">
     <span class='ocr_line' id='line_1_68' title="bbox 2232 2528 3817 2607; baseline -0.004 -18"><span class='ocrx_word' id='word_1_460' title='bbox 2232 2546 2353 2607; x_wconf 87' lang='lat' dir='ltr'><strong>post</strong></span> <span class='ocrx_word' id='word_1_461' title='bbox 2405 2536 2695 2593; x_wconf 80' lang='lat' dir='ltr'><strong>Alexandri</strong></span> <span class='ocrx_word' id='word_1_462' title='bbox 2744 2535 3097 2589; x_wconf 80' lang='lat' dir='ltr'><strong>Alexandrini</strong></span> <span class='ocrx_word' id='word_1_463' title='bbox 3146 2544 3374 2588; x_wconf 90' lang='lat' dir='ltr'><strong>mortem</strong></span> <span class='ocrx_word' id='word_1_464' title='bbox 3429 2547 3459 2586; x_wconf 92' lang='lat' dir='ltr'><strong>a</strong></span> <span class='ocrx_word' id='word_1_465' title='bbox 3509 2528 3817 2584; x_wconf 82' lang='lat' dir='ltr'><strong>Meletianis</strong></span> 
     </span>
    </p>
   </div>
   <div class='ocr_carea' id='block_1_69' title="bbox 2234 2622 3813 2698">
    <p class='ocr_par' dir='ltr' id='par_1_69' title="bbox 2234 2622 3813 2698">
     <span class='ocr_line' id='line_1_69' title="bbox 2234 2622 3813 2698; baseline -0.007 -15"><span class='ocrx_word' id='word_1_466' title='bbox 2234 2628 2512 2683; x_wconf 89' lang='lat' dir='ltr'><strong>Theonam</strong></span> <span class='ocrx_word' id='word_1_467' title='bbox 2561 2629 2849 2698; x_wconf 88' lang='lat' dir='ltr'><strong>quemdam</strong></span> <span class='ocrx_word' id='word_1_468' title='bbox 2893 2626 3230 2689; x_wconf 85' lang='lat' dir='ltr'><strong>testificatur,</strong></span> <span class='ocrx_word' id='word_1_469' title='bbox 3256 2624 3348 2693; x_wconf 90' lang='lat' dir='ltr'><strong>qui</strong></span> <span class='ocrx_word' id='word_1_470' title='bbox 3379 2622 3813 2677; x_wconf 83' lang='lat' dir='ltr'><strong>Alexandrinam</strong></span> 
     </span>
    </p>
   </div>
   <div class='ocr_carea' id='block_1_70' title="bbox 2234 2715 3817 2789">
    <p class='ocr_par' dir='ltr' id='par_1_70' title="bbox 2234 2715 3817 2789">
     <span class='ocr_line' id='line_1_70' title="bbox 2234 2715 3817 2789; baseline -0.006 -14"><span class='ocrx_word' id='word_1_471' title='bbox 2234 2721 2435 2785; x_wconf 87' lang='lat' dir='ltr'><strong>sedem,</strong></span> <span class='ocrx_word' id='word_1_472' title='bbox 2472 2721 2823 2789; x_wconf 88' lang='lat' dir='ltr'><strong>conspirante</strong></span> <span class='ocrx_word' id='word_1_473' title='bbox 2851 2719 3211 2789; x_wconf 80' lang='lat' dir='ltr'><strong>lucifugarum</strong></span> <span class='ocrx_word' id='word_1_474' title='bbox 3240 2716 3414 2779; x_wconf 88' lang='lat' dir='ltr'><strong>turba,</strong></span> <span class='ocrx_word' id='word_1_475' title='bbox 3447 2715 3624 2770; x_wconf 89' lang='lat' dir='ltr'><strong>tribus</strong></span> <span class='ocrx_word' id='word_1_476' title='bbox 3659 2728 3817 2767; x_wconf 89' lang='lat' dir='ltr'><strong>men-</strong></span> 
     </span>
    </p>
   </div>
   <div class='ocr_carea' id='block_1_71' title="bbox 2235 2804 3821 2881">
    <p class='ocr_par' dir='ltr' id='par_1_71' title="bbox 2235 2804 3821 2881">
     <span class='ocr_line' id='line_1_71' title="bbox 2235 2804 3821 2881; baseline -0.005 -14"><span class='ocrx_word' id='word_1_477' title='bbox 2235 2813 2383 2868; x_wconf 87' lang='lat' dir='ltr'><strong>sibus</strong></span> <span class='ocrx_word' id='word_1_478' title='bbox 2427 2813 2684 2868; x_wconf 89' lang='lat' dir='ltr'><strong>tenuerit.</strong></span> <span class='ocrx_word' id='word_1_479' title='bbox 2740 2813 2927 2881; x_wconf 86' lang='lat' dir='ltr'><strong>Itaque</strong></span> <span class='ocrx_word' id='word_1_480' title='bbox 2982 2811 3111 2866; x_wconf 91' lang='lat' dir='ltr'><strong>licet</strong></span> <span class='ocrx_word' id='word_1_481' title='bbox 3162 2808 3485 2879; x_wconf 90' lang='lat' dir='ltr'><strong>parcissime</strong></span> <span class='ocrx_word' id='word_1_482' title='bbox 3528 2821 3619 2861; x_wconf 90' lang='lat' dir='ltr'><strong>res</strong></span> <span class='ocrx_word' id='word_1_483' title='bbox 3673 2804 3821 2859; x_wconf 81' lang='lat' dir='ltr'><strong>illius</strong></span> 
     </span>
    </p>
   </div>
   <div class='ocr_carea' id='block_1_72' title="bbox 2240 2898 3822 2974">
    <p class='ocr_par' dir='ltr' id='par_1_72' title="bbox 2240 2898 3822 2974">
     <span class='ocr_line' id='line_1_72' title="bbox 2240 2898 3822 2974; baseline -0.006 -15"><span class='ocrx_word' id='word_1_484' title='bbox 2240 2906 2501 2974; x_wconf 77' lang='lat' dir='ltr'><strong>temporis</strong></span> <span class='ocrx_word' id='word_1_485' title='bbox 2532 2914 2755 2974; x_wconf 81' lang='lat' dir='ltr'><strong>tangant</strong></span> <span class='ocrx_word' id='word_1_486' title='bbox 2776 2905 3090 2974; x_wconf 88' lang='lat' dir='ltr'><strong>scriptores,</strong></span> <span class='ocrx_word' id='word_1_487' title='bbox 3116 2917 3340 2972; x_wconf 84' lang='lat' dir='ltr'><strong>magnas</strong></span> <span class='ocrx_word' id='word_1_488' title='bbox 3374 2912 3552 2955; x_wconf 82' lang='lat' dir='ltr'><strong>tamen</strong></span> <span class='ocrx_word' id='word_1_489' title='bbox 3572 2898 3822 2952; x_wconf 87' lang='lat' dir='ltr'><strong>Athana-</strong></span> 
     </span>
    </p>
   </div>
   <div class='ocr_carea' id='block_1_73' title="bbox 2238 2994 3823 3067">
    <p class='ocr_par' dir='ltr' id='par_1_73' title="bbox 2238 2994 3823 3067">
     <span class='ocr_line' id='line_1_73' title="bbox 2238 2994 3823 3067; baseline -0.008 -12"><span class='ocrx_word' id='word_1_490' title='bbox 2238 2999 2319 3055; x_wconf 87' lang='lat' dir='ltr'><strong>sio</strong></span> <span class='ocrx_word' id='word_1_491' title='bbox 2355 3009 2463 3052; x_wconf 91' lang='lat' dir='ltr'><strong>tum</strong></span> <span class='ocrx_word' id='word_1_492' title='bbox 2498 2999 2737 3067; x_wconf 86' lang='lat' dir='ltr'><strong>objectas</strong></span> <span class='ocrx_word' id='word_1_493' title='bbox 2773 2999 3101 3053; x_wconf 84' lang='lat' dir='ltr'><strong>tentationes</strong></span> <span class='ocrx_word' id='word_1_494' title='bbox 3158 2994 3466 3063; x_wconf 78' lang='lat' dir='ltr'><strong>significant</strong></span> <span class='ocrx_word' id='word_1_495' title='bbox 3515 3007 3529 3042; x_wconf 93' lang='lat'><strong>:</strong></span> <span class='ocrx_word' id='word_1_496' title='bbox 3580 2998 3823 3045; x_wconf 88' lang='lat' dir='ltr'><strong>certum-</strong></span> 
     </span>
    </p>
   </div>
   <div class='ocr_carea' id='block_1_74' title="bbox 2239 3084 3821 3161">
    <p class='ocr_par' dir='ltr' id='par_1_74' title="bbox 2239 3084 3821 3161">
     <span class='ocr_line' id='line_1_74' title="bbox 2239 3084 3821 3161; baseline -0.009 -15"><span class='ocrx_word' id='word_1_497' title='bbox 2239 3105 2343 3161; x_wconf 89' lang='lat' dir='ltr'><strong>que</strong></span> <span class='ocrx_word' id='word_1_498' title='bbox 2394 3091 2614 3160; x_wconf 88' lang='lat' dir='ltr'><strong>insuper</strong></span> <span class='ocrx_word' id='word_1_499' title='bbox 2660 3098 2745 3144; x_wconf 87' lang='lat' dir='ltr'><strong>est</strong></span> <span class='ocrx_word' id='word_1_500' title='bbox 2792 3088 2959 3142; x_wconf 90' lang='lat' dir='ltr'><strong>multo</strong></span> <span class='ocrx_word' id='word_1_501' title='bbox 2988 3087 3136 3157; x_wconf 89' lang='lat' dir='ltr'><strong>plura</strong></span> <span class='ocrx_word' id='word_1_502' title='bbox 3168 3084 3609 3155; x_wconf 67' lang='lat' dir='ltr'><strong>praetermisisse,</strong></span> <span class='ocrx_word' id='word_1_503' title='bbox 3658 3095 3821 3150; x_wconf 90' lang='lat' dir='ltr'><strong>quam</strong></span> 
     </span>
    </p>
   </div>
   <div class='ocr_carea' id='block_1_75' title="bbox 2240 3171 3823 3249">
    <p class='ocr_par' dir='ltr' id='par_1_75' title="bbox 2240 3171 3823 3249">
     <span class='ocr_line' id='line_1_75' title="bbox 2240 3171 3823 3249; baseline -0.008 -12"><span class='ocrx_word' id='word_1_504' title='bbox 2240 3184 2599 3238; x_wconf 86' lang='lat' dir='ltr'><strong>narraverint.</strong></span> <span class='ocrx_word' id='word_1_505' title='bbox 2640 3182 2718 3235; x_wconf 75' lang='lat' dir='ltr'><strong>Ex</strong></span> <span class='ocrx_word' id='word_1_506' title='bbox 2777 3180 2963 3235; x_wconf 87' lang='lat' dir='ltr'><strong>leviori</strong></span> <span class='ocrx_word' id='word_1_507' title='bbox 3018 3193 3149 3249; x_wconf 75' lang='lat' dir='ltr'><strong>ergo</strong></span> <span class='ocrx_word' id='word_1_508' title='bbox 3196 3177 3510 3247; x_wconf 81' lang='lat' dir='ltr'><strong>conjectura</strong></span> <span class='ocrx_word' id='word_1_509' title='bbox 3558 3189 3677 3227; x_wconf 89' lang='lat' dir='ltr'><strong>rem</strong></span> <span class='ocrx_word' id='word_1_510' title='bbox 3735 3171 3823 3225; x_wconf 84' lang='lat' dir='ltr'><strong>ille</strong></span> 
     </span>
    </p>
   </div>
   <div class='ocr_carea' id='block_1_76' title="bbox 2240 3264 3825 3346">
    <p class='ocr_par' dir='ltr' id='par_1_76' title="bbox 2240 3264 3825 3346">
     <span class='ocr_line' id='line_1_76' title="bbox 2240 3264 3825 3346; baseline -0.008 -16"><span class='ocrx_word' id='word_1_511' title='bbox 2240 3277 2455 3346; x_wconf 90' lang='lat' dir='ltr'><strong>planam</strong></span> <span class='ocrx_word' id='word_1_512' title='bbox 2478 3284 2531 3330; x_wconf 92' lang='lat' dir='ltr'><strong>et</strong></span> <span class='ocrx_word' id='word_1_513' title='bbox 2559 3273 2795 3329; x_wconf 87' lang='lat' dir='ltr'><strong>dilucide</strong></span> <span class='ocrx_word' id='word_1_514' title='bbox 2833 3281 3107 3326; x_wconf 90' lang='lat' dir='ltr'><strong>narratam</strong></span> <span class='ocrx_word' id='word_1_515' title='bbox 3136 3272 3352 3324; x_wconf 89' lang='lat' dir='ltr'><strong>evertit.</strong></span> <span class='ocrx_word' id='word_1_516' title='bbox 3378 3268 3445 3322; x_wconf 87' lang='lat' dir='ltr'><strong>Et</strong></span> <span class='ocrx_word' id='word_1_517' title='bbox 3474 3280 3608 3321; x_wconf 89' lang='lat' dir='ltr'><strong>vero</strong></span> <span class='ocrx_word' id='word_1_518' title='bbox 3641 3264 3825 3334; x_wconf 85' lang='lat' dir='ltr'><strong>perin-</strong></span> 
     </span>
    </p>
   </div>
   <div class='ocr_carea' id='block_1_77' title="bbox 2240 3359 3824 3433">
    <p class='ocr_par' dir='ltr' id='par_1_77' title="bbox 2240 3359 3824 3433">
     <span class='ocr_line' id='line_1_77' title="bbox 2240 3359 3824 3433; baseline -0.009 -9"><span class='ocrx_word' id='word_1_519' title='bbox 2240 3370 2306 3424; x_wconf 88' lang='lat' dir='ltr'><strong>de</strong></span> <span class='ocrx_word' id='word_1_520' title='bbox 2358 3370 2483 3422; x_wconf 87' lang='lat' dir='ltr'><strong>mihl</strong></span> <span class='ocrx_word' id='word_1_521' title='bbox 2516 3368 2780 3423; x_wconf 84' lang='lat' dir='ltr'><strong>absonum</strong></span> <span class='ocrx_word' id='word_1_522' title='bbox 2824 3365 3033 3421; x_wconf 88' lang='lat' dir='ltr'><strong>videtur</strong></span> <span class='ocrx_word' id='word_1_523' title='bbox 3061 3364 3190 3428; x_wconf 88' lang='lat' dir='ltr'><strong>dici,</strong></span> <span class='ocrx_word' id='word_1_524' title='bbox 3220 3362 3523 3433; x_wconf 78' lang='grc' dir='ltr'>ἀρχόμενος</span> <span class='ocrx_word' id='word_1_525' title='bbox 3551 3359 3656 3429; x_wconf 76' lang='grc' dir='ltr'><strong>τῆς</strong></span> <span class='ocrx_word' id='word_1_526' title='bbox 3698 3360 3824 3410; x_wconf 77' lang='grc' dir='ltr'><strong>ἐπι-</strong></span> 
     </span>
    </p>
   </div>
   <div class='ocr_carea' id='block_1_78' title="bbox 2243 3456 3827 3532">
    <p class='ocr_par' dir='ltr' id='par_1_78' title="bbox 2243 3456 3827 3532">
     <span class='ocr_line' id='line_1_78' title="bbox 2243 3456 3827 3532; baseline -0.009 -13"><span class='ocrx_word' id='word_1_527' title='bbox 2243 3462 2470 3532; x_wconf 77' lang='grc' dir='ltr'>σκοπῆς,</span> <span class='ocrx_word' id='word_1_528' title='bbox 2507 3462 2597 3530; x_wconf 91' lang='lat' dir='ltr'><strong>qui</strong></span> <span class='ocrx_word' id='word_1_529' title='bbox 2622 3461 2908 3530; x_wconf 88' lang='lat' dir='ltr'><strong>septimum</strong></span> <span class='ocrx_word' id='word_1_530' title='bbox 2934 3458 3020 3513; x_wconf 85' lang='lat' dir='ltr'><strong>vel</strong></span> <span class='ocrx_word' id='word_1_531' title='bbox 3041 3466 3289 3511; x_wconf 86' lang='lat' dir='ltr'><strong>octavum</strong></span> <span class='ocrx_word' id='word_1_532' title='bbox 3321 3456 3669 3524; x_wconf 87' lang='lat' dir='ltr'><strong>episcopatus</strong></span> <span class='ocrx_word' id='word_1_533' title='bbox 3724 3467 3827 3505; x_wconf 86' lang='lat' dir='ltr'><strong>an-</strong></span> 
     </span>
    </p>
   </div>
   <div class='ocr_carea' id='block_1_79' title="bbox 2242 3544 3829 3623">
    <p class='ocr_par' dir='ltr' id='par_1_79' title="bbox 2242 3544 3829 3623">
     <span class='ocr_line' id='line_1_79' title="bbox 2242 3544 3829 3623; baseline -0.008 -14"><span class='ocrx_word' id='word_1_534' title='bbox 2242 3572 2368 3609; x_wconf 90' lang='lat' dir='ltr'><strong>num</strong></span> <span class='ocrx_word' id='word_1_535' title='bbox 2408 3555 2536 3623; x_wconf 78' lang='lat' dir='ltr'><strong>agit,</strong></span> <span class='ocrx_word' id='word_1_536' title='bbox 2573 3568 2637 3609; x_wconf 89' lang='lat' dir='ltr'><strong>ac</strong></span> <span class='ocrx_word' id='word_1_537' title='bbox 2657 3554 2702 3607; x_wconf 91' lang='lat' dir='ltr'><strong>si</strong></span> <span class='ocrx_word' id='word_1_538' title='bbox 2727 3552 2847 3623; x_wconf 87' lang='lat' dir='ltr'><strong>quis</strong></span> <span class='ocrx_word' id='word_1_539' title='bbox 2889 3550 3018 3605; x_wconf 89' lang='lat' dir='ltr'><strong>illud</strong></span> <span class='ocrx_word' id='word_1_540' title='bbox 3048 3544 3325 3620; x_wconf 49' lang='lat' dir='ltr'><strong>Lucrejv</strong></span> <span class='ocrx_word' id='word_1_541' title='bbox 3349 3547 3656 3619; x_wconf 79' lang='grc' dir='ltr'>ἀρχόμενος</span> <span class='ocrx_word' id='word_1_542' title='bbox 3692 3544 3829 3597; x_wconf 81' lang='grc' dir='ltr'>ὡσεὶ</span> 
     </span>
    </p>
   </div>
   <div class='ocr_carea' id='block_1_80' title="bbox 2242 3638 3830 3717">
    <p class='ocr_par' dir='ltr' id='par_1_80' title="bbox 2242 3638 3830 3717">
     <span class='ocr_line' id='line_1_80' title="bbox 2242 3638 3830 3717; baseline -0.007 -17"><span class='ocrx_word' id='word_1_543' title='bbox 2242 3647 2377 3700; x_wconf 82' lang='grc' dir='ltr'><strong>ὲτῶν</strong></span> <span class='ocrx_word' id='word_1_544' title='bbox 2408 3646 2723 3717; x_wconf 81' lang='grc' dir='ltr'>τριάκοντα,</span> <span class='ocrx_word' id='word_1_545' title='bbox 2759 3648 2837 3702; x_wconf 85' lang='lat' dir='ltr'><strong>sic</strong></span> <span class='ocrx_word' id='word_1_546' title='bbox 2872 3645 3190 3715; x_wconf 79' lang='lat' dir='ltr'><strong>explicaret,</strong></span> <span class='ocrx_word' id='word_1_547' title='bbox 3226 3650 3284 3696; x_wconf 88' lang='lat' dir='ltr'><strong>ut</strong></span> <span class='ocrx_word' id='word_1_548' title='bbox 3320 3638 3503 3694; x_wconf 85' lang='lat' dir='ltr'><strong>Jesum</strong></span> <span class='ocrx_word' id='word_1_549' title='bbox 3560 3649 3675 3692; x_wconf 89' lang='lat' dir='ltr'><strong>tum</strong></span> <span class='ocrx_word' id='word_1_550' title='bbox 3728 3638 3830 3691; x_wconf 89' lang='lat' dir='ltr'><strong>tri-</strong></span> 
     </span>
    </p>
   </div>
   <div class='ocr_carea' id='block_1_81' title="bbox 2242 3728 3828 3806">
    <p class='ocr_par' dir='ltr' id='par_1_81' title="bbox 2242 3728 3828 3806">
     <span class='ocr_line' id='line_1_81' title="bbox 2242 3728 3828 3806; baseline -0.006 -14"><span class='ocrx_word' id='word_1_551' title='bbox 2242 3737 2502 3792; x_wconf 90' lang='lat' dir='ltr'><strong>cesimum</strong></span> <span class='ocrx_word' id='word_1_552' title='bbox 2537 3738 2822 3806; x_wconf 90' lang='lat' dir='ltr'><strong>septimum</strong></span> <span class='ocrx_word' id='word_1_553' title='bbox 2876 3736 2961 3791; x_wconf 90' lang='lat' dir='ltr'><strong>vel</strong></span> <span class='ocrx_word' id='word_1_554' title='bbox 3013 3734 3344 3788; x_wconf 87' lang='lat' dir='ltr'><strong>tricesimum</strong></span> <span class='ocrx_word' id='word_1_555' title='bbox 3393 3739 3648 3785; x_wconf 88' lang='lat' dir='ltr'><strong>octavum</strong></span> <span class='ocrx_word' id='word_1_556' title='bbox 3700 3728 3828 3782; x_wconf 68' lang='lat' dir='ltr'><strong>vita:</strong></span> 
     </span>
    </p>
   </div>
   <div class='ocr_carea' id='block_1_82' title="bbox 2241 3827 3829 3898">
    <p class='ocr_par' dir='ltr' id='par_1_82' title="bbox 2241 3827 3829 3898">
     <span class='ocr_line' id='line_1_82' title="bbox 2241 3827 3829 3898; baseline -0.005 -16"><span class='ocrx_word' id='word_1_557' title='bbox 2241 3844 2438 3883; x_wconf 89' lang='lat' dir='ltr'><strong>annum</strong></span> <span class='ocrx_word' id='word_1_558' title='bbox 2463 3832 2639 3898; x_wconf 78' lang='lat' dir='ltr'><strong>egisse</strong></span> <span class='ocrx_word' id='word_1_559' title='bbox 2660 3836 2941 3884; x_wconf 87' lang='lat' dir='ltr'><strong>statueret.</strong></span> <span class='ocrx_word' id='word_1_560' title='bbox 2979 3827 3062 3882; x_wconf 89' lang='lat' dir='ltr'><strong>Ad</strong></span> <span class='ocrx_word' id='word_1_561' title='bbox 3103 3827 3241 3889; x_wconf 62' lang='lat' dir='ltr'><strong>hate,</strong></span> <span class='ocrx_word' id='word_1_562' title='bbox 3280 3832 3709 3878; x_wconf 85' lang='lat' dir='ltr'><strong>consentaneum</strong></span> <span class='ocrx_word' id='word_1_563' title='bbox 3743 3832 3829 3875; x_wconf 89' lang='lat' dir='ltr'><strong>est</strong></span> 
     </span>
    </p>
   </div>
   <div class='ocr_carea' id='block_1_83' title="bbox 2242 3914 3828 3991">
    <p class='ocr_par' dir='ltr' id='par_1_83' title="bbox 2242 3914 3828 3991">
     <span class='ocr_line' id='line_1_83' title="bbox 2242 3914 3828 3991; baseline -0.002 -20"><span class='ocrx_word' id='word_1_564' title='bbox 2242 3919 2597 3974; x_wconf 90' lang='lat' dir='ltr'><strong>Athanasium</strong></span> <span class='ocrx_word' id='word_1_565' title='bbox 2632 3921 2749 3991; x_wconf 88' lang='lat' dir='ltr'><strong>ipso</strong></span> <span class='ocrx_word' id='word_1_566' title='bbox 2778 3923 3117 3990; x_wconf 90' lang='lat' dir='ltr'><strong>episcopatus</strong></span> <span class='ocrx_word' id='word_1_567' title='bbox 3163 3917 3318 3972; x_wconf 90' lang='lat' dir='ltr'><strong>initio</strong></span> <span class='ocrx_word' id='word_1_568' title='bbox 3352 3916 3471 3969; x_wconf 89' lang='lat' dir='ltr'><strong>loca</strong></span> <span class='ocrx_word' id='word_1_569' title='bbox 3502 3914 3828 3977; x_wconf 86' lang='lat' dir='ltr'><strong>remotiora,</strong></span> 
     </span>
    </p>
   </div>
   <div class='ocr_carea' id='block_1_84' title="bbox 2244 4004 3827 4079">
    <p class='ocr_par' dir='ltr' id='par_1_84' title="bbox 2244 4004 3827 4079">
     <span class='ocr_line' id='line_1_84' title="bbox 2244 4004 3827 4079; baseline -0.007 -13"><span class='ocrx_word' id='word_1_570' title='bbox 2244 4011 2648 4066; x_wconf 69' lang='lat' dir='ltr'><strong>lleletianorum</strong></span> <span class='ocrx_word' id='word_1_571' title='bbox 2675 4011 3108 4079; x_wconf 84' lang='lat' dir='ltr'><strong>Arianornmque</strong></span> <span class='ocrx_word' id='word_1_572' title='bbox 3130 4006 3412 4061; x_wconf 86' lang='lat' dir='ltr'><strong>fraudibus</strong></span> <span class='ocrx_word' id='word_1_573' title='bbox 3442 4013 3674 4067; x_wconf 84' lang='lat' dir='ltr'><strong>tentata,</strong></span> <span class='ocrx_word' id='word_1_574' title='bbox 3706 4004 3827 4057; x_wconf 43' lang='lat' dir='ltr'><strong>adi,</strong></span> 
     </span>
    </p>
   </div>
   <div class='ocr_carea' id='block_1_85' title="bbox 2244 4096 3832 4171">
    <p class='ocr_par' dir='ltr' id='par_1_85' title="bbox 2244 4096 3832 4171">
     <span class='ocr_line' id='line_1_85' title="bbox 2244 4096 3832 4171; baseline -0.006 -12"><span class='ocrx_word' id='word_1_575' title='bbox 2244 4106 2372 4167; x_wconf 89' lang='lat' dir='ltr'><strong>isse,</strong></span> <span class='ocrx_word' id='word_1_576' title='bbox 2401 4118 2498 4158; x_wconf 87' lang='lat' dir='ltr'><strong>nec</strong></span> <span class='ocrx_word' id='word_1_577' title='bbox 2522 4103 2573 4157; x_wconf 91' lang='lat' dir='ltr'><strong>in</strong></span> <span class='ocrx_word' id='word_1_578' title='bbox 2604 4102 2788 4171; x_wconf 89' lang='lat' dir='ltr'><strong>plures</strong></span> <span class='ocrx_word' id='word_1_579' title='bbox 2821 4118 2994 4158; x_wconf 91' lang='lat' dir='ltr'><strong>annos</strong></span> <span class='ocrx_word' id='word_1_580' title='bbox 3025 4101 3303 4156; x_wconf 85' lang='lat' dir='ltr'><strong>remisisse</strong></span> <span class='ocrx_word' id='word_1_581' title='bbox 3341 4113 3562 4152; x_wconf 90' lang='lat' dir='ltr'><strong>munus.</strong></span> <span class='ocrx_word' id='word_1_582' title='bbox 3601 4097 3668 4150; x_wconf 87' lang='lat' dir='ltr'><strong>Et</strong></span> <span class='ocrx_word' id='word_1_583' title='bbox 3695 4096 3832 4150; x_wconf 87' lang='lat' dir='ltr'><strong>alio-</strong></span> 
     </span>
    </p>
   </div>
   <div class='ocr_carea' id='block_1_86' title="bbox 2243 4190 3832 4267">
    <p class='ocr_par' dir='ltr' id='par_1_86' title="bbox 2243 4190 3832 4267">
     <span class='ocr_line' id='line_1_86' title="bbox 2243 4190 3832 4267; baseline -0.006 -17"><span class='ocrx_word' id='word_1_584' title='bbox 2243 4197 2371 4267; x_wconf 92' lang='lat' dir='ltr'><strong>quin</strong></span> <span class='ocrx_word' id='word_1_585' title='bbox 2402 4211 2545 4250; x_wconf 89' lang='lat' dir='ltr'><strong>anno</strong></span> <span class='ocrx_word' id='word_1_586' title='bbox 2575 4196 2703 4262; x_wconf 87' lang='grc'><strong>555,</strong></span> <span class='ocrx_word' id='word_1_587' title='bbox 2735 4210 2919 4250; x_wconf 92' lang='lat' dir='ltr'><strong>mense</strong></span> <span class='ocrx_word' id='word_1_588' title='bbox 2966 4194 3187 4248; x_wconf 90' lang='lat' dir='ltr'><strong>circiter</strong></span> <span class='ocrx_word' id='word_1_589' title='bbox 3222 4190 3415 4244; x_wconf 85' lang='lat' dir='ltr'><strong>Martio</strong></span> <span class='ocrx_word' id='word_1_590' title='bbox 3470 4203 3580 4257; x_wconf 91' lang='lat' dir='ltr'><strong>quo</strong></span> <span class='ocrx_word' id='word_1_591' title='bbox 3638 4201 3832 4242; x_wconf 49' lang='lat' dir='ltr'><strong>susee¢</strong></span> 
     </span>
    </p>
   </div>
   <div class='ocr_carea' id='block_1_87' title="bbox 2242 4277 3830 4356">
    <p class='ocr_par' dir='ltr' id='par_1_87' title="bbox 2242 4277 3830 4356">
     <span class='ocr_line' id='line_1_87' title="bbox 2242 4277 3830 4356; baseline -0.008 -15"><span class='ocrx_word' id='word_1_592' title='bbox 2242 4298 2391 4356; x_wconf 90' lang='lat' dir='ltr'><strong>ptum</strong></span> <span class='ocrx_word' id='word_1_593' title='bbox 2448 4289 2515 4341; x_wconf 91' lang='lat' dir='ltr'><strong>ab</strong></span> <span class='ocrx_word' id='word_1_594' title='bbox 2560 4286 2859 4340; x_wconf 82' lang='lat' dir='ltr'><strong>Athanasio</strong></span> <span class='ocrx_word' id='word_1_595' title='bbox 2900 4283 3006 4339; x_wconf 90' lang='lat' dir='ltr'><strong>iter</strong></span> <span class='ocrx_word' id='word_1_596' title='bbox 3049 4282 3165 4336; x_wconf 88' lang='lat' dir='ltr'><strong>vult</strong></span> <span class='ocrx_word' id='word_1_597' title='bbox 3220 4277 3597 4333; x_wconf 83' lang='lat' dir='ltr'><strong>Tillemontius</strong></span> <span class='ocrx_word' id='word_1_598' title='bbox 3624 4318 3641 4344; x_wconf 92' lang='lat'><strong>,</strong></span> <span class='ocrx_word' id='word_1_599' title='bbox 3698 4277 3830 4331; x_wconf 90' lang='lat' dir='ltr'><strong>dum</strong></span> 
     </span>
    </p>
   </div>
   <div class='ocr_carea' id='block_1_88' title="bbox 2243 4370 3829 4442">
    <p class='ocr_par' dir='ltr' id='par_1_88' title="bbox 2243 4370 3829 4442">
     <span class='ocr_line' id='line_1_88' title="bbox 2243 4370 3829 4442; baseline -0.006 -9"><span class='ocrx_word' id='word_1_600' title='bbox 2243 4378 2382 4433; x_wconf 90' lang='lat' dir='ltr'><strong>bello</strong></span> <span class='ocrx_word' id='word_1_601' title='bbox 2407 4378 2684 4433; x_wconf 86' lang='lat' dir='ltr'><strong>ferverent</strong></span> <span class='ocrx_word' id='word_1_602' title='bbox 2731 4377 2938 4441; x_wconf 89' lang='lat' dir='ltr'><strong>omnia,</strong></span> <span class='ocrx_word' id='word_1_603' title='bbox 2970 4384 3026 4431; x_wconf 86' lang='lat' dir='ltr'><strong>et</strong></span> <span class='ocrx_word' id='word_1_604' title='bbox 3061 4374 3172 4442; x_wconf 85' lang='lat' dir='ltr'><strong>jam</strong></span> <span class='ocrx_word' id='word_1_605' title='bbox 3205 4373 3457 4427; x_wconf 89' lang='lat' dir='ltr'><strong>ardentes</strong></span> <span class='ocrx_word' id='word_1_606' title='bbox 3486 4371 3699 4426; x_wconf 86' lang='lat' dir='ltr'><strong>scelere</strong></span> <span class='ocrx_word' id='word_1_607' title='bbox 3733 4370 3829 4423; x_wconf 81' lang='lat' dir='ltr'><strong>ad-</strong></span> 
     </span>
    </p>
   </div>
   <div class='ocr_carea' id='block_1_89' title="bbox 2246 4462 3835 4537">
    <p class='ocr_par' dir='ltr' id='par_1_89' title="bbox 2246 4462 3835 4537">
     <span class='ocr_line' id='line_1_89' title="bbox 2246 4462 3835 4537; baseline -0.006 -15"><span class='ocrx_word' id='word_1_608' title='bbox 2246 4470 2464 4524; x_wconf 89' lang='lat' dir='ltr'><strong>versarii</strong></span> <span class='ocrx_word' id='word_1_609' title='bbox 2494 4477 2736 4523; x_wconf 81' lang='lat' dir='ltr'><strong>extrema</strong></span> <span class='ocrx_word' id='word_1_610' title='bbox 2771 4468 2871 4537; x_wconf 92' lang='lat' dir='ltr'><strong>ipsi</strong></span> <span class='ocrx_word' id='word_1_611' title='bbox 2906 4466 3312 4537; x_wconf 86' lang='lat' dir='ltr'><strong>portenderent,</strong></span> <span class='ocrx_word' id='word_1_612' title='bbox 3356 4477 3463 4515; x_wconf 90' lang='lat' dir='ltr'><strong>non</strong></span> <span class='ocrx_word' id='word_1_613' title='bbox 3508 4471 3597 4517; x_wconf 90' lang='lat' dir='ltr'><strong>sat</strong></span> <span class='ocrx_word' id='word_1_614' title='bbox 3645 4462 3745 4516; x_wconf 89' lang='lat' dir='ltr'><strong>otii</strong></span> <span class='ocrx_word' id='word_1_615' title='bbox 3779 4470 3835 4515; x_wconf 88' lang='lat' dir='ltr'><strong>et</strong></span> 
     </span>
    </p>
   </div>
   <div class='ocr_carea' id='block_1_90' title="bbox 494 4552 3835 4633">
    <p class='ocr_par' dir='ltr' id='par_1_90' title="bbox 494 4552 3835 4633">
     <span class='ocr_line' id='line_1_90' title="bbox 494 4552 3835 4633; baseline 0 -27"><span class='ocrx_word' id='word_1_616' title='bbox 494 4614 497 4616; x_wconf 97' lang='lat'><em>_</em></span> <span class='ocrx_word' id='word_1_617' title='bbox 562 4552 1296 4624; x_wconf 84' lang='lat' dir='ltr'><strong>gnat.Nam,inquit,eadem</strong></span> <span class='ocrx_word' id='word_1_618' title='bbox 1319 4554 2135 4614; x_wconf 84' lang='lat' dir='ltr'><strong>inVitauarraturAthanasium</strong></span> <span class='ocrx_word' id='word_1_619' title='bbox 2168 4574 2217 4633; x_wconf 77' lang='grc' dir='ltr'><strong>ι)</strong></span> <span class='ocrx_word' id='word_1_620' title='bbox 2245 4560 2403 4630; x_wconf 89' lang='lat' dir='ltr'><strong>spatii</strong></span> <span class='ocrx_word' id='word_1_621' title='bbox 2442 4560 2695 4614; x_wconf 89' lang='lat' dir='ltr'><strong>habuisse</strong></span> <span class='ocrx_word' id='word_1_622' title='bbox 2723 4559 2956 4625; x_wconf 87' lang='lat' dir='ltr'><strong>videtur,</strong></span> <span class='ocrx_word' id='word_1_623' title='bbox 2998 4566 3056 4611; x_wconf 89' lang='lat' dir='ltr'><strong>ut</strong></span> <span class='ocrx_word' id='word_1_624' title='bbox 3087 4552 3448 4611; x_wconf 84' lang='lat' dir='ltr'><strong>remotissima</strong></span> <span class='ocrx_word' id='word_1_625' title='bbox 3473 4553 3561 4606; x_wconf 90' lang='lat' dir='ltr'><strong>illa</strong></span> <span class='ocrx_word' id='word_1_626' title='bbox 3585 4554 3705 4607; x_wconf 90' lang='lat' dir='ltr'><strong>loca</strong></span> <span class='ocrx_word' id='word_1_627' title='bbox 3739 4568 3835 4621; x_wconf 82' lang='lat' dir='ltr'><strong>pe-</strong></span> 
     </span>
    </p>
   </div>
   <div class='ocr_carea' id='block_1_91' title="bbox 557 4645 2133 4722">
    <p class='ocr_par' dir='ltr' id='par_1_91' title="bbox 557 4645 2133 4722">
     <span class='ocr_line' id='line_1_91' title="bbox 557 4645 2133 4722; baseline 0.004 -26"><span class='ocrx_word' id='word_1_628' title='bbox 557 4647 666 4713; x_wconf 84' lang='lat' dir='ltr'><strong>jam</strong></span> <span class='ocrx_word' id='word_1_629' title='bbox 699 4659 796 4715; x_wconf 89' lang='lat' dir='ltr'><strong>pro</strong></span> <span class='ocrx_word' id='word_1_630' title='bbox 825 4645 928 4700; x_wconf 84' lang='lat' dir='ltr'><strong>fide</strong></span> <span class='ocrx_word' id='word_1_631' title='bbox 950 4645 1148 4700; x_wconf 90' lang='lat' dir='ltr'><strong>Christi</strong></span> <span class='ocrx_word' id='word_1_632' title='bbox 1176 4647 1324 4701; x_wconf 89' lang='lat' dir='ltr'><strong>varia</strong></span> <span class='ocrx_word' id='word_1_633' title='bbox 1350 4662 1663 4717; x_wconf 85' lang='lat' dir='ltr'><strong>perpessum</strong></span> <span class='ocrx_word' id='word_1_634' title='bbox 1684 4666 1805 4704; x_wconf 89' lang='lat' dir='ltr'><strong>esse</strong></span> <span class='ocrx_word' id='word_1_635' title='bbox 1838 4652 1941 4721; x_wconf 82' lang='lat' dir='ltr'><strong>(d),</strong></span> <span class='ocrx_word' id='word_1_636' title='bbox 1978 4651 2133 4722; x_wconf 83' lang='grc' dir='ltr'>μάλι-</span> 
     </span>
    </p>
   </div>
   <div class='ocr_carea' id='block_1_92' title="bbox 561 4736 2138 4813">
    <p class='ocr_par' dir='ltr' id='par_1_92' title="bbox 561 4736 2138 4813">
     <span class='ocr_line' id='line_1_92' title="bbox 561 4736 2138 4813; baseline 0.006 -25"><span class='ocrx_word' id='word_1_637' title='bbox 561 4752 665 4789; x_wconf 85' lang='grc' dir='ltr'><strong>στα</strong></span> <span class='ocrx_word' id='word_1_638' title='bbox 688 4736 900 4789; x_wconf 79' lang='grc' dir='ltr'>ἀκούων</span> <span class='ocrx_word' id='word_1_639' title='bbox 930 4739 1055 4800; x_wconf 77' lang='grc' dir='ltr'>τοὺς</span> <span class='ocrx_word' id='word_1_640' title='bbox 1080 4738 1355 4804; x_wconf 82' lang='grc' dir='ltr'>ποικίλους</span> <span class='ocrx_word' id='word_1_641' title='bbox 1385 4741 1727 4811; x_wconf 79' lang='grc' dir='ltr'>πειρασμοὺς</span> <span class='ocrx_word' id='word_1_642' title='bbox 1751 4741 1843 4806; x_wconf 82' lang='grc' dir='ltr'><strong>οὓς</strong></span> <span class='ocrx_word' id='word_1_643' title='bbox 1874 4744 2138 4813; x_wconf 77' lang='grc' dir='ltr'>ὑπέμεινε</span> 
     </span>
    </p>
   </div>
   <div class='ocr_carea' id='block_1_93' title="bbox 560 4827 2141 4906">
    <p class='ocr_par' dir='ltr' id='par_1_93' title="bbox 560 4827 2141 4906">
     <span class='ocr_line' id='line_1_93' title="bbox 560 4827 2141 4906; baseline 0.007 -27"><span class='ocrx_word' id='word_1_644' title='bbox 560 4827 702 4880; x_wconf 80' lang='grc' dir='ltr'>κατὰ</span> <span class='ocrx_word' id='word_1_645' title='bbox 736 4828 797 4880; x_wconf 81' lang='grc' dir='ltr'>τὸ</span> <span class='ocrx_word' id='word_1_646' title='bbox 828 4829 1155 4897; x_wconf 69' lang='grc' dir='ltr'>Εὐαγγὲλιον</span> <span class='ocrx_word' id='word_1_647' title='bbox 1198 4833 1289 4884; x_wconf 74' lang='grc' dir='ltr'>καὶ</span> <span class='ocrx_word' id='word_1_648' title='bbox 1331 4833 1472 4885; x_wconf 78' lang='grc' dir='ltr'>κατὰ</span> <span class='ocrx_word' id='word_1_649' title='bbox 1498 4834 1598 4904; x_wconf 80' lang='grc' dir='ltr'><strong>τὴν</strong></span> <span class='ocrx_word' id='word_1_650' title='bbox 1630 4833 1792 4905; x_wconf 80' lang='grc' dir='ltr'>ὀρθὴν</span> <span class='ocrx_word' id='word_1_651' title='bbox 1839 4836 2041 4899; x_wconf 85' lang='grc' dir='ltr'>πίστιν,</span> <span class='ocrx_word' id='word_1_652' title='bbox 2072 4830 2141 4906; x_wconf 78' lang='grc' dir='ltr'>ἧς</span> 
     </span>
    </p>
   </div>
   <div class='ocr_carea' id='block_1_94' title="bbox 562 4918 2148 4998">
    <p class='ocr_par' dir='ltr' id='par_1_94' title="bbox 562 4918 2148 4998">
     <span class='ocr_line' id='line_1_94' title="bbox 562 4918 2148 4998; baseline 0.008 -27"><span class='ocrx_word' id='word_1_653' title='bbox 562 4918 747 4972; x_wconf 70' lang='grc' dir='ltr'>ἕνεκεν</span> <span class='ocrx_word' id='word_1_654' title='bbox 769 4922 859 4973; x_wconf 77' lang='grc' dir='ltr'>καὶ</span> <span class='ocrx_word' id='word_1_655' title='bbox 901 4921 1039 4991; x_wconf 72' lang='grc' dir='ltr'>μετὰ</span> <span class='ocrx_word' id='word_1_656' title='bbox 1063 4922 1234 4976; x_wconf 77' lang='grc' dir='ltr'>ταῦτα</span> <span class='ocrx_word' id='word_1_657' title='bbox 1256 4926 1511 4995; x_wconf 82' lang='grc' dir='ltr'>ἔπασχεν.</span> <span class='ocrx_word' id='word_1_658' title='bbox 1555 4925 1692 4980; x_wconf 81' lang='lat' dir='ltr'><strong>Hinc</strong></span> <span class='ocrx_word' id='word_1_659' title='bbox 1714 4944 1839 4983; x_wconf 88' lang='lat' dir='ltr'><strong>vero</strong></span> <span class='ocrx_word' id='word_1_660' title='bbox 1869 4929 2148 4998; x_wconf 86' lang='lat' dir='ltr'><strong>consequi-</strong></span> 
     </span>
    </p>
   </div>
   <div class='ocr_carea' id='block_1_95' title="bbox 566 5014 2145 5088">
    <p class='ocr_par' dir='ltr' id='par_1_95' title="bbox 566 5014 2145 5088">
     <span class='ocr_line' id='line_1_95' title="bbox 566 5014 2145 5088; baseline 0.009 -26"><span class='ocrx_word' id='word_1_661' title='bbox 566 5021 674 5075; x_wconf 88' lang='lat' dir='ltr'><strong>tur,</strong></span> <span class='ocrx_word' id='word_1_662' title='bbox 712 5015 887 5082; x_wconf 84' lang='lat' dir='ltr'><strong>pergit</strong></span> <span class='ocrx_word' id='word_1_663' title='bbox 931 5014 1060 5079; x_wconf 89' lang='lat' dir='ltr'><strong>ille,</strong></span> <span class='ocrx_word' id='word_1_664' title='bbox 1106 5029 1227 5083; x_wconf 91' lang='lat' dir='ltr'><strong>post</strong></span> <span class='ocrx_word' id='word_1_665' title='bbox 1257 5032 1462 5088; x_wconf 74' lang='lat' dir='ltr'><strong>coeptas</strong></span> <span class='ocrx_word' id='word_1_666' title='bbox 1508 5021 1574 5074; x_wconf 87' lang='lat' dir='ltr'><strong>de</strong></span> <span class='ocrx_word' id='word_1_667' title='bbox 1608 5021 1778 5074; x_wconf 89' lang='lat' dir='ltr'><strong>calice</strong></span> <span class='ocrx_word' id='word_1_668' title='bbox 1827 5020 2037 5083; x_wconf 83' lang='lat' dir='ltr'><strong>fracto,</strong></span> <span class='ocrx_word' id='word_1_669' title='bbox 2076 5021 2145 5076; x_wconf 89' lang='lat' dir='ltr'><strong>de</strong></span> 
     </span>
    </p>
   </div>
   <div class='ocr_carea' id='block_1_96' title="bbox 567 5108 2132 5178">
    <p class='ocr_par' dir='ltr' id='par_1_96' title="bbox 567 5108 2132 5178">
     <span class='ocr_line' id='line_1_96' title="bbox 567 5108 2132 5178; baseline 0.008 -22"><span class='ocrx_word' id='word_1_670' title='bbox 567 5119 752 5158; x_wconf 88' lang='lat' dir='ltr'><strong>mensa</strong></span> <span class='ocrx_word' id='word_1_671' title='bbox 780 5108 1059 5173; x_wconf 86' lang='lat' dir='ltr'><strong>subversa,</strong></span> <span class='ocrx_word' id='word_1_672' title='bbox 1087 5119 1140 5162; x_wconf 88' lang='lat' dir='ltr'><strong>et</strong></span> <span class='ocrx_word' id='word_1_673' title='bbox 1165 5111 1229 5164; x_wconf 90' lang='lat' dir='ltr'><strong>de</strong></span> <span class='ocrx_word' id='word_1_674' title='bbox 1274 5113 1488 5166; x_wconf 85' lang='lat' dir='ltr'><strong>Arsenii</strong></span> <span class='ocrx_word' id='word_1_675' title='bbox 1538 5127 1670 5167; x_wconf 89' lang='lat' dir='ltr'><strong>nece</strong></span> <span class='ocrx_word' id='word_1_676' title='bbox 1696 5114 2132 5178; x_wconf 89' lang='lat' dir='ltr'><strong>criminationes,</strong></span> 
     </span>
    </p>
   </div>
   <div class='ocr_carea' id='block_1_97' title="bbox 566 5200 2137 5275">
    <p class='ocr_par' dir='ltr' id='par_1_97' title="bbox 566 5200 2137 5275">
     <span class='ocr_line' id='line_1_97' title="bbox 566 5200 2137 5275; baseline 0.007 -24"><span class='ocrx_word' id='word_1_677' title='bbox 566 5208 731 5262; x_wconf 89' lang='lat' dir='ltr'><strong>atque</strong></span> <span class='ocrx_word' id='word_1_678' title='bbox 758 5200 896 5255; x_wconf 86' lang='lat' dir='ltr'><strong>adeo</strong></span> <span class='ocrx_word' id='word_1_679' title='bbox 921 5201 1136 5261; x_wconf 86' lang='lat' dir='ltr'><strong>circiter</strong></span> <span class='ocrx_word' id='word_1_680' title='bbox 1167 5218 1367 5259; x_wconf 90' lang='lat' dir='ltr'><strong>annum</strong></span> <span class='ocrx_word' id='word_1_681' title='bbox 1396 5206 1521 5271; x_wconf 86' lang='grc'><strong>555,</strong></span> <span class='ocrx_word' id='word_1_682' title='bbox 1573 5207 1675 5261; x_wconf 90' lang='lat' dir='ltr'><strong>hoc</strong></span> <span class='ocrx_word' id='word_1_683' title='bbox 1712 5207 1813 5260; x_wconf 90' lang='lat' dir='ltr'><strong>iter</strong></span> <span class='ocrx_word' id='word_1_684' title='bbox 1831 5209 2137 5275; x_wconf 89' lang='lat' dir='ltr'><strong>suscepisse</strong></span> 
     </span>
    </p>
   </div>
   <div class='ocr_carea' id='block_1_98' title="bbox 569 5290 2140 5366">
    <p class='ocr_par' dir='ltr' id='par_1_98' title="bbox 569 5290 2140 5366">
     <span class='ocr_line' id='line_1_98' title="bbox 569 5290 2140 5366; baseline 0.007 -23"><span class='ocrx_word' id='word_1_685' title='bbox 569 5290 950 5359; x_wconf 84' lang='lat' dir='ltr'><strong>Athanasium,</strong></span> <span class='ocrx_word' id='word_1_686' title='bbox 1010 5309 1309 5359; x_wconf 68' lang='lat' dir='ltr'><strong>nam‘anno</strong></span> <span class='ocrx_word' id='word_1_687' title='bbox 1350 5298 1453 5351; x_wconf 70' lang='lat'><strong>527</strong></span> <span class='ocrx_word' id='word_1_688' title='bbox 1502 5298 1740 5351; x_wconf 90' lang='lat' dir='ltr'><strong>nondum</strong></span> <span class='ocrx_word' id='word_1_689' title='bbox 1773 5300 2027 5366; x_wconf 91' lang='lat' dir='ltr'><strong>periculis</strong></span> <span class='ocrx_word' id='word_1_690' title='bbox 2086 5309 2140 5354; x_wconf 91' lang='lat' dir='ltr'><strong>et</strong></span> 
     </span>
    </p>
   </div>
   <div class='ocr_carea' id='block_1_99' title="bbox 568 5384 2141 5458">
    <p class='ocr_par' dir='ltr' id='par_1_99' title="bbox 568 5384 2141 5458">
     <span class='ocr_line' id='line_1_99' title="bbox 568 5384 2141 5458; baseline 0.006 -23"><span class='ocrx_word' id='word_1_691' title='bbox 568 5384 823 5439; x_wconf 70' lang='lat' dir='ltr'><strong>aerumnis</strong></span> <span class='ocrx_word' id='word_1_692' title='bbox 866 5386 1342 5455; x_wconf 78' lang='lat' dir='ltr'><strong>perfunctuserat.</strong></span> <span class='ocrx_word' id='word_1_693' title='bbox 1380 5388 1575 5442; x_wconf 85' lang='lat' dir='ltr'><strong>Verum</strong></span> <span class='ocrx_word' id='word_1_694' title='bbox 1612 5389 1717 5443; x_wconf 87' lang='lat' dir='ltr'><strong>etsi</strong></span> <span class='ocrx_word' id='word_1_695' title='bbox 1759 5389 1945 5458; x_wconf 83' lang='lat' dir='ltr'><strong>jejuna</strong></span> <span class='ocrx_word' id='word_1_696' title='bbox 1979 5390 2141 5445; x_wconf 88' lang='lat' dir='ltr'><strong>nimis</strong></span> 
     </span>
    </p>
   </div>
   <div class='ocr_carea' id='block_1_100' title="bbox 571 5475 2142 5549">
    <p class='ocr_par' dir='ltr' id='par_1_100' title="bbox 571 5475 2142 5549">
     <span class='ocr_line' id='line_1_100' title="bbox 571 5475 2142 5549; baseline 0.004 -19"><span class='ocrx_word' id='word_1_697' title='bbox 571 5475 828 5533; x_wconf 88' lang='lat' dir='ltr'><strong>horumce</strong></span> <span class='ocrx_word' id='word_1_698' title='bbox 854 5485 1159 5549; x_wconf 85' lang='lat' dir='ltr'><strong>temporum</strong></span> <span class='ocrx_word' id='word_1_699' title='bbox 1193 5480 1422 5535; x_wconf 88' lang='lat' dir='ltr'><strong>historia</strong></span> <span class='ocrx_word' id='word_1_700' title='bbox 1473 5480 1682 5535; x_wconf 89' lang='lat' dir='ltr'><strong>oblatas</strong></span> <span class='ocrx_word' id='word_1_701' title='bbox 1725 5479 2024 5535; x_wconf 89' lang='lat' dir='ltr'><strong>Athanasio</strong></span> <span class='ocrx_word' id='word_1_702' title='bbox 2051 5496 2142 5536; x_wconf 92' lang='lat' dir='ltr'><strong>ca-</strong></span> 
     </span>
    </p>
   </div>
   <div class='ocr_carea' id='block_1_101' title="bbox 642 5654 1751 5721">
    <p class='ocr_par' dir='ltr' id='par_1_101' title="bbox 642 5654 1751 5721">
     <span class='ocr_line' id='line_1_101' title="bbox 642 5654 1751 5721; baseline 0.005 -14"><span class='ocrx_word' id='word_1_703' title='bbox 642 5654 720 5719; x_wconf 86' lang='lat' dir='ltr'><strong>(a)</strong></span> <span class='ocrx_word' id='word_1_704' title='bbox 741 5656 799 5709; x_wconf 92' lang='lat' dir='ltr'><strong>In</strong></span> <span class='ocrx_word' id='word_1_705' title='bbox 824 5658 965 5713; x_wconf 78' lang='lat' dir='ltr'><strong>netis</strong></span> <span class='ocrx_word' id='word_1_706' title='bbox 996 5657 1061 5711; x_wconf 89' lang='lat' dir='ltr'><strong>ad</strong></span> <span class='ocrx_word' id='word_1_707' title='bbox 1095 5658 1132 5712; x_wconf 94' lang='grc'><strong>1.</strong></span> <span class='ocrx_word' id='word_1_708' title='bbox 1167 5672 1210 5721; x_wconf 84' lang='grc' dir='ltr'><strong>ι,</strong></span> <span class='ocrx_word' id='word_1_709' title='bbox 1233 5672 1281 5713; x_wconf 92' lang='lat' dir='ltr'><strong>c.</strong></span> <span class='ocrx_word' id='word_1_710' title='bbox 1315 5658 1368 5718; x_wconf 78' lang='grc'><strong>4.</strong></span> <span class='ocrx_word' id='word_1_711' title='bbox 1401 5656 1751 5713; x_wconf 84' lang='lat' dir='ltr'><strong>Theodoreti.</strong></span> 
     </span>
    </p>
   </div>
   <div class='ocr_carea' id='block_1_102' title="bbox 644 5725 1791 5799">
    <p class='ocr_par' dir='ltr' id='par_1_102' title="bbox 644 5725 1791 5799">
     <span class='ocr_line' id='line_1_102' title="bbox 644 5725 1791 5799; baseline 0.005 -24"><span class='ocrx_word' id='word_1_712' title='bbox 644 5725 716 5799; x_wconf 82' lang='lat' dir='ltr'><strong>(b)</strong></span> <span class='ocrx_word' id='word_1_713' title='bbox 744 5728 873 5799; x_wconf 83' lang='lat' dir='ltr'><strong>A_cta</strong></span> <span class='ocrx_word' id='word_1_714' title='bbox 905 5726 1027 5794; x_wconf 80' lang='lat'><strong>88.,</strong></span> <span class='ocrx_word' id='word_1_715' title='bbox 1068 5728 1192 5799; x_wconf 72' lang='lat' dir='ltr'><strong>Maii</strong></span> <span class='ocrx_word' id='word_1_716' title='bbox 1229 5740 1354 5783; x_wconf 90' lang='lat' dir='ltr'><strong>tom.</strong></span> <span class='ocrx_word' id='word_1_717' title='bbox 1384 5728 1470 5794; x_wconf 88' lang='lat' dir='ltr'><strong>Ill,</strong></span> <span class='ocrx_word' id='word_1_718' title='bbox 1496 5744 1644 5781; x_wconf 90' lang='lat' dir='ltr'><strong>num.</strong></span> <span class='ocrx_word' id='word_1_719' title='bbox 1668 5729 1759 5783; x_wconf 79' lang='lat'><strong>‘20.</strong></span> <span class='ocrx_word' id='word_1_720' title='bbox 1780 5778 1791 5799; x_wconf 71' lang='grc'><em>,</em></span> 
     </span>
    </p>
   </div>
   <div class='ocr_carea' id='block_1_103' title="bbox 577 5796 2142 5919">
    <p class='ocr_par' dir='ltr' id='par_1_103' title="bbox 577 5796 2142 5919">
     <span class='ocr_line' id='line_1_103' title="bbox 577 5796 2142 5919; baseline 0.008 -74"><span class='ocrx_word' id='word_1_721' title='bbox 577 5880 612 5919; x_wconf 61' lang='lat' dir='ltr'><strong>n</strong></span> <span class='ocrx_word' id='word_1_722' title='bbox 645 5796 1051 5918; x_wconf 47' lang='lat' dir='ltr'><strong>(‘c)wTillemont</strong></span> <span class='ocrx_word' id='word_1_723' title='bbox 1078 5836 1093 5863; x_wconf 93' lang='lat'><strong>,</strong></span> <span class='ocrx_word' id='word_1_724' title='bbox 1152 5796 1240 5854; x_wconf 83' lang='lat' dir='ltr'><strong>Vie</strong></span> <span class='ocrx_word' id='word_1_725' title='bbox 1269 5799 1331 5854; x_wconf 83' lang='lat' dir='ltr'><strong>de</strong></span> <span class='ocrx_word' id='word_1_726' title='bbox 1386 5798 1447 5854; x_wconf 89' lang='lat' dir='ltr'><strong>S.</strong></span> <span class='ocrx_word' id='word_1_727' title='bbox 1500 5796 1805 5865; x_wconf 42' lang='lat' dir='ltr'><strong>At/tanase&#39;,</strong></span> <span class='ocrx_word' id='word_1_728' title='bbox 1836 5810 1940 5857; x_wconf 86' lang='lat' dir='ltr'><strong>art.</strong></span> <span class='ocrx_word' id='word_1_729' title='bbox 1973 5802 2035 5857; x_wconf 63' lang='lat' dir='ltr'><strong>li</strong></span> <span class='ocrx_word' id='word_1_730' title='bbox 2087 5810 2142 5859; x_wconf 84' lang='lat' dir='ltr'><strong>et</strong></span> 
     </span>
     <span class='ocr_line' id='line_1_104' title="bbox 615 5883 799 5919; baseline -0.005 -4"><span class='ocrx_word' id='word_1_731' title='bbox 615 5883 644 5918; x_wconf 76' lang='grc'><strong>0</strong></span> <span class='ocrx_word' id='word_1_732' title='bbox 673 5902 683 5913; x_wconf 89' lang='grc'><em>.</em></span> <span class='ocrx_word' id='word_1_733' title='bbox 784 5902 799 5919; x_wconf 73' lang='grc' dir='ltr'><strong><em>ο</em></strong></span> 
     </span>
    </p>
   </div>
   <div class='ocr_carea' id='block_1_104' title="bbox 615 5883 799 5919">
    <p class='ocr_par' dir='ltr' id='par_1_104' title="bbox 615 5883 799 5919">
     <span class='ocr_line' id='line_1_105' title="bbox 615 5883 799 5919; baseline 0.022 -4"><span class='ocrx_word' id='word_1_734' title='bbox 615 5883 683 5918; x_wconf 78' lang='grc' dir='ltr'><strong>οι.</strong></span> <span class='ocrx_word' id='word_1_735' title='bbox 720 5883 799 5919; x_wconf 75' lang='grc' dir='ltr'><strong>Ιυο</strong></span> 
     </span>
    </p>
   </div>
   <div class='ocr_carea' id='block_1_105' title="bbox 2247 4648 3834 4723">
    <p class='ocr_par' dir='ltr' id='par_1_105' title="bbox 2247 4648 3834 4723">
     <span class='ocr_line' id='line_1_106' title="bbox 2247 4648 3834 4723; baseline -0.002 -16"><span class='ocrx_word' id='word_1_736' title='bbox 2247 4664 2404 4709; x_wconf 89' lang='lat' dir='ltr'><strong>teret.</strong></span> <span class='ocrx_word' id='word_1_737' title='bbox 2432 4653 2527 4708; x_wconf 88' lang='lat' dir='ltr'><strong>Illo</strong></span> <span class='ocrx_word' id='word_1_738' title='bbox 2563 4654 2758 4723; x_wconf 90' lang='lat' dir='ltr'><strong>quippe</strong></span> <span class='ocrx_word' id='word_1_739' title='bbox 2792 4669 2969 4719; x_wconf 90' lang='lat' dir='ltr'><strong>anno,</strong></span> <span class='ocrx_word' id='word_1_740' title='bbox 3016 4652 3339 4708; x_wconf 87' lang='lat' dir='ltr'><strong>Eusebianis</strong></span> <span class='ocrx_word' id='word_1_741' title='bbox 3374 4650 3753 4712; x_wconf 91' lang='lat' dir='ltr'><strong>molientibus,</strong></span> <span class='ocrx_word' id='word_1_742' title='bbox 3778 4648 3834 4704; x_wconf 87' lang='lat' dir='ltr'><strong>in</strong></span> 
     </span>
    </p>
   </div>
   <div class='ocr_carea' id='block_1_106' title="bbox 2244 4743 3833 4815">
    <p class='ocr_par' dir='ltr' id='par_1_106' title="bbox 2244 4743 3833 4815">
     <span class='ocr_line' id='line_1_107' title="bbox 2244 4743 3833 4815; baseline -0.002 -18"><span class='ocrx_word' id='word_1_743' title='bbox 2244 4747 2539 4815; x_wconf 85' lang='lat' dir='ltr'><strong>perniciem</strong></span> <span class='ocrx_word' id='word_1_744' title='bbox 2572 4746 2856 4800; x_wconf 88' lang='lat' dir='ltr'><strong>Athanasii</strong></span> <span class='ocrx_word' id='word_1_745' title='bbox 2895 4744 3158 4801; x_wconf 66' lang='lat' dir='ltr'><strong>Caesareae</strong></span> <span class='ocrx_word' id='word_1_746' title='bbox 3195 4746 3245 4800; x_wconf 94' lang='lat' dir='ltr'><strong>in</strong></span> <span class='ocrx_word' id='word_1_747' title='bbox 3280 4745 3571 4800; x_wconf 65' lang='lat' dir='ltr'><strong>Palaestina</strong></span> <span class='ocrx_word' id='word_1_748' title='bbox 3628 4743 3833 4797; x_wconf 88' lang='lat' dir='ltr'><strong>indicta</strong></span> 
     </span>
    </p>
   </div>
   <div class='ocr_carea' id='block_1_107' title="bbox 2249 4835 3833 4910">
    <p class='ocr_par' dir='ltr' id='par_1_107' title="bbox 2249 4835 3833 4910">
     <span class='ocr_line' id='line_1_108' title="bbox 2249 4835 3833 4910; baseline -0.004 -17"><span class='ocrx_word' id='word_1_749' title='bbox 2249 4840 2486 4910; x_wconf 89' lang='lat' dir='ltr'><strong>synodus</strong></span> <span class='ocrx_word' id='word_1_750' title='bbox 2511 4848 2628 4904; x_wconf 86' lang='lat' dir='ltr'><strong>est;</strong></span> <span class='ocrx_word' id='word_1_751' title='bbox 2654 4848 2711 4893; x_wconf 91' lang='lat' dir='ltr'><strong>ut</strong></span> <span class='ocrx_word' id='word_1_752' title='bbox 2734 4838 3020 4892; x_wconf 77' lang='lat' dir='ltr'><strong>calumnire</strong></span> <span class='ocrx_word' id='word_1_753' title='bbox 3046 4839 3113 4892; x_wconf 91' lang='lat' dir='ltr'><strong>de</strong></span> <span class='ocrx_word' id='word_1_754' title='bbox 3130 4838 3298 4892; x_wconf 84' lang='lat' dir='ltr'><strong>calice</strong></span> <span class='ocrx_word' id='word_1_755' title='bbox 3323 4837 3520 4900; x_wconf 89' lang='lat' dir='ltr'><strong>fracto,</strong></span> <span class='ocrx_word' id='word_1_756' title='bbox 3553 4835 3621 4890; x_wconf 90' lang='lat' dir='ltr'><strong>de</strong></span> <span class='ocrx_word' id='word_1_757' title='bbox 3647 4849 3833 4889; x_wconf 89' lang='lat' dir='ltr'><strong>mensa</strong></span> 
     </span>
    </p>
   </div>
   <div class='ocr_carea' id='block_1_108' title="bbox 2253 4927 3835 4999">
    <p class='ocr_par' dir='ltr' id='par_1_108' title="bbox 2253 4927 3835 4999">
     <span class='ocr_line' id='line_1_109' title="bbox 2253 4927 3835 4999; baseline -0.003 -13"><span class='ocrx_word' id='word_1_758' title='bbox 2253 4932 2535 4997; x_wconf 89' lang='lat' dir='ltr'><strong>subversa,</strong></span> <span class='ocrx_word' id='word_1_759' title='bbox 2560 4942 2613 4986; x_wconf 90' lang='lat' dir='ltr'><strong>et</strong></span> <span class='ocrx_word' id='word_1_760' title='bbox 2638 4932 2703 4987; x_wconf 92' lang='lat' dir='ltr'><strong>de</strong></span> <span class='ocrx_word' id='word_1_761' title='bbox 2730 4930 2946 4986; x_wconf 85' lang='lat' dir='ltr'><strong>Arsenii</strong></span> <span class='ocrx_word' id='word_1_762' title='bbox 2972 4944 3105 4986; x_wconf 90' lang='lat' dir='ltr'><strong>nece</strong></span> <span class='ocrx_word' id='word_1_763' title='bbox 3138 4930 3205 4984; x_wconf 86' lang='lat' dir='ltr'><strong>ab</strong></span> <span class='ocrx_word' id='word_1_764' title='bbox 3234 4930 3368 4999; x_wconf 88' lang='lat' dir='ltr'><strong>ipsis</strong></span> <span class='ocrx_word' id='word_1_765' title='bbox 3401 4927 3835 4998; x_wconf 68' lang='lat' dir='ltr'><strong>COllSpil‘alioniS</strong></span> 
     </span>
    </p>
   </div>
   <div class='ocr_carea' id='block_1_109' title="bbox 2252 5022 3836 5094">
    <p class='ocr_par' dir='ltr' id='par_1_109' title="bbox 2252 5022 3836 5094">
     <span class='ocr_line' id='line_1_110' title="bbox 2252 5022 3836 5094; baseline -0.003 -17"><span class='ocrx_word' id='word_1_766' title='bbox 2252 5023 2564 5079; x_wconf 91' lang='lat' dir='ltr'><strong>auctoribus</strong></span> <span class='ocrx_word' id='word_1_767' title='bbox 2588 5024 3038 5094; x_wconf 90' lang='lat' dir='ltr'><strong>disquirerentur.</strong></span> <span class='ocrx_word' id='word_1_768' title='bbox 3077 5022 3238 5089; x_wconf 87' lang='lat' dir='ltr'><strong>Quod</strong></span> <span class='ocrx_word' id='word_1_769' title='bbox 3271 5022 3469 5076; x_wconf 91' lang='lat' dir='ltr'><strong>malum</strong></span> <span class='ocrx_word' id='word_1_770' title='bbox 3504 5031 3562 5074; x_wconf 91' lang='lat' dir='ltr'><strong>ut</strong></span> <span class='ocrx_word' id='word_1_771' title='bbox 3594 5034 3836 5091; x_wconf 69' lang='lat' dir='ltr'><strong>prmver-</strong></span> 
     </span>
    </p>
   </div>
   <div class='ocr_carea' id='block_1_110' title="bbox 2253 5115 3833 5187">
    <p class='ocr_par' dir='ltr' id='par_1_110' title="bbox 2253 5115 3833 5187">
     <span class='ocr_line' id='line_1_111' title="bbox 2253 5115 3833 5187; baseline 0.001 -19"><span class='ocrx_word' id='word_1_772' title='bbox 2253 5123 2391 5169; x_wconf 90' lang='lat' dir='ltr'><strong>teret</strong></span> <span class='ocrx_word' id='word_1_773' title='bbox 2417 5116 2777 5184; x_wconf 89' lang='lat' dir='ltr'><strong>Athanasius,</strong></span> <span class='ocrx_word' id='word_1_774' title='bbox 2814 5116 3038 5172; x_wconf 69' lang='lat' dir='ltr'><strong>detecta:</strong></span> <span class='ocrx_word' id='word_1_775' title='bbox 3071 5115 3441 5187; x_wconf 70' lang='lat' dir='ltr'><strong>sycophantiae</strong></span> <span class='ocrx_word' id='word_1_776' title='bbox 3476 5125 3833 5170; x_wconf 89' lang='lat' dir='ltr'><strong>monumenta</strong></span> 
     </span>
    </p>
   </div>
   <div class='ocr_carea' id='block_1_111' title="bbox 2253 5206 3836 5279">
    <p class='ocr_par' dir='ltr' id='par_1_111' title="bbox 2253 5206 3836 5279">
     <span class='ocr_line' id='line_1_112' title="bbox 2253 5206 3836 5279; baseline 0.001 -20"><span class='ocrx_word' id='word_1_777' title='bbox 2253 5206 2564 5276; x_wconf 91' lang='lat' dir='ltr'><strong>imperatori</strong></span> <span class='ocrx_word' id='word_1_778' title='bbox 2614 5209 2870 5274; x_wconf 90' lang='lat' dir='ltr'><strong>remisit,</strong></span> <span class='ocrx_word' id='word_1_779' title='bbox 2917 5223 3022 5279; x_wconf 92' lang='lat' dir='ltr'><strong>quo</strong></span> <span class='ocrx_word' id='word_1_780' title='bbox 3058 5208 3255 5263; x_wconf 87' lang='lat' dir='ltr'><strong>factum</strong></span> <span class='ocrx_word' id='word_1_781' title='bbox 3280 5218 3338 5262; x_wconf 90' lang='lat' dir='ltr'><strong>ut</strong></span> <span class='ocrx_word' id='word_1_782' title='bbox 3366 5207 3455 5261; x_wconf 89' lang='lat' dir='ltr'><strong>ille</strong></span> <span class='ocrx_word' id='word_1_783' title='bbox 3493 5206 3836 5262; x_wconf 87' lang='lat' dir='ltr'><strong>Eusebianos</strong></span> 
     </span>
    </p>
   </div>
   <div class='ocr_carea' id='block_1_112' title="bbox 2253 5298 3835 5371">
    <p class='ocr_par' dir='ltr' id='par_1_112' title="bbox 2253 5298 3835 5371">
     <span class='ocr_line' id='line_1_113' title="bbox 2253 5298 3835 5371; baseline -0.001 -18"><span class='ocrx_word' id='word_1_784' title='bbox 2253 5299 2307 5353; x_wconf 91' lang='lat' dir='ltr'><strong>in</strong></span> <span class='ocrx_word' id='word_1_785' title='bbox 2359 5298 2701 5355; x_wconf 60' lang='lat' dir='ltr'><strong>Palaestinam</strong></span> <span class='ocrx_word' id='word_1_786' title='bbox 2748 5308 3107 5371; x_wconf 89' lang='lat' dir='ltr'><strong>properantes</strong></span> <span class='ocrx_word' id='word_1_787' title='bbox 3138 5308 3457 5365; x_wconf 89' lang='lat' dir='ltr'><strong>revocaret,</strong></span> <span class='ocrx_word' id='word_1_788' title='bbox 3488 5308 3546 5354; x_wconf 90' lang='lat' dir='ltr'><strong>et</strong></span> <span class='ocrx_word' id='word_1_789' title='bbox 3575 5315 3604 5354; x_wconf 90' lang='lat' dir='ltr'><strong>a</strong></span> <span class='ocrx_word' id='word_1_790' title='bbox 3644 5299 3835 5367; x_wconf 72' lang='lat' dir='ltr'><strong>coeptis</strong></span> 
     </span>
    </p>
   </div>
   <div class='ocr_carea' id='block_1_113' title="bbox 2251 5390 3831 5461">
    <p class='ocr_par' dir='ltr' id='par_1_113' title="bbox 2251 5390 3831 5461">
     <span class='ocr_line' id='line_1_114' title="bbox 2251 5390 3831 5461; baseline -0.003 -16"><span class='ocrx_word' id='word_1_791' title='bbox 2251 5392 2599 5460; x_wconf 85' lang='lat' dir='ltr'><strong>perficiundis</strong></span> <span class='ocrx_word' id='word_1_792' title='bbox 2625 5401 2854 5446; x_wconf 85' lang='lat' dir='ltr'><strong>arceret.</strong></span> <span class='ocrx_word' id='word_1_793' title='bbox 2882 5391 3101 5461; x_wconf 85' lang='lat' dir='ltr'><strong>Aliquot</strong></span> <span class='ocrx_word' id='word_1_794' title='bbox 3138 5400 3314 5446; x_wconf 88' lang='lat' dir='ltr'><strong>autem</strong></span> <span class='ocrx_word' id='word_1_795' title='bbox 3340 5390 3500 5444; x_wconf 88' lang='lat' dir='ltr'><strong>annis</strong></span> <span class='ocrx_word' id='word_1_796' title='bbox 3535 5399 3831 5445; x_wconf 86' lang='lat' dir='ltr'><strong>anteanam</strong></span> 
     </span>
    </p>
   </div>
   <div class='ocr_carea' id='block_1_114' title="bbox 2252 5481 3834 5552">
    <p class='ocr_par' dir='ltr' id='par_1_114' title="bbox 2252 5481 3834 5552">
     <span class='ocr_line' id='line_1_115' title="bbox 2252 5481 3834 5552; baseline -0.003 -15"><span class='ocrx_word' id='word_1_797' title='bbox 2252 5484 2487 5552; x_wconf 90' lang='lat' dir='ltr'><strong>synodus</strong></span> <span class='ocrx_word' id='word_1_798' title='bbox 2512 5481 2863 5540; x_wconf 77' lang='lat' dir='ltr'><strong>Czcsariensis</strong></span> <span class='ocrx_word' id='word_1_799' title='bbox 2888 5483 3237 5552; x_wconf 88' lang='lat' dir='ltr'><strong>indiceretur,</strong></span> <span class='ocrx_word' id='word_1_800' title='bbox 3269 5481 3539 5538; x_wconf 82' lang='lat' dir='ltr'><strong>Meletiani</strong></span> <span class='ocrx_word' id='word_1_801' title='bbox 3574 5481 3834 5537; x_wconf 84' lang='lat' dir='ltr'><strong>Eusebia-</strong></span> 
     </span>
    </p>
   </div>
   <div class='ocr_carea' id='block_1_115' title="bbox 2321 5664 2565 5735">
    <p class='ocr_par' dir='ltr' id='par_1_115' title="bbox 2321 5664 2565 5735">
     <span class='ocr_line' id='line_1_116' title="bbox 2321 5664 2565 5735; baseline 0.016 -20"><span class='ocrx_word' id='word_1_802' title='bbox 2321 5664 2396 5735; x_wconf 75' lang='grc' dir='ltr'><strong>(ά)</strong></span> <span class='ocrx_word' id='word_1_803' title='bbox 2423 5664 2565 5719; x_wconf 84' lang='lat' dir='ltr'><strong>Ibid.</strong></span> 
     </span>
    </p>
   </div>
   <div class='ocr_carea' id='block_1_116' title="bbox 2320 5735 2789 5805">
    <p class='ocr_par' dir='ltr' id='par_1_116' title="bbox 2320 5735 2789 5805">
     <span class='ocr_line' id='line_1_117' title="bbox 2320 5735 2789 5805; baseline 0.006 -19"><span class='ocrx_word' id='word_1_804' title='bbox 2320 5742 2390 5797; x_wconf 88' lang='lat' dir='ltr'><strong>(e)</strong></span> <span class='ocrx_word' id='word_1_805' title='bbox 2422 5735 2583 5803; x_wconf 83' lang='lat' dir='ltr'><strong>lbid.,</strong></span> <span class='ocrx_word' id='word_1_806' title='bbox 2611 5752 2662 5805; x_wconf 76' lang='grc' dir='ltr'>ρ.</span> <span class='ocrx_word' id='word_1_807' title='bbox 2697 5737 2789 5789; x_wconf 72' lang='lat' dir='ltr'><strong>es.</strong></span> 
     </span>
    </p>
   </div>
   <div class='ocr_carea' id='block_1_117' title="bbox 2322 5806 2791 5877">
    <p class='ocr_par' dir='ltr' id='par_1_117' title="bbox 2322 5806 2791 5877">
     <span class='ocr_line' id='line_1_118' title="bbox 2322 5806 2791 5877; baseline -0.006 -13"><span class='ocrx_word' id='word_1_808' title='bbox 2322 5806 2387 5877; x_wconf 72' lang='grc' dir='ltr'><strong>(Ι)</strong></span> <span class='ocrx_word' id='word_1_809' title='bbox 2431 5806 2567 5861; x_wconf 66' lang='lat' dir='ltr'><strong>Haer.</strong></span> <span class='ocrx_word' id='word_1_810' title='bbox 2602 5822 2791 5861; x_wconf 77' lang='lat' dir='ltr'><strong>LxVItt.</strong></span> 
     </span>
    </p>
   </div>
  </div>
