3990 6538
1192 475 1276 526 DE
1314 474 1470 527 V'lTA
1512 474 1596 527 ET
1642 473 1947 529 SCRIPTIS
1984 475 2041 529 S.
2079 474 2470 531 ATllANASIl.

3264 490 3443 531 CLXV“

160 597 332 636 norum
370 598 556 640 suasu
621 590 877 647 crimina
934 591 983 644 in
1028 591 1387 644 Athanasium
1441 594 1729 644 connnenti
1759 632 1773 655 ,
1806 598 1849 652 Α
1879 592 2003 660 quia
2034 593 2239 647 scilicet
2281 593 2646 659 Hieronymus
2691 590 2790 645 sub
2830 591 2989 645 tinem
3045 593 3257 661 imperii
3304 593 3447 647 Con-

164 676 326 729 turbas
366 691 476 743 per
532 678 864 751 Egyptum
914 690 1229 746 moverant,
1266 681 1330 731 ad
1388 680 1774 748 imperatorem

164 764 406 821 confictas
464 777 888 828 accusationes
926 774 1267 837 detulerant,
1306 776 1662 828 Athanasium
1711 792 1775 829 eo

164 857 514 923 deduxerant,
554 873 623 916 ut
674 865 767 918 sui
800 867 1062 935 purgandi
1114 881 1274 918 causa
1307 866 1671 921 Nicomediam
1708 871 1772 921 ad

170 950 551 1019 imperatorem
612 971 681 1010 se
734 958 1054 1012 conferret:
1089 961 1267 1012 omnia
1316 961 1543 1013 tumultu
1597 961 1773 1028 reple-

171 1053 357 1096 verant.
412 1045 535 1099 Nec
606 1048 841 1102 videtur
898 1051 950 1102 in
1010 1050 1137 1102 illud
1201 1060 1410 1117 tempus
1472 1062 1773 1121 opportune

174 1149 308 1202 posse
337 1136 654 1192 Athanasii
716 1142 772 1193 in
820 1141 1149 1196 Thebaidem
1202 1146 1592 1212 profectionem
1642 1163 1770 1202 con-

178 1226 303 1285 ferri.
1180 1298 1187 1305 .

624 1325 1158 1388 ANIMADVERSIO
1193 1332 1325 1387 Vlll.

284 1411 402 1477 Quo
438 1426 694 1485 tempore
724 1422 990 1475 Antonius
1028 1424 1403 1477 Alexandriam
1433 1424 1641 1478 venerit.

236 1501 442 1570 Ariani,
472 1512 806 1564 rumoribus
840 1513 891 1565 itt
921 1526 1079 1568 secta:
1107 1531 1217 1568 sua:
1242 1516 1468 1584 gratiam
1501 1532 1767 1585 spargen-

181 1594 250 1647 dis
272 1597 594 1667 pervigiles,
632 1602 937 1655 Antonium
992 1607 1375 1659 monachorum
1423 1617 1629 1673 patrem
1675 1606 1769 1659 do-

184 1688 346 1741 ctrina-
384 1688 585 1746 favere
620 1708 738 1746 suae
785 1710 912 1748 cum
943 1694 1220 1749 elfutireut
1245 1739 1259 1763 ,
1292 1698 1558 1751 Antonius
1585 1697 1765 1766 suspi-

183 1777 299 1829 cioni
344 1779 621 1845 levanda},
673 1786 996 1853 rogantibus
1048 1788 1347 1854 episcopis,
1383 1788 1764 1842 Alexandriam

181 1879 437 1936 properat.
469 1869 575 1924 Ubi
610 1874 796 1942 palam
818 1891 877 1928 se
896 1876 1126 1930 Arianos
1160 1878 1414 1932 detestari
1451 1878 1726 1947 professus
1748 1919 1761 1940 ,

1880 685 2061 738 stautii
2095 700 2151 737 se
2176 684 2432 737 infantem
2467 684 2635 738 fuisse
2667 684 2799 737 dicit
2832 700 2845 735 :
2880 698 2997 751 quae
3028 683 3277 752 loquendi
3310 686 3448 740 ratio

1878 776 2018 843 apud
2045 776 2428 847 Hieronymum
2458 776 2736 845 frequens,
2770 776 2835 831 de
2861 777 3150 830 tricenario
3187 792 3445 845 expressa

1877 879 2259 932 nonnunquam
2295 870 2433 936 apud
2488 870 2735 919 eumdem
2789 866 3109 935 scriptorem
3150 867 3449 933 deprehen-

1876 955 2059 1021 ditur;
2092 966 2148 1008 nt
2176 957 2420 1023 pluribus
2451 973 2563 1009 rem
2601 957 2977 1026 comprobabit
3011 957 3071 1010 D.
3106 957 3446 1011 Martianteas

1874 1057 2059 1102 noster
2085 1050 2133 1102 in
2184 1049 2305 1103 Vita
2336 1050 2668 1120 Hieronymi.
2703 1050 2835 1105 Cum
2869 1051 3054 1118 itaque
3085 1050 3444 1119 Hieronymus

1873 1156 2014 1195 anno
2043 1142 2149 1195 420
2208 1143 2369 1197 finem
2404 1145 2614 1197 vivendi
2653 1144 2877 1206 fecerit,
2928 1142 3294 1211 nonagenario
3326 1156 3445 1210 pro-

1872 1233 2049 1287 ximus
2079 1272 2093 1297 ,
2145 1234 2258 1287 sive
2313 1245 2370 1288 ut
2414 1245 2568 1289 vetus
2611 1236 2745 1289 Vita:
2794 1235 2913 1303 ejus
2965 1235 3200 1302 scriptor
3254 1243 3441 1286 narrat

1872 1341 2111 1379 1.xxxvut
2148 1341 2413 1379 annorum
2450 1342 2652 1396 sexque
2684 1328 2972 1389 mensium,
3001 1342 3120 1394 qute
3152 1326 3280 1377 item
3308 1324 3442 1376 Era-

1858 1417 1971 1470 smi
1996 1418 2260 1471 sententia
2298 1418 2431 1482 fuit,
2465 1433 2606 1470 anno
2635 1434 2765 1471 χχιιι
2792 1417 2875 1471 vel
2898 1433 3045 1470 χχχιι
3072 1426 3247 1469 ortum
3276 1416 3445 1469 duxe-

1871 1510 1959 1563 rit.
1988 1510 2146 1563 Aliud
2180 1513 2244 1564 de
2277 1512 2504 1581 Didyme
2541 1510 2826 1563 admodum
2864 1510 2978 1563 leve
3004 1520 3087 1563 est
3117 1528 3130 1560 :
3165 1524 3289 1561 nam
3329 1508 3443 1561 s'ive

1869 1619 2130 1658 annorum
2177 1620 2300 1657 xxvi
2352 1621 2471 1658 cum
2502 1605 2770 1657 Antonius
2814 1603 3198 1656 Alexandriam
3231 1603 3435 1669 migra—

1870 1706 1971 1756 ret,
2000 1696 2114 1749 sive
2155 1698 2317 1751 etiam
2352 1696 2687 1764 aliquantum
2729 1695 2914 1763 junior
2950 1695 3159 1759 fuisset,
3212 1710 3316 1746 non
3343 1694 3441 1745 itu-

1868 1798 2079 1844 tnatnre
2126 1790 2339 1844 dicatur
2382 1788 2511 1859 jam'
2547 1790 2638 1844 illa
2677 1798 2840 1843 aetate
2870 1787 3325 1857 eum'disciplinis
3360 1788 3442 1840 in-

1868 1891 2133 1936 structum
2173 1893 2429 1952 tantaque
2457 1884 2863 1952 Scripturarum
2911 1883 3263 1952 intelligentia
3312 1896 3443 1950 pra:-

178 1959 407 2013 hzeresim
436 1961 590 2016 illam
625 1964 957 2019 Antichristi
997 1968 1342 2035 prodromum
1374 1982 1494 2022 esse
1518 1969 1761 2023 declara-
1797 1956 1838 2010 Β
1867 1973 2037 2027 ditum
2082 1974 2249 2029 fuisse
2275 2017 2289 2040 ,
2323 1987 2378 2029 ut
2419 1979 2585 2029 mirer
2623 1978 2787 2031 talem
2836 1977 3123 2030 adversum
3172 1974 3437 2029 rationem

177 2052 259 2104 vit.
296 2050 451 2107 Hunc
478 2056 708 2109 Antonii
748 2056 1055 2125 profectum
1098 2074 1194 2114 nos
1226 2060 1277 2112 in
1316 2074 1511 2113 annum
1545 2062 1763 2116 circiter

176 2142 266 2197 554
309 2144 393 2198 his
449 2146 521 2200 de
573 2148 759 2201 causis
812 2147 1184 2217 conjecimus,
1246 2149 1388 2218 quod
1438 2151 1763 2207 Athanasius

177 2237 255 2303 qui
283 2236 333 2289 in
379 2234 507 2290 Vita
559 2238 787 2291 Antonii
839 2241 1096 2309 temporis
1122 2241 1365 2296 ordinem
1400 2243 1643 2312 apprime
1673 2259 1760 2298 sc-

177 2336 365 2392 ctatur,
414 2339 549 2382 ante
594 2331 799 2384 missas
837 2346 867 2383 a
918 2330 1273 2386 Constantino
1321 2332 1641 2401 imperatore
1693 2335 1760 2387 ad

177 2418 463 2474 Antonium
494 2422 717 2477 litteras
743 2464 758 2487 ,
790 2424 930 2477 hanc
964 2440 1075 2478 rem
1128 2425 1335 2494 scripto
1367 2427 1667 2495 consignet.
1697 2426 1763 2481 Et

177 2525 294 2565 sane
325 2527 387 2566 ea
429 2514 790 2568 accuratione
832 2514 921 2569 ille
947 2516 1167 2570 Antonii
1200 2529 1351 2586 gesta
1394 2528 1658 2583 recenset,
1703 2526 1761 2572 ut

179 2616 237 2656 ne
259 2603 341 2657 vel
394 2621 565 2657 uuam
619 2620 733 2659 rem
770 2615 978 2675 gestam
1024 2620 1356 2677 praepostere
1392 2625 1619 2664 narrare
1663 2608 1759 2663 de-

182 2696 497 2763 prehendas.
556 2695 636 2751 Ne
666 2708 855 2750 autem
891 2707 1013 2767 post
1062 2714 1262 2752 annum
1296 2698 1401 2753 555
1470 2700 1521 2753 id
1573 2699 1757 2769 reponi

182 2801 326 2854 posse
380 2800 644 2858 putemus
692 2799 846 2843 vetat
900 2792 1254 2858 Athanasius,
1287 2793 1375 2861 qui
1411 2792 1486 2844 ait
1531 2806 1589 2845 se
1637 2806 1758 2846 cum

180 2877 434 2931 Antonius
479 2878 716 2932 accessit
746 2918 763 2942 ,
796 2878 1139 2933 Alexandria:
1168 2879 1353 2933 fuisse.
1405 2882 1473 2933 At
1517 2882 1584 2934 ab
1617 2895 1759 2935 anno

178 2970 270 3025 555
294 3012 308 3035 ,
353 2975 484 3027 dum
521 2974 730 3026 viveret
772 2972 1163 3027 Constantinus
1188 3015 1203 3039 ,
1234 2974 1617 3027 Alexandriam
1653 2990 1756 3028 non

179 3066 299 3119 vidit
340 3066 473 3132 ille,
511 3068 604 3135 qui
663 3076 783 3121 toto
831 3068 1084 3136 deinceps
1128 3068 1470 3123 Constantini
1518 3078 1760 3137 tempore

179 3155 403 3213 Treviris
438 3160 758 3213 exsulabat.
814 3159 879 3212 Et
911 3169 1085 3213 tamen
1140 3175 1207 3214 ex
1252 3159 1539 3213 Athanasii
1592 3161 1754 3223 serie,

176 3247 523 3305 Constantino
576 3252 891 3320 imperante
920 3252 1212 3305 Antonium
1245 3250 1624 3304 Alexandriam
1668 3266 1757 3305 ve-

1868 2066 2060 2120 adduci
2101 2067 2153 2121 in
2179 2068 2433 2121 medium.
2461 2068 2638 2135 Quare
2663 2069 2798 2123 nihil
2826 2069 2891 2121 ad
2932 2068 3125 2122 seriem
3154 2064 3441 2118 Athanasii

1868 2157 2330 2213 interturbandam
2380 2162 2637 2214 momenti
2688 2160 2919 2213 alit-runt
2975 2167 3292 2227 argumenta
3348 2156 3441 2209 illa

1866 2264 1929 2305 ex
1965 2251 2171 2323 Didymi
2211 2261 2267 2307 et
2309 2251 2623 2323 Hieronymi
2669 2263 2829 2305 aetate
2875 2252 3062 2320 petita.
3101 2249 3251 2302 Addo
3293 2247 3438 2299 nulla

1868 2343 2028 2398 modo
2056 2354 2201 2397 stare
2236 2359 2395 2413 posse
2425 2344 2755 2397 Tillemontii
2789 2342 3143 2403 sententiam,
3182 2355 3283 2409 qua
3319 2338 3436 2404 ejus

1866 2435 2251 2489 Alexandriam
2286 2438 2388 2488 iter
2423 2436 2473 2488 in
2506 2451 2705 2487 annntn
2749 2433 2959 2487 confert
3007 2430 3134 2496 559.,
3171 2432 3221 2482 id
3251 2440 3335 2482 est
3380 2431 3433 2480 in

1868 2526 2030 2581 finem
2060 2528 2180 2580 vita:
2217 2526 2386 2579 illius.
2424 2525 2506 2579 Me
2551 2525 2745 2594 quippe
2776 2524 2910 2593 fugit
2964 2538 3084 2589 quae
3112 2535 3271 2573 causa
3309 2528 3435 2570 tunc

1865 2626 1984 2670 erat
2028 2627 2087 2671 ut
2117 2617 2386 2671 Antonius
2441 2616 2758 2669 imminente
2796 2613 2908 2681 jam
2950 2613 3099 2666 obitu
3138 2625 3194 2663 se
3223 2610 3437 2663 Arianis

1866 2724 1971 2763 non
2020 2710 2201 2763 favere
2254 2708 2657 2773 testiﬁcaretur,
2705 2705 2795 2774 qui
2846 2721 2927 2759 ex'
2967 2720 3073 2774 quo
3118 2702 3432 2773 pervulgata

1865 2798 2033 2866 pestis
2074 2798 2163 2851 illa
2199 2797 2317 2860 fuit,
2346 2796 2631 2851 classicum
2670 2797 2721 2849 in
2748 2793 3019 2848 Thebaide
3043 2795 3271 2848 canebat
3299 2807 3433 2845 con-

1868 2899 1949 2942 tra
1992 2890 2270 2943 haereticos
2298 2929 2313 2955 ,
2346 2889 2434 2956 qui
2468 2889 2533 2940 ad
2596 2888 2973 2955 imperatorem
3023 2884 3434 2939 Constantinum

1864 2980 2146 3033 Athanasii
2177 2979 2379 3033 exsulis
2412 2975 2694 3030 revocandi
2733 2976 2905 3044 gratia
2948 2975 3156 3027 litteras
3189 2973 3434 3035 miserat,

1866 3069 1957 3139 qui
2008 3067 2248 3135 Balacio,
2287 3066 2407 3120 duci
2446 3064 2661 3118 Arionis
2699 3064 2896 3125 amico,
2928 3061 3223 3115 Catholicis
3254 3057 3432 3110 infen-

1866 3160 2107 3225 sissitno,
2154 3170 2379 3213 mortem
2430 3172 2572 3209 anno
2595 3156 2693 3207 5H
2732 3156 2847 3224 ejus
2895 3154 2969 3206 rei
2992 3166 3155 3205 causa
3186 3150 3435 3203 intermi-

1866 3261 2046 3316 natur,
2073 3265 2193 3318 qua:
2219 3264 2314 3303 nec
2353 3248 2443 3302 diu
2482 3256 2666 3315 postea
2702 3246 2986 3299 subsecuta
3029 3252 3135 3305 est,
3164 3242 3252 3310 qui
3275 3241 3433 3291 Atia-

178 3339 310 3394 uisse
357 3355 589 3395 necesse
640 3350 745 3396 est.
783 3339 900 3394 Huc
942 3340 1153 3393 accedit
1182 3340 1475 3392 Antonium
1525 3341 1579 3393 in
1637 3356 1761 3411 gra~
1788 3318 1830 3375 ο
1864 3357 1961 3398 nos
2003 3356 2238 3411 semper,
2282 3352 2340 3394 ut
2372 3339 2704 3393 Athanasius
2737 3338 2916 3399 habet,
2941 3350 3042 3388 ceu
3074 3348 3237 3386 canes
3266 3331 3432 3400 pelle-

176 3430 295 3484 tiam
329 3434 625 3486 Athanasii
656 3432 869 3487 exsulis
892 3432 957 3484 ad
980 3430 1399 3485 Constantinum
1432 3430 1715 3500 scripsisse
1743 3472 1758 3496 ,

175 3527 460 3578 secundum
489 3540 634 3593 quas
658 3524 821 3578 datas
862 3521 1090 3585 litteras,
1124 3523 1217 3592 qui
1259 3522 1529 3587 potuerint
1567 3522 1757 3575 Ariani

174 3616 415 3680 eiiutire,
448 3632 515 3672 ac
567 3616 785 3686 populis
841 3616 1074 3670 suadere
1119 3615 1417 3668 Antonium
1468 3628 1533 3667 ex
1585 3613 1760 3681 parti-

174 3708 264 3763 bus
303 3720 453 3763 stare
510 3709 669 3773 suis;
723 3711 801 3760 ita
864 3715 921 3758 ut
973 3708 1131 3776 hujus
1185 3705 1425 3758 levandae
1483 3704 1758 3772 opinionis

173 3817 291 3874 ergo
326 3816 553 3856 necesse
602 3800 775 3855 fuerit
818 3799 1111 3853 Antonium
1144 3798 1533 3855 Alexandriam
1575 3816 1758 3857 arces-

176 3908 305 3949 $828.

244 3986 433 4039 Verum
500 3984 663 4039 annis
720 3997 894 4059 prope
948 3982 1137 4052 viginti
1194 3985 1404 4040 tardius
1460 3988 1757 4045 Tillemon-

183 4077 273 4132 tius
294 4079 367 4148 (a)
390 4079 539 4132 hunc
584 4077 896 4147 profectum
933 4077 1150 4130 Antonii
1184 4082 1377 4133 statuit
1406 4080 1490 4135 his
1525 4083 1589 4139 de
1624 4099 1753 4138 cau-

181 4168 275 4221 sis:
301 4171 473 4238 primo
490 4169 616 4239 quia
666 4167 1035 4238 llieronymus
1063 4169 1382 4223 testificatur
1410 4187 1467 4226 se
1495 4172 1755 4229 infantem

183 4257 335 4315 fuisse
371 4276 492 4314 cum
524 4262 812 4314 Antonius
844 4260 1229 4313 Alexandriam
1279 4264 1469 4318 venit:
1503 4260 1626 4319 cum
1661 4283 1757 4320 au-

184 4357 276 4402 tem
307 4349 667 4421 Hieronymus
712 4361 860 4401 anno
890 4345 997 4400 542
1036 4348 1116 4401 vel
1158 4348 1263 4402 545
1290 4361 1446 4404 natus
1482 4354 1623 4421 apud
1656 4351 1755 4405 Ba—

185 4442 375 4494 ronium
432 4440 669 4505 feratur,
722 4452 833 4490 non
882 4447 1059 4506 potest
1114 4449 1358 4508 tempore
1410 4440 1752 4496 Constantini

184 4534 375 4589 venisse
403 4532 807 4589 Alexandriam
830 4570 845 4593 ,
875 4547 997 4584 nam
1029 4531 1326 4601 imperator
1358 4532 1446 4587 ille
1486 4548 1628 4588 anno
1650 4535 1753 4588 557

1860 3436 1955 3490 bat
1985 3451 1999 3488 :
2032 3450 2099 3487 an
2153 3433 2455 3500 huiusmodi
2500 3430 2601 3484 viri
2630 3429 2789 3483 dubia
2823 3431 2887 3481 ad
2914 3428 3074 3481 linem
3104 3439 3274 3493 usque
3309 3423 3431 3475 vita:

1860 3527 1925 3581 tle
1955 3527 2173 3581 Arianis
2201 3524 2513 3580 sententia?
2540 3522 2630 3588 At,
2660 3522 2790 3575 dicit
2828 3518 3225 3583 Tillemontius,
3258 3518 3432 3583 impu-

1862 3619 2167 3674 dentissitni
2218 3618 2465 3671 homines
2512 3623 2664 3670 erant
2697 3612 2907 3677 Ariani,
2943 3611 3033 3679 qui
3068 3610 3151 3662 vel
3187 3611 3236 3661 in
3273 3622 3431 3675 aper-

1862 3712 2085 3767 tissimis
2135 3712 2293 3765 rebus
2314 3749 2328 3774 ,
2359 3712 2401 3764 si
2433 3724 2464 3764 e
2488 3722 2572 3770 ,re
2622 3706 2735 3761 fore
2766 3722 2860 3759 sua
2895 3712 3197 3772 sperarent,
3230 3701 3429 3753 menti-

1862 3814 2066 3858 rentur.
2096 3803 2295 3859 Verum
2342 3802 2413 3856 illi
2462 3798 2737 3871 patefacto
2780 3798 3052 3851 sexcentis
3097 3793 3431 3861 argumentis

1859 3897 2077 3949 Antonii
2109 3911 2232 3963 erga
2264 3909 2321 3948 se
2360 3894 2504 3957 odio,
2536 3906 2660 3946 eum
2708 3888 2859 3943 nihili
2904 3887 3170 3941 faciebant
3212 3899 3275 3938 ac
3308 3884 3430 3935 vili-

1861 3988 2199 4057 pendebant,
2243 3985 2438 4039 nedum
2492 3991 2548 4035 ut
2597 3994 2708 4035 suae
2760 3988 2919 4034 secta:
2976 3978 3242 4031 hominem
3274 3963 3429 4044 prae-

1859 4078 2125 4131 dicarent.
2162 4074 2254 4128 Sic
2301 4072 2596 4143 Gregorius
2628 4071 2863 4122 Arianus
2893 4068 3011 4137 ejus
3052 4068 3259 4120 litteras
3306 4079 3429 4118 cmn

1858 4167 2149 4239 ignominia
2181 4178 2234 4220 et
2267 4167 2379 4220 risu
2414 4162 2643 4231 excepit,
2668 4172 2968 4230 auctorque
2998 4159 3215 4214 Balacio
3247 4159 3345 4210 fuit
3374 4167 3432 4207 ut

1858 4261 1911 4315 in
1942 4276 2036 4315 eas
2070 4259 2215 4313 humi
2267 4257 2537 4327 projectas
2580 4254 2921 4309 contumelia:
2954 4268 3117 4305 causa
3168 4264 3431 4317 conspue-

1860 4362 1963 4418 ret,
1992 4352 2277 4419 idquejam
2300 4350 2368 4401 ab
2396 4363 2535 4401 anno
2566 4345 2663 4400 5H
2692 4344 2919 4397 εΕῖποτε
2943 4339 3054 4405 οὖν,
3087 4343 3167 4396 sic
3192 4342 3431 4395 Athana-

1857 4446 1969 4498 sius
1992 4445 2086 4515 (b),
2141 4444 2168 4495 ὀ
2194 4441 2381 4511 Πατὴρ
2416 4436 2718 4501 Ἀντώνιος,
2755 4439 2818 4487 ἐκ
2855 4433 2947 4487 τοῦ
2984 4433 3142 4504 ὅρους
3173 4432 3429 4502 ἔγραφεν,

1857 4535 2045 4604 ὥσπερ
2071 4533 2346 4604 βδέλυγμα
2389 4527 2695 4601 ἁμαρτωλῴ
2724 4526 2999 4578 Θεοσὲὅεια
3026 4564 3039 4586 ,
3071 4524 3240 4585 οὕτως
3285 4523 3433 4573 ἐϐδε-

183 4625 329 4692 obiit,
357 4628 561 4697 aliquot
585 4624 808 4681 scilicet
838 4624 994 4676 annis
1017 4633 1145 4677 ante
1184 4623 1505 4697 Hieronymi
1547 4637 1748 4681 ortum.

1864 4628 2086 4681 λύσειετο
2121 4626 2189 4679 τὰ
2212 4626 2305 4677 τοῦ
2344 4624 2499 4690 ἁγίου
2549 4620 2884 4690 γράμματα·
2912 4617 2973 4669 Si
3011 4616 3222 4683 quando
3270 4615 3434 4681 igitur

182 4718 251 4770 Ad
298 4721 407 4773 haec
438 4720 706 4789 Didymus
736 4754 752 4779 ,
810 4723 944 4769 teste
996 4714 1326 4788 Hieronymo
1356 4756 1372 4782 ,
1405 4718 1478 4771 ita
1528 4719 1755 4774 florebat

178 4825 287 4862 cum
314 4812 578 4864 Antonius
610 4807 1008 4862 Alexandriam
1033 4810 1203 4873 venit,
1239 4818 1298 4863 ut
1322 4809 1465 4863 fama
1496 4811 1597 4865 viri
1630 4827 1754 4879 per-

182 4913 343 4957 motus
365 4905 454 4957 ille
484 4904 667 4973 ipsttm
710 4899 953 4953 adierit:
985 4908 1039 4952 at
1068 4898 1115 4953 is
1145 4915 1266 4954 cum
1302 4915 1448 4954 anno
1475 4901 1601 4966 592,
1643 4917 1753 4970 quo

184 4991 516 5064 Hieronymus
591 4994 800 5047 librum
860 4990 938 5044 De
985 4990 1322 5060 scriptoribus
1381 4991 1751 5046 ecclesiasticis

185 5088 478 5150 adornavit,
514 5100 731 5142 Lxxxttt
761 5098 1028 5137 annorum
1065 5082 1226 5137 fuerit
1272 5093 1331 5137 ut
1382 5083 1524 5137 idem
1560 5084 1752 5139 Hiero-

185 5191 355 5245 nymus
386 5181 726 5234 testificatur
752 5218 767 5241 ,
804 5192 945 5230 anno
994 5175 1097 5230 554
1128 5175 1213 5229 vel
1256 5176 1361 5230 555
1392 5190 1518 5229 xxw
1575 5192 1751 5231 anno-

188 5283 286 5322 rum
314 5271 476 5326 fuerit
509 5289 524 5325 :
560 5286 675 5340 qua
713 5278 874 5322 :etate
906 5283 1009 5322 non
1049 5277 1216 5321 tantze
1265 5268 1433 5322 fuerit
1465 5270 1753 5323 existima-

186 5361 345 5429 tionis,
395 5374 453 5418 ut
508 5363 777 5419 homines
822 5361 893 5415 ad
939 5359 1023 5415 sui
1073 5362 1443 5431 spectaculum
1480 5362 1748 5419 evocarit.

183 5450 289 5509 Haec
317 5457 420 5512 ille.
459 5459 527 5511 Et
569 5470 710 5510 sane
758 5455 803 5509 si
842 5469 971 5508 vere
1010 5469 1152 5509 anno
1194 5453 1298 5507 542
1324 5452 1409 5507 vel
1433 5453 1538 5509 545
1592 5464 1752 5510 natus

180 5540 527 5621 Hieronymus
579 5555 772 5611 esset,
804 5556 863 5600 ut
892 5547 1055 5601 habet
1088 5546 1389 5611 Baronius,
1433 5549 1614 5618 magni
1651 5548 1751 5601 ha-

175 5636 327 5694 benda
359 5643 498 5697 ratio
532 5650 688 5697 esset
724 5658 737 5694 :
773 5655 959 5695 verum
1000 5644 1114 5696 haec
1161 5642 1342 5710 opinio
1373 5657 1495 5709 quae
1527 5642 1754 5697 Mariani

171 5726 287 5786 item
320 5734 591 5791 Victorini
623 5742 733 5801 est,
767 5747 834 5787 ex
888 5733 1233 5803 praeiudicata
1267 5732 1525 5805 opinione
1553 5738 1754 5803 oritur,

237 5930 307 5999 (a)
345 5930 435 5990 Vis
474 5934 541 5991 de
568 5930 633 5987 S.
671 5930 962 6001 Athanase,
985 5939 1087 5989 art.
1114 5929 1181 5987 66
1203 5937 1255 5989 ct
1280 5938 1396 5989 not.
1428 5928 1519 5989 69.

1863 4722 2025 4776 Pater
2064 4717 2323 4769 Antonius
2364 4715 2445 4767 illi
2476 4728 2541 4766 ea:
2580 4717 2752 4763 monte
2803 4706 3067 4767 scriberet,
3100 4708 3235 4757 sicut
3269 4706 3433 4773 pietas

1860 4829 1984 4881 erga
2014 4810 2179 4864 Deum
2210 4806 2474 4877 peccatori
2514 4799 2837 4856 abominatio
2869 4807 2947 4851 est
2969 4837 2983 4860 ,
3031 4798 3105 4849 sic
3132 4797 3219 4849 ille
3265 4798 3434 4849 sancti

1862 4903 1957 4956 viri
1997 4900 2203 4953 litteras
2242 4896 2659 4951 exsecrabatur:
2689 4901 2742 4945 et
2786 4890 2943 4958 paulo
2974 4899 3119 4956 post,
3169 4890 3432 4942 Antonius

1861 5010 1978 5049 vero
1996 5010 2109 5045 cum
2141 4990 2428 5059 aliquando
2462 4988 2777 5056 scripsisset,
2813 4995 2999 5036 auctor
3027 4983 3124 5052 [uit
3153 4981 3241 5035 ille
3280 4981 3435 5051 (Gre-

1860 5086 2059 5157 gorius)
2100 5097 2151 5139 ut
2187 5083 2434 5137 Balacius
2470 5082 2579 5133 dua;
2608 5079 2660 5133 in
2685 5078 2957 5146 epistolam
2997 5086 3225 5145 spueret,
3257 5075 3436 5127 illam-

1861 5195 1958 5249 que
1986 5178 2259 5246 projiceret
2291 5190 2309 5227 :
2335 5179 2424 5229 sed
2452 5190 2558 5226 rem
2590 5172 2731 5225 haud
2763 5171 2987 5224 inultam
3023 5170 3230 5239 reliquit
3261 5170 3435 5221 divina

1860 5270 2125 5335 vindicta;
2158 5270 2415 5337 siquidem
2466 5283 2569 5319 non
2613 5266 2706 5318 diu
2738 5274 2916 5332 postea
2962 5280 3092 5331 equo
3123 5263 3432 5314 insidentem

1861 5362 2071 5423 ducem,
2094 5370 2159 5412 et‘
2176 5359 2244 5412 ad
2267 5359 2564 5427 proximam
2585 5355 2905 5407 mansionem
2934 5354 3032 5405 iter
3055 5353 3430 5414 instituentem,

1859 5468 2137 5507 conversus
2180 5469 2342 5522 equus
2380 5451 2434 5503 in
2484 5450 2679 5518 femore
2727 5447 2802 5499 ita
2846 5445 3154 5504 momordit,
3182 5450 3239 5494 ut
3288 5442 3433 5493 Immi

1860 5546 2129 5614 dejiceret,
2152 5548 2392 5615 intraque
2418 5544 2654 5597 triduum
2696 5540 2783 5593 ille
2808 5540 2993 5592 obiret.
3043 5536 3165 5588 llaec
3196 5535 3433 5587 Athana-

1860 5641 1996 5701 sius,
2054 5648 2341 5707 postquam
2400 5646 2524 5690 ante
2581 5635 2827 5697 dixerat,
2872 5631 2925 5683 iu
2980 5628 3066 5683 illa
3105 5628 3429 5681 Arianorum

1861 5730 2169 5799 irruptione
2200 5730 2497 5786 monachos
2525 5727 2641 5782 dire
2671 5732 2896 5780 vexatos
2921 5733 2975 5776 et
3008 5720 3179 5791 plagis
3204 5720 3431 5775 laniatus

1934 5927 2007 5997 (υ)
2032 5926 2092 5981 ι).
2131 5927 2257 5982 278.
