3990 6514
545 438 745 481 (LXVIII

1887 414 2414 472 PROLEGOMENA.

552 540 734 594 fuisse.
765 535 888 591 Haec
914 550 1054 589 anno
1083 533 1181 589 Ml
1218 544 1270 587 et
1297 532 1422 586 542.
1459 532 1540 584 Αη
1565 530 1756 585 eximie
1783 545 1916 599 opus
1940 529 2099 584 fuerit
2129 533 2172 588 Α
2201 529 2563 597 sycophantiae
2589 532 2838 578 auctores
2864 521 2985 576 falsi
3014 521 3067 575 in
3092 520 3300 590 synodo
3322 530 3622 591 arguuntur
3649 540 3663 576 :
3688 520 3756 576 a'n

551 641 610 685 ut
660 629 922 684 Antonius
964 625 1340 681 Alexandriam
1388 625 1635 688 veniret,
1695 638 1803 691 quo
1859 638 1916 676 se
1976 637 2097 676 cum

549 723 766 778 Asianis
794 736 899 775 non
932 719 1237 775 consentire
1284 717 1622 783 declararet,
1671 716 1760 783 qui
1808 715 1917 784 jam
1961 728 2100 767 anno

548 814 663 869 555‘
685 814 1038 869 Constantino
1075 812 1127 866 in
1167 811 1393 882 gratiam
1420 808 1699 863 Athanasii
1732 808 2098 876 rescripserat,

550 907 643 974 qui
679 921 820 960 anno
853 904 978 970 539,
1002 903 1156 973 paulo
1189 912 1308 973 post
1341 902 1568 956 reditum
1604 900 1879 954 Athanasii
1915 900 1982 953 ab
2009 913 2103 953 ex-

550 997 695 1061 silio,
717 996 970 1050 divinitus
998 994 1284 1050 revelatam
1315 994 1417 1048 sibi
1450 992 1753 1062 proximam
1778 991 2099 1044 Arianorum

550 1089 927 1158 irruptionem,
976 1102 1096 1141 cum
1139 1086 1493 1140 detestatione
1536 1083 1847 1139 earumdem
1902 1083 2101 1150 ubique

548 1178 1126 1249 pervulgaratzannon
1158 1175 1240 1230 vel
1277 1186 1402 1230 tunc
1431 1174 1654 1229 Antonii
1696 1187 1821 1239 erga
1868 1172 2101 1226 Arianos

498 1322 512 1335 ,
549 1272 761 1325 animus
782 1270 1029 1324 omnibus
1057 1276 1369 1338 perspectus
1388 1276 1441 1322 et
1462 1277 1620 1321 notus
1652 1265 1809 1320 erat?
1838 1264 1973 1318 Nam
1997 1264 2100 1319 sibi

546 1361 779 1417 amicum
825 1361 983 1415 talem
1012 1359 1198 1414 Ariani
1232 1358 1315 1415 vel
1352 1369 1476 1413 tunc
1498 1359 1775 1429 temporis,
1798 1356 1881 1411 vel
1924 1357 2102 1411 subse-

546 1454 833 1523 quentibus
854 1453 1010 1508 annis
1028 1452 1396 1522 jactitassent,
1431 1460 1510 1505 tot
1534 1450 1676 1505 datis
1696 1448 1835 1503 ultro
1856 1448 2101 1515 citroque

545 1544 726 1599 infesti
773 1543 937 1598 animi
974 1544 1182 1614 signis?
1217 1542 1358 1598 Sane
1388 1558 1455 1598 ex
1487 1543 1576 1608 iis,
1611 1556 1730 1610 qua:
1760 1554 1923 1611 supra
1961 1538 2101 1593 dixi-

544 1651 688 1702 mus,
720 1636 887 1706 liquet
917 1635 1137 1690 Antonii
1157 1634 1542 1689 Alexandriam
1569 1632 1953 1703 profectionem
1974 1638 2102 1684 ante

545 1731 781 1800 primum
828 1730 1109 1785 Athanasii
1135 1729 1384 1785 exsilium
1416 1729 1529 1783 sive
1575 1735 1703 1782 ante
1742 1741 1938 1780 annum
1996 1724 2100 1779 555

545 1822 854 1891 contigisse.
888 1820 1060 1876 Unum
1105 1831 1187 1874 est
1218 1821 1358 1889 quod
1389 1820 1659 1889 negotium
1697 1817 1966 1872 facessere
2008 1833 2099 1871 va-

546 1884 1093 1968 leatszheodoretus
1141 1884 1248 1965 lib.
1290 1926 1362 1973 tv,
1414 1884 1483 1963 οῖ
1502 1910 1593 1974 27,
1647 1910 1760 1973 ait,
1800 1909 2095 1963 Antonium
2126 1884 2169 1938 Β

544 2005 844 2059 Constantii
886 2003 1214 2072 temporibus
1242 2001 1624 2056 Alexandriam
1647 2001 1881 2068 venisse,
1905 2002 1964 2053 ὲν
1988 2002 2098 2063 τοῖς

546 2096 919 2151 Κωνσταντίου
965 2097 1215 2165 καιροῖς,
1270 2093 1360 2162 qui
1416 2092 1764 2148 Constantius
1816 2091 2098 2162 imperium

546 2189 668 2243 iniit
716 2201 859 2241 anno
908 2186 1033 2240 337.
1064 2185 1179 2240 Non
1230 2193 1407 2256 potest
1452 2185 1619 2254 igitur
1663 2184 1716 2238 in
1752 2198 1950 2237 annum
1994 2182 2100 2236 554
2148 2228 2149 2231 η

542 2280 759 2334 Antonii
788 2279 1172 2334 Alexandriam
1220 2276 1495 2347 profectus
1541 2275 1871 2346 consignari.
1900 2273 2098 2329 Verum

545 2370 870 2425 Theodoreti
901 2371 1144 2424 narratio
1172 2384 1271 2423 nos
1318 2384 1348 2422 a
1393 2369 1657 2425 sententia
1685 2368 1906 2423 minime
1936 2367 2101 2422 dimo-

543 2471 668 2516 veat
701 2478 716 2514 :
753 2476 875 2514 nam
913 2461 985 2514 ibi
1020 2459 1398 2514 Theodoretus
1421 2462 1485 2512 ὲκ
1518 2459 1795 2531 παρέργου
1839 2458 2094 2528 loquitur,

538 2551 636 2606 ubi
680 2565 776 2605 res
824 2550 1105 2619 Ephesium
1162 2550 1353 2621 synodi
1402 2559 1646 2605 recenset
1691 2568 1705 2604 :
1760 2558 1815 2604 et
1860 2549 2097 2618 alioquin

540 2641 819 2696 Athanasii
861 2641 1016 2695 nobis
1061 2641 1355 2696 auctoritas
1383 2679 1399 2704 ,
1441 2650 1497 2694 et
1543 2650 1737 2695 caetera
1767 2654 1885 2709 qua:
1914 2637 2099 2693 attuli-

543 2748 686 2797 mus,
716 2731 1043 2787 Theodoreti
1092 2732 1398 2787 testimonio
1447 2733 1655 2801 potiora
1711 2740 1916 2788 essent.
1959 2730 2094 2786 Nam

542 2823 914 2878 Theodoretus
947 2822 1261 2891 plerumque
1288 2822 1345 2875 in
1386 2830 1688 2891 temporum
1722 2822 1932 2878 calculo
1970 2823 2098 2877 lahi-

544 2924 666 2980 tur;
696 2924 754 2967 ut
783 2929 901 2968 cum
933 2914 1044 2983 ipse
1067 2912 1457 2980 Tillemontius,
1479 2922 1588 2967 tum
1613 2913 1832 2984 alii,qui
1858 2913 2097 2969 historiae

534 3002 921 3058 ecclesiastica:
966 3010 1166 3057 navant
1193 3017 1436 3072 operam,
1466 3002 1765 3073 saepissime
1795 3003 2097 3074 deprehen-

541 3098 693 3149 dunt.

987 3207 1503 3265 ANIMADVERSIO
1543 3208 1635 3263 IX.

536 3301 621 3353 An
670 3316 787 3353 vera
834 3300 1052 3354 historia
1086 3300 1575 3369 mulierculw,qu¢e
1623 3300 1972 3355 Athanasium
2032 3301 2090 3354 in

660 3371 856 3437 synodo
895 3370 1054 3439 Tyria
1084 3372 1221 3424 illati
1248 3372 1346 3424 sibi
1374 3372 1542 3439 stupri
1578 3371 1973 3425 insimulaverit.

612 3461 822 3515 Veteris
836 3462 1103 3529 opinionis
1125 3462 1576 3516 retinentissimus
1598 3462 1969 3517 Tillemontius
1991 3462 2089 3534 (α),

536 3567 681 3622 aegre
710 3551 828 3605 tulit
860 3566 890 3604 a
920 3552 1073 3606 nobis
1099 3560 1158 3605 ut
1198 3561 1505 3620 suspectam
1539 3552 1864 3607 muliercula:
1907 3554 2093 3609 violati

539 3638 764 3709 pudoris
810 3640 867 3693 in
919 3640 1126 3707 synodo
1176 3640 1337 3711 Tyria
1385 3642 1737 3695 Athanasium
1788 3643 2092 3697 accusantis

539 3732 815 3786 historiam
861 3732 1062 3786 afferri.
1104 3730 1303 3786 Verum
1346 3746 1410 3786 ea
1459 3732 1515 3785 in
1546 3748 1604 3787 re
1646 3731 1916 3804 vulgarem
1955 3735 2092 3789 aesti-

538 3822 720 3877 mandi
766 3837 970 3876 morem
1021 3830 1311 3877 sectamur.
1364 3823 1721 3878 Subornatam
1771 3824 1838 3877 ab
1877 3824 2090 3879 Arianis

540 3912 841 3975 mulierem,
871 3927 989 3980 qua:
1012 3912 1307 3967 Athanasio
1334 3913 1543 3968 crimen
1567 3911 1806 3978 oﬂ‘erret,
1836 3914 1910 3967 ait
1943 3912 2093 3967 Ruﬁ-

538 4021 661 4067 nus,
689 4004 917 4074 idipsum
940 4021 969 4059 a
1006 4005 1199 4060 Rufino
1224 4007 1449 4060 mutuati
1477 4018 1698 4060 narrant
1721 4006 2090 4062 Theodoretus

536 4107 591 4151 et
629 4095 960 4150 Sozomenus
982 4095 1091 4166 (b);
1125 4095 1216 4150 sed
1248 4096 1337 4151 hic
1381 4106 1719 4165 postremus,
1755 4098 1939 4151 addita
1969 4111 2093 4151 cau-

537 4189 687 4243 tione
713 4228 728 4253 ,
777 4200 887 4240 rem
942 4188 996 4242 in
1041 4189 1177 4242 actis
1220 4203 1326 4242 non
1377 4187 1600 4257 reperiri
1636 4188 1784 4243 dicit.
1817 4188 2089 4253 Socrates,

536 4279 718 4333 Rufini
747 4278 1119 4348 pedissequus,
1163 4289 1467 4349 suspectam
1490 4294 1603 4334 rem
1631 4278 1844 4345 habuit,
1863 4278 2092 4349 ideoque

537 4370 903 4440 praetermisit.
941 4369 1059 4424 Jam
1102 4370 1229 4425 hinc
1282 4370 1535 4426 vacillare
1585 4370 1798 4425 videtur
1852 4370 2092 4424 historia:

534 4465 666 4519 fides
704 4484 716 4519 :
750 4477 933 4516 verum
966 4463 1180 4517 nutahit
1223 4462 1467 4525 omnino,
1507 4470 1560 4517 et
1593 4463 1827 4518 fortasse
1851 4470 2086 4526 corruet,

528 4654 670 4701 etut
690 4644 1013 4700 Arianorum
1062 4643 1361 4710 nequitiam
1411 4642 1931 4713 sycophantiamque
1964 4658 2089 4712 pro-

527 4741 706 4802 deret,
737 4750 826 4790 res
857 4734 1051 4805 Tyrias
1076 4734 1159 4789 bis
1200 4743 1352 4787 terve
1380 4731 1501 4786 fuse
1527 4734 1816 4800 recensuit,
1843 4748 1907 4789 ea
1938 4735 2005 4788 de
2029 4749 2088 4789 re

527 4829 745 4883 siluisse
771 4848 783 4882 :
808 4826 1156 4896 synodosque
1203 4823 1623 4880 Alexandrinam
1650 4866 1666 4892 ,
1702 4826 2000 4881 Romanam
2034 4836 2088 4881 et

527 4919 955 4983 Sardicensem,
1024 4919 1075 4972 in
1139 4934 1368 4989 quarum
1439 4919 1682 4988 epistolis
1734 4917 2083 4989 synodalibus

528 5007 857 5064 Athanasius
886 5007 1199 5077 singulatim
1232 5010 1299 5063 ab
1327 5008 1553 5077 objectis
1596 5008 1727 5079 Tyri
1768 5007 2085 5062 criminibus

527 5107 808 5170 purgatur,
840 5100 957 5167 pari
980 5100 1199 5155 silentio
1231 5102 1327 5156 uti.
1358 5102 1549 5156 Annon
1582 5098 1891 5168 hujusmodi
1922 5099 2086 5153 silen-

526 5190 661 5243 tium
690 5189 901 5242 nutanti
919 5188 1029 5260 jam
1051 5191 1290 5247 historia:
1323 5191 1481 5245 fidem
1513 5188 1774 5259 deroget?
1795 5190 1875 5242 Au
1904 5187 2087 5256 hujus-

527 5281 668 5336 modi
709 5281 916 5336 crimen
957 5290 1077 5346 est,
1106 5283 1249 5351 quod
1300 5281 1467 5338 taceri
1505 5281 1677 5351 possit
1704 5294 1733 5333 a
1769 5280 2084 5349 iudicibus,

522 5374 611 5441 qui
649 5371 931 5425 recensitis
959 5371 1241 5425 calumniis
1271 5367 1595 5424 sententiam
1631 5365 1810 5420 ferunt
1840 5365 1892 5418 in
1924 5379 2082 5434 syco-

519 5459 753 5528 phantas
779 5500 795 5526 ,
824 5470 884 5516 ut
926 5461 1227 5530 praastitere
1270 5458 1623 5514 Sardicenses
1675 5454 1898 5509 Patres?
1942 5454 2085 5508 Reus

522 5553 697 5621 agitur
727 5553 1034 5624 episcopus,
1066 5552 1208 5622 quod
1232 5547 1603 5605 mulierculam
1625 5546 1942 5602 violaverit:
1973 5545 2085 5615 ejus

588 5685 664 5751 (α)
698 5684 793 5739 Vie
819 5688 883 5740 de
907 5685 967 5743 S.
995 5687 1277 5749 Athanase,
1309 5694 1411 5738 art.
1443 5684 1536 5744 20.

523 5823 543 5877 ι
588 5754 875 5880 ξωοιιὲἓη.
909 5758 943 5811 l.
976 5773 1035 5826 tt,
1063 5773 1110 5813 c.
1146 5758 1232 5824 l7;
1264 5757 1480 5813 Sozom.
1509 5756 1546 5811 l.
1573 5767 1635 5821 ιι,
1663 5767 1712 5807 c.
1744 5751 1835 5821 25;
1871 5752 2076 5813 Theod.

2202 627 2377 686 potest
2431 626 2537 670 tam
2592 625 2747 667 atrox
2800 614 3058 682 flagitium
3088 614 3155 665 ab
3186 613 3505 676 Athanasio,
3537 613 3632 682 qni
3676 614 3760 667 bis

2200 724 2286 764 res
2307 706 2498 778 Tyrias
2521 706 2636 759 fuse
2664 705 3029 774 prosequitur,
3076 718 3105 756 a
3138 702 3552 759 Sardicensibus
3587 704 3763 758 Patri-

2200 801 2323 864 hus,
2356 798 2447 867 qui
2482 797 2767 851 recensitis
2792 795 3086 850 calumniis
3124 795 3447 849 sententiam
3493 796 3547 849 in
3599 797 3763 851 male-

2200 892 2348 946 dicos
2398 889 2678 961 proferunt
2726 888 2965 952 reticeri,
3012 886 3060 941 si
3106 901 3234 942 vere
3283 896 3493 954 gestum
3550 886 3763 942 fuerit?

2199 982 2336 1048 Quid
2366 994 2434 1034 ex
2476 978 2779 1048 hujusmodi
2822 977 3039 1032 silentio
3063 987 3344 1044 arguatur,
3379 978 3480 1032 nisi
3520 992 3638 1032 rem
3664 992 3765 1033 nec

2200 1083 2379 1127 notam
2408 1086 2507 1126 nec
2536 1080 2740 1141 gestam
2771 1085 3007 1139 unquam
3059 1068 3268 1123 fuisse?
3308 1068 3441 1122 Nam
3469 1069 3650 1124 Rufini
3689 1079 3766 1124 te-

2199 1163 2511 1218 SIimonium
2539 1162 2843 1231 hujusmodi
2872 1160 3091 1215 silentio
3124 1161 3395 1215 obruitur.
3430 1162 3495 1214 Et
3519 1161 3764 1229 alioquin

2200 1256 2313 1309 haec
2356 1254 2585 1308 historia
2621 1245 2878 1323 [ingentis
2908 1252 3087 1323 potius
3119 1253 3430 1315 artificium,
3460 1267 3625 1320 quam
3650 1267 3766 1305 rem

2199 1361 2323 1400 vere
2366 1353 2573 1416 gestam
2622 1344 2877 1399 subolet:
2910 1343 3036 1413 quis
3094 1344 3283 1398 credat
3338 1341 3483 1397 enim
3528 1342 3767 1396 Arianos

2199 1445 2307 1492 tam
2363 1437 2583 1505 supinos
2638 1446 2746 1490 tam
2802 1435 3028 1491 stolidos
3080 1435 3286 1500 fuisse,
3334 1445 3393 1489 ut
3456 1436 3770 1490 subornata:

2197 1529 2549 1592 mulierculae,
2580 1542 2699 1598 quae
2724 1528 3080 1583 Athanasium
3114 1528 3181 1584 de
3207 1526 3349 1583 facie
3376 1542 3481 1582 non
3510 1536 3769 1592 noverat,

2200 1632 2305 1671 non
2336 1618 2637 1673 indicarent
2667 1616 2790 1686 quis
2824 1616 3157 1671 Athanasius
3202 1623 3369 1682 esset,
3400 1630 3562 1687 quem
3584 1615 3640 1672 in
3676 1615 3767 1685 ju-

2197 1709 2338 1764 dicio
2359 1709 2724 1764 accusandum
2762 1709 3079 1776 oporteret?

2669 1800 3183 1857 ANIMADVERSIO
3222 1801 3291 1858 Χ.

2553 1891 2629 1946 Dc
2660 1893 2958 1963 signiﬁcatu
2985 1896 3119 1950 vocis
3154 1898 3404 1968 ἐργασία.

2266 1983 2596 2040 Putabamus
2620 1986 2748 2040 olim
2783 1986 2922 2040 hunc
2941 1987 3218 2043 Athanasii
3254 1990 3430 2045 locum
3463 1990 3617 2058 Apol.
3644 2006 3773 2044 cono

2200 2086 2284 2130 ινα
2337 2074 2585 2153 Ατξαηοι,
2636 2090 2692 2144 p.
2730 2075 2854 2139 107,
2897 2074 3147 2147 ἐργασίαι
3187 2094 3249 2129 τε
3296 2078 3415 2131 κατ’
3451 2078 3631 2132 αὐτῶν
3669 2079 3771 2130 ἐπ-

2197 2166 2451 2231 εσείοντο,
2477 2168 2570 2220 καὶ
2596 2167 2797 2221 ἐθνικοὶ
2817 2168 2977 2241 δῆμοι
3002 2169 3137 2239 πρὸς
3160 2170 3222 2222 τὸ
3238 2169 3493 2241 γυμνοῦν,
3521 2170 3773 2236 τύπτειν,

2196 2261 2275 2315 sic
2312 2260 2687 2329 exponendum
2718 2275 2839 2315 esse
2871 2278 2885 2313 :
2924 2259 3065 2315 Hinc
3105 2263 3311 2332 ﬂagitia
3341 2265 3593 2317 adversus
3644 2263 3769 2316 illas

2144 2344 2164 2364 ⁸
2196 2351 2506 2423 (virgines)
2536 2352 2767 2405 admissa
2793 2368 2813 2405 :
2848 2352 3028 2421 populi
3056 2368 3236 2421 nempe
3263 2354 3455 2408 ethnici
3495 2354 3640 2422 ipsa:
3671 2369 3772 2405 nu-

2195 2446 2411 2510 dabant,
2436 2446 2798 2509 verberabant,
2828 2456 2936 2500 etc.
2966 2446 3077 2500 Sub
3099 2447 3213 2501 haec
3242 2456 3425 2501 autem
3452 2446 3506 2500 in
3532 2446 3771 2501 Onoma-

2195 2539 2324 2592 uico
2374 2538 2703 2604 monuimus,
2757 2537 2845 2593 hic
2886 2538 3146 2609 ἐργασίας
3186 2536 3520 2593 oﬂicinarum
3569 2550 3769 2606 operas

2195 2628 2528 2683 commodius
2561 2628 2885 2697 exprimere.
2935 2629 3033 2684 Cui
3085 2628 3521 2698 interpretationi
3565 2628 3768 2682 suffra-

2195 2726 2352 2789 gatur
2386 2720 2664 2787 inscriptio
2697 2734 2727 2773 a
2762 2720 2962 2789 Sponio
2988 2729 3142 2775 eruta
3169 2721 3259 2792 (c),
3294 2720 3462 2773 Τοῦτο
3488 2719 3551 2772 τὸ
3581 2719 3763 2791 ἡρῷον

2197 2812 2504 2882 πεφανοῖή
2539 2811 2771 2882 ἐργασία
2800 2811 2908 2864 τῶν
2937 2810 3185 2882 βαφέων·
3222 2813 3323 2866 hoc
3361 2821 3444 2867 est
3467 2849 3483 2875 ,
3518 2809 3638 2865 Hoc
3676 2811 3768 2864 Ite-

2195 2917 2343 2955 roum
2386 2903 2679 2972 sepulcrum
2712 2920 2905 2956 corona
2942 2912 3197 2957 exornant
3235 2918 3406 2972 operte
3447 2905 3763 2957 tinctorum.

2196 2991 2295 3047 Hic
2326 2994 2491 3063 igitur
2515 2995 2790 3049 Athanasii
2819 2995 2967 3049 locus
2994 2994 3071 3050 sic
3096 2994 3481 3063 explicandus:
3516 2993 3771 3063 Officina-

2193 3100 2311 3138 rum
2347 3102 2539 3155 operte,
2567 3087 2845 3157 populique
2881 3088 3075 3141 ethnici
3107 3089 3357 3141 adversus
3381 3086 3502 3140 illas
3536 3086 3773 3141 concita-

2119 3205 2164 3265 α
2198 3176 2403 3246 bantur,
2438 3187 2494 3232 ut
2519 3193 2606 3233 eas
2640 3180 2924 3245 nudarent,
2953 3178 3307 3243 verberarem,
3338 3186 3448 3232 etc.

2654 3267 3165 3325 ANIMADVERSIU
3203 3268 3292 3323 Xl.

2359 3360 2441 3414 Ad
2473 3374 2623 3429 quem
2656 3359 2815 3412 missa
2848 3358 3020 3414 Flavii
3058 3360 3294 3415 Hemerii
3321 3362 3569 3430 epistola.

2265 3451 2517 3519 lschyrae,
2549 3448 2702 3519 cujus
2744 3449 3047 3504 ministerio
3079 3452 3161 3505 usi
3202 3450 3496 3506 Eusebiani
3533 3453 3771 3509 insidias

2198 3542 2252 3597 in
2284 3541 2637 3596 Athanasium
2680 3550 3017 3606 Struxerant,
3051 3542 3334 3597 ecclesiam
3366 3544 3772 3614 episcopatum—

2197 3646 2301 3700 que
2341 3631 2578 3686 excitare
2627 3644 2901 3697 curantes.
2960 3648 3067 3703 quo
3115 3634 3483 3704 schphantize
3530 3637 3769 3705 gratiam

2196 3732 2504 3792 pensarent,
2547 3726 2858 3794 imperatori
2898 3736 3148 3781 auctores
3184 3725 3425 3793 fuerunt,
3460 3739 3521 3783 ut
3567 3729 3771 3784 litteris

2196 3812 2264 3866 ad
2310 3812 2658 3878 catholicum,
2702 3813 2815 3869 sive
2862 3813 3254 3869 thesaurarium
3298 3815 3500 3882 missis,
3546 3814 3773 3883 juberet

2196 3902 2477 3959 ecclesiam
2510 3904 2743 3976 ischyrae
2765 3905 3021 3960 aedificari
3054 3905 3108 3959 in
3129 3905 3248 3961 loco
3270 3905 3381 3960 Pax
3405 3905 3768 3962 Secontaruri

2196 3995 2341 4050 dicto
2368 4012 2382 4050 :
2414 4009 2518 4050 nec
2548 4003 2726 4051 tamen
2753 3995 2840 4050 ille
2867 3996 3148 4065 quaesitam
3178 3996 3385 4052 scelere
3413 3996 3768 4067 episcopatus

2196 4088 2439 4143 umbram
2484 4088 2722 4144 nancisci
2768 4089 2963 4159 potuit.
3007 4088 3065 4142 In
3100 4088 3356 4160 Apologia
3402 4103 3533 4144 vero
3575 4101 3769 4145 contra

2195 4180 2418 4234 Arianos
2457 4179 2735 4252 exstat,(d)
2762 4182 2987 4250 epistola
3026 4180 3193 4235 Flavii
3229 4180 3460 4235 Hemerii
3484 4180 3765 4245 catholici,

2196 4272 2349 4343 Cujus
2405 4272 2592 4327 titulus
2643 4274 2697 4326 in
2746 4274 2897 4344 prius
2949 4273 3107 4328 editis
3150 4273 3282 4327 vitio
3324 4271 3640 4339 laborabat;
3691 4274 3768 4328 ita

2196 4365 2393 4435 quippe
2432 4364 2729 4435 legebatur,
2778 4365 3034 4436 ἐπιστολὴ
3075 4363 3154 4436 τῷ
3199 4364 3515 4435 Κολλούθῳ·
3562 4365 3767 4420 deinde

2196 4471 2347 4520 vero,
2385 4454 2614 4521 Φλαύιος
2648 4456 2873 4527 ἡμέρως
2918 4456 3141 4527 ἔξαρχος
3168 4455 3489 4528 Μαρεώτου.
3529 4454 3631 4510 Ubi
3666 4472 3768 4511 nos

427 4540 434 4557 ’
533 4554 578 4607 si
608 4552 1010 4606 animadvertas
1055 4550 1435 4615 Athanasium,
1457 4550 1549 4620 qui
1574 4560 1633 4606 ut
1666 4565 1786 4606 sese
1811 4559 2088 4621 purgaret,
2118 4557 2168 4619 ι)
2193 4563 2257 4604 ex
2293 4547 2461 4618 Regio
2491 4546 2788 4617 exemplari
2840 4548 3033 4603 decimi
3071 4548 3292 4602 circiter
3332 4546 3512 4602 saeculi
3545 4548 3765 4616 optima:

2194 4652 2334 4697 noue
2368 4642 2447 4697 sic
2496 4642 2852 4707 restituimus,
2887 4639 3143 4711 ἐπιστολὴ
3190 4638 3282 4693 τοῦ
3313 4639 3651 4693 Καθολικοῦ·
3701 4657 3767 4696 ac

2193 4742 2377 4801 postea
2403 4732 2628 4797 Φλαύιος
2668 4732 2926 4806 Ἠμέριος
2952 4732 3202 4803 ὲξάκτορι
3225 4729 3524 4803 Μαρεώτου
3548 4747 3562 4762 ο
3598 4746 3765 4799 quam

2193 4821 2478 4877 lectionem
2511 4823 2715 4892 Optime
2746 4822 2949 4877 habere
2982 4836 3048 4876 ex
3096 4818 3525 4888 praecedentibus
3568 4817 3762 4887 liquet,

2194 4929 2316 4969 nam
2367 4914 2526 4983 paulo
2554 4913 2800 4983 superius
2827 4914 2901 4968 ita
2945 4912 3183 4981 legitur:
3219 4911 3313 4963 καὶ
3352 4910 3499 4980 ὅμως
3527 4911 3761 4981 πεποιή-

2190 5022 2318 5058 κασι
2349 5007 2443 5059 καὶ
2473 5005 2694 5075 βασιλέα
2737 5004 2946 5076 γράψαι
2992 5003 3070 5074 τῷ
3104 5001 3392 5073 καθολικῷ,
3428 5002 3608 5055 πάντα
3653 5000 3764 5071 γὰρ

2186 5098 2371 5160 αὐτοῖς
2400 5097 2635 5161 ἔξεστιν,
2665 5096 2961 5168 ἐκκλησίαν
2988 5094 3136 5165 αὐτῷ
3159 5090 3523 5161 γενέσθαι,ἱ’να
3553 5091 3760 5161 ταύτην

2185 5187 2345 5257 ἔχων,
2379 5186 2691 5251 ἀξιόπιστος
2727 5188 2985 5258 φαίνηται
3030 5187 3159 5257 περὶ
3196 5184 3452 5255 ποτηρίου
3489 5183 3585 5237 καὶ
3628 5198 3761 5252 τρα-

2186 5279 2359 5348 πέζης
2386 5278 2578 5348 λέγων.
2608 5278 2709 5335 Ubi
2738 5280 2888 5349 prius
2926 5279 3057 5333 editi
3084 5284 3275 5332 contra
3322 5277 3479 5329 fidem
3510 5273 3755 5328 codicum

2188 5369 2451 5433 omnium,
2489 5370 2569 5425 sic
2604 5370 2824 5435 habent,
2857 5370 2954 5424 καὶ
3009 5368 3234 5439 βασιλέα
3265 5365 3473 5436 γράψαι
3514 5362 3591 5434 τῷ
3621 5362 3758 5416 Κολο

2187 5460 2382 5531 λούθῳ.
2418 5461 2663 5516 Editores
2682 5462 2877 5531 quippe
2899 5479 2966 5517 ex
2989 5460 3332 5529 subscquenti
3362 5458 3549 5510 vitiato
3578 5455 3752 5520 titulo,

2190 5552 2444 5620 ἐπιστολὴ
2476 5552 2553 5620 τῷ
2587 5552 2894 5623 Κολλούθῳ,
2937 5556 3025 5610 hic
3066 5555 3231 5611 etiam
3274 5549 3559 5621 Κολλούθῳ
3598 5560 3752 5619 repo-

2257 5688 2327 5760 (c)
2370 5689 2596 5760 Voyage,
2639 5699 2676 5745 t.
2708 5689 2799 5751 Ili,
2836 5706 2889 5759 p.
2931 5689 3052 5760 150.

2256 5758 2332 5830 (ά)
2383 5758 2574 5816 Athan.
2613 5775 2663 5829 p.
2715 5760 2807 5818 158
2836 5758 3043 5816 et159.
