3990 6510
1135 416 1219 471 DE
1260 417 1419 472 Vl'l'A
1461 418 1550 473 ET
1593 419 1903 478 SCRIPTIS
1939 422 1997 478 S.
2034 421 2423 478 ATHANASII.

3228 438 3389 480 οιιιι

168 531 367 587 nendum
392 537 758 596 censuerunt,
788 528 920 586 licet
945 543 1129 583 omnes
1162 546 1293 585 mss.
1326 531 1404 602 τῷ
1446 532 1718 605 καθολικῷ
1747 541 1792 597 Α
1822 538 2077 591 litteraria
2107 539 2241 593 bene
2269 538 2494 592 meritus
2514 538 2612 609 (α),
2640 551 2737 591 nos
2769 535 2904 592 libro
2934 537 3011 593 De
3043 539 3278 593 Nicarnis
3300 542 3393 593 de-

169 622 464 692 prarlerrent.
489 618 705 674 Locum
729 630 909 674 autem
936 621 1007 674 ita
1025 621 1283 675 vertimus
1304 640 1317 675 :
1340 622 1523 675 Nihilo
1545 633 1718 679 tamen

170 717 309 768 minus
358 712 672 779 imperatori
725 723 967 767 auctores
1015 713 1231 783 [uerunt
1280 714 1616 783 (Eusebiani)
1662 725 1719 769 ut

170 805 322 858 litteris
351 803 415 856 ad
443 802 777 857 catholicum
812 806 943 874 (sive
969 805 1359 859 thesaurar'rum
1384 817 1439 859 et
1464 821 1719 875 procura-

174 904 306 948 torem
340 894 477 963 ﬁsci)
514 894 708 949 missis
734 910 754 948 :
788 897 897 949 illis
921 898 1105 966 quippe
1141 898 1318 951 omnia
1350 898 1543 953 licent:
1564 900 1721 969 jube-

170 998 225 1039 γει
251 985 513 1040 ecclesiam
552 985 806 1057 lsehyra:
837 988 1126 1057 mdiﬁcari;
1166 1001 1221 1042 ut
1264 1006 1327 1043 ea
1362 991 1579 1059 potitus,
1613 993 1720 1060 ﬁde

170 1080 323 1145 dignus
359 1076 654 1131 haberetur
684 1094 804 1131 cum
851 1079 914 1134 de
943 1079 1100 1133 calice
1144 1089 1191 1134 et
1237 1080 1304 1135 de
1336 1097 1515 1136 mensa
1560 1084 1718 1152 ferret

170 1168 512 1225 testimonium.
576 1168 886 1241 imperator
934 1172 1114 1241 itaque
1164 1173 1432 1229 catholico
1483 1174 1720 1229 Alexan-

169 1259 309 1321 drino,
351 1258 664 1315 catholicus
713 1262 957 1317 exactori
996 1262 1245 1319 Μαι-θυαε
1308 1279 1408 1334 pro
1438 1265 1720 1321 excitanda

170 1348 353 1405 ecclesia
382 1350 607 1417 scribit,
652 1352 758 1406 hoc
794 1363 957 1421 pacto
989 1372 1005 1411 :

629 1458 901 1499 ειηετοιΑ
933 1459 1238 1501 (ιΑτιιοιιςι.

218 1532 417 1589 Flavius
480 1534 777 1589 Henserius
831 1538 1065 1593 exactori
1142 1537 1417 1604 Mareotis,
1474 1540 1716 1595 salutem.

170 1626 349 1695 ischgra
388 1631 702 1697 presbytero
750 1629 999 1697 pietatem
1052 1632 1379 1685 dominorum
1419 1642 1719 1686 nostrorum

170 1719 478 1787 Augustorum
521 1736 589 1772 ac
627 1716 910 1773 Casurum
943 1731 1179 1791 rogante,
1220 1722 1320 1775 sibi
1360 1723 1416 1776 in
1454 1722 1568 1777 loco
1600 1723 1721 1778 Pax

172 1809 463 1864 Secantaturi
504 1813 655 1865 dicto
697 1813 939 1865 construi
981 1814 1251 1867 ecclesiam
1280 1827 1300 1866 :
1330 1813 1491 1882 jussit
1536 1831 1718 1868 eorum

169 1900 390 1966 divinitas,
428 1903 698 1969 θειότης,
748 1903 806 1955 id
855 1919 1011 1972 quam
1052 1905 1280 1972 primum
1333 1905 1482 1975 eﬂici.
1525 1904 1721 1960 Curato
1754 1896 1797 1957 Β

169 1991 313 2059 igitur,
357 2001 411 2045 ut
457 1993 744 2063 exemplar
784 2003 969 2046 nactus
1008 1992 1167 2047 divini
1206 1992 1532 2061 diplomatis,
1580 1995 1719 2065 quod

170 2102 255 2137 rem
275 2084 437 2137 debita
467 2087 777 2140 reverentia
821 2088 999 2157 priore
1032 2087 1145 2140 loco
1173 2089 1407 2174 positurq
1430 2098 1504 2141 est
1530 2126 1546 2153 ,
1592 2104 1714 2141 nec-

170 2192 244 2228 son
268 2189 601 2232 monumenta
643 2195 832 2232 coram
863 2194 980 2232 mea
1019 2180 1299 2234 sanctitate
1332 2180 1494 2246 edita,
1522 2197 1583 2235 ea
1615 2182 1719 2235 cito

168 2267 433 2330 perlustrata
469 2270 527 2322 in
570 2271 961 2323 commentario
993 2287 1210 2337 reponas
1232 2310 1249 2336 ,
1294 2282 1349 2325 ut
1384 2288 1501 2342 qua:
1526 2273 1719 2327 divini-

168 2361 371 2428 tujussa
399 2371 547 2426 sunt,
580 2362 658 2415 ad
686 2364 891 2415 exitum
914 2364 1098 2417 deduci
1129 2373 1341 2434 queant.

217 2452 279 2506 Ex
302 2454 379 2507 his
412 2455 607 2525 igitur,
645 2464 706 2509 ut
738 2455 906 2509 etiam
940 2470 1005 2509 ex
1042 2455 1193 2526 Regii
1225 2458 1428 2513 codicis
1457 2458 1711 2524 lectione,

168 2544 299 2611 palam
330 2555 409 2601 est
442 2546 750 2616 epistolam
797 2548 937 2602 hanc
977 2546 1144 2602 Flavii
1197 2547 1431 2605 Hemerii
1466 2551 1717 2606 catholici

169 2646 255 2688 esse
279 2644 324 2689 et
355 2636 418 2689 ad
450 2646 786 2693 exactorem
824 2635 1079 2693 Mareotin
1110 2638 1249 2693 mitti
1280 2656 1293 2692 :
1331 2655 1453 2693 nam
1489 2641 1631 2709 quod
1664 2642 1715 2694 in

168 2727 279 2795 prius
312 2730 467 2785 editis
504 2729 718 2800 legitur
747 2730 980 2794 Φλαύιος
1039 2731 1293 2801 Ἦμέριος
1336 2730 1562 2801 ἔξαρχος
1595 2734 1717 2785 Μα-

169 2818 343 2887 ρεώτου,
376 2822 443 2875 ab
478 2822 805 2877 editoribus
846 2823 967 2877 ideo
1012 2823 1246 2890 positum
1294 2833 1398 2887 est,
1441 2824 1583 2893 quod
1618 2825 1719 2878 Ba-

168 2909 351 2968 siliensis
379 2914 551 2969 codex
597 2914 683 2968 sic
717 2914 964 2976 haberet,
1003 2912 1231 2977 Φλαύιος
1274 2914 1531 2985 Ἠμέριος
1559 2914 1719 2985 ἐξάρ·

166 3018 278 3074 πτωρ
306 3008 437 3061 male
472 3026 488 3062 :
537 3006 628 3061 illi
656 3021 793 3060 vero
820 3005 1066 3080 ὲξάκτωρ
1093 3005 1145 3059 in
1170 3005 1396 3077 ἔξαρχος
1434 3021 1715 3075 perperam

166 3106 414 3165 verterunt,
445 3112 651 3168 neque
672 3097 821 3153 enim
856 3097 908 3151 in
939 3096 1197 3161 Mareote,
1223 3097 1570 3152 Alexandrini
1599 3097 1712 3165 agri

165 3195 297 3252 parte,
328 3189 603 3243 esarchus
652 3201 776 3241 esse
813 3194 1043 3255 poterat.
1083 3184 1208 3239 limo
1238 3184 1481 3253 pluribus
1527 3183 1716 3237 elIerre

165 3276 316 3343 visum,
338 3280 459 3348 quia
487 3276 890 3332 Tillemoutius
911 3290 1028 3329 eam
1055 3276 1449 3329 restitutionem
1475 3285 1711 3329 nostram
1744 3248 1785 3305 (δ

164 3368 224 3421 vel
250 3386 339 3424 non
370 3369 808 3433 animadvertit,
840 3368 923 3422 vel
954 3368 1166 3437 penitus
1204 3366 1460 3437 neglexit.
1494 3365 1559 3420 Et
1593 3366 1714 3434 qui-

162 3460 251 3513 dem
278 3462 358 3517 ille
399 3462 678 3517 mendum
719 3459 1109 3523 subodoratus,
1148 3458 1459 3527 conjectura
1502 3459 1713 3527 lapsum

162 3554 321 3608 sarcire
362 3565 610 3610 conatus
645 3561 766 3618 est;
820 3551 914 3605 sed
946 3566 1049 3605 non
1093 3551 1163 3604 ita
1214 3549 1461 3605 feliciter.
1503 3550 1715 3603 Etenim

164 3642 271 3697 illius
301 3645 432 3711 loco,
482 3642 768 3714 ἐπιστολὴ
820 3642 900 3713 τῷ
944 3642 1250 3713 Κολλούοῳ,
1302 3644 1382 3697 sic
1428 3643 1715 3712 legendum

162 3748 294 3801 putat,
319 3736 593 3808 ἐπιστολὴ
619 3736 702 3807 τῷ
735 3734 1040 3806 καθολικῷ·
1061 3744 1115 3789 at
1142 3748 1444 3805 perperam,
1479 3750 1625 3798 nam,
1662 3742 1719 3786 ut

164 3840 287 3895 supra
317 3830 537 3894 videas,
573 3827 811 3897 epistola
836 3828 1103 3883 catholico
1134 3828 1320 3895 missa,
1353 3830 1719 3899 Augustorum

164 3930 203 3972 et
232 3920 492 3977 Caesarum
549 3932 690 3988 erat,
738 3936 915 3990 eaque
948 3936 1211 3990 nusquam
1256 3923 1559 3991 reperitur‘:
1600 3936 1719 3991 qua:

165 4024 423 4081 sequuntur
452 4021 652 4069 autem
681 4013 764 4069 sic
793 4012 1150 4067 restauranda
1175 4023 1325 4083 putat
1345 4012 1719 4068 Tillemontius

163 4116 256 4173 post
288 4107 587 4163 Henricum
622 4105 918 4168 Valesium,
936 4103 1177 4167 -Φλαύιος
1216 4104 1474 4176 Ἠμέριος
1506 4103 1719 4173 ὲξάρχῳ

165 4197 443 4268 Μαρεώτου,
475 4213 609 4267 qua:
640 4211 774 4251 sane
805 4195 1199 4267 ἁπροσδιόνυσα
1223 4206 1347 4250 sunt
1374 4211 1388 4247 :
1423 4210 1543 4249 nam
1579 4196 1717 4248 idem

162 4302 305 4346 essent
320 4293 636 4347 catholicus
650 4300 706 4344 et
722 4304 825 4343 exa
835 4289 1012 4353 rchus,
1031 4287 1202 4342 ollicia
1224 4302 1351 4341 sane
1368 4288 1523 4357 longe
1539 4287 1718 4356 dispa.

165 4392 346 4449 rata;at
366 4387 418 4439 in
442 4385 694 4439 Μαι·θοιε
710 4382 1064 4436 Alexandrini
1094 4381 1205 4450 agri
1242 4391 1396 4450 parte
1414 4396 1511 4436 nec
1533 4380 1720 4435 catho-

164 4472 268 4529 licus
283 4492 376 4532 nec
398 4477 684 4532 exarchus
700 4483 842 4529 erat.
863 4473 1095 4527 Exarcbi
1122 4472 1264 4528 euim
1283 4473 1478 4527 summi
1508 4471 1717 4542 imperii

165 4580 380 4633 proceres
411 4570 598 4633 fuere,
616 4581 852 4637 quorum
870 4580 933 4619 ea
949 4574 1062 4619 erat
1083 4564 1380 4619 auctoritas
1396 4575 1449 4618 et
1466 4563 1719 4632 dignitas,

166 4668 210 4711 ut
229 4660 582 4717 ministerium
611 4657 915 4729 imperialis
943 4656 1140 4725 fastigii
1170 4657 1445 4727 peregisse
1472 4656 1721 4711 dicantur

167 4751 207 4805 in
238 4753 361 4809 libro
394 4756 611 4810 Diurno
650 4751 887 4807 Romani
924 4749 1141 4821 pontif.,
1169 4766 1220 4805 c.
1249 4749 1304 4813 2,
1338 4751 1417 4804 tit.
1445 4749 1500 4812 4,
1533 4763 1587 4816 p.
1631 4747 1718 4801 i9.

166 4838 252 4897 ﬂsc
282 4860 408 4900 vero
446 4846 631 4916 posita
670 4843 937 4906 lectione,
968 4842 1216 4911 quisnam
1251 4841 1355 4895 erit
1385 4840 1475 4895 ille
1506 4838 1721 4894 Flavius

170 4928 419 4990 Hemerius
459 4936 556 5007 qui
600 4944 755 4989 tanta
808 4932 1130 4987 auctoritate
1163 4931 1428 4986 catholico
1459 4939 1513 4985 et
1558 4944 1719 4982 exar-

170 5020 266 5089 cho,
291 5037 350 5080 ut
374 5028 638 5082 dominus
673 5024 879 5080 famulo
911 5024 1174 5093 imperat:
1201 5022 1461 5093 cujusque
1486 5021 1720 5077 ollicium

168 5117 341 5173 nullum
392 5127 736 5174 memoratur
770 5118 1066 5171 secundum
1111 5116 1584 5171 Tillemoutianom
1628 5129 1718 5168 re-

173 5209 517 5266 stitutionem?
554 5211 656 5266 llic
690 5224 853 5279 spero
884 5210 1176 5273 neminem,
1211 5222 1271 5263 re
1308 5222 1597 5278 perpensa,
1630 5221 1720 5260 re-

171 5298 407 5357 stitutioni
439 5314 645 5358 nostra:
679 5310 1103 5371 repugnaturum
1132 5315 1273 5356 esse.

592 5413 1112 5472 ANIMADVERSIO
1150 5412 1261 5466 XII.

170 5506 235 5560 An
279 5512 491 5581 epistola
539 5508 762 5566 Eusebii
810 5506 1151 5581 Cwsariensis
1197 5506 1331 5561 libro
1369 5506 1446 5562 De
1491 5491 1723 5562 Nicmnis

522 5581 766 5637 decretis
792 5589 925 5632 recte
956 5578 1324 5646 subjungatur.

227 5667 382 5742 ἆξαι-ε
418 5675 541 5730 tulit
580 5673 670 5727 vir
714 5670 931 5741 quidam
964 5670 1207 5725 eruditus
1242 5677 1297 5724 et
1340 5669 1407 5725 de
1432 5668 1717 5739 republica

230 5783 299 5850 (α)
331 5787 643 5844 Cuillelmus
669 5785 837 5838 Cave.

231 5852 299 5921 (ο)
334 5859 621 5926 Adntonit.,
656 5856 685 5927 ᾗ
716 5854 799 5923 10,
824 5870 876 5925 p.
901 5853 1024 5922 208,
1070 5863 1105 5910 t.
1138 5852 1267 5911 led.
1293 5869 1462 5912 novae.
1491 5849 1725 5910 Fclckm.

1826 631 1982 684 cretis
2029 630 2310 699 epistolam
2359 631 2577 685 Eusebii
2628 630 2972 699 subjuuxisse
3007 649 3025 685 ε
3073 642 3222 686 ratus
3276 647 3389 686 rem

1826 737 1946 776 esse
1980 738 2204 791 prorsus
2233 723 2598 791 peregrinam,
2644 730 2697 775 et
2724 730 2873 775 extra
2910 723 3092 776 sedem
3119 725 3387 792 prepriam

1826 816 1914 870 hic
1946 814 2109 871 locari
2142 834 2155 869 :
2188 830 2251 871 ac
2294 818 2359 870 de
2391 816 2481 869 tali
2512 831 2667 880 ausu,
2709 830 2879 885 usque
2913 816 3046 869 adeo
3084 816 3393 885 indignatur

1825 917 1886 962 ut
1916 907 1968 962 in
2002 907 2232 961 Elencho
2264 925 2436 962 rerum
2468 922 2566 962 uos
2595 908 2717 962 ideo
2752 905 2905 961 mala:
2938 906 3059 959 ﬁdei
3105 921 3393 960 accusave-

1826 999 1917 1052 rit.
1950 997 2075 1052 Haec
2109 998 2223 1065 ejus
2248 1000 2407 1053 verba
2438 1008 2580 1063 sunt,
2614 1014 2667 1067 p.
2695 998 2764 1053 90
2792 1015 2806 1053 :
2831 999 3123 1068 Antequam
3156 998 3291 1051 hanc
3328 998 3392 1050 de

1823 1091 2048 1159 epistola
2081 1090 2380 1145 Eusebiana
2415 1092 2816 1158 disputationem
2853 1091 3119 1152 claudam,
3157 1106 3260 1143 non
3298 1091 3393 1144 abs

1825 1198 1882 1237 re
1909 1184 2006 1236 erit
2040 1183 2259 1237 breviter
2294 1184 2579 1253 inquirere,
2622 1183 2759 1236 unde
2792 1182 2990 1251 factum
3034 1185 3124 1248 sit,
3158 1192 3214 1235 ut
3255 1183 3394 1237 inter

1824 1276 2103 1329 Athanasii
2137 1291 2293 1342 opera
2329 1275 2497 1328 locum
2534 1274 2737 1328 habeat.
2772 1273 3130 1341 Reposuerunt
3163 1272 3307 1327 illam
3336 1274 3394 1326 in

1826 1378 1952 1421 tom.
1994 1368 2027 1423 1
2077 1369 2369 1422 novissima:
2406 1367 2650 1421 editionis
2678 1377 2970 1431 curatores,
3016 1365 3234 1421 Petrum
3267 1364 3394 1420 Fel-

1826 1458 2134 1514 ckmannum
2176 1464 2274 1514 hac
2312 1462 2366 1514 in
2399 1470 2548 1530 parte
2588 1460 2773 1527 secuti,
2806 1462 2895 1529 qui
2923 1460 3199 1513 editionem
3236 1459 3395 1513 Com-

1824 1551 2162 1603 melinianam
2206 1567 2343 1604 anno
2386 1550 2517 1604 1601
2571 1550 2868 1613 adornauit,
2918 1552 3219 1619 primusque
3258 1549 3394 1602 hanc

1825 1641 2098 1707 epistolam
2132 1642 2285 1695 editis
2314 1641 2591 1695 Athanasii
2629 1640 2877 1709 operibus
2911 1640 3164 1704 inseruit;
3204 1650 3395 1708 prater

1827 1735 2039 1786 unicum
2071 1733 2437 1799 Basilienscm,
2469 1734 2667 1785 nullum
2710 1733 2937 1785 codicem
2980 1733 3407 1799 manuscriptuni

1826 1829 2052 1894 reperire
2077 1827 2267 1895 potuit,
2304 1842 2405 1895 quo
2443 1826 2582 1878 inter
2608 1842 2762 1893 Opera
2786 1825 3153 1880 Athanasiana
3190 1834 3393 1893 reperta

1825 1915 1983 1984 fuerit
2018 1932 2035 1969 :
2066 1916 2290 1970 alterum
2324 1916 2572 1969 addidere
2606 1914 2953 1980 Benedictini,
2995 1918 3048 1969 in
3079 1916 3405 1969 bibliotheca-

1823 2005 1989 2075 Regia
2015 2004 2308 2059 Parisiensi
2336 2022 2355 2061 :
2399 2006 2549 2073 cujus
2586 2021 2702 2059 vero
2733 2007 2926 2068 aetatis,
2966 2006 3210 2075 quantine
3241 2004 3396 2071 pretii

1818 2096 1875 2150 lti
1916 2097 2119 2151 codices
2166 2098 2292 2160 sint,
2340 2112 2432 2150 nos
2469 2113 2570 2149 non
2610 2098 2818 2151 docent.
2871 2095 3021 2150 Unde
3062 2095 3394 2149 Parisienses

1819 2187 2042 2240 editores
2066 2203 2203 2239 anno
2255 2185 2416 2253 1627,
2471 2187 2704 2256 quamvis
2756 2186 2812 2239 in
2859 2186 3060 2239 cwtcris
3111 2185 3395 2237 editionem

1823 2278 2292 2333 Commelinianam
2336 2294 2512 2346 presso
2552 2278 2679 2347 pede
2721 2277 3091 2348 sequebantur,
3137 2276 3275 2329 hanc
3306 2284 3390 2328 ιιι-τ

1818 2386 1935 2424 men
1959 2369 2233 2439 epistolam
2258 2370 2609 2423 excluserunt.
2630 2367 2779 2422 Certe
2807 2368 2933 2421 milii
2958 2368 3161 2421 videtur
3185 2369 3246 2421 ab
3272 2368 3395 2420 aliis

1820 2461 2047 2531 adjecta,
2076 2471 2126 2515 et
2153 2477 2216 2514 ex
2241 2459 2549 2514 Theodoreti
2576 2460 2799 2513 historia
2821 2460 3042 2528 primum
3066 2460 3393 2527 deprompta.

1828 2554 2016 2608 Verum
2058 2554 2223 2621 ipsius
2255 2552 2531 2605 Athanasii
2563 2551 2861 2604 testimonio
2907 2549 3213 2603 sententiam
3244 2564 3394 2601 suam

1817 2646 2129 2713 conﬁrmare
2157 2653 2401 2713 satagunt
2426 2643 2523 2713 (b),
2550 2642 2705 2695 unica
2724 2639 3067 2695 Felckmanni
3093 2640 3405 2705 coniectura.

1819 2739 1953 2793 nixi.
2015 2734 2242 2789 Frustra
2294 2735 2523 2804 quidem.
2567 2733 2694 2803 Ipsa
2741 2732 3018 2787 Athanasii
3073 2732 3226 2786 verba
3284 2732 3395 2784 haec

1819 2838 1943 2883 sunt
1995 2827 2105 2898 (c);
2142 2838 2415 2897 postquam
2449 2825 2664 2879 dixisset
2718 2824 3000 2879 Eusebium
3040 2822 3260 2889 epistola
3296 2837 3395 2875 sua

1817 2920 2043 2971 Arianos
2071 2934 2366 2981 accusasse,
2391 2919 2645 2986 sequitur,
2672 2916 2781 2969 Kal
2803 2914 2960 2969 τοῦτο
2980 2910 3089 2966 οἶδε
3120 2913 3216 2966 καὶ
3243 2912 3399 2966 Ἄχας

1824 3022 1974 3071 κιος·
2011 3006 2077 3059 ἂν
2116 3005 2189 3077 μὴ
2213 3007 2307 3059 καὶ
2339 3004 2503 3067 αὐτὸς
2533 3003 2812 3074 φοϐηθεὶς,
2848 3004 2941 3057 νῦν
2964 3004 3051 3057 διὰ
3082 3004 3173 3056 τὸν
3206 3002 3395 3070 καιρὸν

1818 3096 2175 3166 ὑποκρίνηται
2209 3096 2303 3147 καὶ
2332 3096 2633 3165 ἀρνήσηται
2664 3094 2762 3164 τὴν
2796 3093 3072 3163 ἀλήθειαν.
3130 3091 3395 3157 Ὑπέταξε

1818 3190 1949 3258 γοῦν
1992 3191 2049 3242 ὲν
2081 3188 2157 3259 τῷ
2203 3188 2346 3241 τέλει
2388 3188 2487 3258 τὴν
2532 3186 2818 3257 ἐπιστολὴν
2859 3186 3151 3239 Εὑσεϐίου⁸
3204 3186 3291 3238 ἵνα
3330 3186 3397 3239 ὲκ

1818 3281 2025 3351 ταύτης
2046 3280 2188 3351 γνῷς
2210 3279 2318 3332 τῶν
2343 3296 2401 3332 τε
2424 3277 2824 3351 χριστομάχων,
2860 3278 2954 3331 καὶ
2976 3276 3115 3330 κατὰ
3144 3275 3394 3348 περιττὸν

1820 3372 1917 3443 τὴν
1957 3372 2208 3426 Ἀκακίου
2254 3371 2390 3443 πρὸς
2421 3372 2547 3433 τοὺς
2586 3369 2792 3424 ἑαυτῶν
2838 3369 3187 3431 διδασκάλους
3234 3369 3397 3435 arvo,

1826 3466 2083 3537 μοσύνην.
2128 3465 2195 3519 Et
2220 3466 2323 3518 hoc
2349 3466 2519 3528 ipsum
2543 3464 2644 3516 scit
2667 3460 2922 3523 Aeacius.
2945 3462 3045 3514 nisi
3074 3474 3129 3516 et
3160 3460 3251 3514 ille
3271 3474 3398 3528 quo-

1822 3575 1927 3630 que
1956 3574 2099 3613 nunc
2138 3568 2281 3612 metu
2319 3566 2616 3625 temporum
2652 3557 2704 3611 id
2733 3554 3187 3611 dissimulandum
3218 3562 3395 3622 putet,

1822 3654 2209 3721 veritatemque
2239 3650 2467 3704 iuliciari
2497 3651 2643 3705 velit.
2682 3650 2844 3705 Certe
2873 3658 2927 3704 et
2953 3651 2999 3704 is
3029 3650 3080 3701 in
3124 3648 3231 3701 line
3261 3647 3393 3701 sub-

1817 3742 1998 3812 junsit
2036 3742 2316 3811 epistolam
2347 3741 2590 3806 Eusebii,
2627 3740 2769 3794 unde
2800 3754 2895 3794 eos
2927 3751 2981 3794 et
3024 3738 3224 3794 Christi
3268 3752 3396 3807 per-

1822 3835 2026 3890 duelles
2056 3835 2259 3895 videas.
2289 3844 2344 3887 et
2376 3834 2429 3886 in
2459 3833 2647 3902 primis
2678 3832 2857 3887 Acacii
2903 3833 3163 3885 adversus
3194 3845 3398 3899 praece-

1824 3936 2007 3998 ptores
2048 3941 2175 3981 suos
2221 3924 2566 3979 stoliditatem
2598 3923 2989 3992 deprehendas.
3031 3923 3162 3976 liceo
3196 3932 3397 3975 utsen-

1824 4021 1999 4073 tentia:
2035 4034 2145 4074 sua:
2173 4016 2659 4083 accommodarent,
2691 4017 2856 4070 textui
2889 4016 3255 4069 Athanasiano
3294 4015 3399 4068 vim

1824 4111 2019 4179 inferre
2043 4127 2245 4164 necesse
2276 4111 2489 4176 habent,
2516 4126 2578 4163 ac
2608 4111 2827 4179 proinde
2869 4127 2964 4178 pro
2995 4108 3248 4173 ὑπέταξε,
3277 4109 3399 4161 sub-

1824 4201 2105 4254 stituerunt
2152 4199 2424 4264 ὑπέταξα,
2479 4200 2635 4268 plane
2658 4210 2842 4254 contra
2879 4202 3114 4254 omnium
3159 4201 3400 4254 codicum

1824 4289 2007 4359 ﬁdem,
2060 4307 2163 4344 non
2215 4291 2462 4361 diﬁitente
2492 4293 2707 4359 ipsemet
2756 4290 3135 4357 Felrkmanno,
3178 4293 3267 4360 qui
3305 4308 3400 4345 nec

1824 4382 1939 4449 ipse
1981 4390 2183 4435 textum
2238 4393 2441 4436 mutare
2479 4400 2638 4436 ausus
2682 4393 2780 4440 est.
2826 4382 2968 4447 Quin
3013 4393 3062 4437 et
3106 4393 3244 4436 totus
3291 4384 3401 4451 ipse

1825 4481 2122 4539 contextus,
2161 4474 2415 4543 quidquid
2447 4474 2605 4525 aliter
2638 4474 2829 4526 sentiat
2873 4472 3280 4536 Felckmannus,
3316 4489 3401 4527 reo

1824 4574 2059 4634 pugnat;
2088 4567 2319 4636 disputat
2345 4564 2481 4618 enim
2506 4564 2585 4617 his
2616 4565 2779 4617 verbis
2804 4564 3125 4617 Athanasius
3149 4565 3400 4619 adversus

1825 4656 2097 4724 Acacium,
2136 4658 2302 4727 ipsius
2335 4657 2551 4711 Eusebii
2587 4656 2901 4726 discipulum
2933 4664 2982 4710 et
3025 4671 3400 4722 successorem,

1826 4750 2174 4803 inconstantia
2204 4749 2400 4817 ingenii
2441 4750 2630 4811 rirum,
2658 4747 2744 4816 qui
2783 4763 2920 4799 nunc
2950 4762 3068 4799 cum
3098 4746 3398 4810 catholicis,

1824 4856 1960 4894 nunc
1980 4856 2105 4911 cum
2136 4841 2346 4894 Arianis
2376 4839 2519 4908 fecit,
2548 4841 2740 4909 quique
2767 4838 2835 4891 ad
2862 4837 3042 4906 scripti
3062 4836 3291 4907 alicujus
3318 4839 3401 4892 sui

1826 4931 2022 4985 calcem
2063 4930 2269 4999 (multa
2304 4930 2462 4991 enim,
2496 4946 2680 5000 eaque,
2723 4938 2780 4983 ut
2819 4929 3043 4994 videtur,
3082 4930 3136 4983 in
3169 4929 3403 4982 Ariano-

1825 5036 1943 5075 rum
1997 5024 2228 5090 gratiam
2259 5022 2508 5093 scripsit)
2550 5023 2687 5075 Itanc
2723 5022 2964 5092 magistri
3005 5021 3088 5074 sui
3129 5020 3404 5090 epistolam

1822 5116 2198 5182 subnexuerat,
2227 5130 2389 5185 eoque
2426 5125 2581 5184 parto
2616 5114 2955 5168 stoliditatem
2984 5116 3234 5168 adversus
3263 5130 3402 5182 pra:-

1822 5217 2056 5276 ceptores
2100 5224 2224 5261 suos
2268 5207 2575 5275 ostenderit,
2617 5209 2854 5278 subjecta
2897 5208 3146 5260 nimirum
3188 5206 3403 5259 Eusebii

1821 5299 2061 5368 cpistola,
2110 5316 2214 5369 qua
2248 5298 2477 5354 Arianos
2512 5301 2708 5354 diserte
2741 5302 3105 5354 damnaverat.
3146 5296 3324 5351 Verbis
3347 5296 3403 5349 in

1823 5393 1961 5447 hunc
1994 5408 2203 5446 sensum
2233 5393 2531 5461 explicatis,
2564 5392 2839 5446 commode
2864 5402 2910 5445 et
2932 5391 3199 5460 perspicue
3227 5388 3401 5455 ﬂuunt

1828 5486 2029 5540 omnia.
2052 5486 2135 5537 An
2163 5500 2281 5538 vero
2308 5501 2418 5538 rem
2462 5501 2559 5538 acu
2589 5485 2866 5554 tetigerim,
2897 5481 3219 5535 eruditorum
3252 5478 3403 5547 judi-

1826 5577 1968 5630 cium
2006 5589 2138 5631 esto.
2173 5575 2298 5630 lltcc
2329 5576 2418 5630 ille
2447 5594 2461 5631 :
2490 5585 2545 5629 at
2575 5576 2626 5629 in
2658 5591 2721 5629 ea
2762 5574 2903 5629 docti
2935 5572 3034 5625 viri
3068 5569 3401 5630 narratione,

1827 5666 1962 5721 nihil
1993 5681 2209 5731 sanum,
2246 5681 2433 5721 verum
2462 5665 2599 5720 nihil
2647 5663 3036 5735 deprehendas.
3072 5660 3206 5716 Nam
3256 5662 3401 5731 quod

1822 5788 1952 5835 tom.
1978 5778 2041 5849 ll,
2073 5795 2127 5849 p.
2159 5777 2247 5832 47.
2273 5780 2401 5833 Var.
2436 5778 2584 5849 lect_..
2615 5792 2668 5844 ρ.
2699 5776 2787 5849 55.

1910 5850 1979 5921 (ε)
2013 5845 2089 5904 De
2120 5848 2311 5906 dccret.
2341 5865 2455 5918 sgn.
2489 5847 2637 5917 Nic.,
2669 5864 2720 5918 ιι.
2752 5845 2879 5905 403.
