3990 6520
546 407 684 450 CLXX

1920 394 2186 451 PROLEG
2196 396 2448 454 OMENA.

550 511 626 562 ait
661 509 836 578 primo
865 507 1286 562 Felckmanuum
1323 508 1476 564 lateri
1507 511 1582 582 (τι)
1621 512 1673 566 in
1699 511 1948 566 omnibus
1971 511 2120 564 codi-
2149 518 2194 571 Α
2221 528 2340 568 esse
2369 522 2540 582 putat,
2571 514 2806 584 elliugit;
2849 513 3006 582 quale
3041 523 3123 569 est
3147 513 3298 579 illud,
3333 513 3484 570 Unde
3516 515 3782 572 Parisien-

550 604 729 663 cibus,
755 616 858 653 uno
883 608 1109 668 excepto
1135 600 1433 668 Basiliensi,
1463 604 1650 656 adesse
1698 602 1981 657 lectionem
2021 603 2122 655 ὑπ-

552 693 734 759 έταξε.
770 693 1138 761 majoremque
1170 693 1412 745 codicum
1443 709 1722 748 numerum
1759 694 1895 748 hanc
1937 695 2120 749 lectio-

555 802 674 839 nem
717 784 990 853 pra-ferre,
1037 800 1142 837 non
1178 796 1428 838 accurate
1459 786 1684 848 dictum,
1709 787 1970 852 siquidem
2006 786 2122 840 Fel-

514 889 519 932 ξ
553 880 850 934 t-kmannus
881 879 1012 931 duos
1055 878 1224 931 solum
1262 879 1326 930 de
1383 878 1613 931 decretis
1663 876 1892 931 Niconis
1933 880 2122 932 adesse

515 949 653 1025 isihi
708 971 922 1024 codices
971 970 1326 1035 testiﬁcatur;
1370 970 1622 1024 nimirum
1679 970 2024 1024 Basiliensem
2070 982 2121 1025 et

552 1079 671 1116 cum
706 1077 862 1131 quem
917 1077 991 1114 vn
1044 1072 1216 1114 notat.
1271 1061 1482 1115 Primus
1522 1074 1724 1126 autem,
1761 1063 1972 1117 scilicet
2023 1063 2123 1116 Ba-

553 1157 809 1218 aiilCllSlS,
854 1154 1096 1208 omnium
1150 1154 1558 1221 antiquissimus
1607 1164 1661 1206 et
1721 1155 1977 1218 optinms,
2012 1156 2118 1207 ὑπ-

552 1246 717 1310 έταξα
757 1247 940 1308 habet,
971 1247 1054 1298 cui
1080 1246 1245 1299 addas
1267 1244 1488 1316 Regium
1520 1246 1710 1299 decimi
1732 1246 1909 1299 saeculi
1940 1261 2120 1300 exem-

554 1339 671 1406 plar
704 1338 932 1406 egregiae
969 1347 1127 1391 noue.
1159 1337 1292 1391 Cum
1326 1352 1453 1406 ergo
1481 1338 1586 1391 duo
1624 1338 1978 1407 manuscripti
2027 1354 2121 1390 co-

555 1430 722 1492 diees,
760 1428 905 1496 iique
943 1429 1349 1497 praestantiores
1396 1438 1448 1481 et
1499 1430 1850 1498 antiquiores,
1884 1439 2122 1484 nostrain

556 1520 837 1574 lectionem
887 1522 1198 1588 prteferaut,
1253 1535 1497 1588 unusque
1550 1531 1756 1576 tantum
1798 1531 1852 1577 et
1908 1523 2124 1591 quidem

555 1612 829 1666 interioris
880 1623 1021 1667 nota:
1049 1622 1105 1666 et
1134 1613 1200 1665 ad
1243 1612 1558 1666 Basiliensis
1607 1613 1764 1667 ﬁdem
1798 1614 2121 1682 descriptus,

555 1711 614 1756 ut
641 1705 717 1757 ait
759 1703 1160 1758 Felckmannus
1207 1703 1256 1756 iu
1300 1703 1442 1757 notis
1481 1703 1656 1772 p.55,
1702 1718 1858 1758 secus
1903 1704 2122 1768 haheat,

556 1809 652 1847 cur
681 1796 835 1849 nobis
867 1796 1260 1864 exemplarium
1305 1795 1582 1864 penuriam
1633 1804 1890 1864 perpetuo
1927 1796 2123 1850 decan-

540 1885 671 1939 ‘tat?
706 1885 838 1940 Nam
873 1889 1012 1955 quod
1041 1889 1116 1941 ait
1143 1888 1251 1950 ille,
1287 1903 1383 1941 nec
1408 1885 1823 1941 Felckmannum
1851 1889 2124 1943 monuisse

555 1978 708 2044 cujus
743 1979 1022 2032 vetustatis
1055 1987 1198 2032 esset
1229 1977 1543 2032 Basilicusis
1567 1978 1758 2041 codex,
1793 1993 1893 2033 nec
1933 1995 2030 2033 nos
2059 1979 2124 2035 de

556 2073 876 2140 antiquitate
905 2073 1105 2126 codicis
1144 2072 1294 2142 Regii
1330 2073 1534 2127 dixisse
1572 2071 1865 2140 quidpiam,
1903 2073 2125 2142 perinde

554 2162 772 2226 falsum,
802 2174 856 2216 et
882 2179 948 2218 ne
973 2164 1172 2225 dicam,
1194 2163 1349 2218 malze
1373 2164 1514 2230 ﬁdei,
1541 2179 1765 2218 summa:
1787 2164 1973 2217 saltem
1992 2164 2126 2218 osci—

559 2255 740 2308 nantia:
766 2265 889 2309 est:
928 2271 1050 2309 nam
1086 2257 1136 2308 in
1181 2255 1501 2310 Pra-l‘atione
1532 2255 1596 2308 ad
1632 2254 1919 2308 editionem
1963 2255 2123 2308 Com-

558 2348 929 2412 ntelinianam,
959 2347 1042 2400 cui
1077 2358 1231 2401 notas
1260 2362 1385 2401 suas
1408 2347 1681 2414 subjnnxit
1707 2345 2121 2410 Felekmaunus,

558 2441 669 2492 lucc
714 2438 982 2492 habentur
1021 2454 1036 2490 :
1087 2439 1298 2492 Primus
1345 2443 1510 2491 codem;
1557 2439 1703 2508 isque
1737 2440 2120 2492 uetustissimus

559 2532 810 2598 (ideoque
832 2531 968 2583 lectu
995 2530 1334 2602 perdiﬁicilis)
1371 2532 1622 2598 optimus,
1652 2541 1698 2584 et
1745 2532 1836 2600 qui
1863 2532 2016 2600 plura
2047 2549 2125 2585 re-

556 2618 712 2689 liquis
755 2622 993 2673 omnibus
1026 2619 1200 2685 habet,
1231 2631 1305 2673 est
1337 2622 1622 2674 academica
1656 2620 2034 2675 Basiliensis...
2071 2633 2126 2676 et

557 2722 767 2779 postea.
787 2713 840 2764 in
867 2711 1152 2782 exemplari
1177 2711 1479 2780 Basiliensi,
1505 2714 1644 2783 quod
1665 2714 1866 2767 caneris
1888 2716 2124 2768 omnibus

550 2803 674 2871 jure
703 2803 1054 2872 pra’ferimus,
1085 2814 1191 2858 etc.
1243 2805 1315 2858 De
1357 2804 1522 2874 chio
1553 2814 1731 2858 autem
1774 2806 1958 2859 codice
1989 2807 2128 2860 dixi-

560 2911 680 2948 mus
706 2910 808 2949 uos
836 2896 887 2949 in
919 2896 1240 2951 Praefatione
1269 2916 1282 2951 :
1321 2897 1602 2951 Busiliensi
1634 2899 1802 2950 codici
1826 2898 1968 2950 haud
1992 2899 2128 2950 mul-

562 2993 670 3035 tum
712 2987 991 3040 concedere
1027 2997 1246 3055 putatur
1293 2987 1506 3057 Regius,
1559 3004 1701 3039 num.
1737 2986 1899 3050 2:185,
1934 2991 2128 3056 septin-

559 3083 831 3142 gentorum
870 3077 1076 3128 circiter
1110 3093 1392 3141 annorum,
1439 3079 1656 3144 egregiae
1699 3086 1855 3141 notte,
1904 3086 2008 3131 etc.
2067 3077 2129 3131 Et

561 3179 747 3234 postea
795 3169 845 3221 in
885 3169 1093 3238 syllabo
1137 3169 1382 3223 codicum
1419 3169 1654 3223 diximus
1684 3185 1782 3224 nos
1813 3171 2001 3226 eodem
2037 3185 2128 3224 co-

559 3262 679 3315 dice
716 3261 880 3330 Regio
917 3262 1076 3325 2284,
1113 3265 1178 3315 ad
1210 3263 1491 3332 epistolam
1524 3264 1591 3318 de
1626 3263 1860 3318 Nicamis
1899 3267 2132 3321 decretis

562 3366 690 3405 usos
716 3366 856 3414 esse,
887 3352 1002 3406 iuit.
1031 3363 1068 3405 t.
1100 3350 1140 3404 l.
1170 3352 1355 3421 Itaque
1380 3367 1446 3405 ex
1482 3351 1827 3407 Felckmanni
1859 3363 1914 3410 et
1941 3370 2004 3408 ex
2037 3371 2134 3410 no-

561 3456 674 3495 stra
712 3455 864 3510 parte
897 3452 1045 3496 stant
1078 3443 1183 3497 duo
1219 3444 1574 3498 vetustissimi
1610 3445 1852 3500 omnium
1885 3447 2129 3516 codices;

561 3555 629 3594 ex
665 3539 833 3592 altera
863 3539 966 3593 duo
993 3539 1142 3603 item,
1177 3541 1269 3592 sed
1300 3539 1456 3609 longe
1482 3542 1812 3596 recentiores
1839 3553 1892 3597 et
1922 3543 2134 3600 inferio-

563 3631 641 3684 ris
679 3639 840 3686 notae.
882 3630 947 3687 Et
991 3630 1208 3684 aliunde
1242 3631 1402 3685 lectio
1434 3631 1674 3696 ὑπέταξα
1717 3633 1791 3687 ita
1845 3634 1962 3690 loco
2003 3651 2135 3691 con-

563 3735 766 3787 gruens
796 3733 901 3785 est.
939 3732 998 3775 ut
1037 3723 1078 3776 si
1117 3721 1350 3787 ὑπέταξε
1399 3722 1566 3792 legas,
1599 3735 1778 3794 aptam
1812 3731 2131 3784 sententiam

561 3814 767 3866 frustra
793 3828 1030 3882 quaeras,
1065 3824 1123 3867 ut
1151 3813 1376 3868 interius
1409 3815 1556 3870 clare
1580 3818 1984 3886 comprobatur.
2017 3820 2133 3876 Non

563 3906 745 3958 verius
779 3905 1015 3972 loquitur
1047 3920 1168 3962 cum
1208 3906 1305 3969 ait,
1332 3904 1746 3962 Felcltmaunum
1799 3925 1984 3965 vocem
2034 3912 2137 3964 ὑπ-

564 3993 725 4059 έταξε
757 3996 808 4048 in
849 3995 1093 4060 ὑπέταξα
1116 4007 1447 4050 commutare
1480 4015 1584 4053 non
1610 4016 1794 4055 ausum
1817 4017 1938 4056 esse
1965 4021 1978 4057 :
2011 4019 2132 4058 nam

562 4086 685 4139 ideo
709 4102 811 4139 non
838 4088 1164 4151 etneudavit,
1188 4088 1312 4156 quia
1339 4090 1545 4158 lapsum
1575 4107 1690 4144 sero
1718 4093 1876 4146 nimis
1901 4092 2136 4147 animad-

561 4178 730 4232 vertit
768 4196 782 4231 :
828 4189 881 4232 et
921 4180 1264 4246 incogitantia
1317 4183 1444 4235 item
1495 4185 1747 4238 evenisse
1795 4186 2132 4252 testilicatur,

562 4264 707 4332 quod
755 4266 977 4332 epistola
1020 4267 1233 4322 Eusebii
1280 4270 1331 4323 in
1367 4273 1604 4326 secundo
1650 4283 1796 4328 tomo
1827 4290 1975 4342 cusa,
2017 4277 2135 4344 epi-

562 4358 713 4411 stola:
742 4359 808 4413 de
838 4359 1068 4416 decretis
1097 4361 1332 4419 Niczenis
1354 4367 1638 4435 subjuncta
1669 4384 1776 4423 non
1811 4371 1997 4426 fuerit.
2034 4373 2138 4426 Do-

562 4449 706 4503 lehat
737 4453 936 4520 quippe
971 4468 1152 4507 veram
1200 4455 1484 4510 lectionem
1526 4475 1631 4513 non
1671 4462 2000 4527 restitutam,
2035 4479 2134 4519 nec

2220 621 2301 658 ses
2330 605 2554 658 editores
2578 621 2715 658 anno
2747 604 2908 668 1627,
2934 605 3170 673 quamvis
3196 605 3249 658 in
3281 608 3483 660 ueteris
3511 609 3800 662 editionem»

2222 694 2690 750 Cammelinianam
2721 713 2898 765 presso
2919 697 3046 762 pede
3065 697 3432 766 sequebantur,
3458 697 3597 751 hanc
3618 709 3787 754 tamen

2230 785 2499 854 epistolam
2553 787 2902 840 exclmerunt.
2958 786 3026 840 At
3081 802 3261 841 secum
3317 797 3568 855 reputare
3610 789 3786 844 debuit

2222 877 2516 929 editionem
2547 876 2688 929 illam
2727 875 3087 932 Parisiensem
3113 877 3354 930 omnium
3393 880 3490 932 teri
3519 880 3788 944 manibus,

2225 981 2324 1020 nec
2359 982 2516 1035 posse
2552 966 2657 1020 tale
2685 977 3048 1021 commentum
3105 969 3322 1037 impune
3373 970 3628 1038 proferri.
3668 971 3789 1024 Edi-

2226 1067 2372 1113 tores
2405 1059 2602 1128 quippe
2631 1057 2837 1112 inlinita
2879 1060 3263 1129 propemodum
3294 1062 3672 1125 immutarunt,
3695 1063 3812 1116 ali-r

2225 1151 2441 1217 quando
2484 1148 2642 1214 bene,
2677 1149 2988 1218 frequenter
3021 1165 3198 1212 secus,
3234 1152 3481 1205 ordinem
3527 1167 3636 1206 non
3671 1167 3792 1208 raro

2227 1241 2560 1294 iuverterunt
2587 1257 2602 1295 :
2633 1255 2736 1293 non
2781 1240 2942 1294 modo
2989 1241 3271 1310 epistolam
3311 1242 3552 1306 Eusebii,
3603 1245 3696 1298 sed
3741 1253 3793 1298 et

2225 1333 2327 1386 alia
2363 1332 2527 1386 multa
2552 1341 2924 1397 resecuerunt,
2959 1340 3018 1386 ut
3045 1333 3204 1402 epist.
3232 1335 3493 1388 minorem
3511 1335 3812 1390 Athanasii.

2225 1424 2289 1476 ad
2323 1424 2637 1490 monachos,
2665 1424 2848 1478 varias
2879 1423 3139 1479 lectiones
3167 1439 3381 1489 omnes,
3410 1435 3543 1490 etc.,
3577 1436 3638 1480 ut
3683 1426 3794 1496 ple-

2227 1512 2379 1580 rique
2417 1513 2697 1581 conquesti
2729 1523 2882 1578 sunl;
2929 1513 3095 1567 multa
3134 1516 3318 1583 spuria
3369 1525 3629 1585 tauquam
3677 1533 3797 1586 ger~

2227 1615 2387 1654 mana
2437 1602 2798 1671 adjecerunt:
2826 1618 2951 1656 num
3003 1602 3183 1656 dicere
3217 1613 3400 1670 postea
3432 1604 3604 1670 ausis,
3630 1605 3804 1659 edito-

2229 1708 2314 1748 res
2352 1692 2692 1750 Parisieuses
2735 1696 2869 1751 edit.
2909 1694 3397 1750 Commelinianam
3449 1710 3639 1763 presso
3667 1697 3799 1766 pede

2233 1796 2449 1840 secutos
2483 1787 2646 1842 esse?
2670 1789 2855 1856 Itaque
2886 1789 2969 1842 vir
2994 1787 3237 1843 eruditus
3267 1787 3454 1843 istbaec
3473 1789 3653 1844 obiter
3681 1804 3808 1857 per-

2156 1849 2200 1907 3
2233 1879 2506 1944 tractavit,
2549 1879 2638 1946 qui
2680 1894 2780 1934 nec
2833 1895 2955 1949 qua:
2993 1879 3220 1950 legenda
3253 1888 3409 1934 erant
3454 1879 3672 1949 legerit,
3705 1894 3802 1936 nec

2231 1970 2296 2024 iis
2341 1986 2462 2039 qua:
2509 1971 2640 2040 legit
2667 1970 2801 2025 satis
2835 1971 3160 2037 attenderit;
3197 1971 3250 2024 id
3287 1981 3468 2024 autem
3500 1981 3690 2040 aperte
3735 1971 3802 2025 li-

2230 2071 2377 2131 quet,
2415 2063 2468 2118 in
2514 2077 2588 2152 eq
2620 2078 2780 2131 quam
2813 2079 2880 2118 ex
2915 2063 3126 2117 Naunio
3184 2063 3367 2118 attulit
3414 2062 3542 2127 loci,
3593 2078 3703 2132 quo
3737 2064 3808 2117 do

2231 2154 2432 2223 agitur,
2492 2155 3124 2223 interpretationeduec
3171 2154 3362 2210 Greca
3417 2154 3581 2208 verba
3642 2165 3810 2219 sunt,

2231 2249 2340 2302 Καὶ
2369 2248 2524 2301 τοῦτο
2561 2244 2669 2302 οἶδε
2703 2249 3080 2313 καὶἈκάκιος,
3119 2247 3184 2302 ἂν
3213 2246 3287 2319 μὴ
3316 2249 3409 2301 καὶ
3444 2247 3602 2311 αὐτὸς
3641 2247 3811 2319 (pqu-

2232 2339 2345 2403 θεὶς
2370 2339 2463 2394 νῦν
2494 2341 2580 2393 διὰ
2615 2339 2706 2394 τὸν
2731 2340 2939 2412 καιρὸν,
2975 2340 3333 2411 ὑποκρίνηται
3369 2339 3460 2392 καὶ
3503 2339 3808 2410 ἀρνήσηται

2233 2434 2329 2500 τὴν
2344 2432 2617 2504 ἀλήθειαν.
2649 2431 2921 2496 ’Υπέταξα
2937 2431 3066 2499 γοῦν
3087 2433 3243 2498 (alius
3273 2433 3438 2486 codex
3473 2429 3736 2501 ὑπέταξε)
3751 2433 3811 2483 ἐν

2231 2526 2309 2592 τῷ
2333 2523 2476 2576 τέλει
2502 2523 2597 2594 τὴν
2622 2522 2905 2595 ἐπιστολὴν
2933 2523 3214 2587 Εὑσεϐίου,
3243 2523 3328 2576 ἵνα.
3350 2525 3413 2575 ὲκ
3435 2522 3645 2594 ταύτης
3667 2521 3810 2592 γνῷς

2231 2615 2338 2668 τῶν
2373 2633 2430 2668 τε
2463 2617 2862 2686 χριστομάχων,
2910 2616 3000 2669 καὶ
3051 2616 3192 2670 κατὰ
3226 2615 3473 2686 περιττὸν
3499 2615 3602 2685 τὴν
3645 2615 3812 2668 Ἀω-

2235 2707 2373 2771 κὶου,
2409 2707 2546 2778 πρὸς
2572 2709 2697 2771 τοὺς
2748 2707 2955 2760 ἑαυτῶν
2994 2707 3344 2770 διδασκάλους
3387 2707 3811 2778 ἀγνωμοσύνην,
3843 2763 3847 2766 _

2235 2813 2460 2867 quorum
2502 2815 2694 2854 sensus
2724 2801 2865 2853 haud
2899 2800 3062 2854 dubie
3095 2801 3182 2855 hic
3208 2810 3326 2854 est:
3355 2800 3510 2865 Quod
3554 2816 3686 2853 sane
3708 2814 3815 2852 non

2234 2894 2442 2960 ignorat
2479 2891 2700 2943 Aeacius
2748 2891 2832 2961 (id
2865 2900 2966 2956 est,
3007 2889 3297 2944 Eusebium
3341 2890 3396 2943 in
3428 2889 3658 2958 epistola
3714 2905 3811 2944 sua

2235 2983 2303 3036 ad
2341 2982 2702 3037 Caesarienses
2729 2980 2788 3034 τὸ
2803 2981 3086 3051 ὁμοούσιον
3114 2981 3448 3048 admisisse),
3480 2983 3585 3035 nisi
3611 2992 3662 3034 et
3701 2983 3818 3051 ipse

2237 3091 2372 3126 nunc
2421 3075 2693 3142 prwsentis
2730 3074 2977 3139 temporis
3036 3089 3218 3136 causa,
3251 3072 3452 3140 factum
3507 3089 3620 3140 pra:
3671 3083 3817 3127 metu

2235 3167 2548 3229 dissimulet,
2599 3168 2969 3235 veritatemque
3013 3175 3181 3234 neget.
3233 3165 3422 3234 Itaque
3459 3166 3511 3218 in
3547 3165 3655 3232 ﬁne
3685 3165 3814 3218 sub-

2226 3257 2331 3326 jeci
2362 3256 2575 3310 Eusebii
2622 3256 2916 3324 epistolam,
2959 3267 3013 3310 ut
3048 3254 3244 3310 Christi
3273 3258 3526 3319 hostium,
3563 3273 3628 3309 ac
3675 3273 3818 3325 pra:-

2233 3350 2380 3417 cipue
2410 3351 2590 3402 :lcacii
2625 3349 2679 3404 in
2701 3365 2821 3403 suos
2853 3349 3130 3418 magistros
3155 3348 3431 3418 perﬁdiam
3464 3347 3592 3418 (sive
3627 3351 3814 3417 ingra-

2232 3452 2339 3494 tum
2359 3442 2612 3510 animant)
2629 3457 2694 3494 ea:
2723 3458 2783 3495 ea
2811 3441 3008 3511 liquido
3029 3456 3333 3508 cognoscas.
3365 3439 3634 3496 Nimirum
3657 3443 3826 3496 Alba-

2232 3535 2418 3588 nasius
2434 3535 2519 3589 hic
2537 3535 2788 3589 Acacium
2808 3546 2858 3588 et
2872 3534 3097 3587 Ariauos
3111 3531 3410 3600 perﬁdimet
3436 3532 3633 3601 ingrati
3647 3533 3818 3588 animi

2235 3638 2473 3692 accusat,
2525 3628 2650 3696 quia
2707 3626 2770 3680 τὸ
2821 3626 3125 3698 ὀμοούσιον,
3156 3626 3298 3696 quod
3347 3625 3399 3679 in
3446 3629 3679 3696 epistola
3717 3644 3820 3684 sua

2234 3719 2500 3775 Eusebius
2547 3720 2900 3774 Caesariensis
2932 3719 3180 3790 ipsorum
3234 3720 3489 3790 magister
3531 3721 3823 3775 confessus

2234 3821 2376 3877 erat,
2422 3812 2521 3882 ipsi
2568 3822 2830 3883 negarent
2869 3822 2924 3867 et
2962 3815 3370 3883 impugnarent;
3413 3822 3581 3882 utque
3631 3828 3722 3867 res
3748 3815 3820 3867 ad

2235 3907 2373 3976 ejus,
2407 3907 2491 3960 cui
2519 3905 2727 3960 litteras
2755 3905 2942 3969 mittit,
2979 3905 3140 3958 amici
3168 3903 3410 3958 notitiam
3435 3906 3641 3968 veniat,
3667 3904 3818 3960 illam

2237 4011 2295 4051 se
2327 3997 2544 4052 Eusebii
2579 3997 2862 4066 epistolam
2905 3999 2958 4051 in
2989 3997 3096 4052 line
3126 3999 3491 4052 subnexurum
3522 3998 3622 4051 ait.
3671 3997 3820 4052 Con-

2239 4101 2317 4146 tra
2353 4106 2485 4146 vero
2518 4091 2562 4144 si
2597 4089 2832 4154 ὑπέταξε
2878 4089 3094 4160 legeris,
3129 4099 3183 4142 et
3237 4090 3308 4143 ab
3357 4088 3560 4143 Acacio
3590 4088 3822 4159 subjun-

2236 4195 2376 4238 Ctam
2402 4181 2930 4252 epistolamdixeris,
2964 4191 3142 4251 aptam
3181 4183 3500 4236 sententiam
3532 4197 3818 4250 nunquam

2237 4273 2435 4328 ellicias
2469 4295 2480 4329 :
2518 4288 2642 4326 nam
2678 4274 2765 4326 cui
2795 4275 2942 4342 Operi
2973 4275 3115 4329 hanc
3167 4274 3510 4342 subjuuxerit
3553 4277 3819 4340 Acacius,

2240 4367 2487 4436 nuspiam
2521 4365 2767 4420 meminit
2789 4365 3146 4432 Athanasius;
3188 4367 3296 4420 imo
3343 4382 3442 4421 nec
3468 4369 3684 4435 Acacii,
3715 4383 3821 4423 nec

2239 4459 2422 4528 operis
2452 4459 2751 4526 cujuspiam
2779 4461 2846 4513 ab
2891 4473 2955 4513 eo
2983 4459 3133 4523 editi,
3166 4474 3400 4527 unquam
3432 4469 3590 4512 antea
3620 4459 3674 4512 in
3713 4459 3822 4513 hac

560 4543 842 4609 epistolam
880 4545 933 4596 in
963 4546 1088 4598 sede
1117 4548 1330 4614 propria
1360 4549 1594 4604 locatam
1628 4551 1817 4618 fuisse,
1842 4565 1899 4606 ιιι
1924 4571 1988 4609 ex
2015 4558 2127 4626 ejus

2243 4551 2468 4619 cpistola
2501 4550 2662 4604 verba
2698 4550 2849 4604 fecit.
2892 4549 2958 4602 Et
3005 4563 3228 4617 prorsus
3277 4548 3705 4619 ἀπροσδιόνυσον
3731 4558 3824 4604 est

559 4634 739 4689 verbis
787 4637 1054 4704 arguitur.
1096 4639 1306 4693 Etenim
1356 4644 1595 4698 secundo
1647 4653 1792 4698 tomo
1839 4645 2134 4702 Commeli-

559 4729 733 4780 nianae
771 4728 1022 4782 editionis
1073 4731 1187 4784 haec
1222 4741 1373 4784 notat
1407 4732 1803 4788 Felckmannus
1849 4747 1977 4790 ante
2020 4738 2135 4805 epi-

559 4817 751 4869 stolam
804 4817 1019 4873 Eusebii
1073 4822 1139 4873 ad
1190 4821 1572 4889 Caesarienses,
1615 4841 1667 4893 p.
1716 4826 1823 4881 47:
1859 4827 2133 4896 Sequentis

557 4908 791 4976 epistola:
823 4927 939 4962 cum
985 4929 1122 4980 stupe
1157 4913 1481 4968 Athanasius
1526 4918 1836 4970 mentionem
1874 4919 2131 4986 [aciat....

555 4996 628 5050 Et
668 5016 785 5052 vero
815 5001 970 5053 etiam
1000 5001 1091 5056 lib.
1126 5003 1204 5058 De
1232 5005 1467 5058 decretis
1488 5003 1723 5060 Nicacuis
1755 5009 1898 5060 dicat
1929 5025 1981 5062 se
2017 5025 2131 5062 eam

555 5091 636 5143 illi
673 5094 813 5156 operi
841 5094 1245 5162 subjuncturum
1274 5095 1374 5163 (ita
1398 5099 1533 5149 enim
1563 5109 1732 5151 textus
1772 5101 1846 5152 ibi
1887 5101 2132 5170 legendus

555 5181 675 5248 est),
701 5187 1136 5252 quemadmodum
1159 5189 1318 5240 etiam
1359 5190 1412 5240 in
1450 5190 1570 5243 cod.
1602 5207 1700 5246 ms.
1727 5189 1911 5245 Crteco
1940 5193 2136 5245 Acadeo

554 5276 677 5328 mite
711 5275 1025 5330 Basiliensis
1054 5288 1171 5346 post
1219 5279 1274 5330 id
1300 5280 1469 5346 posita
1504 5291 1578 5334 est
1605 5297 1624 5334 :
1658 5282 1852 5334 idcirco
1887 5299 2001 5335 eam
2036 5284 2134 5336 hoc

555 5372 669 5422 loco
699 5381 815 5437 post
846 5372 1126 5424 Athanasii
1155 5373 1402 5438 epistolas
1437 5375 1694 5444 subjicere
1716 5377 1968 5429 voluimus
1997 5376 2132 5430 bona

551 5462 656 5531 fide
683 5479 747 5515 ea:
773 5465 916 5517 dicto
945 5481 1043 5517 ms.
1091 5462 1259 5518 Basil.
1295 5465 1638 5536 descriptam,
1669 5483 1787 5520 cum
1818 5484 1877 5519 ea
1911 5483 2026 5520 sero
2051 5469 2131 5520 ni-

552 5553 652 5605 mis
685 5555 1050 5608 animadversa
1080 5573 1175 5608 suo
1206 5557 1320 5609 loco
1350 5559 1529 5626 reponi
1551 5557 1663 5626 jam
1687 5573 1788 5610 non
1818 5568 2009 5626 posset.
2040 5557 2130 5613 Sic

553 5658 747 5700 censor
779 5648 866 5701 ille
898 5662 985 5701 res
1017 5664 1124 5703 non
1155 5650 1230 5702 uti
1255 5666 1324 5717 se
1348 5649 1570 5715 habent,
1603 5651 1695 5705 sed
1726 5650 1805 5706 uti
1839 5667 1932 5706 sua
1960 5651 2126 5708 inter-

627 5851 698 5918 (u)
746 5849 802 5902 ι’.
844 5853 970 5907 edit.
1006 5851 1395 5906 Fcltkm.‘tom.
1430 5852 1492 5905 ll.

2238 4643 2419 4697 dicere
2466 4642 2724 4695 Acacium
2761 4642 2883 4695 ideo
2915 4641 3058 4695 illam
3105 4641 3391 4709 epistolam
3423 4640 3818 4708 subjuusisse,

2215 4723 2300 4787 ‘ut
2333 4733 2420 4787 ille
2458 4734 2665 4787 amicus
2698 4732 3006 4795 Athanasii,
3043 4733 3127 4786 cui
3169 4731 3454 4800 epistolam
3491 4732 3696 4798 mittit,
3732 4746 3824 4786 co-

2238 4837 2522 4896 gnosceret
2544 4826 2868 4879 Arianorum
2894 4835 2946 4880 et
2973 4827 3139 4895 ipsius
3169 4825 3357 4879 Aeacii
3400 4824 3713 4893 perfidiam.
3751 4824 3821 4879 Et

2237 4929 2416 4973 tamen
2454 4920 2566 4974 haec
2589 4930 2675 4970 est
2709 4919 2806 4971 loci
2837 4921 3124 4979 sententia,
3153 4919 3195 4972 si
3234 4928 3336 4972 stet
3367 4917 3530 4971 lectio
3566 4928 3821 4972 veterum

2237 5011 2522 5073 editorum,
2561 5006 2825 5072 ’Υπέταξε
2857 5007 2988 5075 γοῦν
3019 5009 3075 5060 ἐν
3112 5007 3188 5079 τῷ
3213 5007 3353 5060 τέλει
3385 5007 3484 5078 τὴν
3519 5007 3820 5079 ἐπιστολὴν

2232 5101 2511 5165 Εὑσεϐἱου,
2546 5104 2632 5156 ἴνα
2679 5105 2742 5156 ὲκ
2767 5103 2970 5172 ταύτης
2999 5101 3142 5173 γνῷς
3167 5103 3273 5156 τῶν
3317 5118 3377 5154 τε
3424 5103 3819 5174 χριστομάχων

2232 5194 2323 5245 καὶ
2355 5193 2494 5245 κατά
2537 5195 2787 5265 περιττὸν
2835 5194 2932 5265 τὴν
2977 5195 3230 5248 ’Λκακίου
3265 5194 3402 5266 πρὸς
3433 5196 3563 5257 τοὺς
3597 5194 3819 5248 ἑαυτῶν

2231 5283 2580 5346 διδασκάλους
2612 5283 3023 5355 ἀγνωμοσύνην.
3058 5285 3414 5351 Quamobrem
3452 5283 3706 5338 Nannius
3737 5299 3815 5337 ex

2240 5378 2427 5430 vitiata
2479 5377 2710 5432 lectione
2760 5380 2836 5442 εἰς
2885 5378 3194 5450 ἀμηχανίαν
3225 5389 3406 5441 actus,
3464 5391 3586 5430 eam
3645 5392 3818 5446 quam

2239 5481 2398 5536 supra
2450 5468 2729 5521 attulimus
2773 5470 2939 5522 edidit
2967 5463 3282 5522 'versionem
3315 5482 3328 5517 :
3362 5464 3514 5519 Certe
3545 5468 3590 5519 is
3617 5468 3674 5519 in
3705 5465 3810 5518 ατε

2238 5559 2506 5626 sulvjuna‘it
2559 5560 2830 5628 epistolam
2863 5558 3100 5613 Eusebii.
3149 5559 3278 5623 Quae
3319 5566 3447 5610 sunt
3503 5556 3819 5620 ἁσύστατα,

2237 5667 2360 5706 nam
2394 5667 2571 5722 neque
2606 5651 2928 5708 Athanasius
2962 5653 3217 5708 Acacium
3244 5662 3423 5716 antea,
3445 5662 3544 5704 nec
3571 5660 3820 5718 unquam
