3990 6518
1156 427 1244 481 DE
1282 427 1446 482 VlTA
1483 425 1569 479 ET
1613 419 1920 477 SCRlPTIS
1957 419 2012 474 S.
2054 415 2497 501 ΑἸἬΑΝΑΒΙΙ...

3271 410 3438 453 CLIX!

182 570 281 627 opus
305 552 610 623 quoddam
662 551 824 608 illius
866 543 1140 613 indicavit,
1188 547 1274 601 cui
1329 541 1608 614 epistolam
1667 539 1763 592 Eu-
1793 542 2041 598 Atatem.
2075 532 2336 600 Subjunxi
2374 530 2534 599 igitur
2580 525 2634 578 in
2677 523 2778 591 ﬁne
2804 519 3077 590 epistolam
3115 515 3350 627 Eusebii,
3376 523 3432 567 nt

185 648 284 705 sebii
311 644 750 714 subjungeret;
792 640 1052 714 particula
1087 649 1264 695 autem
1305 637 1435 707 γοῦν
1464 636 1553 690 hic
1585 640 1767 702 aperte

186 736 538 796 concludentis
595 746 717 800 est,
763 743 819 789 et
867 734 1040 804 itaque
1067 730 1342 795 vertenda,
1373 737 1430 781 ut
1473 742 1538 780 ex
1583 723 1769 778 ordine

188 831 417 888 sermonis
449 829 697 883 videas.
736 827 874 894 ρυω
905 833 1199 894 sequuntur
1247 829 1424 874 autem
1475 818 1526 871 in
1573 815 1767 870 Nannii

189 925 402 979 versione
445 921 603 974 vitio
667 921 933 973 laborant
967 915 1152 972 :Unde
1204 930 1288 968 eos
1319 921 1365 966 et
1410 907 1606 964 Christi
1650 922 1767 975 per-

194 1016 352 1071 duelles
405 1015 633 1076 videas,
675 1023 731 1066 et
767 1011 826 1065 in
876 1010 1056 1077 primis
1091 1006 1270 1060 Acarii
1299 1003 1546 1056 adversus
1577 1013 1770 1066 praece-

195 1123 332 1181 ptores
379 1123 515 1161 suos
573 1105 948 1159 stoliditatem
989 1096 1360 1168 deprehendas.
1416 1092 1546 1145 Nam
1597 1099 1656 1142 ut
1690 1087 1770 1141 vel

201 1201 522 1257 mediocriter
581 1197 780 1267 perito
832 1193 1093 1263 liquidum
1139 1197 1243 1254 est,
1271 1188 1350 1241 sic
1403 1183 1683 1254 legendum
1717 1187 1770 1234 et

199 1293 485 1350 vertendum
523 1296 664 1344 est:
706 1287 902 1357 Itaque
938 1287 990 1339 in
1028 1284 1132 1352 ﬁne
1174 1278 1372 1348 subjeci
1413 1274 1625 1330 Eusebii
1665 1271 1772 1340 epi-

201 1386 381 1448 stolam,
433 1393 495 1436 ut
551 1381 772 1435 Christi
827 1379 1054 1432 hostium
1107 1391 1168 1427 ac
1210 1370 1471 1437 prwcipue
1509 1366 1684 1422 Acacii
1718 1365 1770 1416 in

203 1496 296 1534 sitos
333 1476 631 1545 magistros
663 1472 950 1540 perﬁdiam
985 1469 1094 1540 (seu
1136 1467 1399 1535 ingratum
1432 1455 1684 1527 animum)
1709 1470 1772 1509 ex

204 1582 250 1618 ea
278 1543 476 1626 liquido
509 1575 845 1630 cognoscas.
874 1557 939 1611 Et
971 1569 1097 1610 sane
1123 1567 1246 1608 cum
1277 1551 1382 1605 duo
1413 1543 1772 1616 antiquissimi

203 1655 416 1710 omnium
473 1652 714 1705 codices
766 1649 823 1703 in
884 1648 988 1702 line
1027 1645 1148 1700 libri
1194 1642 1267 1697 De
1292 1641 1511 1695 decretis
1540 1637 1773 1692 Nica'nis

203 1745 458 1816 epistolam
492 1742 732 1797 Eusebii
768 1741 1110 1807 subiunctum
1167 1734 1419 1796 habeant,
1451 1731 1576 1785 hinc
1626 1742 1774 1782 com-

203 1848 520 1895 monstratur
545 1838 618 1892 ab
639 1838 765 1906 ipso
783 1832 1083 1888 Athanasio
1105 1843 1231 1883 vere
1257 1827 1546 1881 subnexam
1566 1820 1730 1874 fuisse
1755 1835 1769 1872 :

203 1946 455 2001 nunquam
492 1929 653 1983 enim
698 1927 998 1996 cogitasset
1051 1919 1397 1975 amanuensis
1441 1916 1609 1984 ipsam
1645 1909 1769 1964 huic

203 2024 328 2094 operi
376 2019 834 2076 subnectendam
886 2013 1189 2083 exquirere,
1240 2009 1285 2064 si
1341 2023 1446 2062 non
1491 2003 1769 2058 adfuisset.

203 2117 315 2170 Nam
360 2115 512 2185 quod
578 2112 726 2167 alius
782 2107 1104 2180 posterioris
1155 2104 1254 2160 aevi
1308 2111 1361 2158 et
1395 2101 1588 2156 infimae
1632 2105 1772 2152 notae

204 2211 349 2263 codex
403 2209 586 2278 ipsam
627 2219 738 2258 non
794 2199 1164 2264 circumferat,
1198 2195 1330 2251 nihil
1363 2194 1558 2248 mirum
1593 2207 1606 2244 :
1646 2189 1771 2258 quia

200 2310 250 2354 ut
273 2314 511 2371 persaepe
543 2299 599 2352 in
638 2293 934 2351 Athanasii
966 2293 1108 2347 edito
1133 2288 1773 2349 monuimus,amanuen-

204 2406 294 2454 ses,
321 2406 441 2444 cum
477 2387 712 2442 levandi
743 2384 974 2448 laboris,
1005 2393 1114 2436 tum
1139 2388 1378 2448 quaestus
1400 2390 1578 2438 causa,
1607 2371 1774 2426 multa

202 2483 342 2535 etiam
409 2478 742 2535 necessaria
809 2474 1326 2546 praetermittebant,
1381 2479 1440 2523 ut
1490 2467 1666 2537 majus
1708 2481 1775 2520 ex

202 2585 341 2640 Opera
386 2580 442 2626 et
498 2569 702 2622 labore
764 2579 868 2619 suo
899 2563 1106 2617 lucrum
1157 2560 1458 2615 accederet.
1490 2557 1613 2612 Haec
1645 2556 1774 2610 satis

201 2678 445 2733 superque
478 2671 674 2716 sunto.
706 2657 994 2727 Siquidem
1029 2655 1242 2710 etiamsi
1286 2652 1570 2722 epistolam
1607 2651 1775 2704 Euse-

201 2754 264 2808 bii
316 2771 425 2808 non
480 2751 880 2821 subjunxisset
913 2748 1263 2814 Athanasius,
1293 2745 1435 2815 quod
1480 2753 1658 2797 tamen
1695 2741 1777 2795 fe-

198 2843 321 2896 cisse
352 2843 509 2896 illum
549 2841 930 2895 certissimum
980 2845 1086 2903 est,
1118 2835 1245 2907 quid
1288 2835 1416 2889 mali
1469 2833 1776 2888 admisisse-

197 2949 321 2997 mus,
353 2949 478 2987 eam
542 2931 950 2997 subnectendo,
991 2932 1054 2985 de
1099 2943 1202 2998 qua
1253 2927 1467 2982 scilicet
1530 2923 1776 2996 pluribus

195 3026 289 3097 agit
318 3025 406 3080 ille
435 3026 491 3080 in
527 3025 675 3080 libro
713 3022 794 3077 De
820 3021 1054 3075 Nicrenis
1085 3019 1347 3074 decretis."
1676 3015 1678 3017 ’

255 3139 526 3194 Carterum
558 3139 709 3209 quod
743 3138 836 3192 ille
864 3137 1094 3207 scriptor
1125 3136 1368 3191 eruditus
1392 3132 1680 3188 Eusebium
1711 3131 1778 3186 ab

197 3230 506 3284 Ariauismo
545 3244 792 3299 purgare
854 3230 1080 3293 nitatur,
1109 3228 1209 3282 etsi
1243 3226 1357 3297 pari
1389 3235 1552 3297 atque
1582 3234 1774 3279 caetera
1804 3241 1846 3300 ο

200 3323 443 3395 ἀκριϐείᾳ
475 3323 533 3376 id
581 3321 918 3384 tentaverit;
969 3319 1103 3374 nihil
1150 3334 1300 3374 curo.
1337 3318 1472 3384 Quid
1526 3332 1588 3372 ea
1622 3317 1688 3371 de
1719 3330 1777 3370 re

203 3416 420 3467 sentiam
457 3429 526 3468 ex
593 3413 727 3480 ipsis
776 3405 1002 3464 Eusebii
1061 3410 1298 3478 scriptis,
1357 3407 1621 3462 submotis
1682 3421 1779 3474 pro

205 3518 342 3558 more
373 3503 862 3565 altercationibus,
915 3499 1181 3554 declaravi
1227 3501 1278 3554 in
1318 3499 1780 3556 Pricliminaribus

208 3593 266 3647 ad
310 3594 712 3649 Commentario
756 3592 981 3646 Eusebii
1031 3592 1085 3645 in
1120 3590 1383 3645 Psalmos.
1415 3591 1566 3658 Quod
1597 3599 1779 3643 autem

214 3687 383 3752 adjicit
410 3686 561 3740 idem
595 3702 611 3738 :
648 3683 712 3736 Et
733 3683 949 3752 quidem
976 3699 1160 3748 parutn
1192 3682 1360 3736 hacin
1385 3693 1532 3750 parte
1558 3683 1780 3734 audien-

215 3778 261 3829 di
306 3789 420 3830 sunt
470 3778 761 3843 scriptores
797 3774 1056 3843 pontiﬁcii
1113 3771 1213 3841 (sic
1244 3773 1554 3827 Catholicos
1585 3787 1783 3827 vocare

215 3868 400 3938 libuit),
418 3870 600 3938 jurati
639 3879 818 3937 utpote
843 3865 1061 3920 Eusebii
1083 3866 1272 3931 hostes,
1299 3883 1513 3918 causam
1545 3881 1646 3918 non
1673 3865 1785 3918 dis-

216 3961 480 4015 simulante
513 3960 795 4024 Baronio;
832 3960 884 4014 id
943 3974 1046 4013 non
1099 3974 1223 4014 vere
1281 3959 1520 4014 dicitur:
1555 3974 1658 4011 non
1689 3958 1782 4013 de-

218 4063 331 4105 sunt
377 4053 523 4107 enim
577 4052 724 4122 apud
783 4050 1131 4114 Catholicos,
1179 4051 1270 4120 qui
1333 4050 1548 4106 Eusebii
1603 4059 1786 4120 partes

221 4151 498 4212 tueantur;
545 4154 601 4198 et
655 4143 877 4213 quidem
930 4143 1249 4213 prohibente
1297 4144 1530 4198 nemine.
1560 4143 1713 4209 Quod
1741 4142 1785 4196 si

220 4236 381 4291 multo
421 4235 606 4304 plures
636 4235 687 4288 in
724 4233 1022 4288 Eusebium
1052 4229 1370 4288 sententiam
1427 4235 1628 4302 dicant,
1659 4233 1787 4302 quid

224 4324 341 4380 inde
401 4342 622 4396 arguas,
675 4327 777 4382 nisi
838 4325 1126 4379 Eusebium
1181 4327 1315 4380 adeo
1368 4324 1682 4395 frequentes
1735 4334 1789 4380 et

221 4417 525 4486 perspicuas
561 4415 860 4469 Arianismi
901 4423 1058 4468 notas
1097 4426 1204 4467 tum
1234 4416 1399 4484 gestis
1429 4428 1537 4469 tum
1569 4414 1788 4482 scriptis

222 4505 328 4560 suis
357 4509 590 4574 dedisse,
629 4518 680 4561 ut
716 4506 1038 4576 paucissimi
1090 4522 1186 4576 pro
1219 4508 1330 4573 illo,
1369 4508 1637 4562 innumeri
1668 4523 1789 4561 con-

222 4604 300 4651 tra
337 4614 550 4667 seraper
583 4597 879 4653 steterint?

284 4695 454 4760 Adde,
492 4695 803 4757 Erasmum,
847 4692 940 4762 qui
976 4694 1123 4762 prior
1173 4693 1315 4746 illam
1365 4693 1645 4750 Athanasii
1677 4693 1791 4762 cpi-

222 4786 406 4839 stolam
444 4786 642 4840 Latine
668 4787 858 4850 vertit,
896 4799 1012 4838 eant
1048 4786 1240 4854 ipsam,
1277 4800 1437 4855 quam
1469 4802 1584 4850 nos,
1611 4786 1794 4839 lectio-

222 4891 335 4930 nem
389 4878 637 4932 Crzecant
671 4887 925 4931 secutum
959 4890 1100 4930 esse.
1154 4875 1328 4931 Locus
1383 4877 1667 4931 Athanasii
1713 4876 1790 4932 sic

217 4965 387 5026 haltc'.
420 4973 530 5025 Καὶ
562 4971 723 5024 τοῦτο
757 4966 868 5023 οἶδε
895 4971 987 5022 καὶ
1016 4971 1283 5033 Ἀκάκιος,
1315 4970 1378 5023 ἂν
1404 4970 1476 5041 μὶ]
1512 4969 1605 5021 καὶ
1631 4968 1790 5032 αὐτὸς

220 5063 463 5134 φώηθεὶς
489 5064 584 5118 νῦν
620 5064 708 5138 διὰ
733 5064 828 5116 τὸν
859 5061 1050 5132 καιρὸν
1088 5063 1446 5133 ὑποκρίνηται
1491 5063 1583 5116 καὶ
1621 5062 1790 5132 ἀρνή-

220 5169 367 5222 σηται
401 5157 499 5228 τὴν
545 5154 833 5226 ἀλήθειαν.
877 5149 1148 5215 Ὑπέταξα
1175 5151 1304 5220 γοῦν
1338 5154 1394 5205 ἐν
1421 5153 1500 5224 τῷ
1526 5154 1668 5207 τέλει
1697 5153 1792 5224 τὴν

219 5242 496 5316 ἐπιστολὴν
523 5244 814 5306 Εὑσεόίου,
845 5243 934 5295 ἵνα
975 5243 1038 5295 ἐκ
1069 5241 1268 5312 ταύτης
1294 5243 1435 5313 γνῷς
1457 5244 1563 5296 τῶν
1589 5261 1647 5296 τε
1677 5261 1794 5315 χρι-

221 5339 520 5408 στομάχων,
539 5339 637 5389 καὶ
667 5335 816 5389 κατὰ
840 5335 1090 5406 περιττὸν
1119 5335 1216 5404 τὴν
1233 5335 1484 5388 Ἀκακίου
1513 5337 1646 5407 πρὸς
1668 5339 1792 5400 τοὺς

213 5427 416 5484 ἑαυτῶν
449 5429 816 5490 διδασκάλους
842 5427 1253 5497 ἀγνωμοσύνηνο
1287 5445 1404 5496 qum
1433 5430 1511 5484 sic
1540 5431 1793 5486 Erasmus

212 5523 526 5576 transtulit:
563 5522 726 5576 Novi:
761 5512 861 5571 lto'c
903 5529 948 5571 et
999 5518 1244 5582 Aeacius,
1273 5521 1372 5573 nisi
1420 5538 1554 5574 nunc
1596 5533 1642 5574 et
1686 5523 1792 5590 ipse

206 5624 339 5665 metu
387 5614 662 5683 perculsus
696 5627 796 5682 pro
845 5620 1075 5679 tempore
1105 5610 1341 5676 simulat,
1377 5624 1624 5683 negatque
1655 5614 1788 5667 reri-

270 5816 346 5882 (α)
382 5815 514 5868 Note
542 5813 635 5869 38.

1867 643 1930 681 ea:
1982 628 2078 678 hac
2130 624 2335 678 abunde
2388 633 2693 689 cognoscas,
2723 624 2770 669 et
2810 614 3028 666 istorum
3081 610 3168 679 qui
3220 607 3432 662 Christo

1869 717 2143 781 rebellant,
2188 731 2250 768 ac
2287 713 2463 768 Acacii
2496 711 2747 764 adversus
2794 721 2916 760 suos
2962 703 3220 764 doctores,
3251 701 3432 768 ingra-

1867 809 2164 862 titudinem.
2197 806 2297 860 Ubi
2331 805 2480 858 vides
2506 802 2789 856 Erastuum
2843 791 3086 858 ὑπέταξα
3134 791 3347 873 legisse,
3373 797 3433 842 ut

1868 915 2056 955 omnes
2088 899 2292 962 antiqui
2338 898 2551 952 codices
2608 892 2826 954 habent,
2895 902 2958 942 ac
2995 884 3278 939 lectionem
3328 882 3433 932 ὑπ-

1870 992 2028 1058 έταξε
2061 1006 2178 1060 qua:
2213 989 2265 1043 in
2289 990 2402 1044 solo
2426 985 2752 1044 Gobleriano
2776 979 2964 1035 codice
2995 976 3059 1029 ad
3104 974 3260 1027 fidem
3283 969 3432 1023 Basi-

1868 1085 2054 1140 liensis
2082 1083 2379 1149 exscripta,
2407 1080 2580 1143 adest,
2605 1070 2954 1128 amanuensis
2984 1067 3237 1121 mendum
3269 1076 3386 1115 esse
3415 1077 3430 1116 ;

1870 1191 1991 1231 nam
2052 1171 2361 1226 Basiliensis
2414 1179 2468 1223 et
2520 1167 2740 1237 Regius,
2797 1171 2855 1216 ut
2901 1159 3156 1219 diximus,
3193 1149 3430 1214 ὑπέταξα

1868 1260 2085 1315 habent.
2124 1257 2250 1314 Haec
2277 1271 2438 1326 porro
2479 1255 2689 1310 Erasmi
2723 1251 2900 1308 versio
2940 1263 3071 1304 cusa
3105 1252 3190 1300 est
3223 1244 3278 1296 in
3317 1240 3432 1295 edi-

1873 1353 2014 1407 tione
2047 1351 2236 1406 Latina
2273 1347 2553 1403 Athanasii
2587 1342 2932 1412 Lugdunensi
2971 1355 3062 1395 an.
3098 1335 3269 1402 1552;
3310 1333 3433 1387 vide

1871 1440 1963 1497 fol.
1998 1439 2125 1495 263.

2325 1521 2838 1582 ANIMADVERSIO
2877 1520 3014 1576 Xlll.

1875 1625 1988 1691 Quo
2033 1639 2172 1678 anno
2215 1622 2446 1692 synodus
2501 1616 2863 1692 Alexandtjna
2926 1611 3186 1666 celebrata
3247 1607 3438 1678 fuerit,

2403 1708 2470 1744 an
2506 1688 2610 1743 559
2646 1704 2715 1741 an
2753 1684 2856 1740 540

1943 1805 2080 1872 Quia
2115 1818 2222 1860 non
2252 1803 2326 1858 ita
2384 1799 2617 1855 feliciter
2644 1794 2911 1852 calculum
2944 1792 3122 1863 posuit
3146 1789 3435 1844 Tillemon—

1805 1880 1847 1935 Β
1879 1896 1990 1950 tius
2013 1893 2114 1965 (a),
2149 1893 2276 1946 dum
2333 1887 2614 1959 epistolam
2669 1883 2796 1939 Julii
2841 1897 2992 1953 papa:
3040 1879 3350 1950 synodicam
3381 1875 3434 1928 in

1877 2000 2074 2040 annum
2105 1983 2205 2037 3M
2240 1980 2491 2042 contulit,
2522 1991 2640 2047 quae
2673 1985 2848 2029 tamen
2879 1972 3095 2028 nonnisi
3143 1970 3243 2024 sub
3275 1967 3434 2020 finem

1877 2073 2002 2128 anni
2037 2072 2146 2127 542
2173 2072 2294 2126 data
2339 2071 2502 2122 fuisse
2547 2073 2755 2135 potest;
2791 2065 2912 2118 hinc
2953 2077 3038 2116 res
3067 2057 3196 2114 ante
3234 2057 3436 2110 Roma-

1877 2175 2002 2215 nam
2055 2159 2317 2230 synodum
2353 2166 2534 2227 gestas
2581 2154 2810 2208 mirilice
2863 2163 3073 2206 arctare
3130 2147 3439 2216 compulsus

1879 2261 1982 2306 est.
2018 2251 2149 2306 Nam
2185 2247 2795 2317 Constantinopolitanae
2836 2245 2977 2299 sedis
3011 2241 3339 2296 invasioncm
3372 2239 3437 2290 ab

1879 2345 2111 2400 Eusebio
2165 2343 2386 2406 factam,
2421 2341 2474 2394 in
2523 2341 2684 2394 linem
2740 2338 2867 2392 anni
2915 2337 3040 2403 538,
3085 2344 3178 2389 aut
3228 2332 3440 2386 initiunt

1880 2434 2259 2504 subsequentis
2285 2432 2539 2502 conjicit;
2567 2432 2830 2503 synodum
2864 2443 2992 2484 vero
3023 2424 3440 2481 Alexandrinam

1881 2526 1934 2581 in
1988 2525 2166 2580 medio
2217 2525 2340 2578 anni
2387 2522 2489 2578 539
2542 2522 2864 2577 celebratam
2901 2527 3092 2589 putat:
3126 2531 3246 2571 cum
3296 2513 3437 2567 enim

1882 2617 2214 2672 invasionem
2241 2614 2455 2668 Eusebii
2485 2627 2548 2666 ea
2580 2612 2816 2684 synodus
2841 2616 3119 2670 memoret,
3156 2614 3272 2675 post
3298 2603 3442 2658 illam

1881 2721 2068 2766 coacta
2125 2709 2197 2763 sit
2249 2718 2482 2777 oportet.
2511 2707 2583 2762 Ut
2616 2700 2794 2760 autem
2826 2704 3011 2759 liberis
3043 2701 3226 2773 spatiis
3259 2713 3452 2755 veram.

1883 2810 2186 2868 temporum
2241 2799 2436 2854 seriem
2496 2806 2795 2862 teneamus,
2847 2811 2877 2849 a
2935 2795 3107 2849 reditur
3161 2789 3445 2845 Athanasii

1881 2893 2016 2956 ursi,
2053 2891 2133 2946 sic
2166 2889 2348 2945 omnia
2400 2889 2465 2942 ad
2527 2903 2712 2942 verum
2779 2886 3020 2942 ordinem
3073 2883 3237 2952 redigi
3287 2895 3445 2951 posse

1884 2997 2183 3037 censemus.
2219 2980 2546 3034 Athanasius
2571 2978 2808 3033 Treviris
2833 2976 3006 3041 exsul,
3033 2991 3061 3029 a
3091 2973 3444 3029 Constantino

1879 3073 2094 3142 juniore
2148 3071 2472 3140 remigrandi
2512 3071 2720 3124 veniam
2751 3069 2977 3138 accepit,
3013 3067 3153 3121 datis
3207 3067 3272 3119 ad
3325 3080 3445 3118 eam

1885 3181 1997 3220 rem
2034 3181 2145 3218 xvn
2175 3163 2315 3218 Junii
2348 3161 2544 3215 litteris
2565 3161 2673 3227 (b);
2706 3161 2864 3228 idque
2893 3174 3053 3221 anno,
3082 3166 3140 3211 ut
3167 3156 3446 3210 nobiscum

1880 3264 2064 3312 censet
2089 3254 2484 3315 Tillemoutius,
2515 3251 2641 3305 538.
2677 3251 2786 3306 Sub
2817 3249 2974 3304 finem
3003 3247 3145 3304 Junii
3177 3247 3449 3316 profectus

1882 3347 2233 3412 Athanasius,
2267 3340 2550 3400 Viminacii
2607 3343 2672 3397 ad
2726 3342 3022 3397 Danubium
3075 3337 3448 3394 Constantium

1884 3439 2047 3506 adiit;
2087 3437 2210 3492 inde
2243 3435 2764 3504 Constantinopolim
2815 3433 2969 3503 petiit
3002 3449 3016 3486 :
3051 3441 3212 3499 atque
3262 3429 3448 3484 crimi-

1884 3527 2090 3583 nationi
2118 3543 2277 3596 quam
2309 3525 2653 3579 Macedonius
2690 3523 2940 3593 episcOpo
2973 3535 3070 3574 suo
3099 3517 3264 3573 Paulo
3293 3517 3450 3572 obtu-

1884 3619 1948 3674 lit
2000 3635 2242 3687 praesens
2302 3617 2439 3672 fuit:
2477 3617 2571 3672 sed
2628 3625 2816 3686 postea
2866 3613 3229 3669 reconciliata.
3278 3608 3452 3680 gratia

1884 3710 2232 3766 Macedonius
2261 3709 2427 3764 Paulo
2447 3708 2689 3777 junctus,
2714 3707 2874 3762 solito
2896 3704 3199 3776 presbyteri
3227 3713 3453 3756 munero

1886 3803 2230 3873 fungebatur.
2270 3801 2382 3856 Sub
2442 3807 2555 3856 haec
2602 3811 2782 3854 autem
2819 3797 3184 3862 Constantius,
3219 3793 3342 3846 dum
3394 3791 3449 3846 in

1887 3892 2164 3948 Orientem
2221 3902 2408 3949 contra
2468 3891 2660 3946 Persas
2709 3889 3045 3952 concederet,
3100 3882 3464 3939 Athanasium.

1890 3986 2079 4041 eodem
2135 3985 2330 4060 itinere
2389 3984 2616 4053 patriam
2681 3989 3013 4050 repetentem
3069 3977 3329 4032 Caesareae
3394 3975 3450 4027 in

1889 4075 2228 4146 Cappadocia
2277 4077 2472 4130 iterum
2521 4074 2654 4128 vidit
2703 4083 2756 4127 et
2809 4071 3073 4125 allocutus
3129 4077 3232 4132 est,
3269 4078 3456 4120 mense

1891 4161 2196 4231 Septembri
2231 4181 2244 4217 :
2282 4179 2402 4216 nam
2433 4160 2787 4217 Constantius
2829 4159 2942 4228 jam
2987 4157 3330 4211 Antiochiam
3364 4169 3456 4208 ve-

1890 4267 2045 4310 nerat
2070 4272 2256 4311 mense
2289 4256 2508 4310 Octobri
2539 4270 2552 4307 :
2588 4254 2783 4322 quippe
2829 4253 2919 4320 qui
2974 4266 3005 4301 v
3046 4249 3171 4304 ldus
3207 4248 3457 4303 Octobris

1893 4347 2062 4417 legem
2113 4347 2411 4401 Antiochiae
2475 4345 2674 4400 dederit
2730 4344 2802 4397 De
2842 4341 3233 4404 decurionibus,
3284 4349 3340 4390 ut
3379 4339 3457 4391 vi-

1894 4438 2024 4491 deas
2059 4437 2111 4490 in
2152 4438 2335 4491 codice
2365 4434 2758 4489 Theodosiano.
2797 4432 2990 4486 Contra
3051 4429 3242 4482 Persas
3296 4427 3458 4496 igitur

1892 4539 2191 4599 preperans
2223 4523 2570 4579 Antiochiam
2619 4521 2786 4572 venit.
2840 4517 2968 4571 lude
3005 4515 3220 4571 Octobri
3272 4528 3459 4566 nteuse

1821 4609 1865 4663 D
1895 4618 2165 4680 Emesam,
2198 4617 2286 4668 tibi
2343 4617 2468 4667 data
2504 4613 2585 4665 lex
2621 4619 2706 4664 cst
2753 4609 2830 4662 De
2856 4607 3248 4670 decurionibus,
3278 4619 3308 4656 v
3335 4603 3455 4658 Kal.

1892 4704 2185 4759 Novembr.
2218 4703 2384 4757 Paulo
2429 4711 2548 4765 pust
2593 4701 2658 4752 ad
2691 4699 2979 4754 Persarum
3012 4696 3245 4749 confinia
3274 4705 3462 4748 vectus

1896 4796 1948 4849 in
1991 4795 2459 4863 Mesopotamiam,
2496 4791 2710 4844 Edessa:
2761 4788 3026 4850 consedit,
3064 4796 3124 4840 ut
3173 4786 3248 4840 ait
3297 4784 3460 4838 Liba-

1893 4885 2018 4939 nius
2064 4883 2310 4936 oratione
2366 4881 2432 4934 ad
2480 4879 2884 4942 Theodosium,
2926 4879 3014 4931 ubi
3072 4887 3250 4931 tamen
3312 4876 3464 4945 lapsu

1898 4975 2158 5046 grapliico
2186 4973 2433 5028 Emesam
2469 4972 2692 5038 legitur;
2727 4969 2818 5024 sed
2853 4969 2992 5022 haud
3019 4967 3177 5022 dubie
3209 4965 3464 5024 Edessam

1899 5067 2203 5138 legendum,
2239 5075 2297 5118 ut
2334 5073 2389 5118 et
2428 5063 2550 5116 alibi
2585 5081 2599 5118 :
2637 5077 2756 5130 qua:
2797 5071 3068 5130 postrema
3098 5059 3226 5113 urbs
3263 5058 3314 5111 in
3357 5055 3466 5109 Mc-

1898 5157 2197 5227 sopotamia
2251 5165 2392 5210 erat.
2443 5154 2569 5208 lude
2619 5167 2868 5207 reversus
2903 5150 3267 5211 Antiochiam,
3295 5149 3464 5215 legem

1902 5249 2051 5304 dedit
2082 5250 2147 5303 ad
2180 5248 2518 5316 Acyndinum
2568 5245 2876 5314 praefectum
2933 5242 3184 5310 prmtorio
3221 5238 3292 5290 De
3339 5249 3469 5288 tent-

1901 5355 2088 5408 porum
2134 5354 2313 5402 cursu,
2350 5348 2592 5391 vertente
2648 5352 2792 5389 anno
2821 5333 2944 5396 558,
3001 5333 3207 5385 scilicet
3239 5345 3292 5381 vt
3347 5326 3462 5379 Kal.

1903 5432 2170 5488 Januarii.
2205 5430 2428 5486 Ineunte
2478 5445 2620 5483 anno
2656 5429 2783 5493 559,
2822 5441 2945 5480 cum
2972 5424 3023 5476 in
3060 5421 3220 5492 Syria
3251 5420 3468 5486 degeret

1901 5521 2271 5585 Constantius,
2309 5519 2587 5574 Laodicea:
2633 5519 2753 5571 data
2806 5514 2886 5568 lex
2955 5522 3038 5564 cst
3077 5510 3152 5563 De
3199 5511 3465 5562 verborum

1898 5613 2150 5690 formulis
2207 5613 2283 5682 (in
2337 5613 2522 5668 codice
2579 5607 2798 5677 Justiti.)
2867 5601 3092 5657 Kalend.
3163 5597 3470 5656 Februarii.

273 5869 348 5954 tu}
385 5889 538 5955 κηποι.
576 5893 770 5938 contra
803 5879 1052 5948 Arianos,
1086 5895 1136 5950 p.
1179 5879 1314 5948 152;
1359 5878 1510 5950 Apol.
1547 5883 1614 5936 ad
1650 5877 1943 5947 Constant.,
1977 5895 2028 5948 p.
2053 5877 2192 5944 236;
2225 5875 2365 5933 Hist.
2398 5877 2578 5934 Arian.
2607 5879 2672 5928 tut
2699 5870 2996 5939 monachos,
3027 5886 3076 5938 ῃ.
