3990 6512
540 396 722 437 CLXIII

1900 389 2265 438 PKULEOUM
2277 389 2438 437 ENA.

488 534 497 559 ι
541 498 709 553 Paulo
741 506 862 567 post
890 497 1029 552 idem
1074 495 1369 566 imperator
1426 497 1690 567 Heliepoli
1737 497 1789 551 in
1838 497 2095 553 thnice
2128 508 2174 558 Α
2202 499 2529 553 invasionem
2555 498 2623 553 ab
2661 499 2896 555 Eusebio
2919 509 2974 554 et
2998 500 3161 557 sociis
3193 512 3523 573 perpetrata.
3563 504 3761 563 Verum

542 592 687 659 leges
718 590 885 654 dedit,
925 591 1097 659 pridie
1130 589 1254 646 Idus
1298 590 1537 656 Martias,
1567 592 1772 646 scilicet
1823 602 2097 660 quartam,

542 683 620 736 De
656 683 911 736 maternis
940 684 1107 749 bonis,
1143 694 1198 738 et
1224 693 1496 748 octavam,
1533 682 1638 747 Qui
1682 684 1891 736 admitti
1912 689 1981 736 ad
2006 684 2099 737 bo-

538 792 726 828 norum
749 792 971 843 possess.
988 773 1189 829 Eodem
1207 790 1391 831 mense
1420 775 1609 830 Martio
1636 790 1885 831 reversus
1900 786 1980 830 est
1996 778 2103 829 An-

543 871 797 923 tiochiam
822 889 834 922 :
862 870 1171 938 ibidemque
1200 870 1324 925 data
1354 880 1435 925 est
1465 870 1553 924 lex
1582 871 1778 940 prima,
1800 869 1876 923 De
1898 871 2101 924 incestis

542 963 758 1030 nuptiis,
793 962 965 1030 pridie
994 961 1111 1016 Kal.
1136 962 1357 1033 Aprilis.
1386 961 1519 1016 llinc
1545 962 1816 1031 profectus
1843 962 2104 1017 Constan-

543 1054 821 1122 tinopolim
853 1054 1223 1119 Constantius,
1260 1055 1438 1110 Idibus
1480 1056 1702 1121 Augusti
1730 1054 1897 1124 legem
1930 1070 1969 1107 tt
2004 1055 2100 1109 de-

542 1146 620 1197 dit
650 1161 662 1195 :
698 1144 779 1199 Ne
806 1144 1165 1200 Christianum
1189 1147 1529 1213 mancipium.
1559 1146 1668 1201 Hoc
1700 1147 1900 1216 posito,
1930 1161 2103 1215 eoque

540 1236 847 1291 certissimo
882 1252 1061 1291 rerum
1114 1239 1335 1305 ordine,
1374 1239 1651 1307 propalam
1695 1248 1780 1293 est
1835 1238 2105 1294 Constan—

541 1329 696 1393 tium,
737 1329 914 1387 medio
945 1331 1164 1386 circiter
1196 1348 1341 1387 anno
1371 1332 1477 1387 558
1509 1342 1700 1386 contra
1746 1330 1940 1386 Persas
1974 1347 2099 1401 pros

540 1420 761 1485 fectum,
790 1437 895 1476 non
947 1432 1073 1477 ante
1119 1424 1354 1478 medium
1408 1424 1534 1477 anni
1582 1423 1686 1478 559
1720 1423 2101 1479 Constantinoo

540 1512 704 1578 polim
766 1515 1072 1569 revertisse.
1125 1514 1203 1570 lbi
1255 1530 1426 1577 vero,
1480 1516 1769 1585 instigante
1824 1514 2097 1581 Eusebio,

539 1602 801 1670 synodum
859 1604 1054 1674 coegit,
1112 1606 1163 1658 in
1219 1620 1348 1673 qua,
1393 1604 2103 1663 accusationem.redintc-

538 1703 727 1758 grante
765 1693 1099 1759 Macedonio,
1152 1695 1352 1751 Paulus
1412 1696 1703 1763 depositus,
1734 1693 2101 1761 Eusebiusque

537 1786 656 1853 ejus
688 1785 739 1838 in
771 1785 947 1839 locum
988 1789 1315 1856 subrogatus
1340 1798 1442 1841 est.
1470 1787 1606 1840 Hinc
1640 1800 1769 1839 vero
1812 1783 2101 1839 manifeste

2208 603 2273 643 ex
2304 590 2530 658 repetito
2566 605 2745 645 rerum
2779 601 3053 659 gestarum
3086 593 3276 648 ordine
3306 594 3358 648 id
3404 596 3761 664 explbratum,

2208 691 2267 733 ut
2300 697 2479 750 spero,
2519 682 2713 752 cuique
2737 683 2860 737 erit.
2908 684 3243 739 Athanasius
3270 685 3531 742 Caesarea:
3554 688 3605 741 in
3637 687 3768 757 Cap-

2207 773 2431 843 padocia
2456 772 2829 827 Constantium
2855 773 3147 841 allocutus,
3171 776 3294 831 inde
3314 778 3545 845 pedestri
3574 780 3768 833 itinere

2206 879 2303 932 per
2336 861 2546 932 Syriam
2583 872 2636 916 et
2688 862 3028 919 Palmstinam
3064 866 3446 921 Alexandriam
3479 868 3633 937 petiit
3670 868 3769 923 sub

2209 957 2369 1007 tinem
2400 955 2527 1007 anni
2559 953 2684 1011 558.
2710 954 3001 1024 Aliquanto
3029 966 3149 1026 post
3178 967 3423 1027 tempore
3460 959 3768 1025 Eusebiani,

2208 1060 2434 1115 quorum
2469 1046 2521 1099 in
2552 1046 2911 1102 Athanasium
2939 1048 3061 1102 odia
3098 1049 3337 1103 nondum
3368 1049 3769 1115 detumuerant,

2208 1134 2261 1189 in
2290 1151 2453 1188 unum
2481 1136 2897 1193 coactiArianos
2926 1148 3264 1207 receperunt,
3286 1138 3769 1194 I'istumArianum

2207 1226 2546 1282 Alexandria:
2595 1229 2900 1299 episcopum
2960 1232 3379 1299 constituerunt,
3410 1231 3613 1302 legatos
3657 1231 3771 1286 Ma-

2208 1318 2439 1384 carium,
2469 1318 2785 1389 Martyrium
2836 1329 2892 1376 et
2926 1320 3253 1393 Hesychium
3290 1327 3359 1377 ad
3410 1322 3610 1377 Julium
3671 1338 3771 1391 pa-

2207 1423 2362 1479 pam;
2392 1409 2459 1463 ad
2480 1419 2587 1464 tres
2615 1409 2744 1465 item
2775 1411 3157 1481 imperatores,
3194 1424 3318 1469 tunc
3346 1414 3513 1467 variis
3544 1415 3597 1468 in
3624 1416 3772 1469 orbis

2207 1502 2449 1569 partibus
2474 1511 2772 1568 versantes,
2789 1503 3001 1559 litteras
3034 1505 3328 1560 miserunt:
3354 1507 3509 1576 queis
3532 1505 3775 1559 Athana-

2207 1592 2371 1657 sium,
2405 1601 2462 1647 ut
2496 1595 2719 1648 caedium
2764 1605 2821 1649 et
2856 1596 3197 1661 exsiliorum,
3234 1607 3514 1665 postquam
3540 1596 3772 1651 Alexan-

2207 1682 2379 1738 driam
2421 1683 2833 1754 remigraverat,
2894 1702 3044 1763 reum
3098 1688 3625 1758 agebantzejusque
3670 1702 3769 1742 no-

2207 1788 2329 1827 men
2360 1775 2499 1843 apud
2528 1774 2912 1830 Constantium
2959 1777 3301 1843 deferebant,
3335 1781 3477 1850 quod
3525 1780 3770 1835 frumen-

538 1877 649 1929 mi;
696 1876 783 1929 ina
840 1878 1029 1946 nuperi
1084 1855 1368 1946 εοιὶίριοτίε
1411 1877 1766 1944 computatio,
1808 1890 1915 1940 qua
1972 1889 2101 1941 5y"-
2134 1855 2179 1914 Β
2208 1873 2317 1917 tum
2358 1880 2389 1917 a
2423 1865 2780 1921 Constantino
2827 1878 2979 1936 patre
3011 1870 3185 1924 viduis
3222 1872 3428 1926 alendis
3453 1873 3767 1941 deputatum

536 1969 698 2021 odum
725 1967 1149 2022 Alexandrinam
1182 1977 1395 2021 centum
1428 1966 1803 2036 episcoporum
1838 1964 1890 2017 in
1925 1963 2102 2018 medio

534 2075 679 2112 anno
705 2060 811 2113 559
838 2059 1166 2113 celebratam
1201 2068 1357 2128 putat
1394 2076 1406 2111 :
1442 2073 1564 2111 nam
1614 2073 1736 2112 cum
1767 2071 1831 2110 ea
1863 2056 2103 2125 synodus

531 2147 749 2203 Eusebii
776 2150 1149 2214 intrusionem,
1171 2150 1445 2220 multaque
1470 2150 1571 2203 alia
1600 2150 1792 2204 deinde
1823 2158 1970 2219 gesta
1992 2148 2102 2201 Eu-

515 2227 873 2295 sebianorum
908 2252 1314 2309 commemoret,
1339 2253 1459 2311 post
1477 2242 1620 2296 illam
1640 2252 1825 2297 coacta
1844 2242 1913 2297 sit
1938 2256 2103 2312 opor-

530 2344 628 2387 tet.
646 2334 794 2405 Pauli
815 2349 961 2398 vero,
982 2336 1067 2388 cui
1085 2336 1403 2405 subrogatus
1417 2335 1680 2390 Eusebius
1697 2343 1797 2399 est,
1817 2333 2098 2403 depositio,

531 2438 822 2482 accusante
874 2427 1186 2482 Macedonio
1229 2437 1449 2498 peracta
1474 2437 1556 2483 est
1590 2445 1604 2481 :
1634 2426 1897 2495 siquidem
1926 2424 2104 2479 Mace-

532 2518 746 2582 donius,
779 2520 892 2586 qui,
924 2520 999 2572 uti
1048 2535 1207 2589 supra
1239 2520 1499 2584 diximus,
1529 2534 1651 2573 cum
1684 2517 1912 2587 patriam
1949 2530 2103 2584 repe-

534 2620 659 2663 tens
704 2612 1034 2666 Athanasius
1072 2610 1592 2681 ConstantinOpolim
1645 2608 1974 2670 advenisset,
2012 2607 2104 2661 illo

529 2709 817 2768 praesente,
845 2701 1065 2755 Paulum
1099 2716 1248 2756 reum
1278 2710 1498 2769 egerat,
1524 2700 1715 2754 deinde
1754 2698 2102 2753 reconciliata

532 2793 729 2859 gratia,
769 2808 798 2845 a
828 2802 1010 2861 erepto
1044 2793 1275 2849 destitit.
1308 2795 1376 2847 At
1405 2794 1624 2847 vixdum
1660 2791 1842 2860 elapso
1870 2808 1898 2845 a
1928 2791 2102 2859 prima

532 2883 877 2937 accusalione
908 2900 1070 2951 anno,
1105 2884 1395 2954 instigante
1430 2882 1683 2945 Eusebio,
1729 2883 1959 2938 antistiti
2005 2899 2104 2940 suo

534 2974 731 3027 iterum
759 2975 964 3029 crimen
996 2976 1209 3042 obtulit,
1242 2977 1384 3031 unde
1414 2976 1565 3031 Pauli
1604 2974 1870 3031 abdicatio
1900 2984 1955 3029 et
2001 2975 2104 3028 Eu-

532 3066 667 3120 sebii
701 3067 905 3121 invasio
928 3078 1232 3123 consecutae
1264 3076 1411 3122 sunt.

604 3157 703 3212 Hic
733 3173 862 3212 vero
906 3159 1278 3214 'l‘illetnontius
1316 3160 1384 3214 iis
1408 3160 1509 3230 (a),
1538 3175 1674 3230 quos
1702 3160 1816 3229 ipse
1856 3157 1957 3212 sibi
2002 3173 2097 3211 ne-
2124 3199 2166 3255 ϐ

529 3248 677 3304 mine
709 3260 934 3303 auctore
960 3250 1389 3319 praescripserat,
1425 3260 1665 3304 arctatus
1695 3248 1955 3303 limitibus
1978 3287 1992 3311 ,
2031 3263 2099 3301 ne

532 3339 831 3394 Macedonii
887 3340 1287 3394 accusationem
1348 3340 1493 3393 illam
1546 3342 1782 3408 priorem
1830 3340 1929 3393 sub
1959 3339 2101 3394 Con-

534 3431 735 3484 stantio
776 3431 922 3500 (nam
958 3408 1073 3486 sub
1099 3432 1458 3486 Constantino
1487 3431 1675 3496 semel,
1704 3432 1806 3486 sub
1832 3430 2100 3486 Constan-

533 3522 609 3576 tio
645 3522 727 3577 bis
756 3521 808 3575 in
839 3523 1045 3575 crimen
1089 3532 1315 3576 vocatus
1344 3522 1470 3591 est),
1504 3538 1622 3591 quae
1665 3537 1852 3577 mense
1882 3522 2099 3577 circiter

528 3612 772 3680 Angusto
831 3610 955 3663 anni
990 3609 1093 3665 558
1149 3608 1292 3663 facta
1324 3610 1396 3665 sit
1427 3618 1661 3680 oportet,
1696 3611 2096 3665 reconciliatam

530 3700 784 3768 gratiam,
817 3700 1063 3758 inducias
1100 3699 1218 3753 illas
1245 3710 1299 3754 et
1324 3715 1509 3769 pacem
1544 3702 1821 3771 aliquanto
1857 3710 2100 3770 tempore

528 3802 825 3856 servatam,
866 3791 1522 3862 Constantinopolitanam
1572 3796 1858 3864 synodum,
1896 3794 2097 3863 repeti-

530 3892 641 3935 tam
685 3883 1086 3937 accusationem
1122 3891 1175 3937 et
1203 3883 1594 3939 abdicationem
1630 3884 1819 3951 Pauli;
1853 3887 1985 3950 haec,
2014 3885 2097 3938 in-

528 3988 716 4042 quam,
767 3973 947 4026 omnia
993 3984 1225 4043 quatuor
1271 3975 1534 4029 mensium
1598 3978 1771 4046 spatio
1822 3977 2098 4032 includere

526 4075 788 4135 cogatur;
825 4066 1059 4135 priorem
1091 4066 1237 4121 illam
1284 4068 1383 4121 sub
1414 4069 1728 4124 Constantio
1755 4070 1822 4123 ab
1861 4069 2097 4123 Athana-

529 4157 611 4212 sio
636 4168 987 4212 memoratam
1046 4158 1445 4214 accusationem
1475 4161 1526 4214 in
1553 4177 1753 4216 annum
1786 4162 1892 4216 556
1926 4162 2097 4232 conji-

528 4250 626 4312 cit,
661 4264 767 4303 non
793 4250 1228 4305 animadvertens
1274 4267 1334 4307 sc
1364 4252 1686 4320 Athanasio,
1718 4269 1876 4322 quem
1914 4262 2093 4307 tamen

528 4352 802 4395 auctorem
846 4341 1022 4407 affert,
1065 4342 1346 4397 manifeste
1388 4359 1689 4415 repugnare
1723 4345 2092 4399 :accusationi

530 4447 762 4501 namque
789 4434 955 4502 priori
984 4433 1083 4488 sub
1125 4433 1469 4501 Constantio,
1500 4436 1566 4490 de
1609 4449 1714 4505 qua
1759 4435 1923 4491 verba
1968 4434 2095 4489 facit

2203 1954 2516 2011 divenderet
2541 1972 2611 2011 ac
2648 1958 2921 2027 propriam
2959 1960 3013 2014 in
3057 1976 3171 2015 rem
3204 1974 3566 2021 converteret.
3604 1963 3769 2019 Obla-

2206 2053 2383 2098 tornm
2413 2046 2552 2116 apud
2575 2047 2927 2114 imperatores
2951 2048 3237 2104 criminum
3262 2053 3508 2105 nuntium
3536 2051 3769 2105 Alexan-

2202 2135 2374 2191 driam
2425 2138 2639 2193 devenit
2667 2154 2682 2193 :
2710 2142 2904 2210 quibus
2939 2142 3247 2211 conspectis
3275 2141 3564 2210 allatisque
3600 2144 3770 2197 Atha-

2203 2229 2386 2283 nasius
2432 2238 2652 2282 centum
2684 2232 3061 2301 episcoporum
3119 2232 3383 2303 synodum
3430 2234 3628 2302 coegit.
3683 2233 3766 2289 An

2204 2318 2453 2373 ferendus
2499 2320 2681 2389 itaque
2712 2321 3109 2388 Tillemontius,
3144 2323 3237 2392 qui
3287 2323 3340 2377 in
3374 2324 3608 2378 medium
3638 2326 3773 2379 anni

2202 2409 2306 2465 559
2358 2410 2499 2466 hanc
2539 2412 2801 2483 synodum
2828 2414 3159 2470 celebratam
3193 2415 3355 2469 velit?
3381 2415 3515 2469 Nam
3574 2428 3771 2484 prazter

2202 2500 2451 2569 superius
2479 2500 2661 2567 allata,
2681 2502 2879 2572 quibus
2908 2503 3094 2558 obsisti
3126 2504 3332 2573 nequit,
3360 2512 3415 2557 ut
3440 2519 3560 2558 cum
3594 2503 3772 2559 colore

2202 2592 2385 2662 aliquo
2414 2604 2639 2663 possent
2684 2592 2975 2648 Eusebiani
3008 2603 3307 2648 memorata
3353 2593 3578 2648 crimina
3630 2595 3767 2664 obji-

2202 2697 2361 2751 cere;
2389 2700 2579 2755 nempe
2608 2685 2782 2743 caedes
2805 2696 2859 2740 et
2884 2686 3073 2740 exsilia
3101 2694 3221 2755 post
3246 2686 3481 2740 reditum
3505 2686 3768 2755 irrogata,

2203 2774 2530 2831 frumentum
2565 2777 2997 2832 distribuendum
3031 2777 3083 2831 in
3122 2778 3391 2847 propriam
3426 2792 3538 2831 rem
3568 2780 3770 2832 distra-

2203 2876 2383 2934 ctum;
2414 2882 2635 2924 necesse
2661 2869 2764 2924 fuit
2794 2870 3148 2923 Athanasium
3183 2870 3462 2939 aliquanto
3488 2868 3602 2938 jam
3634 2880 3769 2923 temo

2202 2976 2334 3031 pore
2364 2961 2707 3017 Alexandriae
2757 2972 3173 3028 commoratum,
3221 2964 3579 3032 nuntiumque
3622 2978 3769 3016 com-

2204 3053 2573 3108 mentitiorum
2595 3052 2881 3109 criminum
2907 3053 3249 3119 Eusebienis,
3275 3055 3367 3123 qui
3405 3064 3517 3108 tum
3570 3053 3761 3123 procul

2206 3143 2459 3211 agebant,
2493 3145 2716 3198 missum
2770 3145 2978 3199 fuisse:
3008 3145 3058 3198 in
3105 3144 3308 3215 synodo
3341 3144 3768 3199 Eusebianorum

2200 3248 2319 3301 qua:
2365 3235 2705 3290 narravimus
2749 3234 2864 3305 geri
2925 3236 3187 3305 oportuit,
3247 3234 3387 3289 mitti
3442 3236 3662 3290 nuntios
3702 3236 3771 3288 ad

2198 3326 2586 3395 imperatores;
2638 3327 2818 3381 oblata
2876 3329 3017 3397 apud
3063 3335 3175 3382 tres
3222 3327 3495 3398 Augustos
3538 3327 3771 3381 crimina

2198 3418 2535 3488 Alexalndrize
2559 3419 2884 3487 renuntiari,
2906 3418 3021 3489 cogi
3049 3418 3312 3491 synodum
3340 3417 3766 3472 Alexandrinam

2199 3519 2413 3563 centum
2468 3509 2866 3580 episcoporum.
2925 3509 3054 3577 Quae
3099 3525 3229 3580 sane
3274 3510 3531 3564 cordatus
3586 3524 3770 3575 nemo,

2200 3600 2302 3654 nisi
2335 3598 2642 3655 volucribus
2689 3601 2891 3655 nuntiis
2941 3600 3021 3654 usi
3062 3575 3347 3654 Eusebiani
3398 3599 3622 3663 fuerint,
3662 3608 3771 3652 tam

2198 3692 2545 3762 pauculorum
2567 3694 2836 3749 mensium
2865 3693 3042 3762 spatio
3070 3693 3209 3747 facta
3238 3692 3605 3755 concesserit;
3628 3690 3774 3747 Con-

2202 3783 2472 3838 stantinus
2505 3784 2704 3854 quippe
2752 3785 2805 3838 in
2838 3783 3047 3849 Galliis,
3079 3782 3345 3837 Constans
3392 3782 3445 3836 in
3488 3781 3641 3835 Italia
3679 3783 3775 3836 de-

2200 3875 2377 3941 gebat.
2406 3876 2567 3929 Anno
2600 3876 2762 3943 igitur
2807 3875 2911 3929 540
2966 3874 3291 3930 celebratam
3336 3874 3770 3928 Alexandrinam

2201 3964 2465 4033 synodum
2500 3975 2789 4034 putamus:
2820 3966 2963 4035 quod
2994 3966 3160 4034 ipsius
3203 3965 3483 4019 Athanasii
3520 3966 3766 4036 testimos

2202 4053 2293 4106 nio
2317 4054 2691 4107 conﬁrmatur.
2718 4052 2768 4108 Is
2798 4054 2943 4108 enim
2972 4068 3112 4107 anno
3146 4052 3243 4106 3H
3277 4052 3378 4106 sub
3406 4052 3570 4105 linem
3605 4050 3774 4121 Apri-

2200 4146 2270 4202 lis
2298 4146 2395 4213 ait,
2419 4146 2614 4200 fratres
2638 4145 2877 4215 ejusdem
2901 4143 3092 4214 synodi
3123 4141 3503 4197 Alexandrinae
3535 4140 3773 4209 legatos,

2200 4238 2281 4292 uti
2319 4247 2523 4293 certum
2582 4246 2687 4302 est,
2742 4235 2930 4291 Romae
2982 4234 3242 4304 synodum
3289 4247 3431 4288 anno
3487 4231 3775 4301 prazterito

2200 4333 2400 4405 πέρυσι
2437 4331 2764 4401 postulasse,
2791 4328 2982 4398 legatis
3023 4327 3240 4383 Eusebii
3288 4342 3409 4380 cum
3438 4324 3775 4378 Athanasiu-

2198 4426 2282 4480 nis
2315 4425 2543 4493 idipsum
2572 4422 2880 4492 petentibus
2907 4438 2924 4475 :
2956 4421 3237 4475 commode
3260 4432 3492 4487 namque
3515 4416 3771 4471 eumdem

524 4523 875 4589 Athanasius,
916 4526 1030 4595 ipse
1067 4541 1307 4595 prasens
1360 4526 1624 4589 interfuit,
1671 4526 1983 4598 παρόντων,,
2008 4527 2093 4580 ἰῃ-
2124 4531 2168 4587 D
2200 4518 2253 4573 ill
2280 4532 2481 4571 annum
2516 4514 2751 4585 synodus
2777 4512 3005 4587 ejusque
3033 4510 3227 4582 legatio
3252 4510 3607 4565 conferantur
3639 4508 3717 4579 (ὸ)
3754 4524 3769 4559 :

524 4620 663 4683 quit,
698 4616 850 4686 ὑμῶν
880 4616 1022 4670 κατὰ
1050 4617 1147 4689 τὴν
1181 4619 1541 4690 κατηγορίαν.
1572 4618 1756 4687 Neque
1804 4618 1977 4688 potuit
2004 4617 2093 4672 ille

526 4708 703 4772 alteri,
749 4708 916 4763 Paulo
972 4711 1228 4778 episeopo
1280 4710 1493 4774 oblatae,
1525 4709 1894 4764 criminationi
1952 4724 2093 4763 anno

524 4802 631 4857 556
695 4802 995 4865 interesse,
1041 4801 1399 4856 Constantino
1460 4801 1707 4855 videlicet
1754 4802 2089 4870 imperante;

527 4894 725 4961 quippe
765 4894 852 4959 qui
891 4908 1033 4945 anno
1074 4892 1201 4957 555,
1238 4892 1545 4945 Alexandro
1602 4890 1751 4946 Pauli
1810 4892 2095 4947 decessore

525 4984 841 5053 superstite,
884 4985 935 5036 in
966 4982 1171 5039 Gallias
1198 4983 1467 5053 relegatus
1498 4983 1589 5046 sit,
1618 4991 1671 5036 et
1712 4999 1853 5036 anno
1884 4994 2091 5037 tantmn

524 5076 654 5141 558,
685 5076 783 5129 sub
813 5074 972 5127 finem
1004 5073 1149 5129 Junii
1186 5075 1428 5130 Treviris
1459 5077 1735 5145 profectus
1782 5074 1850 5128 ab
1876 5075 2092 5131 exsilio-

527 5185 630 5238 que
659 5169 822 5223 redux
857 5166 1371 5237 Constantinopolim
1407 5169 1633 5223 venerit.

596 5261 675 5314 Ex
707 5261 1034 5329 supradictis
1062 5260 1279 5328 planum
1304 5269 1387 5313 est
1422 5275 1527 5314 non
1562 5274 1718 5329 posse
1745 5268 1891 5313 stare
1923 5257 2090 5313 Tille-

523 5350 713 5404 montii
743 5351 1031 5415 calculum,
1060 5350 1150 5419 qui
1198 5349 1378 5403 medio
1412 5365 1557 5404 anno
1605 5349 1708 5403 559
1761 5349 2083 5403 celebratam

523 5453 677 5514 putat
698 5442 1113 5497 Alexandrinam
1145 5442 1433 5511 synodum,
1460 5455 1579 5499 cum
1611 5440 1845 5493 maxime
1871 5440 1958 5493 illa
1984 5456 2087 5495 non

526 5536 878 5590 intrusionem
932 5534 1152 5589 Eusebii
1204 5532 1385 5595 modo,
1421 5532 1513 5585 sed
1541 5533 1705 5586 etiam
1740 5532 1878 5586 bene
1922 5532 2086 5586 multa

524 5628 625 5684 alia
666 5636 1050 5681 commemoret
1096 5634 1216 5695 post
1284 5623 1429 5679 sedis
1486 5622 2088 5694 ConstantinOpoIitanm

598 5808 674 5879 (ε)
703 5807 832 5863 Vide
863 5808 1009 5875 τίη,
1037 5825 1125 5863 sur
1156 5806 1212 5864 S.
1244 5805 1377 5861 Paul
1406 5806 1468 5861 de
1497 5802 1605 5860 CP.

2195 4612 2335 4681 quod
2361 4610 2485 4663 item
2520 4623 2587 4661 ex
2618 4606 3045 4674 pracedentibus
3078 4602 3352 4672 propalam
3380 4616 3501 4656 esse
3531 4600 3772 4664 videtur,

2194 4704 2283 4761 vix
2307 4701 2475 4763 enim,
2513 4714 2575 4752 ac
2603 4714 2671 4753 nc
2701 4699 2793 4752 vix
2826 4698 3042 4765 quidem
3070 4711 3188 4765 qua:
3215 4709 3245 4749 a
3279 4694 3453 4748 reditu
3480 4691 3771 4745 Athanasii

2194 4802 2344 4861 gesta
2380 4790 2628 4847 feruntur
2652 4805 2792 4844 anno
2834 4789 3042 4859 integro
3068 4787 3314 4842 accidere
3343 4792 3653 4854 potuerunt.
3704 4782 3774 4836 Et

2198 4886 2342 4947 ideo,
2377 4893 2434 4937 ut
2463 4883 2719 4948 diximus,
2749 4882 3124 4937 Tillctnoutius
3161 4886 3367 4932 tantutn
3398 4878 3514 4931 haec
3553 4885 3773 4933 arctare

2203 4978 2508 5046 compulsus
2540 4987 2653 5039 est,
2690 4975 2817 5046 quia
2860 4974 3046 5045 synodi
3092 4973 3347 5027 Romana:
3377 4981 3587 5040 tempus
3622 4987 3770 5026 anno

2200 5083 2306 5121 uno
2340 5066 2867 5136 prazverterit:quod
2902 5081 3022 5119 mox
3047 5079 3206 5134 spero
3223 5061 3765 5117 commonstrabitur.

2198 5159 2278 5211 Ad
2304 5157 2418 5211 haec
2449 5172 2579 5211 vero
2612 5172 2732 5210 cum
2778 5155 3220 5225 pseudosynodus
3248 5154 3337 5207 illa
3371 5155 3766 5208 Constantino-

2196 5253 2452 5324 politana,
2491 5266 2596 5320 qua
2634 5251 2870 5304 introsus
2904 5249 2956 5302 itt
3001 5246 3644 5315 Constantinopolitanam
3680 5262 3766 5300 sc-

2194 5347 2313 5401 detn
2346 5344 2607 5399 Eusebius
2636 5342 2754 5405 fuit,
2794 5351 2914 5410 post
2959 5341 3246 5394 adventum
3292 5339 3597 5394 Constantii
3631 5338 3768 5393 Con—

2195 5437 2616 5505 stantinopolim,
2649 5435 2740 5504 qui
2788 5434 2890 5489 sub
2928 5434 3084 5488 linem
3114 5432 3238 5487 Julii
3271 5431 3397 5484 anni
3427 5430 3532 5485 559
3564 5430 3761 5484 certis-

2196 5532 2329 5584 sime
2354 5528 2571 5587 accidit,
2596 5535 2921 5595 congregata
2968 5524 3151 5590 fuerit,
3193 5531 3312 5593 post
3357 5521 3483 5577 anni
3520 5521 3760 5575 medium

2196 5622 2469 5679 celebrata
2498 5620 2583 5673 illa
2620 5618 2742 5673 fuit.
2765 5618 2897 5672 Cum
2924 5628 3102 5675 autem
3130 5616 3365 5688 synodus
3393 5613 3760 5671 Alexandrina

2269 5801 2341 5876 (b)
2363 5802 2586 5869 Athan,
2615 5815 2667 5871 p.
2695 5796 2763 5854 95
2792 5808 2840 5853 et
2868 5799 2986 5854 ΗΞ.
