3990 6510
565 416 763 459 εικκιν

2022 390 2550 448 PROLEGOMENA.

568 519 664 572 (ad
709 515 924 568 Romam
984 528 1040 566 se
1085 510 1406 578 conferrent.
1456 507 1538 563 Ex
1588 508 1677 564 his
1720 506 1974 561 omnibus
2024 506 2143 562 luce
2169 509 2220 569 Α
2250 505 2321 562 sit
2349 505 2526 560 virum
2560 503 2696 558 alias
2717 511 3028 558 accuratum
3059 511 3113 556 et
3159 503 3373 559 doctum
3402 504 3515 560 hac
3547 502 3632 559 vel
3661 505 3810 576 cogi-

569 609 772 662 clarins
817 616 920 666 est,
974 603 1258 657 Athanasii
1317 601 1546 655 Romam
1606 600 2022 671 profectionem,
2078 617 2142 655 ac

573 698 766 766 Elpidii
812 707 866 748 et
906 695 1186 748 Philoxeni
1239 693 1591 761 legationem,
1635 701 1761 761 post
1806 693 2140 746 invasionem

574 789 842 856 Gregorii,
873 803 990 854 qum
1023 787 1317 841 fatentibus
1347 785 1595 839 omnibus
1637 786 1688 838 in
1727 784 1990 840 Paschate
2016 787 2142 839 anni

570 885 669 939 ΞΗ
712 884 964 950 contigit,
1004 881 1204 935 factam
1241 881 1431 938 fuisse.
1463 881 1571 934 Nec
1621 881 1917 950 qniSpiam,
1963 896 2140 948 spero,

573 977 810 1043 negabit,
847 976 949 1029 nisi
981 984 1170 1044 sponte
1200 975 1452 1029 cmentire
1493 974 1641 1028 velit.
1694 973 1824 1027 Jam.
1858 974 1919 1026 ad
1953 983 2143 1027 caetera

576 1083 888 1138 pergamus.
927 1068 1217 1122 Ensebiani
1260 1067 1527 1135 Elpidinm
1574 1075 1625 1121 et
1672 1065 2021 1120 Philoxenum
2073 1065 2146 1118 le-

575 1171 730 1229 gatos
784 1174 952 1228 usque
1002 1158 1065 1211 ad
1111 1157 1428 1212 Januarium
1475 1174 1738 1222 mensem,
1785 1173 1976 1226 nempe
2019 1155 2144 1210 anni

575 1252 684 1306 54‘.)
710 1251 973 1317 detinent,
1007 1260 1059 1303 et
1086 1258 1144 1304 ttt
1182 1251 1344 1304 habet
1379 1251 1730 1315 Athanasius,
1781 1251 1919 1305 ultra
1968 1251 2149 1304 condi-

577 1355 720 1397 ctum
749 1359 776 1395 a
807 1342 950 1397 Julio
985 1342 1050 1395 ad
1099 1342 1472 1396 celebrandam
1519 1346 1776 1412 synodum
1811 1354 2040 1410 tempus,
2073 1342 2148 1406 ὡς

575 1437 701 1499 τοὺς
728 1436 823 1505 μὲν
854 1434 1260 1506 πρεσϐυτέρους
1283 1437 1575 1506 κατασχεῖν
1606 1435 1699 1487 καὶ
1731 1434 1866 1502 μετὰ
1893 1435 1991 1506 τὴν
2019 1452 2150 1506 προ-

576 1531 825 1602 θεσμίαν.
861 1531 1032 1586 Julius
1060 1539 1238 1582 autem
1271 1530 1382 1582 [nec
1416 1530 1604 1582 habet:
1633 1531 1693 1582 Oi
1722 1529 1894 1583 ἐλθεῖν
1925 1529 1998 1600 μὴ
2025 1528 2152 1603 βου-

575 1622 794 1690 λὸμενοι
823 1621 1191 1689 κατεσχήκασι
1225 1619 1318 1672 καὶ
1347 1621 1472 1683 τοὺς
1500 1620 1899 1692 πρεσϐυτέρους
1941 1621 2045 1684 ἕως
2064 1622 2154 1674 αὑ-

577 1713 673 1765 τοῦ
697 1714 792 1766 τοῦ
836 1714 1164 1784 Ἰανουαρίου
1203 1712 1393 1782 μηνός,
1429 1711 1480 1763 id
1513 1723 1633 1764 est:
1672 1711 1764 1764 Illi
1788 1696 2153 1780 quibus.ucce-

579 1804 698 1856 dere
725 1821 830 1856 non
857 1803 1077 1869 placuit,
1107 1805 1436 1872 presbyteros
1472 1818 1680 1870 quoque
1709 1818 1869 1872 usque
1903 1803 1972 1854 at!
2003 1819 2150 1854 men-

578 1910 686 1946 sem
709 1893 1031 1948 Ianuarium
1063 1895 1427 1947 detinuerunt.
1462 1894 1536 1947 Ex
1574 1895 1656 1947 his
1686 1907 1848 1962 porro
1870 1893 2152 1948 Athanasii

581 1997 636 2042 et
681 1986 809 2041 Jttlii
853 1987 1012 2041 dictis
1057 1987 1210 2040 facile
1262 1985 1529 2040 calculum
1583 2001 1773 2056 ponas.
1824 1986 2157 2042 Athanasius

580 2078 908 2131 Alexandria
938 2077 1165 2131 Romam
1215 2077 1584 2147 proficiscitur
1628 2079 1868 2148 paschali
1913 2089 2158 2148 tempore

582 2169 706 2221 anni
741 2169 865 2229 ’.ὅ-Η,
897 2178 956 2221 ut
999 2169 1436 2222 adversariorum
1489 2168 1730 2223 furorem
1782 2171 2032 2239 prudenti
2062 2172 2159 2224 ah-

582 2261 755 2314 sentia
783 2259 1013 2315 falleret.
1052 2260 1176 2316 Post
1205 2261 1321 2328 ejus
1351 2261 1576 2314 Romam
1614 2265 1904 2316 adventum
1948 2262 2156 2333 legatos

581 2348 757 2406 Julius
793 2353 1136 2406 Antiochiam
1174 2354 1340 2407 mittit
1386 2355 1657 2422 Elpidium
1685 2365 1739 2410 et
1763 2355 2156 2411 Pltiloxenum:

585 2442 637 2495 id
677 2458 779 2495 una
813 2445 956 2498 serie
988 2445 1071 2498 bis
1114 2445 1438 2500 testificatur
1466 2445 1796 2503 Athanasius
1838 2467 1850 2504 :
1897 2449 1961 2501 ad
1993 2465 2160 2520 usque

581 2529 900 2588 Januarium
949 2536 1255 2604 proximum
1313 2537 1477 2605 (haud
1518 2540 1679 2593 dubie
1733 2543 1859 2594 anni
1902 2541 2025 2610 542)
2083 2543 2160 2597 le-

582 2626 690 2694 gati
744 2627 1047 2682 Antiochia:
1095 2629 1431 2684 detinentur.
1476 2630 1529 2683 ld
1584 2630 1758 2686 Julius
1797 2643 2000 2687 narrat.
2054 2633 2161 2688 Re-

585 2718 723 2773 versi
764 2719 992 2774 Romam
1030 2721 1216 2792 legati,
1259 2721 1688 2777 Eusebianorum
1750 2723 1960 2780 litteras
2014 2724 2157 2782 Julio

583 2807 836 2874 offerunt,
867 2827 1005 2880 quas
1037 2811 1235 2877 Julius,
1280 2823 1338 2867 ut
1371 2815 1694 2870 testificatur
1729 2816 1867 2885 ipse,
1910 2817 2158 2886 aliquan-

587 2909 697 2954 tttm
741 2903 997 2974 temporis
1053 2919 1217 2973 penes
1251 2921 1310 2960 se
1346 2908 1604 2972 servavit,
1647 2923 1748 2962 nec
1802 2911 2012 2978 synodo
2044 2924 2162 2978 pro—

585 2993 724 3059 tulit,
773 3011 998 3064 sperans
1039 2997 1244 3066 aliquot
1300 3013 1486 3052 corum
1537 3010 1744 3054 mutata
1787 3002 2048 3055 sententia
2094 3003 2161 3056 ad

583 3087 892 3140 condictum
923 3098 1207 3143 venturos.
1237 3087 1345 3159 Spe
1378 3090 1470 3144 tali
1506 3089 1784 3160 depulsus,
1822 3091 2034 3146 litteras
2067 3094 2161 3146 de-

2247 612 2408 655 tasse.
2435 598 2750 653 Januarium
2795 612 3034 653 mensem
3080 606 3265 652 contra
3311 598 3469 652 ﬁdem
3507 599 3812 652 manuscrio

2245 705 2456 764 piorum
2496 702 2548 747 et
2597 691 2862 746 editorum
2899 691 3138 744 omnium
3171 689 3284 744 vult
3331 690 3384 744 in
3415 687 3634 744 Junium
3667 704 3815 744 com-

2246 787 2445 841 mutari
2475 803 2489 838 :
2518 800 2624 853 qua
2662 784 2804 837 facta
2834 783 3154 846 mutatione,
3208 782 3259 835 id
3309 783 3601 836 absurdum
3633 779 3812 847 sequi-

2248 888 2358 941 tttr,
2414 877 2558 946 qttod
2608 875 2784 930 Julius
2818 883 3078 944 queratur
3116 875 3320 943 legatos
3356 888 3483 928 suos
3515 884 3719 937 mense,
3759 879 3817 925 ut

2249 970 2430 1033 citius,
2461 967 2598 1021 Maio
2627 965 2797 1019 Roma
2837 966 3108 1035 profectos
3140 965 3502 1027 Antiochiam,
3543 963 3615 1018 ibi
3650 978 3819 1032 usque

2251 1061 2316 1113 ad
2346 1058 2562 1113 Juninm
2600 1057 2840 1124 ejusdem
2875 1057 3000 1109 anni
3032 1056 3208 1110 reditu
3261 1054 3583 1109 interclusos
3615 1052 3813 1106 fuisse:

2250 1150 2342 1220 qui
2373 1158 2551 1203 tamen
2590 1149 2675 1202 vix
2710 1161 2893 1201 mense
2921 1145 3082 1202 Junio
3111 1148 3296 1201 eodem
3325 1145 3609 1215 pervenire
3631 1153 3819 1211 potue-

2250 1244 2380 1298 rint.
2435 1241 2746 1297 Octodecim
2793 1254 2958 1308 porro
3010 1253 3224 1293 menses
3275 1253 3411 1307 quos
3462 1236 3818 1291 Athanasium

2251 1334 2595 1390 Eusebianos
2631 1339 3036 1402 exspectantem
3075 1331 3318 1400 exegisse
3353 1329 3540 1384 Roma:
3592 1335 3824 1381 testatur

2252 1424 2422 1480 Julius
2448 1440 2605 1494 papa,
2637 1423 2712 1477 ita
2742 1421 2855 1476 vult
2885 1422 2975 1476 ille
3011 1419 3317 1490 computari
3345 1459 3360 1483 ,
3391 1427 3450 1472 ut
3486 1417 3648 1486 hujus
3683 1426 3822 1470 tem-

2251 1517 2400 1587 poris
2428 1530 2554 1584 pars
2583 1515 2649 1567 ab
2677 1529 2814 1568 anno
2853 1514 2982 1577 540,
3019 1527 3126 1582 quo
3148 1511 3360 1566 venisse
3394 1509 3626 1564 Romam
3656 1507 3828 1561 Atha-

2252 1609 2464 1665 nasium
2493 1607 2947 1666 comtttiniscitur.
2977 1606 3223 1671 ineatur;
3263 1604 3389 1658 hinc
3435 1598 3825 1654 Alexandriam

2254 1703 2485 1758 rediisse
2517 1709 2689 1770 putet,
2721 1709 2776 1755 et
2806 1699 3013 1769 aliquot
3040 1698 3113 1752 ibi
3143 1711 3358 1751 menses
3386 1701 3680 1754 moratum,
3732 1703 3824 1742 re-

2255 1798 2517 1866 migrasse
2563 1794 2812 1858 Romam,
2868 1801 2922 1847 et
2974 1793 3177 1861 aliquot
3236 1789 3436 1843 iterum
3488 1799 3702 1840 menses
3750 1782 3826 1836 ibi

2257 1889 2606 1943 substitisse:
2643 1898 2807 1956 atque
2835 1887 2908 1939 ita
2943 1883 3206 1940 calculum
3235 1880 3404 1952 ponit,
3438 1888 3497 1931 ut
3522 1875 3824 1932 octodecim

2259 1995 2476 2036 menses
2503 1981 2699 2050 partim
2753 1989 2878 2032 ante
2918 1977 3216 2046 profectum
3261 1973 3377 2042 ejus
3417 1969 3827 2031 Alexandriam,

2257 2089 2310 2134 et
2360 2094 2542 2133 moras
2591 2077 2784 2131 ibidem
2826 2092 2840 2135 ;
2887 2073 3080 2142 partim
3133 2078 3256 2140 post
3310 2069 3546 2122 reditum
3601 2065 3831 2118 Romam

2258 2169 2568 2224 constituat.
2616 2166 2693 2221 Ett
2747 2163 2872 2218 Julii
2930 2161 3126 2216 verba:
3160 2159 3271 2211 Καὶ
3311 2155 3420 2230 γὰρ
3453 2155 3593 2226 πρὸς
3622 2153 3835 2217 τούτοις

2260 2262 2414 2325 πᾶσι,
2452 2257 2779 2330 παρέμεινεν
2831 2251 3064 2307 ἐνταῦθα
3107 2249 3346 2304 ἐνιαυτὸν
3395 2247 3489 2301 καὶ
3531 2245 3592 2312 ἓξ
3637 2246 3834 2316 μῆνας,

2260 2352 2612 2423 ἐκδεχόμενος
2635 2348 2731 2420 τὴν
2759 2344 3058 2416 παρουσίαν
3086 2343 3115 2395 ὕ
3125 2341 3260 2414 μῶν,
3289 2341 3322 2413 ἢ
3345 2341 3452 2393 τῶν
3491 2337 3837 2410 βουλομένων

2259 2443 2452 2497 ὲλΟεῖνο
2483 2446 2549 2513 τῇ
2575 2443 2631 2495 δὲ
2660 2438 2930 2509 παρουσίᾳ
2955 2434 3220 2489 ἐδυσώπει
3242 2435 3448 2496 πάντας
3466 2449 3479 2461 ·
3520 2432 3603 2484 ὅτι
3637 2430 3738 2483 οὐκ
3770 2430 3838 2482 ἂν

2261 2535 2463 2605 παρῆν,
2506 2535 2553 2585 εἰ
2595 2531 2670 2602 μὴ
2700 2530 2949 2600 ὲθὰῤῥει’
2983 2527 3032 2580 id
3063 2535 3179 2581 est:
3215 2525 3422 2578 Etenim
3471 2532 3668 2592 prazter
3725 2523 3840 2574 Ita'c

2260 2629 2456 2690 omnia,
2505 2641 2700 2679 annum
2744 2638 2906 2675 unum
2953 2629 2998 2673 et
3052 2635 3145 2673 sea:
3179 2633 3376 2671 menses
3422 2615 3507 2668 Itic
3555 2613 3839 2678 remansit,

2261 2731 2315 2774 ut
2362 2720 2640 2774 adventum
2684 2724 2938 2779 vestrum,
2976 2720 3066 2766 aut
3119 2727 3298 2764 eorum
3340 2709 3430 2779 qui
3472 2708 3575 2760 huc
3622 2721 3678 2759 se
3713 2720 3842 2757 can-

2260 2815 2398 2884 ferre
2438 2813 2601 2871 vellet.
2645 2816 2962 2878 exspectaret
3001 2823 3020 2870 ;
3073 2820 3268 2874 suaque
3325 2799 3610 2871 prazsentia
3661 2812 3842 2850 omnes

2259 2907 2458 2974 pudore
2491 2901 2743 2973 afﬁciebat
2786 2916 2804 2955 :
2844 2916 2945 2953 non
2969 2898 3252 2966 adfuturus
3284 2893 3493 2964 quippe,
3534 2891 3640 2943 nisi
3666 2903 3845 2945 cauere

2261 3015 2368 3053 sua:
2395 2997 2712 3064 conﬁdiuet.
2746 2995 2888 3047 Sane
2922 2990 3024 3045 nisi
3061 2987 3190 3046 Julii
3218 2987 3366 3043 dicto
3400 2983 3577 3055 palam
3627 2983 3711 3036 vis
3752 2983 3841 3035 in-

2262 3088 2492 3152 feratur,
2546 3087 2636 3141 hic
2687 3083 2987 3140 octodecim
3042 3079 3348 3140 continuos,
3404 3088 3503 3128 nec
3572 3071 3733 3138 longa
3788 3081 3845 3125 et

585 3192 730 3230 mum
764 3178 953 3231 recitat
979 3195 992 3244 ;
1020 3179 1375 3248 Athanasius,
1406 3180 1693 3234 Marcellus
1715 3193 1768 3236 et
1791 3182 2046 3251 Asclepas
2083 3182 2159 3238 rei
2189 3209 2232 3266 ο
2265 3181 2517 3234 diuturna
2551 3176 2982 3247 peregrinatione
3026 3174 3356 3238 interceptos
3395 3181 3612 3222 menses
3640 3165 3845 3220 intelli-

584 3269 715 3336 acti,
748 3271 1008 3326 discussis
1037 3282 1092 3326 et
1124 3272 1422 3329 confutatis
1447 3275 1792 3339 criminibus,
1825 3275 1890 3329 ad
1925 3291 2162 3330 commu-

583 3362 800 3417 nionem
866 3365 1281 3419 admittuntur:
1346 3367 1579 3435 denique
1636 3378 1904 3421 annuente
1951 3369 2160 3439 synodo

585 3452 870 3520 epistolam
915 3453 1092 3508 Julius
1136 3454 1325 3520 mittit,
1382 3471 1488 3523 qua
1551 3456 1683 3511 dicit
1727 3458 2086 3513 Athanasium
2130 3473 2159 3513 a

585 3543 869 3597 mensibus
894 3544 1192 3598 octodecim
1236 3545 1570 3601 Eusebianos
1591 3547 1783 3603 Romae
1820 3560 2157 3619 exspectare.

588 3633 714 3688 Ηωο
772 3645 966 3704 sponte
1023 3634 1230 3702 ﬂuunt,
1267 3647 1320 3690 et
1371 3646 1677 3708 temporum
1727 3653 1867 3696 notae
1921 3644 2164 3712 apprime

587 3727 896 3796 quadrant:
928 3741 1050 3780 nam
1080 3726 1124 3779 si
1158 3725 1363 3796 legatos
1395 3739 1516 3796 post
1562 3729 1740 3800 fugam
1781 3733 2083 3798 Athanasii,
2108 3742 2164 3790 et

589 3815 708 3884 ejus
739 3815 966 3868 Romam
990 3816 1301 3881 adventum,
1338 3817 1608 3884 profectos
1637 3829 1853 3876 statuas
1879 3839 1894 3888 ;
1924 3825 1967 3877 si
1996 3840 2164 3894 usque

590 3907 658 3959 ad
712 3905 1030 3961 Januarium
1083 3924 1323 3963 mensem
1372 3909 1675 3967 Antiochia:
1704 3915 1971 3981 detentus,
2002 3927 2164 3986 atque

589 3997 692 4050 sub
722 3997 837 4052 haec
870 3999 1196 4070 remigrasse
1223 4001 1402 4068 dicas;
1436 4003 1478 4058 si
1511 4003 1661 4068 Julii,
1694 4009 2161 4077 acceptislitteris,

593 4088 1021 4154 cunctationem,
1062 4090 1294 4160 indeque
1325 4095 1512 4164 synodi
1554 4095 1997 4164 celebrationem,
2039 4117 2166 4169 pnr—

593 4179 861 4248 gationem
889 4181 1190 4248 Athanasii,
1223 4182 1476 4251 Marcelli,
1511 4196 1560 4242 et
1582 4188 1837 4259 Asclepre,
1859 4207 2164 4260 congruen-

595 4271 738 4326 tibus
789 4274 982 4341 sp-ttiis
1036 4276 1261 4332 metiare
1287 4318 1302 4344 ,
1343 4281 1642 4337 octodecim
1681 4300 1896 4340 menses
1953 4286 2005 4339 in
2047 4288 2163 4356 epi-

593 4365 731 4419 stola
762 4364 891 4420 Julii
926 4379 1280 4435 memoratos,
1319 4387 1456 4440 quos
1483 4375 1817 4432 Athanasius
1845 4377 2030 4432 Roma:
2066 4394 2165 4434 ex-

594 4461 775 4534 egisse
817 4464 1038 4528 dicitnr,
1077 4464 1224 4520 nullo
1263 4466 1482 4535 negotio
1520 4482 1806 4520 enumeres
1844 4484 1858 4532 ;
1911 4468 2164 4522 nimirum

2265 3289 2361 3343 gas
2400 3280 2631 3340 oportet.
2681 3267 2813 3322 Nam
2867 3267 2910 3322 si
2964 3279 3060 3335 per
3121 3264 3424 3318 Romanum
3485 3259 3662 3314 otium
3707 3269 3845 3311 xvm

2263 3364 2530 3418 mensium
2589 3357 2920 3413 Athanasius
2968 3355 3224 3409 Tiburem
3273 3361 3362 3407 ant
3422 3349 3723 3406 Tusculum
3783 3365 3849 3405 se

2263 3451 2576 3518 contulerit,
2612 3449 2844 3504 fatemur
2874 3448 2924 3502 id
2955 3444 3090 3500 nihil
3141 3443 3375 3510 olIicere,
3430 3441 3726 3511 quominus
3753 3454 3850 3494 oc-

2264 3545 2495 3601 todecim
2577 3541 2850 3598 mensibus
2917 3538 3101 3593 Romae
3175 3543 3579 3604 exspectantem
3653 3546 3855 3588 conse-

2264 3635 2410 3690 disse
2449 3634 2695 3698 dicatnr;
2728 3646 2912 3686 verum
2946 3628 2989 3684 si
3032 3641 3172 3682 anno
3199 3625 3304 3681 540
3339 3626 3567 3680 Romam
3626 3619 3855 3678 commi-

2265 3727 2538 3797 graverit,,
2578 3725 2762 3794 ibique
2811 3736 3003 3776 novem
3051 3732 3267 3781 menses
3305 3715 3582 3787 exegerit;
3650 3713 3852 3769 deinde

2264 3818 2646 3874 Alexandriam
2687 3829 2957 3879 reversus,
2989 3811 3192 3880 aliquot
3234 3809 3304 3863 ibi
3329 3822 3545 3862 menses
3579 3805 3852 3862 consede-

2267 3912 2358 3977 rit,
2395 3919 2505 3964 tum
2538 3908 2764 3963 Romam
2797 3903 3095 3974 repetierit,
3132 3911 3186 3956 et
3217 3914 3408 3954 novem
3458 3899 3660 3952 iterum
3689 3910 3848 3950 men-

2265 4018 2352 4058 ses
2391 4002 2463 4056 ibi
2497 4001 2796 4062 manserit;
2825 3996 3185 4064 nequidquam
3218 3993 3426 4050 dicatur
3450 3990 3518 4044 ab
3537 3989 3852 4044 octodecim

2267 4097 2544 4152 mensibus
2586 4110 2706 4149 cum
2761 4091 3090 4147 Eusebianos
3132 4087 3184 4141 in
3239 4085 3461 4141 Oriente
3505 4083 3720 4153 positos
3750 4094 3853 4134 ex-

2266 4199 2557 4259 spectasse.
2619 4185 2700 4240 Ad
2751 4185 2867 4239 ha-c
2905 4196 3052 4246 vero,
3089 4195 3157 4234 ne
3179 4175 3556 4232 Tillemontius
3601 4174 3854 4243 quidem,

2267 4296 2448 4336 rerum
2499 4289 2554 4333 et
2607 4286 2880 4346 gestorum
2910 4273 3050 4328 serie
3081 4271 3144 4325 ad
3193 4268 3476 4323 arbitrium
3511 4281 3672 4320 suum
3706 4264 3859 4318 ordi-

2268 4385 2416 4438 nata,
2461 4379 2637 4442 potest
2690 4367 2987 4422 octodecim
3041 4363 3160 4418 illos
3207 4372 3440 4421 menses,
3484 4371 3625 4425 quos
3665 4355 3858 4410 Roma:

2268 4462 2625 4520 Athanasium
2661 4461 2836 4528 egisse
2887 4464 3071 4511 narrat
3114 4451 3310 4514 Julius,
3363 4449 3628 4517 reperire.
3672 4446 3859 4516 Siqui-

591 4566 719 4610 orto
768 4570 1070 4626 postremos
1120 4558 1249 4612 anni
1294 4559 1419 4626 δη,
1469 4574 1534 4614 ac
1563 4559 1745 4612 decem
1800 4558 2012 4627 priores
2042 4561 2167 4615 anni
2202 4555 2245 4609 D
2275 4558 2395 4612 dem
2430 4555 2634 4608 fatetur
2681 4553 2794 4619 ipse
2829 4549 3034 4618 legatos
3081 4540 3364 4600 Athanasii
3401 4550 3457 4594 et
3487 4539 3688 4611 synodi
3732 4538 3860 4594 Ale-

591 4650 721 4714 342,
770 4653 840 4705 ita
883 4662 941 4706 ut
983 4667 1168 4708 mense
1210 4652 1431 4708 Octobri
1473 4651 1558 4706 vel
1606 4648 1893 4705 Novembri
1943 4651 2166 4721 epistola

591 4742 722 4799 Julii
756 4744 879 4798 data
907 4745 1090 4801 fuerit.

663 4835 779 4890 Jam
816 4852 942 4890 vero
973 4848 1142 4893 restat
1187 4849 1247 4892 ut
1306 4836 1586 4891 videamus
1625 4852 1729 4903 qua
1769 4845 1908 4902 arte,
1945 4836 2167 4904 quihus-

594 4944 701 4999 que
735 4933 1000 4988 machinis
1035 4933 1420 4988 Tillemontius
1475 4930 1675 4984 Julium
1707 4940 1760 4983 et
1810 4929 2164 4983 Athanasium

598 5023 663 5078 ad
721 5026 1044 5078 sententiam
1094 5040 1248 5079 suam
1304 5023 1624 5089 detorqueat
1671 5021 1783 5089 (a):
1841 5034 1986 5082 ttam,
2031 5017 2171 5087 quod

598 5117 756 5184 plane
787 5121 1001 5181 tnirum,
1040 5126 1098 5171 ut
1123 5115 1389 5186 synodum
1427 5111 1723 5164 Romanam
1766 5120 1820 5164 et
1864 5107 1990 5163 Julii
2055 5108 2173 5176 epi-

597 5205 787 5258 stolam
815 5206 866 5258 in
891 5222 1092 5259 annum
1120 5205 1218 5259 5M
1243 5201 1519 5258 conferat:
1547 5201 1866 5254 auctoritate
1890 5197 2169 5252 Athanasii

597 5306 649 5349 et
677 5294 825 5361 Jttlii,
852 5306 910 5350 ut
943 5306 1118 5362 putat,
1151 5297 1292 5348 hanc
1323 5309 1502 5347 rerum
1535 5304 1944 5361 temporumque
1974 5288 2166 5341 seriem

600 5389 826 5442 inducit.
881 5389 1115 5458 Legatos
1151 5387 1422 5456 Elpidium
1463 5395 1517 5440 et
1549 5385 1901 5438 l‘hiloxenntn
1931 5381 2019 5434 diu
2051 5388 2176 5432 ante

598 5484 842 5553 Gregorii
877 5483 1234 5544 invasionem,
1271 5495 1412 5532 anno
1443 5479 1649 5533 scilicet
1674 5475 1799 5539 540,
1833 5472 2172 5526 Antiochiam

600 5577 879 5648 profectos
913 5578 1010 5638 ait,
1048 5575 1189 5643 quod
1222 5574 1292 5625 ita
1323 5571 1608 5625 manifeste
1641 5568 1692 5621 in
1723 5567 1854 5620 locis
1891 5563 2171 5618 Athanasii

601 5669 852 5737 superius
902 5668 1084 5724 allatis
1131 5665 1458 5734 exploditur,
1504 5674 1560 5717 ut
1604 5658 1914 5730 perquidetn
1975 5656 2169 5710 mirum

2270 4646 2554 4702 xandrina:
2581 4657 2722 4696 anno
2760 4638 2865 4694 540
2916 4653 3036 4692 cum
3069 4635 3256 4705 legatis
3275 4631 3707 4685 Eusebianorum
3745 4631 3859 4684 dis-

2272 4747 2519 4806 ceptasse
2548 4747 2730 4788 coram
2763 4729 2906 4784 Julio
2943 4743 3102 4797 papa,
3141 4741 3262 4780 cum
3295 4724 3471 4776 adhuc
3511 4721 3860 4775 Athanasius

2271 4827 2626 4884 Alexandriae
2690 4822 2928 4891 degeret,
2970 4819 3130 4890 ἡνίκα
3173 4816 3267 4869 καὶ⁸
3314 4813 3636 4876 Ἀθανάσιος
3674 4814 3704 4864 ὁ
3738 4811 3861 4864 ὲπί-

2277 4922 2480 4981 σκοπὸς
2531 4919 2588 4969 ἐν
2620 4911 2996 4983 Ἀλεξανδρείᾳ.
3045 4905 3132 4980 ἦν,
3168 4908 3243 4960 ait
3273 4905 3468 4961 Julius.
3517 4904 3859 4959 Athanasius

2281 5027 2412 5065 vero
2461 5024 2564 5062 non
2619 5017 2743 5060 ante
2789 5005 3013 5058 Romam
3055 5000 3327 5072 profectus
3356 5007 3460 5062 est,
3493 5013 3660 5067 quant
3697 4997 3858 5066 legati

2280 5104 2535 5158 redirent.
2587 5098 2706 5153 Jatn
2748 5110 2876 5149 vero
2923 5093 3180 5148 extremis
3230 5090 3407 5144 omnia
3452 5088 3611 5143 lineis
3648 5090 3700 5142 in
3731 5103 3860 5159 gra-

2279 5191 2404 5244 tiam
2460 5186 2884 5241 Tillemontiante
2924 5181 3190 5251 opinionis
3240 5194 3526 5249 ponamus,
3578 5178 3860 5232 dicamus-

2279 5299 2404 5352 que,
2436 5282 2731 5352 legatorum
2771 5274 3188 5344 disputationem
3223 5287 3405 5327 mense
3429 5269 3697 5325 Januario
3731 5283 3862 5324 con-

2276 5375 2485 5442 tigisse,
2534 5373 2783 5441 ipsosque
2825 5382 2945 5420 mox
2991 5365 3262 5435 profectos
3317 5378 3502 5417 mense
3550 5361 3859 5417 Februario

2276 5465 2663 5520 Alexandriam
2693 5460 2994 5521 advenisse,
3044 5454 3401 5510 Athanasium
3433 5454 3616 5508 statim
3651 5467 3680 5506 a
3716 5451 3860 5520 lega-

2275 5569 2448 5614 torum
2485 5557 2657 5610 reditu
2691 5567 2987 5609 conscensa
3022 5550 3145 5604 navi
3179 5547 3407 5603 Romam
3436 5561 3626 5601 mense
3661 5543 3857 5598 Martio

2273 5653 2614 5717 adventasse,
2666 5647 2844 5717 ibique
2900 5642 3183 5710 mansisse
3210 5643 3275 5694 ad
3316 5638 3476 5692 linem
3522 5651 3694 5708 usque
3721 5632 3854 5690 anni

678 5867 756 5938 (υ)
806 5864 1113 5935 'l‘illcmont,
1164 5875 1287 5920 note
1337 5863 1425 5929 κί’),
1471 5872 1522 5921 et
1571 5860 1656 5914 Vic
1696 5859 1763 5912 da
1810 5853 2104 5927 papeJule,
2144 5872 2194 5910 n.
2223 5852 2301 5925 4._
2354 5913 2364 5932 ἱ
