3990 6522
1113 391 1201 444 DE
1242 393 1399 446 VlTA
1438 394 1526 449 ET
1568 395 1883 452 SCRIPTIS
1921 398 1978 455 S.
2013 399 2412 460 ATIIANASII.

3242 420 3419 465 οιιιν

169 494 387 588 Ejusdem.
422 500 595 560 Hinc
634 520 930 578 remeasse
977 507 1388 582 Alexandriam,
1419 510 1530 576 ubi,
1556 509 1758 566 fatente
1783 519 1832 574 Α
1861 513 2030 566 driam
2062 515 2212 571 Pisto
2233 517 2441 570 cuidam
2467 517 2892 588 pseudepiscopo
2924 520 3134 578 litteras
3176 523 3418 578 mitteret

171 586 514 657 Tillemontio.
580 597 828 668 aliquot
884 614 1090 654 menses
1139 601 1431 668 substitit;
1471 603 1755 657 invadente

174 679 416 749 Gregorio,
458 687 674 742 denuo
746 689 1020 760 aufugisse
1073 690 1319 755 Romam,
1350 689 1756 761 profectumque

173 770 244 824 sub
266 773 472 841 Aprilis
519 776 741 842 linem,
789 794 969 834 mense
997 779 1131 834 Maio
1157 781 1436 836 advenisse
1483 800 1496 834 ε
1541 784 1752 838 demum

174 863 418 928 epistolam
444 864 592 919 Julii
616 883 806 938 papzr,
827 887 928 940 qua
944 872 1435 926 dicitAtbannsium
1455 875 1521 927 ab
1535 875 1756 928 octode-

177 956 250 1007 cim
266 956 556 1012 mensibus
587 959 799 1016 Romae
817 973 1151 1032 exspectare,
1177 966 1352 1018 datam
1378 965 1540 1019 fuisse
1574 981 1754 1021 mense

179 1049 382 1114 Augusto
417 1050 509 1101 vel
546 1049 885 1120 Septembri
922 1055 1044 1108 anni
1087 1055 1212 1122 541,
1242 1065 1296 1110 ιιι
1326 1057 1437 1110 vult
1466 1056 1756 1112 Tillemon-

181 1137 257 1189 lius
289 1141 362 1206 (α)
421 1155 438 1192 :
503 1142 595 1194 sic
657 1143 834 1198 rebus
884 1145 935 1198 in
989 1147 1212 1213 gratiam
1260 1148 1539 1201 sententiae
1587 1147 1750 1211 illius,

179 1230 307 1282 etiam
385 1244 607 1298 praeter
653 1236 1191 1292 verisimilitudinem
1241 1241 1578 1308 compositis,
1617 1254 1750 1294 xvm

180 1319 413 1372 mensium
461 1336 782 1376 numerum
830 1340 936 1378 non
983 1327 1256 1393 coniicias,
1295 1344 1414 1381 nam
1471 1328 1516 1382 si
1564 1343 1752 1382 novem

179 1411 276 1463 anni
304 1409 411 1463 ’.540
448 1426 714 1477 menses,
754 1423 988 1479 quatuor
1027 1415 1145 1470 aliis
1186 1416 1240 1486 (a
1273 1416 1411 1471 Maio
1452 1433 1640 1486 nempe
1687 1418 1754 1470 ad

178 1515 319 1567 usque
346 1503 676 1571 Augustum
747 1505 836 1560 vel
867 1505 1259 1576 Septembrem)
1313 1509 1592 1577 adjungas,
1639 1517 1750 1562 tre-

178 1590 324 1642 decim
365 1600 463 1644 aut
496 1593 569 1645 ad
597 1607 891 1648 summum
933 1597 1335 1664 quatuordecim
1373 1600 1634 1668 reperias.
1677 1600 1750 1653 Ita

181 1681 304 1735 omni
331 1696 395 1734 ex
439 1693 606 1750 parte
662 1684 876 1739 labitur
905 1686 1088 1741 isthaec
1116 1689 1317 1754 opinio.
1347 1689 1545 1744 Omnes
1573 1691 1754 1759 itaque

182 1772 416 1839 temporis
446 1783 616 1828 notas
652 1771 1043 1831 Tillemontius
1069 1777 1266 1832 elusit:
1297 1788 1348 1833 et
1380 1791 1526 1836 certe
1569 1782 1754 1847 hujus—

1853 605 2049 672 Julius,
2080 624 2184 674 quo
2230 604 2470 679 tempore
2502 609 2833 665 Athanasius
2881 613 3222 669 Alexandria:
3253 617 3415 684 dege-

1854 699 1963 761 bat,
2007 699 2166 769 ἡνίκα
2215 702 2308 755 καὶ
2349 702 2660 766 Ἀθανάσιος
2691 705 2720 756 ὁ
2746 703 3040 768 ἐπίσκοπος
3078 707 3136 761 ὲν
3171 706 3420 773 Ἀλεξαν-

1851 787 2004 859 δρείᾳ
2029 786 2115 860 ἦν.
2152 791 2283 844 Curti
2331 794 2671 848 advenissent
2711 805 2887 849 autem
2922 797 3196 851 Athanasii
3243 809 3420 852 orato-

1854 894 1966 942 res,
1995 895 2096 935 nec
2122 881 2363 935 valerent
2389 884 2811 939 Eusebianorum
2846 885 3006 954 legati
3038 899 3224 938 eorum
3252 902 3417 954 argn-

1855 971 2052 1024 mentis
2094 972 2384 1038 obsistere,
2438 976 2703 1044 synodum
2753 975 2806 1028 in
2849 991 2950 1044 qua
2992 989 3080 1028 res
3112 977 3418 1030 accuratius

1860 1061 2201 1130 indagarctur
2270 1065 2603 1129 postularunt
2655 1083 2669 1120 :
2727 1082 2831 1135 qua
2887 1068 3216 1134 impetrata,
3288 1076 3418 1120 tune

1856 1153 2030 1220 primo
2056 1151 2378 1207 Eusebiauis
2427 1157 2686 1225 synodum
2751 1157 3064 1210 indixerunt
3106 1175 3120 1210 :
3179 1155 3256 1210 illi
3289 1171 3418 1208 vero

1855 1245 2182 1298 conscientia
2226 1245 2487 1299 scelerum
2519 1248 2806 1316 perterriti,
2837 1248 2889 1301 in
2916 1249 3251 1301 Antiochena
3288 1261 3415 1315 syn-

1854 1334 1958 1388 odo
2000 1350 2139 1388 anno
2165 1335 2263 1389 541
2295 1339 2513 1397 ineunte
2558 1338 2850 1401 celebrata,
2913 1339 3168 1392 Romana:
3225 1337 3415 1406 synodi

1854 1425 2064 1478 decreta
2117 1435 2534 1494 praevertt-runt,
2587 1427 2777 1481 deinde
2814 1427 3130 1496 Gregorium
3187 1425 3421 1480 Alexan-

1855 1513 2027 1567 driam
2057 1516 2367 1584 episc0pum
2396 1517 2660 1570 miserunt
2715 1518 2804 1585 qui
2848 1519 3202 1572 Athanasium
3232 1517 3421 1570 detur~

1865 1602 2034 1657 baret.
2063 1604 2356 1658 Athanasio
2385 1615 2562 1659 autem
2596 1621 2740 1660 anno
2792 1605 2891 1661 5M
2934 1621 3054 1661 sese
3085 1606 3419 1674 proripiente

1853 1703 1907 1749 et
1947 1694 2168 1748 Romam
2206 1695 2467 1766 profecto,
2505 1707 2631 1752 tunc
2678 1700 2892 1752 demum
2937 1697 3122 1753 Julius
3151 1713 3246 1767 per
3272 1698 3422 1765 lega-

1858 1795 1939 1871 tos
1980 1785 2252 1854 Elpidium
2305 1797 2359 1841 et
2404 1788 2753 1842 Philoxenum
2796 1788 3095 1843 Romanam
3147 1788 3416 1856 synodum

183 1862 304 1914 modi
359 1871 490 1915 sunt
551 1862 692 1926 illan,
750 1872 812 1917 ut
856 1865 901 1918 si
950 1865 1032 1920 vel
1072 1882 1176 1920 una
1232 1881 1468 1937 maneat,
1503 1882 1609 1925 tota
1640 1874 1754 1943 ejus
1783 1848 1826 1903 Β
1856 1859 2092 1933 secundo
2124 1880 2336 1935 indixit.
2374 1879 2451 1934 Ex
2475 1881 2653 1935 allatis
2680 1882 2877 1950 quippe
2904 1882 3112 1935 duobus
3139 1880 3273 1935 locis
3297 1867 3422 1948 pro-

181 1954 469 2019 supputatio
495 1955 748 2009 subruat
778 1974 794 2010 :
866 1973 988 2011 nam
1031 1959 1076 2012 si
1102 1959 1259 2030 legati
1293 1961 1418 2018 Julii
1449 1975 1566 2035 post
1596 1966 1752 2021 inva-

181 2044 366 2098 sionem
407 2044 673 2116 Gregorii
722 2059 780 2102 et
821 2048 998 2120 fugam
1034 2051 1316 2109 Athanasii
1362 2058 1590 2125 profecti
1622 2060 1752 2125 sint,

181 2135 242 2189 ad
264 2145 502 2190 nostram
533 2138 782 2192 accedat
805 2141 1129 2196 sententiam
1176 2159 1399 2201 necesse
1432 2156 1534 2210 est,
1577 2149 1757 2217 perin-

182 2226 338 2296 deque
388 2228 437 2282 si
480 2239 597 2284 stet
648 2230 823 2286 lectio
855 2234 1337 2304 manuscriptorum
1367 2246 1422 2292 et
1461 2239 1752 2306 editorum,

180 2333 286 2394 qua:
310 2318 520 2388 legatos
550 2321 616 2375 ad
650 2320 979 2376 Januarium
1009 2339 1176 2394 usque
1200 2341 1439 2382 mensem
1467 2331 1639 2384 reditu
1668 2331 1753 2386 in-

184 2392 433 2466 tei-clusos
481 2413 564 2466 ait
610 2431 625 2480 ;
683 2413 772 2468 vel
812 2414 857 2468 si
895 2417 1188 2470 octodecim
1221 2420 1505 2475 continuos
1544 2435 1754 2479 menses

182 2500 352 2556 Romae
397 2506 679 2560 mansisse
741 2507 1096 2561 Athanasium
1157 2508 1387 2576 dicatur,
1453 2528 1592 2567 anno
1649 2515 1753 2569 542

183 2595 396 2660 epistola
421 2594 554 2651 Julii
587 2598 718 2652 data
755 2600 829 2654 sit
855 2610 1100 2668 oportet:
1129 2604 1271 2671 quod
1308 2604 1422 2672 ipse
1463 2605 1755 2660 Tillemon-

189 2685 284 2737 tius
324 2685 556 2742 fatetur.
599 2687 738 2743 Cum
785 2698 975 2744 contra
1028 2693 1071 2745 si
1113 2707 1240 2746 vera
1270 2703 1322 2747 et
1355 2706 1562 2749 asserta
1599 2695 1755 2751 lectio

186 2787 461 2844 servetur;
494 2780 543 2834 si
568 2780 713 2835 dicta
751 2778 884 2835 Julii
933 2792 988 2837 et
1024 2784 1303 2840 Athanasii
1352 2801 1483 2856 pura
1518 2801 1614 2841 nec
1649 2789 1756 2842 dis-

187 2875 315 2919 torta
375 2880 673 2939 maneant,
732 2887 825 2928 res
896 2876 1076 2930 nativo
1130 2879 1319 2932 ordine
1369 2893 1466 2948 per
1518 2893 1577 2934 se
1619 2895 1754 2934 con-

185 2969 350 3015 sistat.

253 3051 446 3106 Verum
487 3055 763 3110 obnititur
825 3056 1198 3116 Tillemontius
1249 3079 1264 3116 :
1318 3062 1603 3118 Eusebiani
1644 3063 1754 3119 Ro-

1853 1968 2030 2038 palarn
2079 1977 2162 2024 est
2214 1979 2322 2023 tum
2375 1971 2549 2038 primo
2586 1971 2907 2040 postulatam
2966 1971 3420 2040 impetratamque

1854 2059 2116 2130 synodum
2156 2043 2342 2126 fuisse,
2372 2075 2491 2114 cum
2523 2061 2855 2115 Athanasius
2882 2059 3240 2114 Alexandria:
3282 2074 3416 2128 age.

1854 2161 1958 2216 ret,
1993 2162 2046 2206 et
2070 2163 2356 2220 antequam
2392 2151 2620 2206 Romam
2652 2154 2880 2207 veniret.
2912 2153 3046 2208 Cum
3078 2160 3254 2206 autem
3293 2166 3420 2220 pcr-

1855 2241 1978 2296 inde
2037 2243 2238 2311 liquido
2271 2251 2500 2305 constet,
2559 2243 2766 2312 legatos
2809 2243 3077 2311 Elpidium
3128 2251 3182 2296 et
3231 2241 3420 2295 Philo-

1854 2348 2074 2399 xenum,
2103 2333 2402 2388 Athanasio
2444 2334 2632 2389 Roma:
2678 2345 2970 2405 prmsente,
3005 2336 3202 2390 missos
3230 2333 3420 2396 fuisse,

1854 2426 1944 2494 qui
1977 2425 2304 2480 Eusebianos
2331 2427 2395 2480 ad
2428 2427 2693 2498 synodum
2744 2436 3122 2496 provocarent,
3173 2427 3425 2494 diemque

1856 2516 1986 2584 ipsis
2043 2517 2488 2585 praestituerent;
2541 2518 2760 2587 planum
2809 2528 2957 2572 certe
3009 2527 3092 2572 est
3156 2517 3422 2588 synodum

1855 2607 1997 2661 illam
2034 2607 2325 2662 Romanam
2363 2609 2443 2662 bis
2466 2609 2720 2663 indictam
2759 2607 2966 2663 fuisse:
3001 2618 3179 2678 atque
3213 2609 3283 2661 ita
3318 2608 3426 2662 ruit

1857 2707 1966 2751 tota
1997 2698 2280 2767 scriptoris
2310 2699 2498 2768 nuperi
2531 2700 2867 2768 conjectura.
2917 2701 3024 2756 Cur
3057 2711 3240 2756 autem
3275 2710 3423 2770 post-

1857 2801 2014 2854 quam
2061 2802 2200 2841 anno
2243 2787 2348 2842 3l0
2383 2789 2581 2842 indicta
2629 2789 2825 2854 fuerat,
2857 2798 3063 2844 tantum
3110 2791 3269 2860 spatii
3308 2791 3422 2844 ela-

1856 2892 2008 2946 psum
2033 2878 2120 2939 sit,
2141 2888 2198 2931 ut
2219 2879 2452 2934 secundo
2483 2879 2720 2935 indicere
2747 2896 3025 2936 necessum
3059 2880 3247 2947 fuerit,
3280 2882 3423 2935 haud

1857 2965 2068 3019 dillicile
2097 2978 2177 3020 est
2210 2968 2461 3036 augurari
2488 2983 2502 3021 :
2528 2983 2647 3022 cum
2683 2969 2888 3023 videret
2913 2970 3054 3024 enim
3083 2970 3424 3025 Athanasius

1858 3055 1956 3108 sub
2009 3055 2165 3109 linem
2214 3060 2336 3112 anni
2379 3058 2482 3112 540
2525 3060 2640 3128 cogi
2676 3061 3066 3114 Antiochenam
3131 3059 3420 3128 synodum,

190 3158 353 3198 mana:
403 3148 600 3216 synodi
648 3147 915 3216 judicium
977 3151 1027 3204 in
1073 3154 1406 3209 Antiochena
1429 3156 1637 3224 synodo
1675 3158 1756 3211 iu-

1859 3160 1974 3214 qua:
2005 3146 2154 3200 initio
2189 3148 2312 3200 anni
2345 3148 2440 3203 541
2473 3149 2733 3204 celebrari
2768 3162 2940 3219 empta
2975 3158 3100 3215 est;
3160 3165 3266 3204 non
3329 3164 3425 3202 ne-

189 3247 339 3290 eunte
375 3254 521 3292 anno
549 3240 651 3294 541
694 3242 972 3298 celebrata
1030 3247 1451 3311 praevenerunt:
1507 3266 1614 3304 non
1663 3266 1758 3320 po-

193 3336 401 3381 tuerunt
454 3341 640 3384 autem
672 3344 1020 3402 praevertere,
1049 3337 1152 3391 nisi
1203 3341 1401 3394 indicta
1443 3341 1547 3396 illis
1599 3352 1757 3398 antea

192 3417 392 3485 fuisset,
424 3422 630 3477 indicta
666 3440 800 3479 vero
827 3426 926 3480 fuit
958 3428 1196 3484 Romana
1217 3433 1454 3501 synodus
1487 3449 1582 3502 per.
1612 3433 1757 3505 lega-

193 3522 269 3567 tos
309 3515 578 3585 Elpidium
635 3527 695 3573 et
736 3519 1131 3577 Philoxenum:
1164 3526 1303 3578 unde
1335 3536 1592 3596 sequatur
1622 3527 1761 3596 Elpi-

194 3607 327 3660 dium
376 3619 430 3663 et
469 3609 839 3665 Philoxcnum
889 3623 1012 3669 ante
1054 3631 1252 3670 annum
1277 3617 1374 3670 ’541
1415 3618 1626 3673 venisse
1650 3622 1760 3673 An-

194 3700 460 3767 tiochiam,
488 3714 550 3756 ut
576 3702 892 3758 Romanam
917 3708 1174 3775 synodum
1203 3709 1526 3765 indicerent.
1559 3711 1674 3777 Qua
1706 3715 1757 3768 in

192 3805 246 3844 re
276 3807 403 3846 sane
442 3793 528 3847 vir
574 3794 836 3848 eruditus
883 3810 939 3848 se
992 3797 1272 3854 Athanasii
1320 3810 1372 3854 et
1423 3800 1548 3856 Julii
1595 3803 1758 3856 verba

193 3899 292 3937 non
348 3895 433 3938 sat
477 3887 825 3954 ponderasse
875 3888 1215 3943 testiﬁcatur.
1261 3889 1394 3944 Nam
1433 3890 1760 3948 Athanasius

192 3975 417 4042 quidem,
464 3988 771 4047 postquam
822 3976 1063 4046 Gregorii
1114 3983 1442 4039 carnificina
1478 4000 1536 4040 se
1561 3986 1763 4041 subdu-

191 4077 332 4120 xerat
372 4084 514 4123 anno
558 4069 694 4133 5H,
752 4067 1106 4125 Paschalibus
1131 4073 1338 4141 diebus,
1377 4075 1489 4130 haec
1534 4077 1758 4131 scribit:

191 4157 292 4210 Καὶ
311 4161 532 4231 πέρυσιν
556 4163 608 4213 οἱ
632 4160 783 4214 κατὰ
799 4159 1013 4230 Ῥώμην
1059 4163 1296 4232 ἀδελφοὶ,
1352 4167 1518 4237 μήπω
1557 4167 1759 4224 τούτων

191 4253 498 4320 γενομένων,
542 4253 666 4307 ἀλλ’
697 4253 785 4305 Eva
795 4270 866 4306 κα
885 4253 992 4307 τῶν
1009 4254 1257 4324 πρώτων,
1284 4256 1497 4311 σύνοδον
1519 4258 1761 4330 ἔγραψαν

190 4343 444 4409 γενέσθαι,
476 4345 566 4398 ἵνα
588 4346 831 4398 κάκεῖνα
855 4345 1106 4416 ὲκδικηΟῇ
1129 4363 1142 4378 ⁸
1178 4348 1353 4419 ἤνπερ
1378 4349 1602 4403 εὐλαϐοῦ
1613 4367 1761 4422 μενοι

191 4435 236 4486 οἱ
257 4437 376 4505 περὶ
404 4437 696 4501 Εὐσέϐιον,
737 4435 1039 4505 προῦλαὸον
1063 4436 1380 4510 διαταράξαι
1417 4440 1511 4512 τὴν
1527 4440 1760 4512 Ἐκκλη-

1858 3239 2000 3290 scius
2037 3237 2086 3290 id
2134 3237 2186 3290 in
2227 3253 2376 3292 suam
2423 3241 2719 3308 perniciem
2753 3251 2807 3296 et
2832 3242 3206 3311 expulsionem
3247 3242 3426 3298 moliri

1856 3328 2205 3394 Eusebianos,
2258 3346 2324 3385 ne
2374 3332 2599 3386 absente
2651 3347 2709 3386 se
2747 3335 2908 3403 quasi
2964 3349 3197 3388 vacuam
3241 3335 3424 3389 sedem

1856 3435 1993 3474 novo
2034 3435 2062 3473 a
2116 3435 2172 3474 se
2200 3431 2383 3475 creato
2402 3423 2662 3493 episcOpo
2697 3425 2996 3492 traderent,
3031 3426 3095 3478 ad
3131 3426 3423 3481 adventura

1858 3527 2024 3582 usque
2055 3512 2301 3582 Gregorii
2326 3514 2567 3568 Alexand
2581 3519 2672 3570 rite
2706 3519 2925 3572 resedit.
3193 3581 3200 3587 η

1927 3603 2076 3670 Quod
2105 3614 2281 3658 autem
2305 3605 2630 3660 Athanasius
2663 3616 2782 3674 post
2821 3607 3151 3662 invasionem
3178 3608 3425 3679 Gregorii

1857 3695 2080 3749 Romam
2122 3696 2292 3765 primo
2326 3699 2532 3750 venerit
2581 3712 2722 3752 anno
2767 3698 2891 3765 '5“,
2928 3713 3098 3768 neque
3134 3699 3238 3753 alia
3282 3714 3427 3754 anno

1856 3787 1961 3842 540
2008 3787 2231 3842 Romam
2282 3789 2544 3858 profectio
2591 3791 2873 3844 statuenda
2930 3792 3035 3859 sit,
3088 3791 3430 3861 perspicuum

1859 3897 1987 3938 sane
2025 3893 2138 3947 est,
2183 3899 2304 3938 cum
2353 3899 2415 3936 ex
2459 3883 2524 3938 iis
2554 3899 2672 3952 qua:
2719 3886 2977 3941 hactenus
3026 3886 3277 3950 diximus,
3318 3894 3431 3938 tum

1859 3977 2093 4030 maxime
2118 3991 2184 4030 ex
2219 3976 2414 4045 primo,
2450 3991 2604 4044 quem
2638 3991 2798 4045 supra
2833 3978 3128 4043 attulimus,
3174 3977 3311 4042 loco,
3339 3975 3431 4030 ubi

1860 4068 2052 4124 dicitur
2091 4086 2104 4121 :
2143 4065 2311 4121 Porro
2357 4066 2643 4121 Eusebiani
2691 4085 2893 4138 quoque
2938 4069 3006 4123 ad
3058 4067 3265 4122 Iulium
3301 4069 3436 4123 scri-

1858 4170 2068 4229 pserunt
2091 4174 2109 4210 :
2148 4177 2210 4212 ac
2242 4169 2508 4228 sperantes
2543 4177 2597 4214 se
2629 4161 2775 4214 nobis
2818 4171 3066 4214 terrorem
3103 4162 3428 4224 incussuros,

1860 4257 2112 4324 rogabant
2149 4262 2205 4307 ut
2235 4253 2463 4323 synodus
2503 4265 2898 4319 conuocaretur,
2931 4264 2979 4307 et
3011 4256 3122 4324 ipse
3159 4253 3340 4308 Julius
3383 4256 3429 4308 si
3461 4329 3470 4342 Δ

1860 4343 2004 4396 uellet
2031 4341 2199 4412 judex
2227 4352 2376 4395 esset.
2405 4340 2539 4396 Cum
2585 4343 2744 4412 igitur
2775 4341 2996 4396 Romam
3022 4342 3433 4409 aduenissemus,

1861 4433 2062 4498 Julius,
2103 4444 2158 4488 ut
2214 4443 2616 4488 consentaneum
2665 4444 2802 4497 erat,
2866 4434 3074 4487 litteras
3113 4435 3318 4504 scripsit
3362 4436 3430 4487 ad

191 4525 458 4581 clay-hoc
482 4537 604 4582 est:
643 4526 830 4579 Etiam
867 4544 1003 4582 anno
1039 4532 1306 4598 praeterito
1353 4531 1542 4600 fratres
1571 4533 1756 4597 nostri,
1793 4517 1835 4571 Ι)
1865 4524 2206 4589 Eusebianos,
2237 4525 2479 4593 misitque
2521 4523 2651 4576 duos
2687 4540 2751 4577 ea:
2782 4525 3094 4592 presbyteris
3141 4526 3248 4577 suis
3282 4521 3438 4592 Elpi-

187 4618 270 4683 qui
307 4617 489 4672 Roma:
516 4628 668 4690 sunt,
702 4618 786 4670 his
819 4620 1043 4672 nondum
1073 4623 1234 4686 actis,
1287 4624 1376 4676 sed
1405 4635 1615 4693 propter
1651 4623 1758 4676 alia

185 4724 294 4774 qua
314 4711 464 4778 prius
504 4712 869 4779 contigerant,
901 4713 1157 4779 synodum
1188 4714 1467 4782 cogendam
1497 4730 1606 4768 esse
1636 4714 1764 4767 scri-

183 4812 413 4866 pserunt,
445 4811 502 4855 ut
527 4802 595 4854 de
617 4801 732 4853 illis
769 4799 898 4852 ultio
927 4811 1219 4854 sumeretur
1251 4818 1270 4855 :
1313 4821 1470 4873 quam
1516 4804 1761 4874 reformi-

183 4897 362 4946 dantes
396 4891 671 4946 Eusebius
701 4901 749 4944 et
781 4890 930 4956 socii,
960 4890 1248 4946 Ecclesium
1277 4895 1590 4950 conturbare
1623 4913 1760 4965 pra:-

184 4995 466 5039 uerterunt.
525 4985 626 5039 llis
676 4983 800 5036 luce
847 4983 1046 5038 clarius
1092 4994 1196 5048 est,
1238 4983 1350 5053 jam
1383 5001 1526 5040 anno
1556 4988 1660 5042 540
1695 4990 1760 5043 de

186 5071 382 5138 synodo
401 5072 615 5141 agenda
636 5069 827 5123 Romae
852 5079 1106 5125 statutum
1136 5071 1318 5140 luisse,
1337 5085 1389 5129 et
1405 5075 1620 5145 quidem
1638 5093 1758 5132 cum

184 5167 412 5218 nondum
446 5163 794 5217 Athanasius
822 5160 1045 5216 Romam
1076 5165 1344 5219 venisset:
1376 5182 1440 5220 ac.
1477 5176 1603 5222 tunc
1635 5183 1760 5239 syn-

183 5255 332 5308 odum
365 5273 465 5325 per
507 5255 651 5309 alios
693 5269 856 5322 quam
908 5253 1172 5322 Elpidium
1203 5264 1257 5309 et
1285 5253 1634 5311 Philoxenum
1679 5259 1762 5310 in-

181 5345 372 5401 dictam
421 5363 549 5402 esse
580 5386 596 5412 ,
660 5353 724 5398 ut
762 5359 826 5398 ex
868 5342 988 5398 Julii
1031 5345 1192 5398 dictis
1225 5345 1430 5401 videas.
1487 5347 1577 5400 Ait
1618 5348 1759 5401 enim

178 5437 283 5502 ille,
342 5439 655 5494 Macarium
712 5436 1111 5505 presbyterum,
1168 5437 1483 5508 Martyrium
1512 5449 1565 5492 et
1592 5439 1761 5511 Hesy-

175 5531 354 5584 chium
391 5531 689 5591 diaconos,
729 5526 1152 5584 Eusebiauoruru
1208 5529 1434 5597 legatos,
1469 5537 1756 5600 antequam

171 5619 456 5676 Athanasii
492 5628 758 5674 oratores
792 5619 1132 5686 accederent,
1167 5635 1386 5692 rogasse
1432 5629 1490 5676 ut
1521 5621 1757 5678 Alexan-

240 5801 320 5872 (a)
360 5801 452 5857 νει
479 5803 547 5856 de
584 5798 648 5854 S.
673 5796 820 5861 Iule,
850 5807 950 5853 art.
987 5801 1040 5856 8.

1861 4617 2002 4669 dium
2037 4626 2084 4668 et
2118 4615 2484 4668 Philoxenum.
2519 4613 2611 4666 Illi
2640 4632 2778 4679 vero,
2813 4606 2964 4669 ut'ile
2996 4614 3220 4670 adventu
3254 4627 3437 4672 nostro

1862 4706 2159 4772 audierunt,
2188 4709 2532 4773 consternati,
2569 4709 2708 4776 quod
2743 4708 3042 4762 nullatenus
3074 4720 3431 4778 exspectarent

1862 4815 1955 4852 nos
2010 4798 2137 4852 illuc
2183 4807 2463 4863 uenturos,
2510 4799 2754 4853 accedere
2804 4810 3120 4866 renuerunt,
3177 4802 3436 4857 absurdus

1862 4905 2050 4943 causas
2108 4890 2408 4944 commenti.
2454 4889 2603 4956 Quod
2656 4889 2700 4944 si
2762 4905 2902 4946 anno
2956 4892 3092 4959 540,
3146 4903 3427 4964 postquam

1861 4981 2036 5050 primo
2081 4979 2280 5033 indicta
2327 4981 2564 5052 synodus
2601 4979 2841 5034 Romana
2877 4981 3070 5049 fuerat,
3102 4983 3434 5040 Athanasius

1863 5071 2088 5126 Romam
2130 5071 2400 5141 profectus
2428 5082 2608 5137 esset,
2651 5088 2716 5126 an
2765 5073 2815 5127 id
2862 5074 3148 5130 Eusebiani
3195 5077 3440 5148 ignoras-

1863 5175 2011 5228 sent;
2048 5163 2329 5232 solumque
2359 5179 2539 5219 mense
2564 5163 2721 5219 Junio
2749 5163 2957 5222 Juliove
2985 5167 3108 5221 anni
3140 5171 3435 5237 sequentis,

1866 5254 2208 5309 narrantibus
2233 5253 2356 5308 Julii
2396 5271 2542 5326 papa:
2576 5257 2784 5327 legatis,
2825 5258 3202 5325 edidicissent,
3245 5261 3335 5328 qui
3377 5261 3432 5314 in

1867 5348 2199 5402 deturbando
2241 5348 2536 5404 Athanasio
2579 5351 2670 5403 toti
2705 5351 2892 5404 erant?
2925 5351 2974 5404 id
3011 5361 3155 5404 certe
3197 5365 3263 5403 ne
3291 5365 3436 5404 50m-

1867 5438 2001 5491 niari
2046 5437 2258 5506 quidem
2297 5446 2489 5507 potest.
2517 5438 2599 5492 An
2634 5453 2762 5494 vero
2791 5439 2936 5492 sileri
2969 5448 3176 5508 poterat
3208 5439 3296 5492 ille
3327 5437 3439 5491 Ro-

1867 5544 2007 5582 mam
2059 5529 2327 5597 prolectus
2370 5531 2436 5585 ab
2477 5531 2786 5592 Athanasio,
2833 5529 2956 5583 dum
3002 5544 3140 5582 anno
3187 5529 3284 5582 5M
3338 5545 3433 5598 pa-

1865 5621 2134 5701 schalibus
2188 5623 2409 5690 diebus,
2462 5632 2748 5692 antequam
2805 5622 3024 5676 Romam
3078 5621 3434 5690 demigraret,
