3990 6516
534 387 734 428 CLXXVI

1901 353 2452 428 PROLEGOMENA:

534 488 650 540 hinc
683 480 948 538 scriberet
989 501 1002 538 :
1049 478 1228 534 Etiam
1269 496 1412 535 anno
1452 480 1983 552 prwterito,'[ratres
2022 499 2118 535 που
2144 486 2192 542 A
2217 497 2460 539 mensem
2508 480 2770 537 indictam
2822 480 3089 553 synodum
3135 477 3332 544 fuisse;
3379 476 3475 535 sed
3524 480 3793 536 duntaxat

534 581 650 641 stri,
681 577 772 646 qui
808 574 988 629 Roma:
1016 584 1158 637 sunt,
1191 573 1273 627 Itis
1314 574 1545 628 nondum
1576 574 1738 639 actis,
1779 574 1869 629 sed
1902 583 2111 644 propter

535 669 642 721 alia
678 682 794 735 qua:
820 668 965 734 prius
995 666 1346 735 contigerant,
1386 667 1645 737 synodum
1678 669 1966 737 cogendam
2001 685 2112 722 esse

453 754 465 765 ⁷
534 761 886 827 scripserunt,
928 768 983 811 ut
1031 758 1094 811 de
1136 758 1244 812 illis
1288 758 1419 813 ultio
1464 770 1798 814 sumeretur:
1831 777 1989 830 quam
2027 777 2111 814 re-

535 850 881 922 formidantes
912 849 1171 903 Eusebius
1196 859 1245 905 et
1282 852 1432 919 socii,
1469 850 1757 907 Ecclesiam
1794 855 2113 909 conturbare

534 942 949 1014 prwverterunl?
986 940 1041 995 Si
1083 943 1195 1012 ipse
1222 945 1289 997 ad
1328 944 1590 1013 synodum
1638 945 2011 999 celebrandam
2046 960 2113 1001 eo

535 1051 593 1089 se
636 1036 987 1100 contulisset,
1032 1044 1088 1088 ut
1127 1051 1248 1089 cum
1289 1036 1612 1092 Ensehianis
1672 1053 1851 1091 coram
1910 1039 2114 1108 synodo

534 1137 916 1193 concertaret;
956 1142 1019 1181 ac
1051 1127 1371 1183 Eusebianis
1401 1129 1658 1184 accedere
1705 1145 1809 1184 non
1853 1134 2019 1195 ansis,
2057 1145 2115 1186 re

536 1220 757 1286 infecta,
791 1232 1085 1276 remeasset
1121 1221 1503 1276 Alexandriam
1526 1262 1543 1288 ,
1583 1238 1651 1275 an
1696 1224 1747 1277 id
1779 1222 2113 1293 praetermitti

537 1314 774 1382 poterat?
804 1312 913 1367 Hoc
944 1313 1143 1367 silentii
1174 1326 1364 1383 genus,
1393 1312 1447 1367 in
1482 1327 1542 1367 re
1566 1326 1787 1384 prorsus
1810 1313 2114 1369 necessario

538 1406 783 1469 dicenda,
815 1406 860 1459 si
892 1406 1108 1476 quidem
1144 1414 1291 1475 gesta
1331 1403 1539 1471 fuisset,
1568 1406 1851 1461 adversam
1890 1415 2110 1461 senten-

539 1496 666 1549 tiam
698 1497 928 1551 obruere
962 1511 1119 1551 nemo
1145 1507 1234 1550 eat
1268 1496 1499 1554 inficias.

611 1586 682 1642 Ut
735 1598 913 1642 autem
969 1590 1156 1644 videas
1219 1599 1481 1658 quantum
1540 1589 1884 1660 praeiudicata
1932 1590 2115 1661 opinio

539 1680 735 1746 valeat,
763 1681 839 1734 ait
875 1680 1289 1736 Tillemontius:
1326 1681 1382 1736 Si
1414 1682 1705 1738 Januarius
1748 1683 1972 1749 mensis,
2009 1698 2115 1752 quo

540 1770 826 1838 Eusebiani
859 1772 1064 1840 legatos
1088 1772 1210 1828 Julii
1256 1774 1521 1844 Elpidium
1556 1785 1611 1830 et
1647 1774 1997 1830 Philoxcnum
2030 1778 2114 1832 di-

539 1864 822 1930 miserunt,
869 1867 1096 1929 steterit,
1128 1875 1181 1921 et
1214 1867 1259 1919 si
1298 1866 1421 1920 anni
1461 1866 1565 1920 542
1613 1866 1794 1933 fuerit,
1829 1868 1955 1922 hinc
1985 1884 2116 1923 con-

540 1968 797 2023 sequetur
833 1957 1091 2027 synodum
1134 1958 1522 2012 Antiochenam
1572 1969 1787 2013 centum
1831 1959 1945 2015 fere
2007 1961 2119 2030 epi-

540 2061 858 2115 scoporum,
908 2062 1027 2116 qua:
1074 2049 1300 2101 ineunte
1347 2064 1488 2104 anno
1526 2050 1623 2104 '5“
1677 2050 1943 2105 celebrata
1996 2060 2115 2117 est,

537 2153 709 2207 usque
751 2139 817 2193 ad
863 2154 1059 2192 annum
1108 2139 1211 2193 542
1256 2140 1521 2216 prolatam
1582 2157 1730 2207 esse,
1782 2145 1925 2212 quod
1976 2142 2117 2199 haud

538 2228 849 2283 verisimile.
888 2228 956 2284 Et
990 2230 1104 2283 haec
1134 2244 1294 2283 causa
1338 2237 1442 2295 est,
1485 2241 1545 2284 ut
1577 2242 1763 2286 contra
1810 2232 1969 2287 ﬁdem
2004 2249 2119 2287 ma-

538 2322 941 2389 nuscriptorum
996 2331 1050 2375 et
1103 2322 1369 2375 editorum
1425 2323 1662 2377 omnium
1718 2338 1815 2391 pro
1863 2321 2118 2379 Januario

537 2414 665 2468 velit
710 2412 926 2467 Junium
975 2414 1189 2482 apponi.
1238 2413 1329 2467 Sic
1360 2412 1483 2478 ille,
1532 2430 1634 2469 non
1682 2415 2118 2471 animadvertens

538 2503 820 2569 epistolam
854 2503 1009 2570 Julii,
1055 2504 1141 2558 cui
1187 2505 1477 2560 afferendae
1529 2507 1817 2575 deputatus
1868 2515 1951 2562 est
2007 2506 2117 2561 Ga»

538 2598 727 2652 bianus
754 2612 955 2661 comes,
989 2613 1093 2652 non
1137 2598 1202 2651 ad
1248 2600 1509 2667 synodum
1548 2597 1689 2651 illam
1730 2599 1891 2663 mitti,
1923 2599 2014 2653 sed
2052 2599 2117 2654 ad

541 2689 789 2753 Danium,
821 2689 1122 2753 Flacillum,
1166 2689 1501 2755 Narcissum,
1553 2691 1836 2746 Eusebium
1894 2700 1949 2745 et
1986 2691 2120 2749 alios

538 2780 850 2849 episcopos;
890 2793 1062 2849 neque
1088 2778 1249 2832 ullam
1284 2779 1336 2832 in
1363 2779 1585 2849 epistola
1618 2770 1742 2834 Julii
1774 2780 1966 2852 synodi
2005 2790 2116 2834 tum

536 2871 841 2925 Antiochia:
881 2871 1212 2927 considentis
1272 2871 1600 2927 mentionem
1651 2872 1839 2927 haberi
1884 2888 1899 2927 :
1947 2873 2119 2928 miror

538 2979 761 3032 prorsus
801 2979 831 3017 a
868 2974 1049 3019 mente
1094 2964 1282 3034 nuperi
1336 2964 1617 3033 scriptoris
1668 2966 1961 3031 excidisse,
2005 2966 2120 3036 epi-

538 3057 732 3110 stolam
762 3054 895 3112 Julii
948 3057 1348 3125 responsionem
1392 3072 1543 3121 esse,
1593 3073 1698 3112 non
1744 3059 1807 3113 ad
1855 3059 2117 3128 synodum

2213 574 2421 645 legatos
2448 575 2586 628 ultra
2627 572 2950 644 praefinitum
2985 581 3196 641 tempus
3236 571 3301 625 ad
3341 569 3661 625 Januarium
3701 588 3793 627 us-

2210 679 2316 733 que
2345 665 2522 718 reditu
2557 663 2886 719 interclusos
2929 670 3173 725 narrant,
3204 676 3305 716 nec
3334 662 3573 715 indicant
3618 662 3794 731 quod-

2212 771 2337 811 nam
2375 756 2651 810 delinitum
2702 755 2830 809 illud
2876 763 3088 823 tempus
3132 753 3337 808 fuerit?
3378 753 3456 807 Ex
3501 753 3590 808 bis
3627 768 3794 823 porro

2212 849 2397 904 videas
2437 863 2702 918 nuperum
2752 848 3074 920 scriptorem
3123 847 3409 903 levissimis
3454 848 3793 919 coniecturis

2211 940 2399 1011 planas
2425 950 2483 995 et
2522 940 2680 996 nullis
2704 939 3117 997 circuitionibus
3148 941 3461 996 enuntiatas
3486 948 3793 1010 temporum

2213 1043 2371 1089 notas
2402 1034 2683 1102 impetere.
2747 1086 2760 1099 ,

2668 1141 3189 1209 ANIMADVERSIO
3226 1142 3346 1197 XV.

2214 1259 2297 1315 An
2336 1259 2678 1331 πυκτῐατῶν
2715 1258 2873 1313 θείων
2902 1258 3159 1331 Γραφῶν,
3201 1275 3318 1329 qua:
3358 1256 3638 1331 Constanti
3681 1254 3797 1331 Au-

2284 1342 2438 1401 gusto
2470 1330 2796 1383 Athanasius
2836 1329 3009 1393 misit,
3053 1332 3189 1382 idem
3216 1331 3335 1401 sint
3362 1330 3501 1401 quod
3550 1329 3796 1401 synopfis

2284 1397 2575 1484 Scriptura:
2599 1416 2807 1465 sacris,-
2834 1409 2881 1454 et
2917 1416 2985 1453 an
3011 1400 3252 1470 synopsis
3274 1397 3381 1451 illa
3399 1400 3464 1453 sit
3495 1414 3612 1452 vere
3636 1397 3800 1451 Atha-

2287 1489 2449 1526 nam.

2222 1596 2225 1601 '
2286 1585 2613 1640 Athanasius
2655 1582 2708 1637 in
2742 1581 2999 1653 Apologia
3029 1582 3099 1637 ad
3129 1581 3499 1638 Constantium
3551 1582 3628 1653 (a)
3680 1583 3799 1637 haec

2214 1677 2419 1734 habet:
2452 1676 2540 1746 Τῷ
2568 1675 2780 1746 ἀδελφῷ
2814 1692 2904 1729 σου
2947 1676 3046 1729 οὐκ
3076 1674 3369 1747 ἕγραψα,ἢ
3410 1676 3568 1746 μόνον
3612 1677 3703 1729 ὅτε
3746 1675 3799 1728 οἱ

2217 1772 2344 1841 περὶ
2389 1770 2643 1822 Εὑσέὁιον
2676 1768 2921 1840 ἔγραψαν
2960 1768 3107 1839 αὐτῷ
3139 1767 3256 1821 κατ’
3283 1766 3441 1837 ἐμοῦ,
3484 1767 3581 1822 καὶ⁸
3624 1767 3801 1835 ἀνάγ·-

2217 1881 2319 1934 κην
2350 1862 2525 1932 ἔσχον,
2570 1860 2652 1913 ἔτι
2701 1859 2775 1913 ὣν
2816 1863 2873 1913 ὲν
2920 1862 2985 1930 τῇ
3023 1858 3413 1930 Ἀλεξανδρείᾳ,
3448 1857 3799 1928 ἀπολογήσασ-

2219 1954 2374 2007 σθαιο
2414 1952 2509 2005 καὶ
2547 1951 2634 2003 ὅτε
2680 1950 2884 2004 πυκτία
2911 1949 3018 2003 τῶν
3048 1949 3206 2003 Θείων
3232 1949 3463 2019 Γραφῶν
3502 1947 3803 2001 κελεύσαν-

2215 2065 2306 2111 τος
2353 2042 2517 2099 αὐτοῦ
2576 2062 2663 2115 μοι
2713 2042 3157 2107 κατασκευάσαι,
3197 2042 3371 2095 ταῦτα
3407 2042 3646 2112 ποιήσας
3686 2042 3799 2094 ἀπ-

2217 2139 2449 2194 έστειλα·
2478 2139 2580 2192 hoc
2604 2148 2725 2192 est:
2761 2134 2945 2189 Fratri
2977 2145 3151 2189 autem
3186 2143 3276 2189 tuo
3316 2150 3646 2205 nequaquam
3672 2135 3808 2188 scri-

2215 2232 2330 2300 psi,
2362 2230 2466 2283 nisi
2509 2239 2782 2298 postquam
2816 2226 3138 2291 Eusebiani,
3168 2226 3342 2280 missis
3393 2225 3673 2279 adversum
3717 2242 3801 2279 me

2217 2323 2430 2383 litteris,
2472 2320 2827 2373 necessitatem
2858 2311 2987 2371 milii
3016 2316 3261 2382 intulere,
3307 2332 3426 2369 cum
3462 2316 3642 2369 adhuc
3673 2316 3806 2370 Ale-

2217 2414 2457 2468 xandriae
2504 2413 2771 2480 degerem,
2821 2426 3002 2463 eorum
3048 2408 3341 2463 calumnias
3398 2407 3801 2477 propulsandi:

2217 2508 2502 2576 iterumque
2538 2520 2656 2558 cum
2696 2504 2787 2556 illo
2820 2501 3152 2571 prwcipiente
3203 2511 3259 2554 ut
3307 2500 3609 2554 divinarum
3650 2500 3802 2555 Scri-

2217 2609 2493 2669 pturarum
2550 2596 2711 2650 libros
2774 2595 3124 2657 adornarem,
3171 2592 3431 2663 confectos
3488 2591 3559 2644 ad
3627 2593 3815 2660 ipsum:

2218 2693 2504 2747 transmisi.
2548 2689 2674 2745 Haec
2703 2689 2901 2742 πυκτία
2941 2685 3049 2740 τῶν
3078 2685 3234 2739 θείων
3264 2685 3496 2757 Γραφῶν
3532 2685 3649 2740 vult
3687 2684 3805 2739 Til-

2216 2783 2506 2838 lemontius
2533 2782 2606 2852 (b)
2645 2795 2763 2836 esse
2793 2779 3048 2849 synopsin
3078 2776 3372 2847 Scriptura:
3400 2792 3595 2843 sacrm,
3630 2792 3798 2846 quam

2219 2890 2318 2929 nos
2358 2874 2503 2929 inter
2546 2871 2709 2927 dubia
2752 2883 2913 2940 opera
2946 2870 3179 2924 secundo
3218 2876 3363 2922 tomo
3392 2868 3655 2923 cusimus.
3691 2868 3804 2923 Sed

2218 2969 2283 3023 ad
2336 2966 2651 3037 quaestionis
2702 2966 2988 3027 notitiam,
3038 2962 3383 3034 quaerendum
3440 2962 3627 3017 statim
3670 2962 3803 3031 quid

2219 3061 2325 3115 sint
2355 3058 2593 3122 πυκτία,
2640 3059 2878 3128 quidque
2927 3071 3042 3112 aevo
3090 3057 3322 3111 maxime
3365 3056 3651 3111 Athanasii
3698 3056 3807 3110 hoc

540 3149 793 3214 missam,
847 3148 939 3203 sed
1000 3152 1065 3204 ad
1109 3149 1226 3204 illos
1280 3134 1370 3219 qui
1413 3166 1472 3205 se
1520 3150 1713 3206 litteris
1764 3161 2190 3227 provocarautc
2223 3151 2482 3207 vocabulo
2530 3151 2882 3205 indicaretur.
2928 3148 3082 3204 Unde
3126 3149 3293 3204 miror
3350 3149 3804 3218 Tillemontium,

539 3244 841 3312 t‘piSCOpOS,
892 3251 951 3296 ut
990 3243 1103 3311 ipse
1148 3245 1347 3311 passim
1392 3243 1566 3298 innuit
1618 3244 1670 3297 in
1717 3244 1943 3312 epistola
1992 3260 2112 3297 sua.

540 3335 744 3405 Ecquid
777 3350 902 3405 ergo
928 3338 1023 3389 abs
1055 3351 1111 3390 re
1143 3336 1296 3391 nobis
1328 3336 1614 3406 synodum,
1638 3344 1693 3389 ct
1727 3336 1945 3388 nimiam
1987 3349 2116 3405 syn-

540 3432 625 3483 odi
670 3429 1009 3482 dnratiouem
1045 3427 1323 3482 obtrudit?
1366 3424 1464 3481 Hic
1493 3443 1561 3481 ne
1603 3424 1709 3497 γρύ
1740 3427 1957 3496 quidem
1993 3441 2117 3480 con-

543 3524 623 3570 tra
659 3517 944 3570 mussitare
972 3516 1150 3571 liceat.

528 3606 535 3671 ἡ
612 3605 793 3676 Pergit
825 3607 931 3670 ille,
958 3607 1247 3662 verisimile
1276 3622 1380 3661 non
1407 3616 1489 3661 est
1522 3608 1785 3677 synodum
1812 3605 2113 3662 Romanam

542 3717 640 3772 pro
663 3717 845 3756 mense
871 3702 1169 3767 Decembri,
1187 3702 1521 3757 incommoda
1541 3701 1745 3756 scilicet
1777 3711 2112 3773 tempestate,

544 3793 797 3848 indictam
866 3792 1028 3849 fuisse
1072 3810 1088 3847 :
1133 3794 1274 3863 quod
1340 3804 1515 3848 tamen
1579 3795 1807 3849 iunuere
1866 3796 2116 3851 videntur

544 3882 715 3938 Julius
743 3893 798 3937 et
835 3884 1184 3951 Athanasius,
1215 3885 1341 3940 dum
1382 3886 1564 3951 aiunt,
1608 3886 1813 3954 legatos
1850 3886 2113 3957 Elpidium

545 3983 601 4029 et
640 3974 984 4029 Philoxenum
1024 3975 1162 4030 ultra
1200 3976 1524 4045 praefinitum
1556 3978 1621 4030 ad
1667 3978 1932 4048 synodum
1974 3978 2116 4032 cele-

543 4064 803 4119 brandam
837 4073 1069 4134 tempus,
1108 4066 1171 4121 ad
1213 4066 1728 4137 usqueJanuarium
1762 4084 2002 4125 mensem
2048 4070 2115 4124 ab

544 4156 861 4213 Eusebianis
892 4159 1135 4216 detentos
1170 4160 1369 4228 fuisse;
1413 4171 1523 4217 tum
1572 4163 1827 4218 credibile
1857 4179 1961 4217 non
1994 4178 2114 4217 esse

543 4249 750 4320 legatos
793 4265 978 4305 mense
1020 4250 1304 4314 Januario,
1340 4254 1517 4308 media
1564 4270 1754 4325 nempe
1803 4256 2000 4322 hieme,
2045 4256 2113 4310 ab

543 4342 733 4396 iisdem
767 4342 1017 4398 dimissos
1055 4343 1243 4399 fuisse.
1277 4344 1399 4398 llaec
1441 4350 1587 4401 omni
1638 4361 1705 4400 ex
1740 4357 1893 4416 parte
1925 4346 2115 4401 labun-

544 4444 660 4501 tur;
714 4451 834 4489 nam
883 4436 983 4491 etsi
1022 4436 1242 4490 daretur
1292 4436 1554 4509 synodum
1602 4437 1668 4491 ad
1719 4452 1957 4491 mensem
2005 4437 2110 4492 De-

2218 3244 2308 3314 qui
2340 3254 2579 3298 nostrum
2615 3243 2669 3295 in
2716 3244 2971 3313 synopsin
3018 3242 3278 3296 monitum
3321 3241 3516 3311 legisse
3553 3256 3618 3296 se
3651 3243 3813 3297 testi-

2216 3336 2428 3399 ﬁcatur,
2478 3334 2608 3388 nihil
2661 3335 2810 3404 pensi
2846 3334 3098 3389 habuisse
3163 3335 3291 3404 quid
3342 3334 3411 3390 de
3456 3334 3621 3405 hujus
3652 3336 3809 3391 vocis

2216 3425 2516 3495 significatu
2571 3426 2870 3495 perspicuis
2931 3426 3192 3494 exemplis
3242 3425 3584 3490 dixerimus!
3635 3426 3808 3482 Juvat

2216 3519 2398 3589 itaque
2422 3517 2547 3586 quid
2574 3518 2682 3571 sint
2703 3518 2770 3571 τὰ
2797 3518 3001 3572 πυκτία
3027 3517 3270 3587 pluribus
3299 3518 3574 3587 indagare.
3602 3519 3810 3576 Suidas

2215 3609 2275 3662 τὸ
2305 3608 2526 3662 πυκτῶν
2554 3610 2633 3663 sic
2660 3610 2911 3678 esplicat,
2938 3610 3000 3663 τὸ
3031 3609 3233 3680 βιϐλίον
3267 3610 3373 3664 ἀπὸ
3399 3610 3493 3664 τοῦ
3525 3613 3809 3681 πυκάζω,

2214 3702 2243 3755 ὅ
2269 3702 2417 3755 ἐστιν
2456 3701 2847 3771 ἀσφαλίζεσθαι
2895 3705 2987 3757 καὶ
3034 3703 3431 3771 συγκλείεσθαι,
3468 3707 3517 3758 id
3558 3717 3667 3771 est,
3702 3727 3812 3761 πυ-

2213 3795 2385 3858 κτίον,
2427 3812 2458 3847 a
2487 3796 2636 3849 verbo
2691 3795 2955 3861 πυκτίζω,
2985 3796 3121 3866 quod
3166 3796 3428 3866 signiﬁcat
3467 3801 3813 3869 compingere

2215 3896 2264 3940 et
2306 3885 2637 3941 concludere.
2684 3885 2779 3941 Est
2826 3887 3006 3955 itaque
3044 3888 3270 3941 πυκτῶν
3305 3888 3439 3942 liber
3478 3901 3811 3960 compactos

2214 3980 2329 4033 sive
2373 3979 2619 4033 volumen
2665 3997 2679 4033 :
2732 3994 2905 4049 neque
2952 3980 3054 4034 hac
3091 3995 3220 4034 voce
3273 3981 3597 4053 intelligitur
3665 3984 3812 4039 liber

2215 4074 2306 4142 qui
2346 4073 2542 4127 dicitur
2590 4080 2854 4126 tractatus
2900 4082 2991 4125 aut
3030 4068 3168 4141 quid
3208 4072 3419 4139 simile;
3474 4082 3535 4126 ut
3577 4083 3634 4129 et
3676 4090 3811 4131 mox

2215 4164 2502 4220 afferendis
2532 4164 2662 4219 locis
2685 4164 2962 4235 propalam
2993 4166 3118 4219 erit.
3149 4164 3281 4219 Nam
3309 4164 3610 4235 Gregorius
3641 4167 3809 4235 Νη..

2211 4261 2454 4314 oratione
2492 4274 2593 4321 xx,
2630 4258 2709 4312 sic
2754 4258 2954 4312 habet:
2993 4258 3157 4310 Ὅσον
3204 4258 3282 4310 évl
3327 4257 3432 4311 τῶν
3484 4258 3811 4313 ἀκολούθων

2214 4352 2415 4415 εἰπεῖν,
2456 4349 2717 4425 ἀραμεένῳ
2771 4349 2833 4402 τὸ
2866 4349 3120 4414 ξπυκτιον
3163 4349 3507 4404 ἀκολουθεῖνο
3560 4350 3614 4405 id
3668 4361 3753 4405 est
3790 4371 3811 4407 :

2215 4441 2385 4507 Quam
2418 4442 2508 4495 uni
2537 4456 2602 4494 ea:
2632 4441 2867 4504 asseclis,
2896 4452 2954 4495 ut
2982 4458 3036 4496 se
3068 4452 3277 4511 accepto
3306 4443 3438 4496 libro
3466 4456 3807 4514 sequeretur.

541 4527 808 4583 rembrem
842 4527 1092 4583 indictam
1126 4528 1312 4593 fuisse,
1360 4543 1463 4582 non
1511 4527 1698 4596 procul
1746 4528 1987 4598 exempla
2018 4543 2110 4597 pe-

2218 4534 2524 4602 imperaret;
2560 4544 2615 4588 et
2641 4544 2779 4589 orat.
2808 4534 2839 4586 6
2860 4552 2871 4587 :
2893 4535 3013 4587 Ὅτι
3052 4552 3139 4605 μοι
3174 4510 3398 4588 erunt-imi
3426 4536 3483 4587 ὲν
3512 4510 3675 4607 χερσὶ
3710 4536 3814 4590 τοῦ

542 4621 699 4675 tenda
731 4630 935 4686 essent,
961 4621 1027 4674 ad
1058 4622 1517 4690 comprobandum
1555 4620 1607 4674 id
1636 4635 1739 4675 non
1768 4630 1963 4691 praeter
1991 4638 2114 4676 con-

541 4713 878 4767 suetudinem
908 4711 1117 4765 admitti
1146 4728 1159 4765 :
1194 4711 1413 4781 quando
1447 4724 1734 4765 numerosa
1763 4710 1851 4764 illa
1880 4712 2114 4781 synodus

539 4805 876 4860 Antiochena
916 4820 982 4857 ex
1029 4803 1301 4871 omnibus,
1345 4804 1507 4859 etiam
1549 4804 1829 4869 extremis,
1874 4802 2112 4860 Orientis

540 4898 787 4967 partibus
818 4897 1065 4963 collecta,
1094 4896 1314 4952 ineunte
1354 4911 1496 4950 anno
1520 4896 1616 4949 5M
1656 4897 1829 4951 media
1866 4898 2114 4952 videlicet

542 4989 739 5050 hieme,
769 4989 1036 5043 celebrata
1070 4997 1173 5053 est,
1213 4996 1272 5041 ut
1312 4968 1513 5041 fatetur
1556 4986 1638 5042 vel
1684 4987 1799 5057 ipse
1826 4986 2117 5042 Tillemon-

543 5082 690 5135 tius:
721 5096 888 5149 quare
920 5079 1051 5134 nihil
1089 5081 1216 5134 hinc
1260 5079 1345 5133 vel
1393 5080 1457 5133 ad
1492 5079 1681 5150 synodi
1730 5079 1985 5133 Romana:
2029 5094 2118 5134 ce-

539 5173 918 5237 lebrationem,
950 5172 1032 5227 vel
1071 5172 1138 5226 ad
1176 5170 1569 5241 profectionem
1618 5171 1915 5241 legatorum
1946 5172 2117 5228 obicis

538 5267 755 5319 adesset
792 5282 805 5319 :
842 5280 963 5318 cum
1016 5263 1317 5333 praesertim
1363 5261 1694 5327 Euscbiani,
1740 5280 1843 5317 non
1890 5263 1962 5317 ita
2012 5262 2115 5318 hu-

539 5356 682 5410 mani
735 5365 787 5408 et
828 5355 1114 5425 opportuni
1161 5363 1379 5418 essent,
1425 5364 1483 5407 ut
1531 5363 1785 5408 curarent
1818 5357 2111 5411 adversane

540 5462 606 5501 an
652 5450 935 5501 commoda
986 5454 1303 5514 tempestate
1334 5444 1540 5514 legatos
1566 5443 1711 5509 Julii,
1739 5446 1823 5498 cui
1865 5453 1992 5500 tunc
2026 5447 2110 5501 in-

541 5535 663 5592 festi
710 5548 889 5601 erant,
919 5537 1270 5591 dimitterent.
1300 5536 1437 5602 Quid
1474 5536 1615 5604 quod
1659 5551 1755 5590 nec
1786 5538 2113 5595 Athanasius

543 5646 640 5685 nec
666 5629 846 5686 Julius
881 5631 1052 5695 aiunt,
1088 5629 1172 5683 vel
1218 5627 1285 5682 ad
1328 5626 1674 5683 Decembrem
1719 5628 1800 5683 vel
1841 5630 1906 5684 ad
1952 5631 2113 5686 alium

618 5801 693 5873 (α)
731 5801 791 5857 ιν.
819 5802 945 5860 236.

2225 4626 2648 4699 Ἀπολλιναρίου,
2675 4627 2801 4680 mihi
2820 4628 2871 4679 in
2890 4627 3129 4680 manibus
3159 4644 3268 4680 esse
3299 4627 3490 4679 librum
3518 4627 3809 4695 Apollina-

2213 4718 2320 4782 rii;
2375 4726 2428 4771 et
2464 4718 2622 4786 epist.
2648 4715 2753 4770 65:
2787 4715 2907 4768 Τῶν
2948 4715 3005 4768 δὲ
3052 4714 3295 4768 πυκτίων
3342 4707 3417 4768 ὦν
3462 4714 3708 4787 ᾔτησας.
3742 4718 3813 4770 τὸ

2218 4808 2315 4880 μὲν
2346 4801 2525 4879 εὗρον,
2572 4807 2667 4861 καὶ
2715 4806 2936 4876 ἔπεμψά
2968 4823 3049 4860 σοι
3100 4806 3427 4879 προθύμωςο
3471 4807 3534 4859 τὸ
3575 4807 3635 4860 δὲ
3671 4806 3811 4877 ἐζη-

2218 4899 2454 4971 μιώθην,
2497 4900 2597 4952 οὐκ
2632 4898 2769 4969 ἔχων
2821 4899 2933 4951 οἴου
2973 4896 3229 4970 χρῄζεις,
3282 4896 3380 4967 τὴν
3421 4896 3670 4952 Ἰλιάδα·
3719 4898 3813 4954 Ea:

2219 4991 2370 5043 libris
2406 5004 2563 5059 porro
2607 5006 2735 5059 quos
2774 4990 3043 5059 postulas,
3083 4990 3307 5043 alterum
3341 4989 3537 5054 inveni,
3578 5006 3811 5060 eumque

2219 5082 2289 5135 ad
2325 5089 2374 5135 te
2419 5080 2635 5134 libenter
2690 5081 2847 5146 misi;
2889 5079 3115 5134 alterum
3164 5096 3316 5151 quem
3364 5080 3539 5145 poscis
3604 5082 3808 5134 damno

2215 5189 2330 5226 meo
2378 5189 2481 5226 non
2526 5173 2711 5239 habeo,
2756 5173 3006 5226 nimirum
3046 5172 3293 5238 Iliadem;
3325 5187 3409 5240 ep.
3436 5172 3811 5226 87εΠυκτίον

2216 5264 2635 5336 ἀπεστάλκαμέν
2665 5283 2746 5318 σοι
2783 5264 2883 5335 τῆς
2920 5265 3228 5336 Ὠριγένους
3263 5264 3661 5328 Φιλοκαλίας·
3712 5264 3809 5317 Li-

2217 5357 2365 5409 brum
2419 5358 2487 5409 ad
2538 5367 2585 5410 te
2641 5358 2878 5411 misimus
2943 5357 3183 5427 Origenis
3229 5356 3577 5421 Philocaliaa;
3634 5357 3802 5424 epist.

2221 5448 2322 5502 165
2347 5466 2359 5501 :
2391 5448 2464 5501 Τὸ
2488 5450 2711 5503 πυκτῐον
2737 5450 2871 5520 ὅπερ
2902 5449 3125 5520 εἴληφας
3159 5450 3288 5521 παρ’
3314 5447 3491 5519 ἡμῶν.
3525 5448 3628 5513 τὰς
3660 5450 3807 5521 ’Δρι-

2223 5540 2501 5605 στοτέλους
2532 5541 2818 5605 ἐπιστολάς
2838 5541 3082 5595 'Librum
3109 5558 3257 5610 quem
3288 5557 3318 5592 a
3348 5541 3496 5593 nobis
3524 5540 3798 5609 accepisti,

2221 5632 2517 5687 Aristotelis
2548 5632 2848 5703 Epistolas;
2879 5642 2933 5688 et
2970 5642 3152 5701 postea
3180 5649 3194 5686 :
3227 5632 3406 5694 Αἰτεῖς
3428 5631 3634 5685 πυκτία
3662 5638 3799 5703 παρ’

2297 5805 2371 5879 (b)
2425 5804 2511 5862 l’ie
2540 5805 2603 5862 de
2641 5805 2699 5861 S.
2729 5807 2945 5875 Attium,
2975 5817 3077 5863 art.
3108 5808 3197 5877 57,
3225 5818 3275 5864 et
3308 5816 3429 5863 note
3458 5807 3549 5863 45.
