3990 6534
602 440 843 482 CLXXVIII

603 631 955 702 Symmacho,
988 628 1380 692 Theodotione,
1429 638 1558 693 etc.,
1602 643 1665 681 ex
1716 627 1995 695 Epiphanii
2034 628 2169 683 libro

604 722 679 775 De
709 720 990 783 mensuris,
1041 734 1294 787 expressa
1328 728 1383 772 et
1430 734 1459 772 a
1506 734 1801 790 synopseos
1842 727 2066 771 auctore
2116 719 2167 770 in

602 813 979 880 compendium
1014 811 1228 863 redacta
1252 810 1435 873 fuisse,
1467 820 1523 863 ut
1552 812 1725 863 cuivis
1760 810 1953 878 legenti
1979 824 2167 878 propa-

600 904 707 956 lam
734 906 854 957 erit.
895 902 1019 956 llmc
1047 916 1173 955 vero
1195 902 1473 955 Athanasii
1513 916 1615 954 non
1654 916 1774 955 esse
1829 901 2027 953 fatetur
2055 900 2170 968 ipse

601 997 976 1049 Tillemontius
1039 1012 1052 1048 :
1116 995 1207 1048 sed
1256 1009 1354 1063 pro
1414 1008 1563 1047 more
1612 1007 1710 1046 suo
1757 992 1847 1045 ille
1900 990 2167 1057 adjectitia

601 1098 657 1141 et
691 1088 940 1142 secundm
990 1101 1181 1140 manus
1214 1101 1332 1139 esse
1379 1086 1606 1139 dictitat.
1670 1084 1725 1138 Id
1756 1092 1933 1137 autem
2001 1086 2169 1152 gratis

600 1180 823 1232 omnino
855 1178 1057 1233 dicitur
1086 1195 1099 1230 :
1131 1177 1265 1230 nihil
1311 1177 1507 1246 quippe
1540 1176 1649 1229 illic
1702 1185 1896 1244 prater
1933 1176 2165 1243 primum

600 1271 883 1338 scriptoris
932 1269 1238 1322 institutum
1284 1267 1494 1321 fertur:
1531 1266 1643 1319 haec
1678 1278 1962 1317 recensere
1989 1262 2171 1316 debuit

600 1359 666 1423 is,
708 1360 793 1412 cui
831 1367 1073 1412 exactam
1112 1373 1290 1411 rerum
1323 1356 1385 1409 ad
1423 1371 1636 1409 sacram
1668 1353 2005 1423 Scripturam
2046 1368 2168 1420 spe-

600 1452 860 1503 ctantium
897 1451 1142 1503 notitiam
1178 1450 1392 1502 tradere
1421 1447 1471 1499 in
1505 1447 1685 1500 animo
1713 1446 1845 1510 fuit;
1876 1445 2019 1499 hunc
2042 1459 2167 1498 vero

600 1545 882 1613 scriptoris
908 1560 1129 1614 sc0pum
1165 1544 1361 1607 fuisse,
1399 1559 1557 1597 nemo
1582 1542 1671 1612 qui
1720 1540 1912 1611 legerit
1959 1540 2167 1593 inficias

598 1646 708 1689 eat.
738 1636 834 1689 llis
886 1652 983 1690 nos
1032 1637 1098 1690 de
1131 1636 1311 1690 causis
1346 1636 1601 1705 synopsin
1640 1634 1936 1703 Scriptura:
1998 1648 2166 1688 sacrm

599 1727 816 1780 dubiam
845 1736 899 1780 et
932 1738 1236 1795 suspectam
1274 1727 1536 1779 habemus
1570 1742 1584 1776 :
1638 1740 1741 1792 qua
1778 1724 1829 1777 iu
1868 1740 1946 1787 re,
1981 1738 2162 1793 spero,

596 1818 773 1887 quivis
803 1826 1063 1871 emuncta:
1093 1818 1237 1870 naris
1268 1816 1427 1869 homo
1456 1816 1609 1870 nobis
1640 1815 2038 1884 astipulabitur.

1032 1923 1539 1980 ANIMADVERSIO
1579 1923 1712 1978 XVI.

594 2077 601 2085 ,
630 2021 717 2075 An
758 2020 879 2076 creti
926 2020 982 2073 in
1014 2018 1241 2071 Fabrica
1286 2018 1759 2083 Adrianopolitana
1785 2015 2127 2071 ecclesiastici

1173 2089 1351 2141 faicive
1374 2088 1591 2153 fuerint.

584 2158 585 2161 Ἴ
666 2180 762 2235 Est.
787 2181 935 2236 locus
962 2182 1010 2234 in
1038 2180 1276 2233 Historia
1310 2180 1627 2231 Arianorum
1674 2179 1741 2231 ad
1773 2178 2076 2241 monachos,
2108 2192 2157 2242 p.

591 2274 719 2338 280,
745 2276 833 2343 qui
880 2275 958 2328 sic
1010 2274 1169 2326 habet
1196 2291 1209 2325 :
1252 2272 1362 2325 Καὶ
1392 2272 1753 2341 πεποιήκασιν
1787 2270 1894 2322 ἀπὸ
1924 2271 2023 2340 τῆς
2047 2271 2164 2322 ἐκεῖ

592 2366 858 2439 Φαϐρικος
888 2367 1019 2419 δέκα
1044 2364 1245 2417 λαῖκῶν
1272 2363 1647 2433 ἀποτμηθῆναι
1665 2364 1762 2425 τὰς
1781 2362 2018 2431 κεφαλάς
2036 2378 2048 2391 ⁸
2073 2363 2159 2416 ιιὺί

595 2461 661 2513 de
688 2460 955 2529 cpisc0pis
982 2458 1195 2511 Arianis
1223 2457 1418 2523 agitur,
1472 2456 1563 2524 qui
1626 2453 1846 2507 Sardica
1898 2453 2161 2523 fugientes

593 2550 771 2604 omnia
810 2551 1034 2604 tumultu
1068 2561 1120 2603 et
1154 2549 1387 2603 aedibus
1423 2546 1693 2616 replebant
1726 2545 2161 2615 :E/feceruntque

592 2651 647 2693 ut
674 2657 738 2694 ea:
760 2640 1007 2705 Fabrica,
1038 2643 1111 2693 ita
1138 2641 1333 2693 scilicet
1367 2643 1529 2705 dicta,
1562 2643 1736 2694 decem
1777 2641 2030 2693 laicorum
2068 2655 2159 2692 ca-

592 2732 702 2798 pita
733 2740 1127 2784 truncarentur.
1164 2730 1219 2783 In
1254 2732 1491 2784 editione
1548 2746 1675 2783 vero
1731 2730 2157 2784 Commeliniana

594 2823 805 2891 legitur,
840 2820 993 2891 δίκην
1018 2820 1242 2883 λαῖκῶν,
1279 2822 1737 2891 typographorum
1763 2836 1895 2873 sane
1925 2822 2155 2874 mendo:

593 2927 713 2981 qua:
745 2912 904 2967 lectio
926 2914 977 2966 in
1011 2914 1246 2967 editione
1275 2915 1397 2966 item
1431 2910 1724 2966 Parisiensi
1760 2914 1885 2966 anni
1920 2913 2055 2966 I627
2090 2912 2157 2965 ad

587 3002 1034 3058 Commeliniana:
1068 3005 1225 3058 fidem
1249 3005 1585 3072 exprimitur.
1628 3004 1819 3057 Veram
1848 3019 1944 3058 nos
1968 3003 2157 3059 lectio-

592 3114 737 3163 nem,
770 3109 829 3153 ut
859 3116 1042 3168 supra,
1084 3114 1150 3153 ex
1192 3097 1413 3168 cptimis
1445 3098 1721 3151 codicibus
1755 3108 1809 3149 et
1838 3098 2153 3151 nominatim

590 3205 656 3243 ex
690 3190 855 3258 Regio
903 3193 1242 3257 perautiquo,
1275 3189 1612 3242 restituimus
1643 3204 1656 3241 :
1692 3189 1757 3242 iis
1793 3188 1922 3241 item
1962 3188 2152 3242 suffra-
2178 3210 2222 3267 ε

588 3288 747 3347 gatur
777 3276 1037 3342 Nannius,
1084 3277 1175 3345 qui
1206 3278 1276 3330 ita
1308 3277 1503 3340 vertit,
1547 3279 1722 3330 decem
1761 3278 2017 3330 laicorum
2064 3294 2153 3330 ca-

588 3371 721 3437 pita.
756 3368 811 3421 In
865 3367 1285 3422 Commeliniana
1340 3368 1569 3422 lectione
1604 3379 1783 3437 aptam
1832 3370 2151 3422 sententiam

589 3459 787 3511 frustra
826 3472 1038 3526 quzcras
1068 3476 1081 3509 :
1114 3472 1233 3509 nam
1270 3458 1422 3526 quid,
1458 3474 1662 3527 quaso,
1696 3459 1796 3511 sibi
1825 3458 1939 3512 vult
1972 3460 2100 3513 illud
2134 3478 2148 3513 :

590 3548 986 3618 Eﬂ'eceruntque
1026 3560 1082 3600 ut
1109 3564 1172 3600 ex
1205 3547 1437 3601 Fabrica
1479 3551 1651 3602 instar
1688 3551 1946 3603 (uicorum
1973 3553 2150 3619 capita

587 3641 1047 3708 pra'ciderentur?
1101 3638 1251 3693 Hanc
1314 3651 1490 3695 tamen
1558 3643 1802 3694 vitiatam
1866 3642 2149 3697 lectionem

587 3730 985 3794 Tillemontius,
1048 3728 1417 3783 llermantium
1475 3742 1709 3796 secutus,
1753 3748 1895 3786 verm
1927 3743 2151 3802 antepo-

588 3822 719 3884 suit,
755 3830 916 3888 atque
950 3821 1019 3871 ita
1048 3821 1211 3874 vertit
1238 3836 1301 3873 ac
1332 3822 1377 3875 si
1426 3821 1693 3891 legeretur
1715 3866 1730 3890 ,
1781 3825 2150 3896 Ιῐεποιῆκασιν

585 3910 695 3963 ἀπὸ
718 3912 814 3980 τῆς
840 3912 954 3961 ἐκεῖ
979 3910 1249 3981 Φάϐρικος
1277 3913 1742 3983 ὲκκλησιαστικῶν
1766 3916 1919 3989 δίκην
1945 3918 2148 3971 λαῖκῶν

586 3999 962 4069 ἀποτμηθῆναι
991 3999 1090 4062 τὰς
1113 4001 1383 4069 κεφαλάς*
1421 4002 1820 4075 Εῇεεενιιηιᾳαε
1854 4019 1908 4059 ut
1948 4025 2011 4061 ea:
2035 4007 2145 4060 Fac

584 4090 730 4142 brica
760 4091 1239 4146 ecclesiasticarum
1269 4095 1438 4149 instar
1467 4096 1724 4150 laicorum
1752 4100 1927 4168 capita
1959 4102 2147 4168 prscri-

582 4185 851 4236 derentur.
883 4184 972 4237 Sic
1000 4186 1087 4239 ille
1112 4200 1210 4239 suo
1240 4199 1434 4252 marte,
1505 4204 1621 4242 cum
1680 4200 1853 4245 tamen
1890 4193 2145 4247 ecclesia-

582 4274 840 4327 sticorum
868 4276 919 4327 in
946 4277 1419 4345 Adrianopolitaua
1448 4278 1675 4334 Fabrica
1707 4296 1968 4336 ausorum
2000 4285 2143 4337 nulla

582 4366 790 4433 uspiam
834 4369 1033 4422 mentio
1070 4370 1350 4435 habeatur,
1405 4380 1455 4424 et
1486 4372 1587 4423 alia
1623 4387 1781 4439 quam
1811 4374 2143 4427 asscruimus

578 4455 737 4510 lcetio
767 4458 970 4525 Optime
1004 4459 1220 4513 habeat.
1253 4456 1611 4516 Fabricenses
1662 4474 1843 4515 autem
1872 4465 2139 4518 Adriano-

1969 415 2498 473 PROLEGOMENA.

605 550 776 609 ptnrze
800 534 1187 604 interpretibus
1212 533 1591 601 subjiciuntur,
1618 533 1683 586 de
1714 531 1905 601 Aquila
1936 533 2162 597 scilicet,
2194 537 2240 593 Α

2694 530 3205 587 ANIMADVERSIO
3234 533 3388 590 XVII.

2277 621 2597 675 Theodulum
2645 620 3167 688 ijanopolitanum
3225 635 3452 690 tempore
3502 625 3818 685 Sardirensis

2588 694 2769 761 synodi
2798 692 3102 759 defunctum
3125 709 3236 747 esse
3267 699 3539 759 probatur.

2341 805 2396 858 In
2427 804 2753 858 editionibus
2804 804 3082 857 Athanasii
3120 804 3545 861 Commeliniana
3598 822 3652 863 et
3681 810 3813 864 Pari-

2270 897 2436 951 siensi
2476 897 2598 949 anni
2640 896 2773 949 1627
2809 896 2961 949 locus
2990 904 3176 962 aperte
3206 898 3424 953 vitiatus
3453 911 3655 963 exstat,
3692 901 3820 955 unde

2274 996 2476 1041 exorta:
2506 986 2572 1039 de
2607 987 2754 1038 ohitu
2801 984 3063 1038 Theodoti
3098 986 3559 1057 Trajanopolitani
3612 1003 3821 1045 contro—

2272 1079 2458 1131 versis:
2482 1088 2626 1133 sunt.
2661 1077 2838 1131 Locus
2864 1080 2941 1133 sic
2979 1079 3143 1132 habet
3172 1080 3357 1133 iisdem
3410 1082 3461 1134 in
3515 1083 3676 1135 editis
3707 1085 3775 1153 (b)
3804 1103 3816 1136 :

2280 1170 2338 1222 Ὀ
2358 1166 2449 1222 οὖν
2484 1170 2889 1240 συλλειτουργὸς
2927 1171 3080 1240 ἡμῶν
3105 1172 3133 1223 6
3162 1172 3465 1243 μακαρίτης
3505 1172 3784 1237 Θεὸδου).ος
3807 1215 3820 1237 ,

2270 1260 2482 1330 φεύγων
2516 1263 2692 1315 αὐτῶν
2722 1265 2820 1334 τὴν
2849 1264 3117 1335 διαϐολήν·
3144 1265 3463 1317 κεκέλευστο
3482 1265 3591 1335 γὰρ
3623 1269 3686 1318 ὲκ
3712 1267 3821 1319 δια-

2266 1353 2431 1421 ϐολῆς
2457 1353 2633 1406 αὐτῶν
2659 1355 2970 1408 ἀποθανεῖν.
3000 1356 3147 1409 Ilanc
3187 1355 3483 1408 clausulam
3546 1358 3823 1411 manifeste

2270 1447 2508 1499 mutilam
2540 1462 2603 1499 ex
2640 1446 2806 1514 Regio
2838 1446 3140 1513 exemplari
3180 1446 3561 1514 antiquissimo
3606 1449 3824 1500 sarciri-

2270 1552 2387 1590 mus
2417 1537 2517 1590 hoc
2552 1538 2711 1591 modo
2736 1556 2747 1589 :
2780 1537 3071 1591 Ἀπέθανεν
3100 1533 3192 1590 οὖν
3215 1540 3243 1589 ὁ
3271 1537 3580 1607 μακαρίτης
3606 1537 3823 1590 656509-

2265 1628 2373 1691 λος,
2408 1630 2620 1696 φεύγων
2650 1628 2826 1681 αὐτῶν
2854 1628 2949 1699 τὴν
2974 1628 3245 1700 διαϐολήν·
3282 1630 3604 1682 κεκέλευστο
3634 1630 3740 1701 γὰρ
3765 1632 3824 1681 ἐκ

2264 1719 2511 1789 διαϐολῆς
2538 1720 2712 1773 αὐτῶν
2745 1720 3067 1774 ἀποθανεῖν’
3106 1723 3157 1776 id
3189 1733 3304 1777 est:
3328 1721 3467 1776 Obiit
3516 1734 3655 1776 certe
3686 1739 3823 1775 com-

2267 1814 2501 1866 minister
2534 1825 2703 1867 uoster
2741 1813 2903 1867 beata:
2933 1815 3197 1867 memorite
3232 1813 3550 1879 Theodulus,
3579 1818 3706 1866 dum
3760 1815 3823 1867 iis

2265 1901 2706 1956 calumniantibus
2728 1904 2855 1973 fuga
2877 1904 2974 1956 sibi
3009 1904 3291 1957 consuleret
3310 1922 3329 1957 :
3361 1907 3422 1958 ob
3443 1921 3621 1957 eorum
3645 1908 3825 1971 quippe

2264 1992 2701 2061 criminationem,
2746 1996 2936 2063 capitis
2966 1995 3136 2063 fuerat
3161 1997 3463 2049 damnatus.
3507 1996 3639 2062 Qua:
3669 1997 3823 2051 lectio

2263 2083 2419 2154 plane
2456 2086 2715 2139 asseritur
2741 2102 2807 2139 ex
2840 2086 3028 2141 Hilarii
3058 2090 3309 2143 versione
3340 2089 3588 2156 epistola:
3630 2090 3819 2159 synodi

2265 2176 2600 2233 Sardicensis
2629 2179 2831 2233 dictum
2864 2180 2989 2233 illud
3040 2182 3380 2250 praeferentis
3414 2197 3428 2235 :
3466 2197 3589 2251 qua:
3649 2182 3823 2235 versio

2263 2261 2464 2321 eodem'
2484 2277 2725 2337 tempore
2754 2271 3095 2337 concinnata,
3124 2273 3301 2339 magni
3330 2284 3412 2326 est
3440 2274 3506 2325 ad
3541 2273 3821 2327 lectionem

2262 2359 2685 2413 confirmandam
2720 2362 2999 2416 momenti.
3029 2362 3257 2417 Decessit
3291 2366 3449 2426 enim,
3480 2365 3559 2418 sic
3606 2364 3705 2428 ibi,
3741 2382 3826 2417 co—

2260 2452 2531 2518 episwpus
2558 2463 2750 2518 noster,
2778 2454 3099 2507 beatissimus
3131 2453 3446 2508 Tlteodulus.
3472 2455 3539 2509 Et
3568 2471 3699 2509 sane
3724 2472 3822 2511 vox

2264 2543 2592 2613 μακαρίτης,
2622 2559 2739 2612 quae
2762 2560 2885 2597 cum
2933 2546 3069 2612 apud
3117 2546 3493 2608 Athanasium,
3524 2555 3638 2599 tum
3685 2549 3820 2616 apud

2261 2635 2681 2701 Theodoretum,
2714 2639 2803 2706 qui
2837 2641 3081 2692 eamdem
3113 2639 3299 2707 synodi
3344 2640 3690 2693 Sardicensis
3712 2641 3824 2708 epi-

2260 2726 2450 2779 stolam
2474 2726 2672 2790 attulit,
2702 2728 3104 2791 circumfertur,
3145 2728 3210 2781 de
3242 2726 3499 2781 defuncto
3530 2730 3707 2781 solum
3736 2732 3819 2781 di-

2260 2818 2417 2870 citur.
2451 2817 2601 2872 Unde
2626 2820 2862 2887 ejusdem
2891 2821 3213 2873 Theodoreti
3241 2822 3521 2873 lectionem
3553 2823 3821 2891 corrigas,

2258 2918 2376 2972 quae
2404 2906 2481 2959 sic
2517 2907 2693 2971 habet,
2732 2908 2952 2979 Ἀνέστη
2988 2908 3115 2976 γοῦν
3151 2912 3180 2962 6
3229 2910 3642 2982 συλλειτουργός
3668 2952 3684 2976 ,
3733 2914 3823 2965 ubi

2261 3005 2435 3049 tamen
2466 2999 2810 3055 doctissimus
2844 3000 3088 3058 Valesius
3116 3003 3192 3056 sic
3217 3005 3633 3073 interpretatur,
3674 3005 3818 3059 Obiit

2258 3085 2419 3155 igitur
2446 3091 2842 3144 comminister:
2890 3094 3133 3163 hancque
3172 3105 3320 3164 putat
3360 3112 3478 3151 esse
3511 3098 3642 3151 dicti
3692 3114 3822 3152 sen—

2259 3179 2500 3233 tentiam.
2528 3182 2593 3233 At
2622 3185 2760 3250 quod
2788 3183 3055 3238 Valesium
3105 3197 3158 3240 et
3193 3186 3594 3242 Tillemontium
3629 3193 3701 3260 (c)
3739 3192 3820 3254 si;

2255 3270 2563 3341 ἀμηχανίαν
2593 3275 2719 3343 egit,
2748 3276 3075 3331 Athanasius
3107 3279 3159 3330 itt
3219 3277 3456 3331 Historia
3493 3279 3822 3334 Arianorum

2254 3366 2322 3414 ad
2353 3367 2650 3428 monachos,
2684 3377 2805 3433 post
2838 3379 3087 3422 enarrata
3123 3370 3462 3424 Sardicensis
3500 3375 3695 3441 synodi
3726 3391 3819 3441 ge-

2253 3460 2356 3517 sta,
2390 3454 2501 3507 haec
2535 3457 2598 3508 de
2624 3457 2838 3511 Arianis
2877 3460 3139 3527 episcopis
3171 3461 3387 3529 subjicit
3409 3481 3422 3515 :
3443 3464 3503 3514 Οἱ
3536 3463 3595 3515 δὲ
3630 3465 3827 3516 καθαι-

2254 3543 2517 3613 ρεθέντες,
2570 3546 2686 3599 δέον
2717 3549 2810 3600 καὶ
2834 3550 3004 3613 οὕτως
3060 3554 3285 3623 ἠρεμεῖν
3311 3571 3325 3583 ·
3381 3555 3427 3606 οἱ
3458 3554 3513 3606 δὲ
3552 3555 3649 3608 καὶ
3687 3558 3830 3626 μετὰ

2252 3635 2350 3705 τὴν
2372 3636 2544 3698 οὕτως
2561 3639 2785 3709 αἰσχρὰν
2807 3642 2984 3711 φυγὴν
3014 3643 3381 3708 κατελθόντες,
3402 3644 3632 3698 τοιαῦτα
3665 3646 3827 3717 ἕδρα-

2253 3742 2370 3791 σαν,
2404 3727 2480 3790 ὡς
2510 3730 2572 3781 ὲκ
2593 3730 2794 3783 τούτων
2825 3732 3025 3803 μικρὰς
3054 3735 3233 3786 αὐτῶν
3263 3738 3362 3799 τὰς
3393 3737 3669 3807 προτέρας
3722 3739 3829 3791 δει-

2252 3818 2442 3890 χθῆναι
2474 3820 2733 3892 πράξεις’
2764 3825 2814 3876 id
2844 3838 2956 3878 est:
2996 3824 3097 3889 Qui
3126 3837 3295 3878 autem
3326 3828 3547 3894 depositi
3577 3832 3820 3898 fuerant,

2248 3928 2375 3978 quos
2400 3913 2476 3964 vel
2506 3924 2629 3964 tunc
2666 3915 2927 3981 quiescere
2962 3933 3059 3982 par
3081 3929 3213 3980 erat,
3263 3930 3376 3986 post
3417 3921 3549 3972 adeo
3612 3932 3827 3989 turpem

2248 4001 2426 4071 [ngam
2464 4004 2593 4055 talia
2636 4015 3025 4071 perpetrarnnt,
3064 4020 3118 4059 ut
3171 4008 3303 4060 feria
3340 4011 3517 4075 priora
3571 4011 3827 4077 facinora

2246 4097 2311 4148 iis
2339 4096 2532 4149 collata
2568 4096 2886 4149 viderentur.
2912 4098 3035 4152 Haec
3066 4114 3229 4167 porro
3265 4100 3503 4154 facinora
3540 4105 3644 4157 sub
3704 4106 3825 4158 haec

2247 4196 2489 4241 recenset
2514 4188 2840 4242 Athanasius
2870 4189 2969 4260 (Δ),
2998 4194 3138 4261 quod
3165 4194 3371 4247 scilicet
3392 4195 3583 4248 decem
3620 4196 3823 4251 Fabri-

2245 4293 2458 4343 censes,
2491 4280 2554 4331 de
2593 4281 2787 4348 quibus
2840 4296 3021 4350 supra,
3073 4284 3386 4338 obtruncari
3451 4290 3823 4353 curaverint;

2244 4368 2549 4435 episcopos,
2592 4370 2937 4438 presbyteros
2988 4373 3352 4441 diaconosqne
3381 4386 3633 4430 extorres
3660 4377 3819 4431 fece-

2244 4458 2382 4519 rint;
2437 4472 2499 4509 ac
2520 4457 2820 4527 Olympium
2850 4470 2902 4512 et
2935 4459 3267 4514 Theodulum
3327 4465 3377 4515 iu
3425 4465 3663 4520 Thracia
3697 4470 3824 4535 epi-

578 4547 681 4617 poli
714 4565 907 4616 magno
940 4565 1167 4605 numero
1200 4550 1365 4604 fuisse
1415 4552 1482 4604 ab
1511 4553 1798 4607 Ammiano
1827 4553 2138 4610 Marcellino
2170 4550 2213 4603 D
2242 4563 2431 4615 scopos
2462 4550 2526 4599 ad
2559 4564 2740 4604 necem
2763 4554 3095 4619 quaesierint.
3130 4554 3282 4609 Unde
3305 4559 3479 4633 arguit
3513 4557 3825 4615 Tillemou-

574 4651 925 4695 memoratur.
962 4641 1177 4695 Omnem
1205 4643 1419 4708 plebem,
1455 4644 1625 4712 inquit
1649 4645 1965 4699 Ammianus
1996 4646 2139 4699 Mar-

572 4731 917 4801 cellinus(a),
950 4749 1067 4786 cum
1099 4732 1529 4801 Fabricensibus,
1583 4754 1803 4804 quorum
1827 4740 1935 4792 illic
1960 4743 2136 4809 ampla

572 4813 879 4868 multitudo.
917 4815 1049 4868 Cum
1080 4819 1263 4884 itaque
1289 4819 1474 4871 Ariani
1502 4822 1738 4890 episcopi
1768 4864 1784 4888 ,
1824 4823 2134 4878 stimulante

571 4905 835 4959 scelerum
872 4909 1228 4975 conscientia,
1264 4926 1369 4978 quo
1394 4912 1733 4967 Sardiceusis
1764 4917 1953 4981 synodi
1980 4918 2131 4985 judio

568 4997 711 5051 cium
741 4997 1201 5067 subterfugerent,
1237 5002 1458 5057 Sardica
1495 5018 1553 5057 se
1581 5005 1998 5073 proripuissent,
2043 5008 2134 5060 ubi

568 5100 970 5155 conspexerunt
997 5091 1508 5162 Adrianopolitanos
1531 5111 1588 5148 se
1616 5096 1851 5164 perfidia:
1875 5098 2134 5153 timidita—

566 5183 742 5252 tisque
782 5187 1000 5241 nomine
1031 5190 1294 5252 aversari,
1335 5200 1497 5258 atque
1539 5207 1568 5243 a
1595 5192 1972 5246 communione
2033 5195 2132 5249 ab-

568 5274 794 5330 horrere
818 5292 935 5342 sua,
968 5281 1221 5335 ministro
1269 5283 1349 5335 usi
1399 5282 1688 5351 Philagrio,
1720 5294 1967 5339 auctores
2011 5286 2130 5340 fue-

568 5377 693 5420 runt
723 5379 781 5422 ut
814 5384 877 5423 ex
910 5369 1352 5438 Fabricensibus,
1384 5373 1471 5442 qui
1508 5389 1633 5441 pars
1665 5390 1851 5444 magna
1893 5378 2129 5435 civitatis

564 5469 742 5525 erant,
774 5462 955 5516 decem
999 5465 1173 5531 capite
1205 5467 1597 5521 minuerentur.
1637 5464 1749 5531 Qua
1801 5468 1853 5521 in
1886 5484 1942 5523 re
1988 5471 2121 5525 nihil

563 5548 712 5603 dubii
744 5549 1135 5607 difﬁcultatism
1167 5556 1435 5609 residuum

636 5685 1035 5769 (c)-Libxxxt,
1082 5708 1136 5769 c.
1289 5693 1363 5748 De
1421 5694 1833 5758 Fabricensibus
1874 5701 1999 5759 item
2066 5706 2119 5761 in

565 5752 771 5810 Notitia
799 5752 1031 5826 Imperii
1049 5762 1262 5817 videsis.
1402 5776 1407 5777 ⁷

634 5826 708 5895 (b)
737 5826 933 5884 Athan.
964 5846 1016 5901 p.
1047 5831 1142 5886 I29
1175 5844 1227 5888 et
1256 5832 1381 5891 9.80.

2243 4641 2365 4705 tius,
2381 4641 2470 4709 qui
2489 4643 2659 4711 potuit
2674 4643 2980 4698 Theodulus
2998 4660 3116 4715 post
3137 4649 3514 4704 Sardiccnsem
3540 4656 3822 4722 synodum

2238 4733 2303 4787 ad
2330 4749 2512 4787 necem
2543 4737 2731 4802 quani,
2769 4739 2857 4804 qui
2887 4738 2936 4789 in
2971 4741 3080 4807 ipsa
3105 4740 3443 4796 Sardiccnsis
3469 4748 3666 4813 synodi
3697 4749 3824 4815 epi—

2236 4826 2372 4878 stola
2421 4827 2621 4880 obiisse
2652 4827 2860 4881 fertur?
2900 4828 3096 4883 Verum
3136 4834 3186 4885 in
3224 4834 3289 4886 iis
3332 4850 3398 4887 ne
3432 4837 3658 4889 minima
3700 4840 3825 4907 qui-

2236 4917 2353 4968 dem
2389 4917 2543 4970 adest
2596 4918 2931 4973 difﬁcultatis
2967 4923 3103 4974 ratio
3136 4940 3148 4975 :
3211 4940 3333 4977 nam
3366 4965 3380 4989 ,
3412 4935 3468 4979 ut
3505 4943 3569 4981 ex
3627 4930 3819 4983 allatis

2235 5008 2483 5073 superius
2524 5008 2985 5076 verbisliquidum
3019 5024 3123 5075 est,
3147 5013 3473 5068 Athanasius
3501 5034 3607 5070 non
3646 5018 3820 5072 modo

2231 5112 2347 5164 quae
2377 5109 2493 5165 post
2518 5100 2813 5153 absolutam
2852 5105 3111 5168 synodum
3139 5143 3154 5167 ,
3219 5106 3311 5157 sed
3339 5107 3502 5160 etiam
3534 5124 3658 5177 qua:
3688 5119 3818 5178 post

2232 5189 2411 5257 fugam
2460 5178 2789 5246 Arianorum
2826 5194 3109 5261 praesulum
3139 5237 3153 5261 ,
3212 5208 3498 5265 antequam
3558 5202 3816 5270 synodus

2204 5284 2582 5351 perficeretur
2634 5295 2685 5338 et
2742 5286 2971 5353 episwla
3009 5288 3282 5356 synodalis
3344 5292 3589 5358 daretur,
3648 5307 3813 5364 gesta

2229 5386 2373 5437 sunt,
2407 5377 2710 5443 promiscue
2738 5390 2982 5431 recenset
3016 5397 3029 5432 :
3064 5380 3220 5449 idque
3255 5396 3384 5435 sane
3416 5384 3498 5436 vel
3530 5385 3657 5441 hinc
3682 5402 3815 5456 per-

2229 5468 2496 5535 spicuum,
2525 5470 2664 5536 quod
2685 5469 2871 5522 eadem
2908 5487 3028 5537 qua:
3078 5473 3185 5535 hic,
3222 5474 3427 5527 scilicet
3467 5477 3520 5529 in
3554 5476 3812 5530 Historia

2231 5560 2551 5613 Arianorum
2587 5562 2656 5613 ad
2708 5565 3012 5629 monac/tos,
3044 5565 3110 5619 de
3142 5564 3424 5621 Theodulo
3452 5580 3577 5636 post
3610 5573 3809 5641 fugam

2304 5700 2576 5781 (ελνςιιεε.
2604 5710 2716 5755 not.
2743 5704 2815 5781 ad
2839 5703 3192 5775 Theodorct.,
3226 5723 3277 5777 ιδ.
3314 5707 3409 5775 I9;
3474 5708 3804 5781 Tillemout,

2278 5787 2331 5822 es
2362 5772 2565 5835 Ariens,
2602 5782 2724 5826 note
2750 5773 2839 5826 22.
3179 5772 3186 5775 ⁷
3226 5772 3239 5777 ⁷
3362 5804 3369 5810 -

2298 5840 2373 5912 (ά)
2406 5843 2598 5897 Athan.
2630 5857 2683 5911 p.
2722 5845 2843 5898 280.
