3990 6520
1155 406 1242 460 DE
1283 405 1446 461 VlTA
1486 405 1572 460 ΕΤ
1616 405 1929 460 SCRIPTIS
1971 405 2029 460 S.
2073 404 2472 459 ATIIANASII.

3221 412 3421 458 CLxxtx

159 511 481 585 eﬁmoporum
521 518 860 577 Arianica:
887 521 1138 577 factionis
1167 530 1315 590 gesta
1351 530 1742 587 memorantur,
1774 527 1820 583 Α
1853 519 2098 572 Historia
2146 521 2461 573 Arianorum
2494 517 2564 571 ad
2594 517 2908 580 monachos,
2948 531 3140 585 nempe
3166 530 3218 583 p.
3271 517 3376 568 “277
3404 531 3423 570 :

160 602 196 658 iu
218 605 410 672 epistola
474 611 741 678 pariter
780 612 1036 682 synodali
1080 610 1388 666 Sardiceusi
1427 626 1750 665 recenseati-

163 705 230 749 tur.
247 695 605 755 Athanasius
630 704 868 772 quippe
899 702 953 755 in
987 701 1223 756 Historia
1249 703 1318 754 ad
1341 701 1622 754 monachos
1647 700 1747 772 (η),

163 797 377 855 postquam
413 805 520 845 res
554 795 792 861 synodi
830 792 1171 847 Sardicensis
1203 799 1597 856 enarraverat,‘
1623 790 1749 843 talia

163 878 416 934 [ιιιπεὉλύ
427 899 632 952 μπιον
658 884 731 936 δὲ
755 884 874 937 τῶν
890 884 1082 943 Αῖνων,
1099 883 1380 936 Θεόδουλον
1408 881 1628 935 τδνξάπὸ
1655 881 1751 952 τῆς

161 973 620 1042 Τραϊανουπόλεως
645 1016 662 1040 ,
738 978 1093 1046 ἀμφοτέρους
1124 975 1229 1028 ἀπὸ
1255 974 1356 1043 τῆς
1381 973 1600 1044 Θρᾴκης
1634 974 1753 1024 ἐπι-

166 1065 355 1126 σκόπους,
388 1065 705 1132 ἀγαθοὺς,
731 1069 838 1120 καὶ
867 1064 1175 1138 ὀρθοδόξους
1197 1065 1416 1136 ἄνδρας,
1448 1063 1634 1133 ἐπειδὴ
1660 1063 1756 1114 έω-

171 1158 312 1228 ρὶκασι
338 1158 682 1228 μισοῦντας
729 1161 840 1230 τὴν
875 1160 1107 1231 αἵρεσιν,
1163 1157 1427 1220 διέϐαλον,
1456 1155 1514 1208 τὸ
1539 1154 1754 1226 πρῶτον

173 1249 238 1319 μὲν
263 1252 302 1302 ol.
325 1253 463 1321 περὶ
493 1251 833 1315 Εὐσέϐιον,
857 1253 950 1305 καὶ
974 1250 1176 1322 ἔγραψε
1199 1250 1451 1319 βασιλεὺς
1474 1248 1755 1301 Κωνστάν·

172 1340 334 1404 τπστὸ
354 1340 648 1409 δεύτερον
681 1342 749 1394 δὲ
783 1341 1110 1412 ὑπέμνησαν
1151 1336 1316 1394 οὗτοι*
1348 1335 1416 1410 ἧν
1453 1338 1508 1390 δὲ
1538 1338 1606 1390 τὰ
1626 1355 1756 1410 γρα-

176 1432 316 1502 φέντα,
363 1431 444 1503 μὴ
497 1432 682 1502 μόνον
724 1432 1094 1486 ἐκϐάλλεσθαι
1129 1430 1235 1484 τῶν
1276 1430 1483 1484 πόλεων
1524 1429 1756 1484 καὶτῶν

178 1523 438 1592 ἐκκλησιῶν
470 1524 724 1588 αὐτοὺς,
745 1523 892 1577 ἀλλά
919 1526 1013 1578 καὶ
1041 1523 1337 1594 κεφαλικὴν
1358 1522 1555 1575 διδόναι
1579 1521 1757 1592 δίκην,

182 1617 217 1667 εἰ
232 1632 314 1667 που
337 1613 634 1684 εὑρεθεῖεν
671 1608 839 1669 οὗτοι
860 1631 876 1646 °
904 1616 956 1671 id
983 1627 1058 1670 est
1081 1633 1095 1671 :
1119 1613 1418 1684 Olympium
1451 1625 1622 1668 autem
1651 1613 1757 1667 ΑΕ-

186 1723 354 1771 sorttm,
410 1705 894 1777 Theodulumque
967 1706 1422 1778 Trajanopoleos,
1479 1707 1656 1760 ambas
1704 1706 1758 1758 in

191 1796 377 1850 Thracia
402 1799 726 1866 episcOpos,
759 1797 1061 1866 probosque
1103 1796 1224 1850 illos
1251 1808 1297 1851 et
1324 1796 1644 1850 orthodoxos
1680 1796 1760 1849 vi-

1850 615 1960 668 Kot't
1976 613 2083 683 γὰρ
2097 614 2188 666 καὶ
2207 613 2388 684 χηρῶν
2405 612 2496 664 καὶ
2517 609 2688 664 ἄλλων
2705 608 2965 674 ἁνεξόδων
2984 609 3252 662 λαϐόντων
3273 609 3427 680 ἐλεη-

1856 702 2116 772 μοσύνην,
2147 701 2362 754 ἐκέλευε
2391 699 2460 752 τὰ
2487 699 2743 769 δεδομένα
2772 698 3186 767 διαρπάζεσθαι,
3231 702 3322 751 καὶ
3356 699 3426 752 τὰ

1853 797 2052 862 ἀγγεῖα
2100 796 2156 846 ὲν
2181 789 2260 858 οἷς
2308 793 2499 864 ἔφερον
2531 792 2591 844 τὸ
2618 791 2791 843 ἔλαιον
2827 792 2919 843 καὶ
2936 790 3025 843 τὸν
3060 787 3196 843 οἶνον
3231 793 3426 844 κατεάο

1853 885 2044 953 γεσθαι
2064 899 2078 912 ·
2106 899 2224 952 qua:
2255 900 2350 937 nos
2377 885 2454 937 sic
2489 885 2948 952 interpretamur:
2991 880 3253 935 Prwterea
3286 886 3422 934 enim

1854 993 1972 1030 cum
2003 977 2175 1030 vidule
2220 979 2498 1039 cn'teriqne
2549 976 2777 1028 mendici
2815 975 3192 1042 eleemosynam
3223 976 3428 1040 accipe-

1856 1079 1968 1120 rent
2001 1109 2014 1130 ,
2037 1066 2198 1135 jussit
2247 1083 2305 1119 ea
2345 1067 2507 1133 diripi
2547 1082 2666 1128 quae
2707 1073 3082 1134 erogabantur,
3113 1081 3338 1133 vastique
3373 1065 3426 1116 in

1856 1159 2041 1228 quibus
2071 1158 2237 1211 oleum
2273 1159 2544 1224 vinumque
2566 1157 2887 1222 deferebant,
2914 1157 3196 1224 confringi.
3233 1155 3296 1208 Et
3331 1156 3430 1210 ibi-

1857 1253 1977 1304 dem
2009 1267 2061 1318 p.
2092 1250 2194 1304 500
2223 1250 2507 1321 εἘρμείαν
2535 1249 2759 1302 λούοντα
2783 1251 2906 1312 τοὺς
2932 1248 3228 1314 ἀνεξόδους,
3246 1248 3296 1301 id
3322 1259 3426 1314 cst,

1860 1340 2135 1395 Hermian:
2178 1344 2268 1410 qui
2305 1342 2568 1394 mendicos
2602 1381 2616 1404 ,
2666 1344 2817 1407 sive,
2864 1342 3218 1394 ntendicorum
3274 1345 3427 1402 pedes

1860 1435 2128 1490 abluebat.
2166 1433 2319 1488 l‘Iunc
2347 1449 2476 1488 vero
2520 1443 2851 1502 postremum
2885 1433 3058 1485 locum
3094 1431 3430 1498 inauspicato

1859 1538 2098 1583 verterat
2134 1525 2503 1588 Hermautius,
2538 1524 2836 1586 Hermiam,
2864 1525 2952 1593 qui
2995 1524 3300 1591 angiportus
3327 1539 3431 1574 non

1859 1621 2060 1692 pervios
2096 1620 2324 1684 lavabat,
2362 1617 2574 1672 Gallico
2597 1617 2799 1685 vulgari
2836 1616 3089 1669 idiomate
3119 1616 3189 1666 les
3221 1614 3335 1665 cuts
3367 1614 3432 1666 de

1861 1729 1952 1768 sac
1991 1715 2080 1767 des
2103 1727 2254 1766 rues:
2289 1727 2433 1776 nam,
2469 1720 2526 1764 υι
2578 1710 2839 1778 liquidum
2869 1718 2972 1772 est,
3009 1723 3112 1760 vox
3150 1704 3433 1770 ἀνεξόδους

1867 1799 2116 1853 homines
2141 1799 2424 1868 quospiam
2465 1797 2757 1867 signiﬁcat.
2786 1797 3167 1850 Tillemontius
3195 1811 3323 1850 vero
3349 1797 3435 1848 his

188 1905 270 1953 ros,
293 1906 404 1943 cum
438 1890 646 1943 ἤιενεεὶ
681 1905 802 1943 sua:
831 1891 1156 1942 adverterent
1198 1905 1308 1942 esse
1335 1888 1715 1956 infensissimos
1739 1925 1754 1950 ,
1788 1867 1831 1923 Β
1863 1889 1973 1942 vult
2004 1889 2226 1958 intelligi
2284 1889 2522 1944 inclusos
2565 1890 2678 1942 sive
2714 1890 3085 1943 incarceratos
3131 1887 3380 1940 homines
3415 1897 3432 1938 :

189 1982 470 2035 calumniati
507 1993 666 2035 sunt.
705 1981 779 2035 Et
824 1982 963 2035 illud
992 1983 1158 2047 primo
1199 1989 1410 2052 egerant
1448 1979 1760 2043 Eusebiani,

187 2089 320 2142 eaque
353 2075 416 2126 de
467 2089 528 2127 re
571 2077 876 2142 scripserat
929 2075 1215 2142 imperator
1249 2073 1630 2129 Constantius:
1682 2087 1765 2125 se-

190 2167 338 2218 cundo
398 2175 583 2218 autem
622 2165 730 2234 ipsi
785 2165 1088 2219 calumnias
1126 2165 1574 2232 redintegrarunt.
1617 2161 1762 2215 Illud

189 2257 566 2312 utemlitteras
595 2256 889 2325 ferebant;
925 2267 981 2310 ut
1029 2271 1132 2310 non
1184 2255 1338 2308 modo
1389 2256 1488 2322 ipsi
1544 2255 1764 2307 urbibus

187 2348 498 2416 ecclesiisque
519 2349 636 2402 suis
657 2346 1012 2414 pellerentur,
1049 2347 1138 2401 sed
1165 2348 1323 2399 etiam
1347 2345 1564 2414 capitali
1591 2360 1761 2412 paena,

186 2440 337 2493 sicubi
369 2441 566 2509 reperti
593 2439 856 2508 fuissent,
912 2437 1285 2506 plecterentur.
1316 2435 1373 2489 lu
1414 2437 1639 2505 epistola
1669 2453 1764 2490 au-

188 2541 281 2585 tent
313 2531 562 2601 synodali
601 2530 928 2585 Sardiceusi
965 2528 1040 2600 (b)
1073 2530 1302 2599 legimus
1333 2549 1345 2584 :
1377 2528 1472 2592 Εἰς
1510 2529 1764 2582 τοσοῦτον

185 2620 281 2692 γὰρ
318 2621 561 2690 ἔφθασαν
587 2620 878 2682 ἀπονοίας,
939 2618 1015 2682 ὡς
1061 2618 1154 2671 καὶ
1180 2617 1510 2681 ἐπισκόπους
1562 2620 1767 2688 ἐπιχει-

187 2717 292 2784 ρεῖν
323 2714 554 2777 ἀνελεῖν,
581 2713 677 2766 καὶ
698 2711 925 2765 ἀνεῖλοδ
948 2710 1033 2775 ἂν,
1065 2712 1112 2764 εἰ
1141 2710 1214 2781 μὴ
1245 2709 1505 2778 ἐξέφυγον
1525 2710 1623 2774 τὰς
1656 2711 1768 2780 χεῖ-

189 2821 278 2874 ρας
312 2804 508 2858 αὐτῶν.
549 2801 858 2856 Ἀπέθανεν
905 2795 997 2854 οὖν
1033 2802 1062 2852 6
1118 2799 1524 2869 συλλειτουργὸς
1551 2801 1583 2869 ὴ
1595 2798 1709 2869 μῶν
1739 2799 1769 2852 6

189 2899 487 2969 μακαρίτης
520 2896 840 2959 Θεόδουλος,
887 2893 1104 2962 φεύγων
1130 2893 1306 2946 αὐτῶν
1327 2892 1422 2964 τὴν
1469 2891 1720 2963 διαϐολὴν
1753 2931 1768 2956 ,

185 2993 502 3045 κεκέλευστο
523 2991 634 3062 γὰρ
667 2993 729 3044 ὲκ
755 2988 1024 3058 διαϐολῆς
1057 2987 1232 3041 αὐτῶν
1282 2987 1571 3042 ἀποθανεῖν
1600 3003 1612 3016 ·
1670 2987 1769 3040 hoc

187 3097 298 3138 est:
325 3084 404 3137 Eo
431 3084 816 3140 eniminsania:
835 3083 1173 3144 devenerunt,
1194 3089 1248 3133 ut
1267 3089 1584 3132 conarentur
1613 3081 1770 3131 etiam

190 3177 449 3246 episcopos
470 3177 765 3246 perimere:
812 3182 866 3227 et
899 3187 1025 3225 sane
1053 3171 1361 3224 occidissent
1385 3209 1399 3234 ,
1436 3170 1537 3222 nisi
1568 3169 1646 3221 illi
1684 3184 1772 3221 eo~

191 3286 308 3322 rum
360 3269 604 3322 manibus
638 3283 749 3321 sese
801 3265 938 3332 fuga
981 3261 1380 3330 proripuissent.
1439 3258 1580 3313 Obiit
1633 3267 1772 3312 certe

192 3362 542 3415 comminister
579 3367 762 3414 noster
793 3359 966 3409 beata:
999 3355 1261 3407 memoria:
1299 3352 1618 3416 Theodulus,
1649 3353 1774 3405 dum

192 3455 260 3507 iis
287 3452 734 3506 calumniantibus
775 3449 908 3518 fuga
958 3445 1055 3498 sibi
1098 3445 1390 3498 consuleret
1425 3457 1443 3496 :
1491 3445 1551 3498 ob
1594 3461 1774 3497 eorum

198 3548 374 3615 quippe
425 3544 861 3598 criminationem
904 3537 1094 3607 capitis
1127 3538 1414 3589 damnatus
1443 3537 1640 3606 fuerat.
1671 3533 1774 3588 Ubi

196 3639 396 3702 videas,
431 3638 643 3698 eadem,
679 3647 806 3703 qua:
844 3629 1181 3683 Athanasius
1221 3638 1344 3698 pOst
1370 3626 1560 3698 synodi
1595 3625 1780 3680 Sardi-

201 3730 372 3783 censis
392 3727 677 3783 historiam
695 3721 1005 3785 enarravit,
1032 3728 1156 3773 ante
1181 3719 1483 3773 absolutam
1513 3717 1777 3788 synodum

202 3819 610 3876 Sardicensibus
641 3815 924 3887 episcopis
955 3821 1103 3877 nota,
1141 3810 1369 3880 ideoque
1429 3821 1554 3864 ante
1597 3811 1778 3864 datam

206 3913 476 3981 epistolam
517 3907 835 3965 necessario
902 3912 1054 3974 gesta
1100 3901 1288 3956 fuisse.
1316 3900 1430 3967 Qua
1482 3901 1534 3954 in
1562 3916 1619 3955 re
1651 3915 1782 3955 sane

211 4004 350 4058 dubii
378 4004 512 4059 nihil
543 4001 892 4057 suboriatur.
941 3995 1076 4051 Nam
1123 3995 1311 4049 Ariani
1365 3993 1605 4064 episcopi
1657 4005 1782 4049 ante

207 4095 390 4152 initam
424 4096 690 4168 synodum
723 4091 960 4147 Sardica
992 4089 1358 4157 aufugerunt;
1391 4097 1442 4142 et
1464 4089 1648 4142 statim
1683 4103 1780 4156 pro

211 4203 357 4244 more
383 4189 543 4243 solito
573 4183 750 4240 multa
785 4183 840 4236 in
874 4179 1182 4236 Catholicos
1201 4178 1372 4233 moliti
1397 4189 1523 4232 sunt
1554 4200 1565 4233 :
1598 4177 1784 4250 Olym-

205 4281 345 4350 pium
377 4287 432 4335 et
477 4275 834 4332 Theodulum
867 4273 984 4328 suis
1013 4271 1222 4325 artibus
1264 4271 1479 4338 capitali
1512 4273 1780 4325 sententia

201 4373 503 4437 damnatos,
535 4371 603 4424 ad
644 4368 834 4436 fugam
871 4363 1245 4432 compulerunt
1279 4382 1291 4416 :
1322 4364 1411 4433 qui
1451 4363 1782 4429 Theodulus,

202 4465 321 4518 dum
346 4481 409 4519 se
437 4461 692 4534 periculo
727 4459 1088 4520 subduceret,
1117 4472 1147 4510 e
1179 4457 1316 4510 vivis
1365 4457 1622 4510 excessit.
1656 4456 1782 4522 Ejus

1865 1997 1965 2036 nec
1996 1982 2208 2036 felicius
2244 1997 2402 2044 sane;
2439 1981 2702 2049 siquidem
2739 1989 2797 2034 ut
2843 1995 2906 2034 ex
2934 1980 3108 2049 primo
3137 1979 3258 2032 loco
3305 1991 3434 2046 pro-

1869 2075 2046 2146 palam
2079 2083 2192 2138 est,
2226 2083 2379 2127 erant
2405 2073 2642 2138 ἀνέξοδοι
2673 2073 2709 2126 ii
2760 2073 2850 2142 qui
2886 2073 3080 2142 stipem
3116 2071 3384 2139 cogebant
3412 2104 3435 2134 ,

1865 2170 1977 2223 sive
1999 2168 2182 2235 inopes
2201 2176 2252 2219 et
2279 2166 2532 2229 mendici,
2551 2165 2785 2234 quicum
2815 2163 2989 2216 viduis
3017 2176 3210 2232 panem
3242 2175 3434 2216 emen-

1879 2260 2154 2316 dicabant.
2187 2259 2252 2314 Et
2277 2274 2404 2313 sane
2451 2259 2780 2313 Athanasius
2824 2273 2960 2328 quos
2991 2254 3273 2321 ἀνεξόδους
3308 2266 3436 2310 ante

1867 2365 2178 2417 vocaverat,
2225 2352 2512 2423 δεομένους
2543 2355 2657 2406 sive
2708 2365 2906 2419 egenos
2963 2349 3104 2403 infra
3137 2355 3434 2415 nuncupat,

1866 2463 1920 2518 p.
1954 2447 2051 2501 501
2082 2467 2092 2501 :
2127 2445 2263 2508 Τοὺς
2293 2443 2398 2515 γὰρ
2437 2443 2720 2512 δεομένους
2747 2441 2841 2493 καὶ
2881 2439 2978 2503 τὰς
3005 2441 3177 2510 χήρας
3229 2438 3438 2510 (ἐπειδὴ

1865 2542 1966 2606 τὰς
2001 2541 2293 2612 ἐκκλησίας
2327 2535 2708 2610 παραδέδωκεν
2746 2537 2774 2589 6
2806 2534 2930 2598 δοὺξ
2958 2537 3069 2596 τοῖς
3097 2533 3393 2603 ’Λρειανοϊς
3419 2571 3434 2596 ,

1868 2635 1925 2687 ἐν
1945 2634 2137 2695 αὐταῖς
2159 2630 2454 2702 διατρίϐειν
2481 2629 2581 2683 ούκ
2626 2625 2933 2698 ἠδύναντο),
2962 2623 3326 2694 καθεζομένας
3380 2625 3440 2677 ὲν

1867 2721 1948 2790 οἷς
1977 2724 2182 2796 ὥρισαν
2201 2723 2389 2784 αὑταῖς
2413 2723 2595 2784 τόποις
2616 2722 2663 2772 οἱ
2699 2718 3120 2788 πεπιστευμένοι
3144 2717 3242 2780 τὰς
3265 2718 3440 2788 χήρας

1869 2817 1968 2888 κλη
1979 2818 2138 2888 ρικοὶ,
2161 2815 2346 2885 ἐπειδὴ
2369 2813 2591 2866 ἔϐλεπον
2603 2812 2726 2873 τοὺς
2740 2810 3000 2879 ἀδελφοὺς
3015 2808 3307 2881 προθύμως
3324 2811 3444 2860 ἐπι-

1869 2910 2110 2971 διδόντας
2132 2908 2320 2969 αὐταῖς
2339 2923 2353 2936 ο
2384 2907 2434 2959 id
2463 2914 2578 2959 est:
2610 2903 2747 2956 Nam
2781 2919 2896 2955 cum
2920 2903 3152 2955 viderent
3184 2917 3368 2970 egenos
3391 2909 3442 2954 et

1871 3005 2060 3058 viduas
2116 3002 2224 3070 (qui
2267 3015 2382 3052 cum
2425 2998 2534 3049 dua;
2580 2995 2824 3049 ecclesias
2857 2994 3070 3046 Arionis
3110 2991 3442 3054 tradidisset,

1881 3097 1937 3151 in
1974 3097 2040 3149 iis
2068 3094 2263 3148 versari
2316 3089 2621 3161 nequibant)
2659 3088 2894 3140 sedentes
2936 3087 2989 3138 in
3031 3084 3314 3152 assignatis
3343 3083 3443 3136 sibi

1799 3218 1841 3277 ο
1875 3191 2002 3244 locis
2045 3206 2075 3242 a
2123 3185 2354 3248 clericis,
2414 3183 2599 3251 quibus
2646 3179 2925 3233 viduarum
2961 3193 3089 3230 cura
3141 3174 3444 3228 concredita

1879 3290 1989 3336 erat
2017 3295 2034 3345 ;
2067 3294 2184 3332 cum
2240 3283 2525 3336 cernerent,
2563 3273 2800 3340 inquam,
2834 3269 3029 3339 fratres
3057 3277 3294 3335 prompta
3318 3267 3446 3334 ipsis

1881 3375 2058 3428 animo
2089 3370 2464 3436 eleemosynam
2492 3380 2726 3433 erogare,
2753 3372 2858 3416 etc.
3154 3407 3164 3416 ,

1953 3462 2089 3528 Quid
2120 3460 2260 3528 quod
2293 3457 2373 3510 vel
2412 3455 2524 3523 ipsa
2554 3452 2842 3506 Athanasii
2877 3450 3130 3520 loquendi
3153 3449 3295 3504 ratio
3321 3464 3440 3502 ma-

1884 3554 2022 3608 niles
2048 3567 2077 3606 e
2103 3551 2302 3604 indicat
2327 3549 2454 3611 τοὺς
2483 3544 2785 3610 ἀνεξόδους,
2818 3543 3044 3613 perinde
3059 3553 3220 3611 atque
3237 3543 3448 3605 viduas,

1885 3646 2018 3700 nihil
2049 3643 2193 3697 aliud
2213 3657 2332 3696 esse
2362 3655 2522 3709 quam
2556 3638 2830 3692 mendicos
2858 3649 2873 3687 :
2915 3649 3038 3687 nam
3071 3634 3166 3698 ait,
3200 3633 3310 3685 Kal
3340 3632 3452 3703 γὰρ

1884 3741 1978 3794 καὶ
2011 3734 2192 3808 χηρῶν
2240 3734 2334 3787 καὶ
2389 3731 2562 3785 ἄλλων
2616 3726 2879 3794 ἀνεξὸδων
2925 3725 3197 3777 λαϐόντων
3233 3725 3455 3795 ἐλεημο-

1888 3831 2074 3902 σύνην,
2124 3827 2340 3880 ἐκέλευε
2393 3823 2460 3877 τὰ
2492 3820 2747 3891 δεδομένα
2795 3817 3212 3902 διαρπάζεσθαι,
3247 3817 3340 3870 καὶ
3384 3817 3454 3870 τὰ

1887 3898 2080 3983 ἀγγεῖα
2114 3914 2169 3965 ὲν
2203 3907 2284 3974 οἷς
2320 3910 2511 3979 ἔφερον
2550 3906 2612 3958 τὺ
2654 3905 2830 3958 ἔλαιον
2859 3905 2953 3957 καὶ
3007 3903 3098 3956 τὸν
3136 3898 3276 3955 οἶνον
3327 3919 3456 3956 κατ-

1888 4006 2451 4079 εάγεσΟαι.1Ρταιιενεα
2467 4002 2600 4055 enim
2621 4016 2734 4054 cum
2751 3999 2918 4052 vidua:
2935 3996 3209 4064 ca'terique
3230 3997 3454 4049 mendici

1887 4106 2260 4170 eleemosynam
2293 4096 2605 4163 acciperent,
2638 4090 2799 4158 jussit
2826 4105 2886 4142 ea
2910 4088 3087 4156 diripi,
3126 4104 3242 4158 qua:
3268 4103 3455 4156 eroga-

1889 4198 2101 4257 bantur,
2133 4204 2356 4256 vasaque
2403 4187 2458 4238 in
2500 4182 2688 4251 quibus
2730 4180 2898 4232 oleum
2930 4180 3208 4247 vinumque
3253 4179 3456 4245 defere-

1891 4289 2009 4342 bant
2038 4280 2322 4352 Confringi.
2343 4277 2442 4332 Ubi
2470 4275 2621 4337 illud,
2650 4273 2742 4325 καὶ
2763 4271 2935 4326 ἄλλων
2958 4269 3244 4334 ἀνεξόδων,
3276 4269 3452 4337 palam

1891 4383 2110 4448 indicat,
2143 4382 2285 4448 ipsas
2317 4375 2504 4428 viduas
2561 4371 2612 4424 in
2645 4368 2906 4432 ἀνεξόδων
2950 4382 3173 4419 numero
3209 4378 3456 4432 compre-

1891 4474 2073 4539 hendi,
2109 4471 2200 4540 qui
2230 4469 2296 4520 ad
2329 4481 2482 4520 usum
2527 4462 2830 4515 necessaria
2885 4457 3101 4511 vicatim
3142 4456 3455 4510 emendica-

195 4571 355 4626 porro
379 4557 568 4612 obitus
604 4563 740 4608 ante
773 4550 1007 4606 solutam
1041 4550 1308 4617 synodum
1341 4561 1396 4602 et
1436 4549 1614 4602 datam
1659 4564 1769 4620 syn-

1891 4567 2038 4622 bant.
2095 4554 2448 4620 similiterque
2481 4544 2758 4609 ἀνεξόδους
2823 4551 2877 4598 et
2932 4543 3122 4594 viduas
3175 4547 3453 4607 erogatum

196 4648 404 4702 odalcm
428 4645 727 4717 epistolam
760 4639 1099 4708 contigit.At
1125 4639 1268 4694 enim
1289 4640 1524 4708 synodus
1555 4649 1674 4708 post
1705 4638 1785 4692 fu-

196 4757 310 4811 gam
339 4744 685 4794 Arianorum
723 4735 884 4797 inita,
915 4734 981 4785 ad
1011 4732 1237 4786 multum
1263 4732 1522 4800 temporis
1541 4741 1785 4786 extracta

196 4829 356 4884 fuerit
387 4844 622 4885 necesse
654 4838 745 4880 est
780 4841 795 4877 :
830 4838 959 4876 nam
991 4821 1203 4874 infinita
1249 4835 1416 4889 prope
1465 4819 1660 4873 ibidem
1694 4835 1790 4873 ex-

196 4937 347 4976 cussa
382 4932 440 4976 et
461 4920 793 4977 examinata
825 4913 1014 4977 fuere,
1052 4922 1112 4965 ut
1145 4912 1196 4965 in
1227 4911 1503 4981 synodicis
1529 4909 1645 4978 cius
1673 4911 1792 4980 epi-

196 5016 343 5069 stolis
371 5016 565 5068 videre
591 5018 702 5065 est.
737 5007 878 5061 Dum
913 5005 1028 5058 haec
1059 5018 1218 5073 porro
1241 5011 1581 5074 gererentur,
1606 5000 1790 5055 Theo-

198 5105 354 5161 dulus
385 5105 663 5175 profugus
705 5099 892 5154 obiit:
929 5085 1154 5166 ejusque
1205 5098 1491 5149 descessus
1535 5095 1788 5148 nuntium

197 5199 261 5249 ad
289 5198 663 5251 Sardicenses
704 5192 927 5253 Patres,
977 5186 1206 5257 epistola
1238 5187 1496 5257 synodica
1549 5186 1789 5242 nondum

200 5293 538 5358 conscripta,
569 5285 802 5341 allatum
831 5290 940 5336 est.

637 5435 1159 5493 ANIMADVERSIO
1185 5434 1371 5490 XVIII.

565 5557 648 5612 De
669 5555 983 5626 signiﬁcatu
1012 5556 1149 5608 vocis
1181 5550 1444 5617 ἀνέξοδος.

279 5664 406 5722 Vox
453 5669 710 5737 ἁνέξοὸος
742 5667 831 5724 bis
881 5665 1120 5722 occurrit
1152 5664 1294 5734 apud
1341 5660 1700 5716 Athanasium
1739 5659 1795 5715 in

291 5833 370 5904 (α)
392 5832 454 5891 P.
475 5833 603 5890 230.
1461 5825 1533 5898 (b)
1559 5825 1617 5880 ιι.
1658 5821 1778 5878 129.

1886 4655 2062 4709 oleum
2089 4649 2142 4701 in
2183 4647 2325 4700 vasis
2345 4643 2601 4696 detulisse
2629 4638 2844 4698 dicitur,
2863 4634 3004 4702 quod
3032 4633 3096 4686 de
3136 4633 3452 4688 ineat-cera-

1888 4748 1958 4802 tis
1993 4741 2305 4808 neutiquam
2343 4731 2567 4802 intelligi
2595 4737 2790 4800 potest.
2838 4728 3022 4795 Itaque
3052 4739 3157 4776 vox
3184 4720 3453 4788 ἀνέξοδος,

1892 4839 1979 4892 hic
1997 4851 2100 4890 non
2137 4846 2199 4887 ex
2236 4826 2495 4898 particula
2534 4823 2777 4890 negativa
2807 4837 2841 4873 α
2873 4816 3085 4886 adjecto
3109 4833 3138 4869 ν
3170 4814 3456 4884 euphoniae

1894 4943 2058 4982 causa
2083 4923 2395 4984 conficitur,
2437 4927 2496 4970 ut
2541 4915 2655 4969 vult
2691 4910 3087 4973 Tillemontius,
3121 4922 3295 4978 neque
3356 4908 3453 4961 ἀν-

1897 5016 2073 5082 έξοδος
2100 5011 2387 5081 siguilical,
2426 5005 2666 5061 inclusus
2699 5013 2754 5058 et
2800 5003 3166 5056 incarceratus
3195 5015 3211 5064 ;
3241 4997 3333 5053 sed
3361 4999 3458 5050 ἀν-

1898 5106 2070 5173 έξοδος
2097 5109 2307 5158 constat
2333 5114 2396 5153 ex
2423 5097 2523 5150 ἀνά
2541 5109 2592 5150 et
2613 5095 2786 5160 ἔξοδος
2805 5111 2818 5125 ο
2845 5094 2916 5146 ita
2941 5101 2997 5146 ut
3025 5091 3260 5156 ἀνέξοδοι
3291 5091 3399 5146 sint
3423 5089 3461 5143 ii

1900 5200 1990 5267 qui
2016 5195 2118 5250 ἀνά
2144 5194 2242 5258 τὰς
2273 5191 2506 5256 ἐξόδους,
2535 5191 2591 5242 in
2626 5188 2848 5242 exitibus
2889 5187 3112 5250 viarum,
3142 5183 3332 5252 stipem
3363 5194 3459 5234 co-

1898 5298 2030 5362 gunt
2057 5297 2109 5343 et
2133 5287 2494 5342 emendicant.

2322 5367 2837 5428 ANIMADVERSIO
2894 5364 3039 5420 XIX.

1903 5474 2047 5530 Num
2098 5474 2156 5526 in
2205 5469 2440 5525 llisloria
2478 5467 2806 5520 Arianorum
2835 5462 2902 5517 ad
2934 5457 3262 5518 monachos,
3319 5449 3462 5515 τοὺς

1972 5565 2207 5635 ἄρτους,
2244 5571 2390 5616 artus
2431 5561 2534 5614 sive
2569 5557 2832 5620 membra,
2865 5550 2939 5607 vel
2961 5565 3120 5620 panes
3149 5546 3460 5614 exprimant.

1974 5633 2140 5714 Paulo
2168 5663 2286 5726 post
2312 5652 2487 5710 locum
2515 5651 2580 5705 de
2597 5662 2702 5717 quo
2731 5659 2890 5714 supra
2913 5641 3108 5712 legitur
3137 5639 3232 5708 (c),
3265 5636 3332 5688 "A
3356 5633 3465 5704 γὰρ
3520 5645 3524 5647 “

2527 5812 2597 5886 (ι)
2640 5809 2700 5866 P.
2740 5808 2864 5864 σοι.
