3990 6512
561 416 734 458 υικικ

1917 379 2452 439 PROLEGOMENA.

563 496 659 548 καὶ
681 503 1065 564 πρεσουτεροις
1096 486 1187 539 καὶ
1217 483 1478 546 διακόνοις
1505 479 1856 549 πεποιήκασι,
1887 476 1980 528 καὶ
2005 474 2119 534 πῶς

2228 485 2475 525 evocasse
2537 470 2782 533 Romam,
2841 480 3224 541 repugnantem
3274 486 3401 525 vero
3455 486 3486 525 a
3534 486 3787 529 commu-t

566 586 793 645 αὐτοὺς,
833 580 925 633 ἐπὶ
957 578 1049 631 τοῦ
1096 577 1282 640 δουκὸς
1329 576 1420 628 καὶ
1458 573 1565 625 τῶν
1592 568 1873 632 δικαστῶν,
1912 564 2118 635 ἐφυγά-

564 678 780 738 δευσαν,
801 670 1194 741 καταφέροντες
1209 671 1271 720 ὲκ
1295 667 1400 720 τῶν
1418 665 1580 717 οἴκων
1615 661 1739 722 τοὺς
1766 658 1993 718 οἰκείους
2024 654 2121 706 ab-

564 768 694 828 τῶν,
718 766 803 818 διὰ
822 762 929 816 τῶν
956 759 1293 832 στρατιωτῶν
1317 759 1409 811 καὶ
1448 755 1539 808 τοῦ
1576 750 1872 822 στρατηγοῦ
1923 751 2119 819 Γοργο-

564 858 678 911 νίου
704 858 795 909 καὶ
830 854 1058 923 πληγαῖς
1090 851 1538 909 κατακόπτοντος,
1573 843 1802 907 καὶπῶς
1834 841 2032 902 αὐτῶν,
2062 839 2122 892 τό

566 967 629 1018 γε
673 950 884 1001 πάντων
914 946 1210 1016 ὠμότερον,
1254 943 1348 995 κα)⁸
1388 940 1493 993 τῶν
1522 939 1619 1010 ἤδη
1668 934 2122 1003 τετελευτηκότων

566 1039 691 1100 τοὺς
724 1037 920 1106 ἄρτους
961 1034 1075 1105 μεθ’
1110 1035 1240 1103 ὅσης
1266 1031 1476 1102 ὕϐρεως
1499 1029 1827 1099 διήρπασαν.
1858 1024 1956 1075 οὐκ
1977 1022 2122 1074 ἐστιν

566 1130 685 1183 οὐδὲ
708 1129 849 1197 λόχῳ
874 1128 1099 1197 φράσαι,
1132 1125 1366 1194 νικώσης
1389 1122 1485 1191 τῆς
1513 1118 1788 1188 ὠμότητος
1807 1112 1982 1166 αὐτῶν
2026 1113 2121 1182 τὴν

569 1225 633 1275 ὲκ
660 1219 767 1272 τῶν
806 1219 975 1287 λόγων
1005 1219 1279 1289 διήγησιν·
1308 1231 1465 1283 quem
1500 1214 1669 1264 Ineunt
1716 1207 1793 1260 sic
1833 1219 1929 1259 nos
1961 1206 2121 1257 verti-

567 1330 689 1369 mus
739 1332 751 1367 :
804 1314 1079 1365 Enimvero
1123 1324 1237 1377 qua:
1283 1308 1340 1359 in
1396 1309 1717 1373 presbyteros
1779 1304 2124 1367 diaconosque

564 1414 924 1473 perpetrarunt
956 1418 973 1455 :
1002 1417 1103 1471 quo
1130 1408 1281 1465 pacto
1312 1396 1431 1449 illos
1471 1395 1619 1446 ducis
1652 1394 1991 1462 judicumque
2022 1406 2121 1442 au-

565 1498 806 1549 ctoritate
840 1498 893 1546 in
932 1494 1108 1561 fugam
1142 1488 1410 1546 verterint,
1440 1494 1486 1537 et
1520 1484 1692 1553 affines
1722 1483 2123 1547 domesticosque

565 1588 779 1641 illorum
814 1583 1055 1637 domibus
1085 1578 1448 1639 deturbarint;
1482 1574 1704 1627 militum
1728 1571 1923 1625 scilicet
1946 1585 2120 1636 opera,

565 1675 916 1746 Gorgoniique
946 1674 1115 1733 ducis,
1162 1671 1249 1739 qui
1300 1667 1468 1736 plagis
1518 1681 1603 1717 eos
1648 1663 1983 1721 lancinabat;
2022 1673 2122 1724 quo

564 1778 739 1837 pacto,
766 1767 979 1819 illorum
1012 1764 1141 1830 (rem
1178 1776 1302 1813 sane
1336 1752 1793 1823 crudelissimam),
1823 1765 2118 1818 eorumque,

563 1860 654 1925 qui
673 1859 787 1927 jam
825 1857 1082 1917 obierant,
1114 1868 1296 1921 panes,
1326 1858 1622 1919 quantaque
1648 1842 1963 1897 contumelia
1989 1840 2121 1891 diri-

565 1951 794 2019 puerint,
828 1962 1150 2018 nequaquam
1178 1944 1341 1997 verbis
1391 1938 1657 1994 enuntiari
1689 1946 1851 2003 potest
1888 1949 1906 1986 :
1945 1949 2123 1986 eorum

564 2045 751 2111 quippe
790 2039 1068 2094 crudelitas
1109 2051 1310 2090 omnem
1354 2032 1639 2088 enarrandi
1682 2030 1988 2099 facultatem
2036 2044 2125 2079 su-

564 2144 731 2205 perat.
758 2132 834 2187 lbi
864 2131 1121 2193 Nannius,
1152 2129 1277 2191 τοὺς
1306 2127 1523 2197 ἄρτους.
1547 2122 1738 2177 Latine
1765 2121 1941 2183 vertit,
1977 2128 2123 2172 artus

565 2229 683 2283 sive
740 2226 983 2281 membra
1024 2241 1039 2279 :
1084 2238 1243 2291 qualn
1291 2220 1566 2283 amplexus
1619 2214 2123 2284 interpretationem

508 2330 513 2349 ‘
565 2327 651 2374 est
692 2315 1058 2380 Hermantins,
1100 2324 1155 2369 et
1188 2320 1307 2382 post
1347 2326 1468 2364 eum
1500 2308 1875 2362 Tillemontius
1900 2307 1999 2374 (a),
2026 2305 2126 2357 hoc

571 2410 683 2464 nixi
713 2415 1031 2479 argumento
1063 2428 1075 2460 ;
1113 2406 1196 2458 An
1236 2414 1517 2472 postquam
1560 2399 1747 2453 Ariani
1792 2412 1895 2451 non
1927 2409 2125 2464 paucos

567 2509 881 2568 enecarunt,
934 2512 1030 2568 pro
1074 2512 1134 2551 re
1162 2496 1401 2550 omnium
1434 2492 1800 2546 crudelissima
1846 2491 2122 2554 habeatur,

565 2593 612 2649 si
642 2607 827 2648 eorum
868 2605 1032 2660 panes
1066 2587 1352 2655 diripiant?
1386 2601 1563 2639 nonne
1609 2584 1675 2636 ad
1708 2598 1817 2636 rem
1848 2581 2022 2650 aptius
2049 2582 2127 2633 di-

567 2693 742 2747 catur,
779 2680 1078 2735 homicidas
1111 2679 1230 2732 illos
1270 2693 1335 2731 eo
1383 2671 1713 2729 crudelitatis
1740 2673 2036 2736 devenisse,
2070 2680 2128 2725 ut

567 2784 719 2829 artus
748 2773 862 2827 sive
891 2773 1127 2830 membra
1162 2783 1423 2823 etesorum
1449 2764 1852 2834 discerperent?
1887 2762 2003 2817 Non
2032 2763 2127 2816 ad-

564 2875 861 2927 vertentes,
908 2878 1015 2918 non
1047 2871 1380 2915 mortuorum
1430 2859 1587 2912 modo
1626 2858 1749 2920 τοὺς
1776 2856 1991 2927 ἄρτους,
2033 2853 2124 2908 sed

566 2957 730 3012 etiam
776 2956 1020 3009 vivorum
1047 2963 1101 3007 et
1133 2951 1477 3023 profugorum
1509 2952 1745 3019 direptos
1772 2951 1953 3013 fuisse,
1986 2950 2128 3019 quod

566 3050 633 3102 de
670 3048 896 3101 artubus
926 3055 981 3100 et
1010 3044 1266 3099 membris
1309 3044 1415 3098 dici
1464 3052 1712 3111 nequeat.
1762 3042 1850 3095 Sic
1880 3041 2039 3095 etiam
2074 3040 2125 3093 in

563 3139 821 3209 Apologia
872 3139 934 3191 de
986 3137 1114 3207 fuga
1163 3137 1301 3189 inter
1354 3135 1676 3188 Arianorum
1733 3133 1971 3189 facinora
2029 3133 2198 3199 hocc

563 3232 891 3293 enuntiatur,
944 3227 1220 3299 Ὀρφανῶν
1251 3226 1345 3279 καὶ
1384 3226 1569 3297 χηρῶν
1616 3222 1919 3295 ἡρπάζοντο
1964 3225 2131 3277 οἰκίαι

564 3321 659 3374 καὶ¹
682 3320 862 3391 ἄρτος,
887 3319 939 3373 id
968 3328 1049 3372 est
1074 3337 1089 3373 :
1118 3318 1481 3380 Orphanorum
1518 3317 1895 3387 viduarumque
1944 3319 2128 3370 domus

564 3422 613 3465 et
672 3429 832 3480 panes
880 3412 1300 3477 diripiebantur;
1352 3424 1456 3462 non
1503 3419 1717 3472 autem,
1766 3407 2130 3476 discerpeban-

566 3511 654 3553 tur
691 3511 837 3553 artus
882 3511 928 3552 et
973 3501 1135 3552 domi.
1190 3499 1298 3553 Etsi
1350 3499 1490 3551 enim
1544 3500 1883 3567 impetratum
1921 3514 1950 3551 a
2003 3514 2131 3552 con-

563 3592 849 3647 suetudine
879 3591 1061 3655 fuerit,
1089 3602 1149 3645 ut
1181 3591 1384 3645 Latinze
1413 3593 1653 3658 quaedam
1682 3606 1841 3645 voces
1873 3606 1901 3643 a
1930 3591 2130 3645 Gracis

566 3683 657 3737 illo
698 3698 813 3736 aevo
842 3692 1249 3752 usurparentur,
1279 3693 1334 3735 ut
1363 3683 1729 3754 δουκηνάριος,
1764 3682 2029 3753 ὲξὰκτωρ.
2077 3694 2129 3737 et

567 3772 687 3826 aliae
732 3773 783 3825 id
813 3786 1019 3840 genus;
1050 3783 1104 3825 at
1138 3787 1411 3839 nunquam
1443 3772 1625 3846 ἄρτος,
1661 3784 1753 3827 aut
1785 3776 1986 3828 similes
2020 3784 2123 3827 tam

565 3861 816 3931 vulgares
853 3870 907 3914 et
939 3859 1234 3914 familiares
1267 3862 1455 3915 eodem
1489 3878 1586 3917 usu
1616 3864 1798 3917 venire
1825 3865 2127 3932 deprehen-

565 3950 687 4015 das,
714 3965 834 4004 cnm
877 3952 1109 4003 maxime
1148 3952 1327 4024 ἄρτος,
1367 3953 1410 4006 si
1441 3968 1536 4021 pro
1581 3954 1769 4008 Latina
1804 3970 1932 4009 voce
1979 3966 2125 4008 artus

566 4051 880 4110 usurpetur,
902 4042 1347 4112 ampltibologiam
1394 4046 1586 4112 pariat.
1614 4044 1766 4112 Quod
1815 4048 2004 4100 dicunt
2031 4063 2126 4098 au-

567 4142 676 4188 tem
708 4148 817 4186 non
846 4149 1071 4188 summre
1097 4136 1426 4190 crudelitatis
1457 4137 1648 4201 videri,
1672 4140 1715 4192 si
1742 4154 2002 4193 cursorum
2031 4153 2125 4206 pa-

568 4237 665 4277 nes
709 4223 1050 4292 diripiantur,
1104 4225 1154 4277 id
1208 4225 1358 4280 nihili
1414 4236 1497 4281 est
1544 4245 1557 4281 :
1603 4244 1725 4282 nam
1770 4241 2123 4298 praeterquam

568 4316 710 4382 quod
747 4327 851 4366 non
884 4313 1251 4368 defunctorum
1285 4326 1486 4369 tantum
1521 4332 1685 4387 panes
1718 4321 1909 4389 direpti
1939 4322 2125 4375 lerun-

569 4416 658 4459 tur
688 4405 902 4471 ibidem,
930 4407 1023 4460 sed
1054 4408 1216 4460 etiam
1242 4408 1481 4462 vivorum
1518 4420 1572 4463 et
1606 4410 1948 4480 profugornm
1977 4429 1990 4476 ;
2024 4427 2125 4465 cae-

567 4499 696 4551 dere
721 4496 934 4564 quidem
984 4508 1037 4551 et
1062 4497 1362 4563 lancinare,
1391 4508 1573 4568 utpote
1605 4501 1786 4570 specie
1819 4501 2008 4556 saltem
2037 4502 2124 4572 ju-

569 4589 735 4643 ridice
773 4587 1057 4654 iullictum,
1103 4589 1316 4645 defendi
1362 4600 1539 4660 potest
1585 4607 1600 4644 :
1646 4607 1810 4660 panes
1855 4603 2032 4648 autem
2071 4604 2127 4647 et

569 4683 755 4735 domos
784 4696 1043 4735 caesorum
1090 4682 1346 4751 diripere,
1376 4697 1602 4735 summa:
1629 4683 1964 4737 crudelitatis
1993 4693 2075 4737 est
2107 4700 2122 4736 :

568 4772 693 4841 quia
728 4787 793 4826 ex
846 4787 994 4827 mera
1040 4773 1325 4839 violentia,
1362 4789 1463 4829 nec
1513 4790 1579 4828 ex
1626 4774 1868 4843 judicum
1905 4777 2123 4830 decreto

571 4863 687 4917 ﬁeri
730 4871 930 4928 potest.

1007 5009 1220 5065 ANIMA
1231 5010 1520 5068 DVERSIO
1563 5011 1682 5067 XX.

640 5149 723 5203 An
756 5146 949 5202 Liberii
971 5160 1154 5202 contra
1184 5150 1529 5202 Athanasium
1559 5147 1778 5201 eoistola
1810 5164 2057 5215 germana

1208 5230 1300 5281 stt,
1327 5234 1504 5271 necne.

644 5360 698 5417 lu
728 5361 1061 5429 Fragmentis
1102 5360 1294 5415 Hilarii
1326 5359 1400 5429 (b)
1444 5359 1635 5428 legitur
1669 5357 1867 5411 Libet-ii
1917 5358 2128 5413 nomine

570 5455 793 5523 epistola
845 5455 911 5507 ad
957 5453 1292 5515 Orientales,
1346 5466 1453 5520 qua
1507 5451 1825 5503 testiﬁcatur
1878 5450 2126 5504 Liberius

570 5560 633 5600 se
700 5543 1056 5596 Athanasium
1128 5555 1349 5596 causam
1416 5541 1683 5595 dicturum
1755 5554 1852 5610 per
1916 5541 2121 5610 legatos

2222 565 2378 617 uione
2417 563 2671 616 Romana:
2706 564 2959 617 Ecclesiae
2988 565 3217 615 alienum
3252 564 3576 617 declarasse.
3617 560 3781 614 Juvat

2220 670 2380 723 porro
2416 655 2722 724 epistolam,
2761 670 2879 719 qum
2906 656 3181 725 perbrevis
3213 665 3315 714 est,
3352 655 3436 709 hic
3465 655 3774 717 ascribere;

2223 755 2279 798 ttt
2321 745 2617 813 expeditior
2655 748 2727 800 sit
2757 746 2873 816 ejus
2936 748 3018 799 vel
3055 747 3261 801 tuenda:
3292 746 3373 801 vel
3435 747 3782 815 repudianda:

2222 838 2467 890 facultas.

2222 1004 2598 1044 DILECTISSIHIS
2668 1007 2964 1060 FBATBIBUS
3031 1006 3100 1044 ET
3162 1006 3492 1045 CllEI‘IS'COPIS
3558 1006 3782 1045 N0~TRIS

2290 1072 2562 1112 UNIVERSIS
2618 1077 2715 1113 PER
2774 1076 3045 1114 ()RIENTEM
3103 1075 3472 1120 οοΝδτιτυτις,
3535 1075 3781 1116 LIBERIUS

2290 1145 2443 1183 UBBIS
2487 1145 2643 1184 BCME
2682 1146 2963 1186 EPISCUPUS
3000 1146 3265 1184 ETERNAM
3295 1146 3564 1185 SALUTEM.

2291 1281 2517 1337 Studens
2568 1287 2682 1351 paci
2732 1296 2780 1339 et
2828 1287 3119 1339 concordiae
3166 1287 3548 1354 Ecclesiarum,
3576 1301 3785 1357 postea-

2219 1389 2375 1441 quam
2408 1373 2611 1428 litteras
2638 1377 2915 1429 charitatis
2955 1373 3140 1432 vestra:
3168 1381 3232 1431 de
3272 1380 3478 1432 nomine
3498 1382 3783 1434 Athanasii

2221 1477 2265 1516 et
2297 1476 2602 1518 cwterorum
2632 1466 2801 1532 [actas
2830 1469 2897 1519 ad
2930 1485 3111 1521 nomen
3151 1468 3285 1522 Julii
3317 1471 3464 1524 bona:
3518 1474 3784 1526 memorie:

2222 1553 2443 1621 episcopi
2472 1554 2682 1619 accepi;
2714 1565 2922 1607 secutus
2970 1557 3303 1610 traditionem
3346 1558 3633 1627 majorum,
3665 1576 3786 1626 pre-

2221 1647 2448 1714 sbyteros
2490 1645 2632 1697 urbis
2666 1643 2845 1699 Roma:
2869 1645 3368 1723 LucinmkPaulum
3412 1659 3462 1701 et
3497 1648 3788 1705 Helianum

2222 1752 2249 1788 e
2277 1738 2436 1788 latere
2470 1752 2580 1788 meo
2608 1736 2675 1787 ad
2708 1735 3085 1790 Alexandriam
3113 1742 3179 1790 ad
3220 1739 3581 1805 supradictum
3618 1740 3790 1793 Atha-

2222 1829 2427 1879 nasium
2459 1827 2649 1892 direxi,
2682 1836 2735 1878 ut
2787 1828 2854 1878 ad
2890 1829 3066 1880 urbem
3094 1826 3313 1881 Romam
3342 1831 3536 1884 veniret
3566 1842 3587 1882 :
3627 1840 3687 1883 ut
3732 1839 3789 1888 in

2221 1918 2465 1987 p'wsenti
2521 1916 2611 1978 id,”
2648 1918 2784 1984 quod
2829 1916 3076 1971 Ecclesia:
3134 1919 3419 1986 disciplina
3473 1922 3703 1988 exstitit,
3734 1928 3791 1977 in

2222 1994 2336 2061 eum
2368 2017 2702 2061 statueretur.
2751 2007 2972 2061 Litteras
3002 2009 3159 2061 etiam
3198 2010 3265 2061 ad
3304 2012 3539 2063 eumdem
3577 2028 3673 2077 per
3701 2030 3789 2065 su-

2222 2100 2486 2169 pradictas
2553 2101 2876 2167 presbyteros
2938 2100 3093 2164 dedi,
3157 2102 3340 2170 quibus
3392 2102 3787 2165 continebatur,

2222 2191 2359 2259 quod
2402 2192 2447 2241 si
2500 2205 2601 2242 non
2657 2191 2890 2252 veniret,
2939 2192 3091 2243 sciret
3155 2206 3208 2243 se
3265 2192 3497 2245 alienum
3551 2211 3665 2249 esse
3723 2198 3789 2249 ab

2226 2281 2473 2333 Ecclesia:
2504 2279 2753 2332 Romana:
2787 2283 3166 2335 communione.
3203 2282 3413 2337 Reversi
3474 2286 3644 2355 igitur
3669 2304 3793 2357 pre-

2225 2373 2416 2441 sbyteri
2469 2372 2831 2424 nuntiaverunt
2878 2389 2995 2425 eum
3046 2377 3216 2427 venire
3266 2375 3514 2431 noluisse.
3565 2377 3792 2434 Secutus

2226 2465 2442 2533 denique
2475 2464 2677 2515 litteras
2722 2464 2994 2517 cltaritatis
3036 2475 3251 2531 vestraz,
3299 2483 3430 2537 quas
3472 2468 3538 2522 de
3582 2472 3795 2523 nomine

2226 2556 2514 2623 supradicti
2534 2556 2811 2608 Athanasii
2842 2556 2909 2607 ad
2939 2572 3031 2609 nos
3058 2557 3293 2622 dedistis,
3326 2560 3505 2613 sciatis
3536 2561 3621 2614 his
3645 2561 3793 2615 litte-

2228 2648 2319 2706 ris,
2355 2661 2482 2712 quas
2524 2645 2593 2697 ad
2634 2646 3031 2699 unanimitatem
3082 2659 3311 2702 nostram
3355 2651 3499 2715 dedi,
3540 2668 3624 2704 me
3675 2669 3795 2705 cum

2227 2736 2466 2787 omnibus
2507 2735 2667 2798 vobis,
2699 2742 2751 2785 et
2792 2751 2908 2787 cum
2956 2738 3208 2791 universis
3234 2740 3486 2809 episcopis
3533 2741 3795 2797 Ecclesia:

2227 2826 2498 2879 catholica:
2535 2842 2712 2894 pacem
2745 2827 2928 2881 habere
2960 2844 2979 2880 :
3017 2831 3373 2898 supradictum
3409 2842 3582 2886 autem
3628 2834 3798 2887 Atha-

2229 2921 2439 2973 nasium
2465 2921 2691 2973 alienum
2725 2938 2832 2975 esse
2862 2939 2892 2973 a
2917 2924 3275 2977 communione
3298 2942 3435 2988 mea,
3468 2928 3574 2980 sive
3611 2925 3801 2979 Eccle-

2230 3014 2328 3067 sia:
2362 3011 2630 3078 Romanaz,
2675 3022 2722 3066 et
2773 3016 3037 3067 consortio
3081 3015 3371 3069 litterarum
3409 3018 3801 3071 ecclesiastica-

2232 3122 2366 3158 rum.

2302 3192 2397 3247 llis
2423 3193 2696 3264 subiungit
2732 3193 2965 3248 Hilarius
3007 3212 3021 3249 :

2303 3284 2444 3349 Quid
2483 3286 2536 3337 in
2575 3284 2655 3337 Itis
2694 3285 2882 3337 litteris
2927 3301 3029 3337 non
3066 3286 3385 3350 sanctitatis,
3426 3287 3555 3356 quid
3597 3304 3703 3341 non
3735 3305 3805 3343 επ

2231 3389 2367 3429 metu
2406 3376 2504 3430 Dei
2537 3378 2770 3431 eveniens
2820 3378 2941 3431 est?
2974 3378 3075 3431 Sed
3108 3377 3380 3433 Potamius
3412 3390 3460 3433 et
3496 3378 3801 3449 Epictetus,

2230 3468 2351 3519 dum
2421 3469 2671 3520 damnare
2734 3470 2878 3521 urbis
2932 3468 3113 3522 Romae
3177 3471 3475 3538 episcopum
3543 3474 3803 3541 gaudent,

2229 3556 2363 3607 sicut
2410 3556 2465 3607 in
2499 3554 2819 3608 Ariminensi
2870 3559 3067 3626 synodo
3117 3558 3434 3622 continetur,
3470 3562 3662 3616 audire
3688 3564 3805 3615 lucc

2232 3646 2531 3699 noluerunt.
2564 3645 2859 3711 Quinetiam
2906 3647 3323 3701 Fortunatianus
3366 3651 3641 3720 episcopus
3689 3655 3805 3720 epi-

2235 3736 2427 3789 stolam
2460 3738 2691 3789 eamdem
2728 3755 2938 3791 rursum
2990 3740 3208 3792 dirersis
3260 3741 3509 3807 episc0pis
3560 3744 3807 3808 mittens,

2231 3826 2361 3877 nihil
2393 3827 2634 3893 profecit.
2677 3826 2743 3880 Ut
2792 3838 2962 3881 autem
3010 3829 3063 3881 in
3102 3840 3287 3898 negata
3316 3829 3607 3882 Athanasio
3657 3848 3806 3884 rom-

2228 3916 2479 3968 munione
2538 3917 2634 3969 sibi
2698 3919 2871 3985 potius
2928 3928 3094 3971 essent
3139 3921 3368 3983 onerosi,
3420 3937 3631 3989 remque
3684 3940 3806 3975 om—

2229 4020 2343 4056 nem
2395 4006 2496 4058 sibi
2536 4008 2752 4075 periculi
2792 4008 3057 4076 facerent,
3111 4009 3394 4062 dummodo
3439 4013 3572 4064 nihil
3609 4012 3809 4067 Sardi-

2229 4095 2367 4147 censi
2420 4100 2635 4164 synodo,
2686 4114 2788 4166 qua
2836 4098 3159 4151 Athanasius
3200 4098 3467 4152 absolutus
3514 4112 3561 4153 et
3612 4103 3805 4155 Ariani

2235 4186 2473 4239 damnati
2517 4186 2757 4254 fuerant,
2803 4188 3170 4256 decerperent;
3225 4188 3411 4240 litterte
3454 4203 3526 4241 ea:
3563 4188 3806 4260 Egypto

2229 4278 2371 4330 omni
2406 4287 2560 4346 atque
2594 4279 2657 4329 ab
2692 4277 3011 4331 Alexandria
3038 4280 3210 4331 missa:
3239 4280 3591 4333 admonebant
3618 4296 3637 4333 :
3667 4297 3809 4350 quo-

2230 4369 2372 4420 niam
2399 4369 2576 4436 quales
2600 4368 2668 4419 ad
2693 4366 2897 4420 Iulium
2923 4369 3123 4436 pridem
3152 4369 3216 4421 de
3240 4371 3504 4422 reddenda
3527 4374 3808 4425 exsulanti

2156 4469 2200 4522 D
2227 4461 2512 4513 Athanasio
2551 4460 2910 4513 communione
2944 4469 3092 4512 erant
3126 4461 3352 4527 scriptas,
3392 4461 3521 4515 tales
3554 4479 3718 4528 nunc,
3743 4472 3808 4517 ut

2229 4550 2293 4601 de
2321 4548 2564 4616 subjectis
2604 4548 2948 4617 intelligetur,
2979 4551 3046 4603 ad
3088 4549 3352 4604 Liberium
3383 4553 3525 4606 data:
3564 4566 3690 4608 sunt
3737 4557 3809 4609 de

2229 4638 2443 4692 tuenda.

2288 4728 2436 4782 Hanc
2484 4727 2683 4783 Liberii
2732 4728 3011 4798 epistolam
3052 4745 3173 4784 cum
3220 4730 3392 4785 nostri
3450 4732 3503 4786 in
3556 4734 3808 4791 editione

2233 4819 2291 4873 S.
2321 4818 2527 4884 Hilarii,
2552 4830 2661 4873 tum
2683 4835 2779 4873 nos
2806 4830 2861 4873 ut
2891 4821 3286 4888 supposititiam
3316 4822 3626 4879 habuimus.
3656 4825 3800 4880 Nam

2228 4914 2410 4965 statim
2440 4928 2469 4965 a
2510 4924 2682 4966 morte
2718 4913 2843 4966 Julii
2893 4928 3067 4982 papae,
3095 4925 3150 4967 et
3200 4916 3416 4969 ineunte
3444 4916 3650 4973 Liberii
3687 4922 3808 4989 epi-

2231 5011 2452 5069 sc0patu
2497 5003 2621 5054 data
2666 5003 2863 5056 dicitur
2908 5020 2921 5055 :
2968 5004 3087 5055 iniit
3134 5013 3309 5057 autem
3353 5005 3605 5062 Liberius
3656 5025 3806 5064 anno

2229 5091 2355 5145 552.
2383 5092 2453 5144 At
2480 5092 2817 5160 esploratum
2848 5102 2930 5146 est
2958 5093 3235 5161 utriusque
3281 5098 3547 5165 praesulis,
3595 5099 3804 5155 Liberii

2230 5193 2283 5236 et
2328 5184 2631 5248 Athanasii,
2670 5185 3016 5251 testimoniis,
3065 5188 3272 5240 nonnisi
3322 5205 3461 5242 anno
3500 5190 3606 5243 357
3642 5191 3809 5248 Libe-

2236 5275 2395 5340 rium,
2428 5276 2586 5329 ttedio
2619 5278 2791 5330 exsilii
2839 5278 3091 5344 fractum,
3119 5280 3187 5333 ab
3228 5280 3509 5334 Athanasii
3554 5299 3810 5338 commu-

2235 5366 2395 5419 nione
2462 5368 2779 5424 recessisse.
2827 5369 2892 5422 Et
2942 5371 3159 5438 quidem
3208 5370 3273 5424 de
3321 5381 3432 5424 toto
3486 5372 3580 5428 illo
3625 5376 3807 5443 spatio

2232 5457 2376 5525 quod
2408 5456 2475 5510 ab
2498 5473 2637 5511 anno
2654 5460 2781 5523 555,
2805 5475 2909 5528 quo
2938 5460 3184 5517 Liberius
3210 5464 3469 5533 synodum
3505 5480 3605 5533 pro
3636 5481 3804 5522 causa

2240 5548 2523 5603 Athanasii
2575 5551 2883 5619 postulavit,
2915 5553 2980 5607 ad
3024 5553 3126 5608 557
3159 5554 3491 5620 intercurrit,
3528 5556 3673 5610 nulla
3706 5572 3807 5627 po-

642 5724 719 5793 (a)
758 5720 1062 5797 Tillemon},
1102 5722 1196 5783 Vie
1245 5723 1311 5778 de
1336 5724 1394 5779 S.
1422 5724 1710 5791 Athanase,
1744 5736 1844 5782 art.
1875 5728 1962 5797 7G,
2002 5737 2054 5783 et
2079 5727 2126 5783 la
2160 5740 2267 5785 not.
2304 5733 2391 5789 7t.

642 5786 716 5863 (ὁ)
752 5792 865 5847 Col.
892 5786 1049 5849 1527.
