3990 6564
1161 405 1253 471 ὐΕ
1299 419 1458 474 VITA
1500 417 1586 474 ET
1627 414 1940 472 SCRlPTIS
1980 415 2018 470 S
2073 414 2463 470 ATHANASII.

3242 436 3441 478 CI.X\\’I

166 535 243 582 test
263 526 394 582 oriri
449 536 909 602 controversia,
953 550 1071 588 cum
1111 545 1318 588 certum
1365 538 1435 588 sit
1485 519 1632 587 illum
1668 550 1764 603 per
1795 539 1835 593 Λ
1869 548 2011 585 mum
2052 533 2410 586 reluctantem
2457 533 2815 587 Athanasium
2847 551 2876 588 a
2920 540 3299 592 c0mntttnionn
3342 558 3438 593 sua

162 620 198 674 id
222 619 479 688 temporis
509 639 628 678 nec
657 624 859 680 officio
885 639 984 680 nec
1009 626 1303 679 Athanasio
1325 625 1560 679 defuisse
1587 641 1600 676 ε
1623 625 1763 693 quod

165 723 301 764 autem
354 726 461 766 nee
513 728 689 766 anno
727 716 849 769 552
880 726 988 784 quo
1037 715 1148 768 iniit
1190 715 1591 781 episcopatum.
1619 727 1761 783 P'm'

169 814 396 857 maturam
461 804 624 858 hanc
665 807 982 860 Athanasii
1050 807 1451 859 damnationem
1502 806 1764 868 emiserit,

172 895 277 949 haud
305 897 488 950 minus
537 909 919 966 compertum
956 915 969 951 :
1024 900 1133 965 ipse
1179 898 1378 968 quippe
1425 896 1674 951 Liberius
1712 897 1762 949 in

173 989 361 1060 cpistola
387 990 456 1044 ad
482 991 906 1047 Constantium
932 1009 1072 1047 anno
1087 993 1211 1059 554,
1233 994 1317 1047 vel
1348 994 1585 1058 circiter,
1617 995 1763 1055 data,

178 1081 226 1134 de
259 1079 632 1135 Orientalium
685 1083 950 1152 epistolis
985 1093 1170 1136 contra
1201 1083 1555 1137 Athanasium
1605 1084 1672 1136 ad
1707 1099 1765 1136 se

185 1173 331 1225 missis
361 1171 491 1224 talia
527 1171 694 1226 fatur
719 1189 736 1225 :
766 1173 877 1240 Qui
904 1174 1061 1242 ﬁdem
1090 1185 1135 1226 et
1163 1176 1468 1228 sententiam
1503 1192 1603 1229 non
1627 1191 1760 1228 com.

183 1263 471 1315 traducimus
516 1276 776 1316 nostram
799 1305 814 1327 ,
849 1266 992 1334 quod
1029 1266 1207 1319 eodem
1243 1276 1472 1326 tempore
1496 1267 1762 1334 octoginta

185 1356 513 1420 episcoporum
568 1353 971 1424 Egyptlorum
1024 1357 1088 1416 de
1136 1357 1430 1409 Athanasio
1499 1355 1762 1412 sententia

186 1444 502 1512 repugnabat.
533 1480 549 1496 .
579 1481 598 1499 .
624 1485 639 1498 .
675 1485 692 1499 .
724 1448 870 1499 unde
898 1457 1078 1499 contra
1117 1447 1350 1501 divinam
1389 1448 1550 1514 legem
1599 1449 1762 1500 visum

187 1544 266 1596 est,
289 1534 441 1586 etiam
476 1550 603 1587 cum
657 1536 1039 1602 episcoporum
1070 1553 1317 1590 numerus
1349 1551 1444 1601 pro
1472 1536 1764 1588 Athanasio

186 1628 334 1694 major
374 1628 686 1689 exsisteret,
732 1628 790 1679 in
839 1637 990 1694 parte
1035 1626 1213 1696 aliqua
1260 1627 1595 1679 commodare
1641 1642 1766 1678 con-

185 1731 386 1768 sensum.
422 1714 587 1780 Quod
619 1715 743 1783 qui,
790 1716 1009 1778 amabo,
1062 1717 1243 1770 dicere
1270 1716 1556 1787 potuisset,
1586 1716 1628 1768 si
1652 1715 1764 1784 jam

188 1806 328 1859 misSa
357 1807 423 1858 ad
453 1807 841 1861 Athanasium
879 1806 1169 1876 legatione,
1206 1807 1352 1860 illum
1397 1807 1500 1862 iter
1536 1803 1760 1860 Romam

187 1897 560 1951 detrectantem
591 1896 844 1950 alienum
887 1912 918 1950 a
956 1898 1344 1952 communione
1382 1913 1476 1965 sua
1505 1892 1764 1953 dixisset?

184 1985 251 2038 Ad
282 1985 392 2037 lucc
427 1998 563 2036 vero
593 1999 724 2038 cum
751 1984 966 2038 fractus
998 1987 1252 2040 :erumnis
1275 1986 1526 2041 Liberius
1551 2003 1608 2041 se
1640 2002 1762 2056 pur»

185 2082 344 2142 gatum
373 2073 597 2128 Arianis
644 2088 770 2130 esse
803 2085 1055 2144 cuperet,
1097 2092 1394 2146 eorumque
1423 2081 1764 2134 communio-

187 2178 292 2218 nem
322 2172 632 2234 expeteret,
673 2165 728 2219 in
769 2167 998 2236 epistola
1043 2182 1139 2222 sua
1176 2169 1242 2222 ad
1271 2168 1578 2225 Orientales
1621 2188 1764 2226 anno

184 2258 271 2312 357
318 2259 430 2313 bzec
482 2259 564 2313 ait
611 2278 624 2313 :
676 2259 791 2330 Ego
825 2261 1178 2316 Athanasium
1218 2279 1320 2316 non
1363 2263 1588 2331 defendo
1620 2278 1640 2316 :
1672 2267 1762 2319 sed

185 2349 296 2416 quia
338 2357 646 2416 susceperat
673 2365 796 2402 eum
831 2350 980 2402 bona
1013 2353 1279 2404 memoria:
1317 2351 1494 2404 Julius
1525 2353 1764 2406 decessor

184 2454 333 2500 meus,
365 2440 586 2492 rerebar
616 2455 682 2493 ne
714 2439 854 2508 forte
890 2442 955 2492 ab
1001 2441 1180 2509 aliquo
1207 2443 1584 2505 rrwvaricator
1605 2443 1760 2511 judi-

186 2543 342 2580 carer.
368 2529 432 2580 At
465 2529 557 2580 ubi
594 2529 851 2597 cognovi,
872 2531 1088 2597 quando
1117 2529 1234 2583 Deo.
1255 2531 1475 2600 placuit,
1505 2532 1648 2599 juste
1674 2549 1760 2586 vos

186 2617 320 2669 illam
343 2619 753 2683 condemnasse,
789 2605 914 2672 mea:
941 2636 1249 2673 consensum
1285 2624 1608 2676 commodavi
1644 2640 1762 2676 sen-

185 2708 343 2761 tentiis
394 2713 582 2762 vestris
626 2725 645 2762 :
686 2710 996 2780 litterasque
1054 2728 1211 2778 super
1263 2713 1469 2766 nomine
1511 2715 1624 2782 ejus
1669 2731 1761 2783 per

185 2796 383 2865 fratrem
439 2810 687 2853 nostrum
728 2798 1185 2853 Fortunatianum
1238 2803 1380 2867 dedi,
1421 2804 1759 2872 perferendas

184 2887 244 2938 ad
282 2889 653 2955 imperatorem
692 2889 1087 2943 Constantium.
1145 2890 1280 2944 lliuc
1333 2891 1491 2958 plane
1551 2894 1761 2962 perspi-

183 2991 328 3031 cuum
358 2987 441 3032 est
479 2978 767 3036 Liberium
815 2995 922 3034 non
967 2989 1093 3034 ante
1138 2982 1498 3036 Athanasium
1538 2999 1565 3034 a
1601 2997 1756 3036 com-

185 3068 426 3123 munione
478 3070 812 3133 removisse,
849 3083 1012 3137 quam
1055 3069 1266 3126 litteras
1305 3086 1366 3126 ea
1401 3071 1468 3124 de
1500 3086 1658 3125 causa
1690 3071 1756 3124 ad

1872 626 2150 692 repuleril,
2180 626 2320 693 quod
2357 627 2408 678 in
2441 636 2651 694 tempus
2677 626 2884 694 rejicias
2912 629 3056 680 illam
3081 629 3442 696 ΑιμιῘΙϐίοιιειδι

1867 717 2056 786 synodi
2103 716 2452 770 indietionem
2488 737 2500 770 :
2537 717 2801 786 siquidem
2840 733 2983 772 anno
3029 720 3155 779 555.
3187 721 3439 777 Liberius

1867 809 1964 870 ait,
2014 807 2332 876 jamdudum
2388 809 2789 874 Aquileiensem
2854 810 3119 878 synodum
3177 811 3438 864 indictam

1869 897 2032 950 fuisse
2067 912 2162 964 pro
2195 911 2353 949 causa
2402 897 2680 950 Athanasii
2717 899 3076 950 cxaminanla
3118 917 3132 951 :
3165 913 3302 966 pune
3350 899 3438 951 ἰσι-

1867 985 2064 1040 dictam
2109 984 2277 1039 fuisse
2313 987 2413 1040 sub
2461 985 2619 1039 linem
2669 987 2794 1039 anni
2845 987 2971 1051 ὅδὲ,
3005 1002 3111 1054 ψο
3144 997 3301 1054 pacto
3333 989 3437 1041 alia

1867 1090 1988 1144 qua:
2021 1089 2050 1127 a
2093 1087 2278 1128 mense
2319 1073 2490 1143 Aprili
2547 1075 2612 1127 ad
2669 1074 2829 1127 linem
2860 1074 3101 1144 ejusdem
3133 1076 3258 1130 anni
3289 1085 3437 1146 gesta

1869 1166 2148 1230 feruntur,
2206 1174 2313 1218 tam
2375 1165 2520 1217 brevi
2576 1167 2753 1233 spatio
2802 1162 3099 1220 emetiare?
3145 1167 3256 1221 lmo
3309 1181 3440 1220 vero

1865 1255 2080 1310 etiamsi
2131 1254 2196 1308 ad
2243 1265 2307 1307 ea
2362 1255 2538 1306 omnia
2576 1254 2740 1321 ‘spatii
2801 1255 2934 1308 satis
2980 1263 3168 1320 esset;
3217 1270 3283 1308 an
3341 1270 3440 1322 pu-

1869 1357 1949 1400 tes
2017 1346 2286 1400 Liberium
2345 1359 2466 1399 cum
2524 1347 2576 1398 in
2652 1347 2827 1398 medio
2881 1346 3007 1400 anui
3060 1347 3166 1401 552
3229 1347 3436 1400 litteras

1866 1436 2219 1491 Orientalium
2285 1436 2626 1504 accepisset,
2690 1451 2810 1488 mox
2881 1437 3083 1505 legatos
3158 1439 3432 1498 misisset,

1867 1539 1930 1577 ac
1992 1534 2114 1593 post
2162 1539 2348 1578 eorum
2397 1524 2646 1586 reditum,
2700 1525 3054 1579 Athanasium
3109 1542 3135 1579 a
3189 1541 3432 1579 cunmm—

1867 1615 2030 1669 nioue
2079 1630 2176 1668 sua
2229 1617 2572 1680 removisset,
2619 1615 2802 1668 statim
2854 1615 3117 1684 synodum
3163 1616 3213 1668 in
3266 1616 3435 1669 Atha-

1869 1707 2000 1760 nasii
2052 1707 2283 1774 gratiam
2345 1707 2686 1774 postulasse?
2740 1704 2931 1758 Annon
2988 1705 3101 1758 haec
3159 1705 3434 1758 ἀσύστατα

1865 1805 2068 1861 essent,
2113 1797 2351 1864 etiamsi,
2387 1800 2527 1867 quod
2560 1809 2738 1850 tamen
2778 1811 3058 1866 negamus,
3099 1797 3258 1865 spatii
3301 1799 3435 1851 satis

1864 1887 2044 1943 esset?

1936 1978 2048 2034 Non
2073 1979 2250 2034 minus
2277 1995 2398 2034 cum
2429 1981 2732 2045 Athanasii,
2759 1995 2920 2050 quam
2959 1996 3079 2035 cum
3117 1979 3159 2035 L
3185 1981 3317 2035 herii
3360 1983 3433 2033 di-

1866 2069 1967 2124 etis
1997 2071 2109 2124 haec
2154 2070 2380 2139 epistola
2433 2080 2677 2138 pugnat:
2711 2087 2832 2124 nam
2868 2086 2912 2126 ts
2943 2072 2993 2124 in
3029 2071 3132 2126 line
3168 2074 3434 2141 Apologia:

1864 2166 2047 2212 contra
2092 2159 2320 2213 Arianos
2355 2160 2432 2213 ait
2461 2159 2735 2213 Liberium
2770 2175 2867 2228 pro
2913 2145 3121 2227 judicio
3151 2161 3434 2229 episcopo-

1867 2264 2008 2312 rum,
2037 2250 2128 2318 qui
2172 2249 2464 2302 secundum
2515 2247 2868 2301 Athanasium
2918 2250 3240 2302 sententiam
3288 2249 3439 2302 dixe-

1867 2351 2034 2402 rant.
2086 2341 2361 2395 obstitisse
2426 2340 2689 2404 Arianis,
2750 2340 2919 2394 donec
2977 2339 3180 2392 biennii
3238 2339 3432 2392 exsilio

1865 2429 2070 2485 fractus
2119 2433 2354 2485 cederet.
2409 2431 2474 2483 Et
2524 2429 2576 2483 in
2618 2429 2840 2499 epistola
2889 2428 3188 2498 encyclica,
3231 2429 3430 2497 scripta

1865 2537 2008 2576 anno
2059 2520 2185 2584 556,
2247 2525 2323 2575 ειῖι
2377 2522 2475 2592 (a),
2533 2521 2748 2574 Arianis
2801 2520 3069 2589 episc0pis
3119 2518 3278 2572 ﬁdem
3331 2519 3432 2572 Ita-

1864 2614 2092 2668 bendam
2151 2614 2286 2677 fore,
2329 2613 2373 2667 si
2425 2613 2572 2682 paria
2631 2613 2951 2667 scriberent.
3001 2611 3217 2674 Hosius,
3261 2610 3433 2664 Maxi-

1865 2705 2082 2768 minus,
2136 2703 2514 2773 l‘hilogonius,
2570 2704 2912 2770 Eustathius,
2952 2703 3126 2758 Julius
3167 2717 3216 2758 et
3270 2702 3430 2757 Libe-

1863 2797 1996 2863 rius,
2044 2807 2174 2859 ctc.,
2211 2797 2352 2865 quod
2404 2799 2493 2866 qui
2538 2799 2718 2852 dicere
2757 2801 3039 2868 potuisset,
3087 2799 3129 2852 si
3181 2798 3430 2853 Liberius

1856 2887 2181 2959 jampridem
2240 2903 2298 2942 se
2357 2889 2574 2942 Ariauis
2650 2891 2918 2960 episcopis
2980 2890 3259 2958 aStipulari
3331 2890 3428 2942 de—

1862 2979 2158 3034 t-larasset?
2222 2980 2284 3033 Et
2348 2963 2514 3048 quod‘
2549 2983 2718 3047 magis
2775 2989 3002 3050 urgeat,
3075 2983 3126 3033 itt
3186 2979 3429 3032 llistoria

1864 3072 2187 3125 Arianorum
2234 3073 2302 3123 ad
2355 3071 2654 3134 monachos,
2703 3072 2778 3124 ait
2823 3071 3166 3131 Athanasius,
3201 3072 3432 3124 Arianos

185 3157 551 3227 imperatorem
576 3159 966 3215 Constantium
1017 3161 1273 3226 mitteret,
1307 3165 1448 3233 quod
1480 3179 1621 3216 anno
1654 3163 1756 3217 357
1785 3200 1826 3256 ϐ
1863 3159 2137 3214 Liberium
2192 3162 2260 3214 ab
2313 3160 2468 3214 initio
2497 3163 2838 3230 episcopatus
2873 3162 2976 3226 sui,
3025 3161 3165 3214 κατᾶ
3194 3162 3291 3233 τὴν
3323 3162 3426 3231 ἅρ-

187 3248 371 3302 ιδειιιιι)
409 3268 424 3304 :
461 3266 626 3305 nemo
680 3253 884 3323 quippe
926 3253 1010 3307 his
1053 3254 1309 3323 perlectis
1359 3269 1462 3307 non
1502 3254 1757 3320 fateatur,

185 3341 390 3394 omnino
423 3342 822 3410 repudiandum
856 3358 978 3398 esse
1002 3345 1283 3414 epistolam
1329 3346 1496 3411 illam,
1529 3361 1632 3414 qua
1673 3347 1758 3399 di-

185 3432 311 3485 citur
347 3433 624 3488 Liberium
655 3435 848 3490 statim
873 3437 952 3488 ab
987 3436 1139 3490 initio
1179 3445 1445 3506 susceptae
1483 3436 1760 3506 dignitatis

188 3521 535 3578 Athanasium
571 3525 893 3578 damnasse.
927 3525 990 3578 Et
1025 3540 1153 3580 vero
1196 3541 1263 3580 ne
1306 3535 1516 3595 tempus
1541 3526 1756 3595 quidem

185 3614 542 3683 deprehendas
581 3631 690 3684 quo
729 3615 1095 3669 Athanasium
1146 3631 1176 3668 a
1232 3617 1615 3670 communione
1662 3632 1756 3671 sua

183 3706 475 3759 remnverit.
512 3704 646 3758 Nam
676 3721 770 3758 an.
803 3704 933 3769 552,
965 3705 1134 3774 Aprili
1160 3714 1423 3770 vertente,
1462 3707 1514 3760 in
1554 3707 1761 3776 cpisco-

184 3810 292 3862 pum
351 3795 657 3852 Romanum
720 3796 953 3850 allectus
997 3795 1095 3850 fuit
1147 3816 1159 3849 :
1217 3812 1358 3850 anno
1407 3807 1586 3850 autem
1626 3798 1756 3864 555,

182 3887 345 3942 missis
391 3888 458 3940 ad
511 3886 900 3941 Constantium
954 3887 1144 3956 legatis
1173 3885 1471 3949 Arelatem,
1526 3892 1594 3942 ab
1641 3888 1758 3956 ipse

181 3977 492 4043 postulabat,
520 3990 575 4030 ut
596 3978 840 4047 juberet,
873 3977 952 4032 sic
989 3977 1262 4040 Liberius,
1287 3979 1756 4048 sicutjamdudum

178 4064 271 4131 ipsi
296 4067 596 4135 placuerat,
632 4067 924 4121 concilium
954 4068 1021 4120 ad
1062 4068 1356 4136 Aquileiam
1407 4069 1757 4139 congregari;

179 4156 418 4213 videlicet
475 4174 574 4228 pro
623 4174 794 4213 causa
829 4159 1137 4225 Athanasii,
1179 4169 1236 4213 ut
1277 4161 1651 4228 exquireretur
1687 4177 1753 4213 an

180 4247 487 4315 rejicieudus
526 4266 556 4303 a
587 4249 977 4305 communione
1010 4259 1152 4304 esset
1221 4265 1411 4304 necne.
1447 4249 1548 4304 Ubi
1602 4251 1752 4305 vides

177 4336 274 4404 jam
305 4349 430 4394 ante
461 4341 682 4409 aliquod
717 4351 958 4408 tempus,
985 4349 1043 4392 ut
1071 4339 1181 4406 illo,
1215 4339 1556 4409 jamdudum,
1590 4341 1757 4409 signi-

182 4430 376 4496 ﬁcatur,
407 4436 474 4487 de
495 4433 708 4501 synodo
732 4445 835 4499 pro
864 4444 1028 4484 causa
1056 4430 1339 4484 Athanasii
1367 4432 1608 4500 cogenda
1631 4446 1752 4485 Cttttt

1863 3253 1986 3322 χήν,
2019 3250 2300 3304 calumniis
2330 3251 2470 3318 apud
2504 3250 2882 3319 imperatorem
2917 3251 3214 3313 vel-icasw,
3247 3264 3301 3303 ut
3328 3254 3427 3303 ah-

1864 3344 2122 3395 ducerent
2152 3357 2178 3391 a
2206 3342 2481 3408 proposito
2508 3357 2520 3391 :
2549 3340 2806 3393 Arbitrati
2832 3352 2950 3393 sunt
2984 3343 3129 3407 impii
3167 3343 3424 3404 homines,

1862 3433 2053 3502 inquit,
2095 3448 2148 3485 se
2173 3432 2217 3484 si
2252 3429 2518 3484 Liberium
2561 3435 2849 3484 subornare
2885 3419 3114 3498 possent,
3142 3447 3317 3484 omnes
3356 3433 3427 3482 il-

1860 3522 1962 3576 lico
1993 3533 2329 3590 superaturos
2371 3538 2388 3575 :
2426 3523 2729 3590 exindeque
2771 3536 3010 3583 curasse,
3059 3532 3114 3573 ut
3149 3525 3213 3575 ad
3249 3523 3424 3590 ipsum

1861 3613 2132 3667 Liberium
2166 3614 2425 3667 Eusebius
2461 3619 2630 3679 Spado
2671 3612 2993 3677 mitteretur,
3019 3615 3106 3683 qui
3143 3625 3235 3666 aut
3272 3615 3428 3667 tl..tt‘s

1859 3715 1952 3759 aut
2006 3705 2538 3758 intermittatiouibus
2587 3705 2683 3756 viri
2729 3707 3086 3758 constantiam
3139 3705 3425 3770 cu'tnlliret,

1859 3814 2090 3869 eumque
2147 3803 2212 3853 ad
2271 3799 2626 3852 Athanasium
2687 3798 3048 3850 damnandum
3118 3798 3421 3865 instigaret.

1859 3890 2162 3959 Spadonem
2199 3905 2330 3943 vero
2376 3889 2621 3942 Liberius
2661 3887 2740 3942 sic
2783 3887 2978 3940 all'atur
3015 3903 3028 3940 :
3071 3886 3193 3952 Qui,
3228 3904 3424 3958 qua'so,

1859 3983 2110 4036 adversus
2134 3975 2479 4034 Athanasium
2505 3981 2559 4033 id
2586 3981 2816 4048 agatur?
2851 3995 2969 4031 nam
3010 3995 3160 4043 queat
3189 3989 3290 4031 non
3322 3995 3428 4032 una

1857 4073 2046 4138 solum,
2073 4073 2161 4124 sed
2185 4082 2232 4125 et
2263 4072 2428 4124 altera
2452 4073 2681 4139 synodus
2717 4086 2782 4123 ea:
2818 4081 2924 4123 toto
2955 4071 3075 4122 orbe
3100 4078 3304 4132 coacta,
3336 4085 3432 4136 pu-

1858 4180 1973 4216 rum
1999 4163 2374 4231 innoxiumque
2409 4160 2714 4222 declaravit,
2740 4177 2888 4229 quem
2928 4159 3162 4212 Ilontana
3199 4161 3427 4228 synodus

1857 4272 1972 4308 cum
1995 4272 2118 4323 pace
2141 4255 2361 4318 dimisit,
2389 4270 2488 4323 quo
2511 4262 2662 4319 pacto
2695 4253 2943 4305 damnare
2965 4254 3276 4320 possumus?
3297 4251 3428 4317 Quis

1859 4363 1951 4400 nos
1977 4347 2288 4415 probaturus
2321 4353 2416 4408 est,
2438 4345 2482 4396 si
2509 4360 2656 4413 quem
2683 4354 2984 4410 pursentcm
3015 4353 3253 4395 amanter
3275 4358 3430 4395 cxce-

1855 4437 2048 4504 pimus,
2107 4437 2174 4488 ad
2229 4437 2740 4504 communionemque
2785 4436 3114 4496 admisimus,
3165 4435 3429 4488 absentem

182 4520 492 4591 imperatore
527 4526 712 4593 egisse
749 4522 1054 4576 Liberium.
1086 4523 1218 4577 Cum
1245 4531 1424 4575 autem
1455 4537 1598 4576 anno
1642 4523 1747 4575 552

1864 4527 2188 4579 auersemur?
2229 4543 2331 4579 non
2374 4525 2713 4578 ecclesiastici
2753 4528 2971 4579 canonis
3010 4525 3141 4577 illud
3181 4534 3278 4585 est,
3320 4531 3429 4578 etc.

180 4611 407 4670 Liberius
431 4617 484 4669 in
524 4616 847 4684 episcopum
894 4612 1193 4666 Romanum
1227 4612 1454 4667 allectus
1494 4613 1674 4674 fuerit,
1704 4615 1748 4666 si

183 4703 315 4769 illud,
347 4707 699 4774 jamdudum,
736 4705 950 4772 aliquot
990 4703 1181 4758 saltem
1230 4715 1378 4758 retro
1411 4719 1625 4758 menses
1675 4705 1750 4756 si-

181 4795 417 4862 gniﬁcare
444 4795 749 4858 concedas,
784 4802 883 4848 aut
917 4793 1055 4847 nihil
1098 4809 1320 4863 prorsus
1357 4795 1515 4864 spatii
1564 4811 1753 4863 supcr-

181 4887 289 4948 crit,
331 4887 412 4940 vel
472 4896 586 4939 tam
638 4894 940 4955 angustum
991 4895 1201 4952 tempus
1260 4894 1475 4938 maneat
1531 4899 1753 4939 necesse

179 4985 277 5036 est,
313 4986 367 5028 ut
398 4975 720 5028 nullatenus
769 4973 981 5042 possint
1016 4987 1102 5036 ea,
1143 4987 1258 5041 qua:
1303 4973 1357 5026 in
1387 4972 1588 5026 Liberii
1640 4974 1754 5042 epi-

179 5065 296 5118 stola
331 5067 486 5120 initio
534 5065 705 5120 allata
765 5064 1038 5125 feruntur,
1080 5073 1186 5117 tam
1243 5064 1499 5118 brevibus
1548 5065 1749 5118 includi

178 5151 433 5210 limitibus.
473 5154 638 5218 Nam,
667 5155 712 5208 si
751 5152 1000 5208 Liberius
1029 5168 1170 5208 anno
1193 5153 1320 5215 552,
1351 5153 1521 5223 Aprili
1546 5170 1749 5216 mense,

178 5246 231 5295 ad
257 5247 431 5300 sedem
468 5255 729 5307 evectus,
758 5243 1119 5298 Orientalium
1154 5243 1390 5312 acceptis
1430 5245 1648 5306 litteris,
1677 5247 1752 5298 lc-

177 5344 308 5402 gatos
362 5349 473 5392 tres
517 5335 784 5396 Lucium,
836 5333 1059 5387 Paulum
1109 5345 1162 5388 et
1211 5334 1493 5389 llelianum
1547 5336 1753 5388 miserit

174 5424 562 5493 Alexandriam,
595 5429 698 5496 qui
730 5426 1092 5479 Athanasium
1135 5426 1201 5480 ad
1245 5425 1547 5479 Romanam
1586 5441 1748 5496 syno-

175 5514 282 5570 dum
305 5527 622 5582 evocarent,
652 5533 722 5572 ac
755 5525 944 5586 postea
973 5515 1161 5583 legati,
1188 5533 1246 5570 re
1278 5518 1478 5571 infecta
1503 5527 1553 5570 et
1578 5516 1751 5570 Atha-

175 5607 307 5663 nasio
329 5612 609 5664 abnuente
669 5607 907 5659 Romam
949 5608 1226 5673 redierint,
1265 5606 1615 5661 Liberiusuuc
1649 5609 1748 5660 de-

185 5810 298 5883 ’(α)
334 5808 392 5865 ι».
433 5809 564 5863 εις).

462 5901 764 5960 Parnm“
814 5895 934 5956 Gn.
983 5895 1183 5957 XXV.

1859 4619 2021 4682 Queis
2056 4620 2166 4686 ipsa
2193 4619 2308 4672 luce
2328 4617 2556 4671 lucidius
2578 4626 2681 4679 est,
2710 4617 2982 4670 Liberium
3023 4617 3092 4669 ab
3120 4614 3275 4667 initio
3307 4615 3428 4679 epi-

1859 4718 2112 4776 scopatus
2140 4708 2256 4769 sui,
2288 4723 2396 4760 rem
2429 4707 2743 4760 insolentem
2771 4713 2822 4758 et
2844 4714 3029 4758 contra
3056 4717 3290 4756 crutones
3311 4719 3430 4757 esse

1858 4809 2092 4870 putasse,
2129 4799 2172 4852 si
2214 4799 2537 4852 Athanasius
2568 4797 2770 4866 aliquot
2802 4797 2852 4849 in
2882 4795 3101 4870 synodis
3127 4792 3427 4856 abSolutus,

1861 4891 1927 4940 ab
1975 4887 2335 4941 ecclesiastica
2381 4886 2761 4941 communione
2805 4893 3210 4944 removeretur;
3271 4893 3434 4949 atque

1862 4980 1993 5031 adeo
2025 4979 2328 5046 epistolam,
2358 4994 2479 5047 qme
2519 4978 2572 5031 in
2614 4977 2954 5046 Fragmcntis
2998 4974 3185 5028 llilatii
3217 4973 3433 5043 qualem

1862 5083 2022 5135 supra
2057 5067 2446 5136 descripsimus
2483 5068 2884 5131 circumfertur,
2911 5067 2997 5122 ubi
3035 5066 3364 5120 Athanasius
3403 5078 3434 5116 a

1860 5155 2078 5209 Liberio
2134 5157 2504 5228 episcopatum
2575 5159 2794 5211 ineunte
2861 5157 3151 5209 damnatus
3210 5152 3434 5214 dicitur,

1858 5246 2250 5313 supposititiam
2281 5261 2423 5300 esse.
2447 5244 2580 5299 Nam
2614 5257 2806 5315 przeter
2836 5260 2918 5308 ca,
2950 5259 3068 5312 qua:
3102 5257 3261 5309 supra
3299 5241 3435 5292 dixi-

1859 5351 1998 5400 mus,
2033 5336 2458 5396 animadvertas,
2483 5351 2693 5405 qmeso,
2725 5335 2926 5388 nullam
2962 5333 3042 5385 vel
3068 5333 3318 5390 Arianus,
3354 5326 3432 5376 vel

1859 5425 2146 5480 Eusebium
2195 5431 2530 5494 eunuchum,
2573 5428 2654 5481 vel
2703 5426 3078 5482 Constantium
3110 5423 3428 5488 Angustum,

1863 5529 2090 5582 quorum
2123 5531 2244 5570 cum
2284 5516 2502 5571 Liberio
2538 5516 2830 5584 colloquia,
2865 5523 2917 5567 et
2950 5512 3165 5580 quidem
3199 5506 3430 5576 prolixa,

1859 5606 2126 5670 feruntur,
2182 5607 2424 5676 pristime
2457 5607 2605 5661 illius
2651 5614 2839 5660 contra
2889 5600 3242 5655 Athanasium
3276 5597 3433 5649 dictae
