3990 6510
552 400 770 455 euxin

1930 378 2460 447 PRULEGOMENA.

531 516 840 573 sententiae
868 515 1193 572 mentionem
1228 493 1417 570 iecisse
1453 533 1465 569 :
1501 515 1641 584 quod
1674 522 1823 568 certe
1858 512 2129 565 validissi-
2156 518 2201 573 Α
2232 521 2443 581 reperta
2476 518 2554 564 est
2582 550 2596 574 ,
2637 510 2894 577 permista
2941 507 3151 563 scilicet
3190 520 3310 562 cum
3341 504 3596 576 operibus
3627 502 3799 559 vario-

546 618 703 667 ‘m'um
740 617 857 663 erat
891 609 955 661 ad
1000 607 1199 662 Li-bcrii
1232 607 1536 662 tentandam
1578 606 1885 675 aequitatem
1939 604 2128 657 incita-

508 723 511 729 ·
555 710 824 756 mentum.
861 699 926 753 Et
974 714 1103 753 sane
1157 700 1419 753 dixissent
1470 697 1543 751 illi
1584 715 1597 750 :
1654 696 1833 761 Quare
1889 694 2129 747 Athana-

554 796 721 859 sium,
746 806 904 862 quem
936 801 1058 845 tute
1098 790 1208 857 jam
1252 792 1508 845 damnare
1539 788 1837 855 occupasti,
1876 795 1980 839 tam
2028 800 2128 837 na-

556 888 698 939 viter
729 899 874 939 nunc
902 882 1179 938 defendis?
1218 896 1473 951 quorsum
1524 881 1710 934 isthzee
1758 880 1987 932 mutatio
2018 888 2124 929 tatu

554 975 880 1045 repentina?

625 1066 861 1136 l‘teponit
892 1063 1266 1119 Tillemontius
1308 1062 1382 1133 (η)
1421 1079 1432 1112 :
1472 1062 1601 1116 Eam
1648 1059 1930 1129 epistolam
1966 1059 2127 1112 Libe-

550 1163 668 1218 rius
716 1162 770 1214 in
819 1159 1032 1213 arcanis
1063 1157 1277 1220 habuit,
1325 1171 1421 1210 nec
1451 1155 1663 1217 emisit;
1709 1153 1801 1206 sed
1840 1167 1981 1204 anno
2010 1162 2126 1204 tau-

550 1265 665 1305 tuzu
701 1250 829 1315 557,
864 1257 1149 1319 postquam
1186 1246 1442 1302 utrumuis
1489 1246 1697 1300 fractus
1736 1253 1999 1305 cesserat,
2045 1242 2124 1310 ip-

548 1356 667 1397 sam
696 1339 995 1410 evulgavit.
1044 1339 1114 1392 At
1157 1337 1200 1392 si
1232 1339 1297 1391 de
1342 1336 1567 1404 epistola
1600 1344 1809 1389 tantum
1855 1344 2120 1404 ageretur,

546 1429 641 1481 vix
675 1441 739 1480 ac
770 1441 836 1481 ne
862 1428 951 1480 vix
972 1426 1193 1495 quidem
1237 1434 1407 1479 staret
1440 1425 1565 1479 illud
1606 1426 1717 1479 sive
1757 1424 2119 1485 ratiocinium,

551 1520 668 1572 sive
724 1525 1103 1571 commentum.
1147 1514 1280 1570 Cum
1334 1524 1511 1569 autem
1572 1514 1840 1583 legatione
1897 1513 2120 1567 solemni

552 1613 715 1665 trium
771 1612 1210 1681 presbyterorum
1241 1608 1511 1662 Liberius
1552 1608 1906 1661 Athanasium
1936 1606 2001 1659 ad
2034 1621 2123 1675 sy-

549 1702 753 1757 nodum
784 1715 1039 1755 evocasse
1071 1698 1695 1763 feratur,interminatus
1723 1698 2123 1752 communionis

548 1793 911 1861 privationem
967 1793 1019 1845 ni
1074 1794 1374 1850 accederet,
1430 1790 1695 1843 incassum
1743 1789 1883 1842 inter
1923 1803 2119 1843 arcana

2232 616 2348 653 rum
2392 618 2407 654 :
2443 612 2540 653 nec
2566 600 2765 670 stylutn
2790 599 3069 654 Athanasii
3101 597 3279 667 sapit,
3305 596 3414 652 imo
3443 610 3580 651 vero
3610 595 3807 649 multas

2230 691 2303 746 ibi
2341 705 2502 745 voces
2544 690 2846 744 Athanasio
2893 690 3069 744 minus
3114 690 3340 743 usitatas
3416 698 3471 743 et
3502 686 3802 743 insolentes

2231 782 2485 850 reperias.
2536 781 2591 834 ltt
2632 782 2793 835 titulo
2820 782 3014 851 quippe
3047 790 3242 851 preter
3273 780 3414 833 illam
3450 794 3614 848 supra
3650 790 3805 832 nota-

2232 881 2362 935 tam,
2406 886 2509 924 vox
2557 870 2976 934 συνεπίσκοποι,
3032 870 3329 923 Athanasio
3380 884 3485 924 non
3531 868 3805 931 usuveuit,

2227 961 2316 1027 qui
2341 974 2554 1028 semper
2582 959 3008 1031 συλλειτουργοί,
3038 970 3092 1014 et
3126 960 3337 1027 quidem
3368 958 3807 1028 frequentissime

2227 1051 2388 1105 habet
2419 1069 2433 1105 :
2467 1051 2552 1106 his
2589 1051 2763 1120 adjice
2800 1051 3063 1122 σύμϐολον
3104 1052 3200 1123 τῆς
3232 1050 3502 1115 πίστεως,
3533 1060 3589 1105 et
3628 1048 3807 1103 θεῖκδν

2227 1141 2481 1211 πνεῦμα,
2535 1142 2747 1211 ignotas
2797 1141 3097 1195 Athanasio
3148 1156 3307 1196 voces
3351 1158 3365 1196 :
3404 1140 3499 1210 qui
3564 1140 3804 1210 priorem

2226 1232 2527 1287 sexcenties
2548 1233 2626 1287 sic
2655 1232 2847 1299 effert,
2890 1232 3133 1296 ἔκθεσεις
3160 1233 3414 1296 πίστεως,
3462 1230 3545 1285 vel
3581 1231 3805 1294 πίστις·

2226 1324 2517 1378 Sccundam
2560 1338 2690 1378 vero
2744 1322 2885 1377 Θεῖον
2933 1323 3151 1394 πνεῦμα
3199 1324 3395 1392 ubique
3422 1323 3636 1378 scribit.
3669 1322 3807 1377 llinc

2226 1414 2629 1469 animadvertas
2654 1455 2670 1480 ,
2704 1414 2866 1482 hujus
2896 1416 3138 1485 epistola:
3169 1422 3471 1479 auctorem,
3502 1412 3662 1483 quasi
3692 1427 3805 1467 rem

2226 1506 2444 1558 maximi
2501 1506 2761 1559 momenti
2816 1505 3083 1560 dicturum
3136 1505 3416 1573 epistolam
3490 1503 3699 1571 ordiri,
3752 1512 3808 1557 et

2226 1606 2403 1651 tamen
2458 1596 2803 1665 paucissimis
2846 1610 2957 1650 rem
3003 1596 3303 1660 absolvere,
3357 1606 3416 1650 ut
3459 1595 3551 1649 vix
3602 1596 3810 1649 sciatur

2222 1705 2342 1759 qua:
2365 1706 2449 1745 res
2473 1692 2683 1760 quodve
2715 1690 2989 1761 negotium
3022 1691 3101 1744 sic
3129 1699 3341 1759 urgeat,
3377 1698 3432 1744 et
3457 1689 3523 1743 ad
3559 1688 3807 1744 scriben-

2225 1784 2346 1851 dum
2377 1783 2632 1851 impellat.
2678 1782 2757 1838 Ne
2802 1782 2990 1845 multa,
3038 1783 3251 1851 quoties
3281 1781 3426 1835 illam
3461 1780 3704 1851 perlegi,
3750 1779 3803 1833 in

546 1884 667 1939 lucc
698 1890 1010 1949 computare
1056 1881 1269 1953 satagit.
1306 1879 1517 1933 Nihilne
1568 1880 1759 1932 horum
1803 1878 2117 1933 subodorati
2153 1870 2193 1924 Β
2223 1874 2522 1945 peregrinis
2549 1875 2753 1928 versari
2778 1874 2909 1928 mihi
2936 1872 3194 1936 videbar“;
3233 1871 3306 1925 ita
3335 1870 3803 1926 dissimilisAtha-

548 1972 735 2025 Ariani
779 1970 1014 2025 fuerint?
1046 1970 1127 2023 Au
1180 1970 1317 2025 inter
1352 1982 1549 2022 arcana
1591 1967 1705 2021 hanc
1748 1968 1874 2022 item
1925 1966 2122 2037 legatio

546 2064 709 2119 statui
737 2062 936 2132 possit?

623 2153 819 2210 Verum
858 2156 1021 2209 instat
1065 2153 1155 2207 ille
1193 2169 1206 2204 :
1252 2151 1366 2207 Non
1409 2166 1699 2220 possumus
1739 2151 1878 2204 hanc
1921 2148 2121 2217 episto-

544 2244 676 2308 lam,
722 2255 905 2314 utpote
958 2245 1317 2299 intermistam
1365 2243 1485 2295 aliis
1528 2240 1804 2309 germanis
1851 2238 2117 2308 epistolis,

547 2352 648 2407 pro
682 2337 1017 2405 supposititia
1069 2335 1291 2388 habere.
1327 2331 1452 2386 Hzec
1492 2347 1623 2386 sane
1667 2332 1764 2384 abs
1796 2346 1853 2385 re
1895 2328 2122 2383 all'erun-

548 2436 676 2491 tur;
714 2425 1054 2494 supposititia
1101 2439 1333 2493 namque
1365 2424 1506 2477 veris
1539 2423 1845 2476 intermista
1882 2423 1982 2475 hoc
2012 2436 2123 2474 ma-

545 2515 837 2570 xime-aevo
866 2513 1270 2583 deprehendere
1295 2526 1398 2564 non
1428 2509 1687 2572 insolens,
1712 2509 1804 2562 sed
1833 2509 2119 2561 admodum

548 2603 809 2672 frequens
859 2613 963 2658 est.
1026 2604 1218 2657 Annon
1282 2601 1476 2655 Liberii
1528 2600 1592 2654 ad
1637 2599 2017 2664 Athanasium,
2068 2607 2123 2652 et

547 2694 832 2748 Athanasii
859 2693 923 2747 ad
952 2693 1224 2747 Liberium
1257 2692 1517 2761 epistolae,
1548 2707 1668 2760 quae
1698 2706 1727 2744 a
1758 2690 1940 2744 multis
1980 2700 2121 2744 retro

550 2784 766 2841 saeculis
794 2785 934 2839 inter
962 2799 1225 2854 germana
1246 2783 1527 2837 Athanasii
1552 2796 1714 2849 opera
1748 2781 1919 2834 locum
1955 2781 2121 2835 habe-

546 2876 700 2941 bant,
733 2874 844 2944 iam
879 2874 1051 2928 cuivis
1085 2874 1263 2943 sagaci
1312 2873 1426 2925 viro
1471 2886 1567 2941 pro
1617 2871 1973 2941 supposititiis
2021 2872 2118 2923 ha-

547 2966 781 3021 bentur?
811 2967 1027 3028 Annou,
1057 2974 1115 3017 lll
1143 2964 1304 3017 habet
1328 2962 1659 3016 Athanasius
1685 2961 1737 3015 in
1772 2961 2025 3031 Apologia
2049 2962 2117 3014 ad

549 3053 934 3113 Constantium,
964 3052 1152 3105 Ariani
1188 3067 1290 3105 non
1321 3051 1478 3104 modo
1499 3051 1781 3104 Athanasii
1803 3061 1855 3104 et
1887 3052 2112 3120 parium,

548 3145 643 3198 sed
679 3146 840 3198 etiam
880 3144 1259 3211 imperatorum
1296 3143 1513 3196 nomine
1555 3142 1811 3209 epistolas
1838 3143 2116 3212 conﬁnge-

548 3237 680 3289 ltant
706 3253 719 3287 :
745 3235 869 3303 quid
903 3241 1051 3288 vetat
1080 3243 1135 3287 et
1167 3234 1305 3286 hanc
1329 3233 1453 3285 item
1486 3232 1771 3286 confictam
1799 3233 1867 3285 ab
1898 3233 2117 3289 Arianis

546 3327 745 3381 fuisse?
1506 3334 1513 3339 ‘

621 3416 770 3483 Quod
827 3416 893 3468 ad
947 3416 1307 3484 Appendicem
1362 3412 1548 3468 Hilarii
1594 3426 1823 3485 spectat,
1876 3418 1977 3473 etsi
2029 3416 2116 3471 illa

552 3508 841 3561 admodum
895 3506 1143 3575 perplexa
1198 3509 1307 3570 sit,
1346 3522 1409 3561 ac
1451 3508 1634 3560 vitiata
1684 3509 2115 3575 circumferatur,

548 3600 765 3651 videtur
793 3608 967 3651 tamen
998 3599 1298 3669 εἰρωνικῶς
1323 3599 1429 3661 ille,
1463 3609 1711 3669 tanquam
1740 3599 1807 3654 de
1843 3614 1901 3653 re
1929 3614 2117 3667 snspe-

549 3698 634 3742 cta
665 3689 863 3751 dicere,
899 3687 1039 3752 Quid
1072 3689 1123 3740 in
1150 3690 1231 3743 nis
1270 3688 1458 3740 litteris
1489 3705 1591 3741 non
1624 3690 1918 3741 sanctitatis
1938 3691 1963 3741 7
1990 3688 2118 3756 quid

548 3796 652 3831 non
687 3794 750 3830 ea:
788 3787 928 3830 metu
968 3776 1065 3830 Dei
1097 3779 1330 3830 eueniens
1374 3775 1490 3831 est?
1526 3776 1659 3831 Nam
1712 3778 1976 3843 llilarius,
2024 3778 2116 3846 qui

550 3882 822 3933 nunquam
862 3866 1159 3920 Athanasio
1188 3876 1242 3919 et
1277 3864 1398 3921 ﬁdei
1422 3868 1734 3922 orthodoxa:
1762 3865 1950 3931 defuit,
1986 3868 2118 3923 nihil

548 3958 855 4010 sanctitatis
904 3958 956 4010 in
1003 3957 1150 4012 hisce
1178 3957 1372 4011 litteris
1400 3958 1800 4026 deprehendere
1829 3959 2025 4028 potuit.
2058 3956 2115 4012 In

548 4046 1002 4114 subsequentibus
1044 4056 1221 4100 autem
1272 4047 1493 4110 indicat,
1538 4047 1859 4111 Putamiurn,
1904 4048 2121 4115 Epicte-

551 4152 663 4190 tum
732 4145 787 4189 et
841 4135 1325 4202 Fortunatianum,
1377 4138 1658 4207 epistolam
1721 4138 1863 4192 illam
1911 4136 2115 4192 Liberii

544 4227 839 4297 respuisse.
896 4226 1093 4281 Verum
1132 4229 1244 4282 haee
1284 4228 1416 4284 adeo
1449 4230 1699 4284 intricata
1736 4240 1882 4294 sunt,
1928 4242 1985 4284 ut
2027 4232 2115 4285 vix

546 4328 725 4388 aptam
763 4321 1085 4374 sententiam
1128 4321 1392 4391 expiscari
1425 4322 1618 4390 possis.
1658 4322 1761 4377 Sed
1795 4323 1927 4377 satis
1956 4335 2115 4379 sunto

545 4426 664 4482 qua!
688 4412 754 4467 de
786 4412 983 4467 Liberii
1012 4414 1252 4479 epistolae
1276 4413 1456 4486 νοθείᾳ
1494 4414 1751 4469 diximus.

975 4501 1491 4557 ANIMADVERSIO
1533 4503 1667 4557 XXI.

690 4600 760 4650 4n
794 4596 1013 4663 epistola
1046 4594 1306 4647 catholica
1338 4595 1615 4647 Athanasii
1648 4598 1751 4657 sit,
1785 4611 1964 4651 necne.

608 4682 724 4736 Non
776 4698 973 4751 paucas
1018 4683 1068 4735 iu
1112 4683 1210 4735 hac
1250 4682 1472 4749 epistola
1512 4684 1914 4751 peregrinitatis
1959 4694 2113 4740 notas

542 4771 1021 4840 deprehendimus;
1068 4772 1166 4826 etsi
1220 4771 1307 4825 illa
1358 4772 1490 4825 adeo
1536 4773 1711 4827 brevis
1761 4772 1873 4838 sit,
1922 4776 2009 4829 vix
2057 4786 2110 4830 ttt

540 4862 800 4933 pagellam
824 4864 1085 4917 absolvat.
1114 4863 1169 4917 In
1210 4865 1327 4934 ipso
1356 4863 1549 4933 quippe
1574 4864 1727 4919 titulo
1756 4881 1857 4920 vox
1883 4866 2107 4935 epistola

541 4955 807 5009 catholica
843 4955 914 5009 ita
950 4956 1187 5012 insolens
1226 4957 1461 5021 videtur,
1508 4967 1566 5011 ut
1611 4959 1780 5012 mirer
1811 4959 1854 5012 si
1895 4958 2101 5027 uspiam

541 5047 680 5115 apud
738 5046 923 5102 Patres
974 5059 1283 5115 usurpatam
1334 5048 1573 5114 reperias
1618 5065 1630 5099 :
1681 5049 1946 5118 siquidem
1994 5049 2109 5103 ha'c

539 5149 641 5188 vox
688 5145 892 5205 septem
941 5138 1219 5193 catholicis
1278 5137 1527 5207 epistolis
1575 5137 1913 5206 (Canonicas
1952 5137 2109 5207 vulgo

539 5227 885 5298 nuncupant)
916 5237 1228 5283 consecrata
1258 5228 1698 5297 deprehenditur.
1721 5228 1800 5280 Ad
1824 5227 1937 5282 haec
1959 5242 2108 5293 vero,

539 5319 761 5386 epistola
794 5318 978 5373 istluec
1013 5320 1063 5372 in
1097 5318 1333 5388 antiquis
1376 5317 1657 5371 Athanasii
1677 5316 1909 5385 Operam
1937 5318 2104 5372 colle-

538 5409 806 5464 ctionibus
861 5425 964 5463 non
1010 5419 1319 5480 comparet;
1370 5409 1465 5463 sed
1526 5408 1825 5478 peregrinis
1868 5409 1920 5461 in
1974 5408 2104 5464 locis

610 5718 687 5856 ᾖ)
720 5719 931 5798 Tillem.
981 5721 1075 5775 Vie
1113 5722 1175 5774 de
1204 5720 1266 5775 S.
1296 5722 1514 5790 At/tan.,
1550 5729 1661 5776 not.
1705 5721 1791 5777 68.

668 5790 686 5856 )
722 5787 879 5856 lbtd.,
919 5801 1023 5846 art.
1055 5792 1177 5845 ltu.

668 5790 686 5857 )
722 5787 879 5857 lbid.,
919 5801 1023 5846 art.
1055 5792 1177 5845 ltu.

2221 1967 2461 2022 nasianis
2506 1966 2760 2035 operibus
2811 1975 2893 2019 est
2933 1979 2949 2019 :
2989 1963 3162 2033 neque
3200 1972 3375 2017 tamen
3429 1961 3558 2033 περὶ
3592 1960 3807 2023 νοθείας

2221 2060 2305 2113 vel
2354 2058 2706 2131 γνησιότητος
2748 2057 3010 2125 judicium
3062 2055 3205 2111 ferre
3269 2069 3431 2109 ausus
3494 2052 3671 2117 sum;‘
3708 2052 3803 2107 sed

2224 2153 2365 2206 inter
2411 2153 2569 2206 dubia
2627 2151 2822 2205 locavi.
2884 2148 3265 2203 Tillemont‘ius
3331 2148 3405 2217 (ὁ)
3448 2158 3639 2202 contra
3692 2146 3807 2225 vult

2223 2244 2436 2313 penitus
2464 2251 2667 2297 certam
2688 2282 2703 2307 ,
2754 2254 2853 2295 nec
2892 2234 3347 2309 ἁμφιὸἀλλεσθαι.
3374 2236 3464 2290 Lis
3491 2236 3591 2291 sub
3620 2235 3809 2304 judice

2222 2337 2452 2405 pendeat
2478 2356 2491 2390 :
2527 2336 2682 2391 nobis
2707 2349 2830 2404 qua:
2855 2348 3017 2389 causa
3045 2330 3352 2401 ambigendi
3380 2331 3450 2385 sit
3476 2330 3805 2401 exposuisse

2222 2427 2355 2482 satis
2370 2435 2520 2482 esto.
2732 2452 2741 2459 ι

2648 2513 3170 2570 ANIMADVERSIO
3202 2507 3365 2567 XXII.

2227 2607 2300 2663 lle
2329 2609 2449 2663 aliis
2476 2609 2645 2663 dubiis
2676 2609 2953 2662 Athanasii
2997 2606 3239 2675 aperibus
3260 2647 3275 2673 ,
3309 2614 3354 2658 et
3381 2598 3445 2658 de
3476 2598 3799 2674 quibusdam

2819 2696 3145 2766 fragmentis.

2290 2788 2629 2856 Orationem,
2652 2796 2739 2844 cui
2776 2789 2985 2853 titulus,
3021 2784 3197 2840 Unum
3237 2802 3349 2840 esse
3379 2784 3672 2847 Christum,
3699 2786 3803 2837 du-

2220 2884 2361 2939 biam
2392 2897 2510 2937 esse
2540 2897 2660 2935 cum
2693 2881 2874 2936 multis
2923 2876 3097 2935 doctis
3146 2879 3277 2934 viris
3310 2892 3623 2941 censemus,
3698 2890 3801 2931 nec

2170 3008 2182 3017 -
2220 2974 2436 3028 dubiam
2469 2964 2729 3027 dili‘ttetur
2756 2964 3135 3025 Tiilemontius
3175 2967 3269 3041 (c).
3299 2965 3499 3023 Verum
3530 2966 3630 3029 ait,
3664 2964 3798 3035 quia

2222 3066 2334 3120 haec
2368 3065 2546 3119 oratio
2574 3080 2602 3118 a
2646 3060 2810 3118 Petro
2860 3058 3100 3117 Diacono
3129 3063 3184 3116 in
3210 3059 3437 3130 epistola
3469 3058 3539 3113 ad
3572 3057 3632 3113 S.
3661 3050 3800 3111 Ful-

2221 3156 2457 3226 gentium
2514 3152 2782 3217 laudatur,
2837 3168 2937 3207 nos
2982 3162 3328 3223 argumento,
3377 3150 3520 3220 quod
3551 3149 3684 3204 hinc
3710 3150 3803 3202 ad»

2222 3263 2409 3302 versus
2449 3246 2758 3315 opinionem
2792 3258 3039 3299 nostram
3094 3245 3324 3308 eruitur,
3372 3254 3669 3296 occurrere
3698 3240 3802 3294 de-

2220 3339 2429 3392 buisse.
2462 3336 2568 3391 Sed
2618 3345 2988 3404 argementum
3046 3333 3348 3401 hujuSntodi
3404 3347 3473 3387 ne
3509 3332 3798 3386 minimum

2220 3429 2433 3497 quidem
2457 3428 2657 3497 negotii
2684 3426 2955 3481 facessere
3002 3425 3175 3494 possit
3209 3443 3222 3478 ε
3283 3423 3606 3497 opusculum
3644 3422 3798 3476 enim

2220 3496 2620 3586 perantiquum,
2655 3526 2708 3572 et
2767 3512 3045 3574 Athanasii
3100 3516 3318 3571 nomine
3372 3496 3571 3568 saeculo
3599 3512 3802 3568 Nesto-

2221 3611 2375 3663 riano
2407 3609 2608 3662 editum
2644 3608 2815 3665 fuisse
2867 3609 3216 3663 arbitramur.
3246 3605 3346 3674 Qui
3397 3607 3596 3661 mirum
3632 3606 3819 3677 igitur-

2220 3699 2264 3752 si
2299 3698 2498 3753 saecqu
2530 3709 2687 3755 sexto
2715 3700 2997 3755 Athanasii
3030 3695 3249 3759 nomine
3284 3713 3313 3753 a
3354 3697 3518 3753 Petro
3553 3696 3803 3755 Diacono

2221 3790 2495 3843 laudatum
2527 3790 2730 3845 fuerit?

2289 3882 2511 3936 Librum
2537 3882 2602 3936 de
2636 3880 3031 3949 lncarnatione,
3071 3882 3161 3952 qui
3208 3883 3260 3937 in
3293 3883 3443 3951 prius
3464 3878 3635 3938 editis
3668 3894 3803 3937 cun-

2222 3984 2301 4027 tra
2331 3972 2554 4027 Paulum
2584 3974 2995 4028 Samosatenum
3030 3974 3320 4043 inscriptus
3350 3982 3489 4040 erat,
3522 3989 3625 4029 nos
3658 3976 3805 4029 inter

2220 4065 2376 4118 dubia
2409 4078 2573 4133 opera
2603 4064 3001 4134 ablegavimus;
3022 4064 3397 4120 Tillemontius
3414 4080 3545 4120 vero
3572 4066 3804 4137 γνήσιον

2218 4172 2336 4211 esse
2365 4166 2588 4226 pugnat.
2610 4158 2679 4211 At
2708 4157 2864 4227 longe
2896 4157 3077 4227 plures
3102 4158 3412 4227 suspicaudi
3440 4174 3637 4214 causas
3662 4177 3805 4229 pra--

2219 4245 2323 4299 fert
2352 4247 2454 4300 hoc
2494 4247 2834 4316 opusculum,
2868 4262 3026 4316 quam
3075 4251 3251 4302 oratio
3297 4247 3471 4302 Unum
3501 4267 3615 4305 esse
3639 4250 3803 4305 Chri-

2216 4347 2377 4400 stum,
2403 4336 2622 4406 suisque
2644 4351 2703 4393 se
2737 4339 2876 4394 notis
2899 4339 3077 4407 prodit
3102 4339 3423 4395 Nestoriano
3452 4356 3569 4396 aevo
3626 4340 3801 4398 fuisse

2218 4427 2539 4481 confectum.
2569 4426 2624 4482 Id
2659 4443 2787 4484 vero
2839 4429 3118 4500 propalam
3162 4430 3377 4484 videtur
3408 4446 3472 4486 ex
3527 4431 3634 4488 hoc
3693 4449 3801 4487 uno

2148 4523 2188 4577 ι)
2219 4517 2338 4570 loco
2368 4515 2458 4570 :'0
2480 4516 2537 4569 δὲ
2568 4516 2873 4588 ἄνθρωπος,
2892 4518 2970 4573 sic
2995 4518 3164 4581 ibi,€v
3189 4519 3504 4589 πρόσωπον,
3536 4522 3633 4574 καὶ
3659 4521 3803 4586 ζῶον

2218 4609 2296 4671 ἓν,
2321 4607 2427 4661 ἀπό
2447 4625 2503 4660 τε
2538 4608 2843 4675 πνεύματος
2868 4612 2961 4663 καὶ
2994 4610 3217 4680 σαρκός
3244 4610 3384 4663 κατὰ
3407 4610 3464 4663 δὲ
3509 4612 3574 4665 τὸ
3598 4615 3801 4684 ὁμοίως

2222 4719 2296 4769 μα
2329 4697 2491 4753 αὐτοῦ
2518 4700 2736 4770 νοητέον
2774 4696 2862 4753 τὸν
2904 4702 3137 4771 Χριστὸν
3181 4700 3276 4754 ἕνα
3312 4704 3402 4755 καὶ
3420 4704 3478 4756 οὗ
3507 4703 3603 4758 δύο
3626 4707 3800 4775 πρόσ-

2216 4796 2362 4849 ωπα,
2396 4786 2533 4857 ὅπερ
2566 4789 2597 4856 ἡ
2629 4786 2723 4838 νῦν
2755 4789 2982 4841 ἀπιστία
3018 4785 3264 4857 βιάζεται
3299 4790 3507 4859 σαφῶς,
3568 4795 3797 4849 ἀπολει-

2218 4872 2427 4945 πομένη
2451 4876 2543 4928 τοῦ
2575 4875 2834 4945 μεγέθους
2870 4879 2968 4949 τῆς
2991 4879 3138 4945 θείας
3172 4882 3410 4952 χάριτος,
3440 4884 3535 4936 καὶ
3557 4884 3638 4955 τῷ
3681 4884 3799 4938 Έλ-

2218 4965 2423 5037 ληνικῷ
2451 4967 2728 5036 σκανδάλῳ
2745 4969 3169 5038 περιπίπτοντι-α,
3192 4974 3242 5025 id
3268 4983 3351 5027 est
3375 4992 3387 5027 :
3415 4971 3587 5027 Homo
3618 4988 3794 5029 autem
3824 5026 3833 5029 -

2220 5073 2327 5109 una
2384 5074 2628 5126 persona,
2664 5069 2709 5111 et
2742 5075 2905 5113 unum
2936 5063 3136 5115 animal
3187 5074 3280 5123 est,
3314 5063 3507 5131 spiritu
3544 5075 3594 5119 et
3640 5083 3796 5121 carne

2218 5155 2509 5211 constans;
2540 5148 2607 5200 ad
2631 5148 2785 5217 cujus
2816 5150 3212 5206 similitudinem
3256 5153 3657 5222 intelligendum
3691 5166 3792 5218 est,

2216 5234 2484 5291 Christum
2509 5255 2670 5292 unam
2696 5255 2806 5293 esse
2822 5256 3123 5309 personam,
3154 5252 3202 5297 et
3237 5260 3339 5297 non
3379 5243 3543 5306 duas,
3578 5254 3636 5297 ut
3671 5244 3790 5315 jam

2214 5326 2558 5380 incredulitas
2585 5331 2949 5399 magnitudine
2979 5331 3173 5387 divinte
3227 5333 3415 5402 gratia
3453 5333 3712 5387 destituta
3742 5343 3792 5385 et

2212 5414 2266 5466 in
2297 5414 2565 5483 gentilium
2611 5418 2923 5472 scandalum
2968 5420 3243 5491 prolapsa,
3275 5432 3453 5490 aperte
3494 5432 3543 5477 et
3578 5439 3789 5477 summa

2276 5724 2347 5780 lci
2390 5725 2546 5794 util,
2582 5736 2697 5781 not.
2738 5723 2861 5783 iOi.
