3990 6524
1224 390 1311 446 DE
1353 391 1509 446 VlTA
1549 389 1635 445 ET
1671 385 1982 442 SCl'lll‘TlS
2021 386 2077 440 S.
2116 386 2507 441 ATHANASII.

3272 404 3511 446 ακλκιιῐ

263 503 592 563 eicon'tsndit
629 521 647 558 :
688 506 744 559 in
782 506 995 561 cteteris
1024 504 1175 569 item,
1213 520 1331 575 qua:
1382 507 1791 576 subsequuntur
1820 545 1835 569 ,
1868 510 1910 565 Α
1940 504 2136 571 positio
2173 502 2298 571 ﬁdei
2335 502 2578 569 proxime
2607 514 2839 570 sequens
2874 502 3070 557 nullam
3113 502 3326 572 praefert
3379 504 3514 559 tein—

264 596 639 651 Nestorianum
664 611 919 651 errorem
959 607 1069 650 tum
1096 607 1436 667 grassantem
1471 599 1677 652 videas.
1713 598 1838 653 llzec

263 702 375 739 vero
402 688 707 741 Athanasii
774 703 892 741 aevo
920 688 1195 741 ascribere
1226 702 1329 740 non
1365 687 1489 741 licet
1518 705 1533 741 ε
1571 688 1659 741 ubi
1695 689 1838 742 enim

262 779 546 832 Athanasio
579 780 890 847 superstite
919 780 1102 833 videas
1131 779 1415 833 hmreticos
1445 780 1578 832 duas
1604 779 1655 833 iu
1681 778 1839 833 Chri-

264 878 335 920 sto
363 882 634 935 personas
668 883 798 923 esse
855 879 1039 937 aperte
1086 878 1140 921 et
1168 884 1375 921 summa
1403 868 1453 922 vi
1481 869 1833 923 contendere.

264 959 369 1013 llaec
390 960 558 1012 etiam
586 961 661 1013 ad
698 959 1087 1014 Nestorianum
1142 960 1397 1014 saeculum
1434 961 1729 1029 pertinere,
1757 959 1839 1013 in-

263 1050 425 1102 dicare
456 1049 684 1101 videtur
708 1048 895 1103 Codex
928 1049 1339 1119 antiquissimus
1371 1047 1710 1111 Basiliensis,
1741 1048 1832 1116 qui

262 1143 318 1194 ad
346 1141 675 1209 marginem,
718 1142 809 1195 ubi
847 1143 916 1195 de
944 1141 1110 1195 Paulo
1141 1142 1495 1195 Satnosateno
1524 1141 1723 1208 agitur,
1758 1140 1836 1193 sic

264 1229 404 1282 habet
427 1247 441 1282 :
473 1230 561 1281 ὅτι
604 1228 758 1300 ἀρχὴ
782 1229 885 1297 τῆς
928 1229 1223 1303 Νεποριου
1251 1228 1512 1298 αἱρέσεως
1534 1228 1562 1279 ὁ
1590 1229 1835 1298 tauma-

261 1319 391 1382 τεύς,
424 1320 475 1372 id
501 1324 619 1383 est,
655 1320 1003 1374 Nestoriana:
1031 1322 1219 1374 Itwresi
1251 1322 1459 1373 initium
1489 1322 1630 1373 dedit
1655 1320 1839 1373 Sumo-

262 1427 483 1472 satenus.
518 1419 605 1472 Ad
643 1419 764 1472 haec
794 1434 949 1480 vero,
977 1419 1077 1471 hoc
1103 1419 1152 1471 in
1180 1418 1439 1487 opusculo
1468 1416 1692 1472 affertur
1724 1419 1837 1471 lucc

261 1508 526 1575 apostolici
579 1509 719 1563 dicti
755 1510 941 1574 lectio,
983 1512 1011 1563 ὁ
1044 1508 1165 1572 θεὸς
1196 1507 1512 1579 ἐφανερώθη
1540 1510 1597 1560 ἐν
1629 1509 1791 1580 σαρκί
1820 1526 1833 1539 ·

265 1598 790 1666 Deusmanifestatus
824 1602 986 1652 estin
1032 1615 1231 1661 carne,
1287 1614 1405 1666 quas
1461 1600 1513 1652 in
1567 1600 1837 1654 nonnullis

260 1691 450 1746 Graecis
482 1694 902 1762 exemplaribus
934 1694 1190 1758 habetur;
1242 1694 1294 1747 in
1322 1694 1442 1747 aliis
1466 1708 1592 1747 vero
1622 1695 1832 1763 legitur,

257 1783 282 1834 ὅ
321 1782 642 1853 ἐφανερώθη
708 1785 769 1835 ὲν
808 1784 993 1854 σαρκί,
1037 1784 1188 1847 Quod
1245 1785 1637 1853 manifestatum
1670 1796 1744 1837 est
1781 1787 1835 1839 in

1942 595 2089 663 poris
2124 603 2301 647 notam
2326 611 2339 658 ;
2374 594 2466 648 sed
2498 594 2620 661 quia
2640 591 2899 659 ejusmodi
2925 595 3182 649 doctrina:
3208 610 3371 649 causa
3389 611 3509 650 cuiu

1940 684 2161 737 Arianis
2217 695 2507 752 pugnatum
2546 693 2649 745 est,
2708 693 2835 738 ante
2880 686 3081 754 scripta
3139 684 3508 740 Arianismum

1940 774 2307 841 oppugnantia
2336 773 2620 827 commode
2661 772 2889 826 locatur.
2942 772 3227 828 Tractatus
3262 775 3311 827 in
3350 776 3503 837 illud,

1940 865 2134 918 Omnia
2167 866 2295 919 milii
2328 867 2526 919 tradita
2552 878 2671 920 sunt
2705 885 2736 920 a
2768 866 2929 920 Patre
2968 869 3012 930 ’,
3051 870 3177 936 quia
3236 880 3361 922 ante
3407 871 3507 923 En~

1939 958 2074 1009 sehii
2106 956 2538 1013 Nicomediensis
2575 970 2804 1013 mortem
2850 959 3086 1027 scriptus
3123 958 3295 1013 fertur
3321 1001 3335 1025 ,
3388 974 3507 1029 qum

1938 1048 2317 1117 contigitanno
2342 1050 2468 1114 342,
2493 1052 2559 1103 ab
2581 1065 2723 1103 anno
2748 1047 2873 1112 359,
2900 1064 3003 1117 quo
3036 1050 3200 1103 redux
3232 1051 3298 1103 ab
3320 1050 3510 1105 exsilio

1938 1139 2273 1193 Athanasius
2294 1140 2676 1195 Alexandrinze
2703 1142 2814 1194 sedi
2848 1140 3129 1193 restitutus
3156 1148 3260 1203 est,
3293 1142 3355 1191 ad
3380 1140 3506 1200 542,

1938 1247 2045 1300 quo
2072 1232 2205 1285 obiit
2236 1232 2522 1295 Eusebius,
2550 1233 2781 1301 scriptus
2808 1230 2970 1284 fuerit
3000 1239 3231 1298 oportet.
3269 1231 3507 1299 Epistula

1937 1322 2205 1392 encyclica
2235 1338 2378 1377 anno
2398 1323 2522 1388 3H,
2545 1323 2845 1376 certissime
2875 1323 3077 1391 scripta
3111 1331 3214 1376 est.
3247 1321 3505 1390 Apologia

1940 1425 2122 1467 contra
2152 1412 2403 1477 Arianos,
2449 1429 2591 1468 anno
2617 1414 2835 1467 circiter
2858 1413 2983 1479 550,
3016 1414 3160 1467 edita
3193 1412 3312 1477 fuit,
3346 1423 3401 1465 nt
3427 1416 3507 1466 fa-

1941 1514 2081 1558 tetur
2116 1505 2228 1574 ipse
2261 1504 2663 1559 leemontins.
2714 1503 2858 1558 Libri
2908 1504 2980 1557 De
3010 1503 3244 1556 Nicteuis
3283 1506 3505 1557 decretis

1937 1606 1992 1651 et
2023 1596 2098 1650 De
2128 1598 2387 1650 sententia
2420 1596 2681 1665 Dionysii,
2719 1604 2836 1664 post
2871 1596 3098 1649 reditum
3145 1597 3423 1650 Athanasii
3474 1613 3503 1649 a

1936 1690 2177 1743 secundo
2209 1689 2406 1743 exsilio
2445 1697 2497 1741 et
2521 1698 2649 1741 ante
2682 1689 2898 1740 tertium
2932 1688 3177 1741 adornati
3219 1696 3362 1751 sunt,
3396 1688 3506 1741 sch-

1938 1781 2061 1835 licet
2113 1784 2180 1834 ab
2225 1794 2366 1833 anno
2396 1778 2500 1833 350
2564 1782 2629 1832 ad
2678 1778 2806 1841 55's,
2846 1786 2899 1829 ut
2956 1778 3026 1830 ibi
3082 1779 3502 1847 comprobatur;

258 1891 401 1927 carne
442 1876 483 1927 ‘.
520 1875 772 1929 Priorem
821 1891 951 1930 vero
1009 1877 1291 1929 lectionem
1350 1892 1624 1945 ttunquam
1659 1877 1830 1931 Atha-
1869 1855 1908 1912 Β
1939 1872 2173 1940 Epistola
2199 1873 2265 1925 ad
2292 1872 2660 1933 Dracontium,
2684 1871 2998 1923 imminente
3021 1870 3207 1922 ultimo
3227 1870 3506 1924 Athanasii

261 1967 429 2020 nasius
457 1967 512 2019 in
539 1967 768 2035 scriptis
799 1967 916 2019 Suis
945 1966 1123 2019 attulit
1149 1983 1163 2018 :
1194 1980 1300 2032 quo
1322 1967 1605 2020 manifeste
1628 1964 1831 2034 liqueat

259 2056 362 2123 ejus
387 2057 722 2126 exemplaria
758 2058 1110 2125 posteriorem
1131 2058 1380 2112 habuisse
1410 2074 1421 2109 :
1447 2072 1589 2120 nam,
1621 2058 1663 2111 si
1690 2059 1834 2125 prio-

261 2162 363 2202 rem
395 2149 543 2202 illam
575 2149 1069 2210 circutntulissent,
1104 2149 1278 2202 locum
1305 2162 1436 2201 sane
1467 2157 1655 2203 contra
1684 2150 1835 2201 Aria-

260 2254 346 2293 nos
377 2241 912 2309 opportunissimum
968 2240 1270 2293 sexcenties
1304 2249 1621 2307 usurpasset
1662 2240 1832 2292 Atha-

261 2333 454 2393 nasius,
487 2331 580 2399 qoi
617 2331 928 2385 incredibili
973 2330 1246 2399 diligentia
1296 2328 1608 2398 Scripturas
1642 2344 1833 2391 perve-

259 2421 491 2490 stigavit,
528 2430 585 2473 ut
621 2421 665 2474 si
699 2436 811 2489 qua
836 2431 1026 2474 contra
1058 2420 1255 2473 Christi
1298 2420 1480 2473 hostes
1508 2419 1667 2486 objici
1700 2434 1829 2487 pos-

260 2522 389 2575 sent,
413 2527 479 2564 ex
500 2526 659 2565 sacra
690 2526 831 2581 penu
863 2512 1227 2578 depromeret.
1251 2510 1341 2564 Hae
1363 2510 1520 2564 nobis
1549 2510 1828 2563 dubitandi

262 2615 469 2655 causae:
524 2602 722 2669 hisque
774 2601 1075 2669 perspectis
1118 2601 1387 2654 neminem
1419 2608 1548 2667 puto
1584 2613 1688 2653 non
1724 2600 1830 2653 ha:-

262 2693 566 2754 sitatnrum,
600 2692 704 2745 nisi
732 2693 862 2760 quid
887 2691 1109 2745 ulterius
1134 2691 1477 2745 decernatur.

330 2782 649 2837 Tractatum
693 2782 781 2836 cui
808 2782 1018 2845 titulus,
1050 2782 1355 2851 Quicunque
1385 2782 1574 2835 dixerit
1615 2783 1829 2836 verbum

265 2883 440 2927 contra
478 2872 687 2926 Filium
712 2874 969 2939 hominis,
1015 2875 1272 2942 Opinatur
1304 2872 1683 2928 Tillemontius
1712 2888 1832 2929 esse

270 2975 467 3032 partem
503 2963 748 3032 epistola:
782 2964 848 3017 ad
896 2963 1262 3018 Marcellinum
1294 2982 1307 3017 :
1350 2979 1457 3033 quo
1489 2965 1670 3021 videas
1724 2979 1829 3017 non

271 3054 457 3122 legisse
487 3070 612 3108 eum
668 3070 790 3123 quae
818 3056 885 3108 de
928 3054 1031 3109 hoc
1090 3053 1390 3123 fragmento
1438 3054 1690 3111 diximus.
1740 3054 1833 3109 Est

1937 1962 2038 2015 sub
2066 1962 2383 2015 Constantio
2439 1961 2632 2014 exsilio
2686 1976 2830 2015 anno
2865 1961 3083 2015 circiter
3109 1960 3234 2025 554,
3271 1961 3384 2029 ipso
3425 1960 3503 2013 lsi--

1937 2064 2081 2109 lente
2112 2054 2473 2108 Tillemontio.
2504 2054 2633 2119 Quae
2658 2064 2959 2124 sequuntur
2993 2055 3133 2107 haud
3158 2054 3336 2108 dubiis
3364 2056 3505 2108 notis

1933 2146 2011 2198 sic
2044 2145 2393 2199 ordinamus:
2448 2145 2680 2213 Epistula
2747 2146 2813 2198 ad
2850 2147 3138 2215 episcopos
3174 2144 3414 2216 Egyptii
3448 2158 3504 2199 et

1933 2236 2133 2306 Libyae,
2153 2252 2293 2289 anno
2320 2234 2423 2291 356
2445 2236 2725 2305 ;Apologia
2773 2239 2841 2290 ad
2865 2237 3250 2303 Constantium,
3269 2240 3455 2293 eodem
3486 2257 3502 2304 ;

1933 2328 2190 2397 Apologia
2213 2329 2277 2380 de
2301 2330 2453 2398 fuga,
2492 2344 2631 2382 anno
2664 2328 2805 2393 556;
2861 2331 3115 2399 Apologia
3152 2336 3219 2382 ad
3249 2330 3508 2384 Constan-

1934 2422 2089 2483 tiam,
2110 2420 2297 2474 eodem
2328 2441 2343 2481 ;
2386 2422 2642 2490 Apologia
2664 2422 2726 2473 de
2758 2420 2905 2491 fuga,
2938 2436 3081 2474 anno
3110 2422 3214 2476 557
3264 2422 3345 2475 vel
3377 2421 3503 2481 558.

1934 2511 2171 2581 Epistula
2206 2514 2271 2566 ad
2306 2511 2655 2580 Serapionem
2685 2513 2748 2564 de
2803 2524 2967 2565 morte
2996 2513 3109 2565 Arii
3150 2522 3205 2566 et
3263 2511 3503 2565 Historia

1932 2603 2258 2657 Arianorum
2292 2604 2361 2656 ad
2390 2603 2696 2667 monachos,
2732 2604 2924 2658 eodem
2955 2619 3096 2659 anno
3125 2604 3265 2668 558;
3295 2603 3506 2673 Oratio-

1936 2711 2031 2751 nes
2066 2706 2251 2751 contra
2294 2696 2527 2751 Arianos
2554 2697 2740 2752 eodem
2795 2698 3015 2751 circiter
3045 2707 3285 2765 tempore
3317 2696 3503 2765 profu-

1932 2801 2031 2853 gus
2059 2786 2311 2856 scripsit,
2345 2787 2659 2856 pariterque
2691 2786 2947 2856 epistolas
2978 2796 3209 2856 quatuor
3241 2788 3308 2841 ad
3339 2770 3515 2841 Sera?

1934 2880 2150 2950 pionem
2194 2889 2379 2934 contra
2435 2881 2668 2936 Arianos
2720 2889 2775 2935 et
2810 2880 3363 2943 Pncumatomechos;
3417 2880 3505 2934 Li.

1934 2973 2092 3025 brum
2114 2971 2192 3026 De
2217 2973 2434 3042 sgnodis
2454 2974 2896 3041 subsequentem,
2934 2988 3075 3025 anno
3100 2972 3203 3026 559
3227 2987 3244 3037 ;
3277 2970 3502 3025 Tomum

1931 3064 1998 3116 ad
2031 3063 2423 3127 Antiochenos,
2461 3079 2603 3117 anno
2631 3063 2757 3117 56‘2.
2793 3062 2917 3117 lltec
2954 3064 3189 3117 maxima
3224 3078 3347 3129 pars
3376 3078 3505 3131 ope-

268 3148 475 3213 quippe,
510 3154 567 3198 ut
600 3160 667 3199 ex
699 3144 920 3214 Optimis
952 3146 1223 3200 codicibus
1244 3155 1299 3200 et
1321 3160 1386 3200 ex
1408 3146 1547 3199 serie
1576 3159 1823 3214 compro-

1934 3169 2051 3208 rnm
2080 3154 2360 3211 Athanasii
2386 3171 2507 3209 cum
2531 3157 2719 3209 ordine
2748 3156 3026 3225 temporis,
3060 3166 3169 3208 tum
3185 3166 3503 3225 argumento

266 3237 523 3299 bavimus,
556 3251 685 3303 pars
732 3244 1007 3306 postrema
1032 3235 1269 3305 episton
1324 3247 1533 3305 quartae
1566 3234 1632 3289 ad
1664 3236 1827 3289 Sera-

265 3326 490 3393 pionem.
529 3327 660 3379 Vide
687 3341 809 3395 quas
843 3328 944 3380 hac
980 3327 1044 3381 de
1075 3342 1132 3381 re
1162 3342 1369 3381 necnon
1409 3328 1478 3382 de
1502 3327 1744 3395 epistolis
1765 3329 1830 3381 ad

266 3416 607 3485 Serapionem
636 3417 1030 3471 edisseruimus
1048 3434 1099 3487 p.
1121 3418 1243 3481 515,
1265 3420 1419 3472 initio
1431 3419 1679 3473 secunda
1702 3433 1831 3487 par-

266 3506 329 3559 tis
354 3508 414 3576 (t.
442 3508 529 3575 ll).
554 3508 751 3559 Earum
785 3508 987 3576 quippe
1014 3508 1209 3561 seriem
1245 3510 1385 3562 haud
1414 3509 1589 3563 dubiis
1618 3510 1831 3563 indiciis

265 3606 314 3649 et
337 3600 579 3652 codicum
615 3601 944 3652 auctoritate
974 3602 1430 3662 restauravimus;
1465 3601 1493 3651 ὁ
1521 3600 1831 3673 μακαρίτης

265 3700 386 3748 verr
417 3691 831 3759 ingravescente
877 3691 1065 3744 morbo
1098 3691 1150 3744 in
1186 3693 1550 3760 extremisque
1586 3706 1827 3757 versans,

269 3780 371 3833 hac
401 3797 505 3834 non
538 3780 951 3836 animadvertit.

328 3869 591 3923 Caeterum
654 3870 960 3940 fragmenta
996 3871 1049 3924 in
1075 3870 1380 3937 Leviticutn,
1418 3881 1471 3927 et
1502 3873 1556 3927 in
1600 3872 1828 3926 Paulum

265 3956 678 4022 Samosatenum,
702 3977 826 4030 quae
850 3963 971 4030 jure
998 3964 1304 4032 suspicatur
1336 3964 1424 4017 ille
1474 3964 1721 4019 alicunde
1744 3966 1830 4018 di-

268 4052 407 4105 vulsa
440 4053 629 4116 fuisse,
673 4070 773 4108 nos
838 4054 893 4107 in
943 4054 1162 4125 Syllaba
1200 4056 1267 4108 ad
1322 4054 1551 4109 frontem
1588 4056 1823 4125 Operam

263 4144 536 4198 Athanasii
571 4144 715 4200 unde
742 4154 1003 4212 excerpta
1036 4144 1235 4200 fuerint
1271 4146 1650 4203 indicavimus.

328 4235 509 4290 Restat
532 4246 592 4290 ut
615 4239 681 4291 de
704 4238 898 4291 ordine
924 4234 1155 4305 Operum
1190 4238 1467 4291 Athanasii
1490 4239 1675 4307 paucis
1704 4254 1830 4307 aga-

264 4329 827 4385 musz'l'dlemontius
869 4329 1067 4399 quippe
1096 4343 1258 4398 quam
1299 4331 1569 4385 tenuimus
1618 4341 1829 4399 tempo-

264 4422 330 4476 ris
360 4424 577 4486 seriem,
614 4438 718 4477 non
750 4421 976 4476 omnino
1010 4422 1285 4489 probatam
1321 4423 1420 4477 sibi
1455 4423 1777 4477 testificatur
1810 4439 1823 4475 :

1933 3245 2227 3307 cohaerent,
2260 3255 2315 3298 et
2355 3244 2597 3298 Arianiei
2662 3244 2922 3300 tumultus
2964 3244 3160 3298 seriem
3209 3244 3500 3311 quamdam

1932 3331 2208 3396 exhibent,
2240 3346 2302 3385 ac
2332 3346 2468 3401 pene
2504 3332 2680 3384 omnia
2722 3330 3004 3400 polentica,
3043 3332 3297 3385 historica
3343 3333 3503 3386 simul

1933 3429 1987 3473 et
2015 3422 2318 3490 dogmatica
2350 3432 2498 3476 sunt.
2529 3422 2618 3475 llla
2651 3438 2812 3491 porro
2856 3424 3160 3493 seiungere,
3206 3438 3267 3476 ac
3300 3423 3502 3476 distra-

1934 3513 2086 3575 here,
2119 3514 2458 3581 diversisque
2495 3513 2665 3565 titulis
2684 3528 2805 3566 cutr.
2839 3514 3017 3566 dubiis
3050 3513 3213 3565 etiam
3239 3512 3496 3582 operibus

1932 3601 2188 3670 permista
2245 3602 2511 3672 digerere,
2550 3610 2609 3655 ut
2674 3602 2901 3655 tentavit
2956 3601 3501 3666 Tillemmttius,cum

1935 3702 2081 3746 recta
2120 3692 2329 3745 ratione
2361 3692 2432 3745 ita
2464 3699 2703 3761 pugnat,
2746 3702 2803 3744 ut
2825 3691 3054 3746 libenter
3085 3692 3149 3745 ad
3177 3693 3349 3760 ipsum
3388 3691 3502 3745 Til-

1933 3779 2247 3834 letnontinm
2281 3781 2475 3834 melius
2503 3783 2838 3844 consultum,
2872 3782 2917 3835 si
2958 3783 3008 3833 in
3043 3781 3178 3836 vivis
3205 3791 3371 3845 esset,
3408 3796 3503 3850 ap-

1932 3872 2209 3940 pellarem.
2238 3870 2625 3941 Netniuemque
2661 3882 2789 3942 puto
2825 3872 2959 3935 fore,
2984 3873 3073 3941 qui
3110 3873 3222 3926 tunc
3252 3883 3504 3926 accurate

1933 3962 2244 4032 pet-legerit,
2279 3964 2407 4031 quin
2434 3964 2546 4017 haec
2578 3965 2762 4017 nativo
2821 3963 3012 4017 ordine
3042 3962 3329 4016 distributa
3385 3977 3527 4018 esse.

1932 4056 2243 4121 contendat,
2271 4064 2325 4109 et
2351 4055 2479 4124 quin
2504 4069 2645 4122 aegre
2673 4053 2817 4108 lerat
2852 4054 3011 4106 aliattt
3051 4054 3274 4123 proponi
3308 4055 3502 4107 seriem

1931 4161 1985 4201 et
2014 4146 2219 4201 ordinis
2254 4148 2537 4201 rationem.
2568 4144 2689 4199 llzec
2715 4146 2847 4199 satis
2871 4153 3031 4198 sunto
3061 4163 3073 4197 :
3117 4160 3242 4199 cuni
3272 4146 3503 4198 maxime

1932 4242 2072 4309 quod
2106 4241 2350 4295 ordinem
2382 4249 2434 4293 et
2458 4241 2654 4295 seriem
2686 4254 2914 4309 aperutn
2972 4237 3211 4306 cujusvis
3261 4237 3489 4305 Scripto-

1933 4332 2009 4385 ris
2034 4341 2266 4400 spectat,
2304 4332 2571 4385 arbitratu
2622 4341 2676 4385 et
2733 4340 2864 4383 nutu
2892 4316 3121 4399 quisque
3155 4326 3499 4396 snojudicet,

1931 4432 1985 4475 et
2011 4422 2102 4475 alii
2141 4422 2246 4475 alia
2289 4424 2427 4476 ratio
2453 4422 2729 4491 digerendi
2760 4421 2991 4491 placeat.
3030 4421 3269 4487 Exempli
3302 4433 3498 4482 causa;

263 4530 398 4580 nam,
433 4516 628 4584 inquit,
666 4513 994 4583 paucissima
1025 4524 1153 4567 sunt
1179 4513 1459 4567 Athanasii
1490 4528 1670 4582 Opera,
1711 4528 1830 4580 qua:
1863 4524 1905 4579 ι)
1931 4513 1974 4565 si
2008 4528 2190 4582 parem
2223 4514 2654 4567 'l‘illemontiaua:
2683 4527 2905 4580 Operam
2951 4512 3330 4579 suscepissem,
3364 4525 3499 4562 nun-

261 4621 360 4673 quo
410 4617 650 4675 tempore
681 4604 992 4673 conscripta
1040 4604 1240 4658 fuerint
1291 4605 1560 4673 assignari
1598 4604 1821 4658 valeat:

262 4716 418 4767 quare
445 4699 612 4752 alium
638 4698 730 4751 ille
766 4698 1015 4751 ordinem
1069 4696 1363 4751 secundum
1417 4697 1719 4765 argumenti
1773 4704 1828 4748 et

263 4793 487 4845 materiae
537 4791 805 4844 rationem
859 4786 1141 4856 confingit,
1197 4795 1249 4840 et
1310 4787 1650 4840 commodius
1702 4786 1825 4839 iniri

260 4898 404 4947 posse
446 4884 702 4937 wstimat.
738 4880 943 4935 Verum
979 4880 1090 4933 haec
1137 4878 1466 4933 Tillemontii
1514 4878 1825 4931 observatio

262 4988 321 5028 ne
352 4976 428 5028 vel
465 4975 736 5029 tantillum
775 4987 875 5025 nos
924 4987 952 5023 a
998 4972 1222 5040 pristino
1277 4972 1517 5023 instituto
1542 4969 1779 5023 dimovet
1810 4986 1822 5021 :

257 5072 370 5137 quia
394 5088 457 5125 ex
490 5073 748 5125 diuturna
782 5068 1069 5121 Athanasii
1104 5068 1430 5136 scriptorum
1472 5066 1821 5126 tractatione,

259 5162 663 5214 commodiorem
702 5166 892 5213 nostra
930 5171 1034 5208 non
1068 5171 1227 5224 posse
1257 5156 1359 5208 texi
1380 5157 1574 5208 seriem
1606 5170 1825 5222 compe-

261 5252 430 5305 rimus.
467 5252 759 5322 Siquidem
802 5254 990 5299 c0ntra
1027 5261 1187 5313 quam
1215 5254 1367 5314 putat
1420 5244 1820 5306 Tilletnontius,

257 5342 381 5397 inter
403 5348 675 5415 praecipua
712 5338 999 5393 Athanasii
1024 5351 1184 5405 opera
1217 5352 1381 5404 pauca
1412 5346 1558 5399 sunt,
1596 5350 1823 5403 quorum

253 5444 468 5503 tempus,
498 5434 732 5489 circiter
761 5427 990 5488 saltem,
1044 5429 1347 5496 ignoretur.
1377 5424 1509 5477 Nam
1546 5424 1654 5476 duo
1703 5424 1822 5477 lihri

247 5528 429 5583 Contra
455 5536 666 5601 gentes,
702 5522 803 5592 qui
864 5536 1053 5590 agmen
1088 5527 1276 5587 agunt,
1335 5526 1461 5570 ante
1494 5516 1820 5568 Arianorum

242 5625 513 5677 tumultum
550 5622 621 5674 ab
650 5614 963 5671 Athanasio
992 5610 1187 5678 juvene
1214 5606 1505 5677 conscriptl
1535 5616 1679 5661 sunt.
1717 5604 1831 5658 Ex-

300 5809 356 5866 ⁸1
386 5810 525 5865 Tim.
567 5821 657 5870 tit,
719 5799 804 5855 l6.
916 5801 935 5831 '
966 5795 1148 5851 Matth.
1186 5812 1259 5860 xt,
1292 5794 1375 5850 ΞΤ.

1931 4620 2092 4673 quam
2127 4605 2459 4659 induxissem
2492 4605 2755 4667 aniuunu,
2791 4613 2849 4657 ut
2886 4619 2969 4658 res
3003 4603 3286 4656 historiam
3312 4601 3500 4655 Eccle-

1929 4697 2023 4750 sia:
2046 4706 2355 4764 spectantes
2382 4697 2507 4749 vitis
2524 4705 2837 4750 sanctorum
2868 4707 2921 4749 ct
2948 4696 3183 4749 virorum
3211 4695 3498 4748 illustrium

1931 4786 2241 4855 singillatim
2280 4787 2568 4855 descriptis
2622 4788 2987 4851 includerem;
3042 4788 3183 4840 unde
3240 4786 3368 4840 illud
3401 4786 3500 4841 isn-

1929 4889 2218 4946 portunum
2254 4879 2471 4941 aeeidit,
2510 4889 2587 4943 ut,
2623 4895 2743 4933 cum
2778 4894 2860 4935 res
2893 4895 2941 4931 v.
2973 4896 3023 4949 g.
3058 4873 3289 4933 Nicatore
3312 4880 3499 4950 synodi

1929 4969 2049 5035 quis
2080 4968 2361 5037 perlegere
2387 4970 2535 5034 velit,
2558 4986 2661 5025 non
2693 4972 2792 5024 sub
2814 4987 2920 5024 uno
2947 4971 3100 5028 titulo
3128 4972 3309 5025 omnia
3341 4971 3500 5026 simul

1927 5061 2099 5126 posita
2132 5059 2527 5130 deprehendat;
2570 5063 2661 5116 sed
2703 5067 2767 5115 ad
2795 5058 3156 5129 Constantini,
3210 5063 3500 5117 Alexandri

1926 5150 2297 5216 Alexandrini,
2326 5152 2495 5216 llosii,
2543 5153 2847 5219 Athanasii,
2884 5155 3102 5209 Eusebii
3150 5153 3501 5208 Czesariensis

1925 5249 1980 5295 et
2005 5241 2229 5295 aliorum
2256 5240 2419 5309 Vitas,
2441 5244 2671 5299 diversis
2694 5246 2856 5299 etiam
2882 5248 2931 5299 in
2962 5247 3117 5299 tomis
3140 5245 3501 5311 conscriptas,

1934 5334 2279 5399 remittatur;
2316 5336 2525 5405 utquid
2558 5337 2748 5405 singuli
2784 5352 2969 5390 eorum
2998 5339 3184 5390 eadem
3219 5337 3268 5388 in
3294 5338 3502 5403 synodo

1932 5425 2141 5492 egerint
2172 5427 2418 5482 ediscere
2470 5438 2651 5497 queat.
2710 5430 2902 5485 Verum
2950 5443 3070 5496 quae
3120 5427 3249 5480 mihi
3284 5426 3497 5495 ingrata

1932 5526 2040 5584 est,
2071 5517 2484 5575 Tillemontiana
2512 5521 2674 5583 ratio,
2718 5520 2839 5573 aliis
2892 5520 3120 5572 fortasse
3168 5518 3496 5585 perjucunda

1934 5620 1981 5664 et
2017 5612 2236 5680 probata
2279 5614 2382 5667 erit
2412 5630 2423 5667 :
2451 5628 2623 5683 neque
2667 5628 2766 5681 ego
2792 5612 3148 5680 probantibus
3179 5618 3231 5667 et
3273 5610 3468 5665 laudati
