3990 6514
399 413 636 457 CLIXXVI

1774 397 2146 455 PROLEGOM
2156 398 2310 454 ENA.

400 517 560 573 cilem
617 528 670 572 et
699 516 1029 570 inaccessam
1069 529 1188 570 cam
1218 518 1265 572 si
1307 516 1389 571 vel
1427 516 1769 586 aliquatenus
1837 531 1988 570 asse-

2109 512 2257 571 ὦσαν
2299 518 2392 570 καὶ
2430 518 2530 571 οὐκ
2571 518 2800 590 ἔφικτὴν
2842 517 3062 582 τελείως
3107 517 3240 590 πρὸς
3290 518 3543 594 μίμησιν,
3577 515 3694 572 κᾶν»

399 626 652 682 qnatnnr,
689 627 791 664 non
829 611 1109 665 minimum
1142 610 1295 665 nobis
1335 611 1570 666 arbitror
1630 608 1823 664 alferre
1877 609 1988 663 fru-

401 713 571 756 ctum.
604 702 678 756 De
711 701 993 758 Athanasii
1015 703 1205 773 loquor
1234 703 1362 768 vita,
1394 718 1554 772 quam
1579 718 1673 757 ceu
1700 704 1984 772 quannlani

406 793 620 847 virtutis
642 794 953 848 t-olumnam
978 833 995 858 ,
1026 793 1278 848 omnibus
1309 795 1664 864 conspicuam
1700 803 1988 864 notamque

406 886 666 940 exhibere
690 887 950 943 conabor.
985 887 1303 957 Hnjnsmodi
1335 901 1568 956 namque
1605 886 1702 939 viri
1736 887 1875 946 vita.
1912 896 1988 940 tot

405 987 628 1048 propter
679 979 845 1033 Deum
913 978 1312 1034 calamitatibus
1366 977 1677 1047 perfuncti,
1731 986 1811 1031 tot
1870 989 1987 1032 tan-

407 1078 597 1137 tasque
642 1071 968 1126 mutationes
1020 1071 1261 1141 experti,
1322 1077 1429 1127 tam
1482 1069 1836 1138 frequentes,
1880 1080 1985 1122 tam

408 1161 587 1213 varias
621 1176 632 1211 :
675 1177 780 1215 non
823 1161 945 1216 tatis
972 1164 1128 1215 modo
1153 1170 1253 1224 est,
1287 1177 1406 1228 qua:
1445 1161 1626 1230 probis
1669 1160 1864 1214 animis
1889 1161 1984 1213 ad-

405 1250 750 1305 mirationem
804 1267 906 1305 una
949 1267 1072 1306 cum
1120 1252 1394 1321 Voluptate
1449 1251 1679 1318 afferat;
1734 1252 1825 1306 sed
1870 1267 1988 1320 quae

405 1340 529 1397 Πίος
587 1343 654 1397 ad
723 1344 1081 1414 philosophia:
1149 1345 1428 1408 studium,
1489 1345 1554 1397 ad
1615 1359 1989 1413 quamcunque

405 1431 566 1486 aliam
608 1433 899 1499 virtutem,
957 1450 1151 1505 spem,
1193 1435 1690 1503 magimnimitatem
1717 1476 1732 1499 ,
1776 1436 1988 1502 patien-

409 1525 538 1578 tiam
570 1528 1032 1595 opportunissime
1067 1528 1334 1582 instituat.
1372 1525 1525 1580 llaud
1559 1527 1718 1581 farile
1745 1527 1990 1597 profecto

408 1615 551 1670 illius
584 1609 732 1686 gesta
764 1617 947 1672 omnia
987 1633 1315 1686 percensere
1344 1634 1358 1671 :
1407 1635 1512 1674 non
1558 1620 1716 1674 modo
1752 1621 1892 1674 enim
1922 1622 1990 1674 ob

412 1709 836 1778 magnitudinem
865 1709 1075 1764 imitatn
1104 1711 1344 1766 difficilia
1369 1754 1382 1776 ,
1417 1712 1509 1765 sed
1552 1715 1715 1764 etiam
1761 1713 1829 1766 ob
1855 1713 1991 1766 mnl-

415 1801 695 1854 titndinem
730 1801 820 1854 vix
852 1804 1364 1859 suntenumeranda
1400 1821 1415 1858 :
1443 1820 1626 1858 verum
1653 1820 1772 1874 qme
1805 1806 1991 1860 audire

413 1893 757 1948 utilissimum
784 1894 888 1948 erit
918 1909 931 1945 :
958 1910 1077 1965 quae
1127 1896 1382 1966 quidem,
1415 1911 1517 1952 una
1561 1912 1680 1953 cum
1709 1898 1827 1953 aliis
1857 1940 1871 1966 ,
1894 1916 1991 1954 ex-
2027 1886 2067 1939 Β

411 1983 618 2055 plorata
649 1983 829 2038 multis
855 1993 1000 2040 sunt.

482 2169 862 2226 2.’Athanasio
904 2171 1069 2242 igitur
1099 2173 1270 2241 patria
1312 2171 1414 2228 fuit
1458 2173 1587 2228 urbs
1644 2173 1696 2229 in
1758 2173 1993 2244 AEgypto

413 2254 766 2318 celeberrima
789 2263 1137 2322 Alexandria.
1175 2265 1434 2322 Parentes
1475 2267 1598 2321 aliis
1625 2267 1827 2323 virtute
1855 2283 1994 2336 prm-

414 2355 746 2424 stantiores;
785 2360 878 2412 sed
929 2357 1038 2412 lilio
1088 2367 1264 2412 tamen
1315 2358 1404 2412 uni
1457 2358 1784 2426 inferiores,
1826 2368 1884 2412 ut
1927 2373 1991 2413 ex

415 2448 593 2507 fructu
623 2450 818 2514 arbor,
847 2465 914 2505 ex
960 2451 1201 2519 germine
1244 2449 1435 2512 radix,
1486 2449 1744 2518 majorem
1801 2465 1995 2505 conse-

415 2549 674 2610 queretur
705 2539 938 2595 laudem.
974 2540 1140 2610 Cujus
1184 2539 1349 2593 animi
1395 2540 1702 2609 ingenuitas
1753 2540 1993 2594 liberali-

417 2647 608 2704 tasqne
633 2676 648 2701 ,
680 2650 869 2690 sanum
909 2650 973 2690 ac
1017 2644 1276 2697 constans
1321 2635 1596 2706 ingenium
1624 2675 1639 2702 ,
1670 2637 1842 2706 pietas
1867 2651 1994 2706 erga

420 2727 617 2791 Deum,
661 2727 949 2795 propensio
998 2728 1064 2780 ad
1116 2728 1446 2796 spiritualia,
1475 2729 1660 2783 statim
1689 2744 1718 2782 a
1763 2730 1994 2798 pueritia

417 2805 658 2873 emicuit.
724 2815 959 2870 Vixdum
1019 2817 1161 2871 enim
1233 2827 1545 2871 excesserat
1611 2818 1679 2872 ab
1743 2818 1992 2885 infantia,

432 2908 649 2976 quando
677 2909 758 2977 (ut
789 2907 922 2962 solet
950 2907 1036 2965 illa
1068 2917 1200 2961 artas
1239 2906 1376 2962 Indis
1403 2950 1417 2974 ,
1450 2917 1502 2961 et
1551 2907 1837 2977 aequalium
1865 2924 1993 2963 con-

418 2999 588 3054 sortio
614 3001 851 3070 gaudere
876 3037 891 3058 .
924 2998 994 3050 ob
1031 2997 1194 3050 animi
1250 2997 1689 3067 simplicitatem)
1720 2999 1786 3051 ad
1827 2999 1999 3067 quod-

419 3090 542 3143 dam
569 3089 736 3144 maris
771 3087 920 3142 littus
941 3102 1062 3141 cum
1092 3087 1389 3155 :equalibus
1418 3088 1506 3142 ille
1536 3089 1787 3150 accessit.
1821 3089 2000 3144 visus-

419 3195 526 3252 que
563 3191 645 3237 est
675 3181 747 3236 ibi
786 3179 958 3249 jocari
987 3197 1112 3234 cum
1155 3179 1277 3234 illis.
1301 3181 1385 3249 .At
1416 3195 1502 3235 res
1547 3181 1686 3234 seria
1731 3181 1877 3237 lusus
1912 3182 1999 3238 ille

420 3285 572 3339 erat,
607 3284 768 3342 atque
792 3273 1092 3328 futurormn
1119 3273 1331 3342 signum
1362 3314 1378 3338 ,
1407 3289 1616 3328 necnon
1653 3274 1873 3330 occasio
1904 3274 2002 3329 fuit
2029 3245 2072 3310 ο

422 3367 854 3437 etprincipium,
888 3382 996 3436 quo
1032 3367 1099 3419 ad
1133 3366 1223 3420 Dei
1277 3365 1594 3420 famulatum
1639 3369 1892 3422 accessit.
1945 3367 2002 3422 In

425 3459 552 3513 ludo
584 3474 818 3528 namque
861 3459 1013 3528 pueri
1045 3459 1386 3512 sacerdotmn
1427 3459 1730 3513 ministeria
1763 3460 1958 3514 imitati
1989 3501 2004 3524 ,

426 3548 782 3603 Athanasium
814 3547 1071 3601 ordinant
1097 3546 1447 3615 episcopmn;
1485 3562 1549 3601 ac
1568 3547 1659 3616 qui
1691 3547 1743 3601 in
1782 3549 2007 3620 presby-

431 3651 577 3696 teros
603 3649 654 3695 et
695 3639 952 3694 diaconos
985 3637 1224 3706 deputati
1254 3646 1422 3698 ,erant
1448 3679 1463 3702 ,
1512 3639 1873 3695 admovebant
1903 3641 2007 3711 ipsi

430 3748 627 3803 pueros
659 3731 926 3800 baptismo
957 3731 1193 3783 nondum
1230 3727 1546 3799 obsignatas
1577 3771 1592 3795 ,
1621 3739 1678 3784 ut
1709 3731 1778 3786 ab
1807 3747 1873 3787 eo
1899 3735 2008 3787 tin—

432 3834 706 3891 gercntur.
746 3822 886 3876 Tum
932 3820 1019 3874 ille
1042 3819 1223 3872 omnia
1249 3821 1538 3874 constituta
1571 3821 1672 3877 rite
1702 3822 2006 3893 perficiens;

433 3931 632 3987 pueros
665 3930 805 3984 aqua
832 3913 1044 3968 marina
1088 3914 1724 3982 baptizatos,videbatur
1757 3915 1895 3972 velle
1913 3917 2004 3972 ali-

431 4023 536 4075 qua
567 4006 935 4061 admonitione
981 4006 1276 4060 cohortari.
1318 4005 1419 4082 Qui
1467 4022 1594 4062 vero
1634 4008 2012 4064 Alexandrina:

435 4112 548 4154 tum
573 4109 801 4170 prmeral
833 4099 1085 4154 Ecclesia:
1123 4100 1279 4154 divus
1321 4100 1624 4156 Alexander
1648 4143 1664 4166 ,
1701 4112 1889 4158 nactus
1916 4104 2012 4158 ali-

435 4209 596 4266 quam
643 4192 980 4264 negotiorum
1021 4192 1478 4248 intermissionem
1511 4235 1527 4260 ,
1570 4194 2015 4266 aliquantumque

434 4302 639 4342 vacans
677 4302 704 4340 a
749 4284 910 4341 rebus
960 4285 1107 4352 suis,
1137 4300 1259 4340 cum
1295 4286 1579 4341 recreandi
1631 4286 1796 4341 animi
1849 4303 2010 4343 causa

429 4377 728 4446 jucundum
785 4379 951 4434 maris
1000 4391 1272 4448 aspectum
1321 4379 1497 4434 oculis
1534 4379 2011 4448 contemplaretur,

435 4475 625 4535 ridens
661 4473 788 4527 huic
824 4470 950 4526 ludo
987 4482 1270 4526 vacmnem
1304 4470 1696 4535 Athanasium,
1730 4484 2014 4544 postquam

2091 608 2182 661 ἐπὶ
2217 607 2380 661 ποσὸν
2412 608 2468 662 δὲ
2499 609 2648 680 ὅμως
2681 609 3076 682 κατορθωθείη,
3107 611 3208 663 οὐκ
3240 609 3524 682 ἐλάχιστον
3550 611 3682 680 ημῖν

2091 699 2280 771 κέρδος
2307 701 2710 772 παρεχομένην,
2751 701 3068 755 Ἀθανασίου
3107 702 3249 772 φημὶ
3288 701 3380 754 τοῦ
3416 701 3682 772 μεγάλου,

2088 791 2293 862 ταύτην
2359 792 2549 864 ῶσπερ
2603 792 2727 846 τινὰ
2778 792 2980 863 στήλην
3033 792 3232 862 ἀρετῆς
3299 791 3543 863 ἔμψυχον
3590 791 3686 842 καὶ

2089 883 2377 949 ἀθάνατον,
2413 884 2648 955 διαφανῆ
2693 885 2824 937 πᾶσι
2868 883 2962 936 καὶ
3007 880 3284 953 γνώριμον
3340 882 3684 951 καταστῆσαι

2091 976 2442 1047 πειράσομαι.
2491 976 2706 1046 Ἀννδρὸς
2739 977 2845 1046 γὰρ
2883 974 3125 1028 τοιούτου
3171 973 3312 1044 βίος,
3357 973 3450 1026 καὶ
3487 973 3686 1027 τοσαύ-

2087 1089 2209 1134 ταις
2277 1071 2377 1140 μὲν
2439 1069 2530 1125 διά
2588 1070 2720 1124 Θεὸν
2783 1067 3083 1138 πληγέντος
3138 1069 3258 1130 ταῖς
3330 1070 3682 1138 συμφοραίςο

2087 1163 2352 1225 τοσαύτας
2387 1164 2443 1217 δὲ
2489 1165 2578 1222 καὶ
2623 1162 2924 1233 μεταϐολὰς
2966 1161 3330 1223 ὑποστάντος,
3370 1161 3467 1213 καὶ
3510 1158 3687 1223 οὕτως

2090 1257 2260 1322 αύτὰς
2294 1255 2730 1326 ἀλλεπαλλήλους
2779 1255 2872 1308 καὶ
2923 1253 3362 1325 ἀγχιστρόφους,
3404 1253 3474 1306 οὐ,
3522 1251 3696 1322 μόνον.

2095 1350 2276 1413 ἱκανὸς
2333 1349 2486 1402 ἔσται
2537 1349 2631 1402 καὶ
2687 1347 2874 1411 ἁπλῶς
2930 1346 3260 1418 ἀκουόμενος
3319 1345 3504 1416 θαῦμα
3566 1343 3685 1414 μεθ’

2091 1439 2286 1511 ἡδονῆς
2319 1438 2551 1492 ἐνθεῖναι
2597 1441 2715 1501 ταῖς
2772 1437 3090 1507 φιλαγάθοις
3133 1436 3364 1507 ψυχαῖς,
3410 1433 3551 1487 ἀλλά
3593 1432 3688 1486 καὶ

2094 1531 2432 1601 φιλοσοφίαν.
2456 1530 2626 1593 αὑτὰς
2664 1529 2800 1600 μετά
2831 1530 2932 1600 τῆς
2972 1528 3139 1599 ἀλλης
3183 1525 3416 1599 ἀρετῆς,
3459 1524 3683 1587 ἐλπίδα,

2097 1622 2520 1693 μεγαλοψυχίαν,
2547 1620 2842 1693 ὑπομονὴν,
2875 1620 3164 1673 παιδεῦσαι
3193 1617 3554 1690 καιριώτατος
3582 1616 3692 1685 (η)..

2096 1718 2279 1770 Πάντα
2319 1717 2416 1787 μὲν
2455 1711 2546 1768 οὖν
2583 1715 2642 1767 οὑ
2673 1713 2853 1785 ῥᾴδιον
2891 1711 2962 1764 τά
3005 1710 3215 1764 ἐκείνου
3256 1707 3548 1774 διεξιέναι·
3578 1705 3689 1759 είσὶ

2095 1810 2204 1881 γὰρ
2240 1809 2298 1861 ού
2342 1806 2682 1877 μιμήσασθαι
2730 1805 2887 1875 μόνον
2919 1802 3007 1856 διά
3043 1803 3104 1855 τὸ
3161 1800 3388 1872 μέγεθος
3433 1797 3686 1870 χαλεπὰ.

2097 1900 2234 1955 ἀλλὰ
2267 1901 2362 1952 καὶ
2406 1897 2481 1967 τῷ
2515 1897 2712 1969 πλήθει
2753 1895 2978 1949 διελθεῖν
3015 1892 3284 1964 δυσχερῆ·
3327 1890 3441 1952 ἀλλ’
3474 1892 3590 1946 ὃσα,
3622 1906 3693 1958 γε,

2099 1993 2192 2047 καὶ
2220 1991 2436 2045 ἀκούειν
2461 1989 2876 2062 ὠφελιμώτερα,
2909 1988 3001 2040 καὶ
3039 1987 3152 2050 τοῖς
3188 1984 3400 2048 πολλοῖς
3433 1983 3550 2054 ἅμα
3577 1982 3689 2035 τῶν

2099 2083 2271 2140 ἄλλων
2308 2087 2425 2138 ἐστι
2463 2080 2880 2154 γνωριμώτερα.

2169 2180 2224 2236 2.
2280 2177 2582 2248 Ἀθανασίῳ
2612 2175 2790 2228 τοίνυν
2822 2175 3021 2244 πατρὶς
3064 2173 3162 2244 μὲν
3197 2173 3230 2244 ἡ
3260 2173 3380 2225 κατ’
3410 2170 3698 2240 Αἴγυπτον

2099 2271 2502 2342 ὀνομαστοτάτη
2545 2267 2750 2330 πόλεων
2781 2265 3155 2336 Ἀλεξάνδρεια
3177 2281 3190 2293 ·
3227 2263 3463 2335 πατέρες
3489 2262 3547 2315 δὲ
3577 2261 3698 2315 τῶν-

2105 2365 2200 2434 μὲν
2231 2360 2404 2416 ἄλλων
2450 2359 2816 2428 διενεγκόντες
2864 2355 2960 2427 τὴν
2997 2355 3220 2426 ἀρετὴν,
3271 2354 3435 2425 μόνου
3484 2353 3543 2406 δὲ
3588 2351 3688 2409 τοῦ

2102 2453 2289 2518 παιδὸς
2322 2453 2651 2522 λειπόμενοι,
2681 2449 2756 2512 ὡς
2793 2451 2858 2502 ὲκ
2887 2447 2982 2501 τοῦ
3018 2445 3232 2518 καρποῦ
3272 2445 3469 2517 μᾶλλον
3494 2446 3558 2498 τὸ
3597 2462 3692 2514 φυ-

2100 2549 2212 2612 τδν,
2240 2548 2335 2602 καὶ
2355 2548 2454 2618 τὴν
2479 2545 2632 2617 ῥίζαν
2664 2546 2727 2598 ὲκ
2753 2541 2846 2597 τοῦ
2889 2540 3118 2613 βλαστοῦ
3155 2540 3578 2612 μακαρίζεσθαι.
3613 2532 3691 2593 υῧ

2103 2644 2194 2696 καὶ
2221 2641 2282 2695 τὸ
2316 2643 2415 2712 τῆς
2453 2639 2629 2710 ψυχῆς
2663 2637 2884 2706 εὐγενές
2920 2653 2978 2688 τε
3015 2635 3107 2688 καὶ
3139 2633 3462 2704 ἐλευθέριον,
3505 2633 3602 2687 καὶ
3629 2633 3702 2689 τδς

2104 2737 2255 2805 ὑγιὲς
2290 2734 2382 2788 τοῦ
2414 2733 2575 2804 ἤθους
2597 2731 2690 2784 καὶ
2719 2730 3000 2799 στάσιμον,
3024 2728 3058 2798 ἦ
3081 2743 3139 2780 τε
3167 2726 3301 2798 πρὸς
3343 2725 3476 2778 Θεδν
3507 2723 3693 2785 νεῦσις

2104 2828 2198 2882 καὶ
2233 2829 2266 2898 ἡ
2313 2825 2442 2896 περὶ
2487 2821 2559 2876 τά
2593 2818 2938 2891 πνευματικά
2973 2817 3142 2890 ῥοπὴ,
3184 2818 3248 2870 ὲκ
3290 2815 3478 2880 παιδὸς
3529 2816 3695 2879 εὐθὺς

2103 2916 2426 2987 διεφαίνετο.
2453 2915 2611 2985 Ἀρτι
2652 2911 2762 2983 γὰρ
2793 2909 2890 2982 τὴν
2923 2908 3030 2962 τῶν
3059 2907 3266 2980 νηπίων
3302 2905 3550 2976 ἀμείϐων
3578 2903 3695 2981 ἡλι-

2105 3009 2227 3062 κίαν
2283 3006 2407 3078 (καὶ
2457 2999 2546 3058 οἷα
2583 3004 2828 3072 πέφυκεν
2864 2999 3005 3070 αὕτη
3049 2999 3288 3061 παιδιαῖς
3336 2997 3424 3051 ἀεὶ
3483 3009 3696 3068 χαιρειν

2105 3103 2199 3156 καὶ
2227 3099 2502 3171 ὁμηλίκων
2544 3095 2851 3158 συνουσίαις
2877 3093 2943 3146 δι’
2981 3091 3299 3162 ἁπλότητα),
3332 3091 3550 3161 ἔρχεται
3600 3087 3694 3142 καὶ

2105 3186 2260 3254 οὗτός
2322 3206 2453 3243 ποτε
2530 3186 2667 3258 μετά
2731 3184 2839 3237 τῶν
2901 3181 3201 3254 ἡλικιωτῶν
3263 3180 3354 3232 ἐπί
3418 3196 3540 3232 τινα
3595 3178 3695 3247 τῆς

2107 3283 2382 3351 θαλάσσης
2417 3281 2607 3350 ἀκτήν.
2648 3278 2758 3332 Καὶ
2798 3273 3124 3346 συμπαίζειν
3177 3272 3274 3343 μὲν
3319 3271 3503 3333 αὐτοῖς
3546 3269 3698 3341 παρά

2106 3378 2224 3438 ταῖς
2253 3374 2438 3444 ὄχθαις
2471 3371 2675 3435 ἐδόκει,
2711 3367 2915 3438 σπουδὴ
2947 3366 3004 3418 δὲ
3031 3361 3099 3436 ἦν
3136 3361 3352 3434 ἀληθῶς
3401 3364 3435 3432 ἡ
3476 3361 3695 3427 παιδιά,

2109 3469 2202 3520 καὶ
2237 3466 2346 3521 τῶν
2378 3465 2678 3536 μελλόντων
2707 3463 2767 3516 οὐ
2808 3459 2976 3523 τύπος
3022 3458 3200 3528 μόνον,
3238 3455 3374 3510 ἀλλά
3421 3454 3518 3508 καὶ
3559 3453 3697 3525 πρό-

2110 3575 2273 3628 φασις
2309 3555 2610 3626 Ἀθανασίῳ
2641 3553 2734 3606 καὶ
2761 3550 2982 3622 ἀπαρχὴ
3011 3549 3109 3617 τῆς
3149 3547 3286 3618 πρὸς
3315 3545 3448 3597 Θεὸν
3483 3542 3702 3596 οἰκειώ-

2113 3668 2272 3714 σεως.
2328 3648 2784 3718 Ὑποκρινάμενοι
2837 3642 2945 3720 γὰρ
2991 3643 3047 3693 ἐν
3098 3642 3164 3710 τῇ
3217 3637 3406 3707 παιδιᾷ
3457 3634 3529 3688 τά
3592 3634 3702 3691 τῶν

2115 3747 2302 3817 ἱερέων
2329 3745 2378 3797 oi.
2413 3743 2637 3806 παῖδες,
2674 3737 2992 3796 ’Δθανάσιον
3038 3734 3135 3804 μὲν
3192 3730 3490 3785 ἐπίσκοπον
3539 3727 3706 3797 δῆθεν

2111 3834 2528 3910 χειροτονοῦσιν·
2559 3833 2712 3886 αὐτοὶ
2740 3830 2817 3895 δὲ,
2848 3831 2927 3893 είς
2950 3824 3352 3898 πρεσϐυτέρους
3387 3819 3580 3892 ῶσπερ
3610 3819 3703 3872 καὶ

2112 3930 2394 3995 διακόνους
2422 3927 2828 4000 ἀφορισθέντες,
2858 3921 3129 3994 προσῆγον
3161 3916 3308 3987 αὐτῷ
3350 3913 3548 3977 παῖδας
3588 3911 3701 3966 ἐτέο

2117 4041 2243 4097 ρους
2288 4021 2697 4094 ἀσφραγίστους
2740 4016 2820 4069 ἔτι
2864 4012 2942 4084 τῷ
2981 4011 3110 4081 θείῳ
3157 4007 3524 4097 βαπτίσματι,
3561 4003 3704 4057 ῶστε

2117 4096 2208 4169 ὕπ’
2236 4111 2400 4167 αὐτοῦ
2452 4107 2832 4181 βαπτισθῆναι.
2864 4105 3132 4166 Κάκεῖνος
3177 4101 3354 4154 πάντα
3394 4096 3570 4151 τελῶν
3615 4098 3704 4150 ἐπ’

2117 4208 2301 4268 αὐτοῖς
2357 4203 2442 4272 (b)
2510 4201 2580 4254 τὰ
2639 4196 3035 4268 νενομισμένα,
3089 4193 3182 4247 καὶ
3240 4190 3515 4261 θαλαττίῳ
3576 4190 3704 4252 τοὺς

2118 4280 2315 4360 παῖδας
2346 4294 2622 4368 βαπτίζων
2657 4292 2829 4354 ὕδατι,
2865 4287 3026 4356 ἐῴκει
3072 4283 3356 4357 βούλεσθαί
3388 4298 3538 4346 τινος
3566 4279 3708 4355 πρὸς

2118 4391 2315 4452 αὐτοὺς
2383 4386 2478 4440 καὶ
2539 4383 2917 4456 παραινέσεως
2981 4379 3242 4448 ἅψασθαι.
3285 4379 3342 4429 '0
3405 4375 3543 4444 γοῦν
3606 4375 3708 4444 τῆς

2133 4479 2539 4550 Ἀλεξανδρέων·
2579 4474 2880 4547 τηνικαῦτα
2931 4469 3208 4543 προεστὼς
3269 4469 3410 4531 θεῖος
3449 4466 3702 4532 Ἀλέξαν-

437 4581 544 4621 non
577 4566 846 4624 modicum
889 4563 1148 4633 temporis
1180 4563 1488 4631 spectaculo
1534 4565 1773 4619 intentus
1814 4567 2004 4622 consti-

2117 4579 2260 4648 δρος,
2302 4572 2496 4644 σχολὴν
2539 4569 2647 4623 τῶν
2698 4572 2755 4627 ὲν
2793 4568 2981 4640 χερσὶν
3013 4567 3180 4634 ἀγων,
3212 4563 3304 4618 καί
3348 4580 3455 4616 τινι
3507 4561 3708 4632 μετρία

436 4659 613 4721 tisset,
648 4657 801 4713 valde
829 4672 942 4712 rem
978 4656 1314 4722 admiratus,
1345 4670 1543 4726 pueros
1573 4655 1756 4712 statim
1786 4659 2013 4714 accivit:

435 4766 499 4804 ae
526 4750 934 4818 qnihuscunque
976 4763 1098 4801 cum
1136 4749 1418 4803 Athanasii
1453 4764 1601 4817 pura:
1641 4765 1834 4806 manus
1859 4791 1874 4814 ,
1907 4762 2016 4805 tum

440 4842 512 4895 illi
540 4841 846 4898 divinorum
879 4849 1269 4909 praeceptorum
1309 4842 1377 4896 ali
1405 4840 1632 4895 infantia
1659 4842 1870 4898 diaconi
1903 4845 2020 4898 sive

438 4932 717 4998 ministri,
758 4947 853 4988 ceu
897 4931 1185 5001 quamdam
1227 4932 1277 4992 iu
1316 4932 1534 4995 Christo
1572 4932 1731 5000 sigilli
1785 4932 2012 4987 formam

441 5025 848 5093 imposuerant;
885 5035 978 5074 cos
1006 5021 1094 5075 ille
1125 5032 1370 5092 prompta
1399 5038 1563 5083 manu
1589 5023 1800 5093 innugit
1820 5065 1836 5088 ,
1861 5026 2017 5094 quasi

441 5118 792 5170 honestarum
817 5113 1096 5169 Athanasii
1135 5123 1517 5183 prznmaturam
1555 5129 1809 5170 manuum
1848 5115 2020 5188 impo-

441 5210 693 5262 sitionem
728 5214 1103 5269 revereretur;
1129 5221 1303 5282 neque
1331 5205 1538 5258 irritam
1574 5203 1876 5259 faciendam
1900 5223 2021 5259 esse

437 5300 731 5370 judicaret.
762 5298 884 5354 Illos
905 5335 920 5362 ,
953 5297 1171 5365 inquam
1190 5336 1206 5362 ,
1241 5297 1450 5369 inungit
1479 5313 1543 5350 ac
1567 5296 1892 5364 baptismate
1919 5298 2021 5351 ini-

445 5403 561 5446 ttat.
597 5389 836 5449 Necdum
892 5389 1036 5444 enim
1087 5390 1330 5452 initiatos
1372 5388 1539 5450 fuisse
1571 5385 1684 5454 jam
1723 5403 1886 5456 supra
1939 5389 2022 5442 di-

442 5493 590 5537 ctum
617 5493 719 5536 est.
763 5481 940 5551 lpsmn
974 5489 1154 5534 autem
1185 5480 1543 5534 Athanasium
1571 5518 1584 5542 ,
1623 5478 1832 5532 dulcem
1873 5479 2020 5533 illum

446 5574 662 5628 virtutis
721 5575 908 5628 ﬂorem
939 5589 952 5624 :
987 5571 1414 5626 amantissimam
1457 5569 1693 5640 plantam
1715 5609 1728 5632 ,
1754 5569 1860 5636 jam
1891 5580 2024 5625 tem-

441 5663 692 5730 pestivis,
731 5665 841 5721 imo
883 5665 1224 5734 praematuris
1273 5662 1500 5735 Spiritus
1536 5661 1801 5714 fructibus
1844 5661 2020 5731 pullu-

518 5775 596 5853 (ιή
633 5779 866 5853 (ξοιίιει-ι.
893 5782 949 5844 ‘2,
981 5781 1335 5853 rapidiung

520 5851 595 5918 (ρ)
639 5849 727 5914 Sic
753 5859 862 5906 tres
889 5868 1017 5907 tuas.
1054 5849 1220 5908 recte.
1247 5851 1391 5906 Edilt
1416 5863 1566 5918 vero,
1595 5849 1682 5902 ὑπ’
1711 5849 1898 5916 aliis.

2121 4669 2243 4730 δοὺς
2272 4665 2462 4719 ἑαυτὸν
2492 4663 2705 4724 ἀνέσει,
2737 4661 2834 4724 τὰς
2871 4659 3025 4729 ὄψεις
3067 4674 3126 4710 τε
3158 4660 3270 4720 τοῖς
3302 4656 3546 4726 ἡδίστοις
3588 4656 3713 4707 ἑπι-

2123 4755 2300 4812 6αλὼν
2342 4757 2442 4824 τῆς
2475 4753 2750 4822 θαλάσσης
2797 4749 3064 4822 θεάμασι,
3109 4749 3202 4800 καὶ
3250 4745 3436 4816 παιδιᾷ
3482 4745 3713 4824 τοιαύτῃ

2123 4846 2404 4919 χρώμενον
2443 4843 2566 4898 ἰδὼν
2613 4831 2952 4903 Ἀθανάσιον,
2986 4837 3186 4901 ἱκανῶς
3223 4853 3282 4889 τε
3314 4839 3382 4906 τῇ
3417 4835 3520 4906 θέα
3549 4823 3714 4907 προσ-

2125 4937 2431 5008 διατρίψας,
2461 4937 2555 4988 καὶ
2591 4935 2732 4988 πάνυ
2772 4931 2972 5002 σφόδρα
3019 4929 3305 4998 θαυμάσας
3338 4927 3460 4989 καθ’
3493 4928 3712 4991 ἑαυτὸν,

2127 5029 2248 5096 ἄγει
2289 5029 2414 5090 τοὺς
2463 5025 2657 5086 παῖδας
2709 5020 2899 5082 εὐθύς·
2938 5017 3265 5073 καὶτούτων
3311 5019 3459 5082 ὅσοις
3517 5018 3617 5088 μὲν
3660 5019 3714 5070 αἱ

2128 5120 2368 5190 καθαραὶ
2414 5121 2594 5188 χεῖρες
2645 5112 2961 5168 Ἀθανασίου
3012 5112 3108 5164 καὶ
3153 5111 3313 5164 θείων
3363 5111 3599 5172 ἐντολῶν
3651 5114 3718 5170 ὲκ

2127 5213 2320 5284 νηπίου
2349 5211 2607 5274 διάκονοι,
2641 5207 2890 5277 καθάπερ
2923 5207 3045 5258 τινὰ
3076 5203 3244 5257 τύπον
3276 5203 3374 5272 τῆς
3409 5205 3466 5261 ὲν
3495 5203 3717 5274 Χριστῷ

2131 5301 2427 5373 σφραγῖδος
2475 5299 2770 5360 ἐπέϐαλον,
2811 5295 3032 5359 τούτους
3096 5293 3365 5365 προθύμῳ
3415 5293 3563 5363 χειρὶ
3624 5294 3718 5353 καὶ

2130 5393 2290 5454 αὐτὸς
2327 5390 2586 5462 ὲπιχρίει,
2622 5386 2710 5442 οἷα
2755 5387 2855 5459 τὴν
2898 5384 3004 5440 τῶν
3052 5385 3232 5441 καλῶν
3281 5383 3509 5437 ἐκείνων
3559 5381 3718 5436 Ἀθας

2131 5486 2319 5538 νασίου
2370 5483 2569 5554 χειρῶν
2619 5481 2865 5535 ἐπίθεσιν
2917 5481 3010 5534 καὶ
3059 5479 3130 5550 (ι’)
3187 5477 3294 5549 πρὸ
3347 5478 3445 5546 τῆς
3496 5475 3719 5546 ἡλικίας

2127 5576 2468 5646 δυσωπηθεὶς
2508 5576 2602 5630 καὶ
2651 5574 2887 5645 ματαίαν
2919 5572 3088 5626 θεῖναι
3124 5571 3200 5642 μὴ
3229 5568 3562 5632 δικαιώσαςο
3595 5570 3719 5622 ἑπι-

2132 5669 2272 5742 χρίει
2305 5670 2482 5723 τοίνυν
2527 5669 2722 5731 αὐτοὺς
2766 5668 2860 5722 καὶ
2891 5665 3086 5719 τελειοῖ
3126 5663 3211 5718 διά
3259 5663 3354 5718 τοῦ
3406 5663 3717 5738 βαπτίσμα-

2205 5779 2275 5853 (ρ)
2308 5780 2460 5837 Culb.
2495 5788 2549 5844 ε,
2582 5779 2698 5834 κεν.
