3990 6566
489 420 769 460 CLXXXVIII

1871 395 2413 452 PROLEGOME‘NA.

488 533 599 578 tum
636 517 980 590 imperatoris
1007 518 1405 588 simplicitatem
1432 515 1625 570 litteris
1648 515 2051 570 circumvenere

2162 512 2416 567 Εὑσὲϐιον
2456 508 2544 585 ἦν,
2575 511 2875 582 φιλόνεικόν
2909 529 2969 565 τε
3000 513 3093 566 καὶ
3141 512 3468 583 ἑτερόδοξον,
3515 513 3774 585 ἔγραφόν-

486 614 621 670 suis.
646 610 975 666 Athanasius
1003 619 1164 679 porro
1199 624 1302 663 non
1335 608 1446 663 otio
1477 605 1701 661 vacabat
1726 620 1740 671 ;
1768 605 1863 660 sed
1883 605 2062 675 lingua

489 721 758 776 manuque
795 716 1018 760 strenue
1049 704 1330 767 utebatur,
1358 714 1422 755 ac
1449 715 1550 754 una
1577 713 1700 754 cum
1729 698 2059 764 Alexandro,

486 815 593 855 non
633 800 884 854 cessabat
936 796 1193 866 epistolas
1239 793 1306 848 ad
1362 793 1743 863 imperatorem
1797 790 2012 847 mittere
2043 831 2058 857 ,

485 895 685 963 quibus
734 908 865 948 sane
903 894 1148 963 asperius
1187 900 1439 962 argueret
1492 889 1607 958 ejus
1667 891 1719 943 in
1780 889 2061 944 audiendis

485 987 670 1056 pravis
704 986 1012 1040 hominibus
1045 985 1444 1053 simplicitatem
1483 1001 1499 1038 :-
1533 983 1673 1052 quod
1700 983 1908 1040 scilicet
1937 998 2058 1036 eum

487 1077 577 1146 qui
611 1076 774 1132 semel
801 1085 1000 1130 rectam
1046 1074 1479 1130 Christianorum
1526 1075 1688 1128 tidem
1728 1074 2056 1144 abiecisset,

488 1185 550 1222 ac
583 1183 646 1222 ea
677 1169 745 1222 de
771 1183 934 1222 causa
983 1183 1012 1220 a
1054 1169 1158 1220 Deo
1209 1175 1265 1220 et
1311 1182 1340 1220 a
1391 1165 1601 1220 cunctis
1641 1167 1888 1234 patribus
1935 1181 2059 1237 pro~

487 1262 722 1328 scriptus
755 1269 938 1322 esset,
981 1259 1099 1328 ejus
1150 1257 1419 1323 ﬁgmentis
1458 1257 1762 1328 fabulisque
1820 1259 2058 1314 circum-

486 1362 713 1417 ventus,
745 1342 1055 1406 admitteret
1085 1391 1100 1416 ,
1133 1362 1454 1420 patrumque
1489 1351 1747 1406 terminos
1773 1390 1788 1416 ,
1817 1353 1893 1406 uti
1923 1353 2058 1406 scri-

485 1453 636 1512 ptum
667 1453 752 1497 est
783 1445 799 1474 ⁵
825 1483 840 1509 ,
875 1443 1124 1496 immotos
1169 1442 1282 1511 ipse
1315 1453 1575 1497 moveret.
1601 1442 1734 1497 Tum
1766 1443 2057 1511 imperator

487 1535 650 1589 talem
673 1533 1103 1604 objurgationem
1151 1550 1258 1589 non
1294 1535 1574 1588 moderate
1613 1533 1790 1588 ferens
1815 1575 1830 1600 ,
1859 1535 1951 1588 sed
1989 1536 2054 1588 ab

488 1627 716 1680 Eusebio
739 1635 793 1680 et
824 1625 988 1679 sociis
1015 1640 1279 1678 accensus
1307 1663 1322 1688 ,
1347 1639 1538 1693 aspere
1572 1626 1810 1695 dureque
1840 1641 2056 1695 respon-

485 1720 596 1780 det,
632 1717 996 1770 comminatus
1028 1716 1419 1785 depositionetn
1446 1715 1545 1768 nisi
1580 1731 1767 1772 eorum
1795 1717 2054 1772 doctrina:

484 1809 919 1878 acquiescerent.
977 1807 1100 1861 llwc
1138 1817 1314 1860 autem
1369 1822 1472 1861 non
1526 1807 1720 1878 agebat
1760 1809 1882 1878 ille,
1909 1811 2051 1878 quod

485 1904 563 1956 ira
597 1909 899 1956 commotus
926 1909 1104 1965 esset,
1132 1909 1222 1952 aut
1240 1898 1516 1968 quidpiam
1540 1901 1686 1956 circa
1713 1903 1869 1956 tidem
1900 1903 2054 1955 iuno-

485 2003 667 2058 varet,
714 2003 770 2048 et
836 1994 1201 2051 Arianismum
1262 1997 1708 2063 amplecteretur;
1776 1996 1870 2050 sed
1941 1996 2058 2050 zelo

482 2098 795 2154 permotus,
835 2088 925 2156 qui
979 2099 1156 2142 tamen
1213 2106 1318 2143 non
1361 2098 1478 2144 erat
1518 2083 1823 2144 secundum
1887 2088 2058 2142 scien-

482 2181 657 2234 tiam:
701 2189 868 2249 utque
903 2180 1181 2236 videretur
1220 2197 1444 2252 operam
1507 2183 1666 2246 dare,
1709 2195 1777 2237 ne
1814 2179 2055 2236 Ecclesia

479 2271 895 2330 dist-inderetur.

547 2476 602 2534 5.
649 2479 958 2533 Alexander
989 2493 1094 2531 una
1143 2492 1264 2536 cum
1315 2474 1635 2540 Athanasio,
1677 2472 1936 2542 ejusmodi
1990 2471 2056 2525 ab

478 2571 809 2638 imperatore
835 2569 1076 2638 acceptis
1105 2569 1322 2633 litteris,
1361 2569 1508 2623 brevi
1535 2576 1654 2636 post
1685 2575 1928 2634 tempore
1961 2580 2055 2618 su-

477 2671 712 2728 perstes,
754 2662 959 2730 optimo
987 2661 1134 2715 exitu
1172 2661 1334 2714 vitam
1370 2659 1523 2714 obiit.
1558 2657 1692 2713 Tum
1723 2657 2056 2712 Athanasius

477 2764 532 2807 ut
564 2769 796 2818 morum,
827 2754 903 2809 sic
954 2755 1135 2808 statim
1183 2752 1300 2822 ejus
1343 2750 1522 2806 throni
1572 2764 1858 2805 successor
1893 2747 1994 2802 fuit
2035 2765 2048 2802 :

480 2846 753 2914 totiusque
777 2845 954 2915 populi
977 2845 1186 2900 calculo
1213 2845 1558 2913 episcOpatus
1581 2841 1655 2896 illi
1684 2840 2050 2906 concreditur,

474 2937 697 3006 dignum
739 2951 871 2992 sane
912 2935 1032 2989 talis
1069 2937 1326 3006 unguenti
1368 2934 1666 2998 vasculum,
1703 2948 1932 3002 eamque
1961 2947 2051 2988 se-

475 3029 617 3092 dem,
655 3045 758 3084 non
791 3039 847 3082 ut
878 3030 1128 3084 humanm
1176 3030 1363 3097 gratiae
1391 3044 1546 3097 Opus,
1579 3026 1670 3082 sed
1719 3037 1774 3080 ut
1814 3025 2052 3094 Spiritus

473 3119 696 3184 donum,
749 3130 805 3175 et
837 3122 1052 3176 virtutis
1098 3133 1372 3176 certamen
1420 3121 1628 3175 habuit.
1674 3121 1808 3173 Tum
1860 3135 2050 3190 graves

475 3213 772 3281 impietatis
815 3214 1051 3284 patroni,
1103 3213 1412 3283 occultique
1445 3214 1780 3268 zizaniorum
1815 3223 2045 3272 satores,
2077 3204 2116 3260 C

472 3305 832 3373 ardentesque
861 3305 1084 3359 malitia:
1125 3305 1382 3369 ministri,
1423 3308 1638 3374 paulum
1670 3303 1886 3373 quidem
1916 3311 2051 3356 tent-

473 3399 620 3465 poris
655 3397 884 3459 latuere.
944 3399 1079 3453 nihil
1125 3409 1423 3460 moventes,
1463 3397 1590 3450 nihil
1637 3395 2047 3460 tumultuantes,

470 3493 566 3545 sed
627 3490 889 3560 impetum
950 3489 1343 3558 reprimebant,
1398 3487 1703 3554 bellumque
1749 3483 2048 3540 Athanasio

474 3582 715 3636 indicere
745 3583 1160 3636 cunctabantur.
1192 3578 1394 3633 Deinde
1425 3579 1566 3632 velut
1595 3586 1814 3643 accepta
1846 3592 1874 3628 a
1899 3575 2049 3628 mali-

470 3688 580 3741 gno
612 3673 704 3742 qui
753 3687 847 3727 cor
878 3688 1066 3728 eorum
1120 3671 1498 3740 alloquebatur
1527 3680 1752 3734 tessera,
1781 3679 2049 3736 partuque

471 3763 670 3817 animae
703 3779 814 3818 suae
841 3772 1178 3831 erumpente,
1206 3762 1462 3816 latentem
1496 3771 1650 3814 antea
1689 3761 1900 3829 aperire
1936 3777 2047 3813 ma-

473 3855 668 3920 litiam,
707 3855 928 3909 insidias
961 3854 1036 3908 illi
1085 3869 1284 3922 parare
1315 3852 1670 3924 gravissimas
1700 3871 1713 3906 :
1763 3853 2048 3922 virumque

471 3948 548 4002 illi
596 3947 908 4001 coelestibus
959 3945 1176 4017 dignum
1245 3945 1639 4011 tabernaculis,
1689 3959 1796 4000 non
1850 3944 2047 4000 throno

474 4047 708 4103 tantum,
743 4039 835 4092 sed
879 4039 1013 4093 urbe
1055 4039 1216 4093 etiam
1243 4037 1441 4107 pellere
1483 4047 1768 4091 conantur.
1807 4035 1900 4092 Ille
1941 4037 2042 4092 int-

473 4130 802 4200 perterritus
831 4146 954 4184 cttm
988 4131 1186 4185 Davide
1216 4129 1445 4199 psztllere
1479 4148 1492 4183 :
1529 4127 1586 4184 Si
1609 4133 1898 4183 consistant
1945 4133 2044 4184 ad—

471 4237 678 4276 versum
706 4238 785 4276 me
810 4232 1006 4288 castra,
1041 4239 1143 4277 non
1170 4223 1367 4276 timebit
1402 4237 1492 4276 cor
1516 4238 1687 4275 nteant
1709 4223 1752 4275 ³.
1785 4221 2046 4291 Princeps

467 4312 840 4382 portendat-um
871 4311 1191 4368 insidiarum
1223 4322 1361 4379 erat,
1403 4313 1494 4382 qui
1531 4313 1645 4368 solo
1689 4313 1905 4367 nomine
1933 4314 2043 4383 pie-

472 4414 584 4459 tate
622 4405 879 4475 praeditus
916 4404 1037 4470 fuit,
1087 4405 1241 4476 cujus
1272 4421 1402 4461 sane
1451 4422 1632 4460 mores
1681 4406 1771 4459 tali
1805 4406 2042 4476 appella-

469 4497 603 4552 tioni
645 4497 879 4567 Oppositi
915 4507 1093 4561 erant,
1135 4499 1424 4565 Eusebius,
1469 4499 1712 4566 inquam,
1749 4498 2045 4567 impietatis

468 4589 908 4644 instrumentum.
937 4588 1036 4645 Ille
1080 4592 1228 4646 enim
1269 4607 1390 4644 cum
1426 4589 1648 4665 asseclis
1673 4598 1899 4658 captans
1944 4590 2046 4644 im-

482 4682 735 4738 )eratoris
765 4682 1194 4751 simplicitatem,
1225 4692 1388 4752 atque
1432 4689 1792 4752 opportunum
1837 4689 2046 4751 tempus

468 4787 525 4827 se
560 4784 776 4828 nactum
803 4787 925 4829 esse
957 4782 1127 4840 ratus,
1151 4774 1334 4829 omnia
1367 4789 1607 4839 movere,
1637 4775 1816 4829 omnia
1847 4775 2042 4829 misce-

471 4880 547 4927 re,
581 4865 1076 4948 quo.Athanasium
1109 4867 1306 4922 throno
1341 4875 1636 4922 amoveret.
1666 4866 1739 4922 Ea
1777 4866 1922 4922 enim
1951 4880 2042 4920 ra-

465 4956 613 5011 tione
656 4958 907 5026 spcrabat
953 4971 1012 5012 se
1060 4967 1114 5012 et
1157 4959 1260 5013 alia
1307 4959 1566 5028 consequi
1621 4975 1804 5039 posse‘
1825 4969 1878 5015 et
1925 4959 2040 5014 Arii

470 5048 691 5100 tirmare
731 5047 1082 5102 sententiam.
1125 5047 1370 5104 Conﬂata
1403 5051 1590 5118 itaque
1619 5049 1880 5105 adversus
1920 5064 2044 5106 eum

467 5137 896 5207 ronspiratione,
936 5139 1185 5206 insidias,
1219 5141 1428 5196 ratione
1472 5141 1539 5194 ad
1587 5140 2042 5210 persuadendum,

466 5231 649 5286 ntsibi
683 5229 992 5298 videbatur,
1027 5233 1336 5303 aptissima,
1371 5245 1653 5304 paravere.
1691 5231 1768 5286 Ex
1806 5231 2045 5287 Meletia-

465 5323 550 5377 nis
596 5337 724 5378 vero
779 5322 1072 5390 haereticis,
1131 5324 1361 5380 lsionem
1412 5325 1746 5389 conduxere,
1803 5325 2042 5393 itemque

464 5413 672 5468 malitia
723 5413 945 5470 divitem
999 5415 1404 5482 Eudaemonem,
1443 5424 1500 5470 et
1533 5414 1802 5485 pravitate
1851 5427 2042 5468 omnes

462 5513 806 5572 superantem
879 5505 1220 5561 Callinicum.
1289 5506 1684 5560 Accusationes
1748 5517 1909 5571 porro
1981 5503 2036 5558 itt

534 5595 549 5626 ⁸
589 5595 747 5650 Prov.
778 5613 914 5661 χιιι,
942 5596 1032 5651 9.8.
1108 5599 1128 5628 ²
1165 5594 1310 5652 Psal.
1345 5610 1494 5657 χχιιι,
1518 5594 1570 5647 3.

534 5688 611 5755 (α)
639 5691 734 5745 Sic
757 5693 997 5745 duomss.
1035 5700 1200 5746 recte.
1226 5690 1368 5743 Erliti
1401 5687 1563 5754 male,
1593 5687 1766 5756 ἔλεγε.

533 5760 606 5819 (b)
636 5759 705 5811 Ita
735 5775 860 5813 tnss.
888 5771 1052 5814 recte.
1084 5761 1248 5819 Editi.
1269 5760 1511 5812 ἐκείνων.

531 5829 600 5898 (ι’)
625 5827 825 5884 Omnes
853 5845 983 5886 mss.
1007 5829 1310 5898 δεξάμενοι.

2164 619 2223 654 τε
2254 601 2387 673 πρὸς
2433 601 2688 671 βασιλέα,
2731 602 2826 655 καί¹
2856 601 3213 657 ὑπεποιοῦντο
3240 602 3405 655 αὐτοῦ
3447 603 3546 673 τὴν
3593 605 3772 657 ἁπλό-.

2162 710 2320 764 τητα.
2354 691 2658 764 Ἀθανασίῳ
2681 692 2738 744 δὲ
2760 692 2860 746 οὐκ
2882 689 2952 764 ἦν
2973 693 3219 763 ἠρεμεῖν,
3245 692 3379 745 ἀλλὰ
3407 693 3504 745 καὶ
3534 691 3763 760 γλῶσσα

2161 777 2228 854 ἦν
2261 782 2428 853 αύτῷ,
2461 783 2555 836 καὶ
2595 782 2713 854 χεὶρ
2744 783 2962 859 ἐνεργός
2986 799 2998 812 ’
3035 784 3130 835 καὶ
3159 784 3254 835 σὺν
3291 783 3628 854 Ἀλεξάνδρῳ
3662 783 3764 836 καὶ

2162 873 2322 935 αὐτὸς
2367 873 2468 926 οὐκ
2514 873 2675 942 ἔληγε
2726 871 2800 943 (ιι)
2845 873 2924 942 τῷ
2977 872 3186 942 βασιλεί
3240 874 3597 937 ἐπιστέλλων,
3646 876 3745 928 καὶ

2159 966 2492 1036 γράμμασιν
2549 964 2714 1019 αὑτοῦ
2748 964 3000 1036 πλήττων
3033 964 3452 1035 αὑστηροτέροις
3485 965 3589 1035 τὴν
3625 965 3762 1036 περὶ

2159 1059 2284 1121 τοὺς
2321 1056 2711 1133 σκολιωτέρους
2758 1057 3157 1127 ὰκεραιότητα·
3209 1057 3289 1109 ὅτι
3324 1056 3416 1108 τὸν
3453 1051 3607 1119 ἅπαξ
3653 1054 3771 1126 τὴν.

2160 1148 2333 1220 ὀρθῶς
2379 1149 2609 1219 ἔχουσαν
2641 1148 2748 1204 τῶν
2793 1147 3135 1220 Χριστιανῶν
3169 1147 3512 1218 ἁθετήσαντα
3544 1145 3759 1211 πίστιν,

2160 1241 2252 1294 καὶ
2296 1242 2385 1293 ὑπ’
2427 1241 2589 1295 αὐτοῦ
2639 1240 2774 1294 Θεοῦ
2826 1241 2919 1299 καὶ
2953 1239 3170 1294 πάντων
3203 1238 3310 1292 τῶν
3349 1239 3612 1311 Πατέρων
3661 1240 3760 1290 ὲκ-

2159 1333 2520 1403 κηρυχθέντα,
2553 1333 2866 1404 πλάσμασιν
2893 1328 3049 1394 αὖθις
3075 1331 3170 1384 καὶ
3202 1330 3392 1401 μύθοις
3422 1329 3764 1399 ἀπατηθεὶς,

2159 1426 2534 1496 παραδέχοιτο,
2576 1426 2670 1478 καὶ
2710 1426 2833 1495 ὅρια
2865 1425 3125 1494 Πατὲρων
3165 1422 3337 1492 κινοίη
3375 1420 3520 1474 κατὰ
3545 1421 3610 1472 τὸ
3654 1437 3756 1488 γει-

2157 1517 2471 1588 γραμμένον
2499 1518 2758 1587 ἀκίνητα·
2795 1517 2883 1570 ὅτε
2917 1515 2985 1586 δὴ
3016 1514 3112 1567 καὶ
3159 1513 3430 1583 βασιλεὺς,
3465 1513 3568 1565 οὐκ
3599 1514 3757 1580 ὲνεγο

2158 1603 2268 1658 κὼν
2315 1606 2548 1676 μετρίως
2592 1606 2691 1676 τὴν
2749 1603 3087 1674 ἐπιτίμησιν,
3141 1602 3257 1655 ἀλλ’
3305 1602 3412 1656 ὑπὸ
3454 1600 3566 1653 τῶν
3621 1599 3761 1670 περὶ

2155 1697 2414 1750 Εὐσέϐιον
2463 1695 2737 1765 ἐξαρθεὶς,
2785 1694 3066 1764 αύστηρὰς
3111 1692 3291 1746 δίδωσι
3341 1693 3435 1745 καὶ
3487 1690 3767 1763 τραχείας,

2155 1787 2255 1851 τὰς
2301 1788 2644 1859 ἀποκρίσεις,
2689 1787 2991 1857 ἀπειλήσας
3033 1785 3217 1846 αὐτοῖς
3263 1783 3354 1835 καὶ
3403 1780 3756 1851 καθαίρεσιν,

2160 1883 2207 1934 εί
2254 1881 2327 1953 μὴ
2387 1883 2498 1943 τοῖς
2554 1881 2745 1950 ἐκείνῳ
2785 1880 2858 1948 (b)
2916 1876 3256 1947 δεδογμένοις
3318 1875 3752 1945 ἐφησυχάσειαν.

2161 1971 2340 2026 Ταῦτα
2376 1972 2430 2024 δὲ
2459 1972 2517 2024 οὐ
2560 1970 2715 2042 θυμῷ
2742 1969 3008 2022 δουλεύων
3035 1967 3226 2031 ἐποίει,
3256 1965 3376 2018 οὐδὲ
3407 1963 3761 2031 καινοτομῶιε

2156 2081 2209 2116 τι
2239 2063 2364 2134 περὶ
2391 2064 2489 2134 τὴν
2516 2062 2720 2124 πίστιν,
2752 2062 2848 2114 καὶ
2881 2060 2974 2113 τὸν
3011 2056 3387 2130 Ἀρειανισμδν
3429 2053 3753 2124 ἀσπαζόμε-

2158 2172 2266 2218 νος,
2306 2154 2439 2207 ἀλλὰ
2470 2153 2616 2225 ζήλῳ
2659 2151 2942 2223 χρώμενος
2984 2150 3205 2221 μᾶλλον,
3252 2148 3304 2200 εί
3351 2149 3446 2200 καὶ
3497 2146 3574 2216 μὴ
3627 2145 3758 2198 κατ’

2157 2245 2485 2312 ἐπίγνωσιν,
2525 2244 2620 2296 καὶ
2647 2242 2724 2312 τῷ
2755 2242 2932 2296 δοκεῖν
2965 2242 3024 2294 τὸ
3060 2242 3134 2312 μὴ
3173 2240 3272 2310 τὴν
3308 2236 3640 2308 Ἐκκλησίαν
3673 2236 3756 2290 δι-

2156 2338 2424 2392 εσπάσθαι
2460 2336 3002 2406 πραγματευόμενος.

2182 2485 2187 2491 ,
2228 2431 2280 2484 5.
2332 2431 2388 2482 ’0
2431 2429 2527 2499 μὲν
2578 2425 2669 2480 οὖν
2725 2425 3089 2497 Ἀλέξανδρος,
3151 2421 3376 2477 τοιαῦτα
3434 2423 3531 2493 σὺν
3587 2419 3753 2474 Ἀθα-.

2155 2520 2325 2590 νασίῳ
2360 2518 2510 2589 παρὰ
2544 2517 2637 2570 τοῦ
2678 2517 2940 2587 βασιλέως
2983 2515 3274 2585 δεξάμενος
3310 2513 3379 2585 (τ)
3414 2514 3748 2584 γράμματα,

2154 2611 2342 2681 χρόνον
2389 2609 2566 2678 ὀλίγον
2611 2609 2890 2673 ἐπιϐιοὺς,
2936 2605 3096 2668 αὐτὸς
3145 2605 3241 2675 μὲν
3290 2607 3347 2657 ὲν
3389 2605 3532 2658 τέλει
3598 2604 3760 2674 καλῷ,

2155 2699 2410 2753 καταλύει
2443 2699 2532 2751 τὸν
2569 2698 2711 2767 βίον·
2751 2699 2779 2750 ό
2811 2696 2868 2749 δὲ
2906 2695 2998 2748 τοῦ
3045 2695 3248 2765 τρόπου
3294 2693 3540 2764 διάδοχος
3583 2693 3750 2746 Ἀθα-

2154 2790 2336 2853 νάσιος
2367 2789 2528 2852 εὐθὺς
2571 2789 2667 2841 καὶ
2700 2787 2794 2841 τοῦ
2828 2787 3016 2859 θρόνου
3045 2785 3271 2854 γίνεται,
3310 2787 3403 2840 καὶ
3435 2785 3606 2857 ψήφῳ
3649 2785 3748 2838 τοῦ

2153 2881 2282 2934 λαοῦ
2317 2881 2513 2944 παντὸς
2555 2880 2651 2952 τὴν
2701 2879 2997 2950 ἱερωσύνην
3042 2877 3378 2939 πιστεύεται,
3418 2880 3595 2948 μύρου
3643 2894 3752 2930 τει-

2151 2975 2304 3026 ούτου
2339 2973 2541 3043 δοχεῖον
2583 2971 2924 3042 ἀποδειχθεὶς
2969 2970 3137 3039 ἄξιον,
3177 2972 3236 3023 οὐ
3278 2971 3501 3041 χάριτος
3539 2969 3756 3040 ἀνθρωην

2153 3065 2315 3136 πίνης
2370 3064 2553 3136 ἔργον,
2604 3063 2736 3117 ἀλλὰ
2783 3062 3098 3134 Πνεύματος
3147 3061 3338 3133 δῶρον,
3389 3062 3481 3114 καὶ
3541 3063 3752 3133 ἀρετῆς

2153 3150 2313 3207 ἆθλον
2341 3153 2545 3225 ταύτην
2578 3153 2962 3224 πεποιημένος.
2989 3154 3050 3205 Οί
3081 3150 3242 3203 δεινοὶ
3279 3150 3460 3220 μέντοι
3489 3150 3591 3221 τῆς
3619 3151 3750 3202 ἀσε-

2153 3245 2303 3309 ϐείας
2350 3244 2669 3316 προστάται,
2706 3246 2754 3297 οἱ
2789 3245 3020 3314 κρυπτοὶ
3051 3243 3158 3296 τῶν
3199 3242 3454 3308 ζιζανίων
3497 3245 3755 3313 σπορεῖς,

2150 3331 2200 3384 οἱ
2239 3331 2430 3403 θερμοὶ
2466 3335 2563 3400 τῆς
2597 3333 2791 3395 κακίας
2822 3333 3074 3395 διάκονοι,
3105 3332 3327 3400 ἕστεγον
3362 3331 3460 3402 μὲν
3498 3331 3629 3401 ἄχρι
3674 3349 3773 3393 τιε,

2151 3422 2238 3485 νὸς
2262 3422 2691 3491 παρακινοῦντες
2719 3423 2868 3475 οὐδὲν
2898 3423 3034 3486 ὅλως
3066 3423 3185 3476 οὐδὲ
3217 3423 3602 3495 ταράττοντες,
3628 3422 3746 3476 ἀλλ’

2150 3513 2418 3583 ἡσύχαζον
2461 3513 2644 3575 αὐτοῖς
2685 3516 2740 3568 αἱ
2784 3516 2980 3586 ὁρμαὶ,
3026 3517 3119 3568 καὶ
3169 3514 3471 3584 Ἀθανασίῳ
3505 3514 3746 3584 πόλεμον

2149 3603 2474 3674 ἐπικηρύξαι
2529 3606 2777 3678 φανερῶς
2837 3606 3218 3659 ἀνεϐάλλοντοο
3270 3606 3492 3669 ἔπειτα,
3549 3605 3740 3677 ὥσπερ

2150 3696 2253 3748 ὑπὸ
2285 3695 2379 3748 τοῦ
2421 3696 2709 3761 λαλοῦντος
2753 3700 2934 3762 αὺτοῖς
2966 3701 3047 3761 είς
3090 3699 3316 3770 καρδίαν
3359 3698 3601 3768 πονηροῦ
3644 3698 3742 3752 λα-

2150 3787 2332 3852 ϐόντες
2363 3787 2422 3842 τὸ
2459 3788 2725 3859 σύνθημα,
2764 3790 2858 3842 καὶ
2890 3790 2987 3860 τὴν
3020 3786 3191 3844 ὠδῖνα
3217 3791 3316 3860 τῆς
3355 3789 3535 3860 ψυχῆς
3574 3791 3741 3862 ἀναῤ-

2151 3878 2430 3950 ρήξαντες,
2469 3881 2560 3933 καὶ
2592 3880 2692 3950 τὴν
2737 3881 3118 3953 κρυπτομένην
3165 3880 3301 3944 τέως
3347 3883 3738 3951 γυμνώσαντες

2151 3970 2432 4042 πονηρίαν,
2479 3971 2770 4035 ἐπιϐουλάς
2815 3973 2962 4042 αὐτῷ
3007 3971 3268 4026 πάντοθεν
3320 3974 3526 4044 ἐπῆγον
3577 3975 3747 4046 χαλεη

2147 4064 2430 4128 πωτάτας³
2470 4065 2532 4117 οὑ
2568 4064 2663 4118 τοῦ
2714 4064 2903 4136 θρόνου
2952 4065 3131 4134 μόνον,
3177 4065 3312 4120 ἀλλὰ
3347 4066 3442 4119 καὶ
3489 4070 3591 4137 τῆς
3642 4067 3740 4121 πός

2146 4156 2281 4223 λεως
2325 4158 2493 4228 αὐτῆς
2523 4157 2771 4211 ἐκϐαλεῖν
2800 4156 2890 4210 τὸν
2934 4155 3082 4222 ἄξιον
3116 4155 3283 4219 ὅντως
3319 4157 3427 4211 τῶν
3467 4157 3738 4230 οὐρανίω)

2149 4246 2363 4316 σκηνῶν
2425 4245 2835 4310 σπουδάζοντες.
2905 4245 3044 4298 Ἀλλ’
3095 4247 3300 4310 ἐκεῖνος
3362 4247 3613 4312 ἄσειστος
3669 4245 3744 4320 ἦν.

2149 4338 2285 4406 μετᾶ
2314 4337 2408 4391 τοῦ
2437 4337 2600 4391 Δαυῒδ
2624 4336 2840 4406 ψάλλων
2858 4353 2872 4369 ο
2906 4357 2922 4388 ι
2946 4336 3073 4389 Ἐὰν
3108 4337 3489 4408 παρατάξηται
3519 4339 3609 4390 ἐπ’
3639 4338 3739 4409 sps

2147 4427 2496 4497 παρεμϐολὴ,
2537 4426 2598 4478 οὐ
2634 4425 2995 4496 φοϐηθήσεται
3038 4426 3071 4496 ἠ
3110 4425 3304 4497 καρδία
3351 4443 3473 4496 μου.
3503 4446 3522 4478 r
3556 4423 3736 4497 Ἥρχε

2147 4514 2203 4567 δὲ
2236 4517 2334 4586 τῆς
2382 4520 2620 4588 πονηρᾶς
2658 4517 2860 4586 ταύτης
2900 4515 3192 4585 ἐπιϐουλῆς
3228 4517 3256 4569 ό
3303 4516 3470 4588 μόνης
3510 4518 3587 4588 (τί)
3624 4537 3736 4572 κοι-

2152 4604 2334 4658 νωνῶν
2363 4606 2614 4678 εὐσεϐείᾳ
2649 4609 2748 4676 τῆς
2776 4606 3043 4678 κλήσεως,
3081 4605 3157 4668 ὡς
3187 4605 3214 4658 ὃ
3245 4623 3308 4674 γε
3352 4606 3556 4678 τρόπος
3589 4609 3736 4662 ὲνανο

2151 4693 2264 4756 τίος
2301 4695 2538 4764 ἀτεχνῶς
2576 4694 2670 4747 τοῦ
2710 4695 3002 4764 ὀνόματος,
3046 4695 3108 4748 τὸ
3141 4695 3240 4764 τῆς
3269 4681 3524 4759 ἀσεϐείας
3568 4697 3736 4768 ὄργα-

2151 4803 2260 4850 νον,
2288 4787 2449 4859 φημὶ,
2475 4789 2504 4840 ὁ
2535 4786 2812 4849 Εὐσέϐιος.
2851 4785 3128 4839 Ὑπελθὼν
3162 4784 3270 4856 γὰρ
3311 4785 3408 4838 σὺν
3442 4789 3558 4850 τοῖς
3607 4787 3734 4858 περὶ

2151 4875 2312 4930 αὑτὸν
2353 4869 2509 4940 οὗτος
2539 4876 2638 4948 τὴν
2675 4873 2938 4945 βασιλέως
2972 4874 3360 4947 ἁκεραιότητα,
3400 4876 3494 4936 καὶ
3544 4877 3734 4947 καιρὸν

2147 4970 2343 5024 οἰκεῖον
2381 4968 2524 5038 ἔχειν
2571 4970 2828 5040 νομίσας,
2878 4967 3053 5022 πάντα
3101 4965 3264 5021 κινῶν
3307 4967 3401 5020 καὶ
3443 4969 3733 5038 ταράσσων

2145 5057 2234 5133 ἦν,
2267 5060 2406 5115 ὥστε
2453 5063 2547 5115 καὶ
2595 5062 2910 5117 ’Λθανάσιον
2957 5060 3051 5114 τοῦ
3105 5059 3292 5132 θρόνου
3345 5061 3729 5131 μετακινῆσαι.

2148 5152 2329 5224 Ταύτῃ
2373 5153 2480 5224 γὰρ
2519 5154 2612 5206 καὶ
2657 5153 2767 5206 τῶν
2816 5153 2990 5207 ἄλλων
3035 5150 3446 5222 περιγενέσθαι,
3497 5153 3594 5205 καὶ
3637 5151 3733 5223 τὴν

2164 5243 2374 5313 Ἀρείου
2456 5243 2718 5316 κρατῦναι
2772 5242 2930 5306 δόξαν
2995 5240 3230 5311 ἐνόμιζε.
3298 5241 3732 5304 Συσκευάζονται

2147 5331 2277 5400 γοῦν
2325 5333 2466 5387 κατὰ
2498 5333 2590 5387 τοῦ
2623 5334 2814 5406 ἀνδρὸς
2847 5332 2942 5387 καὶ
2984 5332 3084 5407 τὴν
3129 5330 3421 5402 ἐπιϐουλὴν
3453 5331 3733 5403 ἐναλήθως

2145 5424 2303 5491 ἄγαν,
2340 5425 2416 5489 ὼς
2463 5427 2644 5489 αὐτοῖς
2690 5427 2893 5490 ἐδόκει,
2945 5424 3040 5478 καὶ
3090 5423 3332 5486 πιθανῶς
3378 5423 3728 5478 διατίθενται.

2145 5515 2478 5570 Μισθοῧνται
2541 5517 2596 5569 δὲ
2655 5518 2747 5568 καὶ
2812 5520 2910 5587 τῆς
2971 5515 3239 5569 Μελετίω
3298 5514 3392 5586 (ε)
3463 5513 3730 5585 αἱρέσεως

2219 5693 2298 5762 (d)
2343 5693 2432 5747 Sic
2459 5694 2564 5748 duo
2591 5708 2720 5746 mss.
2760 5692 2921 5756 Editi,

2220 5764 2288 5836 (ιη)
2333 5764 2483 5821 Colb.
2515 5763 2572 5832 ‘2,
2601 5763 2905 5818 Μελιτίνου.

2958 5693 3136 5763 μόνος.
