3990 6514
544 417 554 427 -
600 406 705 451 exc
1999 384 2535 444 PROLEGOMENA.

601 509 988 579 toncltanlque
1030 505 1178 563 illum
1225 513 1389 576 atque
1432 503 1566 559 iram
1610 504 1727 573 ejus
1758 514 2102 558 commovent
2142 504 2175 557 it

2313 502 2466 572 ικευὴ
2494 501 2571 572 τῷ
2601 500 2838 572 Ἰσχύρᾳ.
2870 501 3009 572 Ἤδη
3043 501 3099 555 δὲ
3126 502 3218 555 καὶ
3243 501 3329 557 διά
3358 502 3466 556 τῶν
3498 501 3678 558 ἄλλων
3705 469 3889 569 αὐτοῖς(

603 599 985 655 Athanasium.
1038 598 1191 665 Quod
1237 607 1417 652 autem
1467 597 1637 667 magis
1680 596 2011 651 accendebat
2042 596 2179 650 illnn

2299 591 2522 654 τελείως
2553 589 2660 660 τῆς
2685 591 2977 662 ἐπιϐουλῆς
3013 592 3574 666 κατασκευασθείσης,
3627 595 3875 669 προσίασι

603 690 792 761 (ίιῑῳιε
846 687 1065 743 malitia:
1110 690 1382 743 inventum
1439 686 1575 751 fuit,
1636 702 2040 757 gnaraa,quam
2088 686 2179 739 sint

2303 684 2376 754 τῷ
2402 684 2615 755 βασιλεῖ
2638 682 3033 753 Κωνσταντίνῳ
3062 683 3233 738 ταῦτα
3269 687 3397 758 περί
3447 686 3771 741 Ἀθανααίου
3794 688 3879 743 λέ-

603 783 854 837 homines
901 790 1092 836 natura
1130 796 1226 835 sua
1268 781 1492 836 honoris
1526 778 1779 849 cupidi),
1816 779 2031 833 aiebant
2073 779 2143 832 illi
2178 800 2179 829 :

2304 791 2506 842 γοντες,
2536 775 2630 827 καὶ
2654 773 2791 837 ὅλως
2832 774 2913 837 είς
2947 774 3046 844 τὴν
3070 776 3191 829 κατ’
3226 777 3391 831 αὑτοῦ
3422 778 3616 851 ὀργὴν,
3639 780 3769 843 τοὺς
3792 780 3880 833 τοῦ

604 873 683 932 Ne
749 875 945 929 vestris
1004 874 1221 944 quidem
1273 873 1470 927 litteris
1532 872 1959 940 obtemperavit,
2021 886 2180 940 nequi

2309 866 2565 934 βασιλέως
2593 865 2799 937 θυμοὺς
2838 866 3160 933 ἐξάπτοντες
3179 864 3277 940 ’ἦν
3308 869 3363 921 δὲ
3388 870 3449 922 τὸ
3478 870 3721 940 μάλιστα
3746 888 3885 943 παρ·

602 968 794 1022 Arium
827 968 892 1021 ad
921 966 1359 1021 communionem
1395 965 1636 1020 admisit.
1664 965 1795 1032 Quae
1826 981 1947 1020 cum
1985 967 2178 1020 audire

2306 956 2489 1023 οξῦναν
2536 957 2699 1011 αὑτόν
2734 957 2807 1028 (α)
2867 960 2884 1028 (
2901 958 3056 1015 τοῦτο
3103 960 3212 1032 γὰρ
3261 961 3479 1033 ἐξεῦρεν
3529 964 3562 1033 ἠ
3625 964 3882 1035 πονηρία,

602 1059 1029 1120 Constantinus,
1060 1056 1241 1125 primo
1274 1058 1492 1128 quidem
1538 1056 1759 1127 paulum
1796 1058 2178 1113 conturbatus

2305 1048 2655 1120 ἐπισταμένη,
2696 1052 2842 1115 ὅπως
2879 1052 3038 1121 φύσει
3064 1056 3175 1117 τοῖς
3207 1054 3518 1126 ἀνθρώποις
3551 1056 3671 1109 ἐστὶ
3712 1056 3774 1109 τὸ
3800 1074 3881 1125 φι-

604 1164 719 1203 rem
748 1146 941 1206 deinde
971 1146 1112 1216 apud
1140 1160 1201 1201 se
1242 1146 1655 1211 considerabat,
1707 1161 1806 1202 nec
1836 1146 2042 1203 sciebat
2069 1148 2180 1216 quit

2308 1140 2535 1213 ιότιμον)
2562 1144 2664 1209 ὅτι,
2698 1144 2848 1213 Μηδέ
2878 1145 2939 1199 τὸ
2981 1146 3267 1218 ὑμέτερον,
3286 1148 3703 1219 φασὶ,.γράμμα
3720 1166 3884 1220 προσ-

603 1237 812 1293 consilii
852 1245 1104 1306 caperet,
1135 1251 1245 1308 quo
1275 1251 1336 1292 se
1360 1244 1634 1301 verteret,
1671 1246 1763 1289 aut
1795 1235 1881 1291 cui
1923 1237 2059 1306 parti
2098 1252 2179 1290 ac-

2308 1239 2507 1309 ήκατο,
2545 1240 2680 1311 μηδέ
2725 1241 2825 1312 τὴν
2870 1242 3082 1312 Ἀρείου
3123 1244 3411 1297 κοινωνίαν
3441 1244 3754 1314 ἀνάσχοιτο.
3784 1240 3884 1297 Ὧν

602 1330 844 1385 cederet.
888 1330 1158 1385 Virtutem
1196 1329 1517 1393 Athanasii,
1564 1328 1710 1384 omni
1752 1328 2061 1398 suspicione
2104 1342 2178 1381 θυι

2309 1330 2606 1384 ἀκούσαντα
2638 1333 3075 1397 Κωνσταντῖνον,
3114 1334 3305 1404 πρῶτα
3346 1334 3444 1404 μὲν
3480 1334 3656 1406 μικρά
3700 1337 3885 1389 διατα-

604 1424 871 1495 pcriorcm
920 1431 1131 1477 norat:
1180 1436 1369 1477 eorum
1419 1430 1595 1476 tamen
1649 1419 1914 1474 calumnia
1965 1418 2180 1472 multum

2309 1423 2597 1495 ραχθῆναι,
2646 1424 2839 1478 ἔπειτα
2886 1425 2941 1480 δὲ
2987 1425 3107 1479 καθ’
3166 1428 3355 1480 ἐαυτὸν
3406 1428 3791 1499 ἀνασκοπῆσαι
3822 1430 3885 1481 τὸ

601 1530 737 1569 sane
770 1514 1171 1584 probabilitatis
1207 1511 1441 1569 habebat
1487 1518 1651 1581 atque
1690 1511 1906 1566 coloris.
1942 1510 2075 1565 Cum
2124 1510 2177 1563 it:

2312 1514 2553 1585 πρᾶγμα,
2579 1516 2674 1567 καὶ
2702 1518 2781 1580 είς
2804 1518 3116 1587 ἀμηχανίαν
3139 1518 3402 1572 πάντοθεν
3431 1521 3786 1592 περιστῆναι,
3814 1522 3888 1591 μὴ

602 1622 663 1662 so
695 1607 941 1674 haberet,
972 1608 1204 1663 mediam
1240 1605 1402 1677 elegit
1436 1605 1597 1672 viam,
1631 1620 1804 1674 neque
1843 1602 2178 1658 Athanasiuu

2322 1610 2492 1677 ζχοντα
2542 1609 2665 1661 ὅποι
2717 1609 2920 1675 νεύσει,
2973 1613 3068 1664 καὶ
3119 1615 3580 1684 προστεθήσεταιο
3635 1614 3740 1683 τῆς
3791 1617 3898 1685 μὲν

604 1699 909 1759 damnans.
958 1714 1133 1769 neque
1173 1699 1577 1767 inquisitionem
1623 1696 1733 1751 lieri
1768 1711 2054 1758 recusans;
2104 1711 2180 1749 set

2313 1700 2628 1754 Ἀθανασίου
2660 1703 2859 1773 ἀρετῆς
2895 1703 3204 1773 κρείττονος
3242 1704 3408 1775 οὔσης
3448 1706 3710 1768 ὑπονοίας
3745 1707 3889 1758 ἀπά-

605 1792 867 1865 quoniam
896 1806 964 1847 eo
997 1804 1241 1865 tempore
1280 1793 1530 1849 Euctenia
1563 1789 1913 1861 Jerosolymis
1952 1788 2181 1842 celebra-

2316 1808 2423 1863 της,
2447 1793 2544 1862 τῆς
2572 1794 2799 1846 ἐκείνων
2824 1793 2880 1846 δὲ
2918 1794 3078 1848 πάλιν
3106 1795 3358 1867 διαὸολῆς
3396 1797 3531 1851 πολὺ
3560 1798 3623 1850 τὸ
3663 1797 3892 1851 πιθανὸν

604 1886 823 1954 bantur,
869 1901 1045 1957 eoque
1084 1888 1483 1943 conveniebant
1535 1885 1648 1939 fere
1691 1899 1882 1938 omnes
1911 1881 2145 1951 episcopi
2177 1899 2180 1934 :

2318 1854 2733 1952 cal—napétmtov
2770 1886 2891 1946 ταῖς
2933 1883 3215 1956 ἀληθείαις
3268 1854 3519 1959 ἐχούσης.
3561 1887 3754 1951 Οὕτως
3800 1885 3894 1942 οὖν

596 1978 754 2048 jubet
788 1978 879 2033 ille
902 1987 959 2031 ut
989 1977 1209 2048 paulum
1229 1992 1259 2033 a
1288 1978 1373 2033 via
1414 1976 1786 2041 deﬂectentes,
1815 1974 1943 2045 Tyri
1976 1988 2037 2026 ea
2071 1987 2172 2041 qua

2320 1970 2461 2041 ἱχων,
2506 1972 2603 2043 τὴν
2646 1973 2823 2045 μέσην
2858 1973 3085 2045 ἐχώρει,
3128 1978 3255 2048 μήτ’
3298 1977 3618 2032 Ἀθανασίου
3663 1997 3896 2050 καταγι-

600 2069 958 2125 Athanasium
998 2086 1252 2142 magnum
1300 2069 1618 2141 spectabant
1656 2066 2069 2129 exatniuareut,
2102 2077 2176 2115 ne-

2316 2059 2526 2114 ttbsxwv
2555 2062 2654 2129 (ὁ),
2698 2063 2837 2133 μήτε
2868 2064 3029 2117 πάλιν
3065 2066 3459 2134 ἀπογινώσκων
3494 2069 3594 2139 τὴν
3625 2069 3861 2140 ἔρευναν
3880 2092 3892 2102 ·

599 2177 706 2229 que
740 2162 920 2217 minus
951 2164 1016 2217 de
1044 2163 1157 2218 Arii
1189 2162 1351 2218 rebus
1380 2161 1805 2217 constituerent:
1830 2170 1885 2212 ut
1907 2159 1973 2223 si,
1999 2174 2175 2229 quetn‘

2321 2151 2418 2204 ίλλ“
2445 2153 2567 2205 ἐπεὶ
2594 2153 2897 2225 τηνικαῦτα
2933 2158 3043 2219 τοῖς
3077 2157 3471 2229 Ἰεροσολύμοις
3498 2159 3566 2213 τὰ
3608 2161 3897 2229 Ἐγκαίνια

599 2254 890 2308 admodum
953 2253 1135 2308 aiebat
1178 2254 1315 2324 ipse,
1362 2254 1415 2309 in
1451 2262 1595 2307 recta
1631 2252 1872 2306 doctrina
1903 2266 2025 2306 cum
2060 2267 2175 2306 cont

2321 2244 2553 2310 ιτελεῖτο,
2583 2246 2677 2299 καὶ
2696 2247 2774 2310 εἰς
2801 2246 2965 2299 ταὺτὸ
2993 2248 3175 2319 σχεδὸν
3201 2250 3489 2303 ἐπίσκοποι
3524 2251 3734 2314 πάντες
3764 2268 3897 2305 συν-

600 2344 845 2410 sisteret,
876 2359 974 2415 per
1002 2345 1256 2399 invidiam
1290 2346 1625 2413 proscriptus
1652 2344 1866 2408 fuisset,
1893 2358 2110 2397 rursum
2145 2344 2176 2395 it

2322 2335 2470 2407 ᾔεσαν
2502 2355 2516 2367 θ
2569 2337 2811 2403 κελεύει,
2859 2339 2999 2392 κατὰ
3069 2341 3170 2411 τὴν
3213 2341 3387 2413 Τύρον
3434 2342 3553 2395 ὀδοῦ
3611 2344 3898 2416 πάρεργον

600 2433 805 2486 clerum
829 2441 993 2501 atque
1034 2432 1087 2486 in
1122 2433 1391 2505 synodum
1429 2433 1831 2496 admitteretur,
1860 2443 1911 2487 et
1946 2432 2173 2501 jungere

2324 2430 2653 2501 πενομένους,
2692 2432 2785 2485 καὶ
2823 2431 2892 2484 τά
2931 2432 3073 2485 κατὰ
3096 2434 3187 2486 τὸν
3233 2435 3404 2504 μέγαν
3448 2434 3775 2489 Ἀθανάσιον
3815 2436 3900 2501 ἐξ-

598 2531 690 2578 tur
725 2523 1031 2579 membrum
1076 2524 1287 2595 reliquo
1319 2527 1557 2596 corpori.
1606 2525 1759 2594 Quod
1804 2526 1847 2580 si
1877 2524 2174 2593 eloquenti:

2320 2522 2513 2586 .τάσαι,
2536 2522 2656 2576 οὑδέ
2683 2522 2741 2575 δὲ
2771 2518 2931 2594 ἦττον
2953 2524 3242 2595 ἐπιστῆσαι
3274 2518 3501 2589 καὶ⁶τοϊς
3528 2527 3745 2598 ’Δρείου
3765 2545 3779 2557 ·
3810 2529 3896 2591 ἶν’,

601 2616 694 2669 ille
728 2624 975 2671 uteretur
1015 2616 1082 2671 ad
1130 2617 1534 2687 subripiendatn
1567 2617 1853 2671 veritatem
1878 2657 1893 2681 ,
1927 2616 2079 2685 juxta
2111 2630 2177 2670 sa-

2333 2615 2347 2665 l
2380 2612 2591 2683 μὲν,ὼς
2613 2613 2776 2677 αὑτός
2805 2631 2988 2684 φησιν,
3024 2615 3081 2669 ὲν
3109 2617 3255 2688 ὅροις
3283 2618 3461 2687 μένων
3488 2617 3560 2687 (c)
3591 2618 3703 2671 τῶν
3718 2618 3901 2689 ὀρθῶν

604 2725 725 2765 cras
766 2710 910 2781 leges
940 2712 1323 2782 judicaretur:
1358 2722 1520 2782 atque
1566 2713 1781 2782 dignam
1826 2709 2180 2767 subversioni:

2325 2703 2584 2773 ιογμάτων
2604 2706 2705 2775 τῆς
2739 2705 3017 2775 ἀληθείας,
3049 2706 3138 2760 διὰ
3170 2708 3361 2776 φθόνον
3387 2710 3596 2781 ὑπέστη
3630 2710 3733 2781 τὴν
3763 2712 3901 2764 ἀπο-

600 2804 909 2869 dogmatum
938 2804 1147 2856 subiret
1183 2817 1420 2870 ptenam.

2323 2792 2553 2865 ιήρυξιν,
2598 2794 2909 2867 παραδεχθῇ
2935 2796 3093 2853 πάλιν
3115 2796 3193 2866 τῷ
3224 2797 3410 2867 κλήρῳ
3435 2799 3530 2851 καὶ
3571 2800 3639 2868 τῇ
3671 2799 3899 2868 συνόδῳ,

599 2894 694 2949 καὶ
721 2894 964 2965 συναφθῇ
992 2895 1053 2947 τὸ
1080 2895 1243 2965 μέλος
1272 2896 1348 2967 τῷ
1364 2895 1535 2967 λοιπῷ
1564 2896 1805 2969 σώματι’
1837 2898 1887 2951 εί
1916 2896 2052 2951 δὲτὸ
2075 2894 2195 2948 ὅλον
2236 2889 2499 2962 ῥημάτων
2538 2888 2656 2943 ἐστὶ
2686 2886 2858 2941 πειθὼ
2926 2888 3235 2942 κλέπτουσα
3298 2888 3397 2960 τὴν
3440 2889 3725 2961 ἀλήθειαν,
3757 2891 3905 2944 κατά

596 2991 725 3053 τοὺς
754 2990 934 3062 ίεροὺς
962 2990 1202 3061 κρίνοιτο
1232 2992 1449 3062 νόμους,
1467 2992 1561 3046 καὶ
1587 2991 1742 3064 δίκην
1772 2992 1929 3057 ἀξίαν
1959 2990 2184 3059 ὑπόσχοι
2222 2985 2320 3055 τῆς
2356 2982 2465 3035 τῶν
2493 2981 2778 3053 δογμάτων
2809 2982 3157 3055 διαστροφῆςο

668 3082 722 3136 7.
764 3082 1099 3137 Tricesimns
1150 3082 1239 3137 ille
1281 3099 1456 3139 annus
1498 3094 1619 3139 erat
1671 3086 1884 3155 imperii
1927 3083 2244 3143 Constan.(

2374 3076 2427 3129 7.
2461 3076 2797 3147 Τριακοστὸν
2826 3076 2982 3131 τοῦτο
3010 3078 3108 3148 τῆς
3145 3078 3422 3147 βασιλείας
3443 3078 3560 3143 ἔτος
3585 3081 3905 3151 ἐνειστήκει

601 3174 697 3229 tini
731 3192 744 3230 :
779 3174 1116 3245 aderantque
1146 3190 1213 3228 ex
1251 3175 1416 3230 variis
1455 3177 1681 3230 urbibus
1721 3175 1985 3247 episcopi.
2023 3175 2177 3229 Duce

2334 3167 2380 3240 ᾦ
2406 3168 2825 3240 Κωνσταντίνῳ,
2860 3169 2954 3223 καλ⁵
2990 3171 3243 3241 παρῆσαν
3278 3170 3376 3240 μέν
3402 3172 3466 3223 ὲκ
3494 3170 3780 3242 διαφόρων
3810 3172 3908 3224 πό-

598 3266 760 3320 batur
789 3265 957 3319 etiam
1004 3281 1031 3317 a
1072 3265 1336 3320 militibus
1378 3265 1648 3321 Macarius
1690 3266 1971 3340 presbyter
2004 3266 2168 3321 vincti

2333 3279 2437 3315 εων
2473 3261 2523 3313 οί
2548 3261 2836 3315 ἐπίσκοποι
2857 3278 2871 3291 ’
2906 3262 3186 3331 παρήγετο
3214 3260 3271 3313 δὲ
3320 3260 3417 3314 καὶ
3446 3262 3474 3313 ό
3514 3260 3906 3332 πρεσϐύτερος

601 3356 874 3411 manibus.
910 3356 1115 3411 Aderat
1147 3357 1438 3426 praefectus
1476 3357 1590 3426 ipse
1632 3372 1738 3411 una
1774 3372 1899 3411 cunt
1928 3358 2177 3427 episcopi:

2333 3354 2589 3425 ίακάριος
2616 3355 2722 3408 ὑπὸ
2750 3371 3096 3424 στρατιωτων
3132 3352 3288 3423 χερσὶ
3320 3352 3572 3423 δέσμιος·
3626 3354 3819 3424 παρῆν
3849 3352 3909 3405 δὲ

594 3449 835 3517 iudicem
867 3464 1070 3518 agens;
1100 3449 1210 3502 imo
1244 3450 1411 3503 etiam
1461 3449 1681 3517 quidam
1723 3463 1790 3503 ex
1838 3450 2157 3519 magistratu

2332 3446 2398 3499 Lai.
2433 3446 2595 3509 αὐτὸς
2615 3449 2643 3500 ὁ
2667 3447 2848 3519 ἄρχων
2876 3446 3207 3499 συνδικάσων
3234 3450 3347 3509 τοῖς
3374 3446 3697 3510 ἐπισκόποις
3718 3465 3733 3477 θ
3761 3448 3908 3500 ἀλλά

600 3541 907 3596 intererant
949 3542 1318 3611 schpbantze.
1363 3540 1631 3597 Tribunal
1671 3541 2023 3611 judiciarium
2074 3559 2173 3613 ape

2335 3540 2397 3591 ;α“ι
2428 3537 2536 3591 τῶν
2564 3538 2623 3590 ἐν
2643 3538 2786 3591 τέλει
2812 3539 2979 3602 τινές
3012 3540 3449 3610 παρειστήκεσαν
3480 3539 3537 3591 δὲ
3568 3540 3662 3592 καὶ
3710 3541 3760 3593 oi
3813 3556 3911 3593 συ-

605 3632 850 3687 riebatur
882 3650 897 3686 :
935 3633 1299 3688 accusabatur
1339 3632 1671 3687 Athanasius
1705 3651 1717 3687 :
1761 3649 1823 3688 ac
1860 3634 2036 3703 primo
2077 3637 2181 3707 qui-

2329 3629 2587 3699 ιοφάνται.
2617 3630 2726 3683 Καὶ
2756 3631 2816 3684 τὸ
2840 3630 2938 3699 μὲν
2975 3630 3282 3684 δικαστικὸν
3314 3630 3689 3685 ἀνεπτύσσετο
3720 3632 3905 3703 βῆμα·

605 3722 727 3778 dem
763 3723 850 3778 illa
880 3724 947 3779 de
981 3724 1123 3778 linea
1160 3734 1331 3790 veste,
1368 3735 1423 3780 et
1450 3725 1515 3780 de
1540 3726 1765 3781 avaritia
1800 3729 2074 3797 proposita
2114 3743 2181 3787 est

2335 3721 2549 3775 καλεῖτο
2568 3721 2625 3775 δὲ
2664 3720 2998 3785 Ἀθανάσιος.
3025 3723 3133 3775 Καὶ
3178 3722 3390 3794 πρῶτον
3425 3722 3503 3793 (d)
3535 3724 3637 3795 μὲν
3674 3723 3744 3778 τά
3771 3726 3911 3796 περὶ

606 3816 783 3870 aliena
827 3816 1099 3872 calumnia
1134 3836 1146 3873 :
1187 3818 1280 3872 sed
1329 3816 1511 3871 statim
1552 3817 1796 3871 criminis
1845 3819 2044 3874 solutio
2075 3835 2182 3881 con.

2330 3837 2403 3906 ἧς
2432 3835 2585 3906 λινῆς
2615 3835 2863 3907 ἐσθῆτος,
2892 3837 2986 3889 καὶ
3012 3838 3044 3906 η
3070 3836 3169 3906 τῆς
3190 3836 3632 3908 φιλοχρηματίας
3664 3840 3906 3911 εἰσήχθη

606 3910 961 3977 sequebatur,
1002 3909 1347 3965 manifestum
1391 3923 1523 3964 sane
1559 3909 1972 3966 inhutnanitalis
2012 3926 2182 3968 eorun

2330 3928 2593 3992 ιλλόκοτος
2624 3928 2842 4000 διαϐολή
2865 3943 2879 3959 ⁸
2911 3928 3024 3982 ἀλλ’
3050 3927 3211 3993 εὑθὺς
3246 3931 3338 3982 καὶ
3362 3928 3454 3983 τοῦ
3476 3909 3841 4002 ἐγκλήματος

604 4011 1008 4070 argumentum.
1046 4000 1181 4055 Nam
1219 4017 1280 4055 ea
1313 4001 1426 4071 ipsa
1461 4000 1596 4055 hora
1629 4000 1823 4056 litterae
1856 4002 1924 4057 ab
1962 4003 2180 4075 imperat

2336 4020 2456 4082 ύσις
2490 4019 2868 4090 ἐπηκολούθει.
2901 4019 3075 4089 σαφὴς
3113 4019 3332 4090 ἐλεγχος
3356 4015 3493 4072 οὖσα
3529 4000 3911 4089 τῆςηέκείνων

608 4104 725 4147 tore
756 4093 821 4145 ad
850 4092 1037 4162 judicii
1080 4092 1256 4147 locum
1293 4094 1584 4158 advenere,
1627 4095 1824 4164 quibus
1856 4112 1961 4151 non
1996 4100 2175 4154 medio

2332 4110 2723 4182 ιπανθρωπίας.
2753 4111 3061 4182 Γράμματα
3091 4111 3199 4181 γὰρ
3228 4112 3291 4163 ἐκ
3331 4112 3425 4165 τοῦ
3459 4112 3733 4181 βασιλέως
3778 4119 3908 4169 κατ’

529 4221 541 4231 .
620 4187 792 4239 criter
834 4196 1189 4256 carperentur
1225 4194 1587 4252 accusatores,
1626 4187 1855 4243 crimine
1892 4190 2105 4246 solvere

2335 4207 2478 4256 κεῖνο
2502 4203 2598 4273 τῆς
2632 4202 2781 4274 ὥρας
2813 4204 3069 4273 ἐπιφοιτᾷ
3099 4203 3176 4273 τῷ
3214 4202 3571 4274 δικαστηρίῳ,
3607 4205 3834 4277 άπτόμε
3848 4226 3911 4260 ια

609 4277 977 4351 Athanasius,
1004 4289 1489 4346 accersereturque
1510 4280 1919 4350 perhumaniter
1938 4284 2003 4336 ad
2028 4282 2185 4352 ipsun

2334 4296 2423 4359 ιὲν,
2468 4292 2592 4347 οὔτε
2638 4293 2707 4364 (e)
2754 4294 3013 4364 μετρίως,
3059 4292 3167 4344 τῶν
3199 4294 3555 4365 κατηγόρων,
3603 4296 3789 4361 αἰτίας
3847 4299 3910 4351 δὲ

603 4368 1012 4441 imperatorem.
1055 4370 1324 4439 Quoniam
1368 4371 1500 4441 Apis
1550 4380 1605 4427 et
1640 4372 1911 4428 Macarius
1962 4374 1982 4443 (
2005 4390 2111 4429 nou
2155 4377 2179 4430 i:

2332 4384 2632 4438 Αθανάσιον
2666 4385 2913 4453 ἀφιέντα,
2964 4385 3059 4438 καὶ
3106 4384 3240 4455 πρὸς
3284 4385 3447 4438 αὑτὸν
3495 4386 3727 4458 ἡμέρως
3751 4390 3908 4444 πάνυ

599 4463 667 4517 de
706 4477 815 4532 quo
843 4463 1071 4533 jamjam
1099 4479 1283 4519 sermo
1312 4464 1531 4521 habitus
1568 4473 1652 4519 est
1679 4482 1692 4518 :
1725 4465 1812 4517 ille
1836 4482 2068 4533 namque
2098 4483 2175 4538 prt

2338 4476 2397 4528 αἱ
2422 4476 2659 4545 γνησίως
2698 4476 3163 4547 μετακαλούμενα.
3221 4477 3438 4548 Ἐπειδὴ
3487 4478 3655 4541 ’Ᾱπις
3692 4496 3753 4532 τε
3806 4484 3912 4535 καὶ

601 4569 695 4609 reo
727 4555 796 4609 ab
829 4556 1154 4611 Eusebianis
1191 4556 1531 4612 habebatur:
1567 4557 1660 4611 sed
1696 4556 1833 4613 alius
1866 4558 1964 4628 ipsi
1996 4575 2169 4641 cogno

2331 4568 2588 4639 ίακάριος
2636 4569 2755 4639 (οὑχ
2799 4568 2858 4622 ὃν
2890 4570 2990 4639 ἤδη
3038 4570 3251 4638 φθάσας
3296 4572 3324 4622 ό
3371 4570 3528 4637 λόγος
3579 4571 3907 4643 ἐδήλωσενο

520 4674 531 4683 ο
602 4645 816 4716 minis),
845 4650 1005 4703 ambo
1043 4646 1419 4704 Alexandrini
1448 4652 1782 4724 presbyteri,
1830 4652 2096 4709 Nicomedi

2336 4661 2508 4719 κεῖνος
2531 4657 2639 4729 γὰρ
2673 4660 2729 4710 ἐν
2760 4658 3078 4712 ὑπευθύνων
3111 4660 3276 4731 μοίρᾳ
3319 4662 3432 4723 τοίς
3472 4661 3603 4730 περὶ
3629 4663 3912 4721 Εὑσέϐιον

602 4750 710 4789 non
739 4738 807 4791 de
847 4739 1137 4806 industria,
1177 4744 1270 4797 sed
1301 4742 1407 4796 alio
1435 4757 1565 4796 casu
1601 4742 1872 4811 adierant,
1905 4746 2167 4813 imperato

2340 4748 2615 4819 νομίζετοο
2648 4748 2761 4803 ἀλλ’
2800 4749 2988 4821 ἔτερος
3027 4751 3225 4820 μᾶλλον
3253 4750 3562 4822 ὁμωνύμως
3599 4753 3755 4825 αὑτῷ
3802 4774 3916 4811 κα-

604 4842 831 4898 remque
868 4834 1292 4899 convenientes,
1332 4835 1516 4889 omnia
1554 4835 1632 4888 uti
1662 4850 1790 4890 vere
1834 4851 1894 4891 se
1929 4837 2176 4892 habeban

2338 4840 2608 4910 ούμενος),
2646 4840 2748 4910 τῆς
2806 4840 3192 4913 Ἀλεξανδρέων
3249 4843 3417 4912 ἄμφω
3484 4842 3871 4915 πρεσϐύτεροι
3900 4888 3914 4911 ,

606 4934 971 4988 enarravere,
1012 4922 1319 4996 falsamque
1353 4928 1615 4982 adversus
1641 4938 1888 4984 sanctum
1924 4930 2182 4985 hominen

2343 4932 2705 5003 ἰκομηδεῢσιν
2752 4935 2853 4987 οὑκ
2900 4935 2964 4986 ἐκ
3003 4934 3293 5005 προνοίας,
3333 4935 3447 4987 ἀλλ’
3483 4935 3628 4990 οὑτω
3674 4940 3919 5008 ωμόἀν

608 5010 1052 5080 accusationem,
1097 5030 1308 5072 necnon
1347 5017 1563 5088 iniquas
1610 5018 1727 5074 illas
1750 5020 1995 5075 insidias
2025 5019 2184 5076 resol-

2343 5024 2644 5089 πιστάντες,
2680 5025 2774 5077 καὶ
2818 5024 3029 5094 βασιλεῖ
3075 5027 3484 5095 συγγενόμενοι,
3519 5028 3701 5081 πάντα
3730 5047 3919 5084 κατα-

606 5108 765 5155 vunt.
814 5100 1023 5170 Quibus
1055 5121 1178 5162 cum
1212 5107 1372 5163 [idem
1415 5111 1649 5167 haberet
1692 5111 2007 5182 imperator,
2036 5122 2182 5183 atque

2342 5112 2519 5181 ἑγουσι
2557 5114 2697 5185 μετά
2733 5116 2831 5185 τῆς
2872 5115 3149 5185 ἀληθείας,
3194 5117 3287 5169 καὶ
3326 5118 3387 5169 τὸ
3413 5116 3606 5185 ψευδὲς
3633 5118 3918 5191 ἔγκλημα

608 5206 923 5263 persuasus,
961 5198 1072 5254 imo
1108 5201 1289 5269 potius
1327 5203 1472 5258 veris
1497 5206 1831 5275 argumentis
1870 5206 2184 5274 pudefactus

2342 5204 2446 5257 ατὰ
2483 5205 2575 5259 τοῦ
2622 5207 2809 5274 ἁγίου,
2851 5207 2946 5259 καὶ
2982 5207 3081 5276 τὴν
3118 5208 3301 5260 ἄδικον
3336 5208 3539 5278 ταύτην
3589 5209 3918 5282 ἐπιδουλὴν

608 5299 675 5343 ac
711 5289 1034 5360 convictus,
1063 5293 1199 5349 nihil
1242 5297 1526 5359 credibile,
1568 5297 1701 5352 nihil
1734 5312 2036 5367 congruens
2075 5312 2184 5354 esse

2336 5298 2620 5353 ιαλύονται.
2639 5294 2732 5363 Οἷς
2750 5300 2842 5353 καὶ
2866 5300 3161 5363 πιστεύσας
3176 5302 3204 5351 ὁ
3224 5298 3492 5368 βασιλεὺς,
3508 5300 3601 5351 καὶ
3618 5301 3912 5370 πεισθεὶς,

611 5392 737 5434 cum
790 5381 1025 5439 veritate
1054 5384 1109 5439 in
1155 5385 1427 5441 calumnia
1466 5387 1806 5457 hujusmodi,
1849 5389 1941 5443 sed
1983 5386 2187 5443 invidia

2337 5391 2502 5445 ,ἄλλον
2517 5391 2572 5444 δὲ
2604 5393 2727 5454 τοὺς
2752 5392 2816 5445 ἐκ
2839 5392 2938 5462 τῆς
2964 5391 3219 5462 ἀληθείας
3252 5390 3503 5459 ἐλέγχους
3518 5390 3913 5463 δυσωπηθεὶς,

609 5467 777 5525 fetum
832 5471 977 5527 illam
1029 5490 1151 5530 esse
1191 5494 1204 5530 :
1251 5477 1563 5547 huiusmodi
1606 5477 1695 5533 ille
1746 5476 1890 5532 dedit
1938 5478 2147 5535 litteras

2343 5497 2383 5532 rt
2421 5481 2587 5551 μηδὲν
2608 5477 2723 5551 εἶχε
2757 5482 2967 5544 πιστὸν,
3004 5481 3137 5551 μηδὲ
3166 5483 3263 5551 τῆς
3289 5479 3382 5531 τοῦ
3409 5479 3741 5550 πράγματος
3770 5484 3919 5538 ἁκο-

608 5564 809 5631 quibus
838 5566 893 5623 itt
931 5567 1046 5638 ipsa
1076 5569 1443 5625 accusationis
1466 5570 1825 5639 productione
1860 5569 1924 5622 ad
1957 5569 2184 5625 tribunal

2341 5572 2516 5637 ουθίας
2532 5574 2809 5646 ἐχόμενον,
2837 5573 2971 5628 ἀλλά
2992 5573 3183 5642 φθόνου
3201 5574 3446 5642 γέννημα
3466 5573 3625 5642 μόνον
3640 5574 3917 5645 ἀτεχνῶς

703 5696 760 5779 ᾳ)
786 5700 881 5779 §_ic
907 5716 1041 5756 mss.
1078 5700 1219 5757 Editi
1254 5717 1405 5779 vero,
1439 5701 1631 5756 αὑτοῦ.
1698 5773 1709 5779 _
1919 5774 1928 5779 _

1698 5773 1709 5779 -
1919 5774 1928 5779 _
2373 5712 2450 5776 (ά)
2477 5710 2675 5766 Omnes
2698 5725 2830 5766 mss.
2865 5710 2957 5763 καὶ
2987 5709 3220 5779 πρῶτον.

706 5765 757 5852 η
785 5768 878 5852 S_ic
910 5786 1044 5852 mss.
1078 5765 1400 5852 vereLE-Iditi
1416 5786 1568 5837 vero,
1606 5773 1743 5852 male
1764 5815 1777 5841 ,
1808 5774 2110 5845 γινώσκων.

2101 5820 2110 5835 ι
2373 5765 2444 5852 (η’
2473 5765 2548 5838 ita
2580 5796 2770 5839 omnes
2789 5765 2933 5837 mss.
2964 5765 3161 5841 nostri.
3190 5779 3335 5835 Editi
3365 5793 3512 5841 vero.
3540 5776 3677 5837 οὔτι.

684 5834 758 5908 (ο)
801 5837 873 5895 lia
900 5840 1006 5896 duo
1038 5852 1169 5898 mss.
1210 5839 1352 5900 Editi
1378 5857 1527 5908 vero,
1554 5834 1680 5915 μέν.
