3990 6516
651 407 800 454 CXCII

2015 384 2546 444 PROLEGOMENA.

655 512 912 569 bendunt.
957 509 1161 565 Exinde
1205 506 1400 562 litterae
1440 520 1653 562 rursum
1702 505 2063 575 imperatoriae
2103 519 2218 578 pro-

2331 509 2491 562 πάλιν
2526 508 2687 579 ἕτερα
2732 508 2824 560 τοῦ
2867 507 3130 578 βασιλέως
3180 511 3710 584 ἐπικαταλαμϐάνει,
3751 515 3901 571 ’30::-

655 603 838 665 deunt,
870 601 1066 670 quibus
1089 600 1295 669 jussum
1325 606 1442 653 erat
1476 605 1532 651 ut
1557 596 1883 651 Athanasius
1909 597 2124 666 quidem
2167 614 2226 652 se

653 694 986 758 conveniret,
1014 701 1066 747 et
1089 692 1188 762 ipsi
1226 705 1438 762 quoque
1464 705 1625 760 quam
1653 688 1932 745 celerrime
1956 691 2224 748 adferent.

657 780 794 836 llinc
817 782 958 837 haud
981 784 1221 838 modicus
1248 783 1408 837 timor
1429 781 1632 853 synodo
1671 781 1937 837 incussus.
1960 781 2227 838 Vereban-

658 881 745 924 tur
782 873 979 942 quippe
1007 887 1072 928 ne
1098 875 1236 944 apud
1279 873 1449 943 ipsum
1501 873 1663 928 etiam
1723 875 2103 944 imperatorem
2145 877 2228 931 de-

630 955 1134 1029 ‘prehenderentur,
1156 965 1352 1034 partim
1381 965 1578 1034 gratia,
1611 967 1806 1035 partim
1849 967 1972 1020 odio
2008 977 2226 1021 senten-

659 1051 787 1106 tiam
823 1053 1027 1119 tulisse,
1081 1057 1294 1127 patroni
1323 1057 1530 1112 scilicet
1557 1057 1819 1113 mendacii
1855 1067 1909 1114 et
1957 1059 2227 1115 manifesti

658 1144 955 1212 proditores
994 1161 1134 1201 verte
1167 1148 1312 1203 fidei.
1341 1149 1699 1216 Quamobrem
1735 1150 1967 1205 maxima
1991 1167 2114 1222 pars
2139 1167 2229 1208 eo-

657 1249 775 1289 rum
811 1235 1028 1292 domum
1055 1240 1434 1310 remigrarunt.
1468 1242 1539 1298 At
1562 1243 1841 1308 Eusebius,
1871 1245 2138 1316 Theognis
2175 1256 2229 1302 et

658 1327 861 1393 eteteri,
888 1328 1166 1386 verisimili
1197 1334 1421 1387 conﬁcta
1454 1335 1507 1388 in
1542 1335 1610 1389 iis
1639 1336 1771 1390 locis
1800 1338 2106 1393 remanendi
2134 1353 2228 1394 oc-

657 1416 892 1484 casione,
925 1434 1030 1475 non
1058 1436 1274 1491 parvam
1315 1423 1489 1480 fecere
1519 1441 1743 1493 moram,
1766 1437 1926 1497 atque
1947 1442 2065 1484 sese
2089 1431 2226 1499 apud

656 1509 1033 1586 imperatorem
1077 1512 1274 1570 litteris
1303 1518 1415 1572 suis
1461 1529 1806 1574 excusarunt.
1833 1522 2060 1586 Interea,
2101 1522 2226 1578 dum

655 1600 769 1656 haec
799 1602 1018 1670 fierent,
1044 1605 1356 1675 imperatori
1387 1624 1597 1664 rursum
1628 1609 1947 1667 Nicomedia:
1972 1627 2152 1667 coram
2171 1630 2228 1669 se

655 1694 800 1748 sistit
848 1696 1217 1766 Athanasius,
1267 1709 1427 1768 atque
1469 1701 1866 1756 accusationem
1899 1703 1963 1758 de
2003 1706 2226 1773 pecunia

655 1783 972 1840 intentatam
999 1787 1236 1858 legitime
1262 1800 1546 1861 aperteque
1570 1791 1739 1846 diluit.
1762 1791 1893 1848 Cum
1912 1806 2090 1850 autem
2119 1813 2228 1852 ma-

2328 603 2507 653 νάσιον
2529 600 2625 670 μὲν
2651 598 2726 662 ὼς
2743 599 2904 652 αὑτὸν
2925 601 3101 670 ἣκειν,
3126 602 3216 655 καὶ
3237 604 3432 668 αὐτοὺς
3457 606 3554 658 καὶ
3569 606 3648 669 ὠς
3674 607 3898 677 τάχιστα

2329 690 2583 761 παρεῖναι
2644 687 3045 744 διακελεύοντα.
3117 691 3301 745 Ταῦτα
3358 694 3520 760 φόϐον
3585 697 3647 748 ού
3711 699 3899 768 μικρὸν

2328 780 2576 832 ἐπέσεισε
2606 783 2672 852 τῇ
2701 780 2918 852 συνόδῳ,
2949 782 3157 852 μήποτε
3191 785 3282 836 καὶ
3310 785 3511 838 ἁλῶσιν
3557 788 3649 839 ἐπὶ
3683 788 3779 841 τοῦ
3811 789 3899 859 βαι

2331 871 2552 935 σιλέως,
2604 870 2673 923 τὰ
2723 872 2821 941 μὲν
2875 871 3011 942 πρὸς
3062 872 3248 944 χάριν,
3292 875 3358 928 τὰ
3402 874 3459 927 δὲ
3499 877 3595 929 καὶ
3644 876 3780 946 πρὸς
3825 877 3898 946 (α)

2326 960 2622 1030 ἀπέχθειαν
2655 962 2955 1034 κρίναντες,
2995 963 3281 1035 συνήγοροί
3324 983 3382 1018 τε
3425 965 3519 1018 τοῦ
3552 966 3784 1035 ψεύδους
3813 970 3902 1021 καὶ

2329 1053 2584 1122 προδόται
2632 1054 2730 1123 τῆς
2779 1054 3012 1124 ἀληθοῦς
3075 1056 3309 1119 πίστεως
3366 1059 3751 1129 γεγενημένοι.
3805 1054 3900 1112 ’Ὧν

2327 1143 2511 1198 ἕνεκεν
2550 1149 2596 1198 οἱ
2637 1147 2855 1211 πλείους
2894 1148 2992 1218 μὲν
3034 1149 3124 1201 ἐπὶ
3170 1147 3239 1202 τὰ
3281 1149 3486 1201 ἑαυτῶν
3535 1151 3770 1215 ἕκαστος
3816 1153 3905 1206 ἀν·

2327 1234 2520 1304 εχώρει
2555 1236 2659 1308 (ὺ)·
2698 1238 2746 1289 οἱ
2780 1237 2834 1290 δὲ
2867 1238 2992 1307 περὶ
3027 1238 3282 1293 Εὑσέϐιον
3305 1239 3524 1308 Θέογνίν
3553 1258 3612 1294 τε
3644 1243 3741 1295 καὶ
3782 1243 3905 1306 τοὺς

2328 1325 2561 1390 λοιποὺς,
2605 1327 2835 1392 πιθανὰς
2885 1330 3207 1400 προφάσεις,
3251 1331 3391 1383 ὥστε
3431 1331 3570 1384 κατὰ
3599 1331 3785 1404 χώραν
3815 1335 3904 1403 μέ-

2327 1435 2457 1481 νειν,
2490 1418 2842 1489 πλασάμενοι,
2895 1421 2995 1473 οὐκ
3032 1421 3216 1491 ὀλίγην
3264 1422 3342 1492 τῷ
3393 1424 3571 1494 χρόνῳ
3623 1425 3904 1498 διατριϐὴν

2327 1510 2625 1574 ἐνεποίουν,
2659 1513 2749 1564 καὶ
2788 1513 2999 1581 βασιλεῖ
3035 1514 3237 1584 μεταξὺ
3274 1515 3360 1569 διὰ
3399 1517 3748 1586 γραμμάτων
3803 1520 3916 1573 ἀπ-

2328 1597 2624 1666 ελογοὼτο.
2664 1599 2750 1650 Ἐν
2781 1592 2824 1666 ᾧ
2850 1598 2906 1651 δὲ
2922 1599 3095 1653 ταῦτα
3117 1603 3414 1672 ἐπράττετο
3440 1605 3581 1658 κατὰ
3616 1607 3906 1678 πρόσωπον

2328 1688 2404 1758 τῷ
2433 1689 2660 1758 βασιλεῖ,
2691 1689 2849 1742 πάλιν
2876 1690 2932 1743 ὲν
2961 1693 3025 1761 τῇ
3059 1693 3398 1764 Νικομήδους
3428 1697 3720 1768 παραστάς
3754 1700 3908 1753 Ἀθα-

2329 1777 2528 1839 νάσιος,
2571 1779 2666 1830 καὶ⁹
2691 1778 2750 1830 τὸ
2802 1779 2929 1848 περὶ
2962 1778 3053 1830 τοῦ
3086 1781 3306 1850 χρυσίου
3361 1783 3613 1856 ἔγκλημα
3659 1788 3908 1859 νομίμως

655 1875 737 1942 gis
765 1877 1040 1947 magisque
1090 1879 1375 1935 Eusebiani
1426 1883 1985 1950 comperendinarent,
2028 1886 2218 1943 litteris

2327 1867 2419 1919 καὶ
2444 1868 2688 1938 φανερῶς
2715 1868 3025 1922 ἀποδύεται.
3045 1870 3131 1934 Ὠς
3161 1872 3218 1924 δὲ
3238 1874 3330 1926 καὶ
3356 1873 3433 1926 ἔτι
3471 1876 3674 1945 μᾶλλον
3699 1880 3749 1931 οἱ
3780 1881 3908 1950 περὶ

654 1964 769 2018 suis
810 1965 1105 2034 imperator
1157 1969 1506 2024 Athanasium
1556 1971 1779 2026 remittit
1810 1973 2216 2042 Alexandriam,

653 2052 1131 2125 episcopatumqne
1155 2059 1320 2112 tradit
1350 2059 1472 2129 ipsi,
1498 2061 1809 2131 significans
1848 2067 2222 2122 accusationes

657 2143 778 2200 illas
803 2159 989 2202 omnes
1015 2148 1305 2205 sceleratas
1345 2150 1633 2222 lutilesque
1672 2154 1840 2209 videri
1883 2158 2007 2212 sibi.
2055 2160 2221 2213 Atha-

654 2235 806 2290 nasio
834 2236 993 2307 igitur
1015 2238 1085 2292 ita
1111 2254 1327 2296 reverso
1350 2240 1751 2310 Alexandriam,
1781 2251 2222 2318 congregatisque

650 2320 895 2388 Arianis,
931 2340 1125 2395 magna
1181 2328 1426 2384 confusio
1465 2339 1624 2398 atque
1659 2334 1918 2389 tumultus
1971 2340 2218 2407 populum

652 2416 973 2482 occupavit,
1006 2417 1078 2470 ita
1103 2426 1163 2472 ut
1190 2418 1340 2472 ntttlti
1373 2419 1585 2490 indigne
1615 2420 1837 2490 ferrent,
1869 2413 1989 2480 cum
2021 2443 2080 2481 ea
2105 2445 2221 2499 qua:

656 2516 689 2557 ει
725 2511 804 2557 tot
834 2505 1099 2573 episcopis
1135 2508 1243 2576 jam
1286 2511 1589 2565 examinata
1630 2522 1828 2580 essent,
1858 2515 2049 2571 iterum
2082 2519 2224 2574 vide-

660 2597 780 2642 rent
825 2589 878 2642 in
913 2589 1172 2656 judicium
1222 2599 1427 2652 vocari.
1483 2601 1651 2656 lratus
1688 2617 1816 2672 ergo
1853 2605 2179 2671 Athanasius
2203 2650 2219 2674 ,

657 2679 802 2745 quod
854 2695 958 2735 non
1009 2684 1167 2738 modo
1198 2687 1599 2768 Alexandriam,
1633 2695 1725 2746 sed
1789 2705 1954 2749 totam
2009 2713 2222 2769 quoque

654 2767 946 2840 Egyptum
989 2762 1396 2834 tumultuantem
1428 2781 1649 2844 videret.
1673 2787 1848 2840 omnia
1890 2762 2088 2844 iudicat
2123 2762 2222 2845 εὶ..

659 2854 915 2928 peratori,
945 2878 1177 2935 eumque
1204 2871 1272 2924 ad
1311 2887 1498 2940 pmnas
1524 2875 1587 2928 de
1631 2875 1761 2930 Ario
1815 2883 2102 2936 sumendas
2132 2900 2220 2938 eo-

656 2950 924 3020 hortatur,
965 2955 1198 3024 aliquam
1238 2962 1456 3030 cupiens
1488 2965 1708 3032 hujusce
1741 2968 1814 3022 rei
1851 2968 2034 3025 haberi
2066 2973 2222 3028 ultio-

655 3052 796 3095 nem.
812 3039 1310 3121 Statimquelitlertn
1330 3053 1702 3108 Alexandriam
1731 3071 2008 3126 venerunt,
2027 3064 2221 3132 quibus

652 3129 815 3187 Arius
845 3137 1242 3205 arcessebatur,
1270 3152 1326 3196 ut
1373 3145 1740 3204 immoderata:
1781 3150 1974 3221 lingua:
2000 3129 2219 3209 senten-

653 3223 845 3294 tiaeque
871 3241 982 3283 suae
1010 3232 1326 3301 supplicium
1351 3237 1575 3295 subiret.

722 3488 775 3542 9.
817 3491 951 3547 Cum
980 3507 1109 3562 ergo
1130 3493 1454 3548 Alexandria
1487 3498 1549 3550 ad
1583 3499 1956 3569 imperatorem
1990 3507 2219 3564 adduc-e-

653 3583 802 3630 retur
827 3579 1013 3645 Arius,
1039 3581 1338 3646 Cmsaream
1363 3590 1623 3653 pervenit,
1663 3588 2017 3663 convenitque
2050 3599 2217 3652 Euse-

652 3664 822 3732 bium,
851 3668 1126 3740 Thcognin
1153 3681 1206 3727 et
1235 3673 1427 3729 Mariti.
1459 3677 1551 3732 llic
1578 3680 1727 3745 mihi,
1755 3699 1956 3751 quaeso,
1974 3691 2220 3758 perspice

651 3755 950 3813 facinorum
980 3757 1382 3832 gravissimum,
1409 3777 1465 3820 ut
1507 3771 1773 3825 undenam
1801 3782 1946 3830 tanta
1975 3755 2220 3833 Athana-

653 3845 735 3901 sio
769 3853 1124 3905 tentalionum
1151 3855 1381 3921 procella
1407 3867 1522 3910 orta
1549 3860 1641 3914 sit.
1669 3861 1902 3921 Consors
1927 3867 2030 3922 illis
2053 3871 2220 3924 Arius

651 3940 938 4004 sermonis,
977 3955 1197 3996 consors
1255 3959 1506 4011 morum;
1557 3965 1752 4006 mensa:
1807 3957 2093 4026 particeps,
2129 3959 2216 4027 qui

651 4041 843 4096 pugna:
904 4040 1087 4084 contra
1143 4033 1308 4088 Deum
1357 4039 1626 4108 particeps
1675 4042 1803 4098 item
1850 4058 2004 4100 erat:
2037 4052 2214 4104 omnia

654 4127 899 4173 recenset
945 4135 1064 4188 qua:
1127 4123 1298 4192 ipsum
1332 4131 1671 4196 spectabant,
1720 4142 1830 4188 tum
1883 4137 2106 4192 consilia
2137 4139 2220 4192 iu-

650 4213 778 4258 eunt
830 4218 1038 4276 mutua,
1068 4221 1125 4266 ut
1172 4219 1345 4284 neque
1391 4217 1518 4287 Deo,
1566 4222 1701 4291 proh
1733 4223 2012 4281 furorem!
2047 4244 2218 4298 neque

648 4294 943 4355 Athanasio
987 4316 1290 4371 parcerent.
1327 4309 1474 4365 Alias
1531 4313 1711 4382 itaque
1759 4316 2018 4372 adversus
2069 4294 2214 4372 illum

647 4398 914 4444 consuunt
944 4393 1278 4464 calumnias;
1308 4399 1554 4458 homines
1585 4404 1700 4474 qui,
1726 4408 2019 4462 secundum
2051 4411 2218 4464 tnaxi-

2325 1959 2580 2011 Εὑσέὸιον
2610 1960 2993 2026 ἀνεϐάλλοντο,
3039 1963 3361 2034 γράμμασιν
3393 1968 3420 2018 6
3453 1965 3710 2035 βασιλεὺς
3753 1969 3910 2022 Ἀϐα-

2323 2049 2503 2101 νάςιον
2530 2049 2620 2102 ἐπὶ
2653 2052 2750 2121 τὴν
2779 2049 3165 2122 Ἀλεξανδρέων
3193 2053 3528 2122 προπέμπει,
3554 2057 3650 2108 καὶ
3665 2056 3766 2125 τὴν
3786 2059 3909 2110 ὲπι-

2324 2142 2528 2208 σκοπὴν
2563 2141 2710 2211 αὐτῷ
2746 2143 3053 2213 ἐγχειρίζει,
3087 2142 3261 2213 σαθρά
3289 2144 3523 2211 φανῆναι
3557 2147 3812 2216 σημάνας
3843 2150 3907 2202 τὰ

2321 2232 2425 2284 τῶν
2445 2231 2702 2284 διαϐολῶν
2735 2233 2945 2286 ἅπαντα
2970 2232 3063 2286 καὶ
3095 2231 3377 2304 ἀνίσχυρα.
3399 2233 3586 2297 Οὕτως
3607 2231 3700 2288 οὖν
3745 2236 3907 2288 Ἀθα-

2322 2325 2506 2377 νασῐου
2554 2325 2694 2378 κατὰ
2731 2325 2828 2396 τὴν
2875 2326 3274 2397 Ἀλεξάνδρειαν
3303 2326 3617 2397 γενομένου,
3666 2329 3764 2381 καὶ
3799 2329 3906 2382 τῶν

2336 2417 2542 2488 Ἀρείου
2593 2416 3093 2488 συγκροτουμένων,
3127 2418 3292 2490 πολλή
3329 2435 3411 2480 τις
3445 2413 3557 2488 εἶχε
3612 2418 3675 2470 τὸ
3702 2419 3909 2489 πλῆθος

2325 2509 2585 2579 σύγχυσίς
2606 2528 2667 2562 τε
2699 2511 2792 2562 καὶ
2819 2512 3028 2582 ταραχή
3049 2527 3062 2539 °
3094 2507 3180 2563 οἷα
3220 2511 3354 2580 μηδὲ
3393 2510 3579 2581 φέρειν
3622 2511 3736 2563 τῶν
3778 2512 3907 2564 πολ-

2322 2599 2427 2651 λῶν
2458 2599 2767 2670 δυναμένων
2793 2600 2860 2654 τὰ
2888 2600 2990 2652 ὑπὸ
3027 2601 3297 2662 τοσούτοις
3335 2601 3655 2663 ἐπισκόποις
3703 2601 3806 2672 ἤδη
3831 2601 3908 2654 δο-

2325 2689 2659 2760 κιμασθέντα
2693 2689 2853 2744 πάλιν
2887 2691 3016 2760 ὁρᾷν
3053 2691 3504 2760 ἀναδικαζόμενα.
3548 2691 3906 2758 Ἀγανακτῶν

2324 2778 2414 2834 οὖν
2461 2781 2794 2850 Ἀθανάσιος,
2845 2782 2926 2834 ὅτι
2962 2781 3035 2852 μὴ
3087 2783 3252 2852 μόνην
3299 2782 3396 2852 τὴν
3464 2783 3904 2854 Ἀλεξάνδρειαν,

2324 2873 2457 2927 ἀλλά
2490 2874 2582 2925 καὶ
2613 2873 2792 2942 σχεδὸν
2821 2873 3092 2940 Αἴγυπτον
3123 2875 3301 2925 πᾶσαν
3337 2873 3523 2926 κλονου
3534 2877 3704 2944 μένην
3730 2874 3903 2946 ἑώρα,

2327 2964 2518 3035 μηνύει
2548 2964 2720 3016 πάντα
2748 2962 2826 3032 τῷ
2862 2962 3088 3032 βασιλεῖ,
3150 2964 3241 3015 καὶ
3288 2963 3426 3034 πρὸς
3463 2963 3682 3033 ἄμυναν
3739 2966 3908 3017 αὐτον

2322 3053 2420 3124 τὴν
2471 3053 2676 3124 Ἀρείου
2726 3052 3055 3123 παρακαλεῖ,
3113 3051 3298 3105 λαϐεῖν
3348 3069 3470 3104 τινα
3521 3055 3655 3124 παρ’
3689 3056 3907 3106 ἐκείνου

2320 3146 2589 3214 τιμωρίαν
2621 3143 2954 3213 βουλόμενος.
2982 3145 3092 3196 Καὶ
3113 3143 3450 3213 παραχρῆμα
3475 3145 3786 3214 γράμματα
3808 3146 3909 3216 τὴν

2336 3233 2724 3304 Ἀλεξανδρέων
2767 3233 3193 3303 καταλαμϐάνει,
3246 3234 3640 3304 μετάπεμπτον
3672 3235 3908 3303 ἄγεσθαι

2324 3328 2557 3397 Ἀρειον,
2582 3325 2734 3395 δίκην
2768 3324 3066 3379 ἀκολάστου
3103 3324 3352 3394 γλώσσης
3385 3325 3478 3376 καὶ
3526 3324 3757 3395 γνώμης
3807 3329 3911 3397 ὑφ-

2319 3417 2521 3480 ἐξοντα.

2389 3507 2439 3560 9.
2479 3507 2565 3570 Ὠς
2593 3502 2683 3559 οὖν
2715 3508 2877 3576 ἤγετο
2911 3505 3059 3576 παρὰ
3086 3505 3308 3575 βασιλέα
3339 3507 3436 3577 τῆς
3489 3507 3910 3581 Ἀλεξανδρείας

2324 3597 2558 3667 Ἀρειος,
2593 3596 2780 3664 γέγονέ
2813 3613 2871 3648 τε
2916 3595 3054 3648 κατὰ
3094 3595 3450 3671 Καισάρειαν,
3486 3597 3582 3648 καὶ
3615 3601 3730 3660 τοῖς
3774 3599 3911 3669 περὶ

2320 3681 2594 3749 Εὐσέϐιον,
2624 3685 2842 3752 Θέογνίν
2874 3684 2942 3755 (c)
2970 3701 3029 3736 τε
3063 3685 3157 3736 καὶ
3187 3684 3366 3756 Μάριν
3401 3687 3752 3755 συγγέγονεν.
3788 3690 3909 3741 Ἐν-

2319 3778 2491 3831 ταῦθά
2524 3796 2612 3848 μοι
2650 3777 2836 3829 σκόπει
2865 3778 2971 3830 τῶν
3001 3776 3314 3846 προσϐολῶν
3340 3777 3438 3846 τὴν
3477 3778 3906 3849 χαλεπωτάτην,

2321 3871 2410 3923 καὶ
2453 3871 2573 3922 ὅθεν
2616 3869 2692 3939 τῷ
2740 3869 2976 3939 μεγίστῳ
3021 3858 3319 3937 ’Λθανρισίῳ
3374 3869 3581 3921 κλύδων
3627 3872 3911 3942 ἐπανέστη

2319 3958 2426 4010 τῶν
2467 3955 2805 4026 πειρασμῶν.
2845 3956 3114 4018 Κοινωνός
3150 3956 3247 4026 μὲν
3278 3955 3449 4023 λόγων
3489 3958 3678 4020 αὐτοῖς
3721 3961 3751 4011 6
3790 3976 3913 4012 κοι-

2318 4045 2483 4109 νωνὸς
2515 4047 2608 4097 καὶ
2647 4043 2755 4096 τῶν
2798 4044 3042 4113 τρόπων·
3075 4046 3321 4096 κοινωνεί
3344 4043 3399 4096 δὲ
3430 4045 3525 4096 καὶ
3557 4046 3849 4118 τραπέζης
3880 4051 3912 4101 6

2319 4137 2571 4198 κοινωνὸς
2593 4135 2687 4188 καὶ
2719 4135 2819 4208 τῆς
2843 4134 2977 4204 πρὸς
2997 4134 3126 4186 Θεὸν
3153 4133 3353 4205 μάχης.
3389 4135 3574 4187 Πάντα
3599 4153 3660 4188 τε
3688 4136 3908 4206 διηγεῖ-

2317 4245 2405 4283 ται
2429 4227 2496 4280 τὰ
2529 4229 2648 4280 κατ’
2679 4226 2861 4289 αὐτὸν,
2898 4226 2990 4278 καὶ
3015 4225 3349 4294 συμϐούλους
3376 4224 3644 4294 ἀλλήλους
3681 4229 3911 4280 ποιοῦν-

2316 4335 2425 4380 ται,
2449 4316 2540 4368 τοῦ
2579 4319 2712 4386 μήτε
2747 4312 2903 4376 Θεοῦ,
2935 4312 3034 4381 φεῦ
3061 4313 3159 4382 τῆς
3187 4314 3414 4382 μανίαςί
3448 4315 3576 4384 μήτ’
3601 4311 3698 4367 οὖν
3735 4316 3910 4369 Ἀθα-

2317 4408 2498 4461 νασίου
2535 4405 2841 4476 φείσασθαι.
2889 4405 3176 4456 Ῥάπτουσι
3223 4403 3511 4474 τοιγαροῦν
3557 4405 3755 4476 ἐτέρας
3779 4411 3909 4460 κατ’

647 4491 791 4532 munt
845 4482 1062 4551 Isaiam,
1110 4489 1416 4556 parturiunt
1469 4491 1705 4548 laborem
1748 4504 1802 4551 et
1843 4499 2060 4567 pariunt
2112 4502 2215 4556 ini-

2324 4498 2480 4551 αὐτοῦ
2508 4499 2600 4550 καὶ
2647 4496 2807 4550 πάλιν
2844 4495 3204 4564 συκοφαντίας
3245 4497 3462 4558 ἐκεῖνοι,
3508 4496 3579 4557 οἳ,
3631 4497 3781 4550 κατὰ
3813 4499 3910 4551 τὲν

644 4569 923 4639 quitatem,
949 4575 1039 4642 qui
1073 4589 1368 4644 posuerunt
1407 4583 1744 4640 mendacium
1776 4603 1925 4657 Spem
1957 4604 2129 4658 suam,
2157 4606 2212 4647 et

642 4660 932 4715 dixerunt:
963 4662 1240 4721 Mendacio
1267 4669 1581 4740 obtegemur
1613 4692 1626 4727 :
1663 4689 1983 4745 omnemque
2015 4682 2208 4733 verbo-

643 4766 760 4805 rum
785 4753 966 4809 l'unem
993 4770 1228 4826 movent,
1262 4771 1319 4815 ut
1344 4765 1535 4818 throno
1584 4777 1832 4822 sanctum
1872 4770 2045 4824 virum
2077 4772 2212 4840 deji-

641 4839 810 4906 tiant,
837 4852 890 4897 et
925 4845 1046 4902 belli
1077 4860 1264 4905 contra
1309 4853 1642 4910 Christianos
1676 4857 2057 4915 Alexandriam
2105 4839 2210 4916 vel-

642 4931 718 4984 uti
753 4942 922 4988 tutam
979 4953 1158 4995 arcem
1201 4947 1549 5002 constituant.
1603 4950 1984 5018 Imperatorem
2029 4954 2208 5022 itaque

643 5022 892 5079 adierunt
925 5043 938 5078 :
981 5030 1134 5086 Arius
1169 5035 1384 5102 quidem
1413 5053 1534 5092 sese
1569 5039 1912 5107 defensurus,
1945 5043 2209 5101 Easebius

643 5121 893 5171 autemet
922 5121 1050 5176 socii
1080 5126 1357 5181 mendacio
1390 5133 1795 5197 patrocinaturi,
1820 5135 2207 5190 testimonium-

642 5219 748 5272 que
785 5220 968 5266 contra
999 5213 1354 5274 Athanasium
1377 5229 1429 5273 et
1458 5231 1641 5274 contra
1679 5223 1955 5277 veritatem
1991 5225 2205 5282 dicturi.

642 5296 927 5371 Postquam
949 5315 1120 5361 autem
1147 5309 1455 5379 imperatori
1475 5322 1732 5375 astantes,
1752 5314 1818 5367 de
1837 5315 1992 5367 rebus
2012 5315 2060 5367 in
2081 5331 2207 5384 syn-

641 5391 746 5445 odo
785 5397 952 5462 gestis
982 5399 1297 5472 interrogati
1325 5410 1526 5466 essent,
1565 5403 1744 5457 statim
1783 5405 1905 5457 aliis
1949 5407 2014 5458 de
2048 5407 2205 5460 rebus

644 5483 800 5538 verba
827 5486 1118 5545 facientes:
1145 5491 1262 5547 Non
1287 5494 1378 5559 ita,
1415 5492 1582 5558 aiunt,
1613 5495 1923 5563 imperator,
1949 5509 2090 5563 argre
2118 5496 2199 5551 l'e-

713 5617 788 5692 (ᾳ)
814 5620 956 5692 [ἶρός
982 5621 1133 5675 deest
1161 5623 1211 5676 in
1232 5625 1482 5678 omnibus
1515 5640 1643 5677 mss.

716 5688 1008 5768 (_l_))0_'ulnes
1045 5706 1176 5745 mss.
1219 5693 1411 5756 nostri,
1451 5693 1778 5764 ἀνεχώρουν.
1823 5694 1940 5751 Mox
1992 5697 2121 5768 Reg.
2151 5705 2204 5753 ct

644 5755 794 5812 Coll).
823 5758 842 5810 1
859 5796 873 5822 ,
897 5757 1171 5826 Θεόγνιον.

2320 4585 2615 4654 παμμέγαν
2661 4584 2916 4645 Ἡσαΐαν,
2979 4582 3164 4635 κύουσι
3221 4583 3412 4646 πόνον,
3468 4584 3561 4636 καὶ
3611 4586 3910 4640 τίκτουσιν

2317 4659 2565 4742 ἀνομίαν’,
2595 4673 2644 4725 οι
2678 4673 2867 4742 ψεῦδος
2893 4672 3073 4725 ἔθεντο
3096 4671 3190 4741 τὴν
3224 4673 3447 4736 ἐλπίδα,
3483 4675 3597 4736 καὶ,
3639 4676 3732 4746 Τῷ
3773 4679 3911 4746 ψες-

2315 4763 2413 4826 δει,
2454 4761 2623 4825 εἷπον,
2661 4762 3150 4834 σκεπασοησόμεοα
3174 4779 3186 4792 ·
3231 4764 3324 4815 καὶ
3367 4763 3545 4817 πάντα
3580 4765 3766 4819 κάλων
3791 4809 3806 4829 ,
3846 4771 3911 4823 τὸ

2313 4855 2406 4908 τοῦ
2439 4855 2617 4923 λόγου,
2637 4854 2890 4917 κινοῦσιν,
2923 4854 3061 4906 ὥστε
3092 4854 3184 4907 τοῦ
3219 4853 3406 4925 Θρόνου
3440 4854 3532 4906 τὸν
3559 4856 3734 4924 ἆγιον-
3755 4860 3908 4912 καο-

2312 4947 2470 5010 ελεῖν,
2504 4947 2594 4998 καὶ
2639 4945 2732 4998 τοῦ
2779 4945 2918 4998 κατὰ
2949 4944 3287 5016 Χριστιανῶν
3332 4945 3566 5016 πολέμου
3595 4947 3696 5016 τὴν
3744 4950 3911 5002 Ἀλε-

2315 5038 2597 5106 ξάνδρειαν
2639 5037 2968 5106 ὁρμητήριον
3009 5036 3246 5104 ἀσφαλὲς
3287 5035 3639 5106 ποιήσασθαι.
3681 5040 3904 5108 ’ᾘεσαν

2312 5124 2403 5180 οὖν
2449 5127 2598 5197 παρὰ
2644 5126 2893 5197 βασιλέα,
2949 5130 3166 5197 Ἀρειος
3224 5129 3320 5197 μὲν
3369 5126 3903 5198 ἀπολογησόμενος,

2312 5217 2569 5280 Εὐσέϐιος
2607 5217 2663 5269 δὲ
2688 5218 2781 5268 καὶ
2811 5218 2858 5268 οἱ
2883 5218 3018 5286 ἀμφ’
3053 5217 3215 5270 αὐτὸν
3261 5217 3338 5286 τῷ
3363 5216 3545 5286 ψεύδει
3580 5222 3906 5290 συνηγορή-

2316 5326 2527 5373 σοντες,
2575 5307 2889 5361 Ἀθανασίου
2932 5307 2988 5359 δὲ
3034 5310 3128 5361 καὶ
3174 5309 3271 5377 τῆς
3321 5308 3577 5376 ἀληθείας
3627 5313 3905 5381 φανερῶς

2311 5400 2913 5471 καταμαρτυρήσοντες.
2957 5399 3110 5451 Ἐπεὶ
3138 5399 3194 5451 δὲ
3220 5399 3296 5470 τῷ
3333 5399 3541 5468 βασιλεί
3572 5403 3911 5471 παραστάν-

2307 5509 2398 5555 τες
2435 5491 2505 5545 τὰ
2555 5489 2741 5544 εἰκότα
2783 5491 2910 5560 περὶ
2957 5491 3064 5543 τῶν
3109 5493 3174 5561 τῇ
3227 5491 3422 5560 συνόδῳ
3471 5493 3910 5561 πεπραγμένων

2381 5627 2450 5695 (c)
2477 5626 2625 5702 Reg.
2639 5625 2904 5702 Θεόγνιον.
2927 5624 3089 5702 Paulo
3111 5627 3416 5702 posl,cditi,
3444 5629 3690 5702 κα¹ιδθεν
3722 5631 3755 5684 ό
3791 5634 3909 5702 μὲ-

2310 5713 2492 5765 γιστος
2539 5695 2853 5760 Ἀθανάσιος
2903 5695 3144 5752 κλύδωνα
3190 5695 3477 5767 ἐπανέστη.
3525 5695 3911 5774 Μιιιιιιεετῖυξί

2315 5767 2445 5822 utin
2479 5775 2646 5822 textu.
