3990 6524
1031 417 1188 474 ἮἹἈ
1226 419 1281 472 S.
1321 414 1694 472 ATllANASll
1728 403 2034 470 ‘INCERTO
2071 407 2422 474 AUCTORE.

3195 423 3358 488 cxcnt

76 537 394 614 ἱρωτηθεῖεν,
429 537 662 593 αὐτίκα.
703 541 844 610 περὶ
869 540 962 610 μὲν
987 538 1093 592 τῶν
1123 537 1318 601 ἀλλων,
1341 539 1452 608 Οὐχ
1478 536 1651 599 οὓτως
1674 578 1676 600 ,

1794 532 1996 598 rimus,
2028 535 2170 604 quod
2197 549 2405 590 sacram
2445 549 2686 592 mensam
2726 540 2999 609 everterit,
3028 541 3361 618 calicemque

76 636 276 704 ἔφησαν,
311 625 357 684 ὦ
395 629 681 700 βασιλεῦ,
722 633 1024 704 ἀνιώμεθα,
1053 632 1112 686 τὸ
1133 633 1230 703 μὲν
1249 631 1348 700 τῆς
1371 632 1521 701 ἱερᾶς
1549 645 1678 702 τρα-

79 726 240 794 πέζης,
275 721 336 774 τὸ
365 722 424 774 δὲ
450 721 559 775 τοῦ
591 724 887 792 μυστικοῦ
921 723 1196 795 ποτηρίου,
1218 724 1365 785 ὅπως
1382 722 1678 792 ἀνέστρεψε

84 817 160 884 μὲν
187 813 424 881 ἐκείνην,
446 813 723 879 κατέαξε
764 816 822 868 δὲ
853 818 1025 877 τοῦτο.
1054 817 1146 867 καὶ
1171 817 1252 877 είς
1279 813 1449 867 λεπτά
1465 814 1676 878 διεῖλεν,

82 909 201 967 ὅπως
220 904 274 956 δὲ
306 905 407 956 καὶ
442 905 549 957 τὸν
592 906 671 958 ὲκ
701 906 811 977 τῆς
853 907 1241 977 Ἀλεξανδρέων
1271 909 1337 975 τῇ
1384 905 1533 958 πόλει
1560 923 1681 958 συν-

82 994 197 1062 ήθως
211 995 339 1045 ὲκπ
346 993 667 1063 μπόμενον
686 997 848 1049 σῖτον
861 995 1204 1048 διακωλύσειν
1215 996 1320 1065 ὴπε
1329 995 1410 1066 ίλη
1419 1011 1499 1047 σε·
1510 995 1680 1048 ταῦτα

84 1087 226 1148 λυπεῖ,
257 1084 438 1138 ταῦτα
464 1085 688 1139 δάκνει
709 1104 724 1117 ο
762 1087 938 1140 ταῦτα
959 1087 1100 1150 τίνος
1121 1081 1194 1139 ὀύ
1219 1086 1395 1157 ψυχῆς
1427 1088 1675 1150 ἅπτεται,

84 1175 586 1247 καὶάδαμαντίνης;
631 1177 870 1231 Τούτων
903 1178 1176 1249 μάρτυρες
1210 1177 1593 1248 Ἀδαμάντινός
1617 1195 1678 1230 τε

87 1269 157 1319 καὶ
195 1267 491 1319 Ἀνουόίων
531 1266 663 1338 (a),
702 1267 1003 1340 Ἀρόεθίων
1025 1284 1082 1320 τε
1111 1268 1205 1320 καὶ
1234 1267 1439 1338 Πέτρος
1457 1268 1678 1321 ἐπίσκο-

86 1374 186 1410 ποιο
219 1359 345 1428 παρ’
380 1350 465 1410 ὧν
521 1357 638 1409 ἐπὶ
679 1360 826 1411 πᾶσι
877 1355 1083 1419 τούτοις
1125 1356 1493 1426 ἐξελεγχθεὶς,
1521 1358 1677 1429 δίκην

88 1451 162 1519 μὲν
184 1450 273 1519 τὴν
300 1448 469 1512 ἀξίαν
498 1449 770 1520 ἀπέδρα,
796 1450 1070 1520 διαδράναι
1109 1449 1166 1502 δὲ
1203 1450 1295 1502 καὶ
1322 1451 1420 1520 τὴν
1469 1451 1678 1522 ἀποκή-

85 1537 204 1609 pain;
225 1539 372 1607 ὅμως
401 1539 516 1590 οὐκ
549 1538 846 1610 ἠδυνήθη,
881 1539 1012 1592 ἀλλά
1044 1538 1240 1603 κοινῶς
1271 1539 1374 1593 ὑπὸ
1413 1541 1513 1612 τῆς
1547 1523 1677 1608 συνΣ

82 1631 173 1682 ὁδου
186 1630 384 1699 πάσης,
416 1629 504 1693 ὡς
536 1629 833 1684 τοιούτων
857 1631 1107 1701 ἀθέσμων
1137 1631 1312 1702 ἔργων
1339 1632 1431 1684 καὶ
1447 1631 1677 1685 ἀνοσίων

83 1721 316 1792 τολμητὴς
344 1723 832 1793 ἐκκεκήρυκται,
869 1721 1080 1774 Τούτων
1115 1721 1196 1775 ἔτι
1231 1721 1538 1792 λεγομένων
1579 1723 1672 1793 (b),

81 1813 357 1881 ὁβασιλεὺς
390 1811 459 1864 τὺ
492 1812 751 1885 πρῶτον
804 1813 980 1884 ἡσυχῆ
1022 1815 1118 1866 καὶ
1149 1813 1271 1866 καθ’
1307 1813 1501 1866 ἑαυτὸν
1554 1816 1677 1867 ἑτα-

83 1872 268 1970 ράττετο
289 1918 303 1930 ο
334 1872 437 1954 καὶ
464 1872 656 1964 τέλος
685 1902 803 1955 τῶν
1016 1901 1360 1974 ἀναρτηθεὶς,
1399 1904 1479 1966 είς
1505 1903 1675 1974 ὀργὴν
1708 1872 1748 1926 Β

81 1993 313 2053 ἐκπίπτει,
348 1992 452 2045 καὶ
485 1992 610 2063 τὴν
653 1993 720 2045 ὲν
755 1991 1005 2056 Γαλλίαις
1039 1993 1329 2062 ὑπερορίαν
1349 1992 1444 2046 τοῦ
1470 1992 1676 2046 δικαίου

82 2081 518 2151 καταψηφίζεται,
552 2081 822 2136 ἐνταῦθα
861 2082 1012 2152 μόνον
1043 2083 1138 2135 καὶ
1163 2077 1294 2152 ἦθος
1331 2083 1426 2135 καὶ
1453 2081 1677 2153 γνώμην

75 2173 381 2244 διαφθαρεὶς,
417 2175 528 2227 καὶ
577 2172 924 2243 ἀμφοτέρας
968 2175 1076 2236 τοῖς
1113 2173 1243 2244 περὶ
1282 2173 1539 2227 Εὐσέϐιον
1579 2174 1679 2237 τὰς

79 2265 214 2326 ἀκοὰς
237 2265 496 2328 ύπανείς.
527 2263 880 2317 Κλέπτουσι
911 2264 1016 2336 γὰρ
1056 2263 1134 2335 τῷ
1161 2264 1294 2328 δντι,
1322 2265 1416 2317 καὶ
1447 2265 1680 2333 διαφθεί-

82 2373 229 2426 ρουσιν
251 2358 357 2428 ἤθη
379 2356 662 2428 χρηστὰ,
689 2355 844 2408 κατά
867 2355 954 2408 τὸν
978 2356 1196 2408 εἰπόντα
1234 2357 1415 2424 σοφὸν,
1467 2357 1676 2426 ὁμιλίαι

80 2452 241 2502 τεκεῖν
266 2452 529 2520 καίτοιγε
569 2449 689 2520 τὴν
720 2449 918 2519 ἑτέραν
936 2449 1194 2516 ἀκεραίαν
1219 2447 1304 2499 ἀεὶ
1332 2447 1410 2517 τῷ
1439 2465 1674 2516 κατηγο-

81 2543 290 2612 ρουμένῳ
330 2542 663 2612 φυλάττων
692 2557 708 2570 ο
749 2540 888 2610 ὅπερ
917 2539 1074 2590 οἱονεί
1107 2537 1178 2607 (ν)
1218 2555 1300 2601 τις
1329 2538 1477 2608 αύτῷ
1525 2541 1678 2610 ῥυτὶς

77 2635 258 2700 ἐγένετο
281 2637 378 2688 καὶ⁸
404 2635 654 2696 σπῖλος,
695 2632 947 2702 ἆρρυπον
974 2631 1184 2693 ἑαυτὸν,
1219 2629 1286 2682 τά
1314 2647 1376 2698 γε
1409 2630 1543 2682 ἀλλα
1584 2631 1680 2683 καὶ

78 2727 279 2798 καθαρὸν
301 2744 482 2796 συντη
494 2727 575 2796 pf;
586 2740 784 2777 σαντι.
801 2723 921 2775 Εἰσὶ
944 2722 997 2775 δὲ
1023 2721 1270 2790 οἴφασιν,
1293 2719 1678 2792 ἀκριϐέστερον

76 2819 148 2869 καὶ
162 2817 354 2871 σκοποῦ
372 2819 536 2887 τάχα
563 2816 676 2869 καὶ
694 2815 936 2885 κρίσεως
956 2813 1209 2883 λογισμὸν
1226 2813 1454 2884 ἔχοντες,
1471 2813 1546 2875 ὡς
1561 2813 1678 2866 οὐδὲ

77 2909 389 2978 καταγνώσει
433 2910 562 2962 τινὶ
607 2910 684 2976 τῇ
726 2906 869 2975 πρὸς
915 2905 1228 2959 Ἀθανάσιον
1275 2905 1479 2975 ταύτην
1511 2903 1677 2959 αὑτοῦ

76 3004 330 3073 κατέκρινε
350 3003 458 3072 τὴν
485 2998 844 3070 ὑπερορίαν,
862 2997 973 3050 ἀλλ’
995 2996 1182 3050 ὲνώσει
1205 2997 1314 3050 τῶν
1343 2995 1677 3066 Ἐκκλησιῶν

77 3095 248 3163 μᾶλλον
291 3096 392 3148 καὶ
445 3091 802 3163 συμφωνίᾳ,
839 3089 977 3143 ὥστε
1004 3091 1351 3145 καταστεῖλαι
1388 3091 1485 3162 τὴν
1513 3092 1678 3163 ζάλην

76 3185 254 3246 αὑταῖς,
285 3185 386 3238 καὶ
425 3182 714 3252 κοιμίσαι
753 3179 847 3231 τὸν
864 3178 1102 3249 θόρυϐον.
1132 3180 1344 3251 Ἐπειδὴ
1361 3179 1472 3280 γὰρ
1490 3181 1677 3245 στάσις
1704 3222 1746 3280 C

74 3276 148 3344 oLx
178 3279 208 3345 ἡ
245 3275 507 3345 τυχοῦσα
535 3273 654 3343 τήν
687 3287 756 3323 τε
799 3270 1209 3342 Ἀλεξανδρέων,
1244 3271 1416 3342 ὁπόση
1443 3266 1541 3342 ἦν,
1580 3272 1674 3324 καὶ

72 3367 149 3434 τῆς
182 3368 474 3435 Αἰγύπτου
520 3366 587 3418 δὲ
627 3362 957 3432 κατειλήφει
999 3361 1067 3415 τά
1107 3362 1295 3427 πλείω,
1344 3365 1676 3417 κατάστασιν

76 3458 250 3518 ἐκεῖνος
271 3460 391 3519 τοῖς
429 3455 765 3526 πράγμασι
831 3449 1212 3520 μηχανώμενος
1231 3491 1244 3515 ,
1268 3451 1508 3504 ἐκποδὼν
1534 3451 1676 3520 ἔγνω

72 3547 119 3599 τά
155 3565 214 3616 τε
259 3548 361 3600 νῦν
401 3549 539 3616 ἕχον
576 3540 929 3613 ποιήσασθαι
971 3540 1305 3596 ’Δθανάσιον.
1338 3543 1522 3613 Ταύτῃ
1566 3543 1675 3613 γὰρ

71 3638 150 3699 τὰς
178 3639 282 3692 τῶν
323 3639 521 3693 ἀλλων
561 3632 904 3688 ἐπισκόπων
935 3631 1265 3703 θεραπεῦσαι
1295 3632 1537 3704 γνώμας,
1585 3638 1677 3690 καὶ

1787 625 2120 681 confractum
2153 628 2206 681 in
2240 629 2635 685 minutissimas
2655 641 2836 699 partes
2873 636 3172 706 redegerit;
3197 655 3356 708 quam

1785 717 1926 783 quod
1979 719 2336 774 cemminatus
2392 722 2488 788 sit,
2541 737 2599 777 se
2655 721 2909 780 frumenti
2971 739 3356 796 commeatum,

1787 806 2113 862 Alexandria
2155 811 2206 864 in
2243 812 2431 866 urbem
2455 815 2742 870 transmitti
2761 816 2974 872 solitum
3005 821 3356 890 seimpeditn-

1781 913 1900 951 rum
1931 916 1945 962 ;
1973 901 2090 954 hac
2123 901 2358 956 dolorem
2385 903 2610 970 faciunt,
2635 905 2751 961 haec
2778 909 3043 973 mordent,
3071 910 3185 964 haec
3209 912 3360 980 cujus

1782 990 2021 1046 animum
2053 992 2138 1048 vel
2188 995 2594 1051 adamantinmn
2642 1013 2747 1053 non
2799 1011 3051 1054 moveant
3093 1001 3117 1054 7
3155 1002 3356 1057 [lorum

1782 1087 1948 1134 testes
1985 1090 2114 1136 sunt
2140 1081 2531 1141 Adamantinus
2556 1127 2569 1148 ,
2600 1085 2871 1155 Anubion,
2919 1089 3256 1154 Arbethion,
3307 1100 3358 1145 et

1780 1170 1974 1226 Petrus
1992 1173 2229 1244 episcopi
2253 1189 2316 1229 :a
2333 1176 2530 1244 quibus
2544 1179 2805 1236 horumce
2822 1181 3064 1235 omnium
3081 1193 3358 1253 gestorum

1781 1269 2089 1334 convictus,
2113 1269 2432 1340 supplicium
2465 1273 2678 1340 quidem
2707 1275 2916 1346 eﬂ'ugit,
2961 1277 3356 1333 abdicationem

1782 1369 1960 1416 tamen
1987 1360 2221 1429 ell'ugere
2247 1375 2351 1415 non
2379 1362 2582 1430 valuit;
2631 1365 2725 1420 sed
2749 1368 2817 1421 ab
2844 1368 3091 1424 universa
3127 1375 3357 1441 synodo,

1779 1461 1836 1505 ut
1863 1451 2222 1506 nefandorum
2251 1460 2417 1521 atque
2451 1453 2735 1524 impiorum
2766 1458 3028 1525 ejusmodi
3061 1460 3356 1516 {acinorum

1780 1551 1971 1598 auctor
1993 1541 2274 1598 abdicatus
2307 1551 2363 1598 et
2407 1543 2682 1614 depositus
2719 1555 2820 1600 est.
2855 1548 2990 1602 Dum
3026 1550 3140 1604 haec
3170 1553 3239 1606 ita
3272 1553 3356 1607 di-

1779 1642 2053 1699 cerentur,
2096 1634 2393 1703 imperator
2421 1636 2649 1704 primum
2698 1638 2894 1693 silebat
2935 1642 3220 1711 animoque
3252 1654 3358 1698 tur-

1777 1725 2010 1780 babatur
2042 1743 2056 1780 :
2086 1740 2149 1780 ac
2182 1727 2395 1779 demum
2431 1726 2521 1781 tali
2569 1729 2755 1782 auditu
2789 1745 3108 1800 suspensus,
3137 1735 3190 1788 in
3222 1735 3356 1788 iram

1778 1818 2046 1886 prorupit,
2075 1817 2315 1888 justique
2343 1818 2443 1873 viri
2475 1819 2724 1874 exsilium
2751 1823 2802 1876 in
2835 1822 3042 1880 Gallias
3069 1826 3357 1892 decernit;

1783 1908 1835 1961 in
1877 1908 1980 1963 hoc
2033 1909 2206 1964 solum
2245 1917 2301 1964 et
2339 1910 2521 1966 animo
2551 1919 2605 1966 et
2645 1915 2912 1967 sententia
2961 1927 3270 1986 corruptus,
3295 1933 3360 1974 ac

1781 2010 2066 2070 utramque
2083 2000 2401 2057 Eusebianis
2422 2017 2606 2058 aurem
2625 2003 2946 2072 subjiciens.
2981 2005 3187 2061 Revera
3211 2008 3354 2063 enim

1779 2092 2207 2148 circumveniunt
2237 2101 2290 2147 et
2331 2103 2686 2162 corrumpunt
2733 2096 2902 2150 bonos
2943 2111 3121 2152 mores
3142 2137 3157 2164 ,
3189 2107 3248 2152 ut
3281 2100 3357 2153 ait

1779 2185 2016 2253 sapiens,
2067 2183 2326 2253 colloquia
2363 2199 2547 2254 prava.
2594 2185 2737 2240 Sane
2777 2200 2990 2256 semper
3025 2199 3183 2243 antea
3213 2190 3354 2246 alte-

1781 2291 1894 2328 ram
1944 2289 2127 2328 aurem
2181 2275 2440 2344 integram
2487 2283 2542 2330 et
2580 2276 2949 2347 incorruptam
2980 2293 3240 2337 accusato
3274 2298 3356 2337 re-

1779 2375 2024 2420 servarat
2052 2383 2066 2418 :
2099 2373 2152 2418 at
2185 2373 2310 2419 tunc
2340 2365 2453 2420 haee
2481 2365 2580 2435 ipsi
2613 2367 2825 2422 macula
2857 2379 2910 2423 et
2937 2369 3084 2426 labes
3115 2372 3351 2438 inhaesit,

1778 2454 1868 2522 qui
1911 2468 1968 2510 se
2009 2461 2165 2508 antea
2207 2454 2576 2524 incorruptum
2629 2472 2930 2527 purumque
2981 2473 3354 2516 conservarat.

1781 2543 1915 2597 Sunt
1941 2544 2031 2612 qui
2062 2544 2280 2607 dicant,
2323 2551 2375 2597 et
2422 2543 2561 2599 forte
2614 2546 2923 2602 accuratius
2978 2563 3198 2618 scopum
3239 2550 3356 2620 ejus

1779 2646 1943 2704 atque
1967 2634 2229 2703 judicium
2263 2646 2598 2703 compertum
2631 2635 2922 2703 habentes,
2959 2653 3082 2694 eum
3114 2655 3221 2696 non
3249 2655 3359 2712 pm-

1781 2739 1863 2778 nae
1909 2732 1962 2778 et
1991 2723 2353 2778 damnationis
2395 2738 2555 2779 causa
2592 2725 2782 2780 exsilio
2824 2729 3081 2786 multasse
3111 2733 3356 2788 Athana-

1779 2817 1956 2882 sium;
1995 2815 2086 2870 sed
2117 2824 2174 2869 ut
2211 2815 2575 2872 Eeclesiarum
2607 2821 2987 2888 tranquillitati
3031 2832 3087 2878 et
3125 2838 3353 2881 concor-

1780 2908 1880 2962 dia:
1913 2907 2240 2975 provideret,
2279 2915 2653 2976 tempestatem
2702 2912 2938 2978 sedaret,
2969 2927 3033 2969 ac
3068 2917 3354 2972 tumultum

1781 3003 2170 3066 compesceret.
2203 2993 2336 3060 Quia
2364 2998 2505 3050 enim
2537 2999 2730 3053 seditio
2775 3015 2880 3055 non
2915 3017 3079 3070 parva
3119 3005 3355 3059 Alexan-

1781 3085 1952 3140 driam
1984 3094 2172 3150 totam,
2203 3094 2364 3153 atque
2404 3083 2623 3156 Egypti
2657 3087 2947 3142 maximam
2971 3097 3178 3158 partem
3213 3092 3356 3145 inva-

1780 3184 1950 3241 serat,
2009 3175 2450 3245 tranquillitatem
2495 3176 2586 3231 ille
2642 3179 2805 3232 rebus
2858 3177 3054 3234 all‘erre
3102 3191 3351 3247 conatus,

1781 3267 2020 3323 decrevit
2049 3281 2146 3336 pro
2175 3281 2238 3321 eo
2268 3265 2475 3322 scilicet
2509 3275 2752 3336 tempore
2798 3269 3154 3324 Athanasium
3201 3271 3353 3328 ablo-

1781 3376 1930 3432 gare.
1966 3359 2074 3416 Hac
2112 3360 2256 3416 enim
2311 3359 2522 3415 ratione
2546 3401 2562 3427 ,
2597 3375 2655 3415 se
2706 3360 2933 3416 aliorum
2977 3363 3352 3434 episcoporum

1783 3454 1991 3508 animas
2015 3451 2378 3507 emolliturum
2411 3451 2652 3520 putabat,
2685 3460 2845 3520 atque
2877 3453 2928 3506 in
2955 3468 3117 3508 nnam
3163 3470 3354 3509 omnes

1783 3544 2105 3602 sententiam
2135 3542 2473 3608 adacturum,
2506 3542 2550 3596 si
2585 3541 2760 3610 palam
2788 3542 3060 3600 hominem
3086 3545 3222 3602 urbe
3243 3545 3356 3615 pel-

1784 3637 1916 3691 leret
1942 3636 1993 3689 in
2033 3633 2302 3687 exsilium.

70 3732 132 3791 είς
163 3731 327 3785 ταύτὸ
408 3727 776 3796 συναγαγεῖν
821 3723 1024 3786 πάντας
1085 3723 1370 3792 ἐσκέψατο,
1413 3727 1460 3778 εί
1491 3729 1738 3799 φανερῶς
1763 3726 2076 3799 ὑπερορίσει
2115 3724 2206 3778 τὸν
2235 3723 2404 3794 ἄνδρα
2429 3723 2530 3795 τῆς
2553 3725 2784 3790 πόλεως.

130 3825 206 3878 10,
255 3824 407 3876 Ἀλλ’
444 3825 475 3876 ὁ
505 3822 618 3892 μὲν
653 3821 718 3870 ὲν
739 3816 951 3879 τούτοις
978 3818 1235 3870 καταλύει
1265 3818 1356 3871 τὸν
1390 3818 1502 3888 βίον
1527 3837 1680 3890 τρια-

71 3916 225 3986 κοπῷ
250 3917 357 3985 μὲν
391 3917 500 3984 τῆς
531 3909 838 3984 βασιλείας
863 3909 992 3965 ἔτει.
1017 3909 1250 3979 πέμπτῳ
1281 3911 1336 3963 δὲ
1364 3913 1458 3964 καὶ
1485 3912 1677 3982 ἑξηκο-

74 4007 165 4076 στῷ
209 4009 310 4077 τῆς
340 4007 605 4078 ἡλικίας,
640 4001 916 4070 διαδόχοις
955 4001 1051 4071 τῆς
1098 4001 1372 4071 βασιλείας
1395 4007 1506 4067 τοῖς
1539 4007 1676 4059 υἱέσι

71 4100 427 4170 χρησάμενος,
451 4098 562 4151 καὶ
594 4093 817 4162 ταύτην
847 4093 924 4153 είς
944 4092 1138 4155 αὐτοὺς
1159 4094 1506 4149 καταδιελών.
1530 4097 1678 4149 Κωνο

73 4193 317 4261 nntius?
359 4192 465 4260 μὲν
502 4188 626 4258 γὰρ
673 4183 758 4254 τῷ
800 4182 1001 4254 μείζονι
1031 4184 1137 4236 τῶν
1163 4185 1297 4237 υἱῶν
1331 4186 1552 4256 μείζονα
1582 4188 1675 4240 καλ⁸

73 4283 154 4351 τὴν
175 4285 357 4354 ἀρχὴν
393 4279 742 4336 καταλείπει
767 4293 781 4306 ⁸
809 4275 907 4346 τὴν
937 4275 992 4326 δὲ
1017 4275 1277 4344 διαθήκην
1322 4278 1676 4349 πρεσϐυτέρῳ

71 4376 160 4424 τινὶ
188 4370 570 4445 ὼρατὶθησι,
600 4368 800 4439 κρύφα
834 4366 930 4436 τὴν
959 4366 1165 4436 Ἀρείου
1195 4367 1348 4420 νόσον
1373 4369 1464 4421 καὶ
1495 4371 1552 4421 ὲν
1573 4387 1676 4440 μυ-

72 4465 141 4534 χῷ
167 4466 266 4535 τῆς
293 4465 490 4536 ψυχῆς
536 4460 824 4520 νοσοῦντι,
867 4460 1014 4520 ὅστις
1057 4458 1292 4528 ἔκρυπτε
1347 4461 1440 4513 καὶ
1471 4459 1677 4531 ταύτην

1851 3821 1938 3875 to.
1975 3819 2082 3875 Sed
2137 3819 2345 3874 interea
2386 3817 2475 3874 ille
2521 3818 2685 3874 vitam
2737 3819 2917 3886 obiit,
2957 3820 3167 3890 imperii
3210 3837 3355 3879 anno

1782 3911 2079 3978 tricesimo,
2127 3910 2304 3965 aetatis
2354 3910 2692 3980 sexagesimo
2736 3912 2923 3981 quinto
2969 3929 2982 3966 :
3031 3913 3357 3984 imperiique

1779 4017 2123 4058 successores
2150 4001 2336 4055 habuit
2362 4001 2521 4067 lilios,
2554 4001 2750 4070 quibus
2779 4002 2908 4058 illud
2939 4005 3118 4073 ipsum
3150 4007 3354 4060 divise-

1780 4100 1884 4150 rat.
1926 4093 2098 4149 Porro
2119 4091 2474 4148 Constantino
2506 4094 2737 4150 filiorum
2784 4097 2994 4166 majori,
3029 4096 3202 4164 majus
3229 4098 3357 4153 reli-

1781 4187 1897 4255 quit
1931 4186 2212 4254 imperium
2239 4204 2252 4240 :
2281 4194 2768 4256 testamentumque
2796 4188 3112 4258 presbytero
3136 4188 3351 4242 cuidam

1781 4275 2089 4340 committit,
2115 4262 2334 4328 clam'et
2356 4275 2406 4327 in
2437 4273 2648 4330 occulto
2664 4274 2854 4328 animat
2887 4290 2996 4328 sua:
3016 4275 3127 4328 Arii
3167 4277 3358 4329 morbo

1785 4367 2075 4432 laboranti,
2111 4367 2202 4436 qui
2249 4382 2353 4420 una
2385 4371 2769 4421 testamentum
2813 4374 2866 4420 et
2898 4367 3145 4420 morbum
3194 4381 3353 4419 suum

1785 4458 1999 4514 celabat
2033 4475 2046 4513 :
2077 4473 2106 4511 a
2151 4457 2442 4525 multisque
2492 4457 2889 4526 intermgatus,
2946 4472 3014 4508 an
3061 4456 3355 4523 imperator

77 4558 198 4620 μετὰ
242 4558 357 4626 τῆς
397 4556 571 4609 νόσου
599 4570 614 4584 ο
663 4551 765 4604 καὶ
808 4549 955 4621 παρὰ
982 4549 1191 4602 πολλῶν
1223 4550 1594 4622 ἐρωτώμενος,
1633 4553 1676 4603 εί

1788 4559 1982 4606 testato
2035 4549 2381 4611 decessisset,
2425 4561 2740 4614 responsum
2783 4544 2989 4598 distulit
3017 4583 3032 4606 ,
3069 4554 3230 4611 atque
3260 4559 3355 4598 oc-

76 4645 154 4695 ὲπὶ
191 4647 498 4717 διαθήκαις
554 4645 586 4696 ὁ
634 4640 894 4712 βασιλεὺς
941 4640 1342 4711 τελευτήσειεν,
1383 4643 1554 4694 εἰπεῖν
1591 4641 1677 4694 ἀν-

74 4737 317 4791 εεαὶλετο
337 4755 353 4767 ·
391 4735 703 4796 κοινωνοὺς
732 4731 876 4784 οὕτω
897 4731 1216 4802 πράγματος
1249 4733 1560 4804 ἀπορρήτου
1585 4733 1677 4785 καλ⁹

75 4831 182 4890 τοὺς
205 4830 604 4888 οἰκειοτάτους
633 4823 751 4876 τῶν
783 4821 1043 4891 βασιλέως
1071 4821 1338 4892 εὐνούχων
1367 4822 1677 4893 πεποιημέε-

72 4935 167 4979 νος.
202 4921 374 4972 Ἐπεὶ
405 4919 461 4971 δὲ
487 4915 867 4988 βραδύναντος
888 4914 1290 4967 Κωνσταντίνου
1316 4916 1443 4983 περὶ
1465 4914 1560 4985 τὴν
1591 4915 1678 4968 ἄν·

75 5007 198 5070 ὠον,
233 5013 267 5062 ὁ
294 5009 493 5081 τρίτος
516 5007 635 5061 τῶν
667 5005 802 5058 υἱῶν
829 5005 1201 5069 Κωνστάντιος
1259 5005 1476 5076 πρῶτος
1509 5021 1684 5074 παρα·

70 5099 276 5161 γένοιτο
298 5101 366 5164 ἐξ
399 5096 767 5166 Ἀντιοχείας,
796 5095 1088 5167 ἐγχειρίζει
1111 5095 1384 5167 λαθραίως
1410 5097 1557 5167 αὐτῷ
1578 5097 1677 5167 τὴν

73 5189 156 5238 :73
183 5190 406 5259 πατρὸς
433 5189 735 5256 διαθήκην,
762 5188 856 5239 καὶ
880 5186 1046 5257 μόνην
1071 5190 1197 5259 παρ’
1225 5186 1387 5240 αύτοῦ
1426 5189 1519 5240 καὶ
1550 5187 1677 5258 μίαν

72 5280 207 5331 αἰτεῖ
236 5282 432 5350 χάριν,
470 5280 618 5332 ὥστε
651 5280 768 5340 τοῖς
805 5277 1010 5348 Ἀρείου
1059 5279 1306 5332 κάκεῖνον
1329 5280 1676 5351 συναπαχθῆ-

72 5389 153 5422 ναι
175 5390 190 5400 ·
226 5374 338 5424 καὶ
363 5371 574 5440 ταύτην
606 5367 846 5438 ἀμοιϐὴν
890 5368 984 5438 τῆς
1009 5367 1284 5436 βασιλείας
1323 5369 1400 5440 τῷ
1423 5369 1674 5439 ἀθανάτῳ

74 5460 290 5527 βασιλεῖ
332 5462 556 5534 Χριστῷ
602 5461 811 5521 δίδωσι,
861 5459 921 5512 τὸ
972 5461 1044 5531 μὴ
1087 5461 1216 5513 Θεὸν
1262 5461 1442 5524 αὐτὸν,
1491 5460 1536 5514 ὣ
1576 5463 1676 5531 τῆς

75 5555 378 5618 ἁπονοίαςῑ
439 5555 576 5625 μηδὲ
609 5551 708 5605 τοῦ
742 5551 938 5614 παντὸς
970 5548 1107 5605 εἶναι
1133 5552 1208 5623 (d)
1232 5552 1514 5622 δεσπότην.
1544 5554 1676 5603 Συν-

141 5690 227 5763 (o)
264 5691 353 5763 ita
383 5706 516 5746 mss.
541 5689 692 5763 Editi
737 5704 881 5754 vero,
901 5691 1058 5763 male,
1094 5690 1380 5763 ἀνθρώπου
1412 5691 1561 5762 βίων.

143 5762 225 5826 (δ)
269 5760 351 5814 lu
381 5777 512 5816 mss.
541 5759 702 5831 Etliti
725 5774 870 5823 vero,
903 5759 1318 5831 ἐπιλεγομένων.

147 5832 226 5893 (ε)
263 5832 360 5884 Sic
394 5846 525 5886 mss.
559 5829 707 5883 Editi
745 5843 890 5892 vero,
933 5829 1248 5898 φυλάττοντι
1280 5832 1460 5888 οἱονεί.
1502 5830 1665 5897 Infra,

1784 4641 1914 4699 culti
1952 4640 2151 4711 negotii
2204 4637 2483 4693 eunuchos
2527 4636 2839 4704 imperatori
2898 4635 3355 4688 familiarissimos

1783 4731 2033 4790 conscios
2087 4728 2281 4785 elfecit.
2318 4728 2452 4789 Cum
2495 4735 2674 4780 autem
2710 4734 3061 4780 cunctaretur
3093 4725 3360 4780 Constan-

1785 4825 1932 4878 tinus
1959 4820 2256 4883 accedere;
2305 4817 2465 4872 tertio
2497 4816 2726 4870 ﬁliorum
2763 4814 3089 4870 Constantio
3135 4815 3222 4884 qui
3249 4817 3358 4870 An-

1785 4913 1983 4968 tiochia
2015 4911 2164 4980 prior
2195 4909 2451 4973 advenit,
2494 4916 2879 4962 testamentum
2918 4905 3162 4973 tradidit,
3194 4915 3362 4976 atque

1785 5020 1947 5059 unam
1983 5003 2050 5056 ab
2073 5001 2163 5056 illo
2190 5000 2427 5072 postulat
2459 4998 2789 5069 gratiam,ut
2824 4999 2890 5051 ad
2914 4997 3146 5053 Arianas
3167 5009 3221 5053 et
3245 4997 3364 5068 ipse

1787 5094 2047 5149 transiret
2086 5103 2267 5161 partes
2303 5110 2316 5147 :
2354 5101 2515 5162 atque
2545 5105 2662 5145 eam
2712 5089 2800 5143 ille
2838 5088 3129 5143 immortali
3190 5089 3363 5158 impe-

1787 5185 1956 5241 ratori
1986 5184 2208 5240 Christo
2229 5226 2244 5252 ,
2295 5182 2474 5239 collati
2525 5181 2732 5252 imperii
2765 5181 2993 5250 gratiam
3027 5179 3206 5235 retulit
3236 5198 3250 5247 ;
3302 5191 3364 5234 ut

1785 5278 1958 5348 ipsum
1991 5291 2090 5332 nec
2124 5275 2292 5332 Deum
2328 5290 2449 5331 esse
2473 5318 2488 5344 ,
2519 5289 2553 5329 0
2595 5273 2885 5329 amentiam
2917 5275 2930 5326 ί
2984 5287 3156 5342 neque
3187 5271 3362 5324 domi-

1784 5386 1910 5424 num
1935 5380 2276 5441 agnosceret.
2317 5367 2616 5436 Sociusque
2649 5365 2754 5421 illis
2785 5364 3026 5419 audacia:
3068 5360 3360 5414 accedebat

1782 5476 1942 5530 supra
1969 5463 2145 5515 dictus
2176 5459 2477 5529 Eusebius,“
2507 5468 2562 5513 et
2597 5459 2686 5527 qui
2717 5472 2836 5511 cum
2869 5471 2935 5508 eo
2961 5461 3135 5515 erant,
3160 5449 3261 5502 rati
3298 5462 3356 5502 se

1787 5555 2042 5622 temporis
2089 5553 2550 5624 opportunitatem
2596 5565 2717 5604 esse
2765 5556 2977 5602 nactos.
3015 5543 3138 5597 llaec
3173 5549 3351 5594 autem

1780 5691 1846 5764 ἦν
1872 5696 2022 5748 deest
2054 5696 2105 5748 in
2135 5697 2312 5750 tribus
2344 5688 2749 5764 manuscriptis.

1853 5746 2344 5834 (ditauit-635]in
2373 5759 2529 5815 εἶναι.
2561 5746 2663 5813 Alii
2689 5750 3012 5836 comeditis,
3045 5746 3263 5802 εἰδέναι.
