3990 6508
665 407 815 453 excit
2031 385 2564 445 PROLEGOMENA.

669 511 928 568 bendunt.
972 508 1177 565 Exinde
1221 505 1416 562 litterae
1457 521 1670 562 rursum
1720 505 2081 576 imperatoriae
2121 520 2244 578 pro-

2305 510 2508 569 ιπάλιν
2542 509 2703 580 ἕτερα
2749 508 2840 561 τοῦ
2885 508 3144 578 βασιλέως
3197 512 3715 585 ἐπικαταλαμϐάνει,
3750 516 3881 573 Ἀθα-

670 603 854 665 deum,
885 600 1082 670 quibus
1105 600 1312 669 jussum
1341 606 1459 653 erat
1493 605 1549 652 ut
1574 597 1900 652 Athanasius
1926 598 2142 667 quidem
2185 615 2242 653 se

2345 603 2524 654 νάσιον
2546 601 2642 670 μὲν
2668 599 2742 662 ὡς
2759 600 2921 652 αὐτὸν
2943 601 3117 670 ἥκειν,
3141 603 3232 655 καὶ
3254 605 3452 668 αὐτοὺς
3477 607 3571 659 καὶ
3587 607 3660 671 ὡς
3684 609 3879 679 τάχιστα

669 693 1002 757 conveniret,
1029 701 1082 746 et
1104 692 1203 762 ipsi
1241 705 1454 762 quoque
1481 704 1641 760 quam
1670 689 1950 746 celerrime
1973 693 2241 748 adferent.

2347 691 2600 761 παρεῖναι
2661 687 3061 744 διακελεύοντα.
3133 691 3318 746 Ταῦτα
3377 695 3538 762 φόϐον
3602 698 3660 749 οὐ
3717 701 3880 771 μικρὸν

672 780 810 836 llinc
833 782 973 836 haud
997 783 1237 838 modicus
1264 783 1424 837 timor
1445 781 1652 853 synodo
1687 781 1954 838 incussus.
1977 782 2244 838 Vereban-

2345 781 2593 833 ὲπέσεισε
2622 783 2688 852 τῇ
2718 781 2934 852 συνόδῳ,
2966 783 3173 853 μήποτε
3207 785 3299 838 καὶ⁵
3328 786 3528 839 ἁλῶσιν
3574 790 3663 841 ἐπὶ
3693 789 3777 842 τοῦ
3804 791 3881 860 βαι

674 880 761 924 tnr
799 873 995 941 quippe
1023 887 1088 927 ne
1113 874 1252 943 apud
1295 873 1465 943 ipsum
1517 873 1678 929 etiam
1739 875 2121 944 imperatorem
2163 878 2246 932 de-

2347 871 2570 936 σιλέως,
2620 871 2689 924 τὰ
2740 873 2837 942 μὲν
2892 872 3027 943 πρὸς
3079 874 3266 944 χάριν,
3309 876 3377 929 τὰ
3421 875 3477 928 δὲ
3517 878 3611 930 καὶ
3658 879 3778 948 πρὸς
3818 879 3881 946 (a)

646 955 1149 1028 ‘prehenderentur,
1172 965 1368 1034 partim
1397 965 1594 1034 gratia,
1628 967 1822 1036 partim
1867 968 1989 1022 odio
2025 979 2222 1022 senten

2343 961 2638 1031 ἀπέχθειαν
2671 963 2971 1034 κρίναντες,
3010 965 3298 1037 συνήγοροί
3341 984 3400 1018 τε
3443 966 3537 1019 τοῦ
3570 968 3782 1036 ψεύδους
3807 972 3885 1022 καὶ

675 1051 802 1105 tiam
838 1052 1042 1118 tulisse,
1096 1057 1309 1126 patroni
1339 1058 1546 1112 scilicet
1574 1058 1836 1114 mendacii
1872 1067 1926 1115 et
1974 1061 2244 1116 manifesti

2345 1053 2600 1123 προδόται
2649 1055 2746 1124 τῆς
2795 1055 3028 1124 ἀληθοῦς
3091 1058 3326 1120 πίστεως
3384 1061 3752 1130 γεγενημένοι.
3800 1055 3885 1112 Ἦν

673 1144 971 1212 proditores
1009 1160 1150 1201 vera:
1183 1148 1327 1203 fidei.
1357 1149 1714 1216 Quamobrem
1751 1151 1984 1207 maxima
2008 1169 2132 1224 pars
2157 1169 2246 1210 eo-

2343 1143 2527 1198 ἕνεκεν
2565 1149 2612 1199 oi
2654 1147 2871 1212 πλείους
2911 1149 3008 1219 μὲν
3050 1151 3142 1202 ἐπὶ
3187 1149 3256 1203 τὰ
3297 1150 3504 1202 ἑαυτῶν
3553 1151 3768 1216 ἕκαστος
3811 1154 3888 1206 ἀν-

673 1249 791 1288 rum
827 1235 1044 1292 domum
1070 1240 1451 1311 remigrarunt.
1485 1243 1554 1298 At
1578 1243 1858 1309 Eusebius,
1887 1245 2156 1318 Theognis
2191 1257 2245 1303 et

2343 1235 2536 1305 εχώρει
2571 1237 2676 1307 (b)'
2714 1238 2762 1290 οί
2796 1237 2851 1290 δὲ
2884 1240 3008 1308 περὶ
3044 1239 3298 1293 Εύσέϐιον
3321 1239 3542 1308 Θέογνίν
3570 1259 3628 1294 τε
3659 1244 3744 1296 καὶ
3781 1244 3889 1306 τοὺς

674 1326 877 1392 exteri,
904 1327 1182 1386 verisimili
1213 1334 1438 1388 conficta
1471 1335 1522 1389 in
1558 1335 1626 1390 iis
1655 1336 1787 1391 locis
1817 1340 2124 1395 remanendi
2151 1355 2243 1395 oc-

2343 1327 2578 1391 λοιποὺς,
2623 1328 2852 1392 πιθανὰς
2903 1331 3223 1401 προφάσεις,
3268 1331 3408 1384 ὥστε
3449 1332 3588 1385 κατά
3616 1332 3782 1404 χώραν
3810 1336 3889 1404 μέ-

673 1416 908 1484 casione,
941 1434 1046 1474 non
1074 1436 1290 1490 parvam
1331 1423 1505 1480 fecere
1535 1443 1759 1494 moram,
1783 1439 1943 1498 atque
1965 1444 2081 1484 sese
2105 1432 2242 1500 apud

2343 1436 2474 1482 νειν,
2506 1419 2860 1490 πλασάμενοι,
2911 1422 3011 1473 οὐκ
3049 1421 3233 1491 ὀλίγην
3281 1422 3360 1492 τῷ
3411 1425 3589 1494 χρόνῳ
3638 1425 3890 1498 διατριϐὴν

673 1508 1050 1586 imperatorem
1094 1512 1290 1570 litteris
1319 1518 1431 1571 suis
1477 1530 1823 1575 excusarunt.
1851 1523 2076 1588 Interea,
2117 1524 2242 1578 dum

2343 1511 2642 1574 ὲνεποίουν,
2675 1513 2766 1564 καὶ
2805 1513 3014 1582 βασιλεί
3051 1514 3253 1584 μεταξὺ
3291 1515 3377 1569 διὰ
3418 1517 3749 1587 γραμμάτων
3799 1520 3891 1572 ἀπ-

672 1599 786 1655 haac
816 1601 1035 1669 fierent,
1061 1604 1372 1675 imperatori
1403 1625 1613 1664 rursum
1644 1611 1964 1668 Nicomediae
1989 1628 2168 1668 coram
2187 1631 2244 1671 se

2344 1598 2641 1667 ελογοῦντο.
2680 1600 2766 1651 Ἑν
2798 1593 2841 1666 ᾧ
2866 1599 3111 1653 δὲταῦτα
3133 1602 3432 1672 ἐπράττετο
3458 1605 3598 1657 κατά
3631 1608 3893 1678 πρόσωπον

673 1693 817 1748 sistit
865 1696 1193 1752 Athanasius
1217 1737 1233 1765 ,
1283 1709 1443 1769 atque
1485 1703 1882 1757 accusationem
1915 1704 1980 1758 de
2019 1707 2242 1774 pecunia

2344 1689 2420 1759 τῷ
2450 1689 2677 1758 βασιλεῖ,
2708 1691 2865 1743 πάλιν
2892 1691 2948 1744 ὲν
2976 1694 3042 1762 τῇ
3074 1692 3416 1764 Νικομήδους
3446 1697 3724 1767 παραστὰς
3755 1699 3895 1752 Ἀθα-

673 1781 989 1839 intentatam
1015 1787 1252 1857 legitime
1278 1801 1562 1861 aperteque
1587 1792 1754 1847 diluit.
1777 1792 1910 1848 Cum
1929 1806 2106 1850 autem
2134 1815 2243 1852 ma-

2344 1777 2544 1841 νάσιος,
2589 1780 2682 1832 καὶ
2708 1779 2767 1831 τὸ
2818 1779 2944 1849 περὶ
2978 1778 3070 1831 τοῦ
3102 1781 3322 1851 χρυσίου
3378 1783 3628 1856 ἔγκλημα
3671 1787 3896 1857 νομίμως

671 1873 1056 1947 gismagisqne
1106 1879 1391 1935 Eusebiani
1443 1884 2002 1952 comperendinarent,
2044 1887 2239 1944 litteris

2342 1868 2434 1920 καὶ
2460 1869 2704 1940 φανερῶς
2731 1869 3041 1924 ἀποδύεται.
3061 1871 3146 1934 Ὠς
3177 1873 3234 1924 δὲ
3255 1874 3346 1926 καὶ
3373 1873 3450 1927 ἔτι
3488 1875 3684 1945 μᾶλλον
3705 1879 3751 1930 ot
3780 1880 3897 1949 περὶ

671 1963 785 2018 suis
826 1964 1121 2034 imperator
1172 1968 1523 2024 Athanasium
1573 1971 1794 2026 remittit
1825 1973 2232 2042 Alexandriam,

2340 1959 2597 2012 Εὑσέὸιον
2627 1961 3009 2026 ἀνεϐάλλοντο,
3055 1963 3377 2034 γράμμασιν
3409 1967 3437 2018 ό
3470 1965 3716 2035 βασιλεὺς
3755 1969 3899 2020 Ἀθα-

670 2051 1146 2125 episeopatumque
1170 2059 1336 2112 tradit
1366 2059 1488 2129 ipsi,
1515 2061 1824 2131 significans
1864 2068 2238 2122 accusationes

2339 2049 2517 2101 νάσιον
2546 2051 2637 2104 ἐπὶ
2670 2053 2764 2122 τὴν
2794 2051 3181 2122 Ἀλεξανδρέων
3209 2052 3544 2122 προπέμπει,
3571 2057 3662 2107 καὶ
3676 2056 3768 2124 τὴν
3787 2059 3899 2109 ὲπι-

673 2142 795 2200 illas
819 2159 1005 2202 omnes
1031 2148 1321 2205 sceleratas
1361 2150 1649 2221 futilesque
1688 2155 1856 2209 videri
1899 2158 2024 2212 sibi.
2071 2161 2236 2213 Atha-

2339 2142 2545 2208 σκοπὴν
2579 2142 2726 2212 αὐτῷ
2761 2143 3069 2214 ἐγχειρίζει,
3103 2142 3278 2213 σαθρὰ
3306 2143 3539 2212 φανῆναι
3573 2147 3810 2215 σημάνας
3841 2149 3898 2200 τὰ

671 2233 822 2288 nasio
850 2235 1009 2306 igitur
1031 2237 1100 2290 ita
1127 2253 1343 2295 reverso
1367 2239 1766 2310 Alexandriam,
1796 2251 2238 2318 congregatisque

2336 2232 2441 2285 τῶν
2461 2232 2718 2285 διαϐολῶν
2752 2233 2960 2286 ἅπαντα
2986 2233 3080 2286 καὶ
3112 2231 3393 2304 ἀνίσχυρα,
3415 2233 3600 2297 Οὖτως
3621 2231 3707 2287 οὖν
3748 2235 3899 2288 Ἀθα-

667 2318 911 2388 Arianis,
947 2339 1142 2394 magna
1196 2328 1443 2383 confusio
1481 2339 1640 2398 atque
1675 2333 1934 2389 tumultus
1987 2340 2235 2406 populum

2337 2325 2522 2378 νασίου
2571 2325 2710 2378 κατὰ
2747 2326 2843 2396 τὴν
2891 2326 3290 2396 Ἀλεξάνδρειαν
3320 2326 3630 2396 γενομένου,
3677 2327 3766 2380 καὶ
3799 2329 3898 2380 τῶν

669 2415 989 2482 occupavit,
1022 2416 1095 2470 ita
1119 2425 1179 2471 ut
1206 2417 1356 2471 multi
1389 2419 1602 2489 indigne
1630 2420 1852 2489 ferrent,
1884 2440 2005 2480 cum
2037 2443 2096 2481 ea
2121 2445 2238 2498 qua:

2351 2417 2558 2488 Ἀρείου
2609 2416 3109 2487 συγκροτουμένων,
3143 2418 3309 2489 πολλή
3345 2435 3428 2480 τις
3462 2413 3572 2488 εἶχε
3626 2417 3684 2470 τὸ
3709 2417 3901 2488 πλῆθος

673 2515 706 2555 a
741 2509 820 2556 tot
850 2503 1116 2573 episcopis
1151 2507 1259 2576 jam
1301 2511 1605 2564 examinata
1646 2523 1843 2579 essent,
1875 2516 2065 2570 iterum
2098 2519 2240 2574 vide-

2342 2509 2601 2578 σύγχυσίς
2623 2527 2682 2562 τε
2716 2509 2808 2562 καὶ.
2835 2511 3078 2580 ταραχή⁹
3111 2507 3197 2562 οἷα
3237 2511 3370 2580 μηδὲ
3409 2509 3594 2580 φέρειν
3635 2510 3739 2562 τῶν
3781 2512 3902 2564 πολ-

677 2596 796 2641 rent
841 2588 894 2642 in
929 2589 1189 2655 judicium
1238 2598 1443 2651 vocari.
1499 2599 1667 2655 iratus
1704 2616 1832 2672 ergo
1869 2606 2196 2671 Athanasius
2219 2650 2236 2673 ,

2339 2599 2443 2650 λῶν
2474 2599 2784 2668 δυναμένων
2810 2599 2876 2652 τὰ
2903 2599 3006 2652 ὑπὸ
3043 2600 3314 2662 τοσούτοις
3351 2601 3667 2664 ἐπισκόποις
3709 2601 3806 2671 ἤδη
3829 2601 3903 2653 δο-

673 2677 818 2743 quod
870 2694 975 2734 non
1025 2683 1183 2738 modo
1215 2686 1615 2767 Alexandriam,
1650 2694 1741 2746 sed
1805 2705 1970 2749 totam
2025 2713 2239 2768 quoque

2342 2688 2676 2758 κιμασθέντα
2709 2687 2869 2742 πάλιν
2902 2690 3033 2759 όρᾷν
3069 2690 3522 2759 ἀναδικαζόμενα.
3563 2691 3903 2758 Ἀγανακτῶν

671 2765 962 2839 Αῐεγριυιιι
1005 2765 1411 2834 tumultuantem
1444 2781 1665 2844 videret,
1689 2786 1865 2838 omnia
1906 2765 2105 2842 indicat
2139 2765 2238 2844 iu-

2339 2777 2430 2832 οὖν
2477 2779 2811 2848 Ἀθανάσιος,
2861 2781 2942 2832 ὃτι
2979 2781 3053 2851 μὴ
3105 2783 3269 2852 μόνην
3316 2782 3413 2851 τὴν
3481 2782 3901 2853 Ἀλεξάνδρειαν,

674 2855 931 2929 peratori,
961 2877 1192 2934 eumque
1219 2870 1287 2924 ad
1327 2886 1514 2940 paruas
1540 2874 1604 2928 de
1648 2875 1777 2930 Ario
1831 2882 2118 2935 sumendas
2148 2898 2237 2936 co-

2341 2871 2472 2925 ὰλλά
2506 2873 2599 2924 καὶ
2629 2872 2808 2942 σχεδὸν
2838 2873 3110 2940 Αἴγυπτον
3141 2875 3318 2925 πᾶσαν
3354 2874 3539 2926 κλονου
3549 2877 3712 2944 μένην
3735 2873 3903 2944 ἑώρα,

672 2949 940 3019 hortatur,
981 2954 1214 3023 aliquam
1253 2962 1472 3029 cupiens
1504 2964 1724 3032 hujusce
1757 2968 1830 3021 rei
1867 2968 2050 3024 haberi
2082 2972 2237 3028 ultio-

2343 2963 2533 3034 μηνύει
2564 2963 2738 3016 πάντα
2766 2961 2843 3032 τῷ
2879 2963 3106 3032 βασιλεῖ,
3168 2964 3259 3014 καὶ
3305 2963 3442 3034 πρὸς
3479 2962 3691 3033 ἄμυναν
3745 2965 3909 3017 αύτον

671 3051 812 3094 nem.
828 3039 1326 3120 Statimquelitterze
1347 3052 1718 3108 Alexandriam
1747 3071 2024 3124 venerunt,
2043 3063 2237 3130 quibus

2338 3053 2436 3123 τὴν
2487 3052 2694 3124 Ἀρείου
2743 3053 3072 3123 παρακαλεῖ,
3131 3051 3316 3104 λαϐεῖν
3365 3069 3486 3105 τινα
3538 3055 3666 3124 παρ’
3698 3055 3907 3106 ἐκείνου

667 3128 831 3186 Arius
862 3137 1258 3205 arcessebatur,
1285 3151 1341 3196 ut
1390 3144 1756 3204 inmoderatae
1797 3149 1990 3220 lingua:
2016 3128 2235 3208 senten-

2336 3145 2605 3214 τιμωρίαν
2637 3143 2972 3213 βουλόμενος.
2999 3145 3109 3196 Καὶ
3131 3143 3467 3214 παραχρῆμα
3493 3146 3789 3214 γράμματα
3811 3146 3911 3216 τὴν

1246 3195 1258 3205 ,
1333 3195 1336 3196 ν
1391 3195 1398 3196 ,
1797 3195 1990 3220 uno-..
2016 3195 2232 3208 ..-πημ-

669 3222 860 3294 tiaeque
887 3240 998 3282 sua:
1025 3231 1341 3300 supplicium
1367 3236 1590 3295 subiret.

2589 3195 2685 3213 .,ν
2798 3195 2808 3212 ,
2913 3195 2952 3206 ν,
3061 3195 3067 3196 ,
3180 3195 3225 3214 γ,
3285 3195 3331 3213 Μ
3378 3195 3405 3213 η
3504 3195 3660 3214 Νη,
3825 3195 3904 3216 η..

2351 3233 2742 3304 Ἀλεξανδρέων
2785 3233 3211 3302 καταλαμϐάνει,
3264 3235 3652 3304 μετάπεμπτον
3681 3235 3912 3302 ἄγεσθαι

2340 3327 2573 3396 Ἀρειον,
2598 3325 2752 3395 δίκην
2785 3325 3083 3379 ἀκολάστου
3120 3323 3370 3394 γλώσσης
3403 3325 3496 3376 καὶ
3542 3324 3764 3395 γνώμης
3811 3328 3917 3396 ὑεῖ-

2336 3415 2537 3478 έξοντα.

738 3487 791 3541 9.
833 3491 967 3546 Cum
996 3506 1124 3561 ergo
1145 3493 1470 3548 Alexandria
1502 3497 1564 3549 ad
1598 3498 1972 3569 imperatorem
2006 3505 2236 3562 adduce-

2405 3505 2456 3558 9.
2496 3507 2582 3569 Ὠς
2609 3502 2700 3558 οὖν
2733 3509 2896 3576 ἤγετο
2929 3505 3077 3576 παρά
3103 3505 3326 3574 βασιλέα
3356 3507 3453 3576 τῆς
3505 3507 3917 3579 Ἀλεξανδρείας

669 3582 818 3629 retur
844 3578 1028 3644 Arius,
1055 3581 1352 3645 Caesaream
1378 3589 1638 3652 pervenit,
1679 3588 2034 3661 convenitque
2067 3597 2234 3650 Euse-

2344 3595 2574 3665 Ἄρειος,
2609 3596 2797 3664 γέγονέ
2830 3613 2888 3648 τε
2933 3595 3072 3648 κατὰ
3111 3594 3467 3664 Καισάρειαν,
3505 3596 3737 3658 καὶτοῖς
3782 3613 3848 3647 πε
3861 3597 3920 3667 pl.

669 3663 838 3731 bium,
867 3667 1142 3738 Thcognin
1168 3681 1221 3725 et
1251 3672 1442 3727 Marin.
1474 3675 1567 3730 ilic
1594 3679 1744 3743 mihi,
1771 3688 2236 3755 qumso,per9pice

2343 3663 2610 3747 Εὐσέϐιον,
2640 3663 2860 3753 Θέογνίν
2891 3684 2961 3756 (c)
2988 3701 3046 3736 τε
3081 3684 3174 3736 καὶ⁵
3204 3663 3383 3755 Μάριν
3418 3686 3761 3754 συγγέγονεν.
3794 3663 3919 3738 Ἐν-

666 3753 966 3811 facinorum
995 3762 1397 3830 gravissimum,
1425 3776 1480 3818 ut
1523 3768 1789 3822 undenam
1817 3780 1964 3827 tanta
1991 3753 2237 3830 Athana-

2341 3776 2507 3830 ταῦθά
2541 3795 2628 3848 μοι
2667 3777 2853 3829 σκόπει
2883 3777 2989 3830 τῶν
3019 3776 3331 3846 προσϐολῶν
3356 3777 3456 3846 τὴν
3494 3777 3917 3846 χαλεπωτάτην,

668 3843 751 3899 sio
784 3851 1139 3903 tentationnm
1166 3853 1396 3919 procella
1423 3865 1539 3908 orta
1565 3858 1657 3911 sit.
1685 3858 1920 3917 Consors
1945 3863 2048 3918 illis
2071 3867 2236 3921 Arius

2348 3869 2426 3920 καὶ
2470 3870 2590 3922 ὃθεν
2632 3869 2708 3940 τῷ
2757 3870 2993 3940 μεγίστῳ
3038 3859 3336 3936 ’Δθανασίῳ
3391 3869 3596 3921 κλύδων
3641 3870 3924 3940 ἐπανέστη

667 3939 953 4002 sermonis,
992 3954 1213 3994 consors
1271 3958 1522 4009 morum;
1573 3963 1768 4003 mensa:
1824 3953 2111 4022 particeps,
2146 3957 2233 4025 qui

2350 3956 2443 4009 τῶν
2483 3939 2821 4026 πειρασμῶν.
2863 3956 3131 4018 Κοινωνὸς
3167 3956 3264 4026 μὲν
3294 3955 3466 4023 λόγων
3506 3957 3688 4018 αὐτοῖς
3730 3958 3760 4008 ὁ
3799 3973 3926 4009 κοι-

666 4041 858 4096 pugnze
919 4039 1103 4084 contra
1159 4031 1324 4086 Deum
1373 4037 1642 4105 particeps
1691 4040 1820 4094 item
1867 4049 2232 4102 eratzomnia

2349 4045 2500 4107 ιωνὸς
2531 4045 2624 4096 καὶ
2664 4043 2772 4095 τῶν
2815 4044 3060 4112 τρόπων·
3093 4046 3338 4096 κοινωνεῖ
3360 4043 3415 4096 δὲ
3447 4045 3542 4096 καὶ
3572 4043 3859 4115 τραπέζης
3894 4048 3925 4098 ὁ

670 4127 914 4172 recenset
960 4134 1080 4188 qua:
1143 4122 1314 4191 ipsum
1348 4127 1688 4194 spectabant,
1737 4139 1848 4185 tum
1901 4135 2122 4190 consilia
2155 4136 2237 4190 in-

2346 4135 2587 4197 κοινωνὸς
2610 4135 2704 4186 καὶ
2735 4135 2832 4203 τῆς
2860 4133 2993 4203 πρὸς
3014 4134 3144 4185 Θεὸν
3171 4134 3369 4204 μάχης.
3405 4134 3589 4187 Πάντα
3612 4151 3671 4187 τε
3699 4134 3922 4204 διηγεῖ-

665 4213 794 4258 eunt
845 4218 1053 4276 mutua,
1083 4220 1141 4265 ut
1187 4217 1360 4282 neque
1407 4215 1536 4284 Deo,
1584 4219 1719 4287 proh
1751 4221 1985 4278 furorem
2017 4226 2029 4278 ι
2065 4241 2235 4294 neque

2349 4243 2421 4281 παι
2445 4225 2512 4279 τὰ
2545 4227 2664 4280 κατ’
2697 4225 2877 4288 αὑτὸν,
2915 4225 3007 4277 καὶ
3033 4225 3365 4294 συμόούλους
3393 4225 3657 4295 ἀλλήλους
3692 4226 3925 4278 ποιοῦν-

665 4295 959 4355 Athanasio
1003 4314 1305 4371 parcerent.
1343 4308 1490 4363 Alias
1549 4309 1729 4380 itaque
1777 4313 2034 4370 adversus
2086 4317 2230 4370 illum

2351 4333 2441 4378 ται,
2466 4315 2556 4368 τοῦ
2595 4318 2730 4385 μήτε
2764 4313 2920 4376 Θεοῦ,
2953 4311 3052 4380 φεῦ
3079 4313 3176 4382 τῆς
3204 4315 3430 4382 μανίαςί
3465 4315 3590 4384 μήτ’
3615 4311 3709 4367 οὖν
3748 4314 3927 4366 Ἀθα-

663 4398 930 4443 consuunt
961 4392 1294 4462 calumnias;
1325 4397 1571 4456 homines
1603 4402 1717 4472 qui,
1743 4406 2035 4460 secundum
2067 4409 2234 4461 niaxi-

2351 4407 2514 4458 ιασίου
2551 4405 2858 4475 φείσασθαι.
2907 4404 3194 4456 Ῥἀπτουσι
3241 4403 3528 4474 τοιγαροῦν
3574 4405 3770 4475 ἑτέρας
3797 4409 3927 4457 κατ’

663 4490 807 4531 ιιιιιιιι
861 4481 1079 4548 Isaiam,
1127 4488 1432 4553 parturiunt
1485 4489 1721 4546 laborem
1764 4501 1819 4548 et
1860 4496 2075 4565 pariunt
2128 4500 2231 4555 ini-

2351 4497 2496 4550 ιύτοῦ
2524 4499 2616 4550 καὶ
2664 4497 2824 4550 πάλιν
2861 4495 3222 4564 συκοφαντίας
3263 4497 3479 4558 ἐκεῖνοι,
3525 4497 3595 4557 οἳ,
3644 4495 3797 4547 κατὰ
3829 4497 3927 4548 τὶν

660 4569 940 4638 quitatem,
967 4573 1056 4641 qui
1091 4589 1384 4643 posuerunt
1423 4581 1760 4638 mendacium
1792 4600 1940 4654 spem
1972 4603 2145 4656 suam,
2173 4605 2228 4646 et

2352 4585 2631 4654 ταμμέγαν
2677 4585 2933 4644 Ἡσαΐαν,
2996 4581 3182 4634 κύουσι
3239 4582 3429 4645 πόνον,
3485 4583 3576 4635 καὶ
3625 4585 3928 4637 τίκτουσιν

659 4659 948 4714 dixerunt:
979 4661 1256 4720 Mendacio
1283 4668 1597 4738 obtegemur
1629 4690 1642 4726 :
1679 4688 1998 4744 omnemque
2029 4681 2224 4733 verbo-

2355 4659 2580 4743 tvottiav',
2611 4673 2660 4726 οἳ
2694 4673 2884 4742 ψεῦδος
2911 4672 3090 4724 ἔθεντο
3113 4671 3208 4740 τὴν
3242 4671 3429 4724 ἐλπίδα
3451 4712 3464 4734 ,
3499 4674 3613 4735 καὶ,
3655 4673 3750 4743 Τῷ
3791 4675 3931 4743 ψεύ-

660 4765 776 4804 rum
802 4753 982 4808 funem
1009 4769 1245 4825 movent,
1279 4770 1335 4814 ut
1360 4763 1552 4817 throno
1600 4776 1847 4821 sanetum
1888 4769 2060 4824 virum
2093 4773 2228 4840 deji-

2361 4782 2428 4827 ει,
2469 4761 2639 4827 εἷπον,
2678 4762 3167 4833 σκεπασθησόμεθα
3191 4779 3203 4791 ·
3248 4763 3341 4815 καὶ
3384 4763 3562 4816 πάντα
3597 4764 3787 4818 κάλων
3810 4805 3825 4825 ,
3863 4768 3933 4818 τὸ

657 4837 826 4904 «iant,
853 4851 906 4896 et
941 4844 1061 4901 belli
1092 4859 1280 4904 contra
1325 4851 1657 4910 Christianos
1691 4857 2072 4915 Alexandriam
2119 4863 2225 4917 vel-

2353 4855 2422 4909 70'3
2454 4856 2633 4924 λόγου,
2653 4856 2907 4918 κινοῦσιν,
2940 4854 3078 4906 ὥστε
3109 4853 3200 4907 τοῦ
3235 4853 3423 4924 θρόνου
3458 4853 3550 4906 τὸν
3576 4857 3754 4923 ἀγιονι
3776 4856 3890 4908 καθ
3910 4888 3929 4897 -

659 4929 734 4982 uti
769 4940 938 4987 tutam
995 4953 1174 4993 arcem
1216 4945 1564 5002 constituant.
1617 4950 1999 5019 Imperatorem
2043 4955 2222 5023 itaque

2359 4948 2484 5010 λείν,
2519 4949 2610 5000 καὶ
2654 4947 2748 4999 τοῦ
2797 4946 2936 4999 κατὰ
2967 4945 3303 5016 Χριστιανῶν
3348 4945 3584 5014 πολέμου
3612 4947 3716 5015 τὴν
3767 4946 3935 4997 Ἀλεη

659 5021 908 5078 adierunt
941 5042 953 5076 :
997 5029 1151 5084 Arius
1185 5033 1400 5100 quidem
1429 5051 1548 5092 sese
1584 5040 1926 5107 defensurus,
1959 5021 2224 5101 Eusebius

2353 5038 2612 5106 ίάνδρειαν
2654 5038 2986 5107 ὁρμητήριον
3025 5035 3262 5103 ἀσφαλὲς
3304 5035 3658 5105 ποιήσασθαι.
3702 5038 3929 5106 ’ῌεσαν

658 5119 909 5170 autemet
937 5119 1066 5175 socii
1097 5125 1374 5178 mendacio
1406 5133 1808 5198 patrocinaturi,
1833 5136 2222 5190 testimonium-

2358 5125 2418 5180 ὗν
2464 5128 2612 5198 παρὰ
2659 5127 2910 5197 βασιλέα,
2965 5129 3181 5197 ’Ἄρειος
3240 5127 3337 5196 μὲν
3386 5127 3930 5198 ἀπολογησόμενος,

656 5220 764 5273 que
800 5221 984 5265 contra
1015 5212 1370 5272 Athanasium
1393 5228 1444 5271 et
1473 5231 1654 5274 contra
1693 5223 1969 5278 veritatem
2005 5227 2220 5282 dicturi.

2357 5217 2584 5280 Ξύσέϐιος
2622 5217 2678 5270 δὲ
2703 5220 2797 5270 καὶ
2827 5219 2874 5269 oi
2899 5218 3034 5286 ἀμφ’
3069 5217 3231 5269 αὐτὸν
3276 5216 3354 5286 τῷ
3379 5217 3564 5286 ψεύδει
3598 5217 3933 5287 συνηγορή-

656 5297 943 5372 Postquam
964 5314 1137 5361 autem
1163 5307 1469 5377 imperatori
1489 5323 1745 5377 astantes,
1766 5315 1832 5368 de
1851 5316 2007 5370 rebus
2027 5317 2075 5368 in
2096 5331 2223 5385 syn-

2359 5326 2542 5373 οντες,
2591 5308 2905 5362 Ἀθανασίου
2948 5307 3003 5360 δὲ
3051 5309 3144 5361 καὶ
3189 5309 3288 5378 τῆς
3338 5309 3595 5378 ἀληθείας
3645 5307 3935 5378 φανερῶς

655 5392 761 5446 odo
800 5396 968 5462 gestis
998 5399 1311 5470 interrogati
1341 5412 1540 5467 essent,
1578 5406 1758 5459 statim
1797 5406 1920 5458 aliis
1963 5407 2028 5459 de
2063 5409 2220 5460 rebus

2368 5401 2929 5472 αταμαρτυρήσοντες.
2974 5399 3127 5452 Ἐπεὶ
3154 5399 3210 5451 δὲ
3236 5400 3312 5470 τῷ
3351 5399 3561 5469 βασιλεί
3591 5397 3944 5472 παραστάν-

657 5484 815 5539 verba
841 5487 1135 5545 facientes:
1161 5489 1277 5548 Non
1302 5494 1392 5560 ita,
1429 5495 1595 5561 aiunt,
1625 5497 1938 5565 imperator,
1964 5511 2104 5564 aegre
2133 5497 2214 5552 l'e-

2368 5509 2413 5556 ες
2450 5492 2521 5546 τὰ
2571 5492 2756 5546 εἰκότα
2799 5491 2926 5562 περὶ
2972 5491 3080 5545 τῶν
3125 5494 3190 5562 τῇ
3242 5491 3441 5563 συνόδῳ
3489 5489 3944 5561 πεπραγμένων

727 5617 802 5698 (ᾳ)
828 5622 971 5698 [Ῑρός
997 5622 1148 5677 deest
1177 5623 1226 5677 in
1247 5627 1496 5698 omnibus
1528 5641 1656 5698 mss.
1840 5694 1884 5698 __
2009 5697 2034 5698 η

2397 5627 2466 5695 (c)
2491 5626 2635 5698 Reg.
2653 5627 2917 5694 Θεόγνιον.
2943 5625 3104 5698 Paulo
3126 5637 3266 5697 post,
3283 5628 3434 5698 editi,
3463 5631 3556 5684 καὶ
3583 5630 3714 5683 ὅθεν
3749 5629 3781 5682 ὁ
3816 5628 3941 5698 μὲ-

731 5689 1023 5770 {pgilice
1060 5709 1190 5747 mss.
1234 5695 1424 5760 nostri,
1466 5695 1792 5766 ἀνεχώρουν.
1838 5694 1954 5751 Mox
2006 5697 2136 5768 Reg.
2166 5705 2220 5752 et

2369 5689 2506 5770 ιςξτρς
2554 5689 2868 5761 Ἀθανάάιος
2918 5689 3159 5753 κλύδωνα
3206 5697 3496 5770 ἐπανέστη.
3546 5689 3945 5768 Μιιιιιιεειῖυιί

657 5756 810 5812 Colb.
839 5759 887 5824 1,
913 5758 1186 5828 Θεόγνιον.
1413 5756 1420 5760 γ
1564 5756 1594 5764 Π
1648 5756 1659 5766 ’
2087 5756 2116 5768 υ

1087 5777 1186 5820 ιον.
1413 5756 1420 5760 ⁷
1564 5756 1594 5764 ”
1648 5756 1659 5766 “
2087 5756 2116 5768 “’
2330 5756 2385 5820 ut
2411 5766 2461 5820 in
2490 5756 2660 5822 textu.
