  <div class='ocr_page' id='page_1' title='image "/cluster/home/n/w/nwhite01/storage/ocr_20150623/25/hvd.32044004972428/200.png"; bbox 0 0 3990 6510; ppageno 0'>
   <div class='ocr_carea' id='block_1_1' title="bbox 1030 391 2414 462">
    <p class='ocr_par' dir='ltr' id='par_1_1' title="bbox 1030 391 2414 462">
     <span class='ocr_line' id='line_1_1' title="bbox 1030 391 2414 462; baseline 0 -3"><span class='ocrx_word' id='word_1_1' title='bbox 1030 403 1187 462; x_wconf 78' lang='lat' dir='ltr'><strong>VITA</strong></span> <span class='ocrx_word' id='word_1_2' title='bbox 1226 405 1281 460; x_wconf 91' lang='lat' dir='ltr'><strong>S.</strong></span> <span class='ocrx_word' id='word_1_3' title='bbox 1320 402 1693 460; x_wconf 75' lang='lat' dir='ltr'><strong>ATHANASII</strong></span> <span class='ocrx_word' id='word_1_4' title='bbox 1727 391 2028 458; x_wconf 74' lang='lat' dir='ltr'><strong>iNCERTO</strong></span> <span class='ocrx_word' id='word_1_5' title='bbox 2065 394 2414 460; x_wconf 80' lang='lat' dir='ltr'><strong>AUCTORE.</strong></span> 
     </span>
    </p>
   </div>
   <div class='ocr_carea' id='block_1_2' title="bbox 3188 409 3350 475">
    <p class='ocr_par' dir='ltr' id='par_1_2' title="bbox 3188 409 3350 475">
     <span class='ocr_line' id='line_1_2' title="bbox 3188 409 3350 475; baseline 0.006 -2"><span class='ocrx_word' id='word_1_6' title='bbox 3188 409 3350 475; x_wconf 80' lang='lat' dir='ltr'><strong>cxcm</strong></span> 
     </span>
    </p>
   </div>
   <div class='ocr_carea' id='block_1_3' title="bbox 75 520 1670 606">
    <p class='ocr_par' dir='ltr' id='par_1_3' title="bbox 75 520 1650 596">
     <span class='ocr_line' id='line_1_3' title="bbox 75 520 1650 596; baseline -0.001 -19"><span class='ocrx_word' id='word_1_7' title='bbox 75 520 383 596; x_wconf 59' lang='lat' dir='ltr'><strong>imﬁe‘t&#39;av,</strong></span> <span class='ocrx_word' id='word_1_8' title='bbox 416 521 642 578; x_wconf 83' lang='grc' dir='ltr'><strong>αὐτίκα</strong></span> <span class='ocrx_word' id='word_1_9' title='bbox 682 541 766 577; x_wconf 86' lang='grc' dir='ltr'><strong>πε</strong></span> <span class='ocrx_word' id='word_1_10' title='bbox 776 525 836 594; x_wconf 78' lang='grc' dir='ltr'><strong>ρὶ</strong></span> <span class='ocrx_word' id='word_1_11' title='bbox 862 525 960 595; x_wconf 86' lang='grc' dir='ltr'><strong>μὲν</strong></span> <span class='ocrx_word' id='word_1_12' title='bbox 985 524 1092 578; x_wconf 85' lang='grc' dir='ltr'><strong>τῶν</strong></span> <span class='ocrx_word' id='word_1_13' title='bbox 1121 524 1316 588; x_wconf 80' lang='grc' dir='ltr'><strong>ἄλλων,</strong></span> <span class='ocrx_word' id='word_1_14' title='bbox 1339 526 1451 594; x_wconf 85' lang='grc' dir='ltr'><strong>Οὐχ</strong></span> <span class='ocrx_word' id='word_1_15' title='bbox 1477 523 1650 586; x_wconf 80' lang='grc' dir='ltr'><strong>οὕτως</strong></span> 
     </span>
    </p>
   </div>
   <div class='ocr_carea' id='block_1_4' title="bbox 1776 520 3353 606">
    <p class='ocr_par' dir='ltr' id='par_1_4' title="bbox 1792 520 3353 606">
     <span class='ocr_line' id='line_1_4' title="bbox 1792 520 3353 606; baseline 0.01 -32"><span class='ocrx_word' id='word_1_16' title='bbox 1792 520 1992 586; x_wconf 82' lang='lat' dir='ltr'><strong>rimus.</strong></span> <span class='ocrx_word' id='word_1_17' title='bbox 2023 523 2163 592; x_wconf 88' lang='lat' dir='ltr'><strong>quod</strong></span> <span class='ocrx_word' id='word_1_18' title='bbox 2190 537 2396 577; x_wconf 82' lang='lat' dir='ltr'><strong>sacram</strong></span> <span class='ocrx_word' id='word_1_19' title='bbox 2437 536 2678 580; x_wconf 81' lang='lat' dir='ltr'><strong>mensam</strong></span> <span class='ocrx_word' id='word_1_20' title='bbox 2719 527 2992 596; x_wconf 76' lang='lat' dir='ltr'><strong>everterit,</strong></span> <span class='ocrx_word' id='word_1_21' title='bbox 3020 528 3353 606; x_wconf 88' lang='lat' dir='ltr'><strong>calicemque</strong></span> 
     </span>
    </p>
   </div>
   <div class='ocr_carea' id='block_1_5' title="bbox 75 607 1677 689">
    <p class='ocr_par' dir='ltr' id='par_1_5' title="bbox 75 607 1677 689">
     <span class='ocr_line' id='line_1_5' title="bbox 75 607 1677 689; baseline -0.001 -20"><span class='ocrx_word' id='word_1_22' title='bbox 75 619 266 687; x_wconf 56' lang='grc' dir='ltr'><strong>ἔφησαν,</strong></span> <span class='ocrx_word' id='word_1_23' title='bbox 301 607 346 666; x_wconf 83' lang='grc' dir='ltr'><strong>ὦ</strong></span> <span class='ocrx_word' id='word_1_24' title='bbox 382 613 660 683; x_wconf 86' lang='grc' dir='ltr'><strong>βασιλεῦ,</strong></span> <span class='ocrx_word' id='word_1_25' title='bbox 701 619 1022 689; x_wconf 79' lang='grc' dir='ltr'><strong>ἀνιώμεθα,</strong></span> <span class='ocrx_word' id='word_1_26' title='bbox 1052 619 1110 672; x_wconf 72' lang='grc' dir='ltr'><strong>τὸ</strong></span> <span class='ocrx_word' id='word_1_27' title='bbox 1131 619 1228 689; x_wconf 79' lang='grc' dir='ltr'><strong>μὲν</strong></span> <span class='ocrx_word' id='word_1_28' title='bbox 1246 618 1346 687; x_wconf 76' lang='grc' dir='ltr'><strong>τῆς</strong></span> <span class='ocrx_word' id='word_1_29' title='bbox 1369 619 1520 688; x_wconf 81' lang='grc' dir='ltr'><strong>ἱερᾶς</strong></span> <span class='ocrx_word' id='word_1_30' title='bbox 1548 633 1677 688; x_wconf 83' lang='grc' dir='ltr'><strong>τρα-</strong></span> 
     </span>
    </p>
   </div>
   <div class='ocr_carea' id='block_1_6' title="bbox 77 705 1676 782">
    <p class='ocr_par' dir='ltr' id='par_1_6' title="bbox 77 705 1676 782">
     <span class='ocr_line' id='line_1_6' title="bbox 77 705 1676 782; baseline 0.001 -22"><span class='ocrx_word' id='word_1_31' title='bbox 77 710 232 777; x_wconf 76' lang='grc' dir='ltr'><strong>πέζης,</strong></span> <span class='ocrx_word' id='word_1_32' title='bbox 265 705 324 758; x_wconf 83' lang='grc' dir='ltr'><strong>τὺ</strong></span> <span class='ocrx_word' id='word_1_33' title='bbox 352 705 411 758; x_wconf 75' lang='grc' dir='ltr'><strong>δὲ</strong></span> <span class='ocrx_word' id='word_1_34' title='bbox 435 705 542 759; x_wconf 86' lang='grc' dir='ltr'><strong>τοῦ</strong></span> <span class='ocrx_word' id='word_1_35' title='bbox 573 710 881 776; x_wconf 83' lang='grc' dir='ltr'><strong>μυστικοῦ</strong></span> <span class='ocrx_word' id='word_1_36' title='bbox 918 710 1194 782; x_wconf 75' lang='grc' dir='ltr'><strong>ποτηρίου,</strong></span> <span class='ocrx_word' id='word_1_37' title='bbox 1216 711 1362 772; x_wconf 83' lang='grc' dir='ltr'><strong>ὅπως</strong></span> <span class='ocrx_word' id='word_1_38' title='bbox 1379 709 1676 779; x_wconf 81' lang='grc' dir='ltr'><strong>ἀνέστρεψε</strong></span> 
     </span>
    </p>
   </div>
   <div class='ocr_carea' id='block_1_7' title="bbox 80 796 1674 868">
    <p class='ocr_par' dir='ltr' id='par_1_7' title="bbox 80 796 1674 868">
     <span class='ocr_line' id='line_1_7' title="bbox 80 796 1674 868; baseline 0.002 -18"><span class='ocrx_word' id='word_1_39' title='bbox 80 799 153 868; x_wconf 46' lang='grc' dir='ltr'><strong>γὲν</strong></span> <span class='ocrx_word' id='word_1_40' title='bbox 179 796 409 865; x_wconf 79' lang='grc' dir='ltr'><strong>ἐκείνην,</strong></span> <span class='ocrx_word' id='word_1_41' title='bbox 431 796 704 863; x_wconf 82' lang='grc' dir='ltr'><strong>κατέαξε</strong></span> <span class='ocrx_word' id='word_1_42' title='bbox 747 800 812 853; x_wconf 76' lang='grc' dir='ltr'><strong>δὲ</strong></span> <span class='ocrx_word' id='word_1_43' title='bbox 847 805 1023 863; x_wconf 80' lang='grc' dir='ltr'><strong>τοῦτο,</strong></span> <span class='ocrx_word' id='word_1_44' title='bbox 1052 803 1143 853; x_wconf 76' lang='grc' dir='ltr'><strong>καὶ</strong></span> <span class='ocrx_word' id='word_1_45' title='bbox 1169 803 1248 863; x_wconf 82' lang='grc' dir='ltr'><strong>είς</strong></span> <span class='ocrx_word' id='word_1_46' title='bbox 1276 800 1446 853; x_wconf 81' lang='grc' dir='ltr'><strong>λεπτά</strong></span> <span class='ocrx_word' id='word_1_47' title='bbox 1463 801 1674 865; x_wconf 74' lang='grc' dir='ltr'><strong>διεῖλεν,</strong></span> 
     </span>
    </p>
   </div>
   <div class='ocr_carea' id='block_1_8' title="bbox 79 888 1678 964">
    <p class='ocr_par' dir='ltr' id='par_1_8' title="bbox 79 888 1678 964">
     <span class='ocr_line' id='line_1_8' title="bbox 79 888 1678 964; baseline 0.004 -24"><span class='ocrx_word' id='word_1_48' title='bbox 79 893 191 950; x_wconf 71' lang='grc' dir='ltr'><strong>ὅπως</strong></span> <span class='ocrx_word' id='word_1_49' title='bbox 210 888 263 940; x_wconf 81' lang='grc' dir='ltr'><strong>δὲ</strong></span> <span class='ocrx_word' id='word_1_50' title='bbox 294 889 392 940; x_wconf 77' lang='grc' dir='ltr'><strong>καὶ</strong></span> <span class='ocrx_word' id='word_1_51' title='bbox 426 888 530 940; x_wconf 76' lang='grc' dir='ltr'><strong>τὸν</strong></span> <span class='ocrx_word' id='word_1_52' title='bbox 573 890 650 942; x_wconf 86' lang='grc' dir='ltr'><strong>ὲκ</strong></span> <span class='ocrx_word' id='word_1_53' title='bbox 679 891 800 961; x_wconf 76' lang='grc' dir='ltr'><strong>τῆς</strong></span> <span class='ocrx_word' id='word_1_54' title='bbox 847 893 1238 964; x_wconf 77' lang='grc' dir='ltr'><strong>Ἀλεξανδρέων</strong></span> <span class='ocrx_word' id='word_1_55' title='bbox 1268 896 1334 962; x_wconf 80' lang='grc' dir='ltr'><strong>τῇ</strong></span> <span class='ocrx_word' id='word_1_56' title='bbox 1381 892 1530 945; x_wconf 87' lang='grc' dir='ltr'><strong>πόλει</strong></span> <span class='ocrx_word' id='word_1_57' title='bbox 1557 909 1678 946; x_wconf 82' lang='grc' dir='ltr'><strong>συν-</strong></span> 
     </span>
    </p>
   </div>
   <div class='ocr_carea' id='block_1_9' title="bbox 79 977 1677 1053">
    <p class='ocr_par' dir='ltr' id='par_1_9' title="bbox 79 977 1677 1053">
     <span class='ocr_line' id='line_1_9' title="bbox 79 977 1677 1053; baseline 0.005 -26"><span class='ocrx_word' id='word_1_58' title='bbox 79 978 188 1047; x_wconf 61' lang='grc' dir='ltr'><strong>ήθως</strong></span> <span class='ocrx_word' id='word_1_59' title='bbox 200 977 646 1047; x_wconf 70' lang='grc' dir='ltr'><strong>ἐκπεμπόμενον</strong></span> <span class='ocrx_word' id='word_1_60' title='bbox 665 982 840 1034; x_wconf 86' lang='grc' dir='ltr'><strong>σῖτον</strong></span> <span class='ocrx_word' id='word_1_61' title='bbox 855 982 1201 1035; x_wconf 82' lang='grc' dir='ltr'><strong>διακωλύσειν</strong></span> <span class='ocrx_word' id='word_1_62' title='bbox 1212 981 1406 1053; x_wconf 72' lang='grc' dir='ltr'><strong>ἠπείλη</strong></span> <span class='ocrx_word' id='word_1_63' title='bbox 1416 998 1496 1034; x_wconf 75' lang='grc' dir='ltr'><strong>σε’</strong></span> <span class='ocrx_word' id='word_1_64' title='bbox 1507 981 1677 1036; x_wconf 88' lang='grc' dir='ltr'><strong>ταῦτα</strong></span> 
     </span>
    </p>
   </div>
   <div class='ocr_carea' id='block_1_10' title="bbox 80 1067 1672 1144">
    <p class='ocr_par' dir='ltr' id='par_1_10' title="bbox 80 1067 1672 1144">
     <span class='ocr_line' id='line_1_10' title="bbox 80 1067 1672 1144; baseline 0.006 -26"><span class='ocrx_word' id='word_1_65' title='bbox 80 1071 215 1132; x_wconf 70' lang='grc' dir='ltr'><strong>λυπεῖ,</strong></span> <span class='ocrx_word' id='word_1_66' title='bbox 245 1067 421 1122; x_wconf 80' lang='grc' dir='ltr'><strong>ταῦτα</strong></span> <span class='ocrx_word' id='word_1_67' title='bbox 447 1069 667 1123; x_wconf 80' lang='grc' dir='ltr'><strong>δάκνει</strong></span> <span class='ocrx_word' id='word_1_68' title='bbox 688 1089 705 1102; x_wconf 70' lang='grc' dir='ltr'><strong>ο</strong></span> <span class='ocrx_word' id='word_1_69' title='bbox 747 1073 936 1126; x_wconf 89' lang='grc' dir='ltr'><strong>ταῦτα</strong></span> <span class='ocrx_word' id='word_1_70' title='bbox 956 1073 1097 1136; x_wconf 87' lang='grc' dir='ltr'><strong>τίνος</strong></span> <span class='ocrx_word' id='word_1_71' title='bbox 1117 1071 1190 1126; x_wconf 71' lang='grc' dir='ltr'><strong>ὀύ</strong></span> <span class='ocrx_word' id='word_1_72' title='bbox 1217 1073 1392 1144; x_wconf 75' lang='grc' dir='ltr'><strong>ψυχῆς</strong></span> <span class='ocrx_word' id='word_1_73' title='bbox 1423 1075 1672 1136; x_wconf 77' lang='grc' dir='ltr'><strong>ἅπτεται,</strong></span> 
     </span>
    </p>
   </div>
   <div class='ocr_carea' id='block_1_11' title="bbox 79 1160 1674 1236">
    <p class='ocr_par' dir='ltr' id='par_1_11' title="bbox 79 1160 1674 1236">
     <span class='ocr_line' id='line_1_11' title="bbox 79 1160 1674 1236; baseline 0.003 -23"><span class='ocrx_word' id='word_1_74' title='bbox 79 1160 564 1231; x_wconf 69' lang='grc' dir='ltr'><strong>καὶάδαμαντίνης;</strong></span> <span class='ocrx_word' id='word_1_75' title='bbox 607 1162 865 1216; x_wconf 79' lang='grc' dir='ltr'><strong>Τούτων</strong></span> <span class='ocrx_word' id='word_1_76' title='bbox 899 1164 1173 1236; x_wconf 84' lang='grc' dir='ltr'><strong>μάρτυρες</strong></span> <span class='ocrx_word' id='word_1_77' title='bbox 1207 1164 1589 1235; x_wconf 85' lang='grc' dir='ltr'><strong>Ἀδαμάντινός</strong></span> <span class='ocrx_word' id='word_1_78' title='bbox 1614 1182 1674 1218; x_wconf 87' lang='grc' dir='ltr'><strong>τε</strong></span> 
     </span>
    </p>
   </div>
   <div class='ocr_carea' id='block_1_12' title="bbox 81 1251 1674 1325">
    <p class='ocr_par' dir='ltr' id='par_1_12' title="bbox 81 1251 1674 1325">
     <span class='ocr_line' id='line_1_12' title="bbox 81 1251 1674 1325; baseline 0.003 -22"><span class='ocrx_word' id='word_1_79' title='bbox 81 1253 148 1303; x_wconf 74' lang='grc' dir='ltr'><strong>καὶ</strong></span> <span class='ocrx_word' id='word_1_80' title='bbox 185 1251 471 1302; x_wconf 82' lang='grc' dir='ltr'><strong>’Δνουϐίων</strong></span> <span class='ocrx_word' id='word_1_81' title='bbox 510 1251 630 1322; x_wconf 90' lang='lat' dir='ltr'><strong>(a),</strong></span> <span class='ocrx_word' id='word_1_82' title='bbox 681 1253 1000 1325; x_wconf 82' lang='grc' dir='ltr'><strong>Ἀρϐεθίων</strong></span> <span class='ocrx_word' id='word_1_83' title='bbox 1023 1270 1080 1305; x_wconf 87' lang='grc' dir='ltr'><strong>τε</strong></span> <span class='ocrx_word' id='word_1_84' title='bbox 1108 1254 1201 1306; x_wconf 76' lang='grc' dir='ltr'><strong>καὶ</strong></span> <span class='ocrx_word' id='word_1_85' title='bbox 1231 1253 1435 1325; x_wconf 84' lang='grc' dir='ltr'>Πέτρος</span> <span class='ocrx_word' id='word_1_86' title='bbox 1453 1255 1674 1308; x_wconf 73' lang='grc' dir='ltr'><strong>ἐπίσκο-</strong></span> 
     </span>
    </p>
   </div>
   <div class='ocr_carea' id='block_1_13' title="bbox 81 1335 1672 1416">
    <p class='ocr_par' dir='ltr' id='par_1_13' title="bbox 81 1335 1672 1416">
     <span class='ocr_line' id='line_1_13' title="bbox 81 1335 1672 1416; baseline 0.003 -22"><span class='ocrx_word' id='word_1_87' title='bbox 206 1343 329 1411; x_wconf 83' lang='grc' dir='ltr'><strong>παρ’</strong></span> <span class='ocrx_word' id='word_1_88' title='bbox 364 1335 446 1393; x_wconf 78' lang='grc' dir='ltr'><strong>ὧν</strong></span> <span class='ocrx_word' id='word_1_89' title='bbox 501 1341 611 1394; x_wconf 74' lang='grc' dir='ltr'><strong>ἐπὶ</strong></span> <span class='ocrx_word' id='word_1_90' title='bbox 656 1345 816 1396; x_wconf 81' lang='grc' dir='ltr'><strong>πᾶσι</strong></span> <span class='ocrx_word' id='word_1_91' title='bbox 871 1341 1080 1406; x_wconf 78' lang='grc' dir='ltr'><strong>τούτοις</strong></span> <span class='ocrx_word' id='word_1_92' title='bbox 1121 1343 1488 1414; x_wconf 76' lang='grc' dir='ltr'><strong>ἐξελεγχθεὶς,</strong></span> <span class='ocrx_word' id='word_1_93' title='bbox 1517 1345 1672 1416; x_wconf 84' lang='grc' dir='ltr'><strong>δίκην</strong></span> 
     </span>
    </p>
   </div>
   <div class='ocr_carea' id='block_1_14' title="bbox 82 1432 1673 1510">
    <p class='ocr_par' dir='ltr' id='par_1_14' title="bbox 82 1432 1673 1510">
     <span class='ocr_line' id='line_1_14' title="bbox 82 1432 1673 1510; baseline 0.006 -27"><span class='ocrx_word' id='word_1_94' title='bbox 82 1435 152 1502; x_wconf 80' lang='grc' dir='ltr'><strong>μὲν</strong></span> <span class='ocrx_word' id='word_1_95' title='bbox 173 1434 259 1503; x_wconf 76' lang='grc' dir='ltr'><strong>τὴν</strong></span> <span class='ocrx_word' id='word_1_96' title='bbox 285 1432 449 1496; x_wconf 76' lang='grc' dir='ltr'><strong>ἀξίαν</strong></span> <span class='ocrx_word' id='word_1_97' title='bbox 477 1433 756 1505; x_wconf 78' lang='grc' dir='ltr'><strong>ἀπέδρα,</strong></span> <span class='ocrx_word' id='word_1_98' title='bbox 784 1435 1066 1506; x_wconf 86' lang='grc' dir='ltr'><strong>διαδράναι</strong></span> <span class='ocrx_word' id='word_1_99' title='bbox 1105 1436 1162 1488; x_wconf 79' lang='grc' dir='ltr'><strong>δὲ</strong></span> <span class='ocrx_word' id='word_1_100' title='bbox 1199 1437 1290 1489; x_wconf 75' lang='grc' dir='ltr'><strong>καὶ</strong></span> <span class='ocrx_word' id='word_1_101' title='bbox 1317 1437 1416 1506; x_wconf 81' lang='grc' dir='ltr'><strong>τὴν</strong></span> <span class='ocrx_word' id='word_1_102' title='bbox 1465 1437 1673 1510; x_wconf 81' lang='grc' dir='ltr'><strong>ἀποκή-</strong></span> 
     </span>
    </p>
   </div>
   <div class='ocr_carea' id='block_1_15' title="bbox 79 1509 1672 1599">
    <p class='ocr_par' dir='ltr' id='par_1_15' title="bbox 79 1509 1672 1599">
     <span class='ocr_line' id='line_1_15' title="bbox 79 1509 1672 1599; baseline 0.006 -27"><span class='ocrx_word' id='word_1_103' title='bbox 79 1522 192 1592; x_wconf 77' lang='grc' dir='ltr'><strong>ρυξιν</strong></span> <span class='ocrx_word' id='word_1_104' title='bbox 212 1523 356 1590; x_wconf 82' lang='grc' dir='ltr'><strong>ὅμως</strong></span> <span class='ocrx_word' id='word_1_105' title='bbox 384 1523 495 1574; x_wconf 85' lang='grc' dir='ltr'><strong>οὐκ</strong></span> <span class='ocrx_word' id='word_1_106' title='bbox 527 1523 837 1596; x_wconf 74' lang='grc' dir='ltr'><strong>ἠδυνήθη,</strong></span> <span class='ocrx_word' id='word_1_107' title='bbox 875 1525 1008 1578; x_wconf 88' lang='grc' dir='ltr'><strong>ἀλλά</strong></span> <span class='ocrx_word' id='word_1_108' title='bbox 1041 1525 1235 1589; x_wconf 83' lang='grc' dir='ltr'><strong>κοινῶς</strong></span> <span class='ocrx_word' id='word_1_109' title='bbox 1267 1526 1371 1580; x_wconf 82' lang='grc' dir='ltr'><strong>ὑπὸ</strong></span> <span class='ocrx_word' id='word_1_110' title='bbox 1409 1529 1508 1599; x_wconf 81' lang='grc' dir='ltr'><strong>τῆς</strong></span> <span class='ocrx_word' id='word_1_111' title='bbox 1543 1509 1672 1581; x_wconf 65' lang='lat' dir='ltr'><strong>om):</strong></span> 
     </span>
    </p>
   </div>
   <div class='ocr_carea' id='block_1_16' title="bbox 75 1613 1670 1688">
    <p class='ocr_par' dir='ltr' id='par_1_16' title="bbox 75 1613 1670 1688">
     <span class='ocr_line' id='line_1_16' title="bbox 75 1613 1670 1688; baseline 0.004 -23"><span class='ocrx_word' id='word_1_112' title='bbox 75 1615 160 1665; x_wconf 74' lang='grc' dir='ltr'><strong>ίδου</strong></span> <span class='ocrx_word' id='word_1_113' title='bbox 174 1613 366 1684; x_wconf 81' lang='grc' dir='ltr'><strong>πάσης,</strong></span> <span class='ocrx_word' id='word_1_114' title='bbox 397 1613 483 1677; x_wconf 83' lang='grc' dir='ltr'><strong>ὡς</strong></span> <span class='ocrx_word' id='word_1_115' title='bbox 513 1614 822 1669; x_wconf 81' lang='grc' dir='ltr'><strong>τοιούτων</strong></span> <span class='ocrx_word' id='word_1_116' title='bbox 850 1617 1102 1687; x_wconf 81' lang='grc' dir='ltr'><strong>ἀθέσμων</strong></span> <span class='ocrx_word' id='word_1_117' title='bbox 1133 1617 1308 1688; x_wconf 76' lang='grc' dir='ltr'><strong>ἔργων</strong></span> <span class='ocrx_word' id='word_1_118' title='bbox 1335 1619 1426 1672; x_wconf 73' lang='grc' dir='ltr'><strong>καὶ</strong></span> <span class='ocrx_word' id='word_1_119' title='bbox 1443 1619 1670 1672; x_wconf 77' lang='grc' dir='ltr'><strong>ἀνοσίων</strong></span> 
     </span>
    </p>
   </div>
   <div class='ocr_carea' id='block_1_17' title="bbox 77 1705 1666 1780">
    <p class='ocr_par' dir='ltr' id='par_1_17' title="bbox 77 1705 1666 1780">
     <span class='ocr_line' id='line_1_17' title="bbox 77 1705 1666 1780; baseline 0.004 -24"><span class='ocrx_word' id='word_1_120' title='bbox 77 1705 300 1775; x_wconf 69' lang='grc' dir='ltr'><strong>τολμητὴς</strong></span> <span class='ocrx_word' id='word_1_121' title='bbox 327 1707 821 1778; x_wconf 75' lang='grc' dir='ltr'><strong>ἐκκεκήρυκται.</strong></span> <span class='ocrx_word' id='word_1_122' title='bbox 862 1707 1076 1760; x_wconf 84' lang='grc' dir='ltr'><strong>Τούτων</strong></span> <span class='ocrx_word' id='word_1_123' title='bbox 1111 1707 1191 1761; x_wconf 81' lang='grc' dir='ltr'><strong>ἔτι</strong></span> <span class='ocrx_word' id='word_1_124' title='bbox 1227 1708 1533 1779; x_wconf 88' lang='grc' dir='ltr'><strong>λεγομένων</strong></span> <span class='ocrx_word' id='word_1_125' title='bbox 1574 1709 1666 1780; x_wconf 84' lang='lat' dir='ltr'><strong>(b),</strong></span> 
     </span>
    </p>
   </div>
   <div class='ocr_carea' id='block_1_18' title="bbox 73 1795 1670 1869">
    <p class='ocr_par' dir='ltr' id='par_1_18' title="bbox 73 1795 1670 1869">
     <span class='ocr_line' id='line_1_18' title="bbox 73 1795 1670 1869; baseline 0.004 -21"><span class='ocrx_word' id='word_1_126' title='bbox 73 1796 339 1863; x_wconf 75' lang='grc' dir='ltr'><strong>ὀβασιλεὺς</strong></span> <span class='ocrx_word' id='word_1_127' title='bbox 371 1795 439 1848; x_wconf 81' lang='grc' dir='ltr'><strong>τὸ</strong></span> <span class='ocrx_word' id='word_1_128' title='bbox 471 1797 732 1869; x_wconf 83' lang='grc' dir='ltr'><strong>πρῶτον</strong></span> <span class='ocrx_word' id='word_1_129' title='bbox 790 1799 976 1869; x_wconf 82' lang='grc' dir='ltr'><strong>ἡσυχῆ</strong></span> <span class='ocrx_word' id='word_1_130' title='bbox 1018 1801 1112 1852; x_wconf 62' lang='grc' dir='ltr'><strong>καὶ¹</strong></span> <span class='ocrx_word' id='word_1_131' title='bbox 1144 1799 1266 1852; x_wconf 84' lang='grc' dir='ltr'><strong>καθ’</strong></span> <span class='ocrx_word' id='word_1_132' title='bbox 1303 1800 1496 1853; x_wconf 81' lang='grc' dir='ltr'><strong>ἑαυτὸν</strong></span> <span class='ocrx_word' id='word_1_133' title='bbox 1548 1803 1670 1854; x_wconf 75' lang='grc' dir='ltr'><strong>ἐτα-</strong></span> 
     </span>
    </p>
   </div>
   <div class='ocr_carea' id='block_1_19' title="bbox 77 1859 1741 1961">
    <p class='ocr_par' dir='ltr' id='par_1_19' title="bbox 77 1859 1741 1961">
     <span class='ocr_line' id='line_1_19' title="bbox 77 1859 1741 1961; baseline 0.005 -25"><span class='ocrx_word' id='word_1_134' title='bbox 77 1859 251 1953; x_wconf 50' lang='grc' dir='ltr'><strong>ράττετο</strong></span> <span class='ocrx_word' id='word_1_135' title='bbox 272 1901 286 1914; x_wconf 83' lang='lat'><strong><em>°</em></strong></span> <span class='ocrx_word' id='word_1_136' title='bbox 317 1886 418 1938; x_wconf 74' lang='grc' dir='ltr'><strong>καὶ</strong></span> <span class='ocrx_word' id='word_1_137' title='bbox 444 1859 627 1950; x_wconf 85' lang='grc' dir='ltr'><strong>τέλος</strong></span> <span class='ocrx_word' id='word_1_138' title='bbox 659 1887 788 1941; x_wconf 83' lang='grc' dir='ltr'><strong>τῶν</strong></span> <span class='ocrx_word' id='word_1_139' title='bbox 817 1859 982 1941; x_wconf 60' lang='grc' dir='ltr'><strong>ὀτῶᾁ</strong></span> <span class='ocrx_word' id='word_1_140' title='bbox 1011 1888 1354 1960; x_wconf 72' lang='grc' dir='ltr'><strong>ἀναρτηθεὶς,</strong></span> <span class='ocrx_word' id='word_1_141' title='bbox 1394 1891 1474 1953; x_wconf 85' lang='grc' dir='ltr'><strong>είς</strong></span> <span class='ocrx_word' id='word_1_142' title='bbox 1499 1889 1668 1961; x_wconf 80' lang='grc' dir='ltr'><strong>ὀργὴν</strong></span> <span class='ocrx_word' id='word_1_143' title='bbox 1701 1859 1741 1912; x_wconf 77' lang='grc' dir='ltr'>Β</span> 
     </span>
    </p>
   </div>
   <div class='ocr_carea' id='block_1_20' title="bbox 73 1976 1669 2048">
    <p class='ocr_par' dir='ltr' id='par_1_20' title="bbox 73 1976 1669 2048">
     <span class='ocr_line' id='line_1_20' title="bbox 73 1976 1669 2048; baseline 0.004 -22"><span class='ocrx_word' id='word_1_144' title='bbox 73 1977 295 2037; x_wconf 77' lang='grc' dir='ltr'><strong>ἐκπίπτει,</strong></span> <span class='ocrx_word' id='word_1_145' title='bbox 329 1977 430 2029; x_wconf 80' lang='grc' dir='ltr'><strong>καὶ</strong></span> <span class='ocrx_word' id='word_1_146' title='bbox 463 1976 581 2047; x_wconf 77' lang='grc' dir='ltr'><strong>τὴν</strong></span> <span class='ocrx_word' id='word_1_147' title='bbox 624 1979 696 2029; x_wconf 82' lang='grc' dir='ltr'><strong>ὲν</strong></span> <span class='ocrx_word' id='word_1_148' title='bbox 735 1977 1001 2041; x_wconf 87' lang='grc' dir='ltr'><strong>Γαλλίαις</strong></span> <span class='ocrx_word' id='word_1_149' title='bbox 1034 1979 1323 2048; x_wconf 76' lang='grc' dir='ltr'><strong>ὑπερορίαν</strong></span> <span class='ocrx_word' id='word_1_150' title='bbox 1344 1979 1438 2032; x_wconf 89' lang='grc' dir='ltr'><strong>τοῦ</strong></span> <span class='ocrx_word' id='word_1_151' title='bbox 1464 1979 1669 2032; x_wconf 83' lang='grc' dir='ltr'><strong>δικαίου</strong></span> 
     </span>
    </p>
   </div>
   <div class='ocr_carea' id='block_1_21' title="bbox 75 2064 1670 2140">
    <p class='ocr_par' dir='ltr' id='par_1_21' title="bbox 75 2064 1670 2140">
     <span class='ocr_line' id='line_1_21' title="bbox 75 2064 1670 2140; baseline 0.004 -24"><span class='ocrx_word' id='word_1_152' title='bbox 75 2065 496 2134; x_wconf 49' lang='grc' dir='ltr'><strong>καταῂφίζεται,</strong></span> <span class='ocrx_word' id='word_1_153' title='bbox 527 2066 808 2120; x_wconf 79' lang='grc' dir='ltr'><strong>ἐνταῦθα</strong></span> <span class='ocrx_word' id='word_1_154' title='bbox 850 2068 1007 2138; x_wconf 83' lang='grc' dir='ltr'><strong>μόνον</strong></span> <span class='ocrx_word' id='word_1_155' title='bbox 1039 2069 1133 2121; x_wconf 79' lang='grc' dir='ltr'><strong>καὶ</strong></span> <span class='ocrx_word' id='word_1_156' title='bbox 1157 2064 1288 2138; x_wconf 85' lang='grc' dir='ltr'><strong>ἦθος</strong></span> <span class='ocrx_word' id='word_1_157' title='bbox 1325 2070 1420 2122; x_wconf 75' lang='grc' dir='ltr'><strong>καὶ</strong></span> <span class='ocrx_word' id='word_1_158' title='bbox 1446 2068 1670 2140; x_wconf 82' lang='grc' dir='ltr'><strong>γνώμην</strong></span> 
     </span>
    </p>
   </div>
   <div class='ocr_carea' id='block_1_22' title="bbox 66 2156 1672 2230">
    <p class='ocr_par' dir='ltr' id='par_1_22' title="bbox 66 2156 1672 2230">
     <span class='ocr_line' id='line_1_22' title="bbox 66 2156 1672 2230; baseline 0.004 -23"><span class='ocrx_word' id='word_1_159' title='bbox 66 2156 360 2228; x_wconf 67' lang='grc' dir='ltr'><strong>διιτθαρεὶς,</strong></span> <span class='ocrx_word' id='word_1_160' title='bbox 395 2158 503 2211; x_wconf 76' lang='grc' dir='ltr'><strong>καὶ</strong></span> <span class='ocrx_word' id='word_1_161' title='bbox 551 2158 918 2229; x_wconf 82' lang='grc' dir='ltr'><strong>ἀμφοτέρας</strong></span> <span class='ocrx_word' id='word_1_162' title='bbox 963 2161 1071 2222; x_wconf 82' lang='grc' dir='ltr'><strong>τοῖς</strong></span> <span class='ocrx_word' id='word_1_163' title='bbox 1107 2159 1237 2230; x_wconf 71' lang='grc' dir='ltr'><strong>περὶ</strong></span> <span class='ocrx_word' id='word_1_164' title='bbox 1277 2161 1533 2213; x_wconf 81' lang='grc' dir='ltr'><strong>Εὐσέϐιον</strong></span> <span class='ocrx_word' id='word_1_165' title='bbox 1572 2161 1672 2224; x_wconf 86' lang='grc' dir='ltr'><strong>τὰς</strong></span> 
     </span>
    </p>
   </div>
   <div class='ocr_carea' id='block_1_23' title="bbox 71 2248 1673 2321">
    <p class='ocr_par' dir='ltr' id='par_1_23' title="bbox 71 2248 1673 2321">
     <span class='ocr_line' id='line_1_23' title="bbox 71 2248 1673 2321; baseline 0.004 -23"><span class='ocrx_word' id='word_1_166' title='bbox 71 2248 197 2308; x_wconf 70' lang='grc' dir='ltr'><strong>ἀκοὰς</strong></span> <span class='ocrx_word' id='word_1_167' title='bbox 219 2249 472 2311; x_wconf 83' lang='grc' dir='ltr'><strong>ὑπανείς.</strong></span> <span class='ocrx_word' id='word_1_168' title='bbox 502 2249 870 2302; x_wconf 82' lang='grc' dir='ltr'><strong>Κλέπτουσι</strong></span> <span class='ocrx_word' id='word_1_169' title='bbox 903 2249 1011 2321; x_wconf 76' lang='grc' dir='ltr'><strong>γὰρ</strong></span> <span class='ocrx_word' id='word_1_170' title='bbox 1050 2249 1128 2321; x_wconf 79' lang='grc' dir='ltr'><strong>τῷ</strong></span> <span class='ocrx_word' id='word_1_171' title='bbox 1155 2249 1288 2315; x_wconf 74' lang='grc' dir='ltr'><strong>ὄντι,</strong></span> <span class='ocrx_word' id='word_1_172' title='bbox 1317 2252 1410 2304; x_wconf 71' lang='grc' dir='ltr'><strong>καὶ</strong></span> <span class='ocrx_word' id='word_1_173' title='bbox 1440 2251 1673 2320; x_wconf 75' lang='grc' dir='ltr'><strong>διαφθεί-</strong></span> 
     </span>
    </p>
   </div>
   <div class='ocr_carea' id='block_1_24' title="bbox 72 2341 1670 2413">
    <p class='ocr_par' dir='ltr' id='par_1_24' title="bbox 72 2341 1670 2413">
     <span class='ocr_line' id='line_1_24' title="bbox 72 2341 1670 2413; baseline 0.002 -22"><span class='ocrx_word' id='word_1_174' title='bbox 72 2356 212 2408; x_wconf 60' lang='lat' dir='ltr'><strong>pausa;</strong></span> <span class='ocrx_word' id='word_1_175' title='bbox 232 2341 335 2411; x_wconf 69' lang='grc' dir='ltr'><strong>ἤθη</strong></span> <span class='ocrx_word' id='word_1_176' title='bbox 359 2341 633 2411; x_wconf 80' lang='grc' dir='ltr'><strong>χρηστὰ,</strong></span> <span class='ocrx_word' id='word_1_177' title='bbox 662 2341 830 2394; x_wconf 86' lang='grc' dir='ltr'><strong>κατά</strong></span> <span class='ocrx_word' id='word_1_178' title='bbox 857 2342 949 2393; x_wconf 78' lang='grc' dir='ltr'><strong>τὸν</strong></span> <span class='ocrx_word' id='word_1_179' title='bbox 972 2341 1189 2394; x_wconf 77' lang='grc' dir='ltr'><strong>εἰπόντα</strong></span> <span class='ocrx_word' id='word_1_180' title='bbox 1228 2343 1408 2411; x_wconf 75' lang='grc' dir='ltr'><strong>σοφὸν,</strong></span> <span class='ocrx_word' id='word_1_181' title='bbox 1461 2343 1670 2413; x_wconf 80' lang='grc' dir='ltr'><strong>ὁμιλίαι</strong></span> 
     </span>
    </p>
   </div>
   <div class='ocr_carea' id='block_1_25' title="bbox 71 2433 1668 2505">
    <p class='ocr_par' dir='ltr' id='par_1_25' title="bbox 71 2433 1668 2505">
     <span class='ocr_line' id='line_1_25' title="bbox 71 2433 1668 2505; baseline 0.001 -20"><span class='ocrx_word' id='word_1_182' title='bbox 71 2436 220 2486; x_wconf 66' lang='grc' dir='ltr'><strong>κακαί·</strong></span> <span class='ocrx_word' id='word_1_183' title='bbox 246 2436 503 2503; x_wconf 83' lang='grc' dir='ltr'><strong>καίτοιγε</strong></span> <span class='ocrx_word' id='word_1_184' title='bbox 541 2434 662 2505; x_wconf 76' lang='grc' dir='ltr'><strong>τὴν</strong></span> <span class='ocrx_word' id='word_1_185' title='bbox 697 2435 911 2504; x_wconf 76' lang='grc' dir='ltr'><strong>ἑτέραν</strong></span> <span class='ocrx_word' id='word_1_186' title='bbox 929 2434 1188 2502; x_wconf 84' lang='grc' dir='ltr'><strong>ἀκεραίαν</strong></span> <span class='ocrx_word' id='word_1_187' title='bbox 1213 2434 1298 2486; x_wconf 72' lang='grc' dir='ltr'><strong>ἀεὶ</strong></span> <span class='ocrx_word' id='word_1_188' title='bbox 1326 2433 1403 2504; x_wconf 80' lang='grc' dir='ltr'><strong>τῷ</strong></span> <span class='ocrx_word' id='word_1_189' title='bbox 1433 2451 1668 2503; x_wconf 80' lang='grc' dir='ltr'><strong>κατηγο-</strong></span> 
     </span>
    </p>
   </div>
   <div class='ocr_carea' id='block_1_26' title="bbox 72 2523 1672 2596">
    <p class='ocr_par' dir='ltr' id='par_1_26' title="bbox 72 2523 1672 2596">
     <span class='ocr_line' id='line_1_26' title="bbox 72 2523 1672 2596; baseline 0.001 -20"><span class='ocrx_word' id='word_1_190' title='bbox 72 2526 268 2595; x_wconf 50' lang='grc' dir='ltr'><strong>ρσδμνῳ</strong></span> <span class='ocrx_word' id='word_1_191' title='bbox 307 2526 637 2595; x_wconf 74' lang='grc' dir='ltr'><strong>φυλάττων</strong></span> <span class='ocrx_word' id='word_1_192' title='bbox 668 2542 684 2556; x_wconf 74' lang='grc' dir='ltr'><strong><em>ο</em></strong></span> <span class='ocrx_word' id='word_1_193' title='bbox 727 2525 879 2595; x_wconf 81' lang='grc' dir='ltr'><strong>ὅπερ</strong></span> <span class='ocrx_word' id='word_1_194' title='bbox 910 2525 1068 2576; x_wconf 80' lang='grc' dir='ltr'><strong>οἱονεί</strong></span> <span class='ocrx_word' id='word_1_195' title='bbox 1101 2523 1172 2593; x_wconf 65' lang='grc' dir='ltr'><strong>(ν)</strong></span> <span class='ocrx_word' id='word_1_196' title='bbox 1211 2541 1294 2587; x_wconf 90' lang='grc' dir='ltr'><strong>τις</strong></span> <span class='ocrx_word' id='word_1_197' title='bbox 1323 2525 1470 2594; x_wconf 84' lang='grc' dir='ltr'><strong>αύτῷ</strong></span> <span class='ocrx_word' id='word_1_198' title='bbox 1518 2528 1672 2596; x_wconf 76' lang='grc' dir='ltr'><strong>ῥυτὶς</strong></span> 
     </span>
    </p>
   </div>
   <div class='ocr_carea' id='block_1_27' title="bbox 67 2615 1672 2687">
    <p class='ocr_par' dir='ltr' id='par_1_27' title="bbox 67 2615 1672 2687">
     <span class='ocr_line' id='line_1_27' title="bbox 67 2615 1672 2687; baseline 0.002 -22"><span class='ocrx_word' id='word_1_199' title='bbox 67 2618 236 2682; x_wconf 77' lang='grc' dir='ltr'><strong>ἐγένετο</strong></span> <span class='ocrx_word' id='word_1_200' title='bbox 258 2621 354 2671; x_wconf 68' lang='grc' dir='ltr'><strong>καὶ</strong></span> <span class='ocrx_word' id='word_1_201' title='bbox 378 2619 627 2681; x_wconf 81' lang='grc' dir='ltr'><strong>σπῖλος,</strong></span> <span class='ocrx_word' id='word_1_202' title='bbox 672 2618 941 2687; x_wconf 78' lang='grc' dir='ltr'><strong>ἄρῤυπον</strong></span> <span class='ocrx_word' id='word_1_203' title='bbox 967 2617 1177 2679; x_wconf 81' lang='grc' dir='ltr'><strong>ἑαυτὸν,</strong></span> <span class='ocrx_word' id='word_1_204' title='bbox 1211 2615 1280 2668; x_wconf 86' lang='grc' dir='ltr'><strong>τά</strong></span> <span class='ocrx_word' id='word_1_205' title='bbox 1307 2633 1368 2684; x_wconf 92' lang='grc' dir='ltr'><strong>γε</strong></span> <span class='ocrx_word' id='word_1_206' title='bbox 1402 2616 1536 2668; x_wconf 80' lang='grc' dir='ltr'><strong>ἄλλα</strong></span> <span class='ocrx_word' id='word_1_207' title='bbox 1577 2618 1672 2669; x_wconf 79' lang='grc' dir='ltr'><strong>καὶ</strong></span> 
     </span>
    </p>
   </div>
   <div class='ocr_carea' id='block_1_28' title="bbox 68 2706 1671 2781">
    <p class='ocr_par' dir='ltr' id='par_1_28' title="bbox 68 2706 1671 2781">
     <span class='ocr_line' id='line_1_28' title="bbox 68 2706 1671 2781; baseline -0.001 -21"><span class='ocrx_word' id='word_1_208' title='bbox 68 2709 255 2780; x_wconf 48' lang='lat' dir='ltr'><strong>uia?»</strong></span> <span class='ocrx_word' id='word_1_209' title='bbox 276 2727 452 2781; x_wconf 74' lang='grc' dir='ltr'><strong>συντη</strong></span> <span class='ocrx_word' id='word_1_210' title='bbox 463 2711 543 2781; x_wconf 82' lang='grc' dir='ltr'><strong>ρή</strong></span> <span class='ocrx_word' id='word_1_211' title='bbox 554 2726 767 2763; x_wconf 85' lang='grc' dir='ltr'><strong>σαντι.</strong></span> <span class='ocrx_word' id='word_1_212' title='bbox 785 2709 912 2761; x_wconf 73' lang='grc' dir='ltr'><strong>Εἰσὶ</strong></span> <span class='ocrx_word' id='word_1_213' title='bbox 937 2708 991 2760; x_wconf 81' lang='grc' dir='ltr'><strong>δὲ</strong></span> <span class='ocrx_word' id='word_1_214' title='bbox 1016 2707 1262 2776; x_wconf 77' lang='grc' dir='ltr'><strong>οἴφασιν,</strong></span> <span class='ocrx_word' id='word_1_215' title='bbox 1286 2706 1671 2779; x_wconf 83' lang='grc' dir='ltr'><strong>ἀκριϐέστερον</strong></span> 
     </span>
    </p>
   </div>
   <div class='ocr_carea' id='block_1_29' title="bbox 66 2799 1672 2871">
    <p class='ocr_par' dir='ltr' id='par_1_29' title="bbox 66 2799 1672 2871">
     <span class='ocr_line' id='line_1_29' title="bbox 66 2799 1672 2871; baseline 0 -21"><span class='ocrx_word' id='word_1_216' title='bbox 66 2802 130 2851; x_wconf 71' lang='grc' dir='ltr'><strong>καὶ</strong></span> <span class='ocrx_word' id='word_1_217' title='bbox 144 2801 327 2854; x_wconf 72' lang='grc' dir='ltr'><strong>σκοποῦ</strong></span> <span class='ocrx_word' id='word_1_218' title='bbox 345 2803 504 2871; x_wconf 85' lang='grc' dir='ltr'><strong>τάχα</strong></span> <span class='ocrx_word' id='word_1_219' title='bbox 532 2801 652 2854; x_wconf 72' lang='grc' dir='ltr'><strong>καὶ</strong></span> <span class='ocrx_word' id='word_1_220' title='bbox 671 2800 929 2871; x_wconf 87' lang='grc' dir='ltr'><strong>κρίσεως</strong></span> <span class='ocrx_word' id='word_1_221' title='bbox 949 2799 1201 2869; x_wconf 74' lang='grc' dir='ltr'><strong>λογισμὸν</strong></span> <span class='ocrx_word' id='word_1_222' title='bbox 1219 2800 1447 2870; x_wconf 72' lang='grc' dir='ltr'><strong>ἔχοντες,</strong></span> <span class='ocrx_word' id='word_1_223' title='bbox 1463 2800 1538 2861; x_wconf 87' lang='grc' dir='ltr'><strong>ὡς</strong></span> <span class='ocrx_word' id='word_1_224' title='bbox 1553 2799 1672 2852; x_wconf 81' lang='grc' dir='ltr'><strong>οὐδὲ</strong></span> 
     </span>
    </p>
   </div>
   <div class='ocr_carea' id='block_1_30' title="bbox 67 2889 1670 2963">
    <p class='ocr_par' dir='ltr' id='par_1_30' title="bbox 67 2889 1670 2963">
     <span class='ocr_line' id='line_1_30' title="bbox 67 2889 1670 2963; baseline -0.001 -19"><span class='ocrx_word' id='word_1_225' title='bbox 67 2893 361 2961; x_wconf 68' lang='grc' dir='ltr'><strong>καταγνώσει</strong></span> <span class='ocrx_word' id='word_1_226' title='bbox 405 2895 530 2946; x_wconf 70' lang='grc' dir='ltr'><strong>τινὶ</strong></span> <span class='ocrx_word' id='word_1_227' title='bbox 575 2896 662 2963; x_wconf 81' lang='grc' dir='ltr'><strong>τῇ</strong></span> <span class='ocrx_word' id='word_1_228' title='bbox 704 2892 859 2961; x_wconf 84' lang='grc' dir='ltr'><strong>πρὸς</strong></span> <span class='ocrx_word' id='word_1_229' title='bbox 906 2891 1220 2945; x_wconf 80' lang='grc' dir='ltr'><strong>Ἀθανάσιον</strong></span> <span class='ocrx_word' id='word_1_230' title='bbox 1268 2892 1471 2961; x_wconf 84' lang='grc' dir='ltr'><strong>ταύτην</strong></span> <span class='ocrx_word' id='word_1_231' title='bbox 1505 2889 1670 2946; x_wconf 77' lang='grc' dir='ltr'><strong>αὑτοῦ</strong></span> 
     </span>
    </p>
   </div>
   <div class='ocr_carea' id='block_1_31' title="bbox 65 2981 1670 3058">
    <p class='ocr_par' dir='ltr' id='par_1_31' title="bbox 65 2981 1670 3058">
     <span class='ocr_line' id='line_1_31' title="bbox 65 2981 1670 3058; baseline -0.001 -23"><span class='ocrx_word' id='word_1_232' title='bbox 65 2986 302 3058; x_wconf 68' lang='grc' dir='ltr'><strong>Πτέκρινε</strong></span> <span class='ocrx_word' id='word_1_233' title='bbox 322 2987 426 3056; x_wconf 77' lang='grc' dir='ltr'><strong>τὴν</strong></span> <span class='ocrx_word' id='word_1_234' title='bbox 451 2985 830 3055; x_wconf 81' lang='grc' dir='ltr'><strong>ὑπερορίαν,</strong></span> <span class='ocrx_word' id='word_1_235' title='bbox 850 2983 966 3035; x_wconf 83' lang='grc' dir='ltr'><strong>ἀλλ’</strong></span> <span class='ocrx_word' id='word_1_236' title='bbox 989 2982 1175 3036; x_wconf 83' lang='grc' dir='ltr'><strong>ὲνώσει</strong></span> <span class='ocrx_word' id='word_1_237' title='bbox 1197 2983 1306 3036; x_wconf 78' lang='grc' dir='ltr'><strong>τῶν</strong></span> <span class='ocrx_word' id='word_1_238' title='bbox 1335 2981 1670 3052; x_wconf 81' lang='grc' dir='ltr'><strong>Ἐκκλησιῶν</strong></span> 
     </span>
    </p>
   </div>
   <div class='ocr_carea' id='block_1_32' title="bbox 65 3075 1670 3149">
    <p class='ocr_par' dir='ltr' id='par_1_32' title="bbox 65 3075 1670 3149">
     <span class='ocr_line' id='line_1_32' title="bbox 65 3075 1670 3149; baseline 0 -19"><span class='ocrx_word' id='word_1_239' title='bbox 65 3078 222 3143; x_wconf 59' lang='grc' dir='ltr'><strong>μῑλάω</strong></span> <span class='ocrx_word' id='word_1_240' title='bbox 265 3080 362 3131; x_wconf 74' lang='grc' dir='ltr'><strong>καὶ</strong></span> <span class='ocrx_word' id='word_1_241' title='bbox 415 3077 787 3148; x_wconf 72' lang='grc' dir='ltr'><strong>συμφωνίᾳ,</strong></span> <span class='ocrx_word' id='word_1_242' title='bbox 825 3075 971 3128; x_wconf 80' lang='grc' dir='ltr'><strong>ὥστε</strong></span> <span class='ocrx_word' id='word_1_243' title='bbox 997 3078 1343 3131; x_wconf 82' lang='grc' dir='ltr'><strong>καταστεῖλαι</strong></span> <span class='ocrx_word' id='word_1_244' title='bbox 1380 3077 1478 3148; x_wconf 80' lang='grc' dir='ltr'><strong>τὴν</strong></span> <span class='ocrx_word' id='word_1_245' title='bbox 1505 3079 1670 3149; x_wconf 78' lang='grc' dir='ltr'><strong>ζάλην</strong></span> 
     </span>
    </p>
   </div>
   <div class='ocr_carea' id='block_1_33' title="bbox 65 3163 1670 3238">
    <p class='ocr_par' dir='ltr' id='par_1_33' title="bbox 65 3163 1670 3238">
     <span class='ocr_line' id='line_1_33' title="bbox 65 3163 1670 3238; baseline 0.002 -22"><span class='ocrx_word' id='word_1_246' title='bbox 65 3168 227 3230; x_wconf 62' lang='grc' dir='ltr'><strong>αὑταῖς,</strong></span> <span class='ocrx_word' id='word_1_247' title='bbox 257 3169 354 3222; x_wconf 68' lang='grc' dir='ltr'><strong>καὶ</strong></span> <span class='ocrx_word' id='word_1_248' title='bbox 392 3169 693 3238; x_wconf 82' lang='grc' dir='ltr'><strong>κοιμίσαι</strong></span> <span class='ocrx_word' id='word_1_249' title='bbox 732 3165 833 3218; x_wconf 83' lang='grc' dir='ltr'><strong>τὸν</strong></span> <span class='ocrx_word' id='word_1_250' title='bbox 853 3163 1095 3235; x_wconf 89' lang='grc' dir='ltr'><strong>θόρυϐον.</strong></span> <span class='ocrx_word' id='word_1_251' title='bbox 1124 3166 1336 3237; x_wconf 80' lang='grc' dir='ltr'><strong>Ἐπειδὴ</strong></span> <span class='ocrx_word' id='word_1_252' title='bbox 1353 3166 1461 3238; x_wconf 91' lang='grc' dir='ltr'><strong>γάρ</strong></span> <span class='ocrx_word' id='word_1_253' title='bbox 1482 3167 1670 3231; x_wconf 83' lang='grc' dir='ltr'><strong>στάσις</strong></span> 
     </span>
    </p>
   </div>
   <div class='ocr_carea' id='block_1_34' title="bbox 62 3251 1666 3330">
    <p class='ocr_par' dir='ltr' id='par_1_34' title="bbox 62 3251 1666 3330">
     <span class='ocr_line' id='line_1_34' title="bbox 62 3251 1666 3330; baseline 0.002 -23"><span class='ocrx_word' id='word_1_254' title='bbox 62 3258 183 3327; x_wconf 64' lang='lat' dir='ltr'><strong>oili;</strong></span> <span class='ocrx_word' id='word_1_255' title='bbox 219 3259 473 3328; x_wconf 78' lang='grc' dir='ltr'><strong>τυχοῦσα</strong></span> <span class='ocrx_word' id='word_1_256' title='bbox 502 3260 629 3330; x_wconf 73' lang='grc' dir='ltr'><strong>τήν</strong></span> <span class='ocrx_word' id='word_1_257' title='bbox 667 3274 736 3310; x_wconf 86' lang='grc' dir='ltr'><strong>τε</strong></span> <span class='ocrx_word' id='word_1_258' title='bbox 782 3255 1200 3327; x_wconf 84' lang='grc' dir='ltr'><strong>Ἀλεξανδρέων,</strong></span> <span class='ocrx_word' id='word_1_259' title='bbox 1236 3256 1408 3328; x_wconf 81' lang='grc' dir='ltr'><strong>ὁπόση</strong></span> <span class='ocrx_word' id='word_1_260' title='bbox 1435 3251 1534 3328; x_wconf 78' lang='grc' dir='ltr'><strong>ἦν,</strong></span> <span class='ocrx_word' id='word_1_261' title='bbox 1571 3258 1666 3311; x_wconf 73' lang='grc' dir='ltr'><strong>καὶ</strong></span> 
     </span>
    </p>
   </div>
   <div class='ocr_carea' id='block_1_35' title="bbox 60 3347 1668 3418">
    <p class='ocr_par' dir='ltr' id='par_1_35' title="bbox 60 3347 1668 3418">
     <span class='ocr_line' id='line_1_35' title="bbox 60 3347 1668 3418; baseline 0.003 -20"><span class='ocrx_word' id='word_1_262' title='bbox 60 3351 129 3416; x_wconf 71' lang='grc' dir='ltr'><strong>τῆς</strong></span> <span class='ocrx_word' id='word_1_263' title='bbox 159 3352 438 3418; x_wconf 68' lang='grc' dir='ltr'><strong>Αἰγύπτου</strong></span> <span class='ocrx_word' id='word_1_264' title='bbox 486 3352 557 3404; x_wconf 82' lang='grc' dir='ltr'><strong>δὲ</strong></span> <span class='ocrx_word' id='word_1_265' title='bbox 600 3347 950 3418; x_wconf 77' lang='grc' dir='ltr'><strong>κατειλήφει</strong></span> <span class='ocrx_word' id='word_1_266' title='bbox 991 3348 1060 3400; x_wconf 87' lang='grc' dir='ltr'><strong>τά</strong></span> <span class='ocrx_word' id='word_1_267' title='bbox 1099 3348 1287 3413; x_wconf 82' lang='grc' dir='ltr'><strong>πλείω,</strong></span> <span class='ocrx_word' id='word_1_268' title='bbox 1335 3351 1668 3403; x_wconf 83' lang='grc' dir='ltr'><strong>κατάστασιν</strong></span> 
     </span>
    </p>
   </div>
   <div class='ocr_carea' id='block_1_36' title="bbox 64 3435 1668 3510">
    <p class='ocr_par' dir='ltr' id='par_1_36' title="bbox 64 3435 1668 3510">
     <span class='ocr_line' id='line_1_36' title="bbox 64 3435 1668 3510; baseline 0.002 -23"><span class='ocrx_word' id='word_1_269' title='bbox 241 3444 358 3502; x_wconf 84' lang='grc' dir='ltr'><strong>τοῖς</strong></span> <span class='ocrx_word' id='word_1_270' title='bbox 393 3440 745 3510; x_wconf 82' lang='grc' dir='ltr'><strong>πράγμασι</strong></span> <span class='ocrx_word' id='word_1_271' title='bbox 816 3435 1204 3506; x_wconf 67' lang='grc' dir='ltr'><strong>μηχανώμενος</strong></span> <span class='ocrx_word' id='word_1_272' title='bbox 1222 3477 1236 3501; x_wconf 93' lang='grc'><strong>,</strong></span> <span class='ocrx_word' id='word_1_273' title='bbox 1260 3437 1500 3490; x_wconf 81' lang='grc' dir='ltr'><strong>ἐκποδὼν</strong></span> <span class='ocrx_word' id='word_1_274' title='bbox 1526 3437 1668 3506; x_wconf 77' lang='grc' dir='ltr'><strong>ἔγνω</strong></span> 
     </span>
    </p>
   </div>
   <div class='ocr_carea' id='block_1_37' title="bbox 60 3525 1668 3602">
    <p class='ocr_par' dir='ltr' id='par_1_37' title="bbox 60 3525 1668 3602">
     <span class='ocr_line' id='line_1_37' title="bbox 60 3525 1668 3602; baseline 0.005 -27"><span class='ocrx_word' id='word_1_275' title='bbox 60 3530 101 3581; x_wconf 68' lang='grc' dir='ltr'><strong>τό</strong></span> <span class='ocrx_word' id='word_1_276' title='bbox 133 3549 187 3597; x_wconf 69' lang='grc' dir='ltr'><strong>τε</strong></span> <span class='ocrx_word' id='word_1_277' title='bbox 229 3532 326 3584; x_wconf 74' lang='grc' dir='ltr'><strong>νῦν</strong></span> <span class='ocrx_word' id='word_1_278' title='bbox 364 3533 507 3602; x_wconf 79' lang='grc' dir='ltr'><strong>ἕχον</strong></span> <span class='ocrx_word' id='word_1_279' title='bbox 548 3526 920 3600; x_wconf 79' lang='grc' dir='ltr'><strong>ποιήσασθαι</strong></span> <span class='ocrx_word' id='word_1_280' title='bbox 963 3525 1296 3582; x_wconf 85' lang='grc' dir='ltr'><strong>Ἀθανάσιον.</strong></span> <span class='ocrx_word' id='word_1_281' title='bbox 1329 3529 1514 3600; x_wconf 83' lang='grc' dir='ltr'><strong>Ταύτῃ</strong></span> <span class='ocrx_word' id='word_1_282' title='bbox 1558 3529 1668 3599; x_wconf 82' lang='grc' dir='ltr'><strong>γὰρ</strong></span> 
     </span>
    </p>
   </div>
   <div class='ocr_carea' id='block_1_38' title="bbox 60 3617 1670 3690">
    <p class='ocr_par' dir='ltr' id='par_1_38' title="bbox 60 3617 1670 3690">
     <span class='ocr_line' id='line_1_38' title="bbox 60 3617 1670 3690; baseline 0.011 -31"><span class='ocrx_word' id='word_1_283' title='bbox 60 3623 130 3682; x_wconf 56' lang='grc' dir='ltr'>τὰς</span> <span class='ocrx_word' id='word_1_284' title='bbox 155 3623 252 3675; x_wconf 66' lang='grc' dir='ltr'><strong>τῶν</strong></span> <span class='ocrx_word' id='word_1_285' title='bbox 290 3624 487 3677; x_wconf 72' lang='grc' dir='ltr'><strong>ἀλλων</strong></span> <span class='ocrx_word' id='word_1_286' title='bbox 531 3618 894 3674; x_wconf 76' lang='grc' dir='ltr'><strong>ἐπισκόπων</strong></span> <span class='ocrx_word' id='word_1_287' title='bbox 927 3617 1257 3688; x_wconf 85' lang='grc' dir='ltr'><strong>θεραπεῦσαι</strong></span> <span class='ocrx_word' id='word_1_288' title='bbox 1286 3618 1529 3690; x_wconf 86' lang='grc' dir='ltr'><strong>γνώμας,</strong></span> <span class='ocrx_word' id='word_1_289' title='bbox 1577 3624 1670 3676; x_wconf 71' lang='grc' dir='ltr'><strong>καὶ</strong></span> 
     </span>
    </p>
   </div>
   <div class='ocr_carea' id='block_1_39' title="bbox 1785 614 3348 695">
    <p class='ocr_par' dir='ltr' id='par_1_39' title="bbox 1785 614 3348 695">
     <span class='ocr_line' id='line_1_39' title="bbox 1785 614 3348 695; baseline 0.009 -28"><span class='ocrx_word' id='word_1_290' title='bbox 1785 614 2114 668; x_wconf 82' lang='lat' dir='ltr'><strong>confractum</strong></span> <span class='ocrx_word' id='word_1_291' title='bbox 2147 617 2199 670; x_wconf 94' lang='lat' dir='ltr'><strong>in</strong></span> <span class='ocrx_word' id='word_1_292' title='bbox 2234 617 2626 672; x_wconf 75' lang='lat' dir='ltr'><strong>minutissimas</strong></span> <span class='ocrx_word' id='word_1_293' title='bbox 2646 629 2826 687; x_wconf 89' lang='lat' dir='ltr'><strong>partes</strong></span> <span class='ocrx_word' id='word_1_294' title='bbox 2863 623 3163 692; x_wconf 78' lang='lat' dir='ltr'><strong>redegerit;</strong></span> <span class='ocrx_word' id='word_1_295' title='bbox 3188 642 3348 695; x_wconf 86' lang='lat' dir='ltr'><strong>quam</strong></span> 
     </span>
    </p>
   </div>
   <div class='ocr_carea' id='block_1_40' title="bbox 1781 705 3347 784">
    <p class='ocr_par' dir='ltr' id='par_1_40' title="bbox 1781 705 3347 784">
     <span class='ocr_line' id='line_1_40' title="bbox 1781 705 3347 784; baseline 0.013 -31"><span class='ocrx_word' id='word_1_296' title='bbox 1781 705 1923 772; x_wconf 88' lang='lat' dir='ltr'><strong>quod</strong></span> <span class='ocrx_word' id='word_1_297' title='bbox 1975 707 2329 762; x_wconf 74' lang='lat' dir='ltr'><strong>camminatus</strong></span> <span class='ocrx_word' id='word_1_298' title='bbox 2384 709 2479 775; x_wconf 91' lang='lat' dir='ltr'><strong>sit,</strong></span> <span class='ocrx_word' id='word_1_299' title='bbox 2532 724 2589 764; x_wconf 91' lang='lat' dir='ltr'><strong>se</strong></span> <span class='ocrx_word' id='word_1_300' title='bbox 2645 709 2900 766; x_wconf 78' lang='lat' dir='ltr'><strong>frumenti</strong></span> <span class='ocrx_word' id='word_1_301' title='bbox 2962 728 3347 784; x_wconf 88' lang='lat' dir='ltr'><strong>commeatum,</strong></span> 
     </span>
    </p>
   </div>
   <div class='ocr_carea' id='block_1_41' title="bbox 1784 794 3346 878">
    <p class='ocr_par' dir='ltr' id='par_1_41' title="bbox 1784 794 3346 878">
     <span class='ocr_line' id='line_1_41' title="bbox 1784 794 3346 878; baseline 0.01 -31"><span class='ocrx_word' id='word_1_302' title='bbox 1784 794 2106 851; x_wconf 74' lang='lat' dir='ltr'><strong>Alexandria</strong></span> <span class='ocrx_word' id='word_1_303' title='bbox 2149 799 2200 852; x_wconf 92' lang='lat' dir='ltr'><strong>in</strong></span> <span class='ocrx_word' id='word_1_304' title='bbox 2236 800 2422 854; x_wconf 87' lang='lat' dir='ltr'><strong>urbem</strong></span> <span class='ocrx_word' id='word_1_305' title='bbox 2446 803 2731 856; x_wconf 79' lang='lat' dir='ltr'><strong>transmitti</strong></span> <span class='ocrx_word' id='word_1_306' title='bbox 2751 803 2965 859; x_wconf 91' lang='lat' dir='ltr'><strong>solitum</strong></span> <span class='ocrx_word' id='word_1_307' title='bbox 2996 809 3346 878; x_wconf 91' lang='lat' dir='ltr'><strong>seimpeditu-</strong></span> 
     </span>
    </p>
   </div>
   <div class='ocr_carea' id='block_1_42' title="bbox 1778 889 3352 967">
    <p class='ocr_par' dir='ltr' id='par_1_42' title="bbox 1778 889 3352 967">
     <span class='ocr_line' id='line_1_42' title="bbox 1778 889 3352 967; baseline 0.01 -29"><span class='ocrx_word' id='word_1_308' title='bbox 1778 901 1896 939; x_wconf 92' lang='lat' dir='ltr'><strong>rum</strong></span> <span class='ocrx_word' id='word_1_309' title='bbox 1927 905 1941 951; x_wconf 89' lang='lat'><strong>;</strong></span> <span class='ocrx_word' id='word_1_310' title='bbox 1969 889 2083 942; x_wconf 72' lang='lat' dir='ltr'><strong>hazc</strong></span> <span class='ocrx_word' id='word_1_311' title='bbox 2116 889 2351 944; x_wconf 87' lang='lat' dir='ltr'><strong>dolorem</strong></span> <span class='ocrx_word' id='word_1_312' title='bbox 2377 891 2599 958; x_wconf 78' lang='lat' dir='ltr'><strong>faciunt,</strong></span> <span class='ocrx_word' id='word_1_313' title='bbox 2625 893 2740 948; x_wconf 80' lang='lat' dir='ltr'><strong>htec</strong></span> <span class='ocrx_word' id='word_1_314' title='bbox 2768 895 3033 960; x_wconf 77' lang='lat' dir='ltr'><strong>mordent,</strong></span> <span class='ocrx_word' id='word_1_315' title='bbox 3062 898 3175 951; x_wconf 70' lang='lat' dir='ltr'><strong>hare</strong></span> <span class='ocrx_word' id='word_1_316' title='bbox 3199 899 3352 967; x_wconf 83' lang='lat' dir='ltr'><strong>cujus</strong></span> 
     </span>
    </p>
   </div>
   <div class='ocr_carea' id='block_1_43' title="bbox 1778 979 3348 1044">
    <p class='ocr_par' dir='ltr' id='par_1_43' title="bbox 1778 979 3348 1044">
     <span class='ocr_line' id='line_1_43' title="bbox 1778 979 3348 1044; baseline 0.008 -15"><span class='ocrx_word' id='word_1_317' title='bbox 1778 979 2015 1034; x_wconf 88' lang='lat' dir='ltr'><strong>animum</strong></span> <span class='ocrx_word' id='word_1_318' title='bbox 2048 980 2132 1036; x_wconf 84' lang='lat' dir='ltr'><strong>vel</strong></span> <span class='ocrx_word' id='word_1_319' title='bbox 2181 983 2584 1038; x_wconf 89' lang='lat' dir='ltr'><strong>adamantinum</strong></span> <span class='ocrx_word' id='word_1_320' title='bbox 2633 1000 2737 1040; x_wconf 93' lang='lat' dir='ltr'><strong>non</strong></span> <span class='ocrx_word' id='word_1_321' title='bbox 2789 999 3042 1042; x_wconf 84' lang='lat' dir='ltr'><strong>moveant</strong></span> <span class='ocrx_word' id='word_1_322' title='bbox 3084 988 3108 1042; x_wconf 67' lang='grc' dir='ltr'><em>ἲ</em></span> <span class='ocrx_word' id='word_1_323' title='bbox 3145 989 3348 1044; x_wconf 89' lang='lat' dir='ltr'><strong>llorum</strong></span> 
     </span>
    </p>
   </div>
   <div class='ocr_carea' id='block_1_44' title="bbox 1778 1071 3350 1142">
    <p class='ocr_par' dir='ltr' id='par_1_44' title="bbox 1778 1071 3350 1142">
     <span class='ocr_line' id='line_1_44' title="bbox 1778 1071 3350 1142; baseline 0.008 -22"><span class='ocrx_word' id='word_1_324' title='bbox 1778 1075 1944 1122; x_wconf 84' lang='lat' dir='ltr'><strong>testes</strong></span> <span class='ocrx_word' id='word_1_325' title='bbox 1979 1078 2107 1124; x_wconf 90' lang='lat' dir='ltr'><strong>sunt</strong></span> <span class='ocrx_word' id='word_1_326' title='bbox 2133 1071 2522 1128; x_wconf 89' lang='lat' dir='ltr'><strong>Adamantiuus</strong></span> <span class='ocrx_word' id='word_1_327' title='bbox 2546 1115 2560 1136; x_wconf 85' lang='grc'><strong>,</strong></span> <span class='ocrx_word' id='word_1_328' title='bbox 2590 1073 2862 1142; x_wconf 89' lang='lat' dir='ltr'><strong>Anubion,</strong></span> <span class='ocrx_word' id='word_1_329' title='bbox 2910 1076 3210 1132; x_wconf 83' lang='lat' dir='ltr'><strong>Arbethion</strong></span> <span class='ocrx_word' id='word_1_330' title='bbox 3232 1117 3246 1142; x_wconf 92' lang='lat'><strong>,</strong></span> <span class='ocrx_word' id='word_1_331' title='bbox 3299 1087 3350 1132; x_wconf 89' lang='lat' dir='ltr'><strong>et</strong></span> 
     </span>
    </p>
   </div>
   <div class='ocr_carea' id='block_1_45' title="bbox 1775 1158 3350 1240">
    <p class='ocr_par' dir='ltr' id='par_1_45' title="bbox 1775 1158 3350 1240">
     <span class='ocr_line' id='line_1_45' title="bbox 1775 1158 3350 1240; baseline 0.008 -28"><span class='ocrx_word' id='word_1_332' title='bbox 1775 1158 1968 1215; x_wconf 82' lang='lat' dir='ltr'><strong>Petrus</strong></span> <span class='ocrx_word' id='word_1_333' title='bbox 1985 1161 2221 1232; x_wconf 85' lang='lat' dir='ltr'><strong>episcopi</strong></span> <span class='ocrx_word' id='word_1_334' title='bbox 2245 1179 2259 1217; x_wconf 89' lang='lat'>:</span> <span class='ocrx_word' id='word_1_335' title='bbox 2279 1177 2308 1216; x_wconf 89' lang='lat' dir='ltr'><strong>a</strong></span> <span class='ocrx_word' id='word_1_336' title='bbox 2325 1164 2520 1232; x_wconf 88' lang='lat' dir='ltr'><strong>quibus</strong></span> <span class='ocrx_word' id='word_1_337' title='bbox 2535 1167 2796 1223; x_wconf 87' lang='lat' dir='ltr'><strong>horumce</strong></span> <span class='ocrx_word' id='word_1_338' title='bbox 2812 1169 3054 1222; x_wconf 90' lang='lat' dir='ltr'><strong>omnium</strong></span> <span class='ocrx_word' id='word_1_339' title='bbox 3073 1181 3350 1240; x_wconf 78' lang='lat' dir='ltr'><strong>gestorum</strong></span> 
     </span>
    </p>
   </div>
   <div class='ocr_carea' id='block_1_46' title="bbox 1776 1257 3347 1333">
    <p class='ocr_par' dir='ltr' id='par_1_46' title="bbox 1776 1257 3347 1333">
     <span class='ocr_line' id='line_1_46' title="bbox 1776 1257 3347 1333; baseline 0.004 -21"><span class='ocrx_word' id='word_1_340' title='bbox 1776 1257 2082 1322; x_wconf 86' lang='lat' dir='ltr'><strong>convictus,</strong></span> <span class='ocrx_word' id='word_1_341' title='bbox 2105 1257 2423 1328; x_wconf 78' lang='lat' dir='ltr'><strong>supplicium</strong></span> <span class='ocrx_word' id='word_1_342' title='bbox 2456 1260 2669 1328; x_wconf 90' lang='lat' dir='ltr'><strong>quidem</strong></span> <span class='ocrx_word' id='word_1_343' title='bbox 2699 1261 2907 1333; x_wconf 77' lang='lat' dir='ltr'><strong>eiiugit,</strong></span> <span class='ocrx_word' id='word_1_344' title='bbox 2952 1265 3347 1321; x_wconf 80' lang='lat' dir='ltr'><strong>abdicationem</strong></span> 
     </span>
    </p>
   </div>
   <div class='ocr_carea' id='block_1_47' title="bbox 1777 1348 3347 1428">
    <p class='ocr_par' dir='ltr' id='par_1_47' title="bbox 1777 1348 3347 1428">
     <span class='ocr_line' id='line_1_47' title="bbox 1777 1348 3347 1428; baseline 0.005 -24"><span class='ocrx_word' id='word_1_345' title='bbox 1777 1358 1954 1404; x_wconf 88' lang='lat' dir='ltr'><strong>tamen</strong></span> <span class='ocrx_word' id='word_1_346' title='bbox 1979 1348 2213 1418; x_wconf 78' lang='lat' dir='ltr'><strong>eﬂ&#39;ugere</strong></span> <span class='ocrx_word' id='word_1_347' title='bbox 2239 1364 2342 1404; x_wconf 91' lang='lat' dir='ltr'><strong>non</strong></span> <span class='ocrx_word' id='word_1_348' title='bbox 2370 1351 2572 1418; x_wconf 91' lang='lat' dir='ltr'><strong>valuit;</strong></span> <span class='ocrx_word' id='word_1_349' title='bbox 2622 1353 2716 1408; x_wconf 91' lang='lat' dir='ltr'><strong>sed</strong></span> <span class='ocrx_word' id='word_1_350' title='bbox 2740 1355 2807 1408; x_wconf 88' lang='lat' dir='ltr'><strong>ab</strong></span> <span class='ocrx_word' id='word_1_351' title='bbox 2834 1355 3082 1411; x_wconf 86' lang='lat' dir='ltr'><strong>universa</strong></span> <span class='ocrx_word' id='word_1_352' title='bbox 3118 1361 3347 1428; x_wconf 82' lang='lat' dir='ltr'><strong>synodo,</strong></span> 
     </span>
    </p>
   </div>
   <div class='ocr_carea' id='block_1_48' title="bbox 1773 1439 3347 1513">
    <p class='ocr_par' dir='ltr' id='par_1_48' title="bbox 1773 1439 3347 1513">
     <span class='ocr_line' id='line_1_48' title="bbox 1773 1439 3347 1513; baseline 0.006 -20"><span class='ocrx_word' id='word_1_353' title='bbox 1773 1449 1830 1493; x_wconf 92' lang='lat' dir='ltr'><strong>ut</strong></span> <span class='ocrx_word' id='word_1_354' title='bbox 1858 1439 2214 1493; x_wconf 79' lang='lat' dir='ltr'><strong>nefandorum</strong></span> <span class='ocrx_word' id='word_1_355' title='bbox 2243 1448 2406 1510; x_wconf 89' lang='lat' dir='ltr'><strong>atque</strong></span> <span class='ocrx_word' id='word_1_356' title='bbox 2441 1441 2725 1511; x_wconf 89' lang='lat' dir='ltr'><strong>impiorum</strong></span> <span class='ocrx_word' id='word_1_357' title='bbox 2756 1445 3018 1513; x_wconf 90' lang='lat' dir='ltr'><strong>ejusmodi</strong></span> <span class='ocrx_word' id='word_1_358' title='bbox 3051 1447 3347 1502; x_wconf 78' lang='lat' dir='ltr'><strong>facinorum</strong></span> 
     </span>
    </p>
   </div>
   <div class='ocr_carea' id='block_1_49' title="bbox 1774 1530 3347 1601">
    <p class='ocr_par' dir='ltr' id='par_1_49' title="bbox 1774 1530 3347 1601">
     <span class='ocr_line' id='line_1_49' title="bbox 1774 1530 3347 1601; baseline 0.005 -17"><span class='ocrx_word' id='word_1_359' title='bbox 1774 1539 1964 1586; x_wconf 83' lang='lat' dir='ltr'><strong>auctor</strong></span> <span class='ocrx_word' id='word_1_360' title='bbox 1985 1530 2265 1585; x_wconf 85' lang='lat' dir='ltr'><strong>abdicatus</strong></span> <span class='ocrx_word' id='word_1_361' title='bbox 2298 1540 2354 1586; x_wconf 91' lang='lat' dir='ltr'><strong>et</strong></span> <span class='ocrx_word' id='word_1_362' title='bbox 2398 1532 2673 1601; x_wconf 86' lang='lat' dir='ltr'><strong>depositus</strong></span> <span class='ocrx_word' id='word_1_363' title='bbox 2709 1543 2810 1588; x_wconf 89' lang='lat' dir='ltr'><strong>est.</strong></span> <span class='ocrx_word' id='word_1_364' title='bbox 2846 1535 2980 1590; x_wconf 91' lang='lat' dir='ltr'><strong>Dum</strong></span> <span class='ocrx_word' id='word_1_365' title='bbox 3017 1538 3130 1591; x_wconf 83' lang='lat' dir='ltr'><strong>haec.</strong></span> <span class='ocrx_word' id='word_1_366' title='bbox 3160 1541 3230 1592; x_wconf 87' lang='lat' dir='ltr'><strong>ita</strong></span> <span class='ocrx_word' id='word_1_367' title='bbox 3262 1540 3347 1594; x_wconf 80' lang='lat' dir='ltr'><strong>di~</strong></span> 
     </span>
    </p>
   </div>
   <div class='ocr_carea' id='block_1_50' title="bbox 1773 1621 3350 1698">
    <p class='ocr_par' dir='ltr' id='par_1_50' title="bbox 1773 1621 3350 1698">
     <span class='ocr_line' id='line_1_50' title="bbox 1773 1621 3350 1698; baseline 0.005 -22"><span class='ocrx_word' id='word_1_368' title='bbox 1773 1630 2045 1687; x_wconf 88' lang='lat' dir='ltr'><strong>cerentur,</strong></span> <span class='ocrx_word' id='word_1_369' title='bbox 2088 1621 2383 1691; x_wconf 80' lang='lat' dir='ltr'><strong>imperator</strong></span> <span class='ocrx_word' id='word_1_370' title='bbox 2411 1623 2639 1692; x_wconf 88' lang='lat' dir='ltr'><strong>primum</strong></span> <span class='ocrx_word' id='word_1_371' title='bbox 2689 1625 2884 1680; x_wconf 88' lang='lat' dir='ltr'><strong>silebat</strong></span> <span class='ocrx_word' id='word_1_372' title='bbox 2925 1629 3210 1698; x_wconf 84' lang='lat' dir='ltr'><strong>animoque</strong></span> <span class='ocrx_word' id='word_1_373' title='bbox 3241 1641 3350 1684; x_wconf 87' lang='lat' dir='ltr'><strong>tur-</strong></span> 
     </span>
    </p>
   </div>
   <div class='ocr_carea' id='block_1_51' title="bbox 1769 1713 3347 1787">
    <p class='ocr_par' dir='ltr' id='par_1_51' title="bbox 1769 1713 3347 1787">
     <span class='ocr_line' id='line_1_51' title="bbox 1769 1713 3347 1787; baseline 0.005 -20"><span class='ocrx_word' id='word_1_374' title='bbox 1769 1713 2002 1767; x_wconf 88' lang='lat' dir='ltr'><strong>babatur</strong></span> <span class='ocrx_word' id='word_1_375' title='bbox 2034 1731 2048 1768; x_wconf 89' lang='lat'><strong>:</strong></span> <span class='ocrx_word' id='word_1_376' title='bbox 2078 1728 2140 1767; x_wconf 89' lang='lat' dir='ltr'><strong>ac</strong></span> <span class='ocrx_word' id='word_1_377' title='bbox 2174 1715 2386 1767; x_wconf 90' lang='lat' dir='ltr'><strong>demum</strong></span> <span class='ocrx_word' id='word_1_378' title='bbox 2421 1714 2512 1768; x_wconf 90' lang='lat' dir='ltr'><strong>tali</strong></span> <span class='ocrx_word' id='word_1_379' title='bbox 2560 1716 2744 1769; x_wconf 87' lang='lat' dir='ltr'><strong>auditu</strong></span> <span class='ocrx_word' id='word_1_380' title='bbox 2779 1732 3098 1787; x_wconf 84' lang='lat' dir='ltr'><strong>suspensus,</strong></span> <span class='ocrx_word' id='word_1_381' title='bbox 3127 1722 3180 1774; x_wconf 90' lang='lat' dir='ltr'><strong>iu</strong></span> <span class='ocrx_word' id='word_1_382' title='bbox 3212 1721 3347 1775; x_wconf 85' lang='lat' dir='ltr'><strong>iram</strong></span> 
     </span>
    </p>
   </div>
   <div class='ocr_carea' id='block_1_52' title="bbox 1771 1804 3348 1878">
    <p class='ocr_par' dir='ltr' id='par_1_52' title="bbox 1771 1804 3348 1878">
     <span class='ocr_line' id='line_1_52' title="bbox 1771 1804 3348 1878; baseline 0.008 -22"><span class='ocrx_word' id='word_1_383' title='bbox 1771 1806 2039 1873; x_wconf 82' lang='lat' dir='ltr'><strong>prorupit,</strong></span> <span class='ocrx_word' id='word_1_384' title='bbox 2067 1804 2306 1874; x_wconf 90' lang='lat' dir='ltr'><strong>justique</strong></span> <span class='ocrx_word' id='word_1_385' title='bbox 2334 1805 2433 1860; x_wconf 88' lang='lat' dir='ltr'><strong>viri</strong></span> <span class='ocrx_word' id='word_1_386' title='bbox 2465 1807 2714 1861; x_wconf 79' lang='lat' dir='ltr'><strong>exsilium</strong></span> <span class='ocrx_word' id='word_1_387' title='bbox 2742 1810 2793 1863; x_wconf 94' lang='lat' dir='ltr'><strong>in</strong></span> <span class='ocrx_word' id='word_1_388' title='bbox 2825 1809 3032 1866; x_wconf 86' lang='lat' dir='ltr'><strong>Gallias</strong></span> <span class='ocrx_word' id='word_1_389' title='bbox 3059 1813 3348 1878; x_wconf 87' lang='lat' dir='ltr'><strong>decernit;</strong></span> 
     </span>
    </p>
   </div>
   <div class='ocr_carea' id='block_1_53' title="bbox 1775 1895 3351 1972">
    <p class='ocr_par' dir='ltr' id='par_1_53' title="bbox 1775 1895 3351 1972">
     <span class='ocr_line' id='line_1_53' title="bbox 1775 1895 3351 1972; baseline 0.009 -24"><span class='ocrx_word' id='word_1_390' title='bbox 1775 1895 1829 1948; x_wconf 92' lang='lat' dir='ltr'><strong>in</strong></span> <span class='ocrx_word' id='word_1_391' title='bbox 1870 1895 1973 1950; x_wconf 89' lang='lat' dir='ltr'><strong>hoc</strong></span> <span class='ocrx_word' id='word_1_392' title='bbox 2026 1896 2198 1950; x_wconf 89' lang='lat' dir='ltr'><strong>solum</strong></span> <span class='ocrx_word' id='word_1_393' title='bbox 2238 1904 2293 1951; x_wconf 91' lang='lat' dir='ltr'><strong>et</strong></span> <span class='ocrx_word' id='word_1_394' title='bbox 2331 1897 2513 1953; x_wconf 91' lang='lat' dir='ltr'><strong>animo</strong></span> <span class='ocrx_word' id='word_1_395' title='bbox 2542 1907 2597 1953; x_wconf 91' lang='lat' dir='ltr'><strong>et</strong></span> <span class='ocrx_word' id='word_1_396' title='bbox 2637 1901 2904 1954; x_wconf 89' lang='lat' dir='ltr'><strong>sententia</strong></span> <span class='ocrx_word' id='word_1_397' title='bbox 2951 1914 3260 1972; x_wconf 89' lang='lat' dir='ltr'><strong>corruptus,</strong></span> <span class='ocrx_word' id='word_1_398' title='bbox 3286 1920 3351 1962; x_wconf 85' lang='lat' dir='ltr'><strong>ac</strong></span> 
     </span>
    </p>
   </div>
   <div class='ocr_carea' id='block_1_54' title="bbox 1775 1987 3344 2059">
    <p class='ocr_par' dir='ltr' id='par_1_54' title="bbox 1775 1987 3344 2059">
     <span class='ocr_line' id='line_1_54' title="bbox 1775 1987 3344 2059; baseline 0.006 -19"><span class='ocrx_word' id='word_1_399' title='bbox 1775 1997 2059 2057; x_wconf 91' lang='lat' dir='ltr'><strong>utramque</strong></span> <span class='ocrx_word' id='word_1_400' title='bbox 2076 1987 2394 2044; x_wconf 88' lang='lat' dir='ltr'><strong>Eusebianis</strong></span> <span class='ocrx_word' id='word_1_401' title='bbox 2415 2003 2598 2044; x_wconf 88' lang='lat' dir='ltr'><strong>aurem</strong></span> <span class='ocrx_word' id='word_1_402' title='bbox 2617 1991 2938 2059; x_wconf 89' lang='lat' dir='ltr'><strong>subjiciens.</strong></span> <span class='ocrx_word' id='word_1_403' title='bbox 2972 1992 3178 2048; x_wconf 79' lang='lat' dir='ltr'><strong>Revera</strong></span> <span class='ocrx_word' id='word_1_404' title='bbox 3202 1995 3344 2050; x_wconf 88' lang='lat' dir='ltr'><strong>enim</strong></span> 
     </span>
    </p>
   </div>
   <div class='ocr_carea' id='block_1_55' title="bbox 1773 2079 3348 2151">
    <p class='ocr_par' dir='ltr' id='par_1_55' title="bbox 1773 2079 3348 2151">
     <span class='ocr_line' id='line_1_55' title="bbox 1773 2079 3348 2151; baseline 0.004 -17"><span class='ocrx_word' id='word_1_405' title='bbox 1773 2079 2201 2134; x_wconf 85' lang='lat' dir='ltr'><strong>circumveniunt</strong></span> <span class='ocrx_word' id='word_1_406' title='bbox 2230 2089 2283 2134; x_wconf 90' lang='lat' dir='ltr'><strong>et</strong></span> <span class='ocrx_word' id='word_1_407' title='bbox 2325 2090 2679 2150; x_wconf 88' lang='lat' dir='ltr'><strong>corrumpunt</strong></span> <span class='ocrx_word' id='word_1_408' title='bbox 2725 2083 2894 2137; x_wconf 92' lang='lat' dir='ltr'><strong>bonos</strong></span> <span class='ocrx_word' id='word_1_409' title='bbox 2935 2099 3113 2140; x_wconf 92' lang='lat' dir='ltr'><strong>mores</strong></span> <span class='ocrx_word' id='word_1_410' title='bbox 3134 2125 3149 2151; x_wconf 89' lang='lat'><strong>,</strong></span> <span class='ocrx_word' id='word_1_411' title='bbox 3180 2095 3238 2140; x_wconf 91' lang='lat' dir='ltr'><strong>ut</strong></span> <span class='ocrx_word' id='word_1_412' title='bbox 3272 2087 3348 2140; x_wconf 88' lang='lat' dir='ltr'><strong>ait</strong></span> 
     </span>
    </p>
   </div>
   <div class='ocr_carea' id='block_1_56' title="bbox 1773 2170 3346 2243">
    <p class='ocr_par' dir='ltr' id='par_1_56' title="bbox 1773 2170 3346 2243">
     <span class='ocr_line' id='line_1_56' title="bbox 1773 2170 3346 2243; baseline 0.004 -17"><span class='ocrx_word' id='word_1_413' title='bbox 1773 2172 2009 2240; x_wconf 82' lang='lat' dir='ltr'><strong>sapiens,</strong></span> <span class='ocrx_word' id='word_1_414' title='bbox 2060 2170 2320 2240; x_wconf 89' lang='lat' dir='ltr'><strong>colloquia</strong></span> <span class='ocrx_word' id='word_1_415' title='bbox 2358 2187 2541 2241; x_wconf 90' lang='lat' dir='ltr'><strong>prava.</strong></span> <span class='ocrx_word' id='word_1_416' title='bbox 2587 2172 2730 2228; x_wconf 86' lang='lat' dir='ltr'><strong>Sane</strong></span> <span class='ocrx_word' id='word_1_417' title='bbox 2770 2187 2982 2243; x_wconf 88' lang='lat' dir='ltr'><strong>semper</strong></span> <span class='ocrx_word' id='word_1_418' title='bbox 3018 2185 3175 2231; x_wconf 86' lang='lat' dir='ltr'><strong>antea</strong></span> <span class='ocrx_word' id='word_1_419' title='bbox 3205 2177 3346 2233; x_wconf 89' lang='lat' dir='ltr'><strong>alte-</strong></span> 
     </span>
    </p>
   </div>
   <div class='ocr_carea' id='block_1_57' title="bbox 1776 2262 3348 2335">
    <p class='ocr_par' dir='ltr' id='par_1_57' title="bbox 1776 2262 3348 2335">
     <span class='ocr_line' id='line_1_57' title="bbox 1776 2262 3348 2335; baseline 0.006 -20"><span class='ocrx_word' id='word_1_420' title='bbox 1776 2277 1888 2315; x_wconf 90' lang='lat' dir='ltr'><strong>ram</strong></span> <span class='ocrx_word' id='word_1_421' title='bbox 1938 2275 2121 2315; x_wconf 90' lang='lat' dir='ltr'><strong>aurem</strong></span> <span class='ocrx_word' id='word_1_422' title='bbox 2175 2262 2434 2331; x_wconf 78' lang='lat' dir='ltr'><strong>integram</strong></span> <span class='ocrx_word' id='word_1_423' title='bbox 2482 2271 2536 2317; x_wconf 93' lang='lat' dir='ltr'><strong>et</strong></span> <span class='ocrx_word' id='word_1_424' title='bbox 2574 2263 2942 2335; x_wconf 87' lang='lat' dir='ltr'><strong>incorruptam</strong></span> <span class='ocrx_word' id='word_1_425' title='bbox 2973 2280 3232 2324; x_wconf 83' lang='lat' dir='ltr'><strong>accusata</strong></span> <span class='ocrx_word' id='word_1_426' title='bbox 3266 2285 3348 2324; x_wconf 64' lang='lat' dir='ltr'><strong>reo</strong></span> 
     </span>
    </p>
   </div>
   <div class='ocr_carea' id='block_1_58' title="bbox 1773 2352 3343 2424">
    <p class='ocr_par' dir='ltr' id='par_1_58' title="bbox 1773 2352 3343 2424">
     <span class='ocr_line' id='line_1_58' title="bbox 1773 2352 3343 2424; baseline 0.004 -18"><span class='ocrx_word' id='word_1_427' title='bbox 1773 2362 2017 2406; x_wconf 87' lang='lat' dir='ltr'><strong>servarat</strong></span> <span class='ocrx_word' id='word_1_428' title='bbox 2046 2369 2059 2405; x_wconf 91' lang='lat'><strong>:</strong></span> <span class='ocrx_word' id='word_1_429' title='bbox 2093 2360 2147 2405; x_wconf 89' lang='lat' dir='ltr'><strong>at</strong></span> <span class='ocrx_word' id='word_1_430' title='bbox 2179 2360 2304 2406; x_wconf 92' lang='lat' dir='ltr'><strong>tunc</strong></span> <span class='ocrx_word' id='word_1_431' title='bbox 2334 2352 2447 2407; x_wconf 70' lang='lat' dir='ltr'><strong>haec</strong></span> <span class='ocrx_word' id='word_1_432' title='bbox 2475 2353 2573 2422; x_wconf 88' lang='lat' dir='ltr'><strong>ipsi</strong></span> <span class='ocrx_word' id='word_1_433' title='bbox 2606 2355 2819 2410; x_wconf 87' lang='lat' dir='ltr'><strong>macula</strong></span> <span class='ocrx_word' id='word_1_434' title='bbox 2850 2366 2902 2410; x_wconf 92' lang='lat' dir='ltr'><strong>et</strong></span> <span class='ocrx_word' id='word_1_435' title='bbox 2930 2357 3077 2413; x_wconf 89' lang='lat' dir='ltr'><strong>labes</strong></span> <span class='ocrx_word' id='word_1_436' title='bbox 3107 2359 3343 2424; x_wconf 63' lang='lat' dir='ltr'><strong>inhaesit,</strong></span> 
     </span>
    </p>
   </div>
   <div class='ocr_carea' id='block_1_59' title="bbox 1771 2440 3346 2514">
    <p class='ocr_par' dir='ltr' id='par_1_59' title="bbox 1771 2440 3346 2514">
     <span class='ocr_line' id='line_1_59' title="bbox 1771 2440 3346 2514; baseline 0.006 -20"><span class='ocrx_word' id='word_1_437' title='bbox 1771 2440 1861 2509; x_wconf 90' lang='lat' dir='ltr'><strong>qui</strong></span> <span class='ocrx_word' id='word_1_438' title='bbox 1905 2455 1962 2497; x_wconf 86' lang='lat' dir='ltr'><strong>se</strong></span> <span class='ocrx_word' id='word_1_439' title='bbox 2003 2449 2160 2495; x_wconf 90' lang='lat' dir='ltr'><strong>antea</strong></span> <span class='ocrx_word' id='word_1_440' title='bbox 2201 2441 2570 2511; x_wconf 89' lang='lat' dir='ltr'><strong>incorruptum</strong></span> <span class='ocrx_word' id='word_1_441' title='bbox 2624 2460 2924 2514; x_wconf 86' lang='lat' dir='ltr'><strong>purumque</strong></span> <span class='ocrx_word' id='word_1_442' title='bbox 2974 2460 3346 2504; x_wconf 80' lang='lat' dir='ltr'><strong>conservarat.</strong></span> 
     </span>
    </p>
   </div>
   <div class='ocr_carea' id='block_1_60' title="bbox 1775 2530 3349 2608">
    <p class='ocr_par' dir='ltr' id='par_1_60' title="bbox 1775 2530 3349 2608">
     <span class='ocr_line' id='line_1_60' title="bbox 1775 2530 3349 2608; baseline 0.005 -24"><span class='ocrx_word' id='word_1_443' title='bbox 1775 2530 1908 2584; x_wconf 90' lang='lat' dir='ltr'><strong>Sunt</strong></span> <span class='ocrx_word' id='word_1_444' title='bbox 1934 2531 2025 2598; x_wconf 88' lang='lat' dir='ltr'><strong>qui</strong></span> <span class='ocrx_word' id='word_1_445' title='bbox 2056 2530 2274 2594; x_wconf 90' lang='lat' dir='ltr'><strong>dicant,</strong></span> <span class='ocrx_word' id='word_1_446' title='bbox 2317 2538 2370 2585; x_wconf 94' lang='lat' dir='ltr'><strong>et</strong></span> <span class='ocrx_word' id='word_1_447' title='bbox 2417 2531 2556 2586; x_wconf 80' lang='lat' dir='ltr'><strong>forte</strong></span> <span class='ocrx_word' id='word_1_448' title='bbox 2608 2534 2916 2590; x_wconf 86' lang='lat' dir='ltr'><strong>accuratius</strong></span> <span class='ocrx_word' id='word_1_449' title='bbox 2972 2550 3191 2606; x_wconf 91' lang='lat' dir='ltr'><strong>scopum</strong></span> <span class='ocrx_word' id='word_1_450' title='bbox 3231 2538 3349 2608; x_wconf 76' lang='lat' dir='ltr'><strong>ejus</strong></span> 
     </span>
    </p>
   </div>
   <div class='ocr_carea' id='block_1_61' title="bbox 1773 2621 3351 2700">
    <p class='ocr_par' dir='ltr' id='par_1_61' title="bbox 1773 2621 3351 2700">
     <span class='ocr_line' id='line_1_61' title="bbox 1773 2621 3351 2700; baseline 0.006 -24"><span class='ocrx_word' id='word_1_451' title='bbox 1773 2633 1936 2691; x_wconf 92' lang='lat' dir='ltr'><strong>atque</strong></span> <span class='ocrx_word' id='word_1_452' title='bbox 1960 2621 2223 2690; x_wconf 91' lang='lat' dir='ltr'><strong>judicium</strong></span> <span class='ocrx_word' id='word_1_453' title='bbox 2258 2633 2592 2690; x_wconf 91' lang='lat' dir='ltr'><strong>compertum</strong></span> <span class='ocrx_word' id='word_1_454' title='bbox 2625 2623 2915 2691; x_wconf 89' lang='lat' dir='ltr'><strong>habentes,</strong></span> <span class='ocrx_word' id='word_1_455' title='bbox 2953 2640 3074 2682; x_wconf 91' lang='lat' dir='ltr'><strong>eum</strong></span> <span class='ocrx_word' id='word_1_456' title='bbox 3107 2644 3214 2685; x_wconf 86' lang='lat' dir='ltr'><strong>non</strong></span> <span class='ocrx_word' id='word_1_457' title='bbox 3242 2643 3351 2700; x_wconf 81' lang='lat' dir='ltr'><strong>pm-</strong></span> 
     </span>
    </p>
   </div>
   <div class='ocr_carea' id='block_1_62' title="bbox 1775 2711 3349 2776">
    <p class='ocr_par' dir='ltr' id='par_1_62' title="bbox 1775 2711 3349 2776">
     <span class='ocr_line' id='line_1_62' title="bbox 1775 2711 3349 2776; baseline 0.008 -12"><span class='ocrx_word' id='word_1_458' title='bbox 1775 2725 1857 2764; x_wconf 72' lang='lat' dir='ltr'><strong>nae</strong></span> <span class='ocrx_word' id='word_1_459' title='bbox 1903 2719 1956 2764; x_wconf 91' lang='lat' dir='ltr'><strong>et</strong></span> <span class='ocrx_word' id='word_1_460' title='bbox 1985 2711 2347 2766; x_wconf 90' lang='lat' dir='ltr'><strong>damnationis</strong></span> <span class='ocrx_word' id='word_1_461' title='bbox 2389 2725 2550 2766; x_wconf 86' lang='lat' dir='ltr'><strong>causa</strong></span> <span class='ocrx_word' id='word_1_462' title='bbox 2585 2714 2776 2768; x_wconf 82' lang='lat' dir='ltr'><strong>exsilio</strong></span> <span class='ocrx_word' id='word_1_463' title='bbox 2817 2717 3074 2774; x_wconf 90' lang='lat' dir='ltr'><strong>multasse</strong></span> <span class='ocrx_word' id='word_1_464' title='bbox 3104 2721 3349 2776; x_wconf 79' lang='lat' dir='ltr'><strong>Athana-</strong></span> 
     </span>
    </p>
   </div>
   <div class='ocr_carea' id='block_1_63' title="bbox 1773 2802 3346 2876">
    <p class='ocr_par' dir='ltr' id='par_1_63' title="bbox 1773 2802 3346 2876">
     <span class='ocr_line' id='line_1_63' title="bbox 1773 2802 3346 2876; baseline 0.008 -20"><span class='ocrx_word' id='word_1_465' title='bbox 1773 2803 1950 2868; x_wconf 87' lang='lat' dir='ltr'><strong>sium;</strong></span> <span class='ocrx_word' id='word_1_466' title='bbox 1988 2803 2080 2856; x_wconf 87' lang='lat' dir='ltr'><strong>sed</strong></span> <span class='ocrx_word' id='word_1_467' title='bbox 2111 2811 2167 2856; x_wconf 94' lang='lat' dir='ltr'><strong>ut</strong></span> <span class='ocrx_word' id='word_1_468' title='bbox 2204 2802 2569 2860; x_wconf 83' lang='lat' dir='ltr'><strong>Ecclesiarum</strong></span> <span class='ocrx_word' id='word_1_469' title='bbox 2601 2809 2980 2876; x_wconf 88' lang='lat' dir='ltr'><strong>tranquillitati</strong></span> <span class='ocrx_word' id='word_1_470' title='bbox 3025 2820 3080 2866; x_wconf 93' lang='lat' dir='ltr'><strong>et</strong></span> <span class='ocrx_word' id='word_1_471' title='bbox 3118 2827 3346 2868; x_wconf 89' lang='lat' dir='ltr'><strong>concor-</strong></span> 
     </span>
    </p>
   </div>
   <div class='ocr_carea' id='block_1_64' title="bbox 1773 2893 3346 2966">
    <p class='ocr_par' dir='ltr' id='par_1_64' title="bbox 1773 2893 3346 2966">
     <span class='ocr_line' id='line_1_64' title="bbox 1773 2893 3346 2966; baseline 0.006 -17"><span class='ocrx_word' id='word_1_472' title='bbox 1773 2894 1874 2949; x_wconf 66' lang='lat' dir='ltr'><strong>diae</strong></span> <span class='ocrx_word' id='word_1_473' title='bbox 1907 2893 2234 2962; x_wconf 80' lang='lat' dir='ltr'><strong>provideret,</strong></span> <span class='ocrx_word' id='word_1_474' title='bbox 2272 2902 2647 2964; x_wconf 86' lang='lat' dir='ltr'><strong>tempestatem</strong></span> <span class='ocrx_word' id='word_1_475' title='bbox 2696 2900 2932 2966; x_wconf 88' lang='lat' dir='ltr'><strong>sedaret,</strong></span> <span class='ocrx_word' id='word_1_476' title='bbox 2963 2915 3026 2957; x_wconf 90' lang='lat' dir='ltr'><strong>ac</strong></span> <span class='ocrx_word' id='word_1_477' title='bbox 3062 2905 3346 2960; x_wconf 90' lang='lat' dir='ltr'><strong>tumultum</strong></span> 
     </span>
    </p>
   </div>
   <div class='ocr_carea' id='block_1_65' title="bbox 1774 2981 3348 3058">
    <p class='ocr_par' dir='ltr' id='par_1_65' title="bbox 1774 2981 3348 3058">
     <span class='ocr_line' id='line_1_65' title="bbox 1774 2981 3348 3058; baseline 0.007 -22"><span class='ocrx_word' id='word_1_478' title='bbox 1774 2991 2164 3053; x_wconf 60' lang='lat' dir='ltr'><strong>compesceret.</strong></span> <span class='ocrx_word' id='word_1_479' title='bbox 2197 2981 2330 3047; x_wconf 87' lang='lat' dir='ltr'><strong>Quia</strong></span> <span class='ocrx_word' id='word_1_480' title='bbox 2358 2985 2498 3038; x_wconf 92' lang='lat' dir='ltr'><strong>enim</strong></span> <span class='ocrx_word' id='word_1_481' title='bbox 2530 2987 2724 3041; x_wconf 92' lang='lat' dir='ltr'><strong>seditio</strong></span> <span class='ocrx_word' id='word_1_482' title='bbox 2769 3003 2872 3043; x_wconf 93' lang='lat' dir='ltr'><strong>non</strong></span> <span class='ocrx_word' id='word_1_483' title='bbox 2908 3005 3072 3058; x_wconf 86' lang='lat' dir='ltr'><strong>parva</strong></span> <span class='ocrx_word' id='word_1_484' title='bbox 3112 2993 3348 3048; x_wconf 80' lang='lat' dir='ltr'><strong>Alexan-</strong></span> 
     </span>
    </p>
   </div>
   <div class='ocr_carea' id='block_1_66' title="bbox 1775 3070 3348 3146">
    <p class='ocr_par' dir='ltr' id='par_1_66' title="bbox 1775 3070 3348 3146">
     <span class='ocr_line' id='line_1_66' title="bbox 1775 3070 3348 3146; baseline 0.005 -20"><span class='ocrx_word' id='word_1_485' title='bbox 1775 3073 1945 3126; x_wconf 91' lang='lat' dir='ltr'><strong>driam</strong></span> <span class='ocrx_word' id='word_1_486' title='bbox 1977 3081 2164 3136; x_wconf 89' lang='lat' dir='ltr'><strong>totam,</strong></span> <span class='ocrx_word' id='word_1_487' title='bbox 2196 3081 2358 3141; x_wconf 88' lang='lat' dir='ltr'><strong>atque</strong></span> <span class='ocrx_word' id='word_1_488' title='bbox 2397 3070 2616 3144; x_wconf 65' lang='lat' dir='ltr'><strong>Egypti</strong></span> <span class='ocrx_word' id='word_1_489' title='bbox 2651 3075 2940 3129; x_wconf 81' lang='lat' dir='ltr'><strong>maximam</strong></span> <span class='ocrx_word' id='word_1_490' title='bbox 2963 3085 3171 3146; x_wconf 92' lang='lat' dir='ltr'><strong>partem</strong></span> <span class='ocrx_word' id='word_1_491' title='bbox 3205 3080 3348 3134; x_wconf 87' lang='lat' dir='ltr'><strong>iuva-</strong></span> 
     </span>
    </p>
   </div>
   <div class='ocr_carea' id='block_1_67' title="bbox 1773 3162 3343 3236">
    <p class='ocr_par' dir='ltr' id='par_1_67' title="bbox 1773 3162 3343 3236">
     <span class='ocr_line' id='line_1_67' title="bbox 1773 3162 3343 3236; baseline 0.004 -18"><span class='ocrx_word' id='word_1_492' title='bbox 1773 3171 1944 3228; x_wconf 89' lang='lat' dir='ltr'><strong>serat,</strong></span> <span class='ocrx_word' id='word_1_493' title='bbox 2002 3162 2443 3232; x_wconf 90' lang='lat' dir='ltr'><strong>tranquillitatem</strong></span> <span class='ocrx_word' id='word_1_494' title='bbox 2487 3163 2578 3218; x_wconf 92' lang='lat' dir='ltr'><strong>ille</strong></span> <span class='ocrx_word' id='word_1_495' title='bbox 2636 3165 2798 3220; x_wconf 87' lang='lat' dir='ltr'><strong>rebus</strong></span> <span class='ocrx_word' id='word_1_496' title='bbox 2851 3165 3047 3222; x_wconf 75' lang='lat' dir='ltr'><strong>ail‘erre</strong></span> <span class='ocrx_word' id='word_1_497' title='bbox 3095 3179 3343 3236; x_wconf 87' lang='lat' dir='ltr'><strong>conatus,</strong></span> 
     </span>
    </p>
   </div>
   <div class='ocr_carea' id='block_1_68' title="bbox 1774 3253 3346 3323">
    <p class='ocr_par' dir='ltr' id='par_1_68' title="bbox 1774 3253 3346 3323">
     <span class='ocr_line' id='line_1_68' title="bbox 1774 3253 3346 3323; baseline 0.004 -13"><span class='ocrx_word' id='word_1_498' title='bbox 1774 3254 2012 3310; x_wconf 84' lang='lat' dir='ltr'><strong>decrevit</strong></span> <span class='ocrx_word' id='word_1_499' title='bbox 2041 3268 2139 3323; x_wconf 91' lang='lat' dir='ltr'><strong>pro</strong></span> <span class='ocrx_word' id='word_1_500' title='bbox 2167 3268 2232 3308; x_wconf 88' lang='lat' dir='ltr'><strong>eo</strong></span> <span class='ocrx_word' id='word_1_501' title='bbox 2261 3253 2468 3309; x_wconf 90' lang='lat' dir='ltr'><strong>scilicet</strong></span> <span class='ocrx_word' id='word_1_502' title='bbox 2502 3263 2745 3323; x_wconf 89' lang='lat' dir='ltr'><strong>tempore</strong></span> <span class='ocrx_word' id='word_1_503' title='bbox 2790 3257 3146 3313; x_wconf 80' lang='lat' dir='ltr'><strong>Athanasium</strong></span> <span class='ocrx_word' id='word_1_504' title='bbox 3193 3259 3346 3317; x_wconf 84' lang='lat' dir='ltr'><strong>able-</strong></span> 
     </span>
    </p>
   </div>
   <div class='ocr_carea' id='block_1_69' title="bbox 1774 3345 3344 3422">
    <p class='ocr_par' dir='ltr' id='par_1_69' title="bbox 1774 3345 3344 3422">
     <span class='ocr_line' id='line_1_69' title="bbox 1774 3345 3344 3422; baseline 0.003 -20"><span class='ocrx_word' id='word_1_505' title='bbox 1774 3363 1923 3418; x_wconf 77' lang='lat' dir='ltr'><strong>gare.</strong></span> <span class='ocrx_word' id='word_1_506' title='bbox 1959 3346 2066 3402; x_wconf 85' lang='lat' dir='ltr'><strong>Hac</strong></span> <span class='ocrx_word' id='word_1_507' title='bbox 2105 3347 2248 3403; x_wconf 92' lang='lat' dir='ltr'><strong>enim</strong></span> <span class='ocrx_word' id='word_1_508' title='bbox 2303 3345 2514 3402; x_wconf 88' lang='lat' dir='ltr'><strong>ratione</strong></span> <span class='ocrx_word' id='word_1_509' title='bbox 2538 3388 2554 3414; x_wconf 93' lang='lat'><strong>,</strong></span> <span class='ocrx_word' id='word_1_510' title='bbox 2589 3362 2648 3402; x_wconf 88' lang='lat' dir='ltr'><strong>se</strong></span> <span class='ocrx_word' id='word_1_511' title='bbox 2699 3348 2925 3404; x_wconf 89' lang='lat' dir='ltr'><strong>aliorum</strong></span> <span class='ocrx_word' id='word_1_512' title='bbox 2969 3351 3344 3422; x_wconf 90' lang='lat' dir='ltr'><strong>episcoporum</strong></span> 
     </span>
    </p>
   </div>
   <div class='ocr_carea' id='block_1_70' title="bbox 1776 3439 3346 3508">
    <p class='ocr_par' dir='ltr' id='par_1_70' title="bbox 1776 3439 3346 3508">
     <span class='ocr_line' id='line_1_70' title="bbox 1776 3439 3346 3508; baseline 0.003 -15"><span class='ocrx_word' id='word_1_513' title='bbox 1776 3441 1984 3494; x_wconf 88' lang='lat' dir='ltr'><strong>animas</strong></span> <span class='ocrx_word' id='word_1_514' title='bbox 2009 3439 2371 3494; x_wconf 87' lang='lat' dir='ltr'><strong>emolliturum</strong></span> <span class='ocrx_word' id='word_1_515' title='bbox 2404 3439 2645 3507; x_wconf 89' lang='lat' dir='ltr'><strong>putabat,</strong></span> <span class='ocrx_word' id='word_1_516' title='bbox 2677 3447 2838 3508; x_wconf 89' lang='lat' dir='ltr'><strong>atque</strong></span> <span class='ocrx_word' id='word_1_517' title='bbox 2869 3441 2920 3494; x_wconf 92' lang='lat' dir='ltr'><strong>in</strong></span> <span class='ocrx_word' id='word_1_518' title='bbox 2947 3456 3108 3496; x_wconf 88' lang='lat' dir='ltr'><strong>unam</strong></span> <span class='ocrx_word' id='word_1_519' title='bbox 3155 3459 3346 3498; x_wconf 86' lang='lat' dir='ltr'><strong>omnes</strong></span> 
     </span>
    </p>
   </div>
   <div class='ocr_carea' id='block_1_71' title="bbox 1775 3528 3348 3604">
    <p class='ocr_par' dir='ltr' id='par_1_71' title="bbox 1775 3528 3348 3604">
     <span class='ocr_line' id='line_1_71' title="bbox 1775 3528 3348 3604; baseline 0.002 -17"><span class='ocrx_word' id='word_1_520' title='bbox 1775 3531 2098 3588; x_wconf 88' lang='lat' dir='ltr'><strong>sententiam</strong></span> <span class='ocrx_word' id='word_1_521' title='bbox 2127 3529 2465 3595; x_wconf 90' lang='lat' dir='ltr'><strong>adacturum,</strong></span> <span class='ocrx_word' id='word_1_522' title='bbox 2498 3529 2543 3582; x_wconf 90' lang='lat' dir='ltr'><strong>si</strong></span> <span class='ocrx_word' id='word_1_523' title='bbox 2577 3528 2752 3598; x_wconf 86' lang='lat' dir='ltr'><strong>palam</strong></span> <span class='ocrx_word' id='word_1_524' title='bbox 2780 3530 3051 3588; x_wconf 88' lang='lat' dir='ltr'><strong>hominem</strong></span> <span class='ocrx_word' id='word_1_525' title='bbox 3077 3533 3213 3590; x_wconf 91' lang='lat' dir='ltr'><strong>urbe</strong></span> <span class='ocrx_word' id='word_1_526' title='bbox 3235 3535 3348 3604; x_wconf 83' lang='lat' dir='ltr'><strong>pel-</strong></span> 
     </span>
    </p>
   </div>
   <div class='ocr_carea' id='block_1_72' title="bbox 1777 3620 2295 3678">
    <p class='ocr_par' dir='ltr' id='par_1_72' title="bbox 1777 3620 2295 3678">
     <span class='ocr_line' id='line_1_72' title="bbox 1777 3620 2295 3678; baseline -0.006 -2"><span class='ocrx_word' id='word_1_527' title='bbox 1777 3624 1908 3678; x_wconf 83' lang='lat' dir='ltr'><strong>leret</strong></span> <span class='ocrx_word' id='word_1_528' title='bbox 1934 3623 1986 3676; x_wconf 92' lang='lat' dir='ltr'><strong>in</strong></span> <span class='ocrx_word' id='word_1_529' title='bbox 2025 3620 2295 3674; x_wconf 82' lang='lat' dir='ltr'><strong>exsilium.</strong></span> 
     </span>
    </p>
   </div>
   <div class='ocr_carea' id='block_1_73' title="bbox 57 3709 2776 3786">
    <p class='ocr_par' dir='ltr' id='par_1_73' title="bbox 57 3709 2776 3786">
     <span class='ocr_line' id='line_1_73' title="bbox 57 3709 2776 3786; baseline 0.002 -25"><span class='ocrx_word' id='word_1_530' title='bbox 57 3715 112 3774; x_wconf 72' lang='grc' dir='ltr'><strong>εἰς</strong></span> <span class='ocrx_word' id='word_1_531' title='bbox 140 3715 292 3768; x_wconf 70' lang='grc' dir='ltr'><strong>ταύτὸ</strong></span> <span class='ocrx_word' id='word_1_532' title='bbox 368 3714 759 3782; x_wconf 81' lang='grc' dir='ltr'><strong>συναγαγεῖν</strong></span> <span class='ocrx_word' id='word_1_533' title='bbox 807 3709 1017 3772; x_wconf 77' lang='grc' dir='ltr'><strong>πάντας</strong></span> <span class='ocrx_word' id='word_1_534' title='bbox 1077 3709 1362 3778; x_wconf 73' lang='grc' dir='ltr'><strong>ἐσκέψατο,</strong></span> <span class='ocrx_word' id='word_1_535' title='bbox 1405 3713 1453 3764; x_wconf 89' lang='grc' dir='ltr'><strong>εί</strong></span> <span class='ocrx_word' id='word_1_536' title='bbox 1484 3715 1730 3785; x_wconf 80' lang='grc' dir='ltr'><strong>φανερῶς</strong></span> <span class='ocrx_word' id='word_1_537' title='bbox 1755 3713 2069 3786; x_wconf 82' lang='grc' dir='ltr'><strong>ὑπερορίσει</strong></span> <span class='ocrx_word' id='word_1_538' title='bbox 2107 3711 2199 3764; x_wconf 80' lang='grc' dir='ltr'><strong>τὸν</strong></span> <span class='ocrx_word' id='word_1_539' title='bbox 2227 3711 2396 3782; x_wconf 75' lang='grc' dir='ltr'><strong>ἄνδρα</strong></span> <span class='ocrx_word' id='word_1_540' title='bbox 2421 3711 2523 3782; x_wconf 81' lang='grc' dir='ltr'><strong>τῆς</strong></span> <span class='ocrx_word' id='word_1_541' title='bbox 2545 3712 2776 3778; x_wconf 90' lang='grc' dir='ltr'><strong>πόλεως.</strong></span> 
     </span>
    </p>
   </div>
   <div class='ocr_carea' id='block_1_74' title="bbox 111 3802 1672 3878">
    <p class='ocr_par' dir='ltr' id='par_1_74' title="bbox 111 3802 1672 3878">
     <span class='ocr_line' id='line_1_74' title="bbox 111 3802 1672 3878; baseline 0.001 -19"><span class='ocrx_word' id='word_1_542' title='bbox 111 3808 179 3860; x_wconf 79' lang='lat' dir='ltr'><strong>l0.</strong></span> <span class='ocrx_word' id='word_1_543' title='bbox 225 3809 366 3861; x_wconf 79' lang='grc' dir='ltr'><strong>Ἀλλ’</strong></span> <span class='ocrx_word' id='word_1_544' title='bbox 405 3811 438 3861; x_wconf 84' lang='grc' dir='ltr'>ὁ</span> <span class='ocrx_word' id='word_1_545' title='bbox 470 3807 592 3878; x_wconf 86' lang='grc' dir='ltr'><strong>μὲν</strong></span> <span class='ocrx_word' id='word_1_546' title='bbox 630 3807 697 3858; x_wconf 81' lang='grc' dir='ltr'><strong>ὲν</strong></span> <span class='ocrx_word' id='word_1_547' title='bbox 719 3802 944 3864; x_wconf 84' lang='grc' dir='ltr'><strong>τούτοις</strong></span> <span class='ocrx_word' id='word_1_548' title='bbox 971 3803 1227 3856; x_wconf 87' lang='grc' dir='ltr'><strong>καταλύει</strong></span> <span class='ocrx_word' id='word_1_549' title='bbox 1257 3803 1348 3856; x_wconf 74' lang='grc' dir='ltr'><strong>τὸν</strong></span> <span class='ocrx_word' id='word_1_550' title='bbox 1382 3804 1495 3873; x_wconf 80' lang='grc' dir='ltr'><strong>βίον</strong></span> <span class='ocrx_word' id='word_1_551' title='bbox 1519 3824 1672 3877; x_wconf 86' lang='grc' dir='ltr'><strong>τρια-</strong></span> 
     </span>
    </p>
   </div>
   <div class='ocr_carea' id='block_1_75' title="bbox 59 3895 1669 3970">
    <p class='ocr_par' dir='ltr' id='par_1_75' title="bbox 59 3895 1669 3970">
     <span class='ocr_line' id='line_1_75' title="bbox 59 3895 1669 3970; baseline 0.002 -23"><span class='ocrx_word' id='word_1_552' title='bbox 59 3899 194 3969; x_wconf 67' lang='grc' dir='ltr'><strong>κοστῷ</strong></span> <span class='ocrx_word' id='word_1_553' title='bbox 217 3901 317 3970; x_wconf 78' lang='grc' dir='ltr'><strong>μὲν</strong></span> <span class='ocrx_word' id='word_1_554' title='bbox 349 3901 465 3970; x_wconf 85' lang='grc' dir='ltr'><strong>τῆς</strong></span> <span class='ocrx_word' id='word_1_555' title='bbox 499 3896 826 3970; x_wconf 85' lang='grc' dir='ltr'><strong>βασιλείας</strong></span> <span class='ocrx_word' id='word_1_556' title='bbox 853 3895 984 3951; x_wconf 80' lang='grc' dir='ltr'><strong>ἔτει,</strong></span> <span class='ocrx_word' id='word_1_557' title='bbox 1009 3895 1242 3964; x_wconf 83' lang='grc' dir='ltr'><strong>πέμπτῳ</strong></span> <span class='ocrx_word' id='word_1_558' title='bbox 1275 3895 1329 3948; x_wconf 80' lang='grc' dir='ltr'><strong>δὲ</strong></span> <span class='ocrx_word' id='word_1_559' title='bbox 1356 3899 1450 3950; x_wconf 74' lang='grc' dir='ltr'><strong>καὶ</strong></span> <span class='ocrx_word' id='word_1_560' title='bbox 1477 3898 1669 3968; x_wconf 76' lang='grc' dir='ltr'><strong>ἑξηκο-</strong></span> 
     </span>
    </p>
   </div>
   <div class='ocr_carea' id='block_1_76' title="bbox 63 3987 1669 4063">
    <p class='ocr_par' dir='ltr' id='par_1_76' title="bbox 63 3987 1669 4063">
     <span class='ocr_line' id='line_1_76' title="bbox 63 3987 1669 4063; baseline 0.004 -25"><span class='ocrx_word' id='word_1_561' title='bbox 182 3993 273 4062; x_wconf 79' lang='grc' dir='ltr'><strong>τῆς</strong></span> <span class='ocrx_word' id='word_1_562' title='bbox 301 3993 578 4063; x_wconf 78' lang='grc' dir='ltr'><strong>ἡλικίας,</strong></span> <span class='ocrx_word' id='word_1_563' title='bbox 615 3987 908 4056; x_wconf 78' lang='grc' dir='ltr'><strong>διαδόχοις</strong></span> <span class='ocrx_word' id='word_1_564' title='bbox 949 3987 1044 4056; x_wconf 82' lang='grc' dir='ltr'><strong>τῆς</strong></span> <span class='ocrx_word' id='word_1_565' title='bbox 1090 3987 1364 4056; x_wconf 84' lang='grc' dir='ltr'><strong>βασιλείας</strong></span> <span class='ocrx_word' id='word_1_566' title='bbox 1387 3993 1498 4052; x_wconf 84' lang='grc' dir='ltr'><strong>τοῖς</strong></span> <span class='ocrx_word' id='word_1_567' title='bbox 1530 3993 1669 4045; x_wconf 81' lang='grc' dir='ltr'><strong>υἱέσι</strong></span> 
     </span>
    </p>
   </div>
   <div class='ocr_carea' id='block_1_77' title="bbox 59 4077 1670 4153">
    <p class='ocr_par' dir='ltr' id='par_1_77' title="bbox 59 4077 1670 4153">
     <span class='ocr_line' id='line_1_77' title="bbox 59 4077 1670 4153; baseline 0.001 -19"><span class='ocrx_word' id='word_1_568' title='bbox 59 4083 384 4153; x_wconf 65' lang='grc' dir='ltr'><strong>χρησάμενος,</strong></span> <span class='ocrx_word' id='word_1_569' title='bbox 411 4084 534 4137; x_wconf 74' lang='grc' dir='ltr'><strong>καὶ</strong></span> <span class='ocrx_word' id='word_1_570' title='bbox 568 4079 804 4148; x_wconf 82' lang='grc' dir='ltr'><strong>ταύτην</strong></span> <span class='ocrx_word' id='word_1_571' title='bbox 836 4079 916 4138; x_wconf 83' lang='grc' dir='ltr'><strong>είς</strong></span> <span class='ocrx_word' id='word_1_572' title='bbox 938 4077 1130 4140; x_wconf 77' lang='grc' dir='ltr'><strong>αὐτοὺς</strong></span> <span class='ocrx_word' id='word_1_573' title='bbox 1151 4080 1498 4134; x_wconf 84' lang='grc' dir='ltr'><strong>καταδιελών.</strong></span> <span class='ocrx_word' id='word_1_574' title='bbox 1523 4083 1670 4135; x_wconf 86' lang='grc' dir='ltr'><strong>Κων-</strong></span> 
     </span>
    </p>
   </div>
   <div class='ocr_carea' id='block_1_78' title="bbox 63 4167 1667 4246">
    <p class='ocr_par' dir='ltr' id='par_1_78' title="bbox 63 4167 1667 4246">
     <span class='ocr_line' id='line_1_78' title="bbox 63 4167 1667 4246; baseline 0.003 -24"><span class='ocrx_word' id='word_1_575' title='bbox 63 4177 278 4245; x_wconf 47' lang='lat' dir='ltr'><strong>mnia»?</strong></span> <span class='ocrx_word' id='word_1_576' title='bbox 315 4179 424 4246; x_wconf 72' lang='grc' dir='ltr'><strong>μὲν</strong></span> <span class='ocrx_word' id='word_1_577' title='bbox 467 4175 600 4244; x_wconf 73' lang='grc' dir='ltr'><strong>γὰρ</strong></span> <span class='ocrx_word' id='word_1_578' title='bbox 654 4169 742 4242; x_wconf 81' lang='grc' dir='ltr'><strong>τῷ</strong></span> <span class='ocrx_word' id='word_1_579' title='bbox 788 4167 994 4240; x_wconf 74' lang='grc' dir='ltr'><strong>μείζονι</strong></span> <span class='ocrx_word' id='word_1_580' title='bbox 1024 4169 1129 4221; x_wconf 84' lang='grc' dir='ltr'><strong>τῶν</strong></span> <span class='ocrx_word' id='word_1_581' title='bbox 1155 4170 1289 4222; x_wconf 78' lang='grc' dir='ltr'><strong>υἱῶν</strong></span> <span class='ocrx_word' id='word_1_582' title='bbox 1323 4171 1543 4241; x_wconf 73' lang='grc' dir='ltr'><strong>μείζονα</strong></span> <span class='ocrx_word' id='word_1_583' title='bbox 1575 4174 1667 4227; x_wconf 64' lang='grc' dir='ltr'><strong>κα)⁵</strong></span> 
     </span>
    </p>
   </div>
   <div class='ocr_carea' id='block_1_79' title="bbox 58 4260 1668 4339">
    <p class='ocr_par' dir='ltr' id='par_1_79' title="bbox 58 4260 1668 4339">
     <span class='ocr_line' id='line_1_79' title="bbox 58 4260 1668 4339; baseline 0.002 -26"><span class='ocrx_word' id='word_1_584' title='bbox 58 4267 129 4335; x_wconf 61' lang='grc' dir='ltr'><strong>τὴν</strong></span> <span class='ocrx_word' id='word_1_585' title='bbox 148 4269 314 4339; x_wconf 70' lang='grc' dir='ltr'><strong>ἀρχὴν</strong></span> <span class='ocrx_word' id='word_1_586' title='bbox 348 4265 724 4321; x_wconf 85' lang='grc' dir='ltr'><strong>καταλείπει</strong></span> <span class='ocrx_word' id='word_1_587' title='bbox 753 4279 768 4291; x_wconf 89' lang='grc'><strong>·</strong></span> <span class='ocrx_word' id='word_1_588' title='bbox 797 4261 899 4331; x_wconf 76' lang='grc' dir='ltr'><strong>τὴν</strong></span> <span class='ocrx_word' id='word_1_589' title='bbox 929 4260 985 4311; x_wconf 85' lang='grc' dir='ltr'><strong>δὲ</strong></span> <span class='ocrx_word' id='word_1_590' title='bbox 1010 4261 1269 4330; x_wconf 80' lang='grc' dir='ltr'><strong>διαθήκην</strong></span> <span class='ocrx_word' id='word_1_591' title='bbox 1314 4263 1668 4336; x_wconf 86' lang='grc' dir='ltr'><strong>πρεσϐυτέρῳ</strong></span> 
     </span>
    </p>
   </div>
   <div class='ocr_carea' id='block_1_80' title="bbox 58 4351 1668 4430">
    <p class='ocr_par' dir='ltr' id='par_1_80' title="bbox 58 4351 1668 4430">
     <span class='ocr_line' id='line_1_80' title="bbox 58 4351 1668 4430; baseline 0.003 -28"><span class='ocrx_word' id='word_1_592' title='bbox 58 4359 136 4407; x_wconf 62' lang='grc' dir='ltr'><strong>τινὶ</strong></span> <span class='ocrx_word' id='word_1_593' title='bbox 161 4354 546 4430; x_wconf 68' lang='grc' dir='ltr'><strong>παρατίθησι,</strong></span> <span class='ocrx_word' id='word_1_594' title='bbox 576 4353 788 4424; x_wconf 75' lang='grc' dir='ltr'><strong>κρύφα</strong></span> <span class='ocrx_word' id='word_1_595' title='bbox 821 4351 922 4422; x_wconf 79' lang='grc' dir='ltr'><strong>τὴν</strong></span> <span class='ocrx_word' id='word_1_596' title='bbox 952 4351 1157 4422; x_wconf 81' lang='grc' dir='ltr'><strong>Ἀρείου</strong></span> <span class='ocrx_word' id='word_1_597' title='bbox 1187 4353 1339 4406; x_wconf 87' lang='grc' dir='ltr'><strong>νόσον</strong></span> <span class='ocrx_word' id='word_1_598' title='bbox 1365 4354 1456 4406; x_wconf 76' lang='grc' dir='ltr'><strong>καὶ</strong></span> <span class='ocrx_word' id='word_1_599' title='bbox 1487 4357 1544 4407; x_wconf 87' lang='grc' dir='ltr'><strong>ὲν</strong></span> <span class='ocrx_word' id='word_1_600' title='bbox 1565 4373 1668 4426; x_wconf 84' lang='grc' dir='ltr'><strong>μυ-</strong></span> 
     </span>
    </p>
   </div>
   <div class='ocr_carea' id='block_1_81' title="bbox 59 4443 1669 4522">
    <p class='ocr_par' dir='ltr' id='par_1_81' title="bbox 59 4443 1669 4522">
     <span class='ocr_line' id='line_1_81' title="bbox 59 4443 1669 4522; baseline 0 -21"><span class='ocrx_word' id='word_1_601' title='bbox 59 4447 116 4515; x_wconf 67' lang='grc' dir='ltr'><strong>χῷ</strong></span> <span class='ocrx_word' id='word_1_602' title='bbox 142 4449 229 4518; x_wconf 74' lang='grc' dir='ltr'><strong>τῆς</strong></span> <span class='ocrx_word' id='word_1_603' title='bbox 254 4451 453 4522; x_wconf 61' lang='grc' dir='ltr'><strong>ᾁυχῆς</strong></span> <span class='ocrx_word' id='word_1_604' title='bbox 505 4447 811 4506; x_wconf 80' lang='grc' dir='ltr'><strong>νοσοῦντι,</strong></span> <span class='ocrx_word' id='word_1_605' title='bbox 859 4445 1008 4505; x_wconf 80' lang='grc' dir='ltr'><strong>ὅστις</strong></span> <span class='ocrx_word' id='word_1_606' title='bbox 1049 4443 1284 4513; x_wconf 79' lang='grc' dir='ltr'><strong>ἔκρυπτε</strong></span> <span class='ocrx_word' id='word_1_607' title='bbox 1339 4446 1432 4498; x_wconf 72' lang='grc' dir='ltr'><strong>καὶ</strong></span> <span class='ocrx_word' id='word_1_608' title='bbox 1463 4445 1669 4516; x_wconf 85' lang='grc' dir='ltr'><strong>ταύτην</strong></span> 
     </span>
    </p>
   </div>
   <div class='ocr_carea' id='block_1_82' title="bbox 1844 3804 3346 3879">
    <p class='ocr_par' dir='ltr' id='par_1_82' title="bbox 1844 3804 3346 3879">
     <span class='ocr_line' id='line_1_82' title="bbox 1844 3804 3346 3879; baseline 0.004 -17"><span class='ocrx_word' id='word_1_609' title='bbox 1844 3808 1931 3862; x_wconf 78' lang='grc'><strong>10.</strong></span> <span class='ocrx_word' id='word_1_610' title='bbox 1968 3806 2074 3862; x_wconf 89' lang='lat' dir='ltr'><strong>Sed</strong></span> <span class='ocrx_word' id='word_1_611' title='bbox 2130 3806 2337 3860; x_wconf 86' lang='lat' dir='ltr'><strong>interea</strong></span> <span class='ocrx_word' id='word_1_612' title='bbox 2378 3804 2467 3861; x_wconf 91' lang='lat' dir='ltr'><strong>ille</strong></span> <span class='ocrx_word' id='word_1_613' title='bbox 2513 3805 2677 3860; x_wconf 89' lang='lat' dir='ltr'><strong>vitam</strong></span> <span class='ocrx_word' id='word_1_614' title='bbox 2729 3807 2908 3874; x_wconf 90' lang='lat' dir='ltr'><strong>obiit,</strong></span> <span class='ocrx_word' id='word_1_615' title='bbox 2948 3808 3158 3879; x_wconf 92' lang='lat' dir='ltr'><strong>imperii</strong></span> <span class='ocrx_word' id='word_1_616' title='bbox 3201 3826 3346 3868; x_wconf 85' lang='lat' dir='ltr'><strong>anno</strong></span> 
     </span>
    </p>
   </div>
   <div class='ocr_carea' id='block_1_83' title="bbox 1775 3897 3347 3974">
    <p class='ocr_par' dir='ltr' id='par_1_83' title="bbox 1775 3897 3347 3974">
     <span class='ocr_line' id='line_1_83' title="bbox 1775 3897 3347 3974; baseline 0.003 -20"><span class='ocrx_word' id='word_1_617' title='bbox 1775 3898 2071 3965; x_wconf 86' lang='lat' dir='ltr'><strong>tricesimo,</strong></span> <span class='ocrx_word' id='word_1_618' title='bbox 2119 3897 2296 3952; x_wconf 84' lang='lat' dir='ltr'><strong>aetatis</strong></span> <span class='ocrx_word' id='word_1_619' title='bbox 2346 3897 2683 3967; x_wconf 76' lang='lat' dir='ltr'><strong>sexagesimo</strong></span> <span class='ocrx_word' id='word_1_620' title='bbox 2727 3900 2914 3968; x_wconf 90' lang='lat' dir='ltr'><strong>quinto</strong></span> <span class='ocrx_word' id='word_1_621' title='bbox 2960 3918 2973 3955; x_wconf 91' lang='lat'><strong>:</strong></span> <span class='ocrx_word' id='word_1_622' title='bbox 3021 3902 3347 3974; x_wconf 83' lang='lat' dir='ltr'><strong>imperiique</strong></span> 
     </span>
    </p>
   </div>
   <div class='ocr_carea' id='block_1_84' title="bbox 1771 3988 3345 4061">
    <p class='ocr_par' dir='ltr' id='par_1_84' title="bbox 1771 3988 3345 4061">
     <span class='ocr_line' id='line_1_84' title="bbox 1771 3988 3345 4061; baseline 0.004 -17"><span class='ocrx_word' id='word_1_623' title='bbox 1771 4004 2116 4044; x_wconf 84' lang='lat' dir='ltr'><strong>successores</strong></span> <span class='ocrx_word' id='word_1_624' title='bbox 2143 3988 2328 4042; x_wconf 91' lang='lat' dir='ltr'><strong>habuit</strong></span> <span class='ocrx_word' id='word_1_625' title='bbox 2353 3988 2513 4054; x_wconf 78' lang='lat' dir='ltr'><strong>illius,</strong></span> <span class='ocrx_word' id='word_1_626' title='bbox 2546 3989 2740 4057; x_wconf 89' lang='lat' dir='ltr'><strong>quibus</strong></span> <span class='ocrx_word' id='word_1_627' title='bbox 2769 3990 2898 4046; x_wconf 90' lang='lat' dir='ltr'><strong>illud</strong></span> <span class='ocrx_word' id='word_1_628' title='bbox 2930 3993 3108 4061; x_wconf 88' lang='lat' dir='ltr'><strong>ipsum</strong></span> <span class='ocrx_word' id='word_1_629' title='bbox 3140 3995 3345 4050; x_wconf 87' lang='lat' dir='ltr'><strong>divise-</strong></span> 
     </span>
    </p>
   </div>
   <div class='ocr_carea' id='block_1_85' title="bbox 1772 4078 3348 4154">
    <p class='ocr_par' dir='ltr' id='par_1_85' title="bbox 1772 4078 3348 4154">
     <span class='ocr_line' id='line_1_85' title="bbox 1772 4078 3348 4154; baseline 0.004 -20"><span class='ocrx_word' id='word_1_630' title='bbox 1772 4086 1876 4136; x_wconf 81' lang='lat' dir='ltr'><strong>rat.</strong></span> <span class='ocrx_word' id='word_1_631' title='bbox 1919 4079 2090 4136; x_wconf 80' lang='lat' dir='ltr'><strong>Porro</strong></span> <span class='ocrx_word' id='word_1_632' title='bbox 2111 4078 2466 4134; x_wconf 81' lang='lat' dir='ltr'><strong>Constantino</strong></span> <span class='ocrx_word' id='word_1_633' title='bbox 2497 4081 2728 4137; x_wconf 83' lang='lat' dir='ltr'><strong>ﬁliorum</strong></span> <span class='ocrx_word' id='word_1_634' title='bbox 2775 4084 2985 4154; x_wconf 87' lang='lat' dir='ltr'><strong>majori,</strong></span> <span class='ocrx_word' id='word_1_635' title='bbox 3021 4085 3192 4153; x_wconf 87' lang='lat' dir='ltr'><strong>majus</strong></span> <span class='ocrx_word' id='word_1_636' title='bbox 3219 4087 3348 4142; x_wconf 87' lang='lat' dir='ltr'><strong>reli-</strong></span> 
     </span>
    </p>
   </div>
   <div class='ocr_carea' id='block_1_86' title="bbox 1773 4173 3340 4246">
    <p class='ocr_par' dir='ltr' id='par_1_86' title="bbox 1773 4173 3340 4246">
     <span class='ocr_line' id='line_1_86' title="bbox 1773 4173 3340 4246; baseline 0.003 -21"><span class='ocrx_word' id='word_1_637' title='bbox 1773 4173 1890 4242; x_wconf 86' lang='lat' dir='ltr'><strong>quit</strong></span> <span class='ocrx_word' id='word_1_638' title='bbox 1923 4173 2204 4240; x_wconf 90' lang='lat' dir='ltr'><strong>imperium</strong></span> <span class='ocrx_word' id='word_1_639' title='bbox 2231 4191 2244 4226; x_wconf 90' lang='lat'><strong>:</strong></span> <span class='ocrx_word' id='word_1_640' title='bbox 2273 4180 2758 4243; x_wconf 88' lang='lat' dir='ltr'><strong>testamentumque</strong></span> <span class='ocrx_word' id='word_1_641' title='bbox 2787 4176 3102 4246; x_wconf 85' lang='lat' dir='ltr'><strong>presbytero</strong></span> <span class='ocrx_word' id='word_1_642' title='bbox 3126 4177 3340 4230; x_wconf 87' lang='lat' dir='ltr'><strong>cuidam</strong></span> 
     </span>
    </p>
   </div>
   <div class='ocr_carea' id='block_1_87' title="bbox 1773 4249 3348 4327">
    <p class='ocr_par' dir='ltr' id='par_1_87' title="bbox 1773 4249 3348 4327">
     <span class='ocr_line' id='line_1_87' title="bbox 1773 4249 3348 4327; baseline 0 -10"><span class='ocrx_word' id='word_1_643' title='bbox 1773 4261 2080 4327; x_wconf 90' lang='lat' dir='ltr'><strong>committit,</strong></span> <span class='ocrx_word' id='word_1_644' title='bbox 2107 4249 2325 4315; x_wconf 52' lang='lat' dir='ltr'><strong>clam&#39;et</strong></span> <span class='ocrx_word' id='word_1_645' title='bbox 2347 4262 2396 4315; x_wconf 90' lang='lat' dir='ltr'><strong>in</strong></span> <span class='ocrx_word' id='word_1_646' title='bbox 2429 4261 2638 4317; x_wconf 90' lang='lat' dir='ltr'><strong>occulto</strong></span> <span class='ocrx_word' id='word_1_647' title='bbox 2654 4262 2844 4316; x_wconf 66' lang='lat' dir='ltr'><strong>animm</strong></span> <span class='ocrx_word' id='word_1_648' title='bbox 2877 4277 2986 4317; x_wconf 73' lang='lat' dir='ltr'><strong>sua:</strong></span> <span class='ocrx_word' id='word_1_649' title='bbox 3005 4263 3117 4317; x_wconf 79' lang='lat' dir='ltr'><strong>Arii</strong></span> <span class='ocrx_word' id='word_1_650' title='bbox 3157 4265 3348 4319; x_wconf 91' lang='lat' dir='ltr'><strong>morbo</strong></span> 
     </span>
    </p>
   </div>
   <div class='ocr_carea' id='block_1_88' title="bbox 1776 4354 3341 4423">
    <p class='ocr_par' dir='ltr' id='par_1_88' title="bbox 1776 4354 3341 4423">
     <span class='ocr_line' id='line_1_88' title="bbox 1776 4354 3341 4423; baseline 0.001 -17"><span class='ocrx_word' id='word_1_651' title='bbox 1776 4354 2066 4418; x_wconf 87' lang='lat' dir='ltr'><strong>laboranti,</strong></span> <span class='ocrx_word' id='word_1_652' title='bbox 2102 4355 2193 4423; x_wconf 89' lang='lat' dir='ltr'><strong>qui</strong></span> <span class='ocrx_word' id='word_1_653' title='bbox 2240 4369 2344 4406; x_wconf 90' lang='lat' dir='ltr'><strong>una</strong></span> <span class='ocrx_word' id='word_1_654' title='bbox 2375 4358 2759 4408; x_wconf 86' lang='lat' dir='ltr'><strong>testamentum</strong></span> <span class='ocrx_word' id='word_1_655' title='bbox 2803 4362 2856 4408; x_wconf 92' lang='lat' dir='ltr'><strong>et</strong></span> <span class='ocrx_word' id='word_1_656' title='bbox 2887 4356 3134 4408; x_wconf 90' lang='lat' dir='ltr'><strong>morbum</strong></span> <span class='ocrx_word' id='word_1_657' title='bbox 3183 4370 3341 4408; x_wconf 88' lang='lat' dir='ltr'><strong>suum</strong></span> 
     </span>
    </p>
   </div>
   <div class='ocr_carea' id='block_1_89' title="bbox 1777 4444 3344 4513">
    <p class='ocr_par' dir='ltr' id='par_1_89' title="bbox 1777 4444 3344 4513">
     <span class='ocr_line' id='line_1_89' title="bbox 1777 4444 3344 4513; baseline -0.001 -14"><span class='ocrx_word' id='word_1_658' title='bbox 1777 4445 1990 4499; x_wconf 80' lang='lat' dir='ltr'><strong>celabat</strong></span> <span class='ocrx_word' id='word_1_659' title='bbox 2025 4463 2037 4499; x_wconf 94' lang='lat'><strong>:</strong></span> <span class='ocrx_word' id='word_1_660' title='bbox 2068 4460 2096 4497; x_wconf 93' lang='lat' dir='ltr'><strong>a</strong></span> <span class='ocrx_word' id='word_1_661' title='bbox 2142 4444 2432 4512; x_wconf 83' lang='lat' dir='ltr'><strong>multisque</strong></span> <span class='ocrx_word' id='word_1_662' title='bbox 2483 4444 2878 4513; x_wconf 72' lang='lat' dir='ltr'><strong>intermgatus,</strong></span> <span class='ocrx_word' id='word_1_663' title='bbox 2935 4461 3003 4496; x_wconf 90' lang='lat' dir='ltr'><strong>an</strong></span> <span class='ocrx_word' id='word_1_664' title='bbox 3051 4444 3344 4512; x_wconf 87' lang='lat' dir='ltr'><strong>imperator</strong></span> 
     </span>
    </p>
   </div>
   <div class='ocr_carea' id='block_1_90' title="bbox 65 4533 1670 4612">
    <p class='ocr_par' dir='ltr' id='par_1_90' title="bbox 65 4535 1670 4612">
     <span class='ocr_line' id='line_1_90' title="bbox 65 4535 1670 4612; baseline 0.001 -24"><span class='ocrx_word' id='word_1_665' title='bbox 65 4542 168 4602; x_wconf 54' lang='grc' dir='ltr'><strong>μετὰ</strong></span> <span class='ocrx_word' id='word_1_666' title='bbox 206 4543 308 4612; x_wconf 76' lang='grc' dir='ltr'><strong>τῆς</strong></span> <span class='ocrx_word' id='word_1_667' title='bbox 349 4543 550 4595; x_wconf 85' lang='grc' dir='ltr'><strong>νόσου</strong></span> <span class='ocrx_word' id='word_1_668' title='bbox 577 4556 592 4570; x_wconf 78' lang='grc' dir='ltr'><strong>ο</strong></span> <span class='ocrx_word' id='word_1_669' title='bbox 643 4537 751 4591; x_wconf 75' lang='grc' dir='ltr'><strong>καὶ</strong></span> <span class='ocrx_word' id='word_1_670' title='bbox 797 4535 949 4606; x_wconf 85' lang='grc' dir='ltr'><strong>παρά</strong></span> <span class='ocrx_word' id='word_1_671' title='bbox 976 4535 1183 4588; x_wconf 79' lang='grc' dir='ltr'><strong>πολλῶν</strong></span> <span class='ocrx_word' id='word_1_672' title='bbox 1215 4536 1586 4606; x_wconf 75' lang='grc' dir='ltr'><strong>ἐρωτώμενος,</strong></span> <span class='ocrx_word' id='word_1_673' title='bbox 1625 4539 1670 4589; x_wconf 84' lang='grc' dir='ltr'><strong>εί</strong></span> 
     </span>
    </p>
   </div>
   <div class='ocr_carea' id='block_1_91' title="bbox 1776 4533 3343 4612">
    <p class='ocr_par' dir='ltr' id='par_1_91' title="bbox 1779 4533 3343 4602">
     <span class='ocr_line' id='line_1_91' title="bbox 1779 4533 3343 4602; baseline -0.001 -13"><span class='ocrx_word' id='word_1_674' title='bbox 1779 4544 1973 4590; x_wconf 91' lang='lat' dir='ltr'><strong>testato</strong></span> <span class='ocrx_word' id='word_1_675' title='bbox 2025 4537 2370 4598; x_wconf 86' lang='lat' dir='ltr'><strong>decessisset,</strong></span> <span class='ocrx_word' id='word_1_676' title='bbox 2415 4548 2729 4602; x_wconf 86' lang='lat' dir='ltr'><strong>responsum</strong></span> <span class='ocrx_word' id='word_1_677' title='bbox 2771 4533 3021 4595; x_wconf 80' lang='lat' dir='ltr'><strong>distulit,</strong></span> <span class='ocrx_word' id='word_1_678' title='bbox 3057 4543 3218 4600; x_wconf 85' lang='lat' dir='ltr'><strong>atque</strong></span> <span class='ocrx_word' id='word_1_679' title='bbox 3249 4548 3343 4587; x_wconf 87' lang='lat' dir='ltr'><strong>oc-</strong></span> 
     </span>
    </p>
   </div>
   <div class='ocr_carea' id='block_1_92' title="bbox 62 4625 1669 4703">
    <p class='ocr_par' dir='ltr' id='par_1_92' title="bbox 62 4625 1669 4703">
     <span class='ocr_line' id='line_1_92' title="bbox 62 4625 1669 4703; baseline 0.004 -29"><span class='ocrx_word' id='word_1_680' title='bbox 163 4631 462 4703; x_wconf 62' lang='grc' dir='ltr'><strong>ἆαθὴκαις</strong></span> <span class='ocrx_word' id='word_1_681' title='bbox 530 4631 564 4682; x_wconf 86' lang='grc' dir='ltr'><strong>ὀ</strong></span> <span class='ocrx_word' id='word_1_682' title='bbox 611 4625 886 4698; x_wconf 76' lang='grc' dir='ltr'><strong>βασιλεὺς</strong></span> <span class='ocrx_word' id='word_1_683' title='bbox 934 4625 1333 4696; x_wconf 66' lang='grc' dir='ltr'><strong>τελευτήσειεν,</strong></span> <span class='ocrx_word' id='word_1_684' title='bbox 1375 4628 1546 4679; x_wconf 84' lang='grc' dir='ltr'><strong>είπείν</strong></span> <span class='ocrx_word' id='word_1_685' title='bbox 1583 4627 1669 4680; x_wconf 83' lang='grc' dir='ltr'><strong>ἀν·</strong></span> 
     </span>
    </p>
   </div>
   <div class='ocr_carea' id='block_1_93' title="bbox 62 4715 1669 4789">
    <p class='ocr_par' dir='ltr' id='par_1_93' title="bbox 62 4715 1669 4789">
     <span class='ocr_line' id='line_1_93' title="bbox 62 4715 1669 4789; baseline -0.003 -14"><span class='ocrx_word' id='word_1_686' title='bbox 62 4719 270 4776; x_wconf 62' lang='grc' dir='ltr'><strong>εεῦὶετο</strong></span> <span class='ocrx_word' id='word_1_687' title='bbox 288 4742 302 4754; x_wconf 71' lang='grc'>⁶</span> <span class='ocrx_word' id='word_1_688' title='bbox 339 4721 686 4782; x_wconf 83' lang='grc' dir='ltr'><strong>κοινωνοὺς</strong></span> <span class='ocrx_word' id='word_1_689' title='bbox 715 4716 868 4770; x_wconf 78' lang='grc' dir='ltr'><strong>οὕτω</strong></span> <span class='ocrx_word' id='word_1_690' title='bbox 889 4715 1209 4787; x_wconf 82' lang='grc' dir='ltr'><strong>πράγματος</strong></span> <span class='ocrx_word' id='word_1_691' title='bbox 1241 4718 1552 4789; x_wconf 75' lang='grc' dir='ltr'><strong>ἀπορρήτου</strong></span> <span class='ocrx_word' id='word_1_692' title='bbox 1576 4719 1669 4770; x_wconf 76' lang='grc' dir='ltr'><strong>καὶ</strong></span> 
     </span>
    </p>
   </div>
   <div class='ocr_carea' id='block_1_94' title="bbox 64 4806 1669 4878">
    <p class='ocr_par' dir='ltr' id='par_1_94' title="bbox 64 4806 1669 4878">
     <span class='ocr_line' id='line_1_94' title="bbox 64 4806 1669 4878; baseline 0.001 -19"><span class='ocrx_word' id='word_1_693' title='bbox 64 4812 154 4875; x_wconf 54' lang='grc' dir='ltr'><strong>τοὺς</strong></span> <span class='ocrx_word' id='word_1_694' title='bbox 175 4817 580 4874; x_wconf 79' lang='grc' dir='ltr'><strong>οἰκειοτάτους</strong></span> <span class='ocrx_word' id='word_1_695' title='bbox 611 4809 736 4862; x_wconf 85' lang='grc' dir='ltr'><strong>τῶν</strong></span> <span class='ocrx_word' id='word_1_696' title='bbox 772 4806 1036 4876; x_wconf 82' lang='grc' dir='ltr'><strong>βασιλέως</strong></span> <span class='ocrx_word' id='word_1_697' title='bbox 1063 4806 1330 4877; x_wconf 80' lang='grc' dir='ltr'><strong>εὐνούχων</strong></span> <span class='ocrx_word' id='word_1_698' title='bbox 1360 4807 1669 4878; x_wconf 78' lang='grc' dir='ltr'><strong>πεποιημέ-</strong></span> 
     </span>
    </p>
   </div>
   <div class='ocr_carea' id='block_1_95' title="bbox 61 4899 1670 4976">
    <p class='ocr_par' dir='ltr' id='par_1_95' title="bbox 61 4899 1670 4976">
     <span class='ocr_line' id='line_1_95' title="bbox 61 4899 1670 4976; baseline -0.002 -21"><span class='ocrx_word' id='word_1_699' title='bbox 61 4918 141 4962; x_wconf 67' lang='grc' dir='ltr'><strong>νις.</strong></span> <span class='ocrx_word' id='word_1_700' title='bbox 169 4907 320 4960; x_wconf 75' lang='grc' dir='ltr'><strong>Ἐπεὶ</strong></span> <span class='ocrx_word' id='word_1_701' title='bbox 351 4906 418 4958; x_wconf 76' lang='grc' dir='ltr'><strong>δὲ</strong></span> <span class='ocrx_word' id='word_1_702' title='bbox 447 4901 858 4976; x_wconf 83' lang='grc' dir='ltr'><strong>βραδύναντος</strong></span> <span class='ocrx_word' id='word_1_703' title='bbox 879 4899 1283 4952; x_wconf 85' lang='grc' dir='ltr'><strong>Κωνσταντίνου</strong></span> <span class='ocrx_word' id='word_1_704' title='bbox 1307 4901 1434 4968; x_wconf 58' lang='grc' dir='ltr'><strong>περὶ⁵</strong></span> <span class='ocrx_word' id='word_1_705' title='bbox 1456 4899 1552 4970; x_wconf 85' lang='grc' dir='ltr'><strong>τὴν</strong></span> <span class='ocrx_word' id='word_1_706' title='bbox 1583 4900 1670 4952; x_wconf 79' lang='grc' dir='ltr'><strong>ἄν·</strong></span> 
     </span>
    </p>
   </div>
   <div class='ocr_carea' id='block_1_96' title="bbox 65 4990 1676 5067">
    <p class='ocr_par' dir='ltr' id='par_1_96' title="bbox 65 4990 1676 5067">
     <span class='ocr_line' id='line_1_96' title="bbox 65 4990 1676 5067; baseline 0.003 -29"><span class='ocrx_word' id='word_1_707' title='bbox 65 4991 169 5055; x_wconf 68' lang='lat' dir='ltr'><strong>o’m,</strong></span> <span class='ocrx_word' id='word_1_708' title='bbox 198 4997 227 5046; x_wconf 73' lang='grc' dir='ltr'><strong>ὁ</strong></span> <span class='ocrx_word' id='word_1_709' title='bbox 249 4997 456 5067; x_wconf 74' lang='grc' dir='ltr'><strong>τρίτος</strong></span> <span class='ocrx_word' id='word_1_710' title='bbox 484 4993 611 5048; x_wconf 85' lang='grc' dir='ltr'><strong>τῶν</strong></span> <span class='ocrx_word' id='word_1_711' title='bbox 646 4991 791 5043; x_wconf 81' lang='grc' dir='ltr'><strong>υίῶν</strong></span> <span class='ocrx_word' id='word_1_712' title='bbox 819 4990 1193 5054; x_wconf 83' lang='grc' dir='ltr'><strong>Κωνστάντιος</strong></span> <span class='ocrx_word' id='word_1_713' title='bbox 1251 4990 1467 5062; x_wconf 84' lang='grc' dir='ltr'><strong>πρῶτος</strong></span> <span class='ocrx_word' id='word_1_714' title='bbox 1500 5006 1676 5059; x_wconf 73' lang='grc' dir='ltr'><strong>’παρα⁸</strong></span> 
     </span>
    </p>
   </div>
   <div class='ocr_carea' id='block_1_97' title="bbox 59 5080 1668 5154">
    <p class='ocr_par' dir='ltr' id='par_1_97' title="bbox 59 5080 1668 5154">
     <span class='ocr_line' id='line_1_97' title="bbox 59 5080 1668 5154; baseline 0.001 -22"><span class='ocrx_word' id='word_1_715' title='bbox 59 5083 231 5144; x_wconf 55' lang='grc' dir='ltr'><strong>τὲγδιτο</strong></span> <span class='ocrx_word' id='word_1_716' title='bbox 250 5088 310 5152; x_wconf 72' lang='grc' dir='ltr'><strong>ἐξ</strong></span> <span class='ocrx_word' id='word_1_717' title='bbox 346 5082 754 5154; x_wconf 81' lang='grc' dir='ltr'><strong>Ἀντιοχείας,</strong></span> <span class='ocrx_word' id='word_1_718' title='bbox 786 5080 1080 5151; x_wconf 73' lang='grc' dir='ltr'><strong>ἐγχειρίζει</strong></span> <span class='ocrx_word' id='word_1_719' title='bbox 1103 5080 1375 5153; x_wconf 87' lang='grc' dir='ltr'><strong>λαθραίως</strong></span> <span class='ocrx_word' id='word_1_720' title='bbox 1401 5081 1549 5152; x_wconf 80' lang='grc' dir='ltr'><strong>αὐτῷ</strong></span> <span class='ocrx_word' id='word_1_721' title='bbox 1570 5082 1668 5153; x_wconf 77' lang='grc' dir='ltr'><strong>τὴν</strong></span> 
     </span>
    </p>
   </div>
   <div class='ocr_carea' id='block_1_98' title="bbox 63 5171 1668 5245">
    <p class='ocr_par' dir='ltr' id='par_1_98' title="bbox 63 5171 1668 5245">
     <span class='ocr_line' id='line_1_98' title="bbox 63 5171 1668 5245; baseline 0.006 -29"><span class='ocrx_word' id='word_1_722' title='bbox 63 5171 133 5221; x_wconf 60' lang='lat' dir='ltr'><strong>te;</strong></span> <span class='ocrx_word' id='word_1_723' title='bbox 154 5178 355 5245; x_wconf 68' lang='grc' dir='ltr'><strong>πατρὸς</strong></span> <span class='ocrx_word' id='word_1_724' title='bbox 386 5176 719 5243; x_wconf 78' lang='grc' dir='ltr'><strong>διαθήκην,</strong></span> <span class='ocrx_word' id='word_1_725' title='bbox 749 5173 846 5224; x_wconf 70' lang='grc' dir='ltr'><strong>καὶ</strong></span> <span class='ocrx_word' id='word_1_726' title='bbox 871 5171 1038 5241; x_wconf 83' lang='grc' dir='ltr'><strong>μόνην</strong></span> <span class='ocrx_word' id='word_1_727' title='bbox 1064 5174 1188 5244; x_wconf 82' lang='grc' dir='ltr'><strong>παρ’</strong></span> <span class='ocrx_word' id='word_1_728' title='bbox 1217 5172 1379 5225; x_wconf 79' lang='grc' dir='ltr'><strong>αὑτοῦ</strong></span> <span class='ocrx_word' id='word_1_729' title='bbox 1417 5173 1510 5226; x_wconf 75' lang='grc' dir='ltr'><strong>καὶ</strong></span> <span class='ocrx_word' id='word_1_730' title='bbox 1542 5172 1668 5244; x_wconf 86' lang='grc' dir='ltr'><strong>μίαν</strong></span> 
     </span>
    </p>
   </div>
   <div class='ocr_carea' id='block_1_99' title="bbox 59 5261 1668 5338">
    <p class='ocr_par' dir='ltr' id='par_1_99' title="bbox 59 5261 1668 5338">
     <span class='ocr_line' id='line_1_99' title="bbox 59 5261 1668 5338; baseline 0.005 -29"><span class='ocrx_word' id='word_1_731' title='bbox 59 5265 170 5315; x_wconf 65' lang='lat' dir='ltr'><strong>sitsi</strong></span> <span class='ocrx_word' id='word_1_732' title='bbox 194 5270 385 5338; x_wconf 69' lang='grc' dir='ltr'><strong>χάριν,</strong></span> <span class='ocrx_word' id='word_1_733' title='bbox 429 5268 592 5320; x_wconf 80' lang='grc' dir='ltr'><strong>ὥστε</strong></span> <span class='ocrx_word' id='word_1_734' title='bbox 628 5266 755 5326; x_wconf 88' lang='grc' dir='ltr'><strong>τοῖς</strong></span> <span class='ocrx_word' id='word_1_735' title='bbox 795 5261 1004 5333; x_wconf 81' lang='grc' dir='ltr'><strong>Ἀρείου</strong></span> <span class='ocrx_word' id='word_1_736' title='bbox 1051 5264 1298 5317; x_wconf 85' lang='grc' dir='ltr'><strong>κάκεῖνον</strong></span> <span class='ocrx_word' id='word_1_737' title='bbox 1320 5265 1668 5336; x_wconf 86' lang='grc' dir='ltr'><strong>συναπαχθῆ-</strong></span> 
     </span>
    </p>
   </div>
   <div class='ocr_carea' id='block_1_100' title="bbox 62 5351 1666 5428">
    <p class='ocr_par' dir='ltr' id='par_1_100' title="bbox 62 5351 1666 5428">
     <span class='ocr_line' id='line_1_100' title="bbox 62 5351 1666 5428; baseline 0.003 -26"><span class='ocrx_word' id='word_1_738' title='bbox 62 5371 128 5403; x_wconf 56' lang='lat' dir='ltr'><strong>ur.</strong></span> <span class='ocrx_word' id='word_1_739' title='bbox 147 5375 159 5385; x_wconf 86' lang='lat'><strong>-</strong></span> <span class='ocrx_word' id='word_1_740' title='bbox 189 5361 281 5411; x_wconf 69' lang='lat' dir='ltr'><strong>xu&quot;.</strong></span> <span class='ocrx_word' id='word_1_741' title='bbox 308 5359 545 5428; x_wconf 80' lang='grc' dir='ltr'><strong>ταύτην</strong></span> <span class='ocrx_word' id='word_1_742' title='bbox 579 5353 837 5425; x_wconf 75' lang='grc' dir='ltr'><strong>ἀμοιϐὴν</strong></span> <span class='ocrx_word' id='word_1_743' title='bbox 882 5352 977 5422; x_wconf 83' lang='grc' dir='ltr'><strong>τῆς</strong></span> <span class='ocrx_word' id='word_1_744' title='bbox 1001 5351 1276 5421; x_wconf 81' lang='grc' dir='ltr'><strong>βασιλείας</strong></span> <span class='ocrx_word' id='word_1_745' title='bbox 1315 5355 1392 5424; x_wconf 77' lang='grc' dir='ltr'><strong>τῷ</strong></span> <span class='ocrx_word' id='word_1_746' title='bbox 1414 5353 1666 5425; x_wconf 84' lang='grc' dir='ltr'><strong>ἀθανάτῳ</strong></span> 
     </span>
    </p>
   </div>
   <div class='ocr_carea' id='block_1_101' title="bbox 59 5443 1666 5523">
    <p class='ocr_par' dir='ltr' id='par_1_101' title="bbox 59 5443 1666 5523">
     <span class='ocr_line' id='line_1_101' title="bbox 59 5443 1666 5523; baseline 0.001 -27"><span class='ocrx_word' id='word_1_747' title='bbox 59 5443 240 5508; x_wconf 60' lang='grc' dir='ltr'><strong>ῥιπλεί</strong></span> <span class='ocrx_word' id='word_1_748' title='bbox 275 5449 528 5523; x_wconf 78' lang='grc' dir='ltr'><strong>Χριστῷ</strong></span> <span class='ocrx_word' id='word_1_749' title='bbox 573 5447 801 5506; x_wconf 83' lang='grc' dir='ltr'><strong>δίδωσι,</strong></span> <span class='ocrx_word' id='word_1_750' title='bbox 852 5443 914 5496; x_wconf 80' lang='grc' dir='ltr'><strong>τὸ</strong></span> <span class='ocrx_word' id='word_1_751' title='bbox 965 5446 1037 5515; x_wconf 78' lang='grc' dir='ltr'><strong>μὴ</strong></span> <span class='ocrx_word' id='word_1_752' title='bbox 1079 5445 1208 5498; x_wconf 81' lang='grc' dir='ltr'><strong>Θεὸν</strong></span> <span class='ocrx_word' id='word_1_753' title='bbox 1254 5446 1434 5508; x_wconf 81' lang='grc' dir='ltr'><strong>αὑτὸν,</strong></span> <span class='ocrx_word' id='word_1_754' title='bbox 1482 5445 1527 5498; x_wconf 83' lang='grc' dir='ltr'><strong>ὣ</strong></span> <span class='ocrx_word' id='word_1_755' title='bbox 1567 5448 1666 5517; x_wconf 83' lang='grc' dir='ltr'><strong>τῆς</strong></span> 
     </span>
    </p>
   </div>
   <div class='ocr_carea' id='block_1_102' title="bbox 63 5532 1666 5613">
    <p class='ocr_par' dir='ltr' id='par_1_102' title="bbox 63 5532 1666 5613">
     <span class='ocr_line' id='line_1_102' title="bbox 63 5532 1666 5613; baseline -0.001 -24"><span class='ocrx_word' id='word_1_756' title='bbox 63 5538 327 5605; x_wconf 66' lang='grc' dir='ltr'><strong>ἁτωοίαςῑ</strong></span> <span class='ocrx_word' id='word_1_757' title='bbox 397 5543 548 5613; x_wconf 82' lang='grc' dir='ltr'><strong>μηδὲ</strong></span> <span class='ocrx_word' id='word_1_758' title='bbox 582 5538 692 5593; x_wconf 91' lang='grc' dir='ltr'><strong>τοῦ</strong></span> <span class='ocrx_word' id='word_1_759' title='bbox 726 5535 932 5598; x_wconf 79' lang='grc' dir='ltr'><strong>παντὸς</strong></span> <span class='ocrx_word' id='word_1_760' title='bbox 963 5532 1099 5590; x_wconf 80' lang='grc' dir='ltr'><strong>εἶναι</strong></span> <span class='ocrx_word' id='word_1_761' title='bbox 1125 5537 1200 5608; x_wconf 86' lang='lat' dir='ltr'><strong>(d)</strong></span> <span class='ocrx_word' id='word_1_762' title='bbox 1224 5537 1505 5606; x_wconf 74' lang='grc' dir='ltr'><strong>δεσπότην.</strong></span> <span class='ocrx_word' id='word_1_763' title='bbox 1535 5539 1666 5588; x_wconf 85' lang='grc' dir='ltr'><strong>Συν-</strong></span> 
     </span>
    </p>
   </div>
   <div class='ocr_carea' id='block_1_103' title="bbox 114 5675 1552 5748">
    <p class='ocr_par' dir='ltr' id='par_1_103' title="bbox 114 5675 1552 5748">
     <span class='ocr_line' id='line_1_103' title="bbox 114 5675 1552 5748; baseline 0.002 -21"><span class='ocrx_word' id='word_1_764' title='bbox 114 5677 184 5741; x_wconf 69' lang='grc' dir='ltr'><strong>(ε)</strong></span> <span class='ocrx_word' id='word_1_765' title='bbox 211 5678 298 5748; x_wconf 73' lang='lat' dir='ltr'><strong>ita</strong></span> <span class='ocrx_word' id='word_1_766' title='bbox 330 5693 491 5733; x_wconf 78' lang='lat' dir='ltr'><strong>mss.</strong></span> <span class='ocrx_word' id='word_1_767' title='bbox 515 5677 672 5748; x_wconf 79' lang='lat' dir='ltr'><strong>Editi</strong></span> <span class='ocrx_word' id='word_1_768' title='bbox 719 5689 874 5738; x_wconf 82' lang='lat' dir='ltr'><strong>vero,</strong></span> <span class='ocrx_word' id='word_1_769' title='bbox 895 5675 1050 5748; x_wconf 84' lang='lat' dir='ltr'><strong>male,</strong></span> <span class='ocrx_word' id='word_1_770' title='bbox 1086 5675 1372 5748; x_wconf 83' lang='grc' dir='ltr'><strong>ἀνθρώπου</strong></span> <span class='ocrx_word' id='word_1_771' title='bbox 1404 5676 1552 5746; x_wconf 83' lang='grc' dir='ltr'><strong>βίων.</strong></span> 
     </span>
    </p>
   </div>
   <div class='ocr_carea' id='block_1_104' title="bbox 117 5745 1310 5816">
    <p class='ocr_par' dir='ltr' id='par_1_104' title="bbox 117 5745 1310 5816">
     <span class='ocr_line' id='line_1_104' title="bbox 117 5745 1310 5816; baseline 0.003 -21"><span class='ocrx_word' id='word_1_772' title='bbox 117 5748 183 5809; x_wconf 68' lang='lat' dir='ltr'><strong>ib)</strong></span> <span class='ocrx_word' id='word_1_773' title='bbox 217 5747 297 5801; x_wconf 75' lang='lat' dir='ltr'><strong>lu</strong></span> <span class='ocrx_word' id='word_1_774' title='bbox 330 5765 489 5802; x_wconf 61' lang='lat' dir='ltr'><strong>mss.</strong></span> <span class='ocrx_word' id='word_1_775' title='bbox 514 5747 666 5800; x_wconf 74' lang='lat' dir='ltr'><strong>Etliti</strong></span> <span class='ocrx_word' id='word_1_776' title='bbox 707 5759 862 5807; x_wconf 84' lang='lat' dir='ltr'><strong>vero,</strong></span> <span class='ocrx_word' id='word_1_777' title='bbox 897 5745 1310 5816; x_wconf 78' lang='grc' dir='ltr'><strong>ἐπιλεγομένων.</strong></span> 
     </span>
    </p>
   </div>
   <div class='ocr_carea' id='block_1_105' title="bbox 115 5815 1655 5883">
    <p class='ocr_par' dir='ltr' id='par_1_105' title="bbox 115 5815 1655 5883">
     <span class='ocr_line' id='line_1_105' title="bbox 115 5815 1655 5883; baseline 0 -13"><span class='ocrx_word' id='word_1_778' title='bbox 115 5817 182 5870; x_wconf 70' lang='grc' dir='ltr'><strong>(ει</strong></span> <span class='ocrx_word' id='word_1_779' title='bbox 211 5819 307 5873; x_wconf 81' lang='lat' dir='ltr'><strong>Sic</strong></span> <span class='ocrx_word' id='word_1_780' title='bbox 347 5834 500 5872; x_wconf 84' lang='lat' dir='ltr'><strong>mss.</strong></span> <span class='ocrx_word' id='word_1_781' title='bbox 533 5817 688 5871; x_wconf 82' lang='lat' dir='ltr'><strong>Editi</strong></span> <span class='ocrx_word' id='word_1_782' title='bbox 729 5828 883 5876; x_wconf 79' lang='lat' dir='ltr'><strong>vero,</strong></span> <span class='ocrx_word' id='word_1_783' title='bbox 927 5815 1240 5882; x_wconf 74' lang='grc' dir='ltr'><strong>φυλάττοντι</strong></span> <span class='ocrx_word' id='word_1_784' title='bbox 1272 5817 1451 5872; x_wconf 77' lang='grc' dir='ltr'><strong>οἱονεί.</strong></span> <span class='ocrx_word' id='word_1_785' title='bbox 1494 5815 1655 5883; x_wconf 79' lang='lat' dir='ltr'><strong>Infra,</strong></span> 
     </span>
    </p>
   </div>
   <div class='ocr_carea' id='block_1_106' title="bbox 1775 4623 3344 4697">
    <p class='ocr_par' dir='ltr' id='par_1_106' title="bbox 1775 4623 3344 4697">
     <span class='ocr_line' id='line_1_106' title="bbox 1775 4623 3344 4697; baseline -0.003 -15"><span class='ocrx_word' id='word_1_786' title='bbox 1775 4626 1905 4682; x_wconf 90' lang='lat' dir='ltr'><strong>culti</strong></span> <span class='ocrx_word' id='word_1_787' title='bbox 1942 4626 2140 4697; x_wconf 83' lang='lat' dir='ltr'><strong>negotii</strong></span> <span class='ocrx_word' id='word_1_788' title='bbox 2194 4625 2472 4680; x_wconf 88' lang='lat' dir='ltr'><strong>eunuchos</strong></span> <span class='ocrx_word' id='word_1_789' title='bbox 2517 4624 2828 4692; x_wconf 88' lang='lat' dir='ltr'><strong>imperatori</strong></span> <span class='ocrx_word' id='word_1_790' title='bbox 2886 4623 3344 4678; x_wconf 80' lang='lat' dir='ltr'><strong>familiarissimos</strong></span> 
     </span>
    </p>
   </div>
   <div class='ocr_carea' id='block_1_107' title="bbox 1774 4714 3347 4776">
    <p class='ocr_par' dir='ltr' id='par_1_107' title="bbox 1774 4714 3347 4776">
     <span class='ocr_line' id='line_1_107' title="bbox 1774 4714 3347 4776; baseline -0.003 -4"><span class='ocrx_word' id='word_1_791' title='bbox 1774 4717 2022 4772; x_wconf 89' lang='lat' dir='ltr'><strong>conscios</strong></span> <span class='ocrx_word' id='word_1_792' title='bbox 2077 4714 2270 4772; x_wconf 80' lang='lat' dir='ltr'><strong>ell&#39;ecit.</strong></span> <span class='ocrx_word' id='word_1_793' title='bbox 2306 4715 2440 4776; x_wconf 76' lang='lat' dir='ltr'><strong>Cum</strong></span> <span class='ocrx_word' id='word_1_794' title='bbox 2484 4723 2662 4768; x_wconf 84' lang='lat' dir='ltr'><strong>autem</strong></span> <span class='ocrx_word' id='word_1_795' title='bbox 2698 4723 3048 4768; x_wconf 86' lang='lat' dir='ltr'><strong>cunctaretur</strong></span> <span class='ocrx_word' id='word_1_796' title='bbox 3080 4714 3347 4769; x_wconf 83' lang='lat' dir='ltr'><strong>Constan-</strong></span> 
     </span>
    </p>
   </div>
   <div class='ocr_carea' id='block_1_108' title="bbox 1775 4802 3345 4874">
    <p class='ocr_par' dir='ltr' id='par_1_108' title="bbox 1775 4802 3345 4874">
     <span class='ocr_line' id='line_1_108' title="bbox 1775 4802 3345 4874; baseline 0 -14"><span class='ocrx_word' id='word_1_797' title='bbox 1775 4807 1921 4861; x_wconf 92' lang='lat' dir='ltr'><strong>tinus</strong></span> <span class='ocrx_word' id='word_1_798' title='bbox 1950 4806 2244 4870; x_wconf 86' lang='lat' dir='ltr'><strong>accedere;</strong></span> <span class='ocrx_word' id='word_1_799' title='bbox 2294 4805 2452 4858; x_wconf 90' lang='lat' dir='ltr'><strong>tcrtio</strong></span> <span class='ocrx_word' id='word_1_800' title='bbox 2486 4804 2713 4858; x_wconf 80' lang='lat' dir='ltr'><strong>ﬁliorum</strong></span> <span class='ocrx_word' id='word_1_801' title='bbox 2754 4802 3076 4859; x_wconf 89' lang='lat' dir='ltr'><strong>Constantio</strong></span> <span class='ocrx_word' id='word_1_802' title='bbox 3121 4805 3209 4874; x_wconf 86' lang='lat' dir='ltr'><strong>qui</strong></span> <span class='ocrx_word' id='word_1_803' title='bbox 3235 4807 3345 4860; x_wconf 75' lang='lat' dir='ltr'><strong>Au-</strong></span> 
     </span>
    </p>
   </div>
   <div class='ocr_carea' id='block_1_109' title="bbox 1777 4895 3348 4966">
    <p class='ocr_par' dir='ltr' id='par_1_109' title="bbox 1777 4895 3348 4966">
     <span class='ocr_line' id='line_1_109' title="bbox 1777 4895 3348 4966; baseline -0.001 -14"><span class='ocrx_word' id='word_1_804' title='bbox 1777 4898 1972 4952; x_wconf 89' lang='lat' dir='ltr'><strong>tiochia</strong></span> <span class='ocrx_word' id='word_1_805' title='bbox 2005 4897 2152 4966; x_wconf 87' lang='lat' dir='ltr'><strong>prior</strong></span> <span class='ocrx_word' id='word_1_806' title='bbox 2183 4896 2437 4959; x_wconf 83' lang='lat' dir='ltr'><strong>advenit,</strong></span> <span class='ocrx_word' id='word_1_807' title='bbox 2481 4904 2866 4950; x_wconf 85' lang='lat' dir='ltr'><strong>testamentum</strong></span> <span class='ocrx_word' id='word_1_808' title='bbox 2904 4895 3147 4963; x_wconf 86' lang='lat' dir='ltr'><strong>tradidit,</strong></span> <span class='ocrx_word' id='word_1_809' title='bbox 3180 4905 3348 4966; x_wconf 67' lang='lat' dir='ltr'><strong>atque</strong></span> 
     </span>
    </p>
   </div>
   <div class='ocr_carea' id='block_1_110' title="bbox 1777 4986 3349 5058">
    <p class='ocr_par' dir='ltr' id='par_1_110' title="bbox 1777 4986 3349 5058">
     <span class='ocr_line' id='line_1_110' title="bbox 1777 4986 3349 5058; baseline 0.001 -15"><span class='ocrx_word' id='word_1_810' title='bbox 1777 5005 1937 5043; x_wconf 92' lang='lat' dir='ltr'><strong>unam</strong></span> <span class='ocrx_word' id='word_1_811' title='bbox 1973 4987 2152 5043; x_wconf 84' lang='lat' dir='ltr'><strong>abillo</strong></span> <span class='ocrx_word' id='word_1_812' title='bbox 2178 4987 2412 5058; x_wconf 83' lang='lat' dir='ltr'><strong>postulat</strong></span> <span class='ocrx_word' id='word_1_813' title='bbox 2445 4986 2696 5056; x_wconf 81' lang='lat' dir='ltr'><strong>gratiam,</strong></span> <span class='ocrx_word' id='word_1_814' title='bbox 2718 4995 2775 5040; x_wconf 93' lang='lat' dir='ltr'><strong>ut</strong></span> <span class='ocrx_word' id='word_1_815' title='bbox 2810 4988 2875 5040; x_wconf 90' lang='lat' dir='ltr'><strong>ad</strong></span> <span class='ocrx_word' id='word_1_816' title='bbox 2899 4987 3131 5043; x_wconf 86' lang='lat' dir='ltr'><strong>Ariauas</strong></span> <span class='ocrx_word' id='word_1_817' title='bbox 3153 4999 3206 5042; x_wconf 90' lang='lat' dir='ltr'><strong>et</strong></span> <span class='ocrx_word' id='word_1_818' title='bbox 3230 4987 3349 5058; x_wconf 83' lang='lat' dir='ltr'><strong>ipse</strong></span> 
     </span>
    </p>
   </div>
   <div class='ocr_carea' id='block_1_111' title="bbox 1779 5077 3347 5148">
    <p class='ocr_par' dir='ltr' id='par_1_111' title="bbox 1779 5077 3347 5148">
     <span class='ocr_line' id='line_1_111' title="bbox 1779 5077 3347 5148; baseline -0.001 -14"><span class='ocrx_word' id='word_1_819' title='bbox 1779 5081 2037 5135; x_wconf 88' lang='lat' dir='ltr'><strong>transiret</strong></span> <span class='ocrx_word' id='word_1_820' title='bbox 2075 5087 2254 5148; x_wconf 88' lang='lat' dir='ltr'><strong>partes</strong></span> <span class='ocrx_word' id='word_1_821' title='bbox 2289 5095 2302 5132; x_wconf 89' lang='lat'><strong>:</strong></span> <span class='ocrx_word' id='word_1_822' title='bbox 2340 5087 2500 5148; x_wconf 87' lang='lat' dir='ltr'><strong>atque</strong></span> <span class='ocrx_word' id='word_1_823' title='bbox 2530 5092 2648 5132; x_wconf 88' lang='lat' dir='ltr'><strong>eam</strong></span> <span class='ocrx_word' id='word_1_824' title='bbox 2698 5077 2786 5131; x_wconf 88' lang='lat' dir='ltr'><strong>ille</strong></span> <span class='ocrx_word' id='word_1_825' title='bbox 2824 5077 3114 5132; x_wconf 88' lang='lat' dir='ltr'><strong>immortali</strong></span> <span class='ocrx_word' id='word_1_826' title='bbox 3175 5079 3347 5148; x_wconf 80' lang='lat' dir='ltr'><strong>impe-</strong></span> 
     </span>
    </p>
   </div>
   <div class='ocr_carea' id='block_1_112' title="bbox 1778 5168 3348 5238">
    <p class='ocr_par' dir='ltr' id='par_1_112' title="bbox 1778 5168 3348 5238">
     <span class='ocr_line' id='line_1_112' title="bbox 1778 5168 3348 5238; baseline 0 -14"><span class='ocrx_word' id='word_1_827' title='bbox 1778 5171 1945 5226; x_wconf 90' lang='lat' dir='ltr'><strong>ratori</strong></span> <span class='ocrx_word' id='word_1_828' title='bbox 1975 5170 2195 5226; x_wconf 87' lang='lat' dir='ltr'><strong>Christo</strong></span> <span class='ocrx_word' id='word_1_829' title='bbox 2216 5210 2231 5236; x_wconf 89' lang='lat'><strong>,</strong></span> <span class='ocrx_word' id='word_1_830' title='bbox 2281 5169 2460 5224; x_wconf 89' lang='lat' dir='ltr'><strong>collati</strong></span> <span class='ocrx_word' id='word_1_831' title='bbox 2510 5169 2717 5238; x_wconf 89' lang='lat' dir='ltr'><strong>imperii</strong></span> <span class='ocrx_word' id='word_1_832' title='bbox 2750 5170 2978 5238; x_wconf 79' lang='lat' dir='ltr'><strong>gratiam</strong></span> <span class='ocrx_word' id='word_1_833' title='bbox 3013 5168 3192 5224; x_wconf 91' lang='lat' dir='ltr'><strong>retulit</strong></span> <span class='ocrx_word' id='word_1_834' title='bbox 3221 5187 3235 5236; x_wconf 89' lang='lat'><strong>;</strong></span> <span class='ocrx_word' id='word_1_835' title='bbox 3287 5181 3348 5224; x_wconf 90' lang='lat' dir='ltr'><strong>ut</strong></span> 
     </span>
    </p>
   </div>
   <div class='ocr_carea' id='block_1_113' title="bbox 1775 5261 3346 5332">
    <p class='ocr_par' dir='ltr' id='par_1_113' title="bbox 1775 5261 3346 5332">
     <span class='ocr_line' id='line_1_113' title="bbox 1775 5261 3346 5332; baseline -0.003 -17"><span class='ocrx_word' id='word_1_836' title='bbox 1775 5263 1946 5332; x_wconf 90' lang='lat' dir='ltr'><strong>ipsum</strong></span> <span class='ocrx_word' id='word_1_837' title='bbox 1980 5277 2078 5318; x_wconf 90' lang='lat' dir='ltr'><strong>nec</strong></span> <span class='ocrx_word' id='word_1_838' title='bbox 2112 5261 2278 5316; x_wconf 88' lang='lat' dir='ltr'><strong>Deum</strong></span> <span class='ocrx_word' id='word_1_839' title='bbox 2314 5276 2433 5318; x_wconf 89' lang='lat' dir='ltr'><strong>esse</strong></span> <span class='ocrx_word' id='word_1_840' title='bbox 2457 5304 2472 5330; x_wconf 97' lang='lat'><strong>,</strong></span> <span class='ocrx_word' id='word_1_841' title='bbox 2505 5276 2538 5316; x_wconf 96' lang='lat' dir='ltr'><strong>o</strong></span> <span class='ocrx_word' id='word_1_842' title='bbox 2579 5262 2870 5317; x_wconf 87' lang='lat' dir='ltr'><strong>amentiam</strong></span> <span class='ocrx_word' id='word_1_843' title='bbox 2903 5263 2915 5315; x_wconf 83' lang='grc' dir='ltr'><strong>ι</strong></span> <span class='ocrx_word' id='word_1_844' title='bbox 2968 5277 3141 5332; x_wconf 90' lang='lat' dir='ltr'><strong>neque</strong></span> <span class='ocrx_word' id='word_1_845' title='bbox 3173 5261 3346 5313; x_wconf 86' lang='lat' dir='ltr'><strong>domi-</strong></span> 
     </span>
    </p>
   </div>
   <div class='ocr_carea' id='block_1_114' title="bbox 1775 5349 3344 5427">
    <p class='ocr_par' dir='ltr' id='par_1_114' title="bbox 1775 5349 3344 5427">
     <span class='ocr_line' id='line_1_114' title="bbox 1775 5349 3344 5427; baseline -0.006 -18"><span class='ocrx_word' id='word_1_846' title='bbox 1775 5371 1899 5409; x_wconf 90' lang='lat' dir='ltr'><strong>num</strong></span> <span class='ocrx_word' id='word_1_847' title='bbox 1924 5364 2263 5427; x_wconf 77' lang='lat' dir='ltr'><strong>agnosceret.</strong></span> <span class='ocrx_word' id='word_1_848' title='bbox 2303 5354 2601 5423; x_wconf 88' lang='lat' dir='ltr'><strong>Sociusque</strong></span> <span class='ocrx_word' id='word_1_849' title='bbox 2633 5354 2739 5408; x_wconf 82' lang='lat' dir='ltr'><strong>illis</strong></span> <span class='ocrx_word' id='word_1_850' title='bbox 2769 5352 3010 5407; x_wconf 70' lang='lat' dir='ltr'><strong>audacia:</strong></span> <span class='ocrx_word' id='word_1_851' title='bbox 3052 5349 3344 5403; x_wconf 80' lang='lat' dir='ltr'><strong>accedebat</strong></span> 
     </span>
    </p>
   </div>
   <div class='ocr_carea' id='block_1_115' title="bbox 1772 5439 3340 5515">
    <p class='ocr_par' dir='ltr' id='par_1_115' title="bbox 1772 5439 3340 5515">
     <span class='ocr_line' id='line_1_115' title="bbox 1772 5439 3340 5515; baseline -0.006 -16"><span class='ocrx_word' id='word_1_852' title='bbox 1772 5461 1932 5515; x_wconf 88' lang='lat' dir='ltr'><strong>supra</strong></span> <span class='ocrx_word' id='word_1_853' title='bbox 1958 5449 2134 5502; x_wconf 89' lang='lat' dir='ltr'><strong>dictus</strong></span> <span class='ocrx_word' id='word_1_854' title='bbox 2164 5446 2460 5515; x_wconf 77' lang='lat' dir='ltr'><strong>Eusebius,</strong></span> <span class='ocrx_word' id='word_1_855' title='bbox 2492 5455 2547 5500; x_wconf 88' lang='lat' dir='ltr'><strong>ct</strong></span> <span class='ocrx_word' id='word_1_856' title='bbox 2581 5447 2670 5514; x_wconf 85' lang='lat' dir='ltr'><strong>qui</strong></span> <span class='ocrx_word' id='word_1_857' title='bbox 2701 5461 2820 5499; x_wconf 90' lang='lat' dir='ltr'><strong>cum</strong></span> <span class='ocrx_word' id='word_1_858' title='bbox 2853 5459 2918 5497; x_wconf 90' lang='lat' dir='ltr'><strong>eo</strong></span> <span class='ocrx_word' id='word_1_859' title='bbox 2945 5450 3120 5504; x_wconf 90' lang='lat' dir='ltr'><strong>erant,</strong></span> <span class='ocrx_word' id='word_1_860' title='bbox 3143 5439 3245 5492; x_wconf 90' lang='lat' dir='ltr'><strong>rati</strong></span> <span class='ocrx_word' id='word_1_861' title='bbox 3282 5452 3340 5492; x_wconf 86' lang='lat' dir='ltr'><strong>so</strong></span> 
     </span>
    </p>
   </div>
   <div class='ocr_carea' id='block_1_116' title="bbox 1777 5532 3335 5609">
    <p class='ocr_par' dir='ltr' id='par_1_116' title="bbox 1777 5532 3335 5609">
     <span class='ocr_line' id='line_1_116' title="bbox 1777 5532 3335 5609; baseline -0.005 -19"><span class='ocrx_word' id='word_1_862' title='bbox 1777 5541 2031 5608; x_wconf 89' lang='lat' dir='ltr'><strong>temporis</strong></span> <span class='ocrx_word' id='word_1_863' title='bbox 2078 5539 2533 5609; x_wconf 84' lang='lat' dir='ltr'><strong>Opportunitatem</strong></span> <span class='ocrx_word' id='word_1_864' title='bbox 2580 5553 2702 5592; x_wconf 87' lang='lat' dir='ltr'><strong>esse</strong></span> <span class='ocrx_word' id='word_1_865' title='bbox 2749 5543 2960 5590; x_wconf 91' lang='lat' dir='ltr'><strong>nactos.</strong></span> <span class='ocrx_word' id='word_1_866' title='bbox 2999 5532 3122 5587; x_wconf 74' lang='lat' dir='ltr'><strong>llmc</strong></span> <span class='ocrx_word' id='word_1_867' title='bbox 3157 5539 3335 5584; x_wconf 84' lang='lat' dir='ltr'><strong>autem</strong></span> 
     </span>
    </p>
   </div>
   <div class='ocr_carea' id='block_1_117' title="bbox 1770 5676 2944 5752">
    <p class='ocr_par' dir='ltr' id='par_1_117' title="bbox 1770 5676 2944 5752">
     <span class='ocr_line' id='line_1_117' title="bbox 1770 5676 2944 5752; baseline -0.006 -19"><span class='ocrx_word' id='word_1_868' title='bbox 1770 5676 1836 5749; x_wconf 76' lang='grc' dir='ltr'><strong>ἦν</strong></span> <span class='ocrx_word' id='word_1_869' title='bbox 1861 5681 2009 5735; x_wconf 82' lang='lat' dir='ltr'><strong>deest</strong></span> <span class='ocrx_word' id='word_1_870' title='bbox 2042 5684 2093 5735; x_wconf 91' lang='lat' dir='ltr'><strong>iu</strong></span> <span class='ocrx_word' id='word_1_871' title='bbox 2124 5681 2297 5734; x_wconf 85' lang='lat' dir='ltr'><strong>tribus</strong></span> <span class='ocrx_word' id='word_1_872' title='bbox 2328 5676 2732 5752; x_wconf 67' lang='lat' dir='ltr'><strong>manuscriptis.</strong></span> 
     </span>
    </p>
   </div>
   <div class='ocr_carea' id='block_1_118' title="bbox 1842 5736 3245 5823">
    <p class='ocr_par' dir='ltr' id='par_1_118' title="bbox 1842 5736 3245 5823">
     <span class='ocr_line' id='line_1_118' title="bbox 1842 5736 3245 5823; baseline -0.011 -14"><span class='ocrx_word' id='word_1_873' title='bbox 1842 5752 1920 5819; x_wconf 72' lang='grc' dir='ltr'><strong>(ά)</strong></span> <span class='ocrx_word' id='word_1_874' title='bbox 1961 5753 2184 5807; x_wconf 71' lang='lat' dir='ltr'><strong>Codices</strong></span> <span class='ocrx_word' id='word_1_875' title='bbox 2223 5754 2327 5804; x_wconf 88' lang='lat' dir='ltr'><strong>dtto</strong></span> <span class='ocrx_word' id='word_1_876' title='bbox 2355 5745 2511 5801; x_wconf 75' lang='grc' dir='ltr'><strong>εἶναι.</strong></span> <span class='ocrx_word' id='word_1_877' title='bbox 2543 5736 2644 5800; x_wconf 83' lang='lat' dir='ltr'><strong>Alii</strong></span> <span class='ocrx_word' id='word_1_878' title='bbox 2673 5739 2995 5823; x_wconf 76' lang='lat' dir='ltr'><strong>comeditis,</strong></span> <span class='ocrx_word' id='word_1_879' title='bbox 3027 5736 3245 5793; x_wconf 69' lang='grc' dir='ltr'><strong>εἰδέναι.</strong></span> 
     </span>
    </p>
   </div>
  </div>
