3990 6508
658 380 786 423 (ποι
794 381 823 421 V

2036 353 2569 413 PBOLEGOMENA.

664 505 772 543 una
802 487 911 542 illis
953 484 1037 541 via
1063 498 1183 541 esse
1212 483 1493 539 videbatur
1518 483 1633 537 Arii
1663 479 2042 543 confirmandi,
2074 490 2129 535 et
2156 495 2228 533 ve-

2338 480 2611 550 εφήπτετο
2637 477 2693 532 δὲ
2719 478 2898 541 αὐτοῖς
2923 476 3015 530 τοῦ
3041 476 3393 550 τολμήματος
3425 477 3520 531 xui
3539 477 3567 531 6
3590 472 3915 548 προρρηθεὶς

666 580 846 634 ritatis
873 578 1204 642 evertendze,
1227 576 1271 631 si
1308 575 1589 630 Athanasii
1624 582 1679 628 et
1711 573 1827 642 ipse
1851 569 2098 626 exsilium
2138 571 2234 623 ob—

662 673 932 742 siguasset
965 691 977 727 :
1005 669 1158 740 quasi
1187 668 1354 738 probe
1379 677 1434 722 et
1479 667 1603 737 jure
1636 665 1912 719 decretum
1939 671 2107 718 esset.
2155 662 2234 715 Ad

664 778 825 832 quam
875 778 986 818 rem
1038 776 1229 816 manus
1283 760 1384 814 illis
1427 758 1827 827 promptissima
1869 756 2236 809 exsecrandns

656 854 770 909 iste
819 854 1073 909 sacerdos
1108 852 1208 905 fuit
1231 889 1248 916 ,
1281 850 1371 919 qui
1400 864 1521 902 cum
1554 847 1674 901 aliis
1710 844 1901 899 domus
1930 844 2093 897 etiam
2136 844 2236 895 im-

664 946 951 1017 peratoriae
987 943 1331 1012 praepositum
1370 938 1458 992 ubi
1490 937 1844 1005 corrupisset,
1879 949 2000 988 eum
2025 944 2232 1002 partem

662 1040 880 1093 Arianat
908 1035 1201 1106 impietatis
1233 1048 1332 1087 nec
1370 1032 1644 1084 minimam
1673 1044 1794 1083 esse
1839 1037 2231 1082 commonstra-

663 1129 763 1182 vit.
808 1127 891 1181 Ab
933 1141 998 1180 eo
1050 1136 1281 1193 namque
1331 1123 1397 1174 ad
1448 1120 1684 1187 reliquos
1741 1116 1903 1170 etiam
1960 1117 2236 1171 eunuchus

664 1221 887 1273 morbus
921 1216 1179 1284 pervasit,
1203 1213 1292 1281 qui
1318 1210 1602 1281 perfaciles
1641 1218 1797 1262 erant
1825 1208 1889 1261 ad
1919 1208 2234 1276 improbita-

666 1323 773 1366 tem
824 1309 1211 1362 admittendam
1238 1345 1253 1369 ,
1281 1313 1337 1358 et
1368 1304 1477 1374 apti
1522 1303 1589 1356 ad
1634 1317 1751 1356 eam
1787 1301 1906 1355 aliis
1936 1299 2235 1354 communi—

661 1401 912 1457 candum.
954 1398 1062 1451 lmo
1118 1396 1233 1463 ipsa
1315 1392 1655 1461 imperatoris
1703 1407 1856 1457 uxor,
1903 1390 2231 1457 blasphemis

656 1492 918 1562 paulatim
965 1486 1246 1555 colloquiis
1294 1494 1546 1551 corrupta
1575 1522 1591 1548 ,
1628 1482 1813 1534 eadem
1867 1480 1981 1549 ipsa
2020 1494 2232 1548 quoque

663 1584 782 1637 labe
831 1579 1027 1634 infecta
1073 1586 1176 1631 est.
1213 1573 1323 1628 Nec
1371 1575 1599 1627 multum
1633 1583 1813 1640 postea
1856 1571 1969 1640 ipse
2021 1584 2231 1639 quoque

663 1674 973 1742 imperator,
1000 1670 1106 1723 heu
1154 1667 1306 1731 mihi,
1339 1680 1620 1720 servorum
1670 1663 1904 1715 facinora
1941 1669 2024 1715 est
2056 1660 2231 1713 imita-

665 1774 771 1829 tus,
804 1764 914 1827 ubi,
939 1762 1382 1829 inquam,contra
1410 1748 1685 1810 dominum
1718 1767 1873 1807 suum
1905 1752 2227 1813 insurrcxit,

2337 569 2615 633 Εὐσέϐιος,
2646 570 2740 622 xui
2795 571 2843 622 οἱ
2884 570 2980 622 σὺν
3006 568 3153 639 αὐτῷ
3181 569 3240 622 δὲ
3279 569 3506 632 πάντες,
3558 567 3752 637 καιροῦ
3776 584 3915 638 τηνι-

2336 661 2511 714 καῦτα
2549 660 2807 714 λάϐεσθαι
2860 660 3125 725 δόξαντες.
3170 660 3284 713 Μία
3319 660 3378 712 δὲ
3412 660 3596 723 αὐτοῖς
3634 658 3838 731 Ἀρείου
3856 676 3915 709 τε

2337 753 2615 830 σύστασις,
2657 752 2872 822 xui-cii;
2897 751 3152 823 ἀληθείας
3192 751 3369 805 ἐδόκει
3402 752 3722 813 κατάλυσις,
3751 753 3799 803 εί
3823 750 3917 818 τὴν

2347 840 2667 893 Ἀθανασίου
2707 842 2800 893 xui
2820 858 2973 903 ουτος
2997 840 3292 911 ὑπερορίαν
3323 840 3811 912 ἐπισφραγίσαιτο,
3846 839 3919 902 ὡς

2334 927 2392 986 εὖ
2425 933 2625 1002 μᾶλλον
2651 934 2745 987 xui
2767 933 2842 1003 τῷ
2870 934 3061 1003 δικαίῳ
3088 933 3487 1003 γεγενημένην.
3544 933 3692 1004 Πρὸς
3730 932 3759 984 ὃ
3802 932 3921 1001 χεὶρ

2334 1026 2515 1088 αὐτοῖς
2551 1027 2939 1096 ἀνυσιμωτάτη
2969 1028 3061 1080 xui
3085 1029 3113 1080 ό
3146 1025 3341 1096 μιαρὸς
3373 1028 3581 1088 ἐκεῖνος
3609 1026 3792 1096 ἱερεὺς
3826 1025 3916 1092 γέ-

2332 1134 2509 1185 γονεν,
2540 1117 2598 1180 ὃς
2629 1117 2767 1187 μετὰ
2786 1117 2895 1169 τῶν
2923 1119 3095 1172 ἄλλων
3124 1119 3217 1174 καὶ
3261 1119 3351 1171 τὸν
3389 1120 3448 1170 ἐν
3478 1120 3595 1181 τοῖς
3629 1117 3920 1187 βασιλείοις

2336 1217 2694 1286 πραιπόσιτον
2726 1214 3079 1286 ύποφθείρας,
3114 1216 3279 1286 μέρος
3316 1215 3378 1268 οὐ
3412 1213 3474 1266 τὸ
3503 1213 3790 1283 ἐλάχιστον
3829 1214 3918 1264 καὶ

2332 1305 2491 1356 αὐτὸν
2518 1306 2614 1375 τῆς
2657 1306 2866 1376 Ἀρείου
2892 1304 3208 1370 κακοδοξίας
3233 1302 3515 1369 ἀπέδειξεν
3546 1303 3648 1373 (a).
3684 1303 3779 1355 Ἐκ
3802 1302 3920 1353 τού-

2331 1414 2423 1449 του
2449 1397 2556 1468 γάρ
2582 1396 2813 1450 διέϐαινε
2835 1398 3022 1459 καὶείς
3042 1396 3167 1459 τοὺς
3187 1395 3407 1457 λοιποὺς
3435 1394 3543 1447 τῶν
3574 1392 3848 1462 εὐνούχων
3886 1395 3917 1461 ἡ

2340 1487 2509 1551 νόσος,
2556 1490 2801 1560 εὐχερεῖς
2835 1488 2993 1552 ὂντας
3034 1488 3192 1555 φύσει
3222 1487 3313 1539 xui
3341 1485 3667 1556 μεταλαϐεῖν
3696 1484 3916 1545 κακίας.

2332 1582 2427 1634 καὶ
2451 1578 2769 1651 μεταδοῦναι
2799 1578 2919 1631 λίαν
2947 1578 3302 1647 ἐπιτηδείους.
3328 1578 3441 1632 Καὶ
3469 1578 3500 1647 ἡ
3532 1576 3629 1628 τοῦ
3653 1573 3917 1644 βασιλέως

2329 1670 2385 1723 δὲ
2426 1670 2664 1740 γαμετὴ,
2712 1672 2830 1731 ταῖς
2879 1669 3216 1740 βλασφήμοις
3254 1669 3393 1721 κατά
3441 1667 3639 1738 μικρὸν
3678 1664 3918 1735 ὁμιλίαις

2330 1759 2710 1830 διαφθαρεῖσα,
2734 1760 2834 1827 τῆς
2872 1758 3063 1827 ὁμοίας
3100 1759 3195 1811 καὶ
3220 1758 3355 1827 αὐτὴ
3381 1757 3557 1826 λύμης
3581 1753 3915 1824 ἐμπίπλατο.

664 1870 823 1926 atque
853 1846 1096 1925 improbe
1129 1854 1508 1920 imperatorem
1547 1865 1700 1902 suum
1737 1846 1916 1902 a'ﬂecit
1954 1854 2228 1900 contume-

2335 1824 2461 1899 Μετ’
2491 1824 2552 1899 οὐ
2583 1846 2717 1899 πολὺ
2753 1824 2809 1899 δέ
2838 1824 2932 1899 xui
2968 1848 2997 1899 ὁ
3028 1846 3297 1917 βασιλεὺς,
3329 1824 3384 1898 οῖ
3408 1824 3523 1916 μοι,
3562 1843 3634 1897 τὰ
3677 1843 3789 1895 τῶν
3816 1860 3913 1894 πο-

662 1950 728 2004 lia
762 1968 775 2003 :
804 1948 869 2001 ad
901 1936 1016 1999 Arii
1048 1946 1173 1997 item
1206 1942 1524 1996 sententiam
1554 1940 1839 2009 abreptus;
1868 1938 1938 1991 ita
1974 1948 2031 1990 ut
2055 1939 2104 1990 in
2137 1936 2229 1991 illo

664 2040 977 2107 impleretur
1000 2036 1126 2090 illud
1155 2027 1403 2089 Ieremia:
1436 2049 1448 2085 :
1487 2030 1658 2084 Etiam
1690 2030 1791 2097 ipsi
1810 2038 2047 2097 pastores
2073 2028 2228 2096 impie

654 2140 872 2201 egerunt
903 2131 958 2182 in
987 2144 1066 2181 me
1096 2127 1136 2181 ⁸.
1184 2125 1343 2179 anet
1392 2124 1571 2193 itaque
1608 2120 1695 2174 ille
1740 2130 1797 2172 ut
1833 2120 1952 2188 ejus
1980 2119 2225 2173 doctrina

662 2223 767 2274 vim
802 2220 1095 2280 obtineret,
1128 2228 1184 2271 et
1210 2225 1265 2268 ut
1290 2213 1443 2281 quasi
1472 2211 1612 2264 illius
1644 2208 1798 2276 jussu
1841 2206 2077 2276 episc0pi
2124 2207 2227 2259 im-

656 2312 828 2382 probe
848 2310 1133 2372 sentirent,
1162 2314 1215 2359 et
1244 2303 1573 2371 impietatem
1601 2300 2089 2367 amplecterentur;
2123 2313 2227 2351 non

657 2406 1102 2470 obtemperantes
1139 2396 1354 2464 quidem
1385 2431 1400 2457 ,
1448 2392 1543 2447 sed
1578 2394 1757 2459 potius
1791 2389 2223 2444 reformidantes.

658 2489 717 2549 In
754 2506 858 2547 tam
887 2492 1032 2561 gravi
1061 2495 1404 2556 tempestate,
1436 2494 1490 2536 et
1519 2492 1667 2536 tanta
1720 2482 1979 2551 procella,
2030 2483 2229 2550 guber-

660 2594 872 2641 natorcs
893 2580 1253 2636 Eeelesiarum
1270 2586 1446 2639 erant,
1462 2574 1727 2628 Maximus
1742 2570 2227 2643 Jerosolymorum,

659 2674 985 2730 Athanasius
1030 2667 1405 2732 Aiexandrite,
1436 2665 1551 2731 qui,
1586 2664 1798 2717 tametsi
1834 2663 1887 2716 in
1918 2662 2109 2717 exsilio
2138 2665 2228 2717 de-

660 2770 826 2837 gebat
859 2804 874 2831 ,
914 2760 1275 2835 gubernacula
1326 2772 1433 2812 non
1469 2756 1774 2819 dimiserat,
1822 2762 1876 2808 et
1922 2753 2228 2808 Alexander

659 2856 1289 2927 Constantinopolitanus

2336 1939 2513 2008 νήρων
2540 1937 2668 2009 έδρα
2692 1937 2913 2002 δούλων,
2940 1938 3033 1991 τοῦ
3066 1939 3196 1991 ἰδίου
3234 1937 3495 1990 δεσπότου
3528 1936 3678 2007 φημὶ
3722 1934 3915 2001 κατεξ-

2333 2029 2587 2092 αναστάς,
2614 2031 2708 2083 xui
2738 2032 2818 2094 είς
2850 2031 2938 2083 τὸν
2959 2030 3122 2083 αὐτοῦ
3148 2029 3332 2092 κακῶς
3355 2029 3643 2100 ἐξυϐρίσας
3669 2028 3913 2097 βασιλέα,

2332 2121 2426 2174 xui
2454 2120 2532 2191 τῷ
2570 2122 2777 2193 Ἀρείου
2820 2122 3186 2192 συναπαχθεὶς
3216 2124 3554 2194 φρονήματιο
3588 2121 3667 2184 ὼς
3702 2121 3800 2173 xui
3830 2123 3913 2173 ἐπ’

2332 2211 2482 2281 αὐτῷ
2507 2212 2568 2264 τὸ
2593 2212 2686 2264 τοῦ
2716 2212 2860 2265 θείου
2883 2212 3274 2283 πεπληρῶσθαι
3315 2211 3601 2283 Ἱερεμίου,
3638 2213 3724 2264 ὅτι
3754 2230 3773 2261 ι
3807 2211 3915 2263 Καὶ

2327 2302 2377 2354 οἰ
2418 2302 2672 2372 ποιμένες
2705 2303 2934 2372 ἠσέϐουν
2966 2308 3044 2366 είς
3074 2303 3194 2374 ἐμέ.
3234 2323 3252 2355 ι
3283 2303 3505 2357 Κελεύει
3526 2302 3826 2374 τοιγαροῦν
3848 2302 3916 2354 τά

2330 2394 2535 2446 ἐκείνου
2560 2396 2802 2464 κρατεῖν,
2845 2393 2937 2446 xui
2961 2392 3148 2463 ὥσπερ
3175 2393 3235 2457 ἐξ
3264 2392 3635 2462 ἐπιτάγματος
3678 2395 3753 2462 (b)
3792 2392 3915 2453 τούς

2330 2484 2658 2548 ἐπισκόπους
2716 2484 2982 2556 φρονῆσαι
3031 2486 3235 2548 κακῶς,
3286 2486 3378 2537 xui
3428 2483 3502 2555 μὴ
3561 2483 3913 2543 πεισθέντας,

2329 2575 2463 2629 ἀλλὰ
2486 2576 2791 2646 πτήξαντας
2830 2576 3046 2647 μᾶλλον,
3105 2575 3455 2631 ἀσπάσασθαι
3502 2577 3604 2646 τὴν
3633 2575 3913 2628 ἀσέϐειαν.

2330 2667 2672 2738 κυϐερνῆται
2698 2668 2754 2721 δὲ
2780 2668 2888 2722 τῶν
2930 2668 3261 2741 Ἐκκλησιῶν
3292 2670 3349 2721 ἐν
3377 2666 3519 2720 οὕτω
3554 2668 3789 2738 χειμῶνι
3822 2684 3916 2737 με·

2331 2758 2479 2828 γάλῳ
2510 2759 2603 2813 καὶ
2628 2758 2858 2812 κλύδωνι
2880 2761 3129 2832 Μάξιμος
3160 2762 3257 2831 μὲν
3302 2760 3716 2831 Ἰεροσολύμων,
3761 2761 3915 2813 Ἀθαο

2331 2847 2512 2911 νάσιος
2553 2848 2610 2900 δὲ
2650 2848 3071 2921 Ἀλεξανδρείας,
3101 2852 3159 2914 ὃς
3186 2853 3286 2905 κάν
3315 2854 3378 2921 τῇ
3429 2852 3702 2924 ὑπερορίᾳ
3735 2852 3811 2907 ὣν
3853 2853 3913 2904 οὐ

659 2950 880 3022 μεθίετο
909 2948 1017 3002 τῶν
1043 2946 1263 3008 οἰάκων,
1314 2932 1410 2997 xui
1448 2939 1792 3011 Ἀλέξανδρος
1840 2939 1897 2993 δὲ
1934 2937 2033 3017 τῇς
2072 2939 2696 3004 Κωνσταντινουπόλεως
2720 2941 2872 3005 ὄντες
2911 2942 3226 3012 ἐτύγχανον.

732 3045 819 3098 Η.
858 3043 1126 3097 Eusebius
1168 3052 1328 3109 porro
1376 3053 1473 3108 pro
1522 3037 1801 3105 impietate
1831 3034 2027 3090 ardens
2063 3035 2228 3088 auda-

2401 3036 2486 3090 11.
2526 3037 2781 3100 Εὐσέϐιος
2811 3037 2886 3102 δέ,
2919 3038 3117 3110 θερμόν
3155 3056 3207 3092 τι
3237 3040 3412 3093 πνέων
3455 3041 3551 3093 καὶ
3604 3039 3917 3110 πάντολμον

658 3137 1039 3204 cissimusqne,
1071 3131 1524 3203 opportunitatem
1556 3139 1610 3183 et
1656 3128 1773 3203 loca
1796 3165 1810 3191 ,
1853 3134 1913 3181 ut
1949 3126 2001 3180 in
2035 3128 2228 3196 pugnis

658 3233 835 3286 solent
869 3230 1058 3299 optimi
1094 3227 1483 3297 imperatores,
1530 3220 1593 3273 ad
1640 3219 1885 3274 veritatis
1922 3218 2229 3273 subt'ersio-

660 3340 783 3379 nem
841 3324 1137 3375 observans
1203 3335 1216 3369 :
1284 3312 1597 3383 huiusmodi
1665 3311 1940 3379 quidpiam
2002 3309 2224 3378 cogitat.

661 3416 850 3469 Arium
891 3407 1187 3465 introducit
1231 3400 1799 3470 Constantinopolim,
1841 3414 1961 3452 cum
1993 3398 2229 3452 maxima

663 3519 883 3574 pompa,
921 3504 993 3556 ita
1027 3509 1087 3553 ut
1119 3497 1348 3567 quaestio
1376 3496 1430 3548 in
1456 3493 1629 3546 aliena
1667 3492 1886 3561 regione
1915 3489 2226 3552 haberetur,

663 3610 786 3647 rum
820 3591 1151 3647 Athanasius
1190 3588 1404 3656 quidem
1438 3587 1489 3639 in
1522 3583 1717 3639 exsilio
1748 3592 2080 3648 versaretur,
2114 3582 2230 3636 nul-

662 3689 852 3755 Iusque
895 3683 1149 3744 adesset,
1188 3678 1278 3748 qui
1318 3692 1503 3732 sanam
1536 3675 1835 3730 doctrinam
1871 3672 2173 3727 vindicaret
2210 3689 2226 3739 ;

662 3783 772 3835 imo
806 3780 1099 3846 imperator
1127 3783 1183 3827 et
1219 3771 1570 3840 magistratus
1596 3781 1784 3822 omnes
1809 3766 1875 3820 ad
1908 3765 2070 3820 aliam
2106 3780 2228 3835 par-

665 3884 770 3925 tem
809 3868 1173 3929 transissent,
1214 3873 1431 3932 propter
1476 3860 1859 3929 oppugnatoris
1904 3857 2225 3912 absentiam.

662 3962 786 4015 lla-c
808 3959 899 4012 ille
922 3972 1103 4011 secum
1146 3954 1444 4023 reputabat.
1475 3953 1543 4005 At
1566 3964 1832 4019 supernus
1874 3948 1963 4003 ille
2008 3950 2229 4017 sapiens

663 4063 978 4106 ceconomus
1026 4046 1132 4100 alio
1189 4044 1347 4099 modo
1393 4057 1504 4097 rem
1554 4040 2229 4110 dispensavit,parvoque

661 4159 788 4197 casu
842 4137 1201 4209 improbitatis
1254 4136 1510 4204 impetum
1568 4133 1865 4202 repressit,
1919 4141 1974 4186 et
2024 4140 2229 4202 quanto

664 4235 833 4303 magis
863 4231 975 4285 Arii
1006 4232 1271 4284 adversus
1302 4227 1550 4295 pietatem
1589 4224 1768 4293 lingua
1799 4224 2041 4294 vigebat,
2075 4231 2228 4277 tanto

663 4328 781 4397 plus
818 4322 932 4390 ejus
962 4321 1218 4376 intestina
1259 4316 1416 4387 paulo
1452 4325 1636 4386 postea
1671 4313 2002 4369 difﬂuebant.
2028 4316 2106 4368 Ac
2134 4330 2228 4372 va-

2331 3126 2469 3199 ὐπέρ
2499 3126 2771 3195 ἀσεϐείας,
2796 3130 2889 3182 καὶ
2913 3131 3137 3201 καιροὺς
3159 3132 3251 3184 xui
3272 3132 3487 3195 τόπους,
3518 3132 3714 3203 ὥσπερ
3738 3135 3798 3185 ἐν
3822 3133 3921 3202 μά-

2328 3235 2450 3289 χαις
2478 3220 2619 3272 κατά
2650 3222 2775 3284 τοὺς
2806 3221 3142 3292 εὐμηχάνους
3177 3223 3285 3275 τῶν
3325 3224 3649 3295 στρατηγῶν
3690 3227 3773 3287 είς
3800 3226 3921 3278 ἐπίι

2330 3308 2477 3360 θεσιν
2506 3311 2603 3378 τῆς
2628 3310 2905 3381 ἀληθείας,
2936 3312 3230 3383 ἐπιτηρῶν,
3263 3314 3461 3366 τοιόνδε
3502 3317 3916 3369 τι’ἐπινοεῖται.

2329 3400 2550 3469 Είσάγει
2578 3402 2668 3454 τὸν
2697 3404 2912 3475 Ἀρειον
2938 3406 3017 3467 είς
3045 3405 3142 3476 τὴν
3168 3406 3576 3461 Κωνσταντίνου
3613 3407 3758 3478 μετά
3789 3408 3918 3461 πολ-

2329 3489 2425 3562 λῆς
2458 3491 2597 3545 πάνυ
2626 3494 2725 3564 τῆς
2764 3493 3066 3558 αὐθεντίας,
3091 3494 3229 3549 ὥστε
3259 3496 3358 3568 τὴν
3388 3496 3616 3568 ζήτησιν
3657 3500 3718 3550 ἐν
3758 3498 3920 3552 ἀλλο-

2329 3581 2469 3655 δαπῇ
2499 3584 2939 3652 γενέσθαι,ὅντος
2976 3589 3075 3657 μὲν
3105 3590 3197 3641 ἐπὶ⁵
3229 3590 3327 3660 τῆς
3356 3590 3657 3661 ὑπερορίας
3695 3591 3922 3647 Ἀθανα-

2331 3674 2467 3741 σίου,
2514 3677 2742 3748 μηδενὸς
2788 3678 2843 3731 δὲ
2874 3680 3141 3752 παρόντος
3175 3681 3267 3735 τοῦ
3301 3684 3439 3753 ὑπὲρ
3482 3683 3557 3752 (c)
3608 3684 3719 3737 τῶν
3741 3684 3921 3756 ὀρθῶν

2327 3766 2610 3838 δογμάτων
2637 3769 3017 3841 ἀνθεξομένου,
3053 3773 3186 3827 ἀλλὰ
3218 3775 3312 3827 xui
3346 3774 3611 3845 βασιλέως
3637 3777 3795 3848 αὐτῷ
3829 3778 3921 3830 xui

2329 3860 2436 3913 τῶν
2465 3863 2522 3916 ἐν
2550 3862 2691 3915 τέλει
2732 3865 3249 3936 προστεοησομένων
3277 3867 3531 3919 ἀπάντων
3566 3867 3655 3920 διά
3694 3868 3797 3938 τὴν
3829 3869 3919 3923 τοῦ

2328 3951 2713 4015 ἀντιτείνοντος
2734 3954 2990 4025 ἐρημίαν.
3011 3955 3195 4008 Ταῦτα
3218 3958 3245 4008 ό
3272 3956 3369 4026 μὲν
3390 3958 3618 4009 ἐσκόπει
3644 3958 3770 4011 καθ’
3796 3961 3913 4011 ἐαυ-

2327 4043 2417 4097 τόν
2435 4059 2450 4073 ·
2483 4044 2686 4115 ἑτέρως
2718 4045 2774 4097 δὲ
2802 4045 2961 4099 πάλιν
3011 4048 3038 4099 ὁ
3062 4048 3223 4116 σοφὸς
3246 4047 3449 4101 ἀνωθεν
3475 4050 3767 4119 οἰκονόμος
3802 4068 3925 4121 μετ-

2328 4135 2589 4200 εσκεύαζε
2615 4136 2684 4189 τὰ
2712 4136 2955 4199 τοιαῦτα,
2982 4138 3182 4209 μικράν
3212 4138 3288 4207 ((1)
3325 4156 3447 4192 τινα
3477 4140 3723 4212 ἐγκοπὴν
3745 4142 3923 4204 διδους

2327 4232 2392 4300 τῇ
2423 4227 2597 4299 Θερμῇ
2632 4229 2772 4298 φορᾷ
2802 4228 2900 4298 τῆς
2924 4228 3121 4290 κακίας
3145 4246 3158 4259 ο
3190 4231 3285 4282 xui
3313 4231 3422 4300 ὅσῳ
3454 4248 3561 4303 περ
3608 4232 3680 4303 (ε)
3721 4235 3922 4305 Ἀρείῳ

2333 4318 2533 4389 μᾶλλον
2564 4320 2715 4390 ἐρῤει
2741 4318 2882 4371 κατά
2899 4319 2998 4388 τῆς
3030 4319 3368 4391 εὐσεϐείαςή
3399 4321 3647 4389 γλῶσσα,
3676 4326 3925 4395 τοσούτηρ

659 4432 795 4471 enus
826 4414 1040 4484 quidem
1071 4411 1362 4476 intestinis,
1385 4424 1586 4463 vacuus
1608 4406 1908 4461 visceribus
1942 4406 2228 4476 inimpuris

2339 4411 2499 4464 πλέον
2525 4411 2663 4481 αὐτὴ
2694 4412 2788 4464 xui
2814 4410 2884 4464 τὰ
2922 4410 3067 4464 ἔνδον
3101 4410 3236 4482 μετά
3271 4412 3444 4484 βραχύ
3476 4418 3775 4489 συνερρύη.
3815 4420 3924 4470 Καὶ

660 4508 792 4562 locis
815 4506 976 4559 Arius
1003 4503 1272 4573 projectus
1300 4509 1402 4553 est.
1442 4497 1593 4552 .lusta
1634 4510 1790 4565 paena
1818 4495 2075 4549 eliraeiiati
2094 4497 2230 4560 oris,

661 4612 723 4651 ac
757 4594 1041 4665 putredine
1092 4591 1231 4659 pleni
1269 4589 1526 4659 pravique
1554 4588 1702 4640 vasis
1730 4584 1889 4654 digna
1927 4584 2228 4639 evacuatio.

659 4687 754 4738 Illo
784 4686 947 4751 igitur
994 4682 1066 4735 ita
1101 4681 1279 4733 anima
1325 4679 1397 4732 ita
1437 4690 1666 4747 corpore
1713 4674 2093 4730 miserabiliter
2121 4674 2230 4728 dis-

662 4787 841 4844 rupto,
894 4772 1153 4827 Eusebius
1197 4781 1357 4839 atque
1392 4772 1521 4824 socii
1555 4782 1713 4822 omne
1780 4768 1961 4821 subire
2004 4764 2225 4826 bellum,

662 4880 849 4921 omnes
879 4863 1201 4918 conturbare
1254 4862 1356 4914 nisi
1401 4871 1523 4914 sunt
1551 4900 1567 4927 ,
1605 4868 1786 4929 utpote
1811 4856 2006 4927 quibus
2056 4856 2227 4909 instar

663 4972 915 5013 manuum
971 4957 1023 5008 in
1076 4955 1222 5007 hisce
1252 4953 1474 5023 agendis
1502 4963 1657 5006 erant
1692 4953 2078 5022 imperatorum
2129 4964 2226 5005 eu-

662 5048 822 5103 nmhi
853 5064 865 5099 :
907 5044 1130 5100 scelesta
1161 5044 1283 5107 illa,
1320 5044 1549 5096 violenta
1592 5057 1656 5096 ac
1692 5057 1871 5096 rerum
1907 5041 2225 5095 mutationi-

664 5141 763 5193 Lus
802 5149 1017 5204 semper
1043 5148 1104 5187 ac
1150 5132 1452 5189 confusioni
1495 5132 1782 5201 gaudentia
1823 5131 2115 5199 mancipia.
2149 5133 2226 5184 Ac

662 5230 735 5283 illi
778 5228 993 5298 quidem
1026 5225 1188 5295 priori
1221 5240 1319 5280 suo
1347 5239 1510 5294 scopo
1534 5225 1874 5287 insistebant,
1907 5232 1965 5276 ut
2015 5223 2226 5276 scilicet

662 5320 1010 5375 Athanasium
1039 5358 1053 5380 ,
1102 5318 1296 5372 throno
1322 5316 1479 5369 simul
1508 5325 1560 5366 et
1592 5315 1777 5379 verbo,
1811 5323 1866 5367 et
1902 5314 2147 5367 doctrina
2176 5320 2227 5365 i-t

662 5411 853 5465 lidneia
919 5407 1357 5463 intercluderent.
1412 5409 1482 5462 At
1526 5407 1733 5462 diversa
1794 5406 1953 5474 plane
2007 5405 2224 5473 sapiens

735 5523 749 5551 ¹
778 5520 978 5573 Jerem.
1012 5534 1075 5582 ll,
1102 5520 1154 5573 8.

730 5636 806 5699 (ni
830 5632 1056 5697 Quidam
1086 5648 1213 5687 mss.
1243 5632 1541 5698 ὑπέδειξεν.

729 5709 805 5769 ib)
830 5702 919 5771 Sic
956 5702 1174 5755 rodit-es
1206 5720 1413 5756 nnmes.
1449 5703 1587 5754 Editi
1617 5716 1763 5764 vero,
1800 5702 1893 5754 ἐπὶ
1918 5702 2219 5771 τάγματος.

732 5776 802 5843 (ε)
831 5770 903 5822 im
928 5774 1149 5840 quidam
1177 5776 1412 5828 codices.
1447 5772 1585 5824 Editi
1618 5786 1767 5831 vero,
1800 5772 1891 5824 τοῦ
1916 5770 2041 5828 and.

2334 4503 2487 4567 κενὸς
2516 4503 2613 4574 μὲν
2648 4504 2912 4571 ἐγκάτων,
2944 4504 3095 4568 κενὸς
3127 4504 3182 4557 δὲ
3209 4506 3529 4577 σπλάγχνων
3573 4510 3631 4561 ἐν
3670 4510 3925 4581 βεϐήλοις

2332 4592 2516 4655 τόποις
2547 4595 2762 4664 ’Ἄρειος
2816 4594 3042 4665 ἔρριπτο
3095 4594 3198 4664 ([)’
3239 4595 3361 4668 δίκη
3404 4597 3589 4651 δικαία
3648 4601 3925 4671 στόματος

2332 4684 2652 4751 ἀκολάστου,
2706 4685 2798 4737 xui
2842 4686 3079 4756 σαπρίας
3110 4687 3371 4757 γέμοντος
3400 4690 3643 4762 πονηροῦ
3692 4694 3926 4756 σκεύους

2332 4775 2460 4843 ἀξία
2506 4775 2753 4838 κένωσις.
2800 4775 2954 4829 υῦτω
2985 4777 3273 4849 τοιγαροῦν
3304 4779 3468 4832 αὐτοῦ
3500 4782 3597 4834 xui
3628 4782 3791 4853 σῶμα
3828 4787 3926 4838 xui

2330 4866 2508 4937 ψυχὴν
2539 4866 2786 4928 ἐλεεινῶς
2831 4867 3259 4939 ἁπορρήξαντος,
3309 4870 3569 4935 Εὐσέϐιός
3629 4889 3691 4926 τε
3738 4877 3840 4929 xui
3873 4881 3923 4930 οί

2332 4960 2461 5028 περὶ
2495 4959 2655 5012 αὐτὸν
2701 4958 2791 5011 τὸν
2832 4958 3010 5013 πάντα
3047 4961 3279 5032 πόλεμον
3320 4963 3630 5035 ὐπήρχοντο
3684 4970 3781 5021 xui
3823 4972 3926 5041 τὴν

2335 5050 2533 5119 μάχην,
2566 5049 2661 5102 xui
2706 5050 2990 5119 ταράττειν
3033 5050 3277 5116 ἃπαντας
3305 5055 3649 5126 ἐπεχείρουν,
3684 5060 3785 5114 ὅσα
3826 5064 3926 5115 xui

2331 5143 2520 5212 χεῖρας
2550 5141 2608 5192 ἐν
2634 5142 2744 5202 τοῖς
2765 5140 3023 5204 τοιούτοις
3052 5144 3177 5208 τοὺς
3204 5144 3310 5198 τῶν
3341 5146 3607 5216 βασιλέων
3628 5151 3925 5222 εὐνούχους

2332 5231 2565 5300 ἔχοντες,
2596 5230 2663 5284 τά
2700 5230 2945 5302 μοχθηρά
2996 5232 3060 5304 δὴ
3090 5235 3259 5288 ταῦτα
3316 5238 3409 5290 xui
3450 5238 3791 5312 Osppmipyu,
3828 5244 3925 5295 xui

2334 5322 2672 5392 πραγμάτων
2704 5321 3027 5391 μεταϐολαῖς
3059 5326 3145 5378 ἀεὶ
3172 5330 3266 5381 xui
3298 5330 3593 5398 συγχύσεσι
3633 5334 3920 5404 χαίροντα.

2334 5414 2442 5466 Καὶ
2482 5413 2530 5465 οἱ
2575 5413 2672 5484 μὲν
2718 5412 2922 5495 εἴχοντο
2965 5416 3060 5469 τοῦ
3106 5418 3269 5471 πάλαι
3306 5420 3533 5487 σκοποῦ,
3585 5425 3680 5478 xui
3709 5424 3924 5493 θρόνων

2404 5633 2485 5768 5d)
2518 5634 2655 5689 Editi
2686 5643 2740 5690 et
2773 5636 2989 5703 quidam
3024 5651 3155 5692 mss.
3192 5638 3427 5709 μακράν.

2428 5713 2473 5768 ο)
2511 5705 2585 5758 Ita
2611 5719 2742 5759 mss.
2778 5708 3016 5768 quidam.
3046 5707 3087 5759 E
3110 5710 3182 5760 liii
3212 5724 3351 5762 veru.
3387 5711 3427 5762 ὃς

2428 5713 2473 5786 ς)
2506 5705 2585 5786 ita
2611 5719 2742 5759 mss.
2778 5705 3497 5786 quidani.‘Eliiuijcrnﬂciuqi
3520 5715 3667 5784 περί,

2403 5774 2471 5838 (ί)
2506 5773 2640 5829 Tres
2673 5777 3055 5846 manuscripti,
3091 5780 3117 5830 6
3148 5777 3328 5841 ἄθλιος
3356 5773 3608 5851 ἕρῤίπτοξ
