3990 6558
574 410 729 451 CXCVI
749 429 761 458 3

1957 380 2490 438 PROLEGOMENA.

575 513 766 567 subeat
809 505 1130 577 supplicium
1161 545 1177 569 ,
1219 504 1262 559 si
1292 505 1345 558 in
1379 501 1574 557 talibus
1604 497 2041 568 deprehendatur
2065 500 2130 551 de

2260 498 2482 567 γμάτων
2533 496 2624 548 καὶ
2654 495 2957 565 διαιτηταῖς
2988 494 3463 566 ἐγχειριζομένων,
3495 491 3724 568 νόμιμον
3749 497 3830 551 .15-

575 599 737 654 lietis.
770 595 1092 650 Archelaum
1141 594 1325 661 itaque
1365 591 1537 643 virum
1589 589 1688 642 sibi
1733 588 2056 640 familiarem
2097 597 2148 642 et

569 689 929 744 domesticum
957 726 972 750 ,
1001 702 1103 739 una
1155 701 1276 738 cum
1311 683 1502 737 Nonne
1539 693 1648 734 tum
1699 679 1986 733 thnices
2021 696 2151 748 prat-

575 780 735 840 fet.'.a,
791 780 857 832 ad
885 793 1070 831 earum
1119 777 1566 844 perquisitionem
1621 787 1799 824 rerum
1836 771 2019 824 mittil.
2070 772 2144 824 Illi

574 871 667 923 ubi
704 869 902 938 Tyrum
932 868 1275 920 advenissent
1309 881 1324 920 :
1355 865 1406 918 in
1451 864 1536 916 illa
1580 864 1774 931 quippe
1824 861 2148 912 Athanasius

568 945 927 1028 probationes
960 960 1024 1014 de
1055 957 1340 1026 praestigiis
1373 955 1475 1008 illis
1522 952 1896 1020 exspectabat,
1927 951 2141 1019 paulum

567 1051 797 1112 tlilalum
824 1062 907 1105 est
938 1065 1187 1112 examen,
1216 1063 1277 1102 ac
1304 1048 1426 1100 ideo
1453 1045 1902 1114 quemadmodum
1937 1045 2149 1096 videba-

574 1149 686 1207 tur,
709 1141 853 1209 quod
885 1149 1231 1194 accusatores
1256 1145 1710 1206 exspectarcntur
1734 1135 1820 1201 qui
1863 1133 1994 1200 ipsis
2019 1149 2146 1186 oeu-

567 1231 641 1285 ‘iis
656 1231 1045 1285 exsecrandum
1073 1229 1278 1282 facinus
1305 1234 1709 1296 perspexerant.
1736 1223 1995 1278 Utantem
2023 1237 2146 1277 vere

565 1329 803 1375 eventus
838 1322 913 1373 rei
958 1319 1161 1382 docuit,
1191 1319 1314 1386 quia
1361 1317 1500 1371 Deus
1549 1330 1780 1384 superne
1809 1330 1920 1368 rem
1963 1313 2146 1381 hujus-

575 1411 716 1466 tnodi
776 1410 1158 1480 perspiciebat,
1192 1419 1354 1476 atque
1391 1408 1683 1462 clemenler
1715 1421 1831 1460 eam
1868 1406 2142 1458 intermis-

567 1505 776 1558 sionem
811 1503 926 1557 lieri
961 1500 1314 1570 dispensavit,
1363 1515 1470 1568 quo
1501 1500 1613 1568 ipse
1641 1497 1854 1552 tandem
1886 1497 2144 1550 Arsenius

563 1598 811 1660 adesset,
860 1593 1017 1662 cujus
1054 1603 1172 1648 erat
1206 1607 1396 1645 manus
1421 1592 1727 1654 demortua,
1774 1589 1971 1657 injusta
2008 1602 2144 1656 pra:-

571 1690 738 1755 cisio,
796 1689 1025 1756 talisque
1075 1684 1356 1754 tragmdia.
1417 1682 1676 1736 Arsenius
1725 1693 1955 1747 namque
2005 1693 2142 1731 unus

571 1789 690 1834 erat
715 1794 780 1834 ex
811 1779 976 1860 gradu
1009 1778 1271 1831 lectorum
1297 1816 1312 1840 ,
1355 1773 1445 1841 qui
1475 1773 1544 1826 ob
1575 1782 1844 1827 secretum
1876 1769 2142 1839 quoddam

564 1870 777 1924 facinus
829 1870 968 1922 haud
1014 1867 1157 1921 leves
1199 1867 1423 1919 daturus
1459 1877 1668 1933 paruas,
1703 1863 1881 1931 fugam
1923 1861 2141 1930 cogitat,

568 1970 730 2030 atque
760 1958 1055 2013 Athanasio
1097 1966 1151 2011 et
1192 1955 1444 2009 Ecclesia'.
1483 1968 1540 2007 se
1574 1953 1818 2020 proripit.
1853 1951 1929 2003 llli
1959 1951 2141 2018 itaque

569 2049 772 2104 malitia
819 2050 1110 2117 sapientes,
1164 2045 1398 2114 maligna
1449 2043 1740 2097 adversarii
1779 2043 1988 2111 portio,
2039 2042 2139 2094 rati

568 2154 841 2209 nunquam
868 2153 1124 2191 ausurum
1148 2136 1462 2195 Arsenium,
1493 2149 1596 2186 non
1627 2134 1783 2186 modo
1809 2133 1875 2185 ad
1907 2132 2138 2185 medium

560 2227 822 2296 judicium
847 2229 1162 2298 procedere,
1198 2227 1293 2281 sed
1325 2241 1391 2279 ne
1436 2226 1604 2294 ipsam
1639 2225 1853 2293 quidem
1919 2224 2136 2277 domum

565 2325 800 2388 obtueri,
831 2326 899 2377 ob
938 2322 1203 2375 nefarium
1231 2320 1437 2374 scilicet
1481 2326 1534 2372 et
1577 2316 1952 2370 detestandum
2011 2313 2137 2367 illud

566 2415 862 2484 flagitium;
895 2413 1014 2465 ideo
1042 2411 1250 2465 scilicet
1280 2409 1572 2463 abscissam
1615 2421 1834 2459 manum
1867 2405 1939 2458 illi
1967 2405 2136 2458 ascri-

568 2505 788 2565 hebant,
813 2512 974 2570 atque
1012 2501 1062 2554 id
1089 2499 1512 2560 contendebant,
1542 2507 1600 2550 ut
1622 2505 1784 2550 tenue
1819 2494 2133 2564 impietatis,

569 2594 703 2648 tanti
733 2591 914 2660 ﬂagitii
945 2591 1148 2645 crimen
1200 2592 1311 2659 ipse
1356 2590 1579 2644 subiret.
1618 2588 1797 2653 Quare
1820 2585 2136 2656 frequenter

567 2697 759 2735 nomen
794 2681 1001 2734 Arseuii
1026 2679 1395 2749 proferebant.

2254 592 2343 640 τὸν
2376 587 2672 656 ὑποστῆναι
2703 588 2794 637 καὶ
2817 587 3104 656 τιμωρίαν,
3162 586 3256 638 ἐὰν
3297 587 3391 637 ἐπὶ
3428 586 3693 651 τοιούτοις
3730 588 3834 658 ἁλῷ

2255 677 2665 746 ἁμαρτήμασιν.
2716 675 2998 745 ’Δρχέλαον
3029 675 3315 746 τοιγαροῦν
3348 677 3516 746 ἄνδρα
3548 679 3660 730 τῶν
3697 680 3834 751 αὐτῷ

2257 766 2548 817 συνεστίων
2607 765 2697 817 καὶ
2737 767 3042 836 ὀμοφόρων.
3090 767 3204 835 ἅμα
3255 768 3347 819 καὶ¹
3391 769 3577 838 Νάννῳ
3619 766 3695 839 (a')
3723 772 3833 823 τότε

2253 856 2502 925 Φοινίκης
2539 856 2777 926 ἄρχοντι,
2835 857 2973 909 κατὰ
3028 855 3254 927 ζήτησιν
3296 859 3403 909 τῶν
3441 858 3701 911 τοιούτων
3745 861 3832 912 ἐκ·

2257 947 2478 1016 πέμπειι
2519 948 2668 1000 Ἐπεὶ
2695 947 2750 999 δὲ
2783 942 2926 1001 οὗτοι
2954 949 3091 1020 πρὸς
3121 951 3184 1018 τῇ
3218 948 3379 1020 Τύρῳ
3413 950 3738 1017 γεγόνασιν’
3777 953 3830 1005 ἐν

2253 1037 2388 1109 αὐτῇ
2419 1037 2527 1108 γὰρ
2578 1039 2894 1103 Ἀθανάσιος
2921 1042 3046 1103 τοὺς
3073 1041 3201 1110 περὶ
3233 1041 3332 1112 τῆς
3357 1042 3611 1112 γοητείας
3647 1042 3830 1113 ἔμενεν

2252 1127 2538 1199 ἐλέγχους·
2580 1131 2925 1202 ὑπερετίθετο
2970 1133 3163 1204 μικρὸν
3223 1134 3254 1203 ἡ
3294 1132 3560 1198 ἐξέτασις,
3615 1135 3693 1205 τῷ
3738 1136 3831 1205 μὲν

2250 1220 2426 1273 δοκεῖν
2458 1223 2583 1284 τοὺς
2625 1222 2732 1275 ἀπὸ
2764 1223 2861 1292 τῆς
2894 1222 3299 1294 Ἀλεξανδρείας
3337 1224 3681 1296 κατηγόρους
3712 1227 3832 1290 τοὺς

2250 1310 2432 1371 αὐτοῖς
2461 1309 2622 1378 δῆθεν
2651 1311 2948 1381 ὀφθαλμοῖς
2989 1313 3048 1364 τὸ
3084 1312 3252 1382 μῦσος
3301 1312 3507 1376 ἰδόντας
3540 1313 3829 1384 ἐκδεχομέ-

2249 1419 2313 1472 νη
2338 1418 2349 1430 ’
2388 1401 2463 1464 ὡς
2493 1401 2550 1453 δέ
2583 1401 2640 1454 τὸ
2684 1403 2835 1464 τέλος
2872 1402 2980 1455 ἀπὸ
3000 1402 3100 1472 τῆς
3127 1403 3383 1472 ἀληθείας
3414 1403 3709 1467 δείκνυσιν,
3750 1406 3829 1458 ὅτι

2249 1493 2380 1555 Θεὸς
2399 1492 2602 1546 ἄνωθεν
2616 1490 2683 1562 ἦν
2715 1494 2924 1564 ἐφορῶν
2954 1494 3022 1546 τὰ
3050 1493 3288 1557 τοιαῦτα,
3318 1495 3410 1547 καὶ
3435 1493 3533 1565 τὴν
3566 1493 3830 1565 ἀναϐολὴν

2250 1584 2644 1655 φιλανθρώπως
2673 1588 3138 1656 οἰκονομούμενος,
3169 1585 3307 1639 ὥστε
3330 1587 3422 1640 καὶ
3445 1587 3607 1639 αὑτὸν
3647 1589 3832 1658 Ἀρσέ-

2248 1694 2357 1729 νιον
2377 1678 2681 1747 ἐπιστῆναι,
2714 1673 2826 1748 oili]
2858 1677 3025 1748 νεκρὰ
3049 1678 3170 1748 χεὶρ
3198 1677 3293 1731 καὶ
3323 1680 3358 1748 ἡ
3387 1678 3569 1741 ἄδικος
3599 1680 3827 1751 ἐκτομὴ,

2249 1766 2342 1820 καὶ
2368 1767 2653 1837 ἡτοσαύτη
2678 1768 2953 1838 τραγῳδία
2971 1768 3065 1820 τοῦ
3089 1768 3382 1838 δράματος.
3417 1768 3696 1839 Ἀρσένιος
3721 1769 3827 1839 γὰρ
3850 1823 3854 1827 _

2177 1858 2216 1911 Β
2244 1852 2394 1921 οὗτος
2429 1852 2509 1921 εἷς
2541 1859 2637 1929 μὲν
2659 1859 2920 1929 ἐτύγχανε
2950 1860 3041 1912 τοῦ
3069 1859 3274 1930 βαθμοῦ
3301 1859 3408 1912 τῶν
3436 1860 3825 1927 ἀναγνωστῶν,

2243 1948 2331 2000 διά
2381 1965 2504 2000 τινα
2559 1949 2616 2000 δέ
2676 1951 2874 2021 πρᾶξιν
2927 1948 3036 2001 τῶν
3091 1950 3416 2020 ἀπορρήτων
3467 1950 3541 2019 (b)
3573 1950 3733 2014 δίκας
3763 1954 3825 2004 οὐ

2242 2039 2500 2110 μεμπτὰς
2541 2041 2795 2093 ἀποτίνσαι
2832 2040 3059 2111 μέλλων,
3096 2039 3337 2112 δρασμὸν
3371 2043 3564 2105 ἐννοεῖ,
3599 2043 3695 2094 καὶ
3720 2059 3825 2110 φυ-

2242 2129 2345 2196 γὰς
2382 2129 2699 2182 Ἀθανασίου
2741 2130 2834 2183 καὶ
2878 2129 2979 2198 τῆς
3025 2129 3349 2201 Ἐκκλησίας
3375 2130 3724 2184 καθίσταται.
3760 2134 3827 2184 Οἱ

2241 2219 2370 2286 γοῦν
2400 2220 2552 2288 σοφοὶ
2577 2220 2672 2291 τὴν
2702 2221 2898 2274 κακίαν
2927 2221 3144 2284 ἐκεῖνοι,
3175 2221 3209 2291 ή
3237 2221 3445 2292 πονηρὰ
3463 2219 3556 2273 τοῦ
3589 2223 3828 2274 ἀντικει-
3854 2258 3856 2260 τ

2242 2311 2402 2380 μένου
2434 2313 2611 2383 μερὶς,
2639 2313 2904 2383 μηδέποτε
2921 2312 3188 2384 τολμῆσαι
3227 2310 3524 2384 Ἀρσένιον,
3549 2315 3651 2384 οὐχ
3675 2315 3826 2378 ὅπως

2237 2404 2316 2465 εἰς
2351 2403 2513 2472 μέσον
2550 2404 2611 2456 τὸ
2641 2405 2990 2476 δικαστήριον
3025 2405 3332 2476 παρελθεῖν,
3366 2405 3505 2459 ἀλλὰ
3536 2408 3673 2478 μηδέ
3719 2409 3825 2461 αὑ-

2236 2496 2334 2564 τῆς
2361 2494 2638 2565 προκύψαι
2670 2497 2840 2568 μικρὰ
2882 2498 2981 2568 τῆς
3007 2496 3181 2558 οἰκίας
3207 2495 3464 2567 οἰόμενοι,
3502 2497 3592 2549 διὰ
3625 2498 3689 2550 τὸ
3720 2499 3824 2568 τῆς

2235 2583 2486 2653 πράξεως
2542 2587 2734 2654 ἐναγὲς
2791 2588 2886 2641 καὶ
2932 2589 3296 2651 ἀπόπτυστον,
3357 2588 3446 2641 διὰ
3489 2588 3652 2641 τοῦτο
3689 2588 3825 2657 γοῦν

2235 2675 2384 2746 αὐτῷ
2411 2693 2468 2729 τε
2493 2677 2590 2747 τὴν
2616 2681 2771 2748 χεῖρα
2810 2679 3142 2750 ἐπέγραφον,
3180 2677 3274 2731 καὶ
3307 2677 3367 2730 τὸ
3400 2678 3657 2732 τοσοῦτον
3689 2680 3825 2731 ἀσέ-

566 2775 740 2846 ϐημα,
775 2775 868 2828 καὶ
917 2776 979 2828 τὸ
1058 2775 1248 2846 μῦσος,
1299 2769 1459 2828 αὐτὸν
1487 2773 1783 2844 ὑποστῆναι
1815 2773 2130 2830 διετείνοντο
2169 2771 2356 2842 μῦνονο
2419 2778 2511 2826 καὶ
2559 2757 2620 2826 τὸ
2672 2776 2842 2843 ὄνομα
2877 2776 3113 2844 συνεχῶς
3155 2775 3427 2846 Ἀρσενίου
3480 2776 3823 2845 προέτεινον.

637 2871 726 2924 15.
761 2869 925 2923 Fama
972 2885 1102 2939 ergo
1155 2870 1394 2938 undique
1443 2870 1665 2939 perlata,
1713 2870 1926 2923 Arsenii
1975 2884 2135 2922 causa

2314 2867 2401 2922 15.
2445 2869 2724 2939 Πανταχοῦ
2758 2870 2934 2923 τοίνυν
2973 2871 3072 2940 τῆς
3102 2870 3288 2942 φήμης
3327 2870 3703 2942 διαρῤυείσης,
3745 2873 3828 2935 ὡς

570 2961 920 3016 Athanasium
951 2963 1017 3016 de
1045 2960 1306 3015 veneficio
1329 2961 1681 3031 judicandum
1720 2959 1807 3023 iri,
1842 2960 2134 3028 dcit-deque

2241 2959 2348 3031 ἄρα
2379 2961 2653 3031 μέλλοιοδι⁹
2698 2965 2970 3034 Ἀρσένιον
3013 2964 3327 3028 Ἀθανάσιος
3369 2941 3654 3036 κρίνεσθαι
3686 2970 3827 3038 γοή-

567 3069 627 3109 re
648 3054 716 3107 ad
757 3053 928 3123 ipsum
958 3055 1248 3108 Arsenium
1277 3055 1644 3123 perveniente,
1667 3051 2140 3106 commiseratione

575 3155 752 3203 motus
781 3147 868 3200 ille
901 3158 1030 3214 erga
1055 3145 1410 3198 Athanasium
1437 3181 1452 3204 .
1482 3159 1545 3198 ac
1571 3145 1851 3198 veritatem
1908 3145 2138 3196 misera-

569 3248 677 3300 tus,
709 3249 946 3304 namque
969 3236 1084 3304 ipsa
1109 3245 1234 3288 ante
1261 3249 1578 3304 generosam
1613 3235 1758 3288 illam
1792 3234 2028 3287 animam
2054 3233 2136 3285 in-

568 3327 794 3380 terilura
827 3335 963 3380 erat.
998 3325 1100 3379 Per
1128 3325 1329 3380 bonum
1377 3325 1516 3378 malo
1553 3324 1818 3387 medetur,
1839 3334 1892 3377 et
1921 3323 2140 3378 clande-

568 3417 764 3470 stinam
821 3417 997 3484 fug-im
1053 3425 1240 3483 aperta
1292 3414 1545 3482 loquendi
1598 3413 1847 3466 libertate
1892 3413 2136 3480 corrigit.

568 3507 871 3575 Omniaque
902 3521 994 3559 sua
1021 3506 1172 3558 nihili
1201 3505 1423 3562 ducens.
1452 3504 1600 3558 brevi
1641 3502 1843 3573 Tyrum
1873 3505 2132 3573 pervenit,

565 3599 714 3654 solus
744 3599 844 3652 soli
871 3599 1167 3651 Athanasio
1199 3611 1256 3650 se
1307 3596 1450 3666 sistit
1476 3633 1491 3658 ,
1525 3605 1690 3663 atque
1729 3595 1984 3664 privatim
2013 3611 2134 3649 cum

565 3689 966 3754 convenit.‘Qui
989 3688 1220 3741 Arsenio
1253 3687 1304 3739 id
1346 3687 1518 3741 solum
1555 3687 1645 3741 dat
1679 3688 1909 3749 consilii,
1936 3688 1986 3741 id
2011 3703 2137 3757 sug-

566 3780 728 3849 gerit,
762 3788 820 3832 ut
851 3794 917 3832 ne
943 3787 1069 3832 ante
1091 3779 1350 3847 judicium
1380 3788 1686 3848 appareret,
1717 3794 1890 3846 neque
1911 3795 1970 3834 se
1998 3795 2133 3848 qun-

565 3873 833 3938 rumpiam
864 3869 1036 3923 oculis
1067 3879 1249 3938 aperte
1287 3871 1538 3937 proderet
1570 3888 1583 3924 :
1621 3884 1686 3923 ne
1719 3869 1966 3925 fortassis
2005 3871 2133 3940 quid

566 3958 642 4012 illi
679 3959 804 4011 mali
835 3958 1046 4013 scelesti
1079 3956 1339 4011 inferrent
1366 3977 1378 4012 :
1409 3959 1497 4026 qui
1543 3959 1586 4012 si
1627 3958 1760 4013 nihil
1790 3959 1934 4014 aliud
1961 4000 1976 4024 ,
2023 3959 2131 4015 sal-

567 4057 674 4102 tem
697 4047 959 4118 judicium
988 4049 1341 4104 declinarent.
1376 4049 1639 4105 Arscnius
1665 4065 1791 4120 ergo
1824 4051 1895 4104 ita
1919 4066 1976 4105 se
2009 4067 2132 4121 ges-

564 4139 658 4202 sit,
687 4153 750 4193 ac
782 4138 832 4192 in
857 4139 1134 4194 tutissimo
1177 4139 1377 4193 lalcbat
1422 4140 1556 4194 loco.
1584 4139 1729 4195 Inter
1756 4143 1868 4195 lucc
1913 4142 2132 4196 minime

2239 3052 2417 3114 τείας·
2449 3052 2637 3106 ἔπειτα
2665 3055 2721 3106 δὲ
2750 3055 2836 3107 καὶ
2864 3056 2939 3118 ὼς
2970 3055 3129 3108 αὑτὸν
3181 3055 3452 3127 Ἀρσένιον
3475 3057 3580 3128 ἤδη
3620 3061 3831 3131 παρελ-

2238 3143 2456 3213 θούσης,
2491 3140 2669 3197 οἶκτον
2713 3147 2918 3209 ἐκεῖνος
2985 3147 3303 3200 Ἀθανασίου
3349 3147 3554 3214 λαϐὼν,
3583 3152 3680 3205 καὶ
3721 3153 3829 3223 τὴν

2237 3235 2494 3304 ἀλήθειαν
2515 3236 2740 3306 ἐλεήσας
2760 3254 2772 3266 ·
2805 3239 2900 3291 καὶ
2932 3237 3040 3309 γὰρ
3067 3237 3288 3308 ἔμελλεν
3309 3238 3449 3309 αὕτη
3482 3243 3834 3311 προαπόλλυ-

2240 3326 2362 3378 σθαι
2395 3326 2494 3395 τῆς
2523 3328 2775 3394 γενναίας
2799 3327 2978 3398 ψυχῆς
2997 3345 3011 3358 ·
3048 3329 3198 3400 καλῷ
3230 3331 3290 3383 τὸ
3315 3331 3485 3384 κακὸν
3515 3333 3686 3396 ίᾶται,
3723 3337 3833 3387 καὶ

2237 3415 2334 3486 τὴν
2361 3415 2624 3488 λαθραίαν
2659 3417 2872 3487 ἐκείνην
2903 3418 3079 3489 φυγὴν
3112 3421 3392 3491 παρρησίᾳ
3415 3425 3631 3494 φανερᾷ
3658 3423 3836 3494 θερα-

2238 3507 2413 3561 πεύει.
2448 3510 2555 3562 Καὶ
2581 3509 2756 3562 πάντα
2787 3511 2906 3564 καθ’
2937 3509 3129 3564 ἑαυτὸν
3157 3514 3214 3566 ἐν
3241 3513 3415 3565 οὐδενὶ
3435 3513 3689 3585 θέμενος,
3722 3515 3834 3587 τὴν

2238 3595 2410 3667 Τύρον
2453 3599 2509 3648 ἐν
2548 3597 2712 3668 ὀλίγῳ
2758 3598 3183 3670 καταλαμϐάνει,
3232 3601 3325 3653 καὶ
3375 3602 3524 3673 μόνῳ
3569 3604 3836 3673 πρόσεισι

2239 3688 2397 3757 μόνος
2449 3687 2769 3759 Ἀθανασίῳ,
2805 3691 2899 3743 καὶ
2936 3691 3055 3743 κατ’
3107 3691 3242 3744 ίδίαν
3298 3690 3447 3762 αὐτῷ
3478 3692 3832 3762 συγγίνεται.

2248 3776 2303 3830 Ὀ
2328 3777 2384 3830 δὲ
2404 3777 2560 3830 τοῦτο
2593 3778 2750 3848 μόνον
2805 3780 3064 3850 Ἀρσενίῳ
3092 3779 3472 3850 συμϐουλεύει,
3509 3784 3607 3836 καὶ
3635 3784 3840 3837 ὑποτί-

2235 3867 2410 3939 θησιν,
2465 3869 2602 3921 ὥστε
2643 3870 2717 3940 μὴ
2740 3870 2846 3940 πρὸ
2885 3871 2982 3939 τῆς
3017 3871 3173 3940 δίκης
3216 3871 3639 3944 ἐμφανισθῆναι,
3684 3877 3838 3947 μηδὲ

2233 3960 2386 4031 δῆλον
2421 3960 2611 4014 ἑαυτὸν
2653 3961 2948 4032 ὀφθαλμοῖς
2995 3978 3104 4014 τισι
3143 3962 3202 4015 τὸ
3237 3962 3500 4034 παράπαν
3545 3964 3832 4019 ἐνθεῖναι·

2232 4053 2378 4117 ὅπως
2414 4055 2486 4123 μή
2520 4071 2571 4106 τι
2596 4053 2689 4106 καὶ
2713 4053 2882 4107 κακὸν
2905 4054 3033 4116 ἴσως
3053 4053 3213 4107 αὑτὸν
3239 4055 3287 4106 οἱ
3320 4055 3483 4108 κακοὶ
3517 4056 3794 4127 δράσειαν
3816 4075 3834 4088 ⁶

2233 4147 2419 4216 ῆγουν,
2455 4146 2502 4198 εί
2536 4145 2608 4217 μὴ
2646 4146 2822 4209 τοῦτο,
2854 4145 2990 4199 ἀλλὰ
3011 4146 3108 4216 τὴν
3128 4145 3283 4217 δίκην
3313 4147 3450 4207 τέως
3470 4147 3835 4204 ἐκκλίνωσιν.

564 4231 877 4300 quiescebat
905 4231 1121 4290 invidia.
1158 4250 1328 4302 neque
1357 4235 1632 4289 Athanasii
1681 4234 1836 4287 malis
1865 4233 2126 4287 exsatiata

2246 4237 2515 4308 Ἀρσένιος
2547 4237 2642 4306 μὲν
2671 4232 2763 4289 οὖν
2792 4235 2963 4298 οὕτως
2992 4236 3183 4300 ἐποίει,
3216 4236 3310 4288 καὶ
3335 4236 3730 4304 ἀσφαλέστατα
3760 4235 3840 4310 ἦν

560 4333 716 4389 erat;
741 4325 831 4378 sed
854 4325 919 4379 ad
961 4321 1096 4378 alias
1138 4326 1464 4394 procedebat
1506 4327 1754 4394 insidias,
1785 4342 1846 4381 ac
1878 4336 2020 4380 cestu
2061 4327 2126 4379 ad

562 4415 790 4470 tribunal
822 4417 1012 4469 iterum
1037 4429 1334 4471 convocato
1352 4417 1600 4472 adulterii
1619 4418 1826 4472 crimen
1857 4418 2128 4472 intentant

559 4504 742 4574 pravis
789 4503 1072 4558 affectibus
1112 4506 1316 4558 carenti
1369 4505 1594 4558 homini.
1646 4504 1877 4574 Fuitque
1935 4507 2123 4560 drama

559 4596 861 4662 hujuslnodi
893 4611 908 4649 :
945 4598 1224 4650 mulierem
1253 4597 1540 4666 quamdam
1573 4597 1918 4652 introducunt
1951 4598 2125 4667 impu-

555 4687 703 4740 denti
741 4686 909 4751 vultu,
938 4687 1298 4740 abominanda
1349 4696 1550 4752 mente,
1598 4702 1718 4756 quae
1763 4689 1979 4756 egregie
2032 4703 2126 4740 ca-

2233 4328 2622 4397 κρυπτόμενος-.
2663 4328 2720 4380 '0
2755 4326 3019 4397 φθόνοςδέ
3053 4328 3154 4379 οὐκ
3177 4327 3394 4397 ἠρέμει,
3424 4327 3549 4380 οὐδέ
3580 4346 3702 4382 τινα
3733 4331 3843 4384 κό-

2237 4435 2325 4488 ρον
2353 4418 2466 4488 ᾕδει
2491 4418 2597 4470 τῶν
2641 4417 2958 4471 ’Λθανασίου
2988 4417 3192 4479 κακῶν,
3223 4417 3358 4470 ἀλλὰ
3400 4419 3496 4470 καὶ
3527 4403 3666 4489 πρδς
3693 4422 3840 4475 ὲτές-

2235 4525 2332 4580 ρας
2359 4505 2595 4579 ἐχώρουν
2618 4507 2936 4570 ἐπιϐουλάςο
2967 4508 3059 4559 καὶ
3086 4505 3179 4559 τοῦ
3207 4506 3452 4577 βήματος
3487 4505 3647 4572 αὖθις
3681 4527 3840 4578 συγ-

2231 4597 2600 4668 κροτηθέντος,
2643 4597 2886 4668 μοιχείας
2932 4596 3182 4667 ἔγκλημα
3224 4599 3427 4668 ἐπῆγον
3465 4599 3546 4669 τῷ
3589 4602 3840 4656 ἀπαθεῖ.

2230 4685 2340 4742 Καὶ
2388 4687 2447 4740 τὸ
2475 4689 2658 4760 δρᾶμα
2709 4687 2944 4740 τοιοῦτο·
2984 4687 3218 4740 Γυναῖκὰ
3268 4706 3391 4742 τινα
3443 4691 3843 4760 παράγουσιν.

556 4777 777 4829 lunmiis
804 4787 1128 4830 assueverat.
1164 4778 1327 4846 Igitur
1347 4777 1436 4831 illa
1465 4779 1870 4841 ealumniatriv,
1897 4779 2122 4846 pecunia

557 4878 736 4934 eritpla
781 4869 962 4920 aiebat
1010 4883 1068 4920 se
1103 4868 1246 4920 dolui
1301 4871 1580 4938 excepisse
1631 4871 1986 4924 Athanasium
2013 4911 2028 4929 .
2071 4881 2125 4924 et

557 4959 772 5027 pictatis
823 4967 878 5012 et
917 4957 1135 5012 virtutis
1167 4974 1351 5016 causa.
1389 4961 1523 5015 Cum
1570 4971 1748 5016 autem
1794 4962 1860 5016 ad
1895 4961 2120 5015 mediam

554 5051 775 5106 circiter
804 5059 1015 5104 nectent
1052 5062 1267 5106 ventum
1307 5063 1474 5117 esset,
1507 5054 1780 5109 contraria
1811 5054 2032 5106 orunino
2058 5053 2122 5108 iis

553 5157 673 5211 qua:
702 5143 1089 5207 existimasset,
1117 5146 1336 5210 vidisse,
1370 5161 1695 5214 passamque
1731 5144 1799 5198 ab
1835 5145 1926 5198 illo
1975 5159 2120 5200 esse.

556 5235 648 5286 Sic
675 5232 764 5287 illa
799 5244 1112 5300 accusante,
1147 5237 1332 5290 aderat
1362 5235 1694 5290 Athanasius
1731 5235 1842 5289 haec
1875 5234 2119 5298 audiens,

552 5339 672 5377 eum
707 5324 906 5394 illoque
935 5326 1193 5381 intererat
1217 5327 1538 5381 Timotheus
1569 5326 1874 5395 presbyter,
1909 5325 2040 5378 foris
2055 5324 2122 5378 ad

544 5418 765 5482 juuuam
799 5426 1043 5474 stantes:
1075 5420 1168 5488 qui
1208 5421 1468 5472 adversus
1497 5431 1616 5471 eam
1648 5415 1975 5469 calumniam
2024 5416 2124 5468 ali-

550 5512 676 5576 quid
711 5510 978 5579 excngitat
1007 5512 1223 5578 sapiens
1257 5521 1312 5564 et
1333 5508 1488 5561 valde
1513 5521 1858 5577 generosum.
1883 5505 2122 5574 Repente

515 5592 518 5604 ’
551 5607 692 5654 enim
729 5617 848 5655 eum
889 5603 1188 5669 Athanasio
1215 5602 1507 5669 ingressus,
1548 5612 1779 5666 eumque
1815 5598 1979 5666 probe
2033 5614 2117 5651 re-

2227 4779 2414 4850 ἁναιδῆ
2463 4777 2560 4849 τὴν
2589 4778 2729 4847 ὄψιν,
2763 4777 3020 4848 βδελυρὰν
3052 4777 3148 4847 τὴν
3176 4777 3433 4848 διάνοιαν,
3465 4779 3724 4850 ἀκριϐῶς
3758 4785 3847 4838 τὰ

2230 4869 2577 4939 συκοφαντῶν
2628 4870 2962 4940 ἠσκημένην.
3021 4869 3166 4940 Αὐτὴ
3219 4866 3312 4922 οὖν
3364 4873 3395 4941 ἡ
3458 4872 3844 4942 συκοφάντις,

2226 4963 2522 5033 χρημάτων
2544 4961 2698 5014 ὢνιον
2719 4961 3004 5031 γενομένη,
3033 4961 3235 5030 ἔλεγεν,
3264 4961 3338 5024 ὡς
3363 4960 3690 5028 ὑπεδέξαιτο
3723 4969 3850 5037 μὲν

2227 5058 2293 5125 τῇ
2324 5054 2469 5124 οίκίᾳ
2494 5053 2586 5106 τὸν
2629 5052 2941 5105 Ἀθανάσιον
2964 5050 3244 5113 εὐλαϐείας
3272 5050 3431 5122 χάριν
3461 5053 3558 5104 καὶ
3585 5055 3842 5126 ἀρετῆς·

2217 5145 2340 5198 ἐπεὶ
2373 5144 2428 5196 δὲ
2465 5144 2592 5215 περὶ
2622 5143 2791 5213 μέσας
2810 5141 3019 5210 γένοιτο
3040 5141 3260 5204 νύκτας,
3295 5143 3558 5196 τάναντία
3606 5149 3850 5202 παντά-

2219 5252 2383 5288 πασιν
2416 5227 2488 5286 ὧν
2524 5233 2807 5303 ὑπείληφε,
2838 5234 2968 5303 παρ’
2993 5231 3157 5285 αὑτοῦ
3191 5233 3284 5284 καὶ
3308 5232 3433 5285 ἰδεῖν
3461 5233 3559 5286 καὶ
3589 5235 3844 5293 παθεῖν.

2218 5327 2402 5380 Ταῦτα
2443 5327 2539 5396 τῆς
2574 5325 2874 5395 κατηγόρου
2905 5324 3228 5395 διεξιούσης,
3260 5325 3440 5395 παρῆν
3471 5325 3692 5380 ἀκούων
3729 5332 3852 5385 καὶ

2229 5417 2564 5480 Ἀθανάσιος,
2609 5413 2901 5486 συμπαρῆν
2937 5416 2992 5468 δὲ
3029 5415 3176 5485 αὐτῷ
3209 5417 3302 5468 καὶ
3329 5415 3598 5486 Τιμόθεος
3627 5420 3657 5470 ὁ
3680 5435 3853 5491 πρε..

2217 5508 2473 5579 σϐύτερος
2497 5506 2621 5571 ἔξω,
2650 5506 2797 5576 παρὰ
2828 5509 2893 5576 τῇ
2917 5505 3057 5577 πύλῃ
3094 5506 3325 5567 ἑστῶτες
3349 5523 3360 5534 ·
3386 5505 3539 5570 ὅστις
3576 5509 3855 5580 ἐπινοεῖ-

2221 5602 2310 5653 ταί
2337 5618 2389 5652 τι
2417 5600 2552 5670 πρὸς
2578 5599 2674 5668 τὴν
2698 5597 2968 5669 διαϐολὴν,
3000 5597 3213 5650 συνετὸν
3240 5596 3377 5666 ἄγαν
3411 5599 3507 5652 καὶ
3537 5603 3849 5668 γενναῖον.

621 5778 696 5846 (τι)
721 5779 917 5834 Omnes
943 5794 1071 5834 mss.
1099 5778 1305 5848 Νόννῳ.
1340 5777 1502 5844 Editi,
1542 5777 1715 5847 Νόνῳ.

2304 5775 2378 5846 (b)
2407 5775 2540 5832 Tres
2575 5789 2702 5829 mss.
2736 5775 3065 5841 ἐπιρῥήτων.
