3990 6520
1107 340 1264 394 “TA
1308 341 1364 394 S.
1406 339 1770 394 ATHANASII
1810 338 2110 393 INCEBTO
2150 336 2493 394 AUCTORE.

3242 350 3360 390 CXC'
3381 347 3418 386 ΙΙ

197 462 363 526 Ἀφνω
381 454 489 524 γὰρ
516 455 619 507 σὺν
673 451 986 523 Ἀθανασίῳ
1020 451 1292 506 ἐπιπεσὼν
1317 446 1412 522 (α),
1441 453 1688 506 κάκεῖνον
1711 447 1761 504 εὖ

1877 463 2209 520 praesentalis
2232 450 2550 506 Timotheus
2585 465 2599 502 :
2636 447 2840 509 Mulier.
2873 450 2968 513 ait,
3002 451 3222 520 egotibi
3261 465 3422 506 noetu

355 544 811 616 ὑποκρινάμενος
839 546 867 597 6
899 545 1173 616 Τιμόθεος,
1203 545 1395 607 Γύναι,
1422 545 1606 617 φησιν,
1646 545 1754 613 ἐγώ

192 658 260 693 σοι
278 638 484 709 νύκτωρ
509 638 812 707 ἐπήγαγον
844 635 942 708 τὴν
970 637 1109 707 βίαν,
1129 636 1205 700 ὡς
1228 637 1363 709 αὑτὴ
1389 638 1586 705 λέγεις,
1613 636 1750 704 syth;

200 731 249 785 Ἠ
277 732 328 784 δὲ
371 729 508 800 πρὸς
549 731 688 792 τοὺς
739 729 1019 792 δικαστὰς,
1059 729 1134 792 ὡς
1176 725 1321 800 εἶχεν
1348 730 1507 794 εὐθὺς
1553 728 1754 798 ἰταμῶς

187 824 304 890 ἄγαν
325 821 414 872 καὶ
447 820 848 890 ἀναισχύντως
871 821 1282 891 ὲπιστραφεῖσα,
1303 815 1468 883 Οὗτός
1509 837 1631 891 μου,
1654 837 1757 891 φη·-

190 917 275 976 σίν,
292 911 564 981 ὀφθορεύς
591 928 604 938 ·
621 906 791 975 οὗτος
818 915 847 965 ὀ
872 913 972 982 τῆς
996 912 1213 979 ἁγνείας
1239 910 1518 973 ἐπίϐουλος
1537 927 1550 939 ·
1579 904 1752 972 οὗτος,

184 1007 266 1058 οὐκ
278 1003 446 1066 ἄλλος,
459 1005 488 1056 6
505 1003 646 1074 παρ’
667 1003 694 1054 ὲ
704 1004 802 1074 μοι
819 1001 1144 1067 καταλύσας,
1160 1002 1252 1055 καὶ
1265 1001 1507 1062 ἀντιδοὺς
1523 1001 1618 1072 τὴν
1636 1000 1755 1070 βίαν

187 1094 266 1162 τῆς
283 1093 518 1162 χάριτος.
540 1094 666 1163 Τῆς
689 1094 996 1147 ἀκολάστου
1023 1093 1202 1146 τοίνυν
1225 1092 1436 1162 ἐκείνης
1455 1090 1624 1155 οὕτως
1650 1091 1757 1143 ἀπὸ

185 1188 270 1239 τῶν
289 1186 483 1256 ἑαυτῆς
515 1185 803 1256 ῥημάτων
827 1184 1193 1256 ἐλεγχθείσης,
1216 1183 1309 1236 καὶ
1333 1182 1542 1236 οἴκοθεν
1564 1185 1592 1236 6
1621 1184 1758 1254 μάρ-

185 1295 277 1341 τυς,
307 1278 365 1330 τὸ
391 1277 485 1330 τοῦ
520 1277 724 1345 λόγου,
751 1277 1034 1347 φανείσης,
1061 1276 1176 1332 ἀνθ’
1195 1269 1268 1328 ὧν
1295 1275 1416 1328 οὐδὲ
1441 1275 1618 1328 αύτῶν
1642 1276 1781 1345 ⁴ξ’ξδει.

184 1366 255 1420 τὸν
283 1367 368 1422 ὑπ’
413 1367 648 1437 ἐκείνης
690 1366 1189 1438 κατηγορούμενον,
1223 1366 1370 1430 ὅστις
1403 1360 1500 1436 ἦν,
1533 1365 1627 1418 καὶ
1662 1363 1756 1416 τοῦ

184 1459 469 1530 πλάσματος
497 1459 560 1510 ἐν
593 1458 835 1529 φανερῷ
857 1459 1252 1530 γυμνωθέντος,
1279 1458 1595 1512 οἰδικασταὶ
1622 1459 1758 1531 πρὸς

182 1553 203 1606 δ
227 1569 268 1604 τι
297 1551 384 1604 καὶ
417 1551 742 1621 χρήσονται
776 1549 962 1612 λοιπὸν
991 1552 1201 1614 ἑαυτοῖς
1240 1551 1341 1602 οὐκ
1371 1550 1590 1615 εἰδότες,
1626 1552 1759 1621 ἥσυ-

182 1644 254 1713 κόν
275 1661 320 1694 τι
343 1643 437 1694 καὶ
461 1641 726 1712 γαληνὸν
761 1641 1150 1711 ύπομειδιῶσιν
1171 1659 1185 1672 ·
1226 1642 1363 1712 ὅπερ
1391 1643 1578 1696 εἴωθεν
1612 1644 1757 1714 ἀμη-

181 1733 310 1804 χανία
325 1735 522 1799 ποιεῖν,
549 1733 846 1803 ἐντροπὴν
869 1733 1038 1802 ὅψεως
1055 1733 1352 1805 ὲπικρῦψαι
1371 1735 1756 1806 μηχανωμένη.

1859 550 1966 603 vim
1995 549 2171 612 intuli,
2203 556 2262 600 ut
2301 545 2413 615 ipsa
2443 543 2547 596 ais.
2579 540 2806 612 Egone?
2837 541 2972 596 Tum
3003 542 3090 596 illa
3118 543 3184 596 ad
3213 543 3425 613 judice:

1861 655 2118 696 conversa
2150 653 2310 708 quam
2354 636 2640 702 citissime,
2673 642 2920 704 proterve
2948 634 3103 690 valde
3147 650 3210 692 ac
3251 636 3428 705 impu-

1861 734 2053 788 denter
2079 750 2096 787 :
2126 731 2246 796 llic,
2272 731 2364 789 ait.
2390 737 2472 786 est
2499 739 2782 800 corruptor
2809 743 2961 784 meus
2984 767 3000 794 ,
3037 730 3123 784 bic
3162 731 3426 787 castitatis

1862 841 1996 880 meae
2020 824 2321 880 insidiator.
2353 822 2471 889 llic,
2505 837 2612 877 non
2636 821 2794 886 alius,
2820 831 2902 876 est
2934 822 3024 891 qui
3055 823 3120 876 ad
3147 837 3230 877 me
3249 823 3428 878 diver-

1863 927 2030 980 satus,
2069 915 2175 969 vim
2221 930 2317 984 pro
2350 913 2521 984 gratia
2549 912 2752 966 retulit.
2784 909 2952 981 Igitur
2995 910 3304 979 impudente
3335 911 3423 965 illa

1861 1007 1942 1061 sic
1977 1004 2088 1059 suis
2121 1005 2289 1072 ipsius
2319 1003 2496 1057 verbis
2524 1002 2790 1063 convicta,
2821 1009 2874 1055 et
2901 1001 2953 1054 in
2987 999 3218 1068 seipsam
3251 1009 3386 1055 teste
3407 1039 3423 1064 ,

1865 1103 1922 1145 nt
1954 1093 2025 1145 ita
2078 1091 2276 1154 dicam,
2319 1097 2634 1159 apparente,
2663 1089 2861 1158 quippe
2894 1104 3013 1157 quae
3043 1091 3278 1145 nesciret
3306 1091 3427 1160 qui-

1864 1183 1984 1238 dem
2014 1196 2174 1250 quem
2204 1181 2413 1236 illorum
2443 1189 2724 1235 accusaret
2751 1195 2766 1234 :
2796 1194 2960 1248 reque
3003 1181 3078 1235 ita
3124 1163 3298 1250 palam
3349 1181 3428 1235 fa-

1863 1284 1948 1330 cta
1971 1313 1986 1338 ,
2013 1272 2246 1343 judices,
2283 1271 2410 1340 quid
2435 1280 2619 1339 postea
2637 1271 2878 1326 facerent
2896 1272 3226 1341 ignorantes,
3245 1273 3428 1343 quiete

1865 1376 2026 1436 atque
2065 1364 2352 1435 tranquille
2406 1365 2678 1420 subrisere
2700 1405 2716 1432 ,
2747 1373 2807 1418 ut
2835 1365 2974 1420 solet
3009 1365 3122 1419 ﬁeri
3153 1365 3244 1418 ubi
3271 1365 3426 1432 quis-

1865 1459 2008 1527 piam
2062 1458 2115 1512 in
2157 1457 2366 1512 consilii
2403 1455 2618 1526 inopia,
2657 1458 2838 1512 vultus
2885 1459 3138 1512 ruborem
3175 1458 3430 1528 obtegere

1867 1558 2113 1603 conatur.
2142 1548 2245 1619 Ipsi
2269 1563 2503 1618 namque
2525 1547 2705 1603 omnia
2747 1556 2903 1603 erant
2931 1548 3254 1613 Athanasio,
3280 1548 3428 1618 judi-

1867 1657 1981 1704 ces,
2008 1649 2196 1705 testes,
2223 1650 2585 1696 accusatores.
2607 1639 2782 1706 Quare
2805 1639 2936 1709 legis
2958 1641 3278 1695 sententiam
3300 1656 3432 1696 con-

1867 1743 1949 1787 tra
1982 1733 2404 1788 calumniatores
2438 1732 2788 1796 omittentes,
2831 1732 2897 1786 ad
2929 1732 3177 1787 veneﬁcii
3221 1733 3429 1788 crimen

180 1828 226 1878 0!
253 1826 348 1896 γὰρ
373 1825 532 1879 αὐτοὶ
572 1824 778 1877 πάντα
797 1820 938 1895 ἦσαν
980 1825 1298 1895 Ἀθανασίῳ,
1335 1827 1428 1879 καὶ
1449 1825 1654 1896 κριταὶ,
1673 1827 1761 1879 καὶ

1869 1834 2275 1889 convertuntur,
2311 1826 2597 1894 insanique
2640 1827 2695 1881 in
2740 1825 2975 1881 secunda
3033 1826 3380 1882 accusatione
3411 1863 3430 1891 ,

181 1917 448 1988 μάρτυρες,
489 1919 593 1970 καὶ
623 1920 960 1988 κατήγοροι.
999 1917 1088 1970 Διὸ
1127 1917 1222 1970 καὶ
1248 1915 1346 1987 τὴν
1375 1917 1514 1970 κατά
1537 1917 1644 1970 τῶν
1676 1934 1762 1970 συ-

179 2009 429 2077 κοσαντῶν
468 2009 782 2080 ἀπόφασιν
813 2009 907 2063 τοῦ
935 2009 1096 2080 νόμου
1134 2008 1550 2081 παραλιπόντες,
1578 2010 1670 2064 ἐπὶ
1699 2010 1762 2063 τὺ

181 2099 256 2169 τῆς
278 2101 530 2171 γοητείας
581 2099 860 2172 ἔγκλημα
915 2101 1222 2172 τρέπονται,
1271 2103 1384 2164 τοῖς
1409 2101 1680 2173 δευτέροις
1713 2103 1760 2156 οἱ

179 2191 360 2262 ἀνόητοι
390 2191 776 2264 παραμύθιόν
803 2209 859 2244 τι
881 2193 978 2264 τῆς
1005 2193 1273 2264 προτέρας
1302 2192 1566 2265 αἰσχύνης
1602 2195 1763 2264 ὲφευο

181 2285 269 2352 ρείν
289 2285 728 2348 σπουδάζοντες.
761 2285 840 2337 Τὸ
869 2284 925 2337 δὲ
945 2280 1011 2355 ἦν
1045 2285 1263 2356 ἔλεγχος
1301 2285 1498 2353 μᾶλλον
1518 2285 1610 2338 τοῦ
1641 2285 1764 2357 ψεύ-

177 2373 272 2438 δους
290 2375 633 2446 ἑπιφανέστε
644 2392 770 2446 ρος.
794 2375 1141 2446 Προσάγουσι
1172 2375 1242 2446 (b)
1266 2375 1442 2429 τοίνυν
1463 2375 1562 2448 τὴν
1584 2380 1760 2448 χεῖρα,

181 2465 322 2536 μῦσος
345 2469 718 2540 οἰκτίρμοσιν
749 2467 1072 2539 ὀφθαλμοῖς,
1097 2468 1220 2522 οὐδὲ
1244 2468 1414 2540 ψιλῶς
1443 2469 1603 2541 μόνον
1636 2470 1763 2524 [δεῖν

175 2556 389 2615 ἀνεκτόν.
424 2559 667 2630 Ταύτην
713 2557 951 2628 ἀπηνῶς
991 2559 1188 2614 ἐκεῖνοι
1234 2560 1328 2612 καὶ
1371 2559 1604 2626 ἀναιδῶς
1642 2563 1765 2614 ἐπι-

180 2649 378 2712 σείοντες
423 2649 510 2720 τῷ
555 2649 740 2720 ἁγίῳ.
773 2648 926 2720 Αὕτη
955 2664 1068 2711 σου,
1097 2651 1281 2722 φησιν,
1332 2651 1638 2715 Ἀθανὰσιε,
1669 2655 1763 2707 καὶ

178 2740 375 2807 σιγῶσα,
425 2743 796 2812 κατηγορεῖ·
847 2739 984 2812 αὕτη
1008 2757 1098 2794 σου
1142 2741 1400 2812 ἀφύκτως
1439 2741 1620 2815 ἔχεται
1669 2745 1764 2798 καὶ

176 2833 422 2902 στερρῶςι
457 2833 692 2904 ταύτην
723 2831 792 2885 ού
826 2831 1026 2898 λόγοις,
1057 2832 1117 2885 οὐ
1142 2832 1328 2904 τέχνῃ,
1363 2835 1462 2887 οὐκ
1488 2833 1624 2905 ἄλλῃ
1658 2834 1762 2887 τινὶ

175 2927 360 2994 μηχανῇ
392 2925 619 2998 δυνήσῃ
666 2924 988 2992 διαφυγεῖν.
1025 2925 1200 2978 Ἰσασι
1223 2927 1423 2990 πάντες
1469 2926 1761 2996 Ἀρσένιον,

172 3010 220 3068 οὗ
255 3017 330 3082 σὺ,
377 3018 537 3071 ἄδικε
581 3017 692 3070 καὶ
726 3016 938 3080 ἀνόσιε,
969 3016 1072 3087 τὴν
1107 3018 1264 3088 χεῖρα
1289 3015 1493 3086 ταύτην
1540 3017 1760 3088 ἒκοιζιας.

171 3108 336 3177 Δέγοις
354 3111 421 3164 ἂν
441 3111 554 3182 ἢδη
575 3108 804 3167 λοιπὸν,
830 3109 916 3175 ἐφ’
952 3099 996 3174 ᾧ
1019 3107 1281 3180 κέχρησαι
1303 3107 1494 3179 ταύτῃ,
1514 3110 1605 3162 καὶ
1629 3109 1763 3180 πρὸς

171 3202 212 3251 τί
235 3202 328 3272 ἄρα
359 3203 459 3274 τὴν
490 3201 765 3274 ἐκκοπὴν
790 3200 860 3270 (c)
891 3199 1155 3270 ἔδρασας
1192 3200 1250 3253 Ὅ
1271 3199 1327 3252 δὲ
1357 3201 1558 3272 πραεεξι
1585 3203 1758 3271 φωνῇ,

170 3294 247 3345 καὶ
273 3295 344 3358 ὡς
364 3294 432 3349 ἂν
462 3297 624 3348 εἴποι
653 3293 812 3362 ψυχὴ
841 3291 1086 3363 τοιαύτη,
1110 3293 1203 3345 καὶ
1227 3291 1295 3344 τά
1322 3291 1554 3364 Χριστοῦ
1586 3293 1762 3346 πάντα

170 3385 342 3458 ζηλοῦν
365 3391 733 3453 σπεύδουσα,
757 3387 841 3450 ὃς,
860 3386 1076 3455 ἀνόμως
1096 3385 1200 3439 ὑπὸ
1224 3385 1489 3438 Ἰουδαίων
1510 3385 1763 3456 κρινόμε-

169 3494 241 3542 νος
262 3480 357 3533 οὐκ
389 3481 610 3550 ἐρίζων
636 3473 713 3548 ἧν
742 3477 871 3530 οὐδὲ
890 3476 1234 3547 κραυγάζων,
1265 3474 1378 3528 ἀλλ’
1403 3475 1477 3539 ὡς
1495 3475 1762 3546 πρόϐατον

167 3570 243 3621 est
254 3571 472 3641 σφαγὴν
489 3572 702 3642 ἤγετο,
719 3567 795 3620 τά
813 3567 912 3638 μὲν
928 3567 1061 3629 ὅλως
1078 3566 1262 3635 σιγῶν,
1281 3565 1348 3618 τὰ
1370 3565 1424 3619 δὲ
1439 3565 1627 3637 πράως
1636 3567 1764 3619 ἀπο-

168 3663 492 3731 κρινόμενος·
531 3662 642 3724 Τίς
672 3655 773 3713 οὖν
789 3658 1042 3728 ὲξύμῶν,
1067 3660 1253 3729 φησὶν,
1292 3658 1563 3730 Ἀρσένιον
1594 3660 1764 3725 ἐγνω-

165 3753 280 3818 κὼς;
313 3757 344 3827 ἦ
371 3759 462 3819 τίς
488 3755 521 3807 6
556 3752 781 3821 ταύτην
806 3749 974 3805 αὐτοῦ
1019 3751 1118 3822 τὴν
1140 3750 1318 3819 δεξιὰν
1347 3749 1589 3823 ἀκριϐῶς
1624 3745 1762 3802 εἶναι

169 3843 299 3908 εἰδὼς
321 3864 336 3909 ;
364 3847 487 3899 Ούκ
511 3846 728 3914 ὀλίγων
745 3843 805 3896 δὲ
833 3844 970 3912 πρὸς
986 3843 1154 3896 ταῦτα
1184 3843 1282 3914 τῆς
1305 3841 1569 3914 καθέδρας
1593 3841 1766 3894 διανα-

166 3936 408 3999 στάντων,
426 3937 532 3989 καὶ
559 3937 623 3987 Ἀ
635 3934 856 4005 ρσένιον
874 3933 1052 3994 αὐτὸν,
1070 3933 1162 3986 καὶ
1175 3932 1272 4003 τὴν
1287 3937 1459 4004 χεῖρα,
1477 3935 1572 3985 καὶ
1589 3931 1764 3985 πάντα

166 4025 341 4080 εἰδέναι
401 4026 613 4096 σαφῶς
672 4023 1114 4094 διατεινομένων,
1169 4023 1335 4087 λύσας
1387 4022 1603 4088 αὐτίκα,
1663 4023 1764 4094 τὴν

163 4118 346 4189 σκηνὴν
379 4117 750 4179 Ἀθανάσιος,
773 4114 983 4167 κελεύει
1007 4113 1288 4186 παρελθεῖν
1312 4117 1389 4178 εἰς
1413 4116 1608 4186 μέσους
1645 4116 1765 4189 Ἀρ-

165 4206 340 4262 σέ-έιον.
405 4209 582 4264 Ἐπεὶ
643 4207 706 4261 δὲ
762 4199 924 4270 οὗτος
971 4205 1192 4278 εἰσήχθη
1251 4207 1444 4272 ζῶντε
1479 4209 1572 4261 καὶ
1608 4209 1765 4281 ὑγιὴς

158 4297 308 4367 apem
333 4299 408 4353 τὰ
442 4303 638 4371 χεῖρε,
678 4296 941 4369 προσχὼν
963 4298 1074 4359 τοῖς
1096 4314 1155 4349 τε
1188 4300 1509 4371 κατηγόροις
1536 4302 1630 4354 καὶ
1654 4305 1764 4364 τοῖς

159 4394 357 4458 κριταῖς
383 4395 414 4447 ὁ
446 4391 767 4461 μακάριος,
800 4387 897 4441 καὶ
918 4387 1236 4459 δριμύτερον
1265 4392 1539 4460 ἐμϐλέψας
1562 4392 1760 4456 αὐτοῖς.

1864 1919 2148 1988 requirunt
2188 1918 2401 1987 pristini
2460 1919 2682 1986 pudoris
2723 1917 3008 1986 levamen,
3058 1918 3199 1988 quod
3250 1921 3431 1990 potius

1863 2018 1984 2063 erat
2017 2009 2252 2078 apertior
2283 2009 2550 2064 mendacii
2597 2009 2969 2079 reprehensio.
3009 2009 3221 2064 Manum
3251 2011 3433 2080 itaque

1863 2101 2186 2170 producunt,
2220 2115 2332 2155 rem
2363 2102 2750 2156 exsecrandum
2769 2102 3210 2157 misericordibus
3234 2104 3429 2168 oculis,

1864 2206 2038 2261 neque
2071 2191 2153 2246 vel
2184 2191 2298 2247 solo
2323 2193 2460 2248 visui
2491 2191 2791 2247 ferendam.
2829 2192 2978 2248 lianc
3021 2194 3314 2250 crudeliter
3356 2196 3431 2250 illi

1864 2293 1920 2337 et
1942 2283 2283 2352 impudenter
2315 2291 2506 2338 sancto
2530 2282 2643 2336 viro
2671 2283 2936 2353 agitantes
2963 2302 2974 2338 :
3004 2283 3128 2340 Haec
3152 2295 3227 2351 te,
3255 2286 3428 2352 aiunt,
3483 2310 3496 2317 υ

1862 2373 2148 2440 Athanasi,
2178 2374 2262 2429 vel
2289 2373 2452 2430 silens
2477 2383 2695 2430 accusat
2719 2393 2733 2429 :
2766 2374 2878 2429 lucc
2905 2384 2955 2429 te
2980 2375 3204 2430 ﬁrmiter
3225 2391 3288 2431 ac
3315 2377 3435 2433 sine

1865 2465 2062 2537 eﬁugio
2096 2476 2292 2535 urget:
2325 2468 2468 2522 banc
2516 2482 2616 2521 nec
2647 2467 2824 2522 verbis
2849 2507 2864 2532 ,
2897 2483 2996 2524 nec
3048 2469 3304 2538 artiﬁcio,
3335 2486 3434 2526 nec

1866 2559 1970 2612 alia
2013 2559 2203 2629 quavis
2233 2559 2482 2613 machina
2515 2556 2757 2628 eﬁ'ugies.
2788 2559 3212 2617 Noruntomnes
3265 2563 3434 2618 Arse-

1867 2651 2012 2703 nium
2050 2689 2066 2715 ,
2105 2651 2189 2705 cui
2229 2660 2307 2714 tu,
2341 2650 2524 2719 inique
2547 2660 2602 2704 et
2627 2652 2992 2721 impurissime
3012 2653 3432 2718 homo,manum

1865 2739 2005 2795 hanc
2039 2742 2350 2811 amputasti.
2383 2742 2480 2797 Dic
2503 2757 2630 2813 ergo
2651 2743 2791 2814 jam,
2817 2759 2978 2814 quam
3008 2747 3074 2801 ad
3109 2762 3220 2804 rem
3246 2748 3334 2803 illa
3375 2764 3436 2804 es

1867 2847 2020 2897 usus,
2053 2841 2107 2887 et
2131 2835 2197 2887 ad
2241 2848 2400 2904 quem
2432 2849 2585 2888 usum
2641 2836 2936 2893 abscideris
2986 2839 3153 2896 illam.
3181 2839 3316 2895 Tum
3345 2841 3438 2896 ille

1866 2921 2076 2991 placida
2101 2938 2254 2987 voce,
2295 2936 2354 2977 ut
2382 2926 2607 2980 decebat
2633 2927 2792 2982 talem
2821 2929 3079 2996 animant,
3108 2945 3229 3000 quae
3254 2935 3434 2988 omnia

1866 3013 2107 3070 studiose
2156 3018 2553 3085 exsequebatur
2601 3018 2877 3076 Christum
2935 3025 3278 3092 spectantia,
3342 3028 3434 3097 qui

1869 3121 1991 3160 cum
2027 3107 2260 3175 iuiquea
2300 3107 2498 3162 Judmis
2521 3109 2877 3179 judicaretur,
2910 3128 3017 3168 non
3051 3116 3438 3182 contendebat,

1869 3213 2044 3267 neque
2076 3199 2377 3265 clamabat,
2431 3201 2524 3255 sed
2562 3211 2817 3272 tanquam
2850 3205 2969 3260 ovis
3016 3205 3082 3259 ad
3112 3207 3312 3262 caedem
3341 3209 3440 3261 du-

1868 3291 2110 3354 cebatur,
2146 3293 2340 3359 partim
2395 3293 2617 3348 omnino
2667 3295 2835 3350 silens
2861 3334 2879 3362 ,
2910 3296 3106 3365 partim
3157 3309 3440 3354 mansuete

1869 3383 2203 3451 respondens
2255 3402 2268 3438 :
2319 3385 2452 3452 Quis
2497 3396 2771 3452 vestrum,
2839 3388 2951 3451 ait.
3002 3389 3292 3444 Arsenium
3343 3407 3440 3446 no-

1872 3474 1948 3528 vit
1970 3476 1993 3528 ?
2015 3485 2108 3529 aut
2145 3477 2269 3546 quis
2301 3489 2556 3532 accurate
2582 3481 2710 3546 scit,
2736 3479 2878 3536 hanc
2901 3481 3019 3551 ejus
3050 3497 3170 3538 esse
3187 3485 3440 3538 manum?

1868 3571 1949 3624 Ad
1981 3567 2096 3622 haec
2134 3578 2312 3624 autem
2340 3585 2447 3626 non
2483 3570 2669 3639 paucis
2708 3571 2963 3627 cathedra
2993 3573 3362 3643 surgentibus,
3388 3585 3442 3628 et

1870 3662 2158 3717 Arsenium
2206 3661 2383 3730 ipsum
2434 3662 2655 3731 ejusque
2683 3677 2900 3717 manum
2955 3678 3014 3719 se
3056 3663 3224 3734 probe
3280 3679 3442 3720 nosse

1870 3752 2325 3811 contendentibus
2344 3794 2360 3817 ,
2394 3753 2611 3809 solvens
2629 3753 2811 3808 statim
2841 3767 3061 3809 scenam
3091 3754 3437 3819 Athanasius,

1866 3845 2023 3913 jubet
2070 3845 2122 3898 in
2179 3845 2415 3899 medium
2465 3845 2679 3914 prodire
2720 3845 3034 3901 Arsenium.
3073 3845 3208 3900 Cum
3263 3855 3439 3902 autem

1874 3938 1962 3992 ille
1978 3938 2132 3992 vivus
2150 3937 2519 4006 ambabusque
2539 3937 2784 3992 manibus
2810 3953 2976 3994 sanus
2994 3937 3244 3995 inductus
3265 3950 3443 4005 esset,

1874 4042 1986 4084 tum
2018 4030 2208 4084 beatus
2253 4028 2342 4083 ille
2378 4029 2462 4082 vir
2491 4037 2838 4083 accusatores
2864 4037 2919 4082 et
2950 4029 3162 4098 judices
3193 4029 3442 4098 intuitus,

1875 4131 2137 4190 torveque
2161 4121 2409 4174 homines
2445 4120 2759 4190 aspiciens:
2799 4119 2987 4176 Nonne
3012 4161 3028 4187 ,
3083 4122 3190 4186 ait,
3223 4122 3311 4178 hic
3363 4135 3447 4178 est

1871 4211 2181 4267 Arsenius?
2217 4225 2396 4267 nonne
2424 4211 2512 4267 hic
2551 4223 2656 4277 est,
2701 4212 2792 4280 qui
2840 4212 3137 4268 secundum
3171 4228 3266 4268 vos
3301 4229 3446 4270 mor-

1876 4310 1997 4356 tuus
2041 4310 2168 4368 est,
2202 4310 2256 4355 et
2304 4316 2521 4354 manum
2563 4299 2792 4355 amisit?
2822 4315 3002 4356 nonne
3051 4301 3141 4356 liic
3196 4303 3446 4356 omnibus

1874 4392 2257 4448 Alexandrinis
2291 4401 2377 4447 est
2417 4393 2625 4447 notus?
2655 4400 2710 4445 et
2743 4393 2900 4446 simul
2936 4391 3005 4446 ad
3053 4393 3289 4446 tnedium
3345 4394 3447 4446 tri-

157 4480 257 4551 οὐχ
291 4479 486 4546 ὦτος,
522 4482 659 4552 ἔφη,
708 4479 1018 4549 Ἀρσένιος;
1072 4481 1169 4550 ούχ
1196 4476 1350 4547 οὗτος
1395 4484 1424 4535 ὁ
1466 4485 1595 4554 παρ’
1635 4485 1761 4553 ὑμῖν

1877 4483 2038 4535 bunal
2069 4485 2342 4538 adducens
2377 4483 2552 4545 illum,
2591 4492 2650 4535 ut
2697 4483 2940 4536 omnium
2982 4492 3192 4552 pateret
3247 4483 3442 4544 oculis.

157 4576 335 4645 νεκρὸς
387 4575 500 4628 καί
546 4573 652 4643 τὴν
687 4575 851 4642 χεῖρα
893 4570 1010 4624 καθ’
1036 4573 1176 4642 ὑμᾶς
1206 4574 1626 4644 ἀποϐεϐληκώςς
1669 4577 1766 4645 οὐχ

156 4659 298 4730 οὗτος
324 4669 355 4720 ὁ
380 4668 569 4720 πᾶσιν
609 4661 1024 4733 Ἀλεξανδρεῦσι
1051 4663 1351 4736 γνὼριμος;
1374 4667 1481 4719 Καὶ
1497 4667 1612 4737 ἃμα
1633 4668 1767 4739 πρὸς

155 4757 208 4807 τὸ
229 4761 584 4826 μεσαίτατον
605 4757 775 4811 αὐτὸν
816 4757 1258 4828 ἐπισπασάμενος
1282 4759 1374 4813 τοῦ
1395 4758 1764 4833 δικαστηρίου,

155 4846 222 4911 ὡς
250 4849 316 4902 ἂν
348 4850 460 4903 καὶ
492 4848 658 4919 δῆλος
687 4847 992 4918 ὀφθαλμοῖς
1021 4846 1106 4918 εἴη
1141 4852 1248 4912 τοῖς
1280 4853 1464 4913 πᾶσιν,
1495 4849 1767 4903 ύπεκϐάλ-

155 4937 226 4993 λιι
250 4943 462 5012 πρῶτα.
506 4940 610 5011 τὴν
643 4939 864 5006 δεξιάν
912 4935 1027 4992 εἶτα
1060 4940 1269 4995 κελεύει
1298 4943 1436 5013 πρὸς
1475 4941 1608 5011 ὖψος
1633 4942 1764 4994 ἀνα-

156 5034 318 5086 τεῖναι
360 5032 474 5086 καὶ
518 5030 620 5100 τὴν
657 5029 844 5091 λαιὰν,
891 5031 984 5082 καὶ
1016 5031 1177 5101 μέγα⁴
1201 5048 1253 5084 τι
1295 5033 1388 5086 καὶ
1418 5031 1656 5101 γεγωνὸν
1691 5031 1767 5104 (d)

155 5122 509 5194 ἀνακράξας,
541 5117 788 5185 οῗατοὺς
823 5120 1039 5192 μακράν
1062 5123 1162 5192 τῆς
1183 5123 1437 5195 ἀληθείας
1462 5123 1618 5186 ὄντας
1639 5123 1767 5176 ἀνα-

157 5211 525 5285 καλούμενος,
583 5207 757 5276 Οὗτος
798 5213 918 5282 μὲν,
953 5206 998 5265 ὦ
1026 5213 1234 5285 ἄνδρες,
1291 5215 1582 5286 Ἀρσένιος,
1629 5213 1760 5286 ἔφη*

1877 4573 2050 4640 primo
2080 4572 2359 4627 dexteram
2391 4573 2573 4626 educit
2601 4589 2615 4626 :
2648 4573 2776 4627 hinc
2818 4573 2973 4642 jubet
3011 4573 3160 4628 illum
3193 4574 3447 4628 attollere

1875 4662 2188 4725 sinistram,
2245 4673 2405 4734 atque
2451 4680 2643 4735 magna
2683 4666 2898 4735 altaque
2947 4679 3079 4720 voce
3105 4664 3442 4728 exclamans,

1876 4753 2030 4819 quasi
2075 4767 2170 4806 eos
2223 4754 2311 4821 qui
2368 4754 2524 4823 longe
2573 4765 2732 4809 erant
2783 4772 2812 4808 a
2864 4755 3088 4810 veritate
3121 4767 3440 4811 revocaret-

1879 4845 1975 4899 llic
2003 4883 2020 4910 ,
2063 4859 2096 4898 o
2138 4844 2278 4911 viri,
2326 4845 2542 4916 inquit,
2582 4848 2890 4904 Arsenius:
2936 4848 3016 4902 Ine
3065 4863 3258 4904 manus
3302 4849 3446 4904 illius

1876 4949 2020 5004 sunt,
2050 4940 2438 5010 amputationis
2469 4942 2774 5015 nesciat(e).
2811 4942 2947 4998 Tum
2973 4945 3205 5002 Arsenio
3230 4945 3445 5011 relicto,

1876 5033 1944 5085 ad
1976 5042 2317 5089 accusatores
2362 5049 2658 5092 conversus
2688 5055 2702 5089 :
2731 5036 2776 5091 0
2807 5037 3107 5106 mirabiles,
3141 5038 3336 5110 inquit,
3360 5041 3449 5110 ju-

1875 5124 2044 5187 dices,
2079 5140 2232 5194 rogo,
2267 5126 2514 5195 quisnam
2565 5130 2610 5182 is
2634 5128 2707 5183 sit
2750 5131 3050 5196 ostendite,
3079 5140 3135 5187 et
3165 5131 3445 5202 cujusnam

1875 5217 1988 5271 haec
2017 5217 2255 5273 abscissa
2280 5235 2494 5284 manus,
2515 5235 2630 5290 qua:
2646 5235 2746 5277 nos
2774 5223 3158 5291 amputationis
3190 5221 3447 5280 accusat?

152 5303 312 5362 αὗται
359 5310 425 5362 δὲ
467 5311 655 5380 χεῖρες
698 5307 938 5373 ἐκείνου,
989 5307 1086 5380 τὴν
1123 5309 1364 5380 ἐκκοπὴν
1407 5310 1759 5380 ἀγνοήσασαι.
1801 5309 1903 5365 Τὸν
1924 5311 1980 5365 δὲ
2007 5313 2134 5384 παρ’
2161 5314 2344 5378 αὐτοῖς
2387 5316 2682 5387 ’Δρσένιον,
2721 5317 2927 5373 ἀπιδὼν
2953 5319 3089 5389 πρὸς
3116 5319 3242 5380 τοὺς
3272 5333 3444 5385 κατη-

154 5401 382 5469 γόρους,
411 5398 488 5454 Ὦ
518 5401 850 5473 θαυμάσιοι,
876 5400 1028 5470 φησι,
1066 5400 1339 5467 δικασταὶ,
1365 5401 1500 5467 ἀξιῶ
1524 5403 1606 5466 τίς
1629 5404 1687 5457 τέ
1721 5405 1836 5458 ἐστι
1861 5403 2052 5470 δεῖξαι,
2082 5408 2176 5460 καὶ
2215 5407 2358 5471 τίνος
2389 5410 2422 5480 ἠ
2459 5409 2791 5480 ὲκτμηθεῖσα
2828 5409 2948 5482 χεὶρ
2994 5409 3156 5479 αὕτη,
3189 5410 3282 5462 καὶ
3310 5409 3444 5480 ἡμῖν

150 5492 223 5554 ὡς
249 5508 362 5546 ττιν
395 5495 638 5566 ἐκτομὴν
675 5490 1079 5565 ἐργασαμένοις
1114 5491 1318 5564 ταύτης
1353 5492 1726 5566 ἐγκαλουμένης
1753 5510 1768 5561 ;

224 5626 310 5766 (αξ
335 5627 480 5684 Tres
508 5645 646 5685 mss.
682 5627 1055 5688 ἐπεισπεσὼν.

224 5701 280 5766 (b
336 5702 570 5764 Quidam
607 5717 745 5754 mss.
784 5700 1055 5766 προάγουο

223 5700 309 5766 (b)
336 5702 570 5764 Quidam
607 5717 745 5754 mss.
784 5700 1107 5769 προάγουσι.

226 5772 310 5840 (c)
342 5771 446 5824 Alii
473 5772 750 5842 ἐκτομὴν.

449 5867 738 5927 Ρλτιιοι..
773 5863 896 5926 Gn.
926 5855 1126 5931 XXV.

1943 5635 2022 5706 (ά)
2049 5633 2386 5718 Sicquidam
2424 5637 2642 5692 codices
2679 5648 2842 5696 recte.
2890 5637 2993 5693 Alii
3021 5615 3150 5694 vero
3184 5643 3446 5710 γεγοντῖς,

1875 5721 1996 5760 cum
2026 5709 2206 5759 editis.

1948 5775 2018 5847 (ο)
2049 5775 2210 5855 Forte
2235 5775 2427 5832 vitiosa
2461 5775 2636 5833 lectio.

3141 5891 3198 5932 ιη
