3990 6542
575 254 777 297 Cxcvnt

648 363 734 417 M.
777 362 927 417 Tunc
960 377 1062 417 non
1088 361 1229 418 ultra
1262 362 1531 430 indicibus
1567 363 1861 420 tolerabilis
1890 363 2145 417 cathedra
2179 372 2220 425 Α

575 457 697 523 fuit,
728 458 821 511 sed
855 470 955 510 una
985 472 1106 512 cum
1130 454 1475 522 satellitibus,
1510 472 1575 512 ea
1608 457 1817 522 relicta,
1840 456 2021 511 tristes
2049 454 2147 508 ad-

575 552 798 605 modum
829 563 893 603 ac
922 549 1156 603 demissa
1196 549 1333 603 facie
1357 549 1627 603 evidentia
1654 547 1873 618 pudoris
1906 549 2055 617 signa
2099 547 2153 601 in

574 640 728 692 vultu
768 636 1027 703 ferentes,
1059 638 1390 693 abscessere.
1414 636 1600 707 Itaque
1630 638 1859 706 populus
1881 652 2005 691 cum
2033 637 2154 691 illos

574 733 655 787 sic
677 732 1021 801 perturbatos
1052 740 1322 796 cerneret,
1349 746 1413 785 ac
1445 744 1566 785 cum
1614 731 1819 800 pudore
1848 739 1904 785 et
1933 730 2150 785 tristitia

575 842 605 877 τι
662 822 915 877 tribunali
954 823 1230 886 recedere,
1287 823 1441 893 quasi
1498 839 1683 879 eorum
1712 824 1767 878 et
1809 838 1920 877 sua).
1952 822 2153 891 pariter

577 917 877 986 impietatis
919 916 1098 970 studio
1132 914 1535 981 elfervesceret,
1562 915 1673 986 jam
1720 916 1862 971 enim
1904 916 2013 969 Arii
2064 916 2152 969 lue

572 1024 711 1078 pene
742 1007 976 1077 repletus
1000 1018 1117 1063 erat
1153 1026 1166 1062 :
1198 1016 1252 1062 et
1275 1008 1533 1079 alioquin,
1578 1019 1635 1064 ut
1668 1017 1723 1064 et
1770 1008 2038 1079 episcopis
2098 1017 2152 1063 et

575 1100 887 1169 imperatori
920 1108 1130 1170 gratum
1179 1097 1403 1166 faceret,
1424 1101 1779 1154 Athanasium
1803 1100 1995 1156 laedere
2029 1108 2149 1154 ten-

574 1192 801 1255 tabant,
850 1206 916 1246 ac
972 1190 1206 1261 undique
1251 1193 1427 1246 virum
1469 1192 1918 1256 circumsistunt,
1970 1191 2151 1246 verbis

572 1285 1022 1353 perstringentes,
1048 1298 1241 1338 manus
1280 1282 1617 1338 inferentes:
1662 1282 1949 1350 Garrulus,
1988 1298 2151 1359 vene-

572 1380 729 1441 ticus,
772 1376 863 1447 qui
915 1376 1052 1431 male
1092 1385 1297 1445 pereat,
1343 1377 1570 1442 aientes,
1626 1375 1901 1445 multaque
1943 1375 2049 1430 alia
2082 1374 2149 1429 iis

567 1469 755 1540 pejora
798 1508 812 1533 ,
843 1484 961 1539 qua:
992 1468 1127 1522 nihil
1156 1483 1287 1523 sane
1310 1470 1375 1523 ad
1400 1468 1547 1522 illum
1591 1468 1915 1533 attinebant,
1960 1467 2053 1521 sed
2082 1464 2148 1521 ad

570 1575 667 1614 eos
717 1560 807 1630 qui
865 1560 982 1615 haec
1024 1559 1351 1629 proferrent,
1406 1575 1526 1629 quae
1573 1560 1735 1614 etiam
1801 1559 2148 1615 clementiora

570 1661 730 1707 erant
763 1653 828 1706 iis
864 1666 983 1721 qua:
1022 1652 1124 1719 ipsi
1166 1651 1354 1706 audire
1387 1652 1779 1706 merebantur:
1814 1661 1923 1705 tum
1949 1652 2149 1721 judici-

1941 235 2483 294 PROLEGOMENA.

2325 362 2411 417 14.
2440 364 2571 416 Τότε
2592 362 2692 417 ούκ
2733 360 2811 416 ἔτι
2838 362 2959 416 οὐδὲ
2994 362 3132 435 αὑτὴ
3156 365 3269 427 τοῖς
3301 364 3586 428 δικασταῖς
3621 363 3850 429 ἀνεκτὸς

2261 453 2333 525 (α)
2366 455 2400 525 ἡ
2431 454 2687 525 καθέδρα,
2723 453 2858 507 ἀλλὰ
2883 452 2974 508 καὶ
3003 452 3207 525 ταύτην
3231 453 3364 525 μετά
3388 454 3495 507 τῶν
3529 455 3853 527 δορυφόρων

2259 548 2635 610 ἀπολιπόντες,
2662 546 2976 618 σκυθρωποὶ
3006 546 3126 601 λίαν
3157 548 3251 601 xui.
3290 549 3579 618 κατηφεῖς,
3612 548 3758 619 σαφῆ
3784 544 3856 601 τά

2260 638 2503 709 σύμϐολα
2528 640 2626 708 τῆς
2674 635 2935 707 αἰσχύνης
2963 637 3054 689 ἐπὶ
3086 636 3195 689 τῶν
3226 636 3400 705 ὅψεων
3436 634 3700 707 φέροντες
3730 636 3853 688 ἀνι-

2259 732 2490 804 χώρουν.
2524 730 2597 783 Τὸ
2640 729 2770 799 γοῦν
2813 730 3038 801 πλῆθος,
3079 729 3253 792 οὕτως
3296 730 3493 793 αὐτοὺς
3537 728 3739 791 ἰδόντες
3760 743 3855 779 τε-

2258 824 2657 894 ταραγμένους,
2705 821 2800 875 καὶ
2836 823 2932 875 σὺν
2965 819 3196 894 αἰσχύνῃ
3229 822 3323 874 καὶ
3352 820 3562 891 ἀθυμίᾳ
3585 819 3684 872 τοῦ
3702 820 3855 872 δικαι-

2260 934 2357 986 στη
2369 915 2481 986 ρίου
2508 914 2940 983 ἀποφοιτῶντας,
2963 914 3058 966 καὶ
3089 915 3277 985 ὥσπερ
3314 912 3455 982 ὑπὲρ
3494 912 3725 966 ἐκείνων
3757 912 3855 965 καὶ

2256 1009 2357 1077 τῆς
2386 1006 2572 1076 κοινῆς
2591 1005 2845 1067 ἀσεϐείας
2861 1003 3221 1073 ζηλώσαντες,
3246 1003 3372 1073 (ἤδη
3394 1003 3503 1072 γὰρ
3518 1003 3621 1071 τῆς
3638 1000 3855 1072 Ἀρείου

2257 1100 2434 1171 λύμης
2483 1098 2682 1161 ἱκανῶς
2733 1097 3141 1168 ὑποπέπληστο,
3172 1096 3345 1159 ἄλλως
3394 1112 3455 1147 τε
3498 1095 3556 1148 δὲ
3588 1094 3686 1149 καὶ
3739 1096 3855 1157 τοῖς

2255 1191 2572 1253 ἐπισκόποις
2609 1190 2703 1242 καί⁵
2752 1187 2961 1257 βασιλεῖ
2983 1186 3378 1260 χαριζόμενοι,)
3398 1184 3657 1256 βλάπτειν
3694 1184 3857 1237 Ἀθαο

2255 1284 2439 1337 νάσιον
2465 1282 2807 1353 ἐπεχείρουν,
2836 1282 2930 1335 καλ⁵
2972 1281 3344 1353 περιίστανται
3368 1278 3637 1332 πάντοθεν
3664 1278 3853 1341 αὑτὸν,

2258 1378 2465 1449 ῥήμασι
2488 1375 2790 1446 βάλλοντες,
2814 1379 3003 1446 χεῖρας
3034 1374 3351 1441 ἐπάγοντες,
3377 1375 3405 1426 6
3438 1373 3626 1445 λῆρος,
3648 1374 3677 1425 6
3694 1370 3851 1440 γόης,

2255 1472 2283 1523 6
2314 1469 2500 1532 κακῶς
2523 1467 2911 1538 ἀπολούμενος,
2933 1467 3027 1519 καὶ
3061 1464 3231 1519 πολλά
3258 1464 3424 1537 ἕτερα
3452 1465 3625 1536 χείρω
3656 1462 3853 1516 τοῦτον

2254 1560 2672 1625 ἀποκαλοῦντες
2713 1560 2749 1614 ἀ
2777 1561 2912 1633 πρὸς
2940 1560 3036 1630 μὲν
3060 1561 3266 1612 ἐκεῖνον
3296 1558 3449 1612 οὐδὲν
3496 1558 3635 1622 ὅλως
3670 1558 3855 1611 κοινὸν

2256 1651 2420 1723 εἶχον·
2459 1652 2597 1724 πρὸς
2625 1652 2821 1715 αὐτοὺς
2849 1650 2905 1703 δὲ
2940 1651 3065 1714 τοὺς
3084 1650 3361 1719 λέγοντας,
3388 1650 3481 1703 καὶ
3516 1649 3702 1722 πολλῷ
3754 1648 3854 1703 τοῦ

570 1745 671 1799 bus
693 1743 1154 1807 conviciabantur,
1181 1743 1322 1813 quod
1346 1758 1449 1797 non
1477 1744 1650 1813 poenis
1672 1753 1833 1813 atque
1852 1744 2143 1813 suppliciis_

2251 1745 2463 1809 δέοντος
2493 1741 2631 1814 ἦσαν
2665 1742 3174 1815 φιλανθρωπότερα,
3197 1743 3292 1796 καὶ
3312 1737 3386 1795 ὧν
3417 1741 3574 1794 αὐτοὶ
3601 1740 3854 1812 ὑπῆρχον

574 1837 752 1905 potius
791 1851 953 1906 quam
995 1835 1254 1906 legitimis
1303 1836 1657 1904 argumentis,
1700 1837 2022 1890 sententiam
2068 1846 2152 1889 tu-

571 1930 781 1993 lissent,
817 1942 883 1983 ac
928 1937 1154 1982 mortem
1179 1927 1301 1998 ipsi,
1347 1936 1539 1995 suopte
1567 1931 1886 1993 nutn,]usto
1921 1928 2148 1981 commi-

572 2025 863 2077 nabantur.
892 2020 1025 2075 Cum
1064 2029 1212 2073 tanta
1241 2027 1419 2073 tamen
1452 2018 1647 2073 seditio
1676 2022 1911 2073 excitata
1939 2018 2147 2085 fuisset,

571 2124 625 2167 et
660 2122 841 2167 tantus
871 2111 1199 2166 tumultusin
1229 2110 1424 2181 populo
1450 2119 1690 2176 coortus,
1722 2110 1855 2165 nihil
1886 2126 2005 2165 eam
2037 2128 2148 2167 rem

560 2204 742 2261 Gallio
775 2205 1003 2272 curavit,
1036 2203 1127 2274 qui
1160 2213 1268 2257 tum
1293 2203 1581 2274 praefectus
1620 2214 1738 2259 erat
1766 2205 2036 2271 civitatis;
2074 2208 2147 2260 ita

568 2297 769 2351 malum
794 2297 1018 2352 ulterius
1049 2310 1401 2366 pervasurum
1442 2294 1684 2360 fecisset,
1721 2297 1822 2350 nisi
1855 2297 2151 2351 Archelaus

568 2391 925 2453 descendens,
957 2390 1245 2442 verborum
1277 2388 1530 2441 suasione
1563 2397 1618 2443 et
1659 2388 1879 2443 lenitate
1936 2388 2145 2458 plebem

568 2485 836 2545 sedasset,
870 2482 1334 2550 Athanasiumque
1362 2482 1429 2535 ab
1475 2481 1542 2535 iis
1586 2496 1706 2536 mox
1758 2479 2146 2544 dilaniandnm,

567 2592 634 2631 ex
671 2576 864 2630 mediis
889 2575 1073 2644 populi
1105 2575 1360 2628 manibus
1396 2574 1706 2641 eripuisset,
1742 2572 1989 2644 clamque
2016 2576 2149 2630 urbe

568 2669 940 2723 subduxisset.
964 2667 1095 2721 Erat
1120 2681 1283 2737 porro
1303 2665 1603 2720 Archelaus
1630 2665 1912 2721 tribunalis
1932 2666 2147 2735 quidem

567 2758 860 2831 praefectus
896 2776 910 2813 :
943 2761 1133 2829 virque
1157 2759 1292 2813 alias
1321 2758 1796 2828 prudentissimus,
1831 2760 2151 2814 mansuetis-

540 2852 766 2917 'simus,
796 2866 859 2905 ac
896 2851 1105 2906 dicendi
1142 2851 1510 2921 peritissimus
1544 2857 1870 2920 paratusque
1905 2851 1971 2904 ad
2005 2867 2146 2905 mor-

568 2946 641 2998 tis
673 2944 973 3016 periculum
1000 2941 1333 3008 adeundum,
1361 2942 1405 2997 si
1442 2942 1494 2996 id
1522 2958 1656 3012 opus
1691 2941 1902 2998 fuisset.
1934 2943 2031 2998 llic
2054 2960 2147 3012 po-

565 3037 689 3107 pulo
727 3035 924 3090 furenti
952 3036 1173 3091 minime
1197 3035 1415 3101 cedens,
1445 3035 1635 3089 suadet
1655 3034 1954 3089 Athanasio
1973 3042 2028 3087 ut
2052 3050 2147 3104 per

2255 1838 2475 1893 ἀκούειν
2499 1837 2661 1902 ἀξιον
2700 1838 2851 1891 αὐτοί
2871 1855 2929 1890 τε
2950 1840 3061 1900 τοῖς
3097 1836 3375 1900 δικασταῖς
3402 1834 3855 1906 διαλοιδορούμε-

2253 1947 2355 1994 νοι,
2384 1931 2463 1983 ὅτι
2500 1930 2573 2001 μὴ
2608 1932 2820 1993 ποιναῖς
2856 1929 3054 2001 μᾶλλον
3085 1929 3179 1982 καὶ
3211 1928 3524 1999 τιμωρίαις,
3564 1926 3705 1980 ἀλλὰ
3735 1927 3858 1988 τοῖς

2252 2024 2317 2077 ἐκ
2339 2024 2445 2077 τῶν
2476 2024 2654 2093 νόμων
2682 2023 2925 2092 ἐλέγχοις
2939 2021 3035 2092 τὴν
3058 2021 3237 2092 ψῆφον
3262 2019 3593 2091 ἐπέτρεψαν,
3623 2018 3722 2072 κα)⁸
3750 2017 3858 2071 θά-

2251 2133 2409 2168 νατον
2442 2114 2651 2168 οἴκοθεν
2686 2114 2839 2167 αὐτοὶ
2886 2114 3046 2167 πάλιν
3094 2113 3475 2183 ἀπειλούμενοι
3514 2112 3594 2183 τῷ
3627 2112 3856 2182 δικαίῳ.

2251 2207 2529 2279 Τοσαύτης
2544 2208 2599 2262 δέ
2623 2208 2771 2277 ὅμως
2807 2207 3046 2269 στάσεως
3084 2205 3597 2277 ἀναρριπισθείσης,
3631 2206 3728 2258 καὶ
3749 2223 3854 2276 τη-

2250 2301 2511 2371 λικαύτης
2541 2301 2765 2367 ἀταξίας
2781 2300 3010 2371 ἐχούσης
3043 2299 3136 2353 τὸν
3156 2300 3347 2369 δῆμον,
3372 2298 3525 2351 οὐδὲν
3544 2298 3687 2361 ὅλως
3716 2298 3854 2368 ἐμέ-

2250 2393 2381 2464 λησε
2412 2392 2489 2462 τῷ
2540 2390 2827 2453 Γαλλίωνι,
2878 2392 2936 2455 ὃς
2979 2386 3118 2461 ἦρχε
3138 2390 3259 2443 τότε
3287 2390 3386 2461 τῆς
3431 2390 3664 2453 πόλεως’
3703 2389 3852 2443 ὥστε

2251 2484 2354 2537 κᾶν
2408 2485 2614 2556 προέϐη
2645 2484 2704 2537 τὸ
2738 2483 2907 2536 κακὸν
2950 2482 3275 2554 περαιτέρω,
3316 2482 3364 2533 εί
3411 2480 3485 2552 μὴ
3526 2480 3853 2552 Ἀρχέλαος,

2250 2577 2514 2640 καταϐὰς,
2547 2575 2724 2629 πειθοῖ
2743 2593 2799 2629 τε
2833 2574 3007 2643 λόγων
3047 2576 3140 2628 καὶ
3170 2574 3474 2644 ἡμερότητι
3519 2571 3729 2625 λεαίνει
3791 2570 3859 2623 τὸ

2250 2666 2471 2737 πλῆθος,
2497 2666 2597 2719 καὶ
2630 2665 2889 2735 μέλλοντα
2926 2663 3255 2717 διασπᾶσθαι
3276 2661 3364 2714 τὸν
3410 2660 3757 2724 Ἀθανάσιον,
3788 2662 3858 2713 ὲκ

2254 2761 2433 2830 μέσων
2457 2760 2565 2813 τῶν
2585 2759 2677 2812 τοῦ
2702 2759 2873 2829 δήμου
2905 2757 3126 2829 χειρῶν,
3173 2755 3334 2809 αὑτὸν
3370 2753 3717 2824 ἀφαρπάζει,
3748 2753 3854 2806 καὶ

2249 2852 2518 2924 λαθραίως
2552 2850 2812 2919 ὑπεξάγει
2865 2851 2966 2921 τῆς
3010 2849 3235 2911 πόλεως.
3286 2843 3393 2901 τΗν
3428 2847 3486 2899 δὲ
3547 2846 3856 2917 Ἀρχέλαος

2248 2939 2402 3007 οὗτος
2420 2944 2510 2997 τοῦ
2535 2944 2817 3015 κριτηρίου
2854 2942 2952 3013 μὲν
2993 2938 3289 3012 προεστώς·
3323 2938 3492 2992 τᾶλλα
3513 2937 3571 2990 δὲ
3602 2940 3699 2991 καὶ
3741 2954 3857 2989 σω⁶

2250 3054 2286 3105 φ
2296 3036 2611 3108 ρονέστατος
2623 3035 2716 3087 καὶ
2733 3033 3161 3097 ἐπιεικέστατος,
3184 3030 3279 3083 καὶ
3293 3031 3465 3082 εἰπεῖν
3481 3028 3855 3091 ἱκανώτατος,

564 3136 805 3182 secretos
834 3127 986 3181 urbis
1006 3126 1185 3180 exitus
1232 3124 1450 3179 evadat.
1486 3123 1621 3179 Cum
1655 3125 1837 3193 itaque
1868 3123 1955 3178 ille
1984 3139 2044 3178 ea
2079 3123 2145 3179 de

2251 3136 2297 3187 εί
2332 3132 2387 3185 δέ
2420 3150 2523 3185 που
2556 3132 2650 3186 καὶ
2675 3130 2905 3183 θανάτου
2940 3126 3047 3180 δέοι
3076 3126 3433 3196 καταφρονεῖν
3466 3122 3851 3192 ἑτοιμότατος.

561 3233 726 3274 causa
750 3217 883 3272 urbe
899 3216 1248 3279 excessisset,
1270 3214 1445 3269 coacti
1472 3213 1813 3282 injustissimi
1840 3212 1911 3267 illi
1936 3212 2144 3281 judices

560 3309 861 3363 deliberant
922 3315 1111 3362 contra
1160 3316 1450 3371 sanctum,
1528 3317 1792 3372 reumque
1853 3302 2142 3357 allatorum

559 3401 846 3455 criminum
875 3399 1249 3469 pronuntiant.
1284 3395 1548 3450 Scribunt
1580 3403 1724 3458 acta,
1779 3409 1899 3465 qure
1941 3394 2143 3464 ubique

557 3490 877 3561 divulgant:
927 3489 1293 3545 intercludunt
1321 3503 1441 3543 eum
1486 3489 1638 3542 aditu
1683 3489 1927 3543 omnium
1969 3491 2145 3559 regio-

560 3599 724 3646 num,
758 3582 1003 3647 urbium,
1046 3578 1396 3634 ecclesiarum
1438 3596 1454 3633 :
1507 3578 1763 3649 omnique
1814 3581 2025 3634 ratione
2060 3596 2144 3636 os-

558 3675 789 3730 tendunt
834 3673 1178 3728 tenebrarum
1225 3671 1353 3736 filii,
1395 3686 1457 3726 se
1501 3669 1659 3742 longe
1708 3673 1897 3729 abesse
1934 3673 2069 3729 velle
2110 3689 2139 3728 a

560 3774 707 3819 tanta
742 3763 981 3819 luce.lra
1012 3763 1140 3818 item
1168 3760 1855 3818 incenduntConstantium
1885 3766 2141 3820 adversus

559 3854 747 3917 illum;
780 3853 851 3906 ita
892 3860 952 3906 ut
996 3852 1160 3906 etiam
1193 3853 1449 3922 pecunias
1474 3862 1527 3906 et
1562 3852 1796 3909 honores
1827 3853 2142 3909 decerneret

559 3946 625 4001 iis
693 3948 784 4014 qui
862 3951 955 3998 aut
992 3943 1174 3998 vivum
1224 3943 1561 4009 indicarent,
1606 3954 1699 3997 aut
1740 3947 1937 4000 mortui
1978 3954 2139 4014 caput

559 4036 836 4093 afferrent.
868 4036 960 4091 ille
985 4051 1111 4091 vero
1135 4050 1199 4092 ac
1222 4036 1267 4091 si
1290 4051 1395 4091 non
1428 4036 1569 4093 intra
1604 4037 1831 4094 Romani
1867 4038 2002 4095 lines
2028 4039 2132 4092 im-

555 4129 731 4203 perii,
779 4128 873 4184 sed
916 4128 1078 4185 etiam
1122 4137 1277 4183 extra
1319 4130 1505 4183 orbem
1546 4130 1800 4185 exsulare
1846 4130 2030 4201 jussus
2080 4141 2136 4185 et

555 4224 891 4290 damnatus,
941 4222 1261 4278 sexennium
1314 4224 1367 4276 in
1423 4221 1540 4277 lacu
1591 4224 1738 4278 sicco
1778 4234 1833 4278 et
1876 4224 2137 4293 inaquoso

557 4317 728 4369 latens
772 4314 999 4385 peregit.
1048 4314 1180 4369 Cum
1234 4325 1413 4368 autem
1451 4314 1500 4368 ei
1550 4329 1618 4368 ne
1666 4314 1738 4369 ita
1792 4314 2008 4384 quidem
2066 4313 2134 4367 ad

556 4406 716 4459 tinem
753 4421 921 4475 usque
960 4404 1126 4459 latere
1174 4402 1393 4470 liceret,
1452 4405 1547 4459 sed
1592 4403 1834 4460 futurum
1882 4413 2031 4461 esset
2076 4415 2135 4458 ut

2246 3220 2413 3289 Οὗτος
2471 3219 2564 3277 οὖν
2621 3222 2770 3287 εἴξας
2818 3219 3128 3292 μαινομένῳ
3169 3216 3245 3287 τῷ
3300 3215 3477 3287 δήμῳ,
3527 3213 3707 3267 πείθει
3755 3215 3856 3267 τὸν

2257 3317 2578 3371 Ἀθανάσιον
2622 3315 2677 3366 ἐν
2716 3316 2985 3386 κρυπταῖς
3018 3313 3116 3381 τῆς
3152 3309 3359 3371 πόλεως
3380 3307 3585 3373 ἐξόδοις
3618 3304 3859 3373 ὑπεξελ-

2244 3408 2374 3463 θεῖν.
2422 3406 2527 3459 Τοῦ
2573 3406 2631 3459 δὲ
2659 3404 2744 3458 διά
2796 3403 2969 3457 ταῦτα
3020 3403 3118 3473 τὴν
3158 3400 3311 3453 πόλιν
3368 3398 3757 3463 ἀπολιπόντος,
3799 3400 3856 3452 οἱ

2242 3500 2563 3556 ἀδικώτατοι
2620 3498 2692 3569 (b)
2739 3496 3010 3559 δικασταὶ,
3068 3492 3433 3556 συνελθόντες,
3486 3491 3856 3562 βουλεύονται

2242 3592 2382 3646 κατά
2414 3591 2507 3645 τοῦ
2533 3588 2711 3660 ἁγίου,
2730 3584 3509 3661 ψηφίξονται,ἀποφαίνονται,
3534 3583 3857 3638 ὑπεύθυνον

2239 3688 2352 3748 τοῖς
2384 3682 2810 3753 ἐγκεκλημένοις
2834 3679 3130 3733 ποιοῦνταν
3162 3676 3465 3746 γράφουσιν
3503 3676 3728 3747 ὑπομνή
3740 3694 3857 3747 μα-

2238 3794 2326 3841 τα,
2352 3774 2624 3845 πανταχοῦ
2652 3774 3074 3844 διαπέμπουσιν,
3102 3771 3436 3825 ἐκκλείουσιν
3454 3769 3622 3823 αὑτὸν
3657 3770 3858 3841 πάσης

2239 3869 2442 3942 χώρας,
2466 3867 2693 3931 πόλεως,
2730 3865 3045 3935 ἐκκλησίας,
3070 3864 3234 3917 παντὶ
3263 3862 3449 3934 τρόπῳ
3492 3861 3854 3917 δεικνύουσιν

2236 3966 2286 4017 οἱ
2312 3961 2405 4016 τοῦ
2436 3962 2661 4023 σκότους
2694 3960 2799 4012 υἱοὶ
2836 3958 3050 4029 μακρὰν
3096 3953 3233 4009 εἷναι
3276 3953 3567 4026 βούλεσθαι
3593 3955 3855 4009 τοιούτου

2238 4055 2435 4127 φωτός.
2478 4050 2923 4124 Ἐξοργίζουσιδέ
2948 4049 3041 4103 καὶ
3065 4046 3446 4101 Κωνστάντιον
3484 4053 3561 4117 (c)
3600 4048 3725 4099 κατ’
3757 4051 3859 4103 αὖ-

2235 4148 2353 4212 τοῦ,
2395 4145 2670 4204 τοσοῦτον,
2693 4144 2839 4197 ὥστε
2874 4144 2967 4196 καὶ
3004 4142 3262 4213 χρήματα
3293 4138 3583 4210 καὶτιμὰς
3616 4141 3856 4196 ὑποτεί-

2236 4258 2348 4294 νειν
2388 4242 2501 4301 τοῖς
2548 4238 2582 4306 ἢ
2619 4236 2795 4301 ζῶντα
2828 4235 2918 4288 τὸν
2950 4235 3115 4305 ἄνδρα
3160 4232 3512 4305 μηνύσουσιν,
3549 4233 3583 4303 ἦ
3616 4236 3856 4307 ἀναιρε-

2236 4325 2418 4387 θέντος
2451 4325 2550 4395 τὴν
2586 4323 2828 4394 κεφαλὴν
2854 4323 3107 4376 οἴσουσιν.
3162 4323 3218 4374 Ὀ
3245 4321 3300 4374 δὲ
3338 4321 3595 4395 καθάπερ
3623 4324 3730 4376 οὐκ
3788 4326 3852 4380 ὲν

2238 4418 2385 4489 ὅροις
2423 4416 2519 4486 τῆς
2551 4416 2839 4485 Ῥωμαίων
2882 4415 3077 4487 ἀρχῆς,
3103 4414 3215 4467 ἀλλ’
3262 4412 3366 4479 ἔξω
3395 4414 3491 4467 καὶ
3516 4416 3690 4487 αὐτῆς
3738 4417 3847 4486 τῆς

557 4502 881 4570 insequente
933 4499 1017 4552 die
1062 4507 1373 4566 caperetur,
1428 4497 1630 4566 ubique
1681 4497 1825 4552 enim
1877 4506 2134 4551 accurate

2251 4486 2562 4579 ῡίκουμένης
2595 4507 2693 4577 τὴν
2740 4506 3035 4577 φυγαδείαν
3069 4506 3462 4577 κατακριθεὶς,
3518 4507 3682 4560 ἕκτον
3740 4510 3852 4579 μὲν

555 4593 988 4662 perquirebatnr,
1050 4601 1106 4645 et
1146 4589 1602 4659 investigabatur,
1656 4589 1836 4644 divina
1899 4590 2130 4658 quadam

552 4686 891 4755 providentia
920 4693 975 4738 et
996 4684 1208 4737 visione
1234 4682 1353 4736 lacu
1374 4696 1645 4749 egressus,
1678 4680 1844 4735 alium
1873 4682 1927 4736 in
1954 4684 2130 4735 locum

552 4776 815 4843 procedit.
850 4774 975 4829 Post
1003 4783 1253 4827 metuens
1284 4787 1353 4827 ne
1392 4773 1505 4828 illic
1529 4786 1749 4841 quoque
1773 4771 2132 4840 comprehen-

552 4881 646 4921 sus
680 4866 976 4936 periculum
1030 4864 1095 4917 iis
1131 4872 1346 4918 crearet
1393 4864 1485 4932 qui
1541 4878 1601 4918 se
1648 4862 2009 4931 recepissent,
2061 4877 2127 4916 ex

551 4958 908 5014 orientalibus
948 4957 1231 5012 discedens
1285 4958 1565 5027 partibus,
1633 4956 1703 5009 ad
1768 4953 2131 5029 occidentales

553 5051 822 5106 concedit.

626 5326 710 5381 15.
752 5326 1053 5394 lmperabat
1096 5335 1206 5380 tum
1241 5326 1293 5379 in
1337 5324 1633 5380 Occidente
1680 5321 1947 5375 Constans
1986 5319 2128 5375 Con-

541 5418 773 5475 stantini
796 5420 983 5483 frater,
1019 5419 1111 5488 qui
1142 5435 1314 5488 nuper
1340 5420 1494 5473 fratri
1528 5417 1884 5473 Constantino
1917 5432 2130 5473 succesc

612 5621 696 5693 (α)
718 5620 855 5677 Tres
885 5618 1016 5678 mss.
1042 5625 1287 5680 ἀνεκτόν.

616 5692 693 5763 (υ)
724 5695 797 5748 Ita
830 5710 965 5750 mss.
1001 5695 1142 5751 Editi
1166 5711 1293 5752 vero
1316 5692 1666 5756 δικαιότατοι,
1696 5692 1919 5751 ironice.

1993 5816 2017 5836 Υ

2238 4598 2355 4661 ἔτος
2388 4600 2445 4650 ἐν
2468 4596 2655 4668 λάκκῳ
2685 4598 2792 4649 τινὶ
2816 4596 2964 4668 ξηρῷ
2983 4596 3298 4649 παντάπασι
3330 4598 3424 4650 καὶ
3455 4597 3676 4669 ἀνύδρῳ
3708 4597 3854 4653 λαν-

2237 4688 2411 4743 θάνων
2443 4686 2763 4759 ἐκρύπτετοο
2808 4687 2928 4739 ἐπεὶ
2972 4686 3027 4738 δὲ
3064 4686 3196 4756 μηδὲ
3219 4685 3360 4739 οὕτω
3392 4685 3578 4739 λαθεῖν
3626 4682 3697 4758 ἦν
3749 4687 3850 4742 διὰ

2232 4780 2438 4843 τέλους,
2479 4779 2592 4832 ἀλλ’
2620 4777 2811 4849 ἔμελλε
2831 4778 2927 4848 τῆς
2964 4777 3224 4849 ἐπιούσης
3251 4776 3596 4831 ἁλίσκεσθαι·
3620 4797 3849 4835 παντα-

2233 4870 2331 4941 χοῦ
2382 4868 2491 4939 γὰρ
2522 4866 2767 4939 ἀκριϐῶς
2796 4866 3038 4940 ἐξῃτεῖτο
3081 4868 3173 4921 καὶ⁵
3202 4866 3535 4937 ἀνιχνεύετο’
3569 4867 3692 4939 θείᾳ
3724 4872 3847 4924 τινὶ

2236 4961 2463 5032 προνοίᾳ
2510 4961 2603 5013 καὶ
2653 4958 2772 5028 ὅψει
2804 4958 2898 5011 τοῦ
2957 4958 3160 5011 λάκκου
3212 4956 3545 5022 ὑπεξελθὼν,
3587 4958 3843 5030 ἀλλαχοῦ

2239 5053 2571 5124 μεταϐαίνει.
2627 5053 2880 5117 Ἔπειτα,
2924 5051 3107 5115 δείσας
3157 5051 3232 5123 μὴ
3274 5052 3369 5105 καὶ
3414 5054 3596 5106 ἐκεῖσε
3660 5056 3843 5108 πάλιν

2234 5149 2393 5211 ἁλοὺς
2447 5147 2691 5202 κινδύνου
2740 5151 2853 5210 τοῖς
2892 5146 3313 5216 ὑποδεξαμένοις
3345 5146 3521 5211 αἴτιος
3547 5155 3835 5223 καταστῇ,

2232 5240 2369 5311 πρὸς
2391 5239 2488 5309 τὴν
2514 5240 2749 5311 ἑσπέραν
2773 5238 2880 5292 ἀπὸ
2920 5238 3019 5307 τῆς
3050 5237 3187 5307 ἑῴας
3217 5239 3531 5308 μετεφοίτα.

2308 5329 2393 5383 15.
2431 5326 2608 5400 Ἦρχε
2642 5329 2698 5382 δέ
2749 5329 2921 5399 αὐτῆς
2965 5328 3264 5399 τηνικαῦτα
3312 5327 3580 5392 Κώνστας
3610 5332 3638 5383 ὁ
3667 5331 3841 5384 Κων-

2238 5420 2514 5474 σταντίνου
2547 5419 2793 5488 ἀδελφὸς,
2840 5420 2962 5490 ἄρτι
3013 5418 3103 5471 τὸν
3134 5418 3362 5488 ἀδελφὸν
3404 5421 3837 5477 Κωνσταντῖνον

2304 5623 2371 5694 (c)
2401 5623 2476 5677 Ita
2507 5638 2636 5677 mss.
2658 5622 2797 5676 Editi
2818 5639 2966 5692 vero,
2991 5624 3199 5696 μακρὸν
3225 5618 3363 5679 εἶναι
3384 5624 3827 5694 βουλεύεσθαι...

2226 5694 2655 5759 Κωνσταντῖνον,
2696 5696 2851 5749 male.
