3990 6510
1186 291 1346 347 ἨΤΑ
1391 291 1447 344 5.
1492 286 1861 341 ATHANASII
1903 285 2207 341 INCERTO
2247 283 2599 341 AUCTORE.

3352 302 3507 341 (Σῖρις

268 413 658 483 διαδεξάμενος,
689 414 767 477 ὃς,
792 414 930 467 οὕτω
954 414 1048 484 τὴν
1072 414 1244 486 ἀρχὴν
1278 413 1497 481 διαθεὶς,
1529 412 1713 484 ῶσπερ
1750 414 1834 467 καὶ

1943 419 2121 474 serat,
2157 409 2245 478 qui
2276 425 2399 463 cum
2430 409 2501 461 ita
2527 406 2593 461 de
2628 405 2852 475 imperio
2882 408 3177 473 statuisset,
3209 418 3265 460 ut
3292 410 3510 475 dicitur,

266 503 726 573 λέγεται,δέχεται
755 507 885 576 πρὸς
918 509 981 576 τῇ
1025 506 1283 575 Ἀκυληΐα
1314 505 1460 575 παρά
1497 503 1573 571 τῷ
1604 502 1832 572 ποταμῷ

267 593 433 662 Ἀλσῳ
454 592 553 663 τὴν
575 594 839 665 τελευτὴν
874 594 1108 647 ὲπιθέσει
1126 594 1223 665 τῆς
1255 594 1525 665 στρατιᾶς.
1551 592 1629 661 Τῇ
1654 591 1833 662 Εὐρώ-

352 685 646 754 τοιγαροῦν
680 687 990 750 Ἀθανάσιος
1016 688 1256 752 ἐπιστάς,
1290 686 1489 755 Ἰουλίῳ
1518 702 1574 737 τε
1618 682 1833 754 Ῥώμης

261 774 554 843 ἑπισκόπῳ,
611 776 754 845 πρὸς
803 777 858 828 δὲ
895 778 986 829 καὶ
1050 776 1197 847 αὐτῷ
1259 776 1466 847 βασιλεῖ
1517 775 1831 829 Κώνσταντι

259 863 580 933 παραϐαλὼν
638 866 709 918 τά
766 869 887 920 κατ’
940 868 1099 921 αὐτὸν
1169 868 1455 938 διηγεῖται.
1520 867 1721 921 Μαθὼν
1776 869 1832 921 δὲ

257 957 339 1026 τὴν
389 957 480 1009 ἐπὶ
539 963 903 1031 καταστροφῇ
954 960 1051 1031 μὲν
1123 960 1349 1024 ἑαυτῶν,
1420 961 1710 1031 διαστραΡῇ
1776 961 1833 1013 δὲ

256 1050 343 1116 τῆς
392 1049 682 1120 ὁρθοδόξου
728 1053 966 1116 πίστεως
1003 1056 1059 1106 ὲν
1111 1051 1406 1123 Ἀντιοχείᾳ
1446 1053 1831 1123 συγκροτηθεῖ-

258 1159 362 1203 σαν,
410 1143 486 1206 ώς
516 1146 596 1213 μὴ
652 1142 855 1213 ὢφελε,
890 1145 1124 1211 σύνοδον,
1166 1148 1259 1199 καὶ
1304 1146 1385 1198 ὅτι
1425 1144 1694 1215 Γεώργιός
1726 1162 1829 1211 τις,

256 1233 471 1302 πονηρὸν
518 1233 617 1286 τοῦ
674 1236 1055 1307 ἀντικειμένου
1086 1236 1372 1309 γεώργιον,
1417 1239 1497 1300 είς
1532 1237 1624 1290 τὸν
1667 1238 1831 1291 αὐτοῦ

266 1321 435 1394 θρόνον
468 1325 582 1396 ὅσῳ
632 1327 850 1380 οὐδέπω
897 1329 1075 1399 μέλλει
1105 1330 1605 1394 ἀντικαθίστασθαι,
1649 1331 1831 1402 ᾳέρειν

257 1417 341 1467 οὐκ
388 1411 555 1485 εἶχεν,
600 1418 720 1470 ἀλλ’
763 1420 999 1491 ἔγραφεν
1058 1422 1366 1492 ἁπανταχοῦ
1403 1422 1500 1493 τῆς
1530 1421 1828 1490 Αἰγύπτου,

251 1509 317 1579 τῷ
361 1510 570 1580 κλήρῳ,
627 1515 748 1575 τοῖς
803 1514 860 1565 ὲν
904 1512 1081 1579 τέλει,
1140 1513 1216 1585 τῷ
1268 1516 1443 1585 δήμῳ,
1476 1514 1829 1586 παρακαλῶν,

252 1601 490 1665 ἀπειλῶν,
557 1602 867 1667 νουθετῶν,
925 1606 1267 1669 παντοδαπὰς
1321 1606 1540 1660 ἑλίττων
1586 1608 1738 1671 ὁδοὺς
1773 1610 1831 1661 ὲν

250 1698 345 1753 τοῖς
373 1694 730 1765 γράμμασιν,
772 1696 910 1750 ὥστε
958 1699 1368 1768 άπαραδέκτους
1420 1704 1598 1771 μεῖναι
1635 1702 1832 1755 παντά-

1940 502 2211 554 exercitus
2251 500 2330 555 sui
2383 499 2645 553 seditione
2685 499 2750 551 ad
2796 498 3095 567 Aquileiam
3132 515 3296 569 prope
3326 500 3510 555 Alsum

1940 594 2158 647 ﬁuvium
2197 593 2356 647 ﬁnem
2394 592 2519 646 vita:
2572 590 2802 657 accepit.
2846 590 2905 644 ln
2946 591 3211 661 Europam
3254 606 3377 645 cum
3420 596 3551 645 ad-.

1942 683 2540 749 venissetAtbanasius,
2566 680 2765 737 Julium
2795 682 2927 742 adiit
2957 680 3141 736 Romae
3164 684 3509 752 episcopum.

1940 782 2176 848 itemque
2204 780 2557 835 Constantem
2592 778 2997 848 imperatorem,
3037 777 3235 847 quibus
3272 793 3397 832 snas
3425 793 3511 832 res

1942 880 2347 926 commemorat.
2420 871 2559 926 Cum
2611 872 2848 925 audisset
2900 878 3079 923 autem
3143 871 3207 924 de
3265 872 3508 939 synodo,

1939 979 2101 1032 quam
2144 962 2211 1016 ad
2252 978 2403 1018 suam
2439 962 2676 1034 ipsorum
2718 961 3041 1032 perniciem,
3083 970 3137 1015 et
3173 962 3238 1016 ad
3277 964 3398 1019 ﬁdei
3424 979 3511 1017 or-

1940 1055 2187 1109 thodoxae
2230 1055 2471 1119 ruinam,
2513 1055 2813 1111 Antiochia:
2844 1056 2987 1112 nullo
3023 1058 3145 1127 jure
3175 1066 3461 1126 coegerant
3492 1072 3509 1118 ;

1940 1156 1992 1201 et
2018 1148 2160 1216 quod
2192 1147 2455 1217 Georgius
2474 1149 2690 1217 quidam
2716 1189 2732 1214 ,
2764 1165 2990 1219 pravum
3025 1151 3359 1215 adversarii,
3413 1165 3507 1204 seu

1940 1238 2177 1303 diaboli,
2222 1236 2511 1309 γεώργιον,
2550 1239 2601 1293 id
2642 1250 2723 1293 est
2779 1240 3136 1310 agricultura,
3165 1242 3216 1293 in
3255 1241 3506 1296 thronum

1939 1345 2093 1385 suum
2121 1328 2271 1384 brevi
2310 1331 2716 1385 constituendus
2747 1339 2908 1396 esset,
2939 1346 3050 1385 rem
3087 1348 3191 1387 non
3223 1332 3379 1398 tulit;
3410 1334 3506 1387 sed

1938 1422 2137 1490 ubique
2174 1436 2269 1493 per
2307 1421 2600 1493 AZgyptum
2648 1423 2856 1479 litteras
2895 1425 3068 1492 misit,
3114 1426 3293 1492 clero,
3339 1420 3511 1493 magi-

1938 1512 2223 1577 stratibus,
2252 1513 2445 1582 populo
2467 1553 2482 1577 ,
2516 1529 2708 1581 rogans
2728 1553 2742 1579 ,
2776 1516 3109 1571 comminans
3128 1554 3143 1579 ,
3171 1516 3465 1569 admonens
3490 1556 3506 1581 ,

1937 1619 2125 1658 omnes
2148 1605 2263 1659 vias
2297 1604 2495 1659 litteris
2538 1615 2717 1659 terens
2742 1605 2885 1669 suis;
2927 1613 2985 1658 ut
3012 1605 3320 1660 nullatenus
3351 1604 3507 1658 Aria-

1940 1697 2056 1752 nica
2082 1696 2288 1751 zizania
2322 1697 2656 1763 reciperent,
2702 1696 3019 1765 seminaque
3058 1705 3217 1751 rectae
3250 1690 3522 1750 doctrium'

252 1802 367 1838 πᾶσι
399 1785 507 1839 τῶν
544 1788 769 1858 Ἀρείου
812 1789 1082 1853 ζιζανίων,
1138 1793 1230 1843 καὶ
1266 1792 1443 1861 πάσης
1492 1792 1666 1863 ἀμιγῆ
1716 1792 1834 1862 βλα-

1936 1787 2283 1857 blasphemiis
2330 1788 2477 1840 nullo
2528 1786 2688 1841 modo
2728 1787 3164 1842 commiscerent.
3220 1786 3505 1841 Eusebiani

254 1876 480 1946 διημίας
525 1879 690 1949 αὐτῷ
715 1881 817 1950 τῆς
847 1880 1149 1951 ὀρθοδοξίας
1171 1885 1402 1955 τηρῆσαι
1422 1884 1489 1937 τὰ
1522 1885 1827 1955 σπέρματα.

252 1970 304 2019 Οἱ
346 1968 399 2021 δὲ
456 1972 594 2041 περὶ
661 1972 946 2047 Εὐισέϐιον,
991 1973 1151 2026 δεινοὶ
1192 1975 1284 2027 καὶ
1337 1974 1649 2047 παρασῦραί
1684 1994 1827 2039 τινα,

250 2061 326 2111 καί
354 2062 810 2131 ὑποποιήσασθαι
861 2065 1031 2129 ὄντες,
1062 2065 1135 2130 ὡς
1174 2066 1274 2137 ἤδη
1293 2067 1491 2138 πολλὴν
1522 2068 1707 2140 ἐώρων
1736 2068 1828 2121 τοῦ

248 2153 726 2227 ἀπολογησομένου
756 2159 855 2228 τὴν
883 2159 1147 2230 ἐρημίαν,
1182 2160 1279 2232 ὅλῃ
1312 2160 1528 2231 γλώσσῃ
1564 2161 1699 2233 πρὸς
1742 2159 1832 2214 τὸν

250 2246 455 2313 βασιλέα
517 2249 888 2313 κατειπόντες
938 2251 1275 2317 Ἀθανασίου,
1329 2254 1421 2306 καὶ
1464 2253 1555 2306 τὸν
1612 2252 1831 2307 εὔκολον

250 2341 433 2391 ἐκεῖνον
464 2341 569 2392 καὶ
605 2340 787 2410 ἀφελῆ
831 2342 1207 2396 Κωνστάντιον
1230 2344 1349 2397 ὅλον
1370 2345 1829 2417 ἐπισπασάμενοι,

250 2432 327 2481 καὶ
366 2431 667 2502 ὁμόψηφον
705 2432 784 2504 (τι)
840 2434 1022 2497 αὐτοῖς
1064 2435 1303 2505 θέμενοι,
1373 2439 1689 2492 Ἀθανασίου
1736 2442 1833 2511 μὲν

250 2520 554 2594 καθαίρεσιν
602 2524 698 2576 καὶ
728 2524 804 2593 μὴ
864 2526 1127 2596 παρόντος
1174 2529 1657 2599 καταψηφίζονταυ
1700 2533 1835 2603 Γρη-

250 2617 407 2685 γόριον
435 2619 493 2671 δέ
560 2636 694 2672 τινα
737 2622 805 2689 τῇ
851 2619 1261 2691 Ἀλεξανδρέων,
1286 2622 1489 2693 λύσσης
1529 2625 1836 2695 ἀναπεπλη-

253 2711 424 2780 σμένον
460 2711 851 2782 Ἀρειανικῆς,
886 2713 1315 2781 ἀντεισάγουσιν.
1344 2714 1499 2768 Οὕτω
1516 2716 1571 2769 δὲ
1607 2716 1742 2787 πρὸς
1773 2717 1834 2769 τὸ

250 2801 415 2854 ὃοκοῦν
442 2803 637 2856 ταῦτα
688 2804 1115 2874 διοικησάμενοι,
1153 2805 1293 2859 κατά
1333 2806 1531 2877 πολλὴν
1583 2808 1682 2878 ἤδη
1734 2808 1834 2879 τὴν

252 2893 469 2958 ἐξουσίαν
502 2896 615 2948 καὶ
635 2894 817 2964 δόγμα
840 2897 1034 2947 οἰκεῖον
1065 2896 1396 2967 εἰσφέρουσι.
1427 2898 1724 2969 Γρηγόριος
1755 2900 1832 2964 δὲ,

253 2986 395 3054 μήπω
427 2988 536 3057 τῆς
588 2986 986 3058 ’Δλεξανδρέων
1011 2988 1224 3051 ἐπιϐάς,
1246 2989 1320 3052 ὡς
1353 2990 1450 3061 ἤδη
1478 2990 1577 3059 τῆς
1621 2990 1838 3063 Ἐκκλη-

254 3078 354 3142 σίας
380 3098 517 3151 προε
529 3080 701 3146 στῶς,
741 3082 838 3133 καὶ
866 3081 959 3135 τοῦ
1007 3082 1195 3154 θρόνου
1244 3084 1709 3154 ἀντιποιούμενος,
1739 3086 1833 3138 καὶ
1860 3115 1903 3154 ,ς

252 3171 419 3244 ὡσπερ
489 3174 654 3243 ἔχειν
710 3176 841 3245 παρ’
901 3175 1078 3246 ἐαυτῷ
1126 3176 1466 3247 προσδοκῶν,
1531 3178 1667 3249 ὅπερ
1726 3178 1831 3232 οὐδ’

250 3264 365 3334 όναρ
402 3266 563 3332 ’ἐξειν
624 3266 909 3334 ἠλπίζετο,
966 3267 1251 3338 γράμμασι
1312 3268 1493 3339 χειρὸς
1556 3268 1689 3333 ἰδίας
1741 3273 1835 3325 καί

249 3357 392 3419 αὐτὸς
413 3355 724 3410 ἐπιστοῦτο
748 3356 819 3409 τά
850 3356 1164 3426 δεδογμένα.
1200 3355 1449 3409 Τοιοῦτον
1470 3356 1577 3427 γὰρ
1594 3358 1835 3411 ἀναίδεια

249 3447 330 3498 λαὶ
409 3448 701 3518 κουφότης
777 3448 836 3500 ὲν
897 3449 1081 3519 χερσιν
1142 3448 1285 3520 ἔχειν
1340 3450 1427 3502 ἀεὶ
1486 3450 1702 3504 δοκοῦσι
1766 3450 1835 3504 τά

251 3541 703 3611 προσδοκώμενα.
758 3541 1017 3605 Εὐσέϐιος
1056 3542 1259 3612 μέντοι,
1305 3542 1363 3605 ὃς
1400 3542 1494 3595 καὶ
1542 3542 1835 3613 ἀξιόμαχος

247 3626 305 3700 ἦν
343 3634 445 3703 τῆς
516 3632 781 3696 ἀσεϐείας
810 3633 1205 3704 προασπιστὴς,
1257 3634 1379 3687 ἐπεὶ
1430 3635 1569 3688 κατά
1611 3633 1835 3706 γνώμην

246 3726 377 3796 αὐτῷ
400 3726 481 3779 τὰ
512 3726 764 3798 παρόντα
802 3725 1027 3789 διέθετο,
1055 3727 1417 3797 πρεσϐεύεται
1444 3728 1577 3798 πρὸς
1596 3728 1832 3790 Ἰούλιον,

248 3818 433 3890 πολλὴν
463 3819 566 3889 μὲν
584 3817 907 3870 Ἀθανασίου
927 3817 1268 3888 καταδρομὴν
1296 3822 1352 3871 ὲν
1374 3822 1493 3882 ταῖς
1528 3820 1835 3884 ἐπιστολαῖς

249 3912 638 3981 ποιησάμενος·
700 3909 923 3979 πέμψας
955 3909 1012 3961 δὲ
1052 3910 1144 3962 καὶ
1169 3908 1234 3971 ἀς
1265 3908 1469 3981 ἔρραψε
1502 3912 1619 3963 κατ’
1670 3911 1834 3965 αὐτοῦ

257 4002 549 4065 έπιὸουλάς
578 4002 675 4054 καὶ
725 4002 1108 4068 συκοφαντίας,
1134 4002 1228 4053 καὶ
1252 4001 1508 4073 δικαστὴν
1547 4004 1662 4072 ἅμα
1700 4003 1835 4055 καθ-

251 4091 494 4156 [ζωνοτοῦ
556 4091 750 4163 ἀνδρὸς
805 4090 900 4143 καὶ
930 4092 1257 4163 ἐπιτιμητὴν
1288 4092 1379 4143 τὸν
1420 4091 1653 4146 Ἰούλιον.
1681 4094 1739 4146 Ὀ
1779 4095 1835 4146 δὲ

248 4177 327 4252 (ἦν
348 4184 462 4255 γὰρ
483 4184 586 4253 οὐχ
642 4179 755 4245 οἶος
799 4180 1081 4252 πλάσμασι
1130 4184 1221 4235 καὶ
1247 4182 1421 4245 δόλοις
1440 4182 1677 4246 εὐκόλως
1703 4184 1836 4238 ὐπο-

250 4274 495 4343 σδρῆναι,
524 4271 664 4325 ἀλλὰ
691 4271 786 4325 καὶ
812 4272 1062 4342 φωρᾶσαι
1086 4272 1254 4325 ταῦτα
1270 4273 1363 4325 καὶ
1380 4276 1613 4326 συνεῖναι
1639 4273 1835 4344 μᾶλλον

246 4362 553 4433 ὀξύτατος),
590 4362 662 4415 τά
695 4362 958 4415 Εὐσεϋίου
985 4363 1286 4433 γράμματα
1326 4364 1714 4435 κομισάμενος,
1742 4367 1835 4418 καὶ

1930 1893 2092 1947 porro
2124 1891 2311 1947 graves
2342 1876 2406 1929 ad
2434 1877 2892 1945 persuadendum,
2934 1884 2987 1930 et
3023 1875 3087 1929 ad
3119 1875 3504 1931 simulandum.

1931 1968 2018 2021 ubi
2053 1968 2305 2022 viderunt
2330 1965 2517 2037 procul
2551 1967 2739 2020 abesse
2771 1966 2861 2034 qui
2896 1981 3114 2019 causam
3160 1965 3502 2025 defenderet,

1931 2057 2190 2113 eﬁrenata
2256 2058 2432 2128 lingua
2498 2056 2634 2127 apud
2706 2056 3079 2125 imperatorem
3158 2054 3506 2108 criminantes

1931 2150 2313 2212 Athanasium,
2370 2158 2529 2217 atque
2588 2146 2897 2216 perfacilem
2936 2145 3081 2198 illum
3125 2154 3177 2199 et
3204 2144 3504 2213 simplicem

1932 2239 2311 2296 Constantium
2346 2240 2735 2301 subornantes,
2780 2237 2844 2292 ad
2886 2237 3315 2305 sententiamque
3351 2250 3503 2290 suam

1934 2334 2327 2405 pertrabcntes.
2358 2330 2634 2384 Athanasii
2666 2328 2790 2384 licet
2833 2327 3072 2383 absentis
3116 2326 3503 2397 depositionem

1937 2428 2235 2480 decernunt
2282 2445 2294 2477 :
2338 2422 2655 2492 Gregorium
2702 2434 2831 2474 vero
2876 2419 3195 2491 quemdam,
3248 2417 3505 2471 Arianico

1936 2516 2150 2587 plenum
2192 2517 2414 2579 furore,
2465 2513 2842 2568 Alexandriam
2908 2511 3187 2565 intrudusit
3237 2510 3289 2564 in
3336 2508 3507 2563 Atha-

1935 2609 2068 2663 nasii
2119 2607 2317 2663 locum.
2366 2606 2437 2662 Ut
2477 2616 2655 2661 autem
2693 2605 2952 2658 arbitratu
2996 2618 3094 2657 suo
3131 2601 3246 2656 btec
3279 2602 3351 2655 ita
3392 2600 3505 2653 dis-

1935 2710 2227 2771 pensat-unt
2270 2743 2286 2768 ,
2372 2713 2563 2768 magna
2623 2697 2733 2766 jam
2801 2712 2919 2751 eum
2997 2704 3264 2768 potestate
3350 2709 3503 2749 suam

1935 2792 2175 2847 inferunt
2242 2794 2564 2847 doctrinam.
2636 2789 2929 2860 Gregorius
2992 2800 3206 2854 autem,
3263 2790 3505 2842 nondum

1936 2885 2324 2937 Alexandriam
2350 2885 2623 2952 ingressus
2644 2923 2659 2946 ,
2687 2882 2839 2950 quasi
2880 2879 2990 2947 jam
3024 2881 3281 2935 Ecclesia
3308 2878 3506 2947 praesul

1934 2984 2111 3041 esset,
2137 2984 2192 3028 et
2230 2974 2479 3027 thronum
2511 2980 2857 3040 occupasset;
2896 2981 2948 3024 et
2974 2971 3123 3040 quasi
3154 2971 3266 3040 jam
3303 2970 3403 3024 sibi
3441 2983 3507 3023 ea

1936 3067 2193 3121 obvenire
2242 3076 2519 3130 cerneret,
2572 3079 2691 3131 quae
2736 3078 2806 3118 ne
2861 3078 2955 3132 per
2991 3076 3239 3116 somnum
3284 3059 3505 3129 quidem

1936 3164 2246 3227 sperasset,
2281 3154 2475 3209 litteris
2517 3154 2728 3222 propria
2765 3168 2924 3207 manu
2948 3150 3272 3220 conscriptis
3290 3155 3506 3205 decreta

1936 3247 2049 3317 ipse
2076 3244 2452 3302 conﬁrmabat.
2497 3241 2644 3297 Talis
2670 3242 2812 3297 enim
2851 3252 2933 3297 est.
2975 3242 3305 3312 impudentia
3331 3251 3387 3294 et
3426 3241 3506 3295 lc-

1937 3342 2103 3405 vitas,
2151 3340 2203 3394 in
2252 3354 2411 3394 manu
2451 3352 2665 3407 semper
2703 3336 2794 3391 illa
2847 3336 3050 3389 habere
3098 3349 3156 3389 se
3188 3344 3342 3404 putat
3386 3349 3508 3404 qua:

1935 3441 2341 3501 exspectantur.
2387 3430 2649 3485 Eusebius
2686 3440 2884 3494 autem,
2920 3427 3137 3498 dignus-
3158 3441 3287 3483 sane
3318 3424 3508 3496 impie-

1938 3525 2064 3580 tatis
2111 3524 2494 3593 antesignanus
2515 3561 2531 3588 ,
2563 3519 2653 3577 ubi
2680 3536 2743 3575 ex
2776 3521 3037 3577 sententia
3063 3534 3158 3574 sua
3182 3534 3267 3574 res
3300 3519 3505 3573 consti-

1938 3626 2063 3670 tuta:
2099 3615 2285 3679 fuere,
2316 3615 2524 3685 legatos
2558 3615 2723 3668 mittit
2772 3613 2841 3667 ad
2874 3611 3073 3666 Julium
3096 3650 3111 3677 ,
3147 3611 3502 3666 Athanasium

1937 3706 1990 3760 iu
2035 3704 2283 3775 epistolis
2313 3704 2427 3759 suis
2456 3704 2808 3759 vehementer
2838 3715 3139 3765 accusans;
3190 3700 3335 3753 misit
3376 3700 3503 3752 item

1937 3808 2032 3847 eas
2060 3808 2197 3863 quas
2225 3802 2413 3847 contra
2436 3792 2613 3846 virum
2638 3800 2911 3846 struxerat
2934 3790 3235 3846 calumnias
3265 3797 3319 3844 et
3346 3803 3507 3859 syco-

1940 3886 2190 3952 phantias
2213 3924 2228 3950 ,
2273 3883 2508 3952 judicem
2532 3883 2691 3938 simul
2708 3894 2763 3938 et
2790 3892 3152 3953 eorrcptorem
3170 3881 3507 3936 constituens

1934 3974 2153 4031 Julium.
2214 3977 2283 4030 At
2342 3975 2429 4030 ille
2488 3972 2701 4047 (neque
2741 3973 2883 4029 enim
2930 3973 3049 4028 talis
3082 3984 3197 4028 erat
3227 3974 3313 4042 qui
3353 3988 3505 4028 com-

1936 4068 2134 4122 mentis
2163 4075 2216 4121 et
2247 4066 2385 4121 dolis
2412 4066 2571 4121 facile
2603 4066 3130 4130 circumveniretur;
3181 4064 3289 4120 imo
3325 4067 3508 4136 potius

1936 4160 2437 4231 perspicacissimus
2506 4158 2573 4213 ad
2622 4158 2926 4229 bujusmodi
2997 4173 3085 4213 res
3129 4158 3506 4225 intelligendas

1938 4268 2001 4307 ac
2022 4249 2563 4321 deprehendendas),
2608 4263 2730 4303 cum
2763 4247 2979 4302 Eusebii
3020 4246 3228 4302 litteras
3270 4248 3513 4317 accepis-

1938 4355 2055 4411 set,
2093 4357 2158 4397 ac
2194 4342 2482 4409 diligenter
2510 4349 2565 4393 et
2598 4347 2807 4394 attente
2834 4339 3191 4408 perlegi‘sset,
3233 4336 3507 4392 intellecta

1870 4464 1912 4519 ο
1944 4450 2129 4489 earum
2164 4433 2417 4487 {utilitate
2440 4470 2456 4495 ,
2488 4430 2819 4485 contrariam
2845 4429 2961 4499 ipse
2989 4428 3108 4483 tulit
3143 4430 3508 4491 sententiam,

1941 4523 2300 4580 Athanasium
2337 4521 2534 4576 litteris
2560 4519 2823 4573 munitum
2862 4518 2977 4573 suis
3010 4516 3239 4571 remittit
3270 4515 3509 4579 Alexan-

1941 4618 2155 4680 driam,
2205 4628 2303 4669 nec
2351 4625 2541 4680 parum
2590 4608 2906 4679 perstrinxit
2946 4621 3039 4663 eos
3093 4606 3185 4677 qui
3225 4604 3519 4680 deposuis-l'

251 4460 553 4521 σπουδαίως
582 4458 728 4525 ἀγαν
768 4458 866 4510 καὶ
897 4457 1272 4529 προσεχόντως
1306 4458 1443 4512 αὐτά
1474 4458 1715 4522 διελθὼν,
1746 4463 1837 4514 καὶ

250 4551 390 4620 σοιφῆ
455 4548 735 4620 φλυαρίαν
782 4547 913 4600 ὄντα
950 4550 1312 4619 κατανοήσας,
1348 4551 1654 4605 τούναντίον
1676 4552 1838 4614 αὐτὸς

248 4642 765 4712 ἀποψηφισάμενος,
808 4638 899 4690 καὶ
934 4640 1252 4710 γράμμασιν
1287 4642 1601 4696 Ἀθανάσιον
1638 4644 1840 4715 ὀχυρώ-
1941 4638 2155 4680 "naui,
2206 4638 2303 4669 "CC
2353 4638 2541 4680 patqu
2591 4638 2906 4679 μσιδιιιιιλιι
2946 4638 3039 4663 συθ
3093 4638 3185 4677 qua
3225 4638 3525 4705 ιιιῦγυιυηι-ι

248 4752 359 4799 σας,
398 4734 685 4803 ἐκπέμπει
737 4731 877 4803 πρὸς
918 4732 1343 4802 Ἀλεξανδρείαν,
1386 4736 1487 4787 οὐκ
1535 4735 1691 4803 ὀλίγα
1742 4738 1835 4789 καὶ

246 4825 347 4875 τῶν
382 4824 680 4897 προπετῶς
711 4823 874 4877 αὐτὸν
905 4824 1237 4878 καθελόντων
1283 4826 1583 4897 ἁψάμενος.

316 4916 402 4968 16.
434 4914 545 4968 Τοῦ
574 4915 631 4967 δὲ
664 4912 805 4983 πρὸς
842 4911 939 4983 τὴν
965 4913 1167 4966 οἰκείαν
1200 4912 1595 4983 καταγομένου,
1621 4912 1746 4974 τοὺς
1775 4913 1832 4965 ὲν

260 5006 563 5079 Ἀντιοχείᾳ
615 5004 1063 5075 συνειλεγμένους
1107 5005 1335 5077 θόρυϐος
1368 5006 1429 5058 οὐ
1470 5005 1663 5075 μικρὸς
1712 4999 1827 5073 εἶχε

254 5100 341 5150 καὶ
363 5100 504 5161 δέος,
562 5098 661 5169 μὴ,
706 5094 1111 5167 προληφθείσης
1160 5094 1460 5165 Ἀθανασίῳ
1493 5095 1591 5163 τῆς
1636 5092 1833 5163 ἐκκλη-

258 5192 386 5259 σίας,
405 5189 767 5261 ἀποτειχισθῇ
801 5189 981 5242 λοιπὸν
1010 5189 1189 5251 αὐτοῖς
1214 5190 1247 5259 ὴ
1281 5187 1415 5258 πρὸς
1431 5183 1834 5255 Ἀλεξάνδρειαν

257 5286 503 5355 πάροδος.
562 5282 756 5337 Ταῦτά
788 5299 869 5333 τοι
904 5281 995 5334 καὶ
1033 5281 1123 5333 τὸν
1180 5279 1278 5350 μὲν
1324 5279 1463 5331 ἑλεῖν
1520 5274 1744 5347 (μᾶλλον
1782 5275 1840 5326 δὲ

262 5376 503 5446 ἀνελεῖν),
551 5372 911 5437 ἐσπούδαζον,
928 5371 1002 5443 τῷ
1019 5371 1193 5443 θρόνῳ
1218 5370 1274 5423 δὲ
1303 5370 1605 5441 Γρηγόριον
1622 5370 1835 5421 ἀντεισ-

261 5472 494 5537 εγαγεῐν.
530 5465 622 5520 Διὸ
668 5466 733 5537 δὴ
772 5465 866 5518 καὶ
887 5463 983 5535 τὴν
1021 5464 1279 5534 ταχίστην
1300 5464 1460 5515 αὐτὸν
1484 5461 1720 5529 κατῆγον
1752 5461 1830 5522 είς

276 5558 692 5631 Ἀλεξάνδρειαν.
727 5556 1066 5626 Συνέπραττε
1092 5554 1146 5607 δὲ
1180 5554 1464 5624 Γρηγορίῳ
1483 5550 1578 5623 τὴν
1609 5549 1829 5605 κάθοδον

1939 4717 2079 4765 seut.

2012 4894 2098 4949 16.
2159 4892 2290 4948 Cum
2340 4901 2517 4946 autem
2569 4890 2659 4945 ille
2708 4888 3089 4945 Alexandriam
3140 4884 3505 4957 pervenisset.

1938 4988 2079 5043 haud
2120 4986 2361 5041 modicus
2406 4983 2665 5038 tumultus
2708 4997 2772 5037 ac
2806 4992 3007 5037 tretnor
3047 4979 3245 5034 invasit
3287 4992 3381 5033 eos
3404 4976 3500 5046 qui

1941 5080 2241 5137 Antiochia:
2280 5077 2593 5149 congregati
2641 5084 2836 5141 erant;
2881 5075 3113 5139 veritos,
3149 5088 3215 5127 ne
3254 5069 3301 5126 si
3337 5069 3508 5124 Atha-

1946 5172 2129 5228 nasius
2175 5170 2474 5227 Ecclesiam
2522 5175 2833 5237 occuparet,
2884 5166 3064 5220 aditus
3118 5162 3219 5219 sibi
3275 5159 3510 5215 Alexan-

1939 5264 2111 5319 driam
2168 5262 2647 5319 intercluderetur.
2687 5258 3051 5327 Quamobrem
3101 5256 3273 5323 ipsum
3314 5264 3509 5320 capere

1940 5357 2086 5427 (imo
2137 5355 2319 5425 potius
2359 5352 2653 5421 occidere)
2719 5348 3110 5419 quaeritabant,
3169 5342 3223 5397 in
3283 5340 3508 5411 ejusque

1938 5452 2113 5507 locum
2144 5449 2466 5519 Gregorium
2494 5446 2793 5502 intrudere.
2824 5440 3005 5508 Quare
3030 5449 3190 5507 quam
3221 5430 3509 5489 celerrime

1937 5547 2115 5618 ipsum
2158 5542 2541 5602 Alexandriam
2589 5538 2951 5598 deduxerunt.
3016 5525 3333 5600 Gregorium
3373 5540 3510 5582 vero

2908 5679 3020 5699 {min
3070 5692 3073 5695 λ

331 5766 401 5839 (α)
433 5767 517 5824 Sic
545 5782 689 5822 mss.
724 5764 864 5820 Editi
904 5778 1049 5820 vero.
1080 5759 1535 5831 ἐπισπασάμενοι,
1592 5757 1685 5811 καὶ
1713 5753 2011 5839 opiparem
