3990 6510
515 252 579 295 ε,
1870 226 2412 285 PROLEGOMENA.

516 350 873 407 comitabatur
912 348 1173 418 Syrianus
1205 344 1349 409 dux,
1389 358 1508 399 cum
1550 357 1645 398 sua
1686 341 1915 396 militum
1953 355 2051 394 ma-

2165 343 2258 395 καὶ
2283 341 2536 414 Συριανδς
2558 343 2586 394 6
2620 342 2942 414 στρατηγὸς,
2973 340 3109 413 μετά
3135 340 3233 411 τῆς
3255 340 3344 393 ὑπ’
3366 340 3528 393 αύτδν
3560 340 3742 411 χειρδς
3808 376 3811 377 ν

519 460 589 499 nn
611 483 629 509 ,
666 444 740 497 ita
763 441 986 512 jubente
1019 440 1374 508 imperatore,
1414 445 1473 489 ut
1520 434 1817 489 Athanasio
1845 446 2032 486 necem
2057 470 2071 492 ,

517 538 779 608 Gregorio
801 535 1165 606 episcopatum
1202 516 1496 585 conferret.
1544 527 1658 593 Qua
1704 538 1865 595 porro
1888 524 1970 576 via
2006 536 2071 576 ex

517 633 689 687 media
716 644 902 684 eorum
929 640 1124 697 sagena
1157 623 1392 693 effugere
1428 618 1663 690 potuerit
1698 614 2028 670 Athanasius
2052 655 2067 679 ,

514 736 641 777 mox
672 720 934 776 dicemus.
968 718 1099 771 Cum
1140 713 1250 783 jam
1280 714 1359 767 sol
1390 712 1455 765 ad
1496 724 1745 765 occasum
1787 715 2068 774 vergeret,

518 815 651 869 urbs
676 823 783 868 tota
814 812 1011 866 festum
1042 808 1352 863 celebrabat
1384 819 1447 857 ac
1482 785 1823 871 pervigilium
1860 798 2068 867 agebat.

510 908 649 963 Tum
681 905 835 977 quasi
878 903 930 958 in
974 916 1149 973 pugna
1202 898 1360 952 irruit
1394 898 1522 962 dux,
1560 895 1928 960 instructaque
1955 889 2071 944 acie

510 1000 678 1053 cinxit
706 996 1017 1052 ecclesiam.
1050 992 1171 1045 llaec
1195 988 1282 1043 ubi
1311 997 1488 1043 castra
1525 985 1805 1054 conspexit
1828 984 2068 1037 Athana-

509 1092 622 1145 sius
647 1128 663 1154 ,
706 1088 852 1142 curis
885 1085 1104 1156 plenus,
1141 1098 1247 1136 non
1302 1096 1408 1148 quo
1446 1080 1561 1148 ipse
1612 1092 1715 1131 non
1762 1085 2065 1145 caperetur,

508 1181 601 1235 sed
632 1177 899 1249 quomodo
937 1174 1114 1245 potius
1155 1173 1359 1226 nullum
1400 1171 1481 1225 sui
1509 1184 1668 1225 causa
1698 1166 1892 1237 popqu
1916 1166 2067 1219 dam-

508 1290 632 1327 num
662 1272 975 1334 inferretur,
1010 1266 1253 1338 przecipit
1296 1264 1522 1320 diacono
1552 1270 1611 1316 ut
1641 1261 1941 1315 orationem
1984 1259 2066 1312 in-

505 1366 693 1432 cipiat.
740 1360 1052 1417 Orationem
1114 1372 1276 1426 porro
1339 1355 1609 1411 canticum
1674 1353 1841 1407 totius
1885 1349 2061 1421 populi

503 1455 771 1525 quoddam
812 1450 1044 1520 excepit.
1081 1447 1217 1503 Hinc
1257 1455 1446 1503 exorto
1488 1459 1682 1515 magno
1712 1443 1949 1498 clamore
1982 1450 2063 1493 at-

501 1561 605 1616 que
649 1552 911 1600 concentu
939 1581 955 1608 ,
990 1541 1065 1595 uti
1111 1539 1225 1594 fieri
1248 1538 1422 1603 solet,
1472 1553 1501 1591 a
1535 1550 1732 1605 magno
1776 1534 1893 1588 viro
1926 1532 2058 1601 jussi

2178 433 2617 505 προηγούμενος,
2687 433 2827 487 οὓτω
2890 434 3238 497 κελεύσαντος
3306 432 3570 504 βασιλέως
3600 473 3615 498 ,
3675 433 3742 485 ἵν’

2188 524 2480 595 Ἀθανασίῳ
2527 526 2625 596 μὲν
2663 525 2909 592 θάνατον,
2959 528 3150 596 ἐκείνῳ
3178 525 3235 578 δὲ
3286 524 3383 596 τὴν
3434 524 3743 595 ἐπισκοπὴν

2175 618 2679 689 πραγματεύσηται.
2710 620 2897 683 Ὅπως
2928 620 2983 673 δὲ
3028 620 3119 673 καὶ
3139 619 3418 687 διαφυγεῖν
3470 620 3536 672 ὲκ
3572 618 3743 689 μέσης

2172 711 2365 773 αὐτοὺς
2397 711 2496 780 τῆς
2552 712 2790 781 σαγήνης
2850 712 3165 773 Ἀθανάσιος
3204 712 3441 782 ίσχυσεν,
3503 712 3533 764 6
3585 711 3743 778 λόγος

2169 802 2413 872 δηλώσει,
2448 802 2584 873 Ἤδη
2616 804 2743 875 περὶ
2788 802 2936 856 δύσιν
2966 804 3117 867 ὄντος
3144 804 3313 875 ἡλίου,
3346 806 3379 873 ἡ
3426 804 3525 874 μὲν
3583 804 3743 864 πόλις

2168 895 2514 967 ἑορτάζοντες
2570 912 2631 948 τε
2684 896 2779 949 καὶ¹
2832 898 3245 968 παννυχίζοντες
3298 893 3460 968 ἦσαν,
3509 897 3638 966 ἥκει
3686 896 3742 948 δὲ

2168 986 2353 1059 ὥσπερ
2380 989 2436 1040 ἐν
2462 988 2659 1058 μάχαις
2690 990 2718 1041 6
2771 991 3091 1059 στρατηγὸς,
3121 990 3219 1059 τὴν
3266 988 3525 1059 στρατιὰν
3552 988 3741 1041 διατά-

2170 1079 2283 1143 ξας,
2319 1080 2411 1131 καὶ
2438 1079 2621 1150 κύκλῳ
2642 1080 2740 1151 τὴν
2761 1081 3054 1153 ἐκκλησίαν
3082 1077 3368 1133 διαλαϐών.
3395 1078 3615 1150 Ταύτην
3649 1075 3740 1131 οῦν

2163 1172 2263 1241 τὴν
2320 1170 2672 1241 παρεμϐολήν
2731 1172 2873 1242 ὁρῶν
2918 1171 3251 1235 Ἀθανάσιος,
3296 1170 3391 1224 καὶ
3445 1170 3741 1242 φροντίδων

2165 1260 2557 1332 πληρούμενος,
2591 1262 2689 1331 ούχ
2721 1263 2868 1326 ὅπως
2896 1261 2961 1315 ἂν
2996 1263 3155 1325 αὐτὸς
3193 1262 3266 1334 μὴ
3300 1261 3431 1333 ἁλῷ,
3450 1261 3567 1315 ἀλλ’
3595 1263 3742 1326 ὅπως

2164 1345 2230 1407 ἂν
2265 1352 2464 1424 μᾶλλον
2490 1353 2567 1423 τῷ
2593 1353 2705 1424 λαῷ
2740 1354 2977 1424 μηδεμία
3004 1354 3072 1407 δι’
3105 1354 3266 1407 αὑτὸν
3301 1355 3510 1423 γένοιτο
3540 1354 3737 1425 βλάϐη,

2164 1445 2416 1516 σημαίνει
2454 1445 2551 1515 μὲν
2582 1445 2745 1516 εὐχὴν
2777 1446 3012 1517 κηρῦξαι
3041 1446 3119 1516 τῷ
3144 1446 3396 1516 διακόνῳ·
3432 1445 3534 1515 τὴν
3576 1446 3739 1515 εύχήν

2160 1537 2216 1589 δὲ
2248 1537 2358 1608 ᾠδή
2414 1536 2615 1599 τιςοτοῦ
2657 1536 2894 1607 πλήθους
2936 1541 3087 1608 κοινῇ
3134 1536 3417 1608 διεδέχετο.
3453 1534 3585 1589 Είτα
3613 1536 3740 1607 βοῆς

501 1646 627 1692 sunt
652 1650 746 1705 per
769 1634 1012 1690 eamdem
1037 1646 1224 1687 omnes
1246 1629 1394 1685 exire
1422 1628 1665 1697 januam.
1694 1624 1822 1679 Duci
1855 1639 1981 1679 vero
2006 1632 2051 1677 el

2158 1646 2216 1681 τε
2251 1629 2449 1700 πολλῆς
2496 1630 2589 1682 καὶ
2634 1630 2967 1700 συμφωνίας,
3001 1630 3077 1693 ώς
3112 1630 3276 1693 είκδς,
3307 1629 3619 1700 γινομένης,
3652 1628 3739 1683 διὰ

501 1728 765 1783 militibus
815 1725 1052 1781 studium
1100 1732 1217 1778 erat
1267 1721 1483 1792 populi,
1537 1735 1710 1789 neque
1740 1717 1834 1772 ulli
1864 1730 2051 1771 manus

2158 1721 2258 1792 τῆς
2292 1688 2461 1791 αύτής
2491 1688 2736 1784 ἅπαντας
2758 1688 2978 1787 ’ἐξιέναι
3006 1688 3177 1792 πύλης
3214 1688 3330 1772 Cir-rb-
3349 1688 3441 1772 τοῦ
3498 1688 3737 1790 μέγάλου

498 1822 871 1891 conjeeerunt.
898 1817 1004 1873 Sed
1032 1815 1441 1872 erantomnium
1466 1812 1607 1867 oculi
1628 1813 1679 1865 in
1702 1808 2057 1865 Athanasium

499 1912 733 1978 intenti,
765 1922 823 1965 ut
855 1925 1176 1980 quocunque
1200 1924 1321 1963 eum
1358 1906 1410 1960 in
1442 1906 1561 1961 loco
1585 1905 1829 1960 viderent
1867 1902 2056 1957 interi-

498 2013 726 2061 merent.
756 2003 826 2059 At
855 2003 941 2058 ille
984 2001 1035 2056 in
1062 2002 1215 2055 turba
1246 1999 1463 2071 populi,
1496 1995 1648 2067 quasi
1682 2009 1867 2050 eorum
1896 2008 2052 2051 unus.

497 2114 593 2169 per
615 2096 849 2152 medium
872 2093 1156 2149 tumultum
1184 2103 1236 2147 et
1270 2090 1475 2159 plebem
1502 2088 1768 2147 evadens,
1809 2085 1889 2138 sic
1916 2085 2056 2137 mili-

495 2200 604 2241 tum
656 2187 841 2242 oculos
880 2186 1054 2241 latens
1099 2184 1303 2252 effugit.
1354 2182 1418 2235 Et
1460 2182 1539 2237 sic
1572 2179 1782 2249 fugiens
1827 2176 2051 2230 Romam

492 2280 822 2350 remigravit.
855 2276 1148 2346 Gregorius
1179 2290 1307 2330 vero
1334 2282 1590 2343 occupata
1628 2271 1737 2340 jam
1774 2269 2011 2325 Ecclesia
2034 2310 2049 2334 ,

490 2374 752 2428 adversus
779 2386 964 2428 sanam
992 2370 1149 2424 ﬁdem
1176 2382 1327 2422 arma
1357 2368 1611 2420 audacter
1627 2364 1876 2433 arripuit.
1898 2362 2051 2428 Quod

490 2483 610 2521 cum
674 2480 777 2520 non
835 2464 999 2517 ferret
1048 2460 1445 2515 Alexandrinus
1500 2455 1760 2526 populus,
1804 2470 2049 2524 magnam

492 2556 787 2612 concitavit
818 2554 1159 2617 seditionem,
1206 2566 1269 2605 ac
1299 2549 1555 2619 templum
1582 2548 1821 2616 Dionysii
1848 2546 2049 2601 dictum

491 2648 749 2704 incendit.
775 2644 1085 2714 Huiusmodi
1109 2642 1337 2697 tumultu
1359 2650 1579 2709 propter
1600 2638 1867 2693 Christum
1892 2637 2048 2692 laesus

488 2744 590 2798 fuit
631 2743 794 2798 etiam
834 2738 1168 2808 magnus-vir
1218 2736 1276 2790 S.
1322 2734 1518 2788 Paulus
1552 2731 2048 2801 Constantinopoli-

488 2847 628 2890 tanae
662 2834 918 2889 Ecclesia:
945 2840 1055 2883 tum
1090 2827 1283 2899 praesul
1304 2866 1318 2891 ,
1365 2827 1666 2894 thronoque
1691 2835 1910 2878 exactus
1937 2824 2049 2892 ipse

490 2940 740 2996 quoque,
768 2924 1105 2991 Bonnamque
1137 2919 1380 2989 fugiens,
1417 2916 1701 2970 Athanasii
1737 2915 1915 2970 socius
1945 2914 2046 2969 fuit

491 3019 711 3087 pietatis
745 3016 949 3087 pariter
983 3028 1044 3068 ac
1086 3010 1468 3082 periculorum.
1500 3006 1850 3061 Constantem
1884 3006 2045 3075 igitur
2072 3034 2113 3092 Ο

486 3110 559 3165 ibi
601 3120 762 3177 atque
801 3105 1000 3161 Julium
1037 3102 1438 3163 convenientes,
1483 3106 1595 3151 tum
1630 3113 1750 3167 qua:
1785 3098 1934 3169 passi
1966 3112 2045 3153 es-

485 3206 606 3252 sent
656 3196 789 3265 ipsi,
839 3205 947 3247 tum
984 3205 1313 3261 qu:ecnnque
1358 3188 1463 3242 alia
1510 3194 1696 3241 contra
1743 3188 2032 3242 veritatem

482 3285 769 3342 Ensebiani
824 3283 1222 3354 designassent,
1273 3288 1623 3332 enarrarunt.
1675 3276 1871 3330 Statim
1914 3292 2044 3345 ergo

484 3381 776 3449 imperator
801 3376 1067 3430 Constans
1094 3373 1248 3427 fratri
1272 3384 1431 3439 super
1462 3370 1565 3423 hac
1594 3384 1652 3423 re
1678 3370 1885 3423 litteras
1914 3372 2039 3424 mit-

485 3473 567 3525 tit.
615 3469 749 3523 Cum
792 3475 971 3519 autem
1009 3462 1141 3517 nihil
1195 3462 1518 3530 proliceret,
1568 3459 1827 3529 synodum
1884 3459 2042 3515 aliam

481 3562 792 3616 universam
844 3556 1173 3610 Athanasius
1220 3564 1382 3621 atque
1427 3548 1626 3604 Paulus
1678 3549 2036 3619 postularunt.

480 3654 884 3726 Depositionem
946 3650 1140 3719 quippe
1203 3661 1388 3707 suam,
1452 3657 1557 3697 non
1609 3643 1711 3697 alia
1758 3646 1824 3698 de
1876 3660 2038 3700 causa

483 3748 681 3803 factam
737 3744 990 3806 aiebant,
1037 3753 1197 3809 quam
1244 3748 1301 3790 ut
1347 3752 1529 3791 secum
1579 3751 1685 3789 una
1735 3750 1866 3790 sana
1911 3738 2041 3792 fides

482 3842 851 3895 damnaretur.

2159 1813 2543 1883 προστέτακτο.
2574 1812 2664 1883 Τ
2700 1814 2799 1883 μὲν
2828 1808 2921 1865 οῦν
2956 1812 3244 1884 στρατηγῷ
3275 1812 3366 1865 καὶ
3398 1814 3510 1873 τοῖς
3530 1811 3623 1864 ὑπ’
3644 1812 3740 1864 αύ-

2154 1905 2244 1957 τὸν
2279 1904 2406 1973 φίλα
2432 1904 2504 1975 (ιι)
2534 1922 2593 1957 τε
2624 1900 2692 1975 ἦν
2721 1905 2854 1976 πρὸς
2876 1905 2937 1957 τὸ
2967 1904 3190 1975 πλῆθος,
3218 1906 3312 1958 καὶ
3342 1902 3738 1957 οὒδενὶτούτων

2154 2000 2342 2069 χεῖρας
2372 1997 2595 2067 ἐπῆγον
2633 1996 2766 2051 ἀλλά
2798 1996 2933 2069 πρὸς
2963 1998 3120 2067 μόνον
3153 1999 3257 2061 πᾶς
3283 1995 3557 2067 ὀφθαλμὸς
3590 1994 3736 2067 ἑώρα

2152 2090 2242 2142 τὸν
2279 2088 2612 2153 Ἀθανάσιον,
2656 2091 2789 2143 ὅπου
2819 2090 3006 2161 περᾶν
3031 2088 3192 2143 αὐτὸν
3240 2090 3436 2153 ἰδόντες
3470 2089 3733 2143 ἀνέλοιεν.

2165 2182 2222 2234 'O
2247 2181 2325 2247 δὲ,
2359 2181 2453 2235 τοῦ
2488 2181 2616 2235 λαοῦ
2652 2183 2815 2253 μέρος
2832 2182 3141 2254 γενόμενος,
3171 2183 3263 2235 καὶ
3288 2176 3375 2235 οἷα
3393 2181 3502 2234 τῶν
3525 2181 3735 2234 πολλῶν

2151 2269 2250 2338 εἷς,
2274 2274 2361 2327 διὰ
2391 2274 2555 2345 μέσου
2590 2275 2683 2329 τοῦ
2718 2274 2945 2347 θορύϐου
2983 2275 3186 2328 καὶτοῦ
3219 2274 3455 2346 πλήθους
3484 2274 3732 2336 διελθὼν,

2150 2368 2245 2420 καὶ
2274 2369 2442 2439 ταύτῃ
2465 2368 2808 2439 στρατιωτῶν
2835 2368 3055 2440 ὄμματα
3087 2367 3288 2431 λαϐὼν,
3316 2367 3507 2438 ᾤχετο.
3555 2367 3733 2419 Ἐκεῖ-

2150 2476 2239 2521 νος
2270 2462 2367 2529 μὲν
2400 2454 2491 2512 οὖν
2512 2461 2592 2523 είς
2620 2460 2719 2530 τὴν
2760 2458 2976 2530 Ῥώμην
3000 2459 3140 2512 οῦτω
3163 2458 3438 2528 διαφυγὼν
3460 2460 3724 2527 ἐπανῆκε.

2150 2549 2447 2621 Γρηγόριος
2478 2551 2554 2615 δὲ,
2589 2551 2687 2621 τῆς
2729 2551 3052 2622 Ἐκκλησίας
3085 2550 3183 2622 ήδη
3227 2552 3527 2621 κρατήσας,
3590 2549 3732 2603 κατά

2147 2642 2249 2710 τῆς
2274 2642 2443 2714 ὀρθῆς
2500 2643 2737 2706 πίστεως
2768 2643 2939 2707 ἀδεῶς
2985 2642 3270 2708 ὡπλίζετο,
3305 2642 3341 2695 ἃ
3385 2642 3520 2712 μηδὲ
3542 2642 3731 2713 φέρειν

2150 2730 2262 2797 οἷός
2284 2752 2341 2786 τε
2382 2733 2453 2787 ὣν
2478 2736 2505 2787 6
2534 2734 2641 2787 τῶν
2676 2735 3066 2806 Ἀλεξανδρέων
3090 2735 3282 2804 δῆμος.
3323 2734 3513 2785 στάσιν
3540 2750 3602 2785 τε
3628 2748 3729 2801 χα-

2147 2823 2317 2894 λεπήν
2370 2824 2605 2893 ἀνῆψαν,
2654 2825 2748 2879 καὶ
2796 2824 2885 2877 τὸν
2931 2823 3261 2894 καλούμενον
3304 2823 3578 2876 Διονυσίου
3605 2822 3731 2875 ναὸν

2148 2917 2475 2988 ἐνέπρησαν.
2512 2918 2906 2989 Παραπέλαυσε
2948 2917 3004 2970 δὲ
3057 2917 3157 2987 τῆς
3189 2916 3502 2986 συγχύσεως
3527 2896 3745 2985 ταύτης

2146 3008 2233 3063 διά
2263 3010 2495 3080 Χριστὸν
2529 3010 2620 3062 καὶ
2644 3012 2671 3063 6
2696 3010 2867 3080 μέγας
2898 3012 2953 3063 έν
2979 3008 3152 3077 ἁγίοις
3174 3008 3385 3071 Παῦλος
3404 3010 3431 3061 6
3455 3008 3555 3079 τῆς
3574 3010 3730 3061 Κων-

2149 3100 2422 3153 σταντίνου
2454 3100 2753 3170 τηνικαῦτα
2786 3100 3066 3170 προεστὼς
3113 3098 3184 3170 (ὸ)
3225 3099 3573 3171 Ἐκκλησίας.
3631 3098 3726 3152 τοῦ

2149 3190 2338 3264 θρόνου
2359 3192 2452 3245 καὶ
2484 3192 2647 3255 αὐτὸς
2677 3191 3044 3263 καθαιρεθεὶς,
3103 3193 3197 3245 καὶ
3236 3194 3315 3255 εἰς
3364 3191 3584 3262 Ῥώμην
3608 3208 3725 3260 φοι-

2146 3284 2337 3354 τήσας,
2366 3283 2461 3337 καὶ
2504 3284 2760 3347 κοινωνὸς
2823 3284 3123 3355 ἈΟανασίῳ
3171 3284 3269 3354 τῆς
3318 3283 3600 3346 εὐσεϐείας
3634 3284 3727 3336 καὶ

2147 3376 2255 3428 τῶν
2280 3376 2536 3429 κινδύνων
2565 3375 2872 3447 γενόμενος.
2918 3374 3233 3430 Κώνσταντι
3271 3376 3449 3429 τοίνυν
3474 3378 3590 3428 ἐκεῖ
3632 3375 3727 3428 καὶ

2157 3468 2359 3539 Ἰουλίῳ
2393 3469 2817 3538 συνενεχθέντες,
2846 3472 2944 3523 ὅσα
2975 3487 3033 3522 τε
3058 3471 3211 3523 αὐτοὶ
3232 3469 3476 3534 πάθοιεν,
3500 3469 3595 3523 καὶ
3625 3470 3725 3522 ὅσα

2145 3562 2266 3613 κατ’
2297 3561 2474 3613 αὐτῶν
2505 3561 2599 3614 καὶ
2631 3562 2731 3631 τῆς
2770 3561 3025 3632 ἀληθείας
3053 3563 3101 3613 οἱ
3132 3562 3258 3633 περὶ
3296 3560 3555 3614 Εὑσέϐιον
3598 3562 3727 3633 δρά-

2145 3666 2315 3714 σειαν,
2342 3649 2553 3705 ἅπαντα
2579 3650 2911 3721 διηγοῦνται.
2953 3652 3165 3723 Ἀμέλει
3200 3652 3291 3704 καὶ
3334 3650 3588 3721 βασιλεὺς
3626 3652 3731 3722 μὲν

2148 3741 2407 3805 Κώνστας
2442 3742 2569 3814 περὶ
2600 3743 2803 3797 τούτων
2835 3743 2993 3806 εὐθὺς
3026 3743 3104 3813 τῷ
3134 3743 3346 3814 ἀδελφῷ
3397 3743 3718 3796 ἐπιστέλλει·

2145 3832 2264 3885 ἐπεὶ
2290 3831 2345 3884 δὲ
2362 3833 2509 3887 οὐδὲν
2538 3832 2696 3886 πλέον
2726 3834 2937 3904 ήνυετο,
2970 3833 3183 3887 σύνοδον
3212 3834 3403 3905 ἑτέραν
3435 3836 3623 3905 κοινὴν
3674 3836 3723 3887 oi

478 3929 609 4002 περὶ
634 3928 724 3982 τὸν
764 3924 1075 3979 Ἀθανάσιον
1092 3923 1183 3977 καὶ
1199 3923 1404 3978 Παῦλον
1432 3921 1681 3993 γενέσθαι
1710 3922 1909 3993 ἠξίουν.
1929 3923 2038 3987 Τὰς
2056 3928 2124 3993 γά
2131 3944 2162 3996 ρ
2180 3927 2519 3999 καθαιρέσεις
2535 3929 2712 3983 αὐτῶν
2734 3931 2809 4001 μὴ
2825 3930 2888 3982 δι’
2907 3929 3031 3984 ἀλλο
3053 3930 3104 3982 τί
3131 3946 3291 3998 φασιν
3323 3930 3719 4001 ἔπινενοῆσθαι,

478 4022 673 4095 nam
707 4019 802 4073 καὶ
820 4018 889 4071 τὰ
916 4019 1014 4089 τῆς
1036 4014 1219 4085 ὑγιοῦς
1244 4016 1476 4080 πίστεως
1508 4016 1689 4079 αὐτοῖς
1719 4014 2237 4088 πγκαθαιρεθῆναι.

551 4113 637 4166 17.
670 4110 961 4165 Amborum
985 4110 1145 4179 igitur
1169 4108 1324 4179 jussu
1362 4109 1743 4178 imperatorum
1769 4150 1784 4173 ,
1822 4108 2041 4163 univer-
2070 4116 2114 4171 ι)

473 4206 607 4261 salis
652 4218 865 4258 rursum
907 4212 961 4256 et
1005 4203 1334 4256 meumenlca
1368 4201 1604 4272 synodus
1640 4200 1876 4256 Sardicae
1910 4217 2039 4257 con-

477 4310 749 4372 gregatur.
785 4295 1159 4356 Occidentales
1189 4308 1365 4354 autem
1389 4340 1406 4366 ,
1442 4309 1500 4354 nt
1533 4301 1645 4371 ipse
1679 4301 1841 4356 refert
1870 4302 2039 4355 Atha-

474 4393 690 4458 nasius,
734 4391 903 4446 coacti
946 4401 1068 4445 sunt
1107 4390 1342 4459 episcopi
1389 4391 1509 4459 plus
1545 4407 1701 4461 quam
1755 4393 1982 4446 trecenti
2021 4409 2036 4446 :

474 4482 779 4540 Orientales
807 4497 956 4545 vero,
999 4492 1056 4535 ut
1086 4482 1161 4535 ait
1191 4480 1443 4547 Sabinus,
1476 4482 1650 4537 solum
1675 4483 2035 4553 septuaginta,

474 4578 616 4631 inter
658 4590 796 4647 quos
850 4574 1099 4644 lsehyras
1147 4572 1463 4628 Mareoticus
1504 4574 1903 4628 recensebatur.
1937 4573 2036 4640 Qui

475 4671 637 4739 igitur
656 4684 719 4723 cx
746 4664 873 4721 Asia
906 4665 1235 4731 confinxere,
1258 4680 1323 4718 ne
1352 4666 1417 4717 ad
1443 4675 1786 4735 conspectum
1822 4665 2036 4733 quidem

474 4759 895 4814 Occidentalium
924 4773 982 4811 se
1014 4757 1207 4810 sistere
1236 4756 1350 4809 ausi
1381 4764 1505 4810 sunt
1540 4773 1555 4810 :
1593 4754 1948 4820 afﬁrmantes,
1982 4771 2040 4810 se

474 4865 748 4919 nunquam
790 4847 1118 4916 colloquium
1157 4846 1516 4912 instituturos,
1566 4846 1670 4901 nisi
1714 4846 1940 4901 Paulum
1985 4857 2040 4901 et

473 4941 831 4996 Athanasium
874 4953 939 4992 ex
982 4936 1207 4992 concilio
1253 4938 1531 5006 pellerent.
1568 4936 1703 4992 Cum
1739 4947 1919 4992 autem
1964 4938 2040 4992 illi

475 5050 544 5088 ne
585 5033 769 5086 audire
810 5032 1026 5100 quidem
1064 5045 1175 5083 rem
1208 5028 1470 5097 ejusmodi
1500 5028 1733 5093 vellent,
1768 5044 1926 5097 quam
1952 5044 2041 5082 ce-

474 5123 693 5178 lerrime
737 5120 1024 5175 Ensebiani
1066 5121 1293 5190 regressi
1336 5131 1482 5183 sunt,
1511 5130 1563 5175 et
1606 5136 1727 5173 cum
1762 5118 2039 5188 Philippo-

475 5215 635 5283 polim
658 5213 1027 5284 pervenissent
1060 5212 1109 5265 in
1145 5211 1406 5278 Thracia,
1440 5212 1643 5265 utinam
1683 5211 1733 5263 in
1765 5210 2034 5263 infernum

474 5306 669 5375 potius,
706 5306 777 5359 ibi
814 5307 1027 5360 demum
1066 5306 1392 5373 peculiarem
1435 5303 1625 5357 ineunt
1663 5311 1984 5354 conventum
2022 5317 2035 5353 :

476 5414 637 5464 atque
707 5396 1215 5454 consubstantialem
1253 5398 1395 5465 (qua:
1462 5392 1708 5453 tua,fnit
1749 5392 2036 5460 patientia,

476 5486 587 5542 Rex
607 5489 815 5545 Christe
834 5490 872 5561 ί)
901 5498 1085 5559 aperte
1100 5488 1439 5543 anathemate
1455 5484 1843 5540 condemnant:
1865 5486 1914 5537 in
1934 5485 2041 5553 epi-

546 5660 622 5734 (τι)
647 5662 736 5717 Sic
768 5676 893 5717 mss.
919 5662 1060 5717 Editi
1087 5677 1235 5726 vero,
1270 5661 1407 5731 φύλα
1438 5676 1522 5728 γε,
1546 5658 1818 5714 mendose.

2219 4114 2302 4167 l7.
2346 4114 2545 4188 Γνώμη
2564 4115 2851 4185 τοιγαροῦν
2876 4116 2983 4168 τῶν
3016 4114 3279 4185 βασιλέων
3303 4115 3506 4186 ἀμφοῖν
3530 4100 3552 4119 ⁸
3568 4116 3718 4187 κοινή

2144 4223 2202 4259 τε
2233 4206 2349 4276 ἅμα
2397 4207 2489 4259 καὶ
2543 4207 2890 4277 οἱκουμενικὴ
2949 4206 3090 4260 κατά
3128 4206 3223 4277 τὴν
3270 4207 3538 4278 Σαρδικὴν
3567 4203 3721 4269 αὖθις

2144 4298 2447 4368 ἀθροίζεται
2471 4297 2702 4362 σύνοδος.
2731 4299 2839 4351 Καὶ
2866 4298 2971 4351 τῶν
3008 4298 3103 4369 μὲν
3133 4297 3420 4369 ἐσπερίων,
3438 4298 3583 4352 καθά
3615 4316 3721 4368 φη-

2147 4401 2199 4437 σι
2217 4385 2309 4438 καὶ
2325 4386 2487 4449 αὐτὸς
2501 4386 2835 4450 Ἀθανάσιος,
2856 4387 3170 4458 συνέτρεχον
3201 4387 3488 4440 ἐπίσκοποι
3504 4387 3721 4448 πλείους

2144 4477 2519 4547 ῆτριακόσιοι·
2560 4478 2658 4547 τῆς
2688 4478 2827 4547 έῴας
2850 4478 2904 4530 δὲ
2937 4478 3105 4548 μόνοι,
3152 4477 3372 4539 Σαϐῖνός
3409 4493 3596 4548 φησιν,
3632 4477 3724 4529 έϐ-

2142 4569 2467 4639 δομήκοντα,
2512 4563 2593 4632 οἷς
2630 4570 2722 4622 καὶ
2761 4570 2923 4633 αὐτὸς
2957 4568 3204 4641 Ἰσχύρας
3228 4571 3257 4622 6
3282 4567 3376 4621 τοῦ
3412 4568 3719 4639 Μαρεώτου

2144 4660 2434 4731 ⁴ἢρίθμητο.
2465 4660 2527 4712 Oi
2560 4660 2657 4731 μὲν
2695 4656 2786 4714 οὖν
2843 4661 3092 4715 ’Δσίαθεν
3124 4662 3560 4733 συνερρυηκότες
3597 4661 3719 4714 οὐδὲ

2144 4751 2225 4813 είς
2253 4750 2373 4820 ὄψιν
2403 4750 2510 4804 τῶν
2546 4752 2814 4823 ἐσπερίων
2844 4751 3015 4804 ἐλθεῖν
3049 4753 3336 4823 ὑπέμενον,
3371 4752 3717 4824 ίσχυριζόμε-

2151 4860 2222 4896 θοι
2269 4842 2343 4915 μὴ
2366 4842 2431 4898 ἂν
2459 4844 2632 4907 ἄλλως
2666 4845 2845 4907 αὐτοῖς
2878 4845 2957 4907 είς
2982 4844 3152 4914 λόγων
3185 4846 3468 4900 κοινωνίαν
3514 4846 3713 4910 ἐλθεῖν,

2147 4938 2190 4989 ,ί
2226 4936 2299 5008 μὴ
2328 4938 2452 5002 τοὺς
2483 4939 2609 5009 περὶ
2657 4937 2865 4991 Παῦλον
2921 4940 3012 4992 καὶ
3057 4939 3369 4993 Ἀθανάσιον
3413 4940 3717 4995 ὲκϐάλλωσι

2143 5028 2405 5099 πρότερον
2459 5029 2553 5082 τοῦ
2608 5029 2884 5098 συλλόγου.
2949 5031 3069 5084 Τῶν
3127 5031 3184 5083 δὲ
3235 5031 3357 5101 μηδ’
3385 5031 3522 5095 ὅλως
3558 5033 3717 5103 ἄχρις

2142 5119 2312 5188 ἀκοῆς
2339 5121 2531 5189 ῥυῆναι
2560 5121 2648 5173 τὸν
2678 5121 2833 5189 λόγον
2861 5122 3257 5193 ἀνασχομένων,
3294 5126 3489 5176 ἐκεῖνοι
3523 5124 3600 5187 ὡς
3640 5124 3715 5176 εἷ-

2144 5227 2235 5278 χον
2271 5208 2428 5272 εὐθὺς
2456 5210 2801 5282 ἀνέστρεφον,
2837 5213 2929 5264 καὶ
2958 5212 3259 5280 φθάσαντες
3291 5215 3368 5276 είς
3390 5212 3546 5267 πόλιν
3592 5213 3715 5265 Φιλ-

2148 5301 2311 5353 ίππου
2336 5302 2435 5371 τῆς
2476 5302 2715 5373 Θρᾴκης,
2743 5303 2817 5366 ὡς
2840 5303 3028 5372 ὄφελον
3052 5305 3109 5356 ἐν
3141 5304 3265 5374 ᾇδου
3300 5304 3719 5375 πρότερον,ὲκεί

2145 5392 2327 5445 λοιπὸν
2357 5393 2551 5457 ίδιάζον
2575 5394 2845 5448 ποιοῦνται
2869 5397 3161 5468 συνέδριον.
3180 5398 3289 5449 Καὶ
3308 5397 3367 5448 τὸ
3394 5398 3491 5465 μὲν
3520 5397 3717 5466 ὁμοού-

2150 5502 2259 5539 σιον
2280 5486 2329 5538 οἱ
2352 5486 2604 5557 πρόδηλοι
2630 5487 2728 5560 τὴν
2753 5489 3005 5543 ἀσέϐειαν
3025 5489 3142 5560 (τῆς
3159 5489 3255 5559 σῆς
3271 5489 3490 5558 ἀνοχῆς,
3510 5489 3715 5560 Χριστὲ

2212 5660 2284 5732 (ιι)
2321 5661 2394 5717 Ita
2431 5678 2561 5721 mss.
2604 5662 2742 5719 Editi
2783 5678 2910 5718 vero
2948 5662 3246 5736 τηνικαῦτα
3282 5664 3374 5717 καί⁵
3404 5663 3569 5729 αὐτὸς
3605 5680 3708 5738 πρ.
