3990 6528
1122 597 1285 652 VlTA
1328 597 1383 653 S.
1428 594 1797 654 ATH‘ANASII
1840 600 2137 657 INCERTO
2179 601 2529 657 AUCTURE.

3356 620 3445 669 CC!

176 708 444 781 βασιλεῦί)
493 716 774 786 φανερῶς
814 716 1322 787 άναθεματίζουσιν·
1372 721 1431 771 ὲν
1466 720 1760 783 ἐπιστολαῖς

1880 724 2030 777 stolis
2060 736 2259 789 autem,
2303 725 2525 780 alterius
2565 727 2878 783 substantiae
2905 730 3223 785 sententiam
3254 732 3441 802 edunt,

174 803 335 872 δὲτὴν
365 802 464 857 τοῦ
509 805 849 877 ὲτερουσίου
889 808 1041 873 δόξαν
1074 810 1395 875 ἐκτίθενται,
1426 812 1519 865 καὶ
1561 812 1629 867 τὰ
1658 831 1772 883 χει-

177 895 412 963 ρόγραφα
430 894 541 963 τῆς
576 896 853 961 ἀσεϐείας
876 901 1148 969 πανταχοῦ
1181 904 1292 964 τοῖς
1322 902 1413 955 ὑπ’
1440 904 1634 968 αὑτοὺς
1661 905 1775 957 δια-

176 985 487 1054 πέμπονται.
521 987 729 1041 Ταῦτα
771 990 1032 1061 μαθόντες
1052 994 1099 1045 οἰ
1129 995 1184 1045 ὲν
1200 996 1264 1064 τῇ
1297 994 1553 1066 Σαρδικῇ,
1584 996 1773 1067 πρῶτα

178 1078 261 1147 μὲν
291 1078 472 1132 αὐτῶν
506 1082 748 1154 ἐρήμην
792 1086 1013 1149 δικαίως
1060 1088 1549 1157 καταψηφίζονται·
1584 1090 1772 1143 ἔπειτα

175 1172 220 1224 δὲ
251 1173 338 1224 καὶ
374 1174 508 1238 τοὺς
563 1178 926 1250 κατηγόρους
962 1180 1274 1233 Ἀθανασίου
1311 1181 1420 1235 τῶν
1444 1182 1657 1236 οἰκείων
1690 1182 1773 1247 ἐξ·

175 1263 351 1317 ωθοῦσι
399 1265 666 1337 βαθμῶψ
708 1271 807 1323 τὸν
864 1272 986 1341 δρον
1042 1290 1099 1325 τε
1153 1274 1249 1344 τῆς
1304 1275 1537 1338 πίστεως
1577 1276 1675 1346 τῆς
1714 1278 1772 1329 ὲν

177 1357 361 1430 Νικαίᾳ
399 1360 821 1429 κρατύνοντες,
853 1364 946 1417 καὶ
978 1365 1037 1417 τὸ
1069 1365 1318 1435 ἀνόμοιον
1343 1366 1773 1438 ἀναθεματίσαν·

175 1466 264 1513 τες,
316 1450 670 1521 κηρύττουσι
748 1456 1050 1527 τρανοτέρᾳ
1091 1456 1309 1530 γλώσσῃ
1355 1457 1416 1511 τὸ
1463 1459 1766 1529 ὀμοοὺσιον’

176 1542 252 1593 καὶ
296 1543 621 1614 γράψαντες
679 1547 744 1599 ἐν
809 1549 1157 1618 ὑπομνήμασι
1218 1552 1313 1602 καὶ
1378 1551 1532 1604 αὑτοὶ
1592 1553 1769 1605 πᾶσαν

179 1630 351 1702 μικροῦ
402 1632 633 1698 τούτοις
687 1636 795 1707 τὴν
825 1636 1634 1709 οἰκουμένηνδιαλαμϐάνουσιν.
1702 1642 1765 1694 'A

177 1723 225 1793 δὴ
252 1726 335 1777 καὶ
368 1725 646 1795 βασιλεὺς
690 1726 959 1792 Κώνστας
985 1728 1296 1799 άναμαθὼν,
1338 1732 1432 1785 καὶ
1464 1731 1541 1801 τῷ
1560 1731 1768 1804 ἀδελφῷ

179 1816 523 1888 Κωνσταντίῳ
581 1820 898 1889 γνωρίσας,
941 1821 1381 1890 ἀποκαταστῆναι
1421 1822 1627 1877 Παῦλον
1673 1825 1767 1878 καὶ⁵

187 1906 485 1963 Ἀθανάσιον
530 1914 663 1973 τοῖς
691 1912 922 1974 οἰκείοις
957 1914 1084 1983 παρ’
1124 1913 1286 1965 αὑτοῦ
1341 1914 1547 1983 θρόνοις
1589 1916 1762 1986 ἠξίου.

180 1999 263 2051 Τοῦ
304 2001 357 2053 δὲ
412 2002 817 2073 ἀναδυομένου
861 2004 994 2075 πρὸς
1026 2004 1181 2058 τοῦτο
1223 2007 1315 2058 καὶ
1370 2006 1761 2077 διαμέλλοντος,

1880 815 2313 884 exemplariaque
2340 817 2626 888 impietatis
2650 835 2759 873 sua:
2786 821 2928 889 apud
2948 836 3074 874 suos
3101 823 3299 891 ubique
3324 839 3439 891 pro-

1882 908 2141 978 tuulgant.
2192 910 2288 963 His
2324 910 2613 979 compertis
2654 910 2686 964 ii
2723 911 2814 981 qui
2851 911 3089 965 Sardica:
3118 923 3294 977 erant,
3333 915 3440 982 pri-

1880 1012 2026 1049 mum
2058 998 2269 1065 quidem
2302 999 2526 1053 desertae
2562 1016 2738 1055 causa:
2776 1001 2893 1055 illos
2916 1000 3036 1069 jure
3062 1004 3439 1059 condemnant.

1882 1086 2016 1141 llinc
2056 1089 2333 1143 Athanasii
2380 1102 2723 1146 accusatores
2765 1094 2875 1146 suis
2919 1094 3124 1162 pellunt
3160 1096 3442 1164 gradibus.

1877 1179 2310 1249 Coulirmatoque
2362 1180 2589 1236 Nicaeum
2638 1186 2759 1239 ﬁdei
2804 1185 3054 1251 decreto,
3105 1202 3166 1241 ac
3213 1190 3442 1241 anathe-

1878 1278 2018 1324 mate
2069 1286 2316 1340 percussa
2345 1271 2436 1325 τοῦ
2466 1274 2736 1343 ἀνομοίου,
2767 1276 2817 1329 id
2846 1286 2924 1329 est
2949 1276 3245 1342 dissimilis,
3278 1293 3439 1341 voce,

1880 1360 2082 1414 clarius
2118 1362 2728 1419 consubstantialitatem
2766 1366 3056 1435 praedicant
3090 1387 3101 1422 :
3137 1370 3353 1439 scriptis
3376 1386 3440 1424 ea

1876 1452 1943 1505 de
1990 1467 2047 1506 re
2089 1452 2315 1518 libellis,
2354 1455 2503 1508 hisce
2542 1465 2709 1509 totum
2747 1472 2879 1525 pene
2908 1460 3202 1524 pervadunt
3230 1463 3439 1514 orbem.

1876 1544 2005 1612 Quae
2033 1560 2156 1600 cum
2190 1547 2466 1602 didicisset
2498 1548 2791 1617 imperator
2819 1548 3117 1615 Constans,
3150 1560 3308 1621 atque
3339 1552 3441 1605 im-

1876 1643 2107 1707 peratori
2138 1638 2454 1695 Constantio
2492 1640 2818 1707 iudicasset,
2858 1651 3009 1710 rogat
3048 1651 3106 1696 ut
3149 1641 3344 1696 Paulus
3385 1652 3440 1696 et

1874 1733 2200 1787 Athanasius
2241 1732 2355 1787 suis
2400 1734 2610 1788 throuis
2640 1735 3012 1789 restituantur.
3041 1734 3174 1789 Tum
3211 1735 3300 1788 illo
3330 1745 3438 1789 ter-

1875 1824 2185 1895 giversante
2226 1833 2389 1893 atque
2440 1841 2619 1880 moras
2659 1826 2944 1890 trahente,
3000 1826 3307 1881 durioribus
3348 1827 3436 1881 ille

1875 1933 2006 1973 nsus
2057 1917 2276 1981 litteris,
2331 1917 2587 1983 minatur,
2636 1917 2738 1971 nisi
2780 1919 2952 1981 cedat,
2993 1917 3074 1972 vel
3115 1917 3337 1972 invitum
3379 1932 3439 1972 se

1878 2009 2177 2077 cogendum
2212 2007 2323 2061 fore
2356 2007 2421 2061 ad
2454 2019 2744 2076 utrumque
2790 2008 3041 2062 Ecclesia:
3071 2024 3180 2063 sua:
3212 2008 3437 2061 redden-

179 2092 589 2166 αὐστηροτέροις
623 2092 793 2159 αὖθις
821 2098 1027 2158 ἐκεῖνος
1074 2098 1273 2167 ἐχρῆτο
1301 2102 1412 2162 τοῖς
1452 2100 1760 2171 γράμμασι,

1868 2098 2013 2152 dum.
2069 2097 2417 2153 Constantius
2460 2114 2587 2168 ergo
2636 2114 2741 2153 non
2784 2099 2920 2152 ultra
2952 2114 3064 2153 rem
3101 2099 3305 2152 distulit
3334 2114 3435 2153 nec

179 2185 251 2237 ui
277 2185 367 2249 ὡς,
400 2188 450 2239 εἰ
490 2187 580 2257 μὴ
614 2186 769 2240 ἑκὼν
824 2186 1037 2252 εἴξειεν,
1093 2188 1229 2241 ἀλλὰ
1257 2189 1350 2242 καὶ
1380 2190 1603 2255 ἄκοντος
1635 2191 1766 2261 γοῦν

180 2278 310 2339 αὐτὸς
355 2279 591 2347 ἠπείλει
638 2280 911 2351 ἑκάτερον
948 2279 1236 2332 ἀποδοῦναι
1276 2283 1341 2351 τῇ
1398 2283 1519 2334 κατ’
1571 2283 1768 2347 αὐτοὺς

188 2367 476 2439 Ἐκκλησία.
515 2370 922 2433 Κωνστάντιος
939 2370 1113 2423 τοίνυν
1137 2370 1197 2422 οὑ
1228 2371 1363 2443 πρὸς
1394 2371 1657 2437 ἀναϐολὰς
1686 2373 1767 2426 ἔτι

180 2464 251 2514 ni
280 2464 489 2533 χρόνον,
517 2464 695 2525 ἀλλὰ,
728 2465 833 2534 τὴν
864 2464 957 2517 τοῦ
1004 2463 1233 2531 ἀδελφοῦ
1277 2464 1523 2519 ἔνστασιν
1551 2466 1764 2519 ὑποδει-

180 2553 356 2617 λιάσας,
380 2557 628 2619 οἰκείοις
671 2556 841 2618 εὐθὺς
875 2556 1218 2626 μετεκαλεῖτο
1254 2556 1571 2627 γράμμασιν
1613 2556 1766 2611 Ἀθα·

180 2645 349 2700 vitam.
379 2647 491 2701 Τοῦ
520 2648 589 2700 δὲ
610 2648 881 2710 ὑπόπτως
908 2646 1120 2717 ἔχοντος
1147 2646 1282 2718 πρὸς
1308 2646 1405 2719 τὴν
1429 2648 1638 2718 κλῆσινσ
1671 2648 1763 2701 οὑ-

178 2736 219 2789 δὲ
242 2736 337 2809 γὰρ
378 2738 627 2810 θαρρεῖν
684 2737 854 2790 αὑτὸν
894 2739 979 2791 εἴα
1008 2737 1076 2791 τὰ
1104 2738 1458 2809 προλαϐόνταο
1495 2738 1765 2810 δευτέροις

176 2829 310 2882 alti»:
332 2830 555 2893 ἐκεῖνος
587 2829 1219 2901 ὑπέρχεταιγράμμασι,
1252 2829 1382 2882 πολὺ
1411 2828 1472 2881 τὸ
1511 2827 1767 2901 θεραπευ-

175 2922 299 2975 τικὸν
344 2925 437 2977 καὶ
468 2926 656 2995 ἠπιον
694 2923 937 2993 ἔχουσιν.
985 2923 1071 2985 Ὠς
1111 2922 1168 2975 δὲ
1222 2923 1352 2993 μηδὲ
1406 2922 1542 2993 πρὸς
1591 2921 1765 2978 ταῦτα

176 3014 384 3086 καθαρὸς
416 3012 493 3087 ἦν
532 3014 808 3083 ὑποψίας,
830 3014 950 3067 οὐδὲ
978 3012 1148 3077 οὕτως
1171 3015 1203 3085 ἡ
1228 3013 1322 3066 τοῦ
1356 3014 1547 3084 ἀνδρὸς
1571 3032 1765 3085 παρου-

179 3106 251 3159 σία
294 3107 365 3177 τῷ
404 3106 808 3175 Κωνσταντίῳ
843 3104 1228 3177 παρημελεῖτο·
1283 3104 1420 3158 ἀλλὰ
1450 3105 1544 3158 καὶ
1600 3104 1764 3158 πάλιν

176 3197 295 3266 αὑτῷ
334 3197 691 3259 ἐπιστέλλει,
726 3194 989 3267 προσθεὶς
1015 3196 1071 3250 ἐν
1093 3198 1205 3259 τοῖς
1240 3196 1562 3267 γράμμασιν
1583 3196 1662 3249 ἔτι
1702 3197 1764 3250 τδ

174 3289 431 3359 ὑρειμένον
461 3290 563 3342 καὶ
600 3288 898 3361 προσηνές
929 3287 1059 3340 ἀλλὰ
1086 3288 1177 3340 καὶ
1204 3306 1268 3340 πε
1279 3288 1332 3360 pi
1357 3288 1463 3340 τῶν
1482 3288 1761 3361 προτέρων

172 3380 470 3448 ἀπολογίαν,
506 3381 591 3443 ὼς
627 3381 742 3451 ἄρα
782 3378 1022 3448 βούλοιτο
1056 3379 1152 3449 μέν
1181 3396 1311 3449 φησι
1334 3379 1631 3448 τηνικαῦτα
1667 3381 1761 3435 καὶ

1866 2190 2381 2260 comperendinavit.
2430 2191 2535 2247 Sed
2581 2192 2760 2247 fratris
2786 2193 3178 2247 contentionem
3209 2192 3431 2253 veritus,

1866 2284 1979 2339 suis
2016 2283 2197 2338 statim
2244 2283 2438 2337 litteris
2479 2283 2676 2338 accivit
2716 2284 3093 2339 Athanasium.
3132 2282 3224 2336 Illo
3251 2295 3427 2336 autem

1865 2374 1932 2429 dc
1961 2374 2262 2445 hujusmodi
2308 2374 2483 2429 accitu
2526 2375 2665 2429 male
2689 2376 2995 2444 suspicante
3022 2414 3037 2438 ,
3073 2388 3245 2444 neque
3288 2373 3427 2427 enim

1865 2483 1988 2523 eum
2016 2483 2134 2537 qua:
2164 2467 2313 2537 prius
2338 2478 2486 2537 gesta
2522 2467 2735 2523 fuerant
2767 2468 2995 2521 ﬁdenter
3024 2482 3183 2535 agere
3213 2465 3430 2535 permit-

1867 2558 2090 2623 tebant,
2152 2559 2403 2614 secundis
2449 2559 2744 2631 imperator
2784 2558 2980 2614 litteris
3036 2557 3282 2612 invitavit
3322 2554 3430 2611 olli-

1865 2651 2065 2706 ciosins
2110 2665 2173 2706 ac
2215 2650 2400 2706 mitius
2437 2651 2779 2720 conscriptis.
2811 2650 2942 2706 Cum
2974 2658 3151 2704 autem
3190 2663 3287 2703 nec
3326 2647 3429 2703 illa:

1864 2740 2223 2809 suspicionem
2271 2740 2507 2795 levarent
2539 2781 2555 2806 ,
2611 2754 2679 2795 ne
2713 2750 2821 2793 tum
2862 2741 3073 2809 quidem
3106 2738 3218 2807 ejus
3258 2738 3431 2806 profe-

1863 2845 2006 2887 ctum
2034 2833 2426 2901 adventumque
2454 2832 2685 2903 neglexit
2707 2831 3080 2899 Constantius;
3106 2831 3196 2886 sed
3218 2846 3426 2884 rursunt

1864 2924 1981 2978 viro
2012 2923 2230 2988 scribit,
2263 2922 2571 2991 litterisque
2606 2926 2780 2978 denuo
2807 2939 3051 2993 magnam
3079 2924 3295 2977 exhibet
3329 2922 3431 2977 cle-

1864 3016 2118 3068 mentiam
2157 3023 2213 3069 et
2254 3014 2667 3079 humanitatem,
2707 3014 2814 3068 imo
2854 3016 2919 3068 de
2966 3015 3114 3085 prius
3141 3015 3308 3083 gestis
3335 3030 3427 3067 ex-

1862 3107 2213 3170 cusationem,
2264 3121 2323 3161 se
2368 3107 2597 3160 voluisse
2632 3108 2781 3159 aiens
2818 3106 3158 3160 sacerdotum
3218 3105 3428 3174 aliquos

1864 3197 1916 3250 in
1964 3196 2082 3264 ejus
2124 3211 2410 3251 occursum
2457 3201 2672 3252 mittere
2705 3237 2720 3254 .
2764 3195 2856 3249 sed
2887 3194 3086 3249 nullum
3118 3196 3185 3249 ad
3219 3209 3278 3251 se
3308 3194 3426 3262 ejus

1862 3289 2133 3360 prolectus
2162 3289 2406 3344 nuntium
2444 3290 2676 3344 venisse.
2719 3288 2839 3345 Jatn
2881 3303 3009 3343 vero
3042 3303 3163 3344 cum
3198 3286 3423 3358 epistola

1862 3397 1920 3433 se
1966 3381 2179 3435 mittere
2218 3380 2500 3435 diaconum
2536 3378 2749 3442 Aletan,
2784 3379 2875 3449 qui
2903 3378 2951 3433 ei
2991 3392 3146 3432 suum
3174 3376 3420 3431 allectum

172 3472 257 3524 τῶν
288 3474 485 3545 ἱερέων
516 3472 651 3526 τινὰ
681 3472 821 3541 πρὸς
856 3472 1157 3541 ὑπάντησιν
1178 3470 1271 3524 τοῦ
1300 3472 1489 3544 ἀνδρὸς
1514 3474 1757 3527 ἀποστεῖ-

1865 3471 2213 3543 patefaceret.
2255 3481 2310 3527 et
2358 3471 2425 3527 de
2465 3481 2662 3527 caetero
2702 3471 2951 3526 ﬁduciam
2992 3469 3192 3525 habere
3232 3466 3423 3538 praci-

170 3562 261 3617 ὶαιο
289 3568 399 3620 ἀλλ’
431 3564 629 3629 οὐδεὶς
654 3564 807 3634 αὑτῷ
837 3564 1077 3635 μηνυτὴς
1096 3565 1308 3632 ἐγένετο
1327 3564 1428 3634 τῆς
1444 3564 1596 3629 ὲπιδη
1607 3564 1752 3635 μίας.

1862 3574 2030 3634 peret.

172 3659 266 3715 Νῦν
288 3664 341 3716 δέ
371 3680 521 3734 φησι
554 3663 657 3715 καὶ
711 3661 805 3712 τὸν
858 3659 1101 3712 διάκονον
1132 3658 1267 3729 μετὰ
1298 3662 1395 3731 τῆς
1423 3660 1710 3730 ἐπιπολῆς
1762 3658 2042 3730 ἐκπέμψαι
2099 3658 2347 3731 ’Λλήταν,
2377 3658 2525 3723 ὅστις
2552 3675 2632 3713 σοι
2668 3656 2761 3711 καὶ
2813 3656 2911 3729 τὴν
2944 3653 3215 3728 ἡμετέραν
3235 3653 3423 3709 ὁποίαν

170 3752 383 3809 δαίθεσιν
410 3755 681 3823 γνωριεῖ,
739 3753 835 3804 καὶ
863 3751 990 3823 περί
1022 3750 1131 3805 τῶν
1162 3751 1362 3805 λοιπῶν
1404 3751 1626 3823 θαρρεῖν
1668 3753 2010 3823 ἐγγυήσεται.

232 3845 306 3899 18.
334 3848 572 3910 Ταύτας
615 3841 941 3905 Ἀθανάσιος
976 3842 1265 3913 δεξάμενος
1314 3842 1411 3906 τὰς
1449 3842 1756 3907 ἐπιστολὰς,

173 3936 399 3992 ἐκϐάλλει
433 3938 545 4008 μὲν
576 3935 683 4004 τῆς
707 3934 910 4004 ψυχῆς,
942 3935 993 3986 εἰ
1017 3952 1068 3987 τι
1106 3934 1349 4004 περιδεὲς
1386 3929 1452 4005 ἦν
1497 3936 1591 3988 καὶ
1622 3935 1757 4006 πρὸς

173 4028 426 4099 τὺμέλλον
484 4028 688 4083 ἐλπίδα
740 4026 983 4097 πονηρὰν
1017 4026 1164 4097 αὑτῷ
1188 4029 1425 4079 ὲπισεῖον
1454 4026 1551 4097 (a).
1599 4028 1761 4080 ’Υποο

172 4118 325 4185 δείξας
350 4123 410 4176 δὲ
454 4122 561 4174 καὶ
590 4117 745 4189 αὑτῷ
803 4119 1116 4171 Κώνσταντι
1152 4118 1244 4171 καὶ
1290 4118 1511 4188 Ἰουλίῳ,
1559 4119 1759 4189 πολλῆς

175 4213 348 4277 αὑτούς
375 4232 442 4267 τε
473 4214 579 4266 καὶ
608 4212 711 4282 τὴν
734 4210 840 4263 ὑπὸ
875 4211 1161 4281 Ῥωμαίοις
1191 4212 1368 4263 πᾶσαν
1401 4210 1595 4280 ἡδονῆς
1625 4209 1761 4280 πλη-

177 4306 247 4372 ροῖ
274 4307 365 4358 καὶ
395 4304 795 4376 φαιδρότητοςο
820 4303 915 4354 καὶ
944 4302 1076 4355 ἰδίαν
1096 4303 1322 4365 ἕκαστος
1343 4301 1532 4372 ἑορτὴν
1560 4303 1762 4354 ἐποιεῖ-

174 4413 225 4450 το
243 4400 334 4468 τὴν
366 4397 708 4453 Ἀθανασίου
745 4396 882 4467 πρὸς
910 4394 1000 4447 τὸν
1026 4394 1212 4465 θρόνον
1240 4394 1329 4446 τὸν
1363 4391 1557 4446 ἑαυτοῦ
1593 4394 1759 4447 ἐπάν-

174 4490 290 4546 οδον.
318 4491 597 4553 Βασιλεὺς
629 4488 818 4559 μέντοι
868 4487 1205 4557 παραχρῆμα
1233 4484 1511 4547 Κώνστας.
1536 4485 1628 4538 καὶ
1661 4485 1757 4538 αὑ-

1934 3844 2022 3897 18.
2060 3842 2407 3909 Athanasius,
2444 3842 2525 3897 bis
2564 3841 2796 3911 acceptis
2820 3839 3036 3905 litteris,
3066 3837 3322 3910 quidquid
3354 3838 3423 3891 ti-

1865 3934 2029 3987 moris
2065 3942 2345 4003 snpererat
2365 3934 2543 3987 animo
2564 3933 2728 4001 ejicit,
2757 3947 2854 3987 nec
2873 3944 2977 3986 non
2997 3929 3252 4000 quidquid
3271 3929 3424 3984 malta

1863 4026 1976 4095 spei
2025 4026 2076 4079 in
2123 4026 2359 4081 futurum
2400 4034 2561 4082 esset.
2590 4024 2724 4080 Cum
2755 4039 2849 4079 eas
2883 4022 3162 4079 Constanti
3191 4037 3254 4077 ac
3282 4020 3425 4077 Julio

1862 4119 2207 4183 ostendisset,
2248 4119 2447 4188 ingenti
2482 4133 2597 4182 eos,
2639 4128 2691 4172 et
2727 4116 2984 4187 quidquid
3016 4115 3268 4169 Romanis
3292 4114 3421 4169 sub-

1860 4219 1997 4276 erat,
2040 4209 2222 4266 laetitia
2266 4210 2450 4279 implet
2502 4220 2556 4265 et
2582 4209 2811 4280 gandio.’
2831 4208 2967 4263 Tum
2993 4206 3187 4279 singuli
3222 4207 3420 4261 festum

1860 4301 2205 4356 celebrabant
2245 4302 2314 4357 ob
2333 4302 2611 4357 Athanasii
2633 4304 2860 4357 reditum
2890 4300 2953 4355 ad
2974 4300 3223 4355 thronum
3242 4312 3417 4352 suum.

1860 4391 1995 4444 Tum
2032 4392 2322 4462 imperator
2350 4393 2637 4458 Constans,
2684 4402 2739 4447 et
2770 4390 2941 4446 Julius
2970 4405 3127 4461 papa,
3157 4389 3246 4443 ille
3283 4386 3424 4441 mili.

1864 4483 2005 4539 tibus
2060 4495 2115 4539 et
2168 4484 2522 4547 satellitibus,
2563 4484 2652 4538 hic
2691 4484 2901 4539 clericis
2939 4482 3196 4550 laicisque
3238 4479 3328 4549 qui
3367 4481 3419 4533 in

173 4582 252 4645 τὸς
287 4583 343 4636 δὲ
377 4582 633 4646 Ἰούλιος,
657 4581 685 4631 ὁ
706 4579 805 4650 μὲν
839 4577 1129 4647 βασιλικοῖς
1151 4578 1515 4639 ὑπασπισταῖς
1552 4578 1646 4630 καὶ
1675 4576 1760 4629 δο-

1865 4572 2097 4643 Ᾱζεγριο
2124 4584 2178 4629 et
2206 4575 2544 4629 Alexandria:
2569 4584 2723 4627 erant
2750 4588 2887 4643 pene
2913 4573 3181 4649 omnibus,
3211 4569 3423 4639 iussere

178 4674 441 4746 ρυφὸροις.
475 4676 505 4727 ὁ
560 4673 619 4726 δὲ
660 4674 776 4733 τοῖς
827 4672 886 4722 ὲν
940 4669 1197 4739 Αἰγύπτῳ
1245 4670 1339 4721 καὶ
1384 4666 1753 4738 Ἀλεξανδρείᾳ

176 4766 292 4817 πᾶσι
317 4766 510 4835 σχεδὸν
539 4763 830 4833 κληρικοῖς
870 4777 928 4813 τε
958 4760 1053 4812 καὶ
1093 4759 1299 4823 λαϊκοῖς
1343 4758 1640 4827 Ἀθανασίῳ
1680 4758 1750 4831 (1))

177 4853 257 4925 την
289 4856 633 4928 προπομπὴν
656 4850 1081 4922 ἐφιλοτιμοῦντο.
1125 4850 1371 4903 Ἐλθὸντα
1395 4850 1471 4908 δὲ,
1507 4850 1753 4921 ἀσμένως

176 4946 297 5014 ἄγαν
326 4950 495 5001 αὑτὸν
521 4944 910 5006 Κωνστάντιος
949 4942 1291 5013 ὑποδέχεται,
1354 4942 1443 4995 καὶ
1466 4942 1659 5011 ἣδιστα
1684 4944 1751 5014 τῇ

187 5037 577 5111 Ἀλεξανδρέων
611 5034 961 5105 ἀποκαθιστᾷ
990 5036 1165 5096 πόλει,
1201 5036 1295 5088 καὶ
1327 5033 1405 5104 τῷ
1438 5033 1621 5105 κλήρῳ
1659 5035 1753 5088 καὶ

174 5130 243 5201 τῷ
266 5132 401 5203 λαῷ·
436 5128 689 5194 ὀνειδίζει
732 5128 828 5180 καὶ
854 5128 1063 5198 πράως,
1091 5128 1185 5180 καὶ
1222 5127 1312 5180 τὸν
1349 5127 1588 5199 δρασμὸν
1608 5132 1752 5182 ἐκεῖ·

179 5238 257 5275 νον
273 5224 464 5293 φιλίως
490 5222 642 5293 αὑτῷ
666 5220 914 5289 ἐγκαλεῖ,
949 5219 1042 5272 καὶ
1072 5218 1167 5289 τὴν
1186 5219 1249 5271 ὲκ
1281 5218 1374 5271 τοῦ
1404 5219 1750 5291 δικαστηρίου

176 5309 431 5384 λαθραίαν
480 5314 576 5366 καὶ
638 5310 840 5380 ἄδηλον
898 5307 1264 5379 ὑποχώρησιν.
1318 5309 1506 5379 Ὅμως
1546 5312 1751 5364 τούτων

182 5402 424 5457 ἁπάντων
458 5404 608 5474 μίαν,
657 5400 971 5462 Ἀθανάσιε,
1004 5399 1159 5469 χάριν
1196 5398 1350 5461 αἰτῶ,
1388 5398 1513 5471 ἔφη,
1548 5401 1610 5453 τὸ
1657 5402 1752 5455 καὶ

184 5493 303 5559 μιᾶς
331 5494 437 5546 τῶν
480 5491 793 5564 ἐκκλησιῶν
827 5494 939 5553 τοῖς
980 5492 1035 5543 ὲν
1081 5490 1452 5561 Ἀλεξανδρείᾳ
1478 5497 1751 5563 φοιτηταῖς

192 5581 396 5652 Ἀρείου
419 5583 842 5657 παραχωρῆσαι.
879 5582 936 5633 Ὀ
960 5581 1017 5633 δὲ
1045 5582 1139 5635 καί⁵
1165 5580 1457 5651 προθύμως
1475 5582 1751 5656 ἐκπληρῶ-

180 5686 266 5725 σαι
291 5674 355 5726 τὸ
396 5676 614 5747 αἰτηθὲν
664 5672 1052 5745 ἐπηγγείλατο,
1111 5674 1267 5746 εἴπερ
1296 5673 1486 5745 ἑτέραν
1514 5679 1571 5729 ὲν
1598 5678 1750 5731 Κων-

182 5771 610 5823 σταντινουπόλει
642 5770 742 5822 καὶ
795 5767 956 5829 αὑτὸς
1000 5768 1270 5841 ἁπονείμῃ
1310 5768 1423 5832 τοῖς
1451 5769 1747 5842 ὀρθοδόξοις

184 5854 261 5919 εἰς
306 5856 549 5930 βραχεῖάν
582 5876 709 5913 τινα
747 5857 925 5928 ζύμην
945 5858 1071 5929 ὅλης
1101 5859 1198 5931 τῆς
1232 5859 1463 5931 ἀληθοῦς
1493 5862 1743 5928 πίστεως.

258 6032 331 6103 (αὶ
355 6037 424 6096 lla
455 6056 588 6097 mss.
630 6037 778 6093 Editi
813 6053 955 6097 vero.
996 6042 1355 6095 ὲπισειόντων.

1859 4673 1918 4716 ut
1952 4664 2132 4719 debito
2166 4679 2285 4719 cum
2320 4665 2524 4719 honore
2552 4674 2607 4718 et
2635 4673 2893 4733 apparatu
2932 4664 3282 4733 reciperetur.
3316 4660 3421 4715 Ve-

1861 4755 2091 4808 nientem
2121 4770 2281 4825 porro
2307 4754 2515 4824 placide
2543 4754 2828 4810 admodum
2862 4755 3054 4822 recipit
3093 4753 3242 4808 illum
3282 4752 3423 4808 Cun-

1858 4851 2112 4911 stantius,
2148 4864 2213 4903 ac
2256 4848 2613 4904 libentissime
2659 4846 3144 4903 Alexandrinorum
3191 4846 3425 4901 restituit

1860 4943 2003 5008 urbi,
2041 4940 2209 5005 clero,
2234 4939 2430 5011 populo
2459 4960 2472 4995 :
2512 4948 2787 4994 mansuete
2820 4947 2997 4991 tamen
3030 4938 3341 5007 exprobrat,
3373 4948 3427 4991 et

1860 5035 2034 5089 amice
2062 5037 2241 5105 arguit
2275 5034 2474 5103 fugam,
2507 5032 3011 5101 clandestinumque
3055 5047 3122 5086 ex
3171 5030 3424 5086 tribunali

1860 5142 2158 5183 Secessum.
2198 5128 2478 5191 Attamen,
2515 5126 2610 5191 ait,
2647 5126 2787 5180 hanc
2817 5141 2846 5179 a
2882 5134 2950 5192 te,
2981 5124 3263 5189 Athanasi,
3300 5139 3429 5193 gra-

1860 5222 1986 5275 tiam
2012 5220 2249 5289 postulo,
2278 5227 2335 5272 ut
2358 5234 2517 5272 unam
2540 5217 2725 5273 saltem
2755 5232 2821 5272 ex
2848 5215 3228 5271 Alexandrinis
3252 5213 3429 5268 eccle-

1857 5312 1952 5365 siis
1996 5311 2111 5364 Arii
2154 5309 2476 5379 sequacibus
2512 5309 2797 5364 concedas.
2825 5307 2917 5363 llle
2951 5322 3010 5361 se
3040 5306 3270 5361 libenter
3295 5318 3427 5356 con-

1857 5418 2139 5457 cessurum
2172 5402 2493 5472 postulatam
2518 5416 2630 5455 rem
2662 5399 2949 5469 promittit,
2987 5397 3114 5451 dum
3148 5395 3235 5448 ille
3262 5408 3423 5446 unam

1856 5496 1983 5550 item
2027 5495 2312 5550 ecclesiam
2355 5489 2817 5559 Constantinopoli
2873 5487 3190 5543 orthodoxis
3229 5500 3423 5541 conce-

1856 5592 2043 5650 deret,
2095 5587 2148 5641 in
2200 5587 2465 5640 modicum
2512 5584 2835 5637 fermentum
2887 5578 3049 5634 totius
3095 5592 3235 5631 vera:
3276 5578 3417 5631 lidei.

1855 5677 1988 5729 Cum
2025 5675 2319 5745 imperator
2347 5674 2591 5744 petitioni
2628 5672 2783 5725 facile
2820 5677 3103 5733 annueret,
3142 5667 3292 5721 dolor
3323 5667 3425 5721 ad-

1854 5769 2124 5825 versarios
2159 5768 2526 5823 intolerandus
2572 5765 2789 5829 invasit,
2823 5765 2965 5832 quod
3005 5778 3260 5818 accessus
3296 5762 3422 5831 qui-

1855 5863 1979 5917 dam
2008 5861 2145 5917 foret
2187 5859 2482 5915 Athanasio
2528 5866 2581 5912 et
2621 5857 2686 5911 iis
2722 5856 2813 5925 qui
2852 5871 2975 5910 cum
3010 5870 3075 5912 eo
3116 5853 3423 5911 communi-

1926 6042 1999 6113 (ὁ)
2035 6040 2111 6096 lta
2142 6057 2271 6098 mss.
2299 6034 2439 6095 Editi
2473 6050 2617 6101 vero,
2648 6032 2985 6089 Ἀθανασίου.
