3990 6566
512 542 620 598 ceti

1889 530 2429 606 PROLEGOMENA,

510 663 697 711 carent
730 649 1218 726 Constantinopoli.
1259 651 1577 710 Constantio
1633 659 1810 705 autem
1836 659 1946 704 tum
1980 649 2081 702 mi-

2194 648 2290 702 Τοῦ
2320 649 2376 702 δὲ
2412 649 2540 720 ῥᾷον
2573 647 2959 710 ἐπινεύσαντος
2985 647 3052 717 τῇ
3085 643 3318 716 αίτὴσει,
3353 640 3496 714 λύπη
3528 642 3758 715 κατέσχε

516 745 768 802 rabiliore
798 744 1078 814 prudentia
1108 744 1436 800 Athanasius
1466 757 1586 797 esse
1612 741 1917 796 videbatur.
1946 739 2075 795 Fer-

513 848 712 907 turque
749 836 954 890 dixisse
1001 835 1382 906 imperatorem
1427 843 1644 902 stupore
1689 833 1902 903 plenum
1933 833 2075 887 haud

514 931 714 982 frustra
760 927 850 996 qui
895 926 1110 981 Arianae
1155 935 1282 980 sunt
1325 924 1580 991 hazresis,
1612 926 1872 979 adversus
1901 921 2077 976 virum

515 1018 820 1088 huiusmodi
854 1032 1042 1071 omnes
1071 1031 1288 1071 movere
1319 1015 1619 1069 machinas.
1658 1011 1751 1068 Sic
1776 1012 1919 1067 illius
1951 1028 2079 1082 pru-

514 1109 753 1164 dentiain
805 1110 1124 1175 admiratus,
1181 1108 1550 1162 reductionem
1597 1105 1669 1160 illi
1717 1106 2078 1177 gratissimam

513 1200 764 1264 adornat,
817 1199 1112 1268 scribitque
1145 1196 1513 1254 Alexandrino
1537 1196 1755 1267 pupulo,
1787 1206 1946 1265 atque
1973 1197 2082 1263 epi-

513 1289 692 1360 scopis
726 1299 780 1342 et
810 1289 1215 1359 magistratibus
1239 1298 1335 1358 per
1366 1287 1676 1358 Egyptum.
1715 1287 1951 1357 Itemque
1980 1286 2084 1341 Ne—

515 1380 688 1436 storio
719 1379 1060 1448 Augustalio,
1095 1394 1158 1435 ac
1189 1377 1482 1434 Thebaidis
1513 1387 1567 1432 et
1587 1377 1770 1450 Libyze
1794 1377 2080 1449 praefectis,

523 1481 583 1528 ut
606 1488 728 1527 eum
759 1487 954 1542 magno
985 1472 1190 1526 honore
1223 1479 1278 1526 et
1302 1470 1602 1526 reverentia
1635 1471 1946 1540 exciperent
1977 1489 1990 1525 :
2019 1485 2083 1524 ac

513 1581 618 1621 non
677 1565 848 1620 solum
901 1565 1002 1635 ipsi
1047 1564 1308 1628 thronus,
1353 1564 1445 1618 sed
1493 1564 1654 1617 etiam
1692 1563 1940 1617 omnibus
1988 1561 2082 1630 qui

513 1675 638 1714 cum
696 1673 761 1712 eo
818 1647 1279 1713 communicarent
1319 1655 1566 1726 proprius
1599 1656 1794 1725 gradus
1839 1662 1894 1708 et
1926 1655 2086 1708 mini-

512 1749 738 1810 sterium
771 1747 1164 1802 restitueretur.
1201 1745 1295 1801 llis
1339 1745 1425 1800 ille
1457 1747 1693 1799 munitus
1729 1743 1989 1813 epistolis,
2031 1753 2086 1796 et

515 1833 669 1902 quasi
715 1843 987 1901 resumpta
1034 1833 1245 1894 ﬁducia.
1277 1848 1372 1902 per
1410 1831 1623 1903 Syriam
1653 1840 1707 1886 et
1747 1833 2086 1889 Palaestinam

518 1928 627 1978 iter
652 1924 857 1978 habens
878 1923 1268 1994 Jerosolymam
1302 1922 1565 1989 pervenit,
1599 1931 1760 1991 atque
1795 1921 2084 1976 Maximum

2181 741 2309 804 τοὺς
2339 740 2612 804 ἐναντίους
2643 739 2704 792 ού
2751 737 2985 812 φορητὴ,
3017 739 3100 790 ὅτι
3134 736 3230 790 καὶ
3260 733 3467 806 βάσιμα
3513 735 3651 798 ὅλως
3693 735 3759 788 τὰ

2178 830 2818 886 Κωνσταντινουπολιτῶν
2845 829 3144 900 Ἀθανασίῳ
3179 827 3273 882 καὶ
3313 829 3425 890 τοῖς
3453 825 3617 880 αὐτοῦ
3651 842 3764 879 κοι-

2179 928 2386 987 νωνοῖς.
2412 923 2776 992 Κωνσταντίῳ
2797 923 2853 976 δέ
2877 922 2971 975 καὶ
2999 921 3076 974 ἔτι
3106 918 3417 990 θαυμαστὸς
3451 918 3649 990 μᾶλλον
3665 918 3762 988 τὴν

2181 1015 2396 1069 σύνεσιν
2442 1014 2777 1078 Ἀθανάσιος.
2831 1014 2944 1066 Καὶ
2971 1011 3190 1080 λέγεται
3254 1028 3382 1065 ποτε
3410 1009 3764 1080 θαυμάσαντα

2181 1107 2345 1175 φάναι
2372 1107 2464 1159 τὸν
2494 1106 2719 1176 βασιλέα
2752 1107 2867 1176 μετ’
2895 1103 3232 1175 ἐκπλήξεως
3263 1103 3337 1156 Οὐ
3376 1101 3552 1172 μάτην
3574 1102 3622 1153 οἱ
3665 1101 3766 1169 τῆς

2192 1197 2400 1270 Ἀρείου
2440 1197 2703 1269 αίρέσεως
2730 1197 2945 1259 ἁπάσας
2971 1197 3290 1268 κεκινήκασι
3320 1193 3568 1265 μηχανὰς
3629 1193 3766 1264 πρὸς

2181 1289 2348 1361 ἀνδρα
2375 1289 2613 1343 τοιοῦτον
2661 1290 2895 1360 ἔχοντες.
2929 1288 3117 1351 Οὕτως
3145 1283 3237 1341 οὖν
3289 1286 3449 1339 αὑτὸν
3489 1286 3767 1356 ἀγάμενος

2181 1380 2273 1435 τοῦ
2318 1383 2685 1454 φρονήματος,
2719 1383 3054 1452 προπομπήν
3083 1397 3142 1432 τε
3190 1378 3340 1450 αὑτῷ
3395 1379 3765 1450 χαριεστάτην

2183 1476 2434 1536 ποιεῖται,
2463 1473 2660 1544 γράφει
2679 1490 2736 1525 τε
2757 1472 2833 1543 τῷ
2863 1473 2925 1544 δή
2936 1490 3020 1543 μῳ
3065 1470 3493 1543 Ἀλεξανδρείας,
3534 1469 3631 1524 καὶ
3655 1473 3769 1532 τοῖς

2183 1571 2301 1622 κατ’
2325 1566 2595 1637 Αἴγυπτον
2632 1569 2952 1632 ἐπισκόποις
2972 1567 3067 1621 καὶ
3099 1567 3346 1638 ἄρχουσι·
3385 1565 3522 1636 πρὸς
3559 1564 3616 1617 δὲ
3674 1564 3770 1617 καὶ

2184 1658 2464 1730 Νεστορίῳ
2486 1654 2890 1729 Αὐγουσταλίῳ,
2928 1659 3022 1712 καὶ
3053 1660 3167 1720 τοῖς
3205 1655 3348 1710 κατά
3378 1655 3622 1727 Θηϐαΐδα
3676 1655 3771 1708 καὶ

2186 1750 2390 1820 Λιϐύην
2420 1750 2670 1821 ἡγεμόσι,
2711 1749 2846 1820 μετά
2877 1750 3137 1816 πλείστης
3162 1748 3322 1801 αὑτὸν
3346 1747 3447 1816 τῆς
3475 1745 3772 1817 θεραπείας

2187 1840 2281 1892 καὶ
2347 1839 2447 1910 τῆς
2506 1839 2687 1903 αἰδοῦς
2745 1838 3118 1903 ὑποδέξασθαι·
3189 1837 3283 1890 καὶ
3330 1836 3424 1890 τοῦ
3471 1836 3547 1907 μὴ
3613 1835 3772 1904 μόνον

2188 1929 2335 1999 αὖτῷ
2377 1931 2469 1982 τὸν
2499 1932 2696 1983 οἰκεῖον
2757 1930 2963 2002 θρόνον,
3002 1929 3135 1982 ἀλλά
3159 1930 3252 1982 καὶ
3285 1929 3419 1980 πᾶσι
3457 1928 3571 1989 τοῖς
3623 1924 3773 1995 αύτῷ

514 2018 826 2086 episcopum
909 2025 963 2070 et
1020 2015 1384 2072 confessorem
1443 2015 1724 2082 convenit,
1787 2016 2084 2085 didicitque

2194 2023 2602 2093 κεκοινωνηκόσι
2643 2023 2742 2093 τὴν
2796 2022 2928 2075 ἰδίαν
2970 2021 3183 2091 ἑκάστῳ
3209 2021 3380 2086 τάξιν,
3419 2021 3513 2073 καὶ
3532 2019 3774 2090 λειτουρ-

513 2115 718 2176 quanta
768 2119 822 2161 et
869 2107 984 2176 ipse
1032 2122 1127 2176 pro
1171 2105 1386 2161 Christo
1424 2121 1620 2176 passus
1657 2116 1821 2161 esset.
1853 2107 2084 2160 Enarrat

516 2200 644 2252 item
674 2196 916 2251 vicissim
949 2196 1278 2250 Athanasius
1308 2209 1426 2264 quae
1456 2206 1643 2249 contra
1676 2210 1735 2250 se
1774 2206 1928 2260 ante,
1965 2211 2083 2265 quae

516 2304 616 2358 pro
663 2303 722 2343 se
758 2303 928 2358 nuper
949 2299 1070 2341 acta
1102 2287 1430 2356 decretaque
1464 2294 1645 2340 essent
1670 2300 1791 2340 cum
1819 2301 1848 2339 a
1877 2287 2084 2357 synodo

515 2393 629 2434 tum
678 2381 746 2434 ab
787 2380 1136 2449 imperatore.
1167 2377 1376 2444 Quibus
1405 2377 1604 2432 auditis
1635 2376 1920 2441 Maximus,
1951 2377 2083 2434 nihil

515 2481 829 2540 cunctatus,
879 2475 1107 2526 accersit
1155 2485 1343 2524 omnes
1391 2467 1628 2525 Orientis
1674 2471 1984 2541 episc0pos,
2033 2485 2088 2527 et

516 2579 622 2618 una
655 2577 844 2619 omnes
885 2562 1182 2617 Athanasio
1212 2563 1646 2617 communionem
1682 2571 1737 2616 et
1770 2563 2084 2631 dignitatem

516 2654 888 2712 reddiderunt.

2187 2115 2310 2182 γίαν
2326 2115 2669 2185 ἀποδοθῆναι.
2701 2114 2935 2177 Ταύταις
2963 2115 3163 2176 ἐκεῖνος
3181 2114 3276 2182 ὀχυ
3287 2111 3479 2184 ρωθεὶς
3510 2114 3633 2173 ταῖς
3661 2111 3777 2163 ἐπι-

2189 2206 2421 2271 στολαῖς,
2457 2207 2551 2260 κα¹ι
2580 2206 2768 2277 ὥσπερ
2811 2207 3216 2277 ἀναθαρσήσας,
3261 2204 3350 2258 διά
3373 2221 3432 2256 τε
3455 2203 3660 2274 Συρίας
3682 2204 3774 2256 καὶ

2189 2296 2550 2366 Παλαιστίνης
2583 2295 2818 2366 ἔρχεται,
2851 2295 2947 2366 τὴν
2989 2287 3376 2366 Ἰεροσολύμων
3398 2310 3457 2346 τε
3489 2293 3774 2362 καταλαμ-

2187 2387 2359 2451 ϐάνει,
2390 2387 2483 2441 καὶ
2507 2387 2742 2456 Μαξίμῳ
2769 2385 2845 2456 τῷ
2878 2385 3157 2456 ἐπισκόπῳ
3179 2385 3274 2438 καὶ
3296 2384 3600 2456 ὁμολογητῇ
3638 2401 3772 2452 συγ-

2186 2477 2416 2546 γίνεται,
2450 2477 2634 2531 ἀκούει
2664 2495 2744 2540 τε,
2797 2478 2898 2531 ὅσα
2935 2478 3183 2540 κάκεῖνος
3216 2476 3469 2529 πεπόνθοι
3511 2475 3602 2528 διὰ
3630 2477 3772 2545 Χρι-

2187 2569 2334 2632 στοῦ,
2376 2571 2470 2622 καὶ
2504 2568 2769 2639 διηγεῖται
2817 2569 2980 2622 πάλιν
3015 2568 3194 2631 αὐτὸς,
3243 2567 3312 2620 τά
3342 2584 3403 2619 τε
3447 2567 3570 2619 κατ’
3605 2565 3778 2619 αὑτοῦ

2188 2662 2472 2733 πρότερον,
2510 2662 2578 2715 τά
2604 2678 2662 2714 τε
2696 2661 2837 2732 ὑπὲρ
2865 2659 3029 2713 αὐτοῦ
3058 2659 3152 2713 νῦν
3184 2658 3500 2729 πραχθέντα
3536 2660 3634 2712 καὶ
3661 2659 3774 2728 ψη-

518 2752 795 2826 φισθέντα,
831 2751 924 2806 καὶ
970 2751 1105 2822 αὖτῇ
1159 2749 1359 2820 συνόδῳ
1387 2744 1702 2822 κυρωθέντα
1749 2751 1840 2804 καὶ
1869 2749 2092 2819 βασιλεῖ.
2133 2749 2234 2810 Ὧν
2265 2758 2450 2829 ἐπειδὴ
2471 2757 2724 2810 ἀκούσειε
2759 2755 3025 2827 Μάξιμος,
3069 2756 3233 2826 μηδὲν
3255 2755 3451 2809 αὐτίκα
3486 2755 3768 2826 μελλήσας

519 2849 934 2921 μεταπέμπεται
964 2847 1170 2910 πάντας
1184 2849 1308 2910 τοὺς
1335 2847 1432 2917 τῆς
1459 2846 1723 2916 ἀνατολῆς
1749 2850 2098 2917 ἐπισκόπους,
2140 2852 2232 2906 καὶ
2252 2857 2402 2924 κοινῇ
2434 2855 2634 2917 πάντες
2675 2852 2974 2923 Ἀθανασίῳ
3001 2855 3099 2924 τήν
3126 2868 3184 2905 τε
3238 2849 3522 2905 κοινωνίαν
3550 2851 3647 2904 καὶ
3666 2851 3772 2921 τὴν

515 2939 673 3007 ἀξίαν
701 2939 990 2993 ἀπέδοσαν.

591 3052 675 3108 19.
719 3051 810 3106 lllo
836 3053 1017 3122 itaque
1043 3068 1163 3108 cum
1198 3053 1286 3108 tali
1328 3053 1534 3110 honore
1568 3055 2084 3129 ctcelebritatejam

517 3147 737 3200 tertium
786 3145 975 3201 urbem
1020 3161 1171 3200 suam
1224 3149 1590 3216 recuperanti,
1619 3157 1781 3218 atque
1816 3151 1883 3204 ab
1924 3152 2083 3205 innu-

2265 3060 2348 3116 19.
2371 3060 2556 3124 Οὕτως
2581 3055 2672 3114 οὖν
2689 3061 2749 3114 τὸ
2761 3060 2939 3131 τρίτον
2967 3057 3113 3129 αὐτῷ
3140 3058 3231 3112 καὶ
3255 3058 3391 3130 μετά
3418 3055 3678 3126 τοιαύτης
3698 3072 3786 3109 τι·

2195 3150 2300 3221 μῆς
2325 3167 2382 3202 τε
2407 3150 2500 3203 καὶ
2525 3148 2884 3219 πανηγύρεως
2909 3147 3005 3218 τὴν
3027 3146 3218 3200 ἐαυτοῦ
3257 3146 3412 3198 πόλιν
3442 3143 3786 3198 καταλαϐόν-

520 3240 686 3294 meris
716 3254 851 3310 pene
883 3239 987 3294 illis
1017 3239 1292 3294 laboribus
1331 3251 1384 3296 et
1426 3242 1825 3297 calamitatibus
1865 3244 2085 3313 paulum

2194 3261 2242 3294 τι
2277 3242 2371 3295 καὶ
2403 3241 2510 3295 τῶν
2545 3241 2754 3312 μυρίων
2787 3238 2974 3311 ὥσπερ
3009 3239 3229 3292 ἐκείνων
3255 3237 3520 3307 καμάτων
3552 3235 3647 3287 καὶ
3682 3235 3784 3288 πό·-

519 3333 831 3402 respiranti,
857 3332 1140 3387 videbatur
1171 3332 1435 3402 reliquum
1470 3335 1594 3388 vitae
1622 3349 1742 3388 cum
1781 3336 2085 3405 tranquilli-

519 3436 631 3479 tate
675 3433 730 3479 et
763 3424 944 3492 quiete
988 3425 1398 3494 transigeudum
1434 3425 1549 3481 fore
1591 3443 1605 3479 :
1649 3436 1703 3480 at
1741 3443 1928 3482 revera
1959 3439 2086 3482 tunc

520 3517 814 3571 maximum
843 3517 915 3570 illi
943 3519 1312 3572 calamitatum
1341 3534 1490 3574 mare
1517 3521 1929 3581 intumescebat.
1954 3524 2086 3578 Cum

520 3611 661 3664 enim
698 3609 966 3665 Constans
1011 3625 1182 3680 nuper
1212 3627 1240 3664 a
1273 3611 1578 3682 Magnentio
1607 3614 1836 3669 lactioso
1867 3631 2088 3685 oppres-

519 3716 610 3756 sus
644 3711 699 3756 et
726 3703 936 3756 occisus
966 3701 1176 3769 fuisset,
1229 3717 1390 3773 grave
1417 3713 1523 3757 tum
1557 3705 1626 3760 ab
1655 3705 1878 3762 Arianis
1909 3707 2090 3763 incen-

521 3796 750 3850 debatur
777 3795 999 3849 bellum.
1029 3794 1263 3849 Rursum
1300 3796 1592 3853 Athanasio
1629 3798 1854 3861 insidize,
1890 3802 1954 3853 ad
1985 3801 2088 3853 im-

521 3895 828 3955 peratorem
881 3884 1166 3940 calumniae
1217 3885 1552 3941 deferuntur.
1601 3887 1670 3941 Et
1706 3905 1956 3958 magnum
1994 3905 2088 3942 ve-

524 3987 722 4044 tusque
760 3975 832 4030 illi
877 3976 1076 4031 malum
1110 3979 1293 4032 aderat
1331 3979 1698 4036 Constantius.
1732 3979 1961 4036 Rursum
1993 3983 2086 4036 de-

521 4078 691 4129 creta,
726 4083 942 4122 rursum
984 4068 1162 4133 mium,
1196 4067 1356 4140 fugat,
1392 4069 1742 4138 formidines,
1774 4075 2088 4143 perquisitio

521 4175 617 4228 per
657 4167 828 4212 totum
873 4174 1023 4212 mare
1058 4175 1259 4231 perque
1293 4163 1597 4217 universam
1638 4172 1860 4220 terram.
1892 4165 2087 4219 lterum

521 4261 672 4307 sator
705 4251 792 4305 ille
822 4251 1151 4305 zizaniorum
1197 4253 1460 4322 Georgius
1505 4255 1879 4310 Alexandriam
1931 4273 2088 4312 occu-

523 4359 676 4411 pans,
730 4340 1072 4397 Palmstinam
1120 4344 1456 4414 dcprazdans,
1498 4346 1725 4400 tumultu
1778 4357 1944 4401 totum
1990 4349 2090 4401 imo

522 4436 673 4506 piens
706 4435 1004 4502 Orientem,
1041 4451 1216 4506 neque
1252 4438 1320 4492 ob
1355 4437 1618 4492 insaniam
1652 4439 2090 4509 impietatemqne

523 4528 859 4596 tolerandas,
892 4543 1104 4583 rursum
1143 4529 1395 4593 Aeacius,
1437 4529 1640 4584 malitia
1684 4530 2001 4598 prteclarus.
2036 4540 2091 4584 et

2191 3352 2297 3388 νων
2354 3333 2548 3405 μικρὸν
2591 3329 3042 3394 ἀναπεπνευκότι,
3078 3327 3156 3399 τῷ
3194 3329 3290 3398 μὲν
3317 3327 3496 3380 δοκεῖν
3531 3326 3786 3397 γαλήνης

2192 3425 2339 3496 αὐτῷ
2383 3425 2451 3478 τά
2492 3424 2618 3495 ἑξῆς
2659 3423 2751 3476 τοῦ
2791 3422 2903 3492 βίου
2936 3421 3030 3475 καὶ
3073 3420 3308 3482 ἀνέσεως
3367 3419 3588 3489 ἤρχετο·
3627 3417 3690 3469 τὸ
3722 3417 3786 3469 δὲ

2194 3518 2408 3589 ἀληθὲς,
2440 3519 2472 3588 ὴ
2519 3515 2746 3587 μεγίστη
2777 3514 2886 3567 τῶν
2919 3511 3215 3584 συμφορῶν
3244 3510 3393 3582 αὐτῷ
3421 3511 3543 3563 τότε
3579 3510 3790 3581 μᾶλλον

2193 3609 2525 3680 ἐπεκύμαινε
2548 3607 2804 3662 θάλασσα.
2834 3602 3148 3658 Κώνσταντι
3169 3605 3275 3674 γὰρ
3299 3602 3420 3672 ἄρτι
3443 3600 3789 3670 Μαγνεντίου

2195 3701 2615 3763 ἐπαναστάντος,
2667 3700 2761 3752 καὶ
2789 3696 3045 3768 τελευτὴν
3099 3694 3246 3765 αὐτῷ
3275 3694 3368 3747 τοῦ
3403 3693 3519 3765 βίου
3569 3696 3792 3762 ἐπαγα-

2192 3795 2398 3865 γόντος,
2427 3793 2612 3856 δεινῶς
2653 3791 2756 3844 ὑπὸ
2788 3789 2894 3843 τῶν
2940 3788 3321 3860 Ἀρειανιστῶν
3353 3783 3509 3850 αὖθις
3535 3788 3788 3859 ἀνήπτε-

2192 3903 2254 3939 το
2283 3885 2355 3956 (η)
2390 3884 2641 3954 πόλεμος·
2673 3883 2764 3936 κατ⁹
2788 3881 2947 3934 πάλιν
2989 3878 3288 3948 Ἀθανασίῳ
3317 3877 3623 3942 ἐπιϐουλαὶ,
3685 3878 3792 3930 κει)⁸

2195 3976 2330 4046 πρὸς
2360 3973 2583 4044 βασιλέα
2608 3971 2871 4026 διαϐολαί·
2896 3971 2990 4023 καὶ
3018 3969 3078 4021 τὸ
3109 3969 3249 4040 μέγα
3277 3969 3372 4022 καὶ
3413 3968 3646 4021 παλαιὸν
3678 3968 3791 4020 αὐ-

2193 4069 2271 4138 τῷ
2303 4067 2491 4130 κακὸν,
2539 4068 2568 4119 ό
2620 4064 3017 4124 Κωνστάντιος.
3053 4062 3223 4115 Πάλιν
3267 4057 3359 4114 οὖν
3403 4061 3790 4129 διατάγματα,

2195 4161 2354 4213 πάλιν
2380 4159 2621 4220 ἀπειλαὶ,
2651 4157 2840 4226 φυγαὶ,
2865 4154 3038 4225 φόϐοι,
3063 4152 3154 4206 καὶ
3190 4155 3222 4224 ἠ
3251 4152 3340 4205 διά
3372 4153 3558 4223 πάσης
3585 4151 3796 4206 θαλάσ-

2195 4269 2294 4322 σης
2317 4253 2409 4305 καὶ
2446 4251 2548 4321 γῆς
2597 4249 2946 4320 ἀναζήτησιςο
2982 4249 3010 4300 ὁ
3036 4245 3144 4299 τῶν
3179 4243 3432 4309 ζιζανίων
3463 4243 3630 4296 πάλιν
3660 4259 3797 4296 csto-

2198 4346 2324 4418 ρεὺς
2341 4343 2613 4415 Γεώργιος
2665 4340 3067 4412 Ἀλεξάνδρειαν
3114 4335 3573 4407 καταλαμϐάνων,
3607 4335 3794 4404 Afy:-

2195 4454 2328 4490 πτον
2349 4436 2556 4490 κατασύ
2565 4452 2691 4504 ρων,
2709 4434 2776 4488 τὰ
2791 4431 3158 4486 Παλαιστινῶν
3177 4430 3517 4500 ληϊζόμενος,
3535 4429 3796 4500 ταραχῆς

2197 4530 2377 4582 πᾶσαν
2404 4526 2502 4598 τὴν
2550 4524 2687 4597 ἑῴαν
2735 4523 3074 4585 ἀναπιπλῶν,
3101 4522 3196 4576 καὶ
3231 4520 3481 4592 μηδαμοῦ
3530 4523 3798 4592 χωρητὶς

520 4618 866 4689 Patropbilus
906 4618 1038 4674 Ario
1084 4619 1374 4690 impietatis
1419 4621 1555 4689 patri
1601 4621 1838 4687 amicus;
1872 4591 2085 4677 Jeroso-

2199 4618 2274 4671 ὣν
2300 4617 2400 4687 τὴν
2452 4614 2648 4686 μανίαν
2680 4615 2774 4668 καὶ
2802 4615 2901 4684 τὴν
2953 4613 3225 4666 ἀσέϐειανο
3262 4610 3422 4663 πάλιν
3456 4611 3722 4675 Ἀκάκιος
3765 4615 3800 4667 ὁ

524 4709 719 4782 lymam
770 4711 1150 4778 concedentes,
1209 4711 1472 4780 pulsoque
1523 4711 1788 4778 Maximo,
1835 4711 2093 4783 Cyrillum

522 4801 881 4862 constituunt,
914 4801 1088 4855 virum
1113 4802 1204 4870 qui
1229 4811 1376 4855 tanto
1407 4802 1716 4870 impietatis,
1743 4785 1948 4874 quanto
1977 4819 2095 4857 ma-

524 4906 664 4961 gnus
707 4891 795 4945 ille
848 4892 933 4957 vir
969 4891 1189 4959 pietatis
1225 4891 1401 4945 studio
1429 4893 1732 4951 tenebatur.
1781 4893 1964 4960 Ecqua
2007 4909 2098 4947 ra-

528 4985 672 5036 .ioue
715 4981 826 5048 jam
855 4983 979 5050 quis
1011 4983 1172 5052 digne
1209 4981 1509 5051 deploraret
1544 4985 1631 5038 illa
1660 4986 1838 5039 omnia
1871 5000 1988 5054 qua:
2034 4999 2099 5038 eo

530 5084 779 5142 tempore
804 5087 832 5125 a
861 5071 1096 5138 Georgio
1124 5072 1459 5127 Alexandrize
1495 5085 1640 5143 gesta
1663 5075 1827 5128 sunt?
1856 5075 1956 5130 nisi
1987 5090 2092 5143 qua

529 5167 645 5236 ipse
685 5166 766 5219 vir
797 5166 987 5219 beatus
1022 5165 1074 5219 in
1107 5165 1357 5237 Apologia
1388 5167 1450 5220 de
1479 5166 1606 5237 fuga
1655 5183 1753 5220 sua
1792 5181 1904 5221 rem
1939 5181 2097 5221 enar—

529 5257 688 5314 ravit.
715 5257 841 5312 llrec
867 5255 976 5325 jam
1009 5257 1162 5312 nobis
1185 5259 1551 5322 memoranda,
1575 5273 1760 5311 verum
1795 5259 1971 5326 potius
1995 5259 2094 5326 ipsi

527 5348 853 5404 dulcissima}
902 5348 1002 5401 viri
1042 5348 1237 5418 linguze
1267 5350 1677 5413 committenda,
1702 5365 1821 5418 quae
1856 5349 1943 5404 illa
1978 5364 2096 5404 mo-

529 5444 682 5498 deste
713 5443 1116 5511 moderateque.
1149 5451 1208 5496 ut
1232 5457 1348 5496 mos
1371 5449 1491 5496 erat
1522 5441 1644 5509 ipsi,
1681 5441 1976 5498 recensuit.
2021 5454 2032 5462 ·

2196 4709 2363 4772 πολὺς
2383 4708 2481 4781 τὴν
2502 4709 2720 4771 κακίαν,
2753 4709 2844 4766 καὶ
2865 4706 3201 4778 Πατρόεριλος
3225 4706 3253 4757 ὁ
3279 4703 3370 4756 τοῦ
3394 4705 3495 4774 τῆς
3523 4704 3803 4770 ἀσεϐείας

2197 4801 2401 4871 πατρὸς
2442 4801 2652 4872 Ἀρείου
2699 4799 2771 4870 (b)
2808 4799 2977 4868 φίλος,
3018 4796 3410 4869 Ἰεροσολύμοις
3454 4797 3804 4866 ἐπιφοιτῶν-

2196 4912 2306 4957 τες,
2361 4893 2455 4947 καὶ
2487 4893 2738 4963 Μάξιμον
2770 4890 3115 4956 ἐξωθοῦντες,
3163 4890 3259 4942 καὶ⁵
3288 4888 3805 4955 άντικαθιστῶντες

2197 4984 2484 5056 Κύριλλον,
2504 4983 2669 5054 ἄνδρα
2697 4985 2817 5036 ὅσον
2840 4999 2903 5051 γε
2925 4984 2953 5034 ὀ
2973 4983 3146 5053 μέγας
3172 4984 3228 5034 ἐν
3249 4981 3304 5034 εὖ
3315 4980 3518 5052 σεϐεία,
3546 4980 3810 5036 τοσαῦτα

2199 5077 2276 5148 τῷ
2307 5079 2406 5149 τῆς
2434 5076 2686 5139 ἀσεϐείας
2712 5075 2854 5147 ζήλῳ
2871 5075 3175 5133 ἀντίθετον.
3201 5074 3266 5127 Τί
3298 5074 3362 5127 ἄν
3389 5092 3471 5137 τις
3502 5076 3816 5146 ἐκτραγῳ-

2200 5169 2314 5240 δοίη
2352 5170 2529 5223 πάντα
2552 5166 2678 5239 ἑξῆς
2696 5168 2766 5220 τὰ
2792 5167 3047 5239 Γεωργίῳ
3081 5166 3222 5220 κατὰ
3247 5166 3346 5236 τὴν
3385 5165 3811 5237 Ἀλεξανδρέων

2203 5263 2308 5316 ὑπὸ
2348 5262 2436 5316 τὸν
2463 5262 2622 5316 αὐτὸν
2667 5261 2856 5332 χρόνον
2881 5259 3254 5335 γεγενημένα;
3286 5257 3431 5328 Πλὴν
3461 5257 3562 5310 ὅσα
3615 5260 3720 5312 καὶ
3779 5264 3817 5314 ὁ

2207 5351 2472 5423 μακάριος
2529 5353 2656 5424 περὶ
2709 5353 2808 5422 τῆς
2861 5349 3055 5404 ἑαυτοῦ
3107 5349 3280 5420 φυγῆς
3343 5348 3819 5418 ἀπολογούμενος

2201 5442 2464 5511 διεξῆλθε,
2486 5444 2690 5498 τούτων
2721 5444 2817 5497 καὶ
2860 5445 2990 5514 ἡμῖν
3013 5441 3136 5514 ἄρτι
3186 5439 3608 5512 μνημονευτέον,
3655 5443 3815 5510 μᾶλ-

526 5536 620 5590 λον
676 5537 734 5590 δὲ
785 5537 924 5609 αὐτῇ
971 5537 1155 5610 ἐκείνῃ
1203 5540 1271 5609 τῇ
1317 5537 1485 5599 ὅντως
1543 5535 1770 5606 γλυκείᾳ
1808 5534 2025 5608 γλώσσῃ
2056 5535 2148 5589 τοῦ
2191 5538 2379 5608 ἀνδρὸς
2449 5540 2916 5612 παραχωρητέον,
2974 5537 3280 5607 ὑφειμένως
3325 5535 3462 5589 αὐτὰ
3525 5535 3583 5588 δὲ
3643 5534 3828 5610 [καὶ]

531 5631 770 5704 μετρίως
789 5673 804 5696 ,

601 5725 691 5778 20.
742 5726 1002 5792 Quidam,
1050 5727 1244 5794 inquit,
1290 5723 1671 5778 Alexandriam
1723 5737 1910 5775 rursus
1951 5723 2101 5775 inva-

533 5817 668 5870 dunt
691 5857 707 5880 ,
739 5831 942 5888 nosque
977 5819 1044 5872 ad
1075 5833 1260 5873 necem
1296 5815 1636 5888 perquirunt,
1677 5813 1927 5883 factaque
1975 5824 2101 5870 sunt

608 5928 685 6002 (α)
713 5928 850 6002 Tres
877 5931 1316 6002 mssgﬁﬁmero.

863 5634 1044 5687 ὁποῖον
1105 5632 1254 5703 αὐτῷ
1283 5633 1344 5685 τὸ
1394 5628 1555 5702 ἦθος,
1611 5632 1667 5682 ἐν
1717 5633 1850 5682 πᾶσι
1898 5629 2244 5702 διηγουμένη.

2275 5725 2365 5779 ‘20.
2391 5727 2502 5780 Καὶ
2529 5726 2638 5798 γάρ
2661 5729 2739 5790 εἰς
2771 5725 2869 5796 τὴν
2912 5722 3317 5790 Ἀλεξάνδρειαν
3345 5717 3506 5772 πάλιν
3526 5761 3539 5780 .
3576 5736 3768 5791 φησιν
3795 5764 3816 5785 ,

2207 5817 2524 5890 ὲπεφύησάν
2569 5837 2713 5884 τινες
2753 5815 3040 5890 ζητοῦντες
3091 5815 3236 5884 ἡμᾶς
3280 5814 3638 5871 ἀποκτεῖναι·
3697 5819 3821 5875 καὶ

601 5993 680 6072 (ο)
714 5998 805 6055 Sic
842 6017 972 6056 mss.
1003 5993 1143 6058 Ed'it'i
1183 6002 1320 6074 πρὸς
1345 6003 1583 6075 Ἀρείου.
1611 6001 1811 6063 Errore
1833 6017 1896 6060 ex
1918 6000 2324 6060 abbreviationo
2351 6009 2492 6060 orto.
2530 5998 2747 6057 Similes
2777 6013 2920 6074 smpe
2938 5999 3160 6056 mendas
3189 5993 3594 6052 annotavimus.
