3990 6522
1094 528 1258 585 ἫΤᾹ
1298 528 1354 584 S.
1399 525 1772 584 ATHANASII
1797 521 2109 584 ‘INGERTO
2139 529 2487 588 AUCTORE.

3288 544 3428 588 CCIII“

192 644 352 714 γίγονε
373 643 439 697 τά
471 641 571 696 νῦν
603 644 832 716 χείρονα
866 643 972 698 τῶν
1004 643 1252 716 πρῶτων.
1279 645 1611 716 Στρατιῶται
1640 646 1741 717 γάρ

1853 647 2135 716 przcsentia
2193 647 2376 717 pejora
2429 647 2723 716 prioribus.
2788 647 2982 702 stilitcs
3025 663 3220 719 quippe
3256 647 3414 701 dere-

193 736 418 806 ἰξαίφνης
451 737 555 806 τὴν
590 737 898 810 ἐκκλησίαν
923 736 1258 801 ἐκύκλωσαν,
1283 735 1462 791 καὶτὰ
1495 737 1606 791 τῶν
1646 756 1747 791 πο-

192 830 362 898 λεμίων
396 827 518 880 ἀντὶ
552 829 741 898 εὐχῶν
788 831 1014 900 ἐγίνετο.
1046 825 1175 883 Εἶτα
1212 827 1465 883 εἰσελθὼν
1513 833 1577 901 τῇ
1619 830 1748 901 ἁγίᾳ

193 924 584 993 Τεσσαρακοστῇ
625 926 654 976 ό
690 923 843 996 παρὰ
875 923 1204 978 Μακεδονίου
1249 924 1478 977 καὶτῶν
1535 924 1747 994 ’Δρεια-

191 1013 407 1076 νιζόντων
467 1013 814 1078 ἀποσταλεὶς
882 1017 947 1068 ἐκ
999 1014 1394 1078 Καππαδοκίας
1458 1013 1745 1085 Γεώργιος,

193 1102 406 1174 ηὔξησεν,
467 1103 503 1155 ἃ.
559 1120 684 1176 παρ
751 1103 933 1158 αὐτῶν
1001 1104 1307 1176 μεμαθήκοι
1358 1105 1522 1159 κακά.
1594 1106 1749 1160 Μετὰ

193 1195 276 1266 γὰρ
324 1195 390 1265 (τι)
439 1194 538 1248 τοῦ
597 1196 802 1267 Πάσχα
858 1195 1110 1269 παρθένοι
1161 1197 1242 1261 εἰς
1290 1195 1358 1250 τὰ
1402 1198 1748 1268 δεσμωτήρια

193 1284 523 1352 ἐνεϐάλλοντο,
569 1287 872 1340 ἐπίσκοποι
915 1287 1020 1340 ὑπὸ
1057 1287 1403 1359 στρατιωτῶν
1441 1288 1635 1359 ἧγοντο
1662 1288 1748 1340 δε-

191 1380 388 1449 δεμένοι,
421 1379 690 1450 ὀρφανῶν
728 1381 831 1434 καὶ
858 1380 1040 1452 χηρῶν
1077 1381 1386 1452 ἡρπάζοντο
1423 1381 1612 1445 οἰκίαι,
1653 1383 1747 1436 καί⁵

192 1475 330 1546 ἄρτοι,
364 1477 568 1544 ὲφόδιοι
590 1476 740 1529 κατὰ
775 1475 884 1529 τῶν
918 1477 1132 1530 οἰκείων
1157 1476 1411 1546 ἐγίνοντο,
1441 1478 1534 1530 καί
1553 1475 1746 1540 νυκτὸς

191 1571 226 1623 οἰ
247 1568 541 1639 Χριστιανοὶ
570 1571 948 1640 κατεφέροντο
967 1587 980 1600 ο
1011 1569 1525 1642 ἐπεσφραγίσθησαν
1554 1571 1744 1634 οἰκίαι,

192 1663 262 1713 καὶ
301 1661 510 1731 ἀδελφοὶ
565 1663 860 1734 κληρικῶν
911 1664 1050 1734 ὑπὲρ
1097 1663 1339 1734 ἀδελφῶν
1387 1663 1741 1716 ἐκινδύνευον.

192 1753 273 1805 Καὶ
303 1752 441 1806 δεινά
471 1752 578 1822 μὲν
608 1753 816 1815 ταῦτα,
853 1754 1125 1826 δεινότερα
1163 1755 1220 1808 δὲ
1265 1755 1331 1810 τά
1389 1753 1529 1825 μετὰ
1575 1755 1744 1808 ταῦτα

192 1845 431 1914 γενόμενα.
463 1845 543 1917 Τῇ
575 1846 696 1916 γάρ
733 1845 991 1916 ὲϐδομάδι
1034 1845 1171 1917 μετὰ
1202 1847 1302 1919 τὴν
1336 1847 1498 1916 ἁγίαν
1540 1848 1744 1919 Πεντη-

194 1935 393 2007 κοστὴνό
446 1934 578 2000 λαὸς
625 1937 960 2007 νηστεύσας,
991 1937 1178 2008 ἐξῆλθε
1215 1939 1344 2008 περὶ
1376 1937 1437 1990 τὸ
1479 1939 1745 2008 κοιμητή-

193 2045 294 2098 ριον,
327 2027 588 2093 εὔξασθαι
623 2029 728 2082 τοῦ
770 2029 926 2098 ἁγίου
954 2030 1158 2100 Πέτρου
1183 2029 1276 2082 τοῦ
1316 2029 1616 2084 ἐπισκόπου
1651 2031 1746 2083 καὶ

193 2121 439 2192 μάρτυρος,
496 2121 591 2175 διὰ
644 2122 713 2174 τὸ
756 2124 966 2186 πάντας
1017 2122 1420 2195 ἀποτρέπεσθαι
1465 2123 1565 2194 τὴν
1609 2124 1746 2196 πρὸς

190 2213 412 2284 Γεὼργιον
439 2215 779 2268 κοινωνίανο
825 2215 958 2268 ἀλλὰ
985 2217 1140 2269 τοῦτο
1175 2217 1362 2288 μαθὼν
1395 2219 1423 2271 ό
1458 2218 1746 2289 παμπόνη-

193 2298 432 2376 ροςοῦτος,
463 2307 782 2377 παροξύνει
818 2309 911 2360 τὸν
950 2307 1325 2380 στρατηλάτην
1361 2309 1742 2372 Σεϐαστιανὸν,

191 2401 435 2468 Μανιχαῖον
472 2400 636 2464 ὅντα,
680 2399 744 2464 ὃς
780 2402 920 2471 μετὰ
957 2401 1195 2472 πλήθους
1233 2402 1577 2474 στρατιωτῶν
1607 2403 1745 2456 ὅπλα

190 2490 256 2542 καὶ
271 2490 381 2560 ξίφη
416 2490 639 2561 γυμνὰ,
669 2490 771 2542 καὶ
799 2489 926 2555 τόξα
952 2493 1042 2544 καί
1077 2491 1202 2564 βέλη
1235 2494 1528 2565 φερόντων,
1555 2493 1746 2568 ὥρμη-

189 2595 252 2630 σεν
271 2584 316 2633 ἐν
339 2581 483 2652 αὐτῷ
509 2581 597 2652 τῷ
622 2581 896 2654 Κυριακῷ
924 2581 1064 2636 κατὰ
1098 2583 1191 2636 τοῦ
1219 2583 1370 2637 λαοῦ.
1401 2586 1511 2641 Καὶ
1534 2585 1746 2655 ὀλίγους

185 2671 315 2742 eam
358 2673 744 2744 εὐχομένους·
799 2677 847 2728 οἰ
889 2674 996 2746 γὰρ
1043 2675 1256 2740 πλείους
1307 2677 1474 2732 πάλαι
1521 2677 1608 2732 διὰ
1647 2677 1745 2749 τὴν

184 2765 294 2836 ὤραν
339 2769 822 2841 ἀναχωρήσαντες
871 2765 1044 2840 ἦσαν·
1091 2769 1157 2822 τά
1204 2771 1418 2824 πάντων
1465 2771 1744 2825 δεινότατα

185 2860 532 2928 κατεπράξατο.
614 2859 902 2932 [Ιυρκαῖὰν
954 2861 1062 2934 γὰρ
1110 2863 1338 2932 suae“.
1400 2865 1492 2918 καὶ
1544 2867 1744 2936 στήσας

184 2952 432 3022 παρθένους
455 2953 631 3024 παρὰ
658 2954 719 3005 τὸ
745 2953 818 3006 πῦ
828 2971 878 3025 ρ,
913 2954 1188 3024 ἠνάγκαζε
1213 2955 1391 3024 λέγειν
1429 2955 1623 3018 ἑαυτὰς
1648 2957 1745 3025 τῆς

192 3042 358 3112 ’Δρείου
381 3045 640 3107 πίστεως
671 3039 832 3098 εἶναι.
883 3045 968 3109 Ὠς
999 3046 1053 3098 δὲ
1082 3046 1318 3110 νικώσας
1338 3047 1506 3111 αὐτὰς
1530 3047 1743 3113 ἓϐλεπε,

183 3137 251 3187 καὶ
282 3138 391 3207 μηδ’
423 3138 582 3201 ὅλως
621 3137 720 3190 τού
774 3139 946 3208 πυρὸς
987 3137 1399 3210 φροντιζούσας,
1453 3140 1745 3210 γυμνώσας

182 3227 330 3290 αὖτὰς,
386 3228 580 3293 οὕτως
637 3228 824 3282 αὐτῶν
873 3226 942 3280 τὰ
982 3228 1244 3300 πρόσωπα
1302 3229 1571 3298 κατέκοψε
1623 3233 1744 3294 ταῖς

1850 747 2008 808 pente
2059 737 2345 793 ecclesiam
2396 739 2659 796 obsedere
2689 779 2708 804 ,
2786 739 3121 809 hellicusque
3160 739 3419 792 tumultus

1849 831 1968 884 vice
2010 845 2231 900 precum
2263 840 2482 886 exortus
2520 843 2622 887 est.
2671 831 2808 887 Hine
2862 832 2916 886 in
2967 841 3152 886 sancta
3181 830 3420 898 Quadra.

1849 922 2050 988 gesima
2099 921 2399 992 ingressus,
2429 926 2521 994 qui
2563 941 2593 980 a
2641 925 2955 980 Macedonio
2992 934 3048 980 et
3089 923 3306 978 Arianis
3349 936 3418 976 ex

1849 1012 2186 1082 Cappadocia
2237 1014 2437 1070 missus
2475 1015 2652 1070 fuerat
2683 1015 2970 1087 Georgius,
3011 1015 3148 1070 mala
3188 1029 3307 1084 quae
3350 1015 3420 1067 ab

1849 1106 1955 1162 illis
1975 1106 2200 1162 edoctus
2225 1104 2402 1162 fuerat
2430 1108 2670 1164 adauxit.
2717 1107 2930 1164 Etenim
2964 1118 3084 1180 post
3118 1106 3413 1162 hebdoma-

1850 1199 1972 1253 dam
2005 1196 2308 1267 Paschatis,
2355 1199 2582 1255 vidisses
2619 1201 2855 1270 virgines
2901 1202 2951 1256 in
2984 1215 3252 1256 carcerem
3285 1214 3420 1254 con-

1841 1290 1960 1360 jici,
1991 1289 2274 1360 episcopos
2301 1304 2333 1344 a
2363 1291 2626 1346 militibus
2656 1293 2870 1348 vinctos
2901 1293 3117 1358 abduci,
3142 1293 3417 1360 orphano-

1848 1398 1967 1438 rum
2007 1383 2406 1452 viduarumque
2437 1383 2628 1439 domos
2669 1393 2722 1438 et
2751 1399 2918 1454 panes
2946 1385 3126 1453 diripi,
3169 1383 3416 1452 irruptio-

1847 1490 1945 1529 nes
1974 1474 2027 1528 in
2059 1475 2246 1530 domos
2286 1457 2427 1540 fieri,
2465 1487 2627 1531 noctu
2655 1474 2992 1531 Christianos
3014 1475 3193 1545 dejici,
3225 1475 3415 1530 domno

1847 1565 2142 1636 obsignari,
2183 1564 2386 1622 fratres
2412 1565 2733 1621 clericorum
2764 1580 2860 1636 pro
2909 1565 3164 1620 fratribus
3192 1563 3414 1634 pericli-

1849 1657 1972 1711 tari.
2008 1655 2132 1712 Haec
2157 1657 2371 1725 quidem
2402 1657 2630 1724 atrocia,
2659 1659 2754 1713 sed
2777 1658 3045 1713 atrociora
3069 1655 3261 1710 deinde
3286 1668 3414 1710 eon-

1847 1758 2031 1804 secuta
2059 1758 2186 1803 sunt
2225 1745 2489 1805 facinora.
2525 1749 2733 1804 Etenim
2775 1747 3106 1803 hebdomade
3143 1755 3262 1816 post
3292 1760 3416 1800 san-

1847 1850 1988 1894 ctam
2021 1839 2404 1908 Pentecosten,
2445 1856 2565 1896 cum
2593 1840 2841 1910 pupulus,
2868 1840 3079 1911 expleto
3099 1840 3324 1908 jejunio,
3349 1841 3418 1896 ad

1847 1932 2219 1987 cmmeterium
2245 1933 2429 1986 Sancti
2451 1931 2596 1987 Petri
2619 1933 2856 2003 episcopi
2876 1941 2930 1988 et
2951 1933 3211 2004 martyris
3225 1933 3416 1986 orandi

1847 2038 2010 2079 causa
2060 2038 2312 2096 egressus
2357 2033 2520 2092 esset,
2574 2038 2643 2080 eo
2681 2025 2826 2094 quod
2871 2039 3062 2080 omnes
3109 2041 3138 2078 a
3193 2023 3418 2092 Georgii

1845 2117 2221 2172 communione
2254 2116 2648 2184 abhorrerent,
2685 2131 2746 2172 re
2778 2126 3056 2188 comperta
3107 2116 3419 2172 sceleratis-

1845 2207 2016 2264 simus
2054 2207 2142 2262 ille
2190 2207 2569 2265 Sebastianum
2618 2209 2808 2266 ducem
2851 2209 3201 2265 Manichaeum
3242 2209 3417 2264 homi-

1844 2316 1965 2356 nem
1991 2300 2228 2356 concitat
2259 2319 2276 2356 :
2313 2302 2401 2370 qui
2447 2316 2573 2356 mox
2599 2317 2719 2357 cum
2747 2311 2923 2357 turma
2960 2302 3217 2370 militum,
3241 2315 3414 2366 arma,

1845 2393 2066 2448 strictos
2103 2393 2335 2464 gladios,
2375 2409 2536 2450 arcus
2567 2404 2622 2450 et
2653 2394 2757 2450 tela
2793 2394 3107 2460 ferentium,
3136 2395 3191 2450 in
3239 2399 3415 2466 ipsum

1843 2481 2183 2541 Dominicum
2231 2488 2492 2557 impetum
2543 2486 2982 2544 fecit-adversus
3037 2489 3312 2558 populum.
3351 2487 3417 2540 Et

1844 2595 1967 2635 cum
2025 2596 2227 2650 paucos
2270 2581 2567 2636 invenisset
2617 2592 2858 2648 orantes,
2911 2580 3131 2652 plurimi
3183 2596 3418 2650 namque

1843 2675 2163 2730 adveniente
2202 2675 2334 2728 hora
2381 2683 2742 2741 recesserant,
2787 2675 3029 2729 omnium
3072 2671 3416 2730 atrocissima

1843 2765 2119 2820 commisit
2173 2765 2439 2820 facinora.
2498 2765 2634 2821 Nun
2697 2781 2929 2824 accenso
2983 2780 3112 2837 rogo
3177 2765 3416 2836 virgines

1843 2856 1949 2925 igni
1982 2855 2227 2910 admotas
2256 2856 2504 2926 adigebat
2561 2866 2616 2910 ut
2663 2856 2908 2911 dicerent
2943 2869 3001 2910 se
3038 2853 3252 2907 Arianae
3295 2867 3417 2907 esse

1846 2947 2008 3002 fidei:
2047 2957 2104 3001 ut
2133 2959 2313 3002 autem
2360 2961 2452 3001 eas
2480 2947 2591 3000 vim
2637 2961 2920 3016 superare,
2957 2946 3246 3016 ignemque
3281 2945 3417 2999 nihil

1843 3057 2038 3098 curare
2071 3041 2476 3106 animadvertit,
2513 3041 2744 3094 nudatas
2777 3041 2970 3096 iterum
3016 3041 3089 3094 ita
3131 3041 3183 3092 in
3219 3040 3412 3092 facium

1843 3135 2023 3198 cadit,
2061 3142 2116 3186 nt
2146 3146 2264 3202 post
2302 3132 2530 3186 multum
2564 3132 2822 3202 temporis
2853 3131 2942 3186 vix
2969 3146 3000 3185 a
3034 3131 3146 3186 suis
3167 3131 3413 3199 dignosci

1843 3236 2089 3297 possent.
2143 3227 2303 3283 Viros
2347 3234 2531 3281 autem
2582 3225 2938 3294 quadraginta
2989 3227 3414 3296 comprehensos

182 3319 391 3390 πληγαῖς,
431 3322 592 3375 ὥστε
627 3321 772 3392 μετὰ
796 3320 1074 3391 παρολκὴν
1107 3319 1317 3391 μακροῦ
1353 3320 1547 3390 χρόνου
1589 3321 1741 3391 μόλις

1844 3319 2193 3375 iusolcntiore
2229 3321 2384 3376 modo
2423 3319 2731 3374 verberavit
2768 3335 2783 3374 :
2825 3334 2952 3374 nam
2989 3317 3158 3388 virgis
3200 3318 3413 3387 palma-

181 3413 294 3483 παρὰ
323 3414 423 3466 τῶν
458 3414 700 3467 οἰκείων
722 3411 1200 3480 ἐπιγινώσκεσθαι.
1235 3411 1467 3482 Ἀνδρας
1494 3430 1550 3465 τε
1574 3431 1739 3467 κατα-

182 3504 291 3574 σχὼν
339 3506 425 3558 τὸν
475 3505 735 3576 ἀριθμὸν
780 3503 1190 3574 τεσσαράκοντα
1260 3505 1561 3576 καινοτέρῳ
1623 3507 1740 3577 τρό-

273 3597 576 3667 κατέκουξε·
625 3594 864 3667 ῥάϐδους
901 3593 1008 3664 γὰρ
1044 3592 1143 3655 τὰς
1187 3593 1295 3646 ἀπὸ
1333 3592 1442 3646 τῶν
1483 3594 1739 3662 φοινίκων

178 3685 334 3740 αὐτίκα
366 3688 587 3758 τεμὼν,
620 3689 680 3738 ὲν
719 3687 914 3747 αὑταῖς
937 3684 1029 3737 ἔτι,
1050 3683 1275 3753 ἐχούσας
1297 3685 1421 3747 τοὺς
1446 3685 1738 3748 σκόλοπας,

177 3776 228 3827 τὰ
248 3778 375 3831 νῶτα
399 3779 628 3832 τούτων
668 3774 848 3838 οὕτως
877 3773 1164 3845 ἐξέδειρεν,
1199 3773 1274 3837 ὥς
1299 3791 1453 3836 τινας
1484 3774 1583 3845 μὲν
1614 3775 1741 3827 πολ-

178 3866 299 3933 λάκις
333 3866 814 3944 χειρουργηθῆναι
857 3867 943 3919 διὰ
977 3867 1103 3931 τοὺς
1140 3867 1522 3936 άποπαγέντας
1558 3870 1615 3921 ἐν
1653 3870 1740 3921 αύ-

178 3962 261 4022 τοῖς
302 3962 616 4023 σκόλοπας’
675 3957 836 4021 τινας
887 3957 944 4010 δὲ
994 3956 1087 4009 καὶ
1144 3957 1218 4027 μὴ
1266 3956 1530 4028 φέροντας
1569 3957 1740 4020 οὕτως

178 4053 493 4107 ἐναποθανεῖν
554 4053 684 4114 ταῖς
739 4049 990 4119 πληγαῖς.
1046 4049 1258 4113 Πάντας
1311 4049 1410 4120 μὲν
1470 4043 1561 4102 οὖν
1614 4050 1740 4112 τοὺς

177 4146 611 4218 περιληφθέντας,
646 4143 788 4214 πρὸς
827 4141 883 4193 δὲ
911 4143 1003 4194 καὶ
1032 4141 1130 4204 τὰς
1154 4140 1410 4212 ῥηθείσας
1437 4141 1740 4212 παρθένους

177 4236 460 4310 ὑπερορίους
494 4238 636 4308 περὶ
662 4236 766 4306 τὴν
793 4233 1030 4305 μεγάλην
1061 4236 1252 4286 Ὄασιν
1286 4234 1624 4288 ἀποστέλλει.
1659 4234 1739 4286 Τὰ

174 4328 216 4379 δὲ
242 4329 454 4400 σώματα
500 4329 621 4382 τῶν
657 4326 1023 4396 τεθνηκότων,
1067 4326 1187 4380 οὐδὲ
1229 4329 1341 4389 τοῖς
1381 4329 1736 4397 προσήκουσι,

177 4419 285 4471 κατὰ
350 4422 452 4493 τὴν
535 4418 758 4490 ἀρχὴν,
835 4417 1160 4487 ἀποδοθῆναι
1228 4417 1560 4488 πεποίηκεν·
1621 4416 1735 4468 ἀλλ’

173 4511 400 4584 ἔκρυψαν,
441 4514 528 4577 ὡς
551 4512 838 4582 ἠθέλησαν
884 4510 1057 4574 αὐτοὶ,
1092 4511 1292 4580 ἄταφα,
1333 4511 1474 4580 ὑπὲρ
1518 4508 1613 4562 τοῦ
1649 4509 1737 4562 δο-

173 4608 263 4657 κεῖν
288 4608 464 4671 αὐτοῖς
500 4605 802 4659 λανθάνειν
833 4601 928 4673 τὴν
957 4602 1221 4673 τοσαύτην
1258 4603 1533 4674 ὠμότητα.
1559 4603 1739 4673 Πράτ-

1849 3430 1964 3467 rum
2015 3426 2204 3468 recens
2247 3411 2538 3483 amputatis
2564 3412 2764 3481 quibus
2811 3413 2988 3468 adhuc
3020 3409 3190 3468 aculei
3245 3411 3414 3466 haere-

1846 3509 1994 3571 bant,
2025 3508 2103 3562 sic
2130 3522 2317 3563 eorum
2351 3516 2500 3576 terga
2543 3507 2826 3574 laceravit,
2851 3517 2912 3562 ut
2955 3506 3195 3563 nonnulli
3233 3505 3302 3560 ob
3331 3505 3414 3559 in-

1846 3600 1980 3654 fixos
2026 3599 2243 3656 aculeos
2280 3587 2475 3656 medici
2526 3617 2689 3668 opera
2735 3599 2935 3669 saepius
2960 3599 3208 3670 eguerint
3250 3615 3265 3664 ;
3302 3600 3414 3650 imo

1845 3691 2060 3759 quidam
2107 3692 2214 3746 vim
2249 3693 2526 3764 plagarum
2577 3708 2683 3747 non
2720 3693 2955 3748 ferentes
2983 3689 3233 3745 exstincti
3277 3688 3411 3743 sint.

1846 3781 2012 3838 Porro
2059 3799 2248 3838 omnes
2293 3794 2559 3854 quotquot
2613 3785 3086 3855 apprehenderant
3138 3796 3243 3835 una
3288 3795 3413 3834 cum

1846 3873 2152 3944 virginibus
2180 3873 2234 3928 in
2265 3889 2512 3944 magnam
2538 3874 2704 3929 Oasin
2740 3874 3070 3942 relegarunt.
3099 3869 3285 3939 Neque
3315 3869 3414 3922 ini-

1847 3965 1922 4020 tio
1970 3975 2358 4021 concesserunt
2387 3975 2445 4021 ut
2489 3965 2866 4021 defunctorum
2900 3977 3124 4033 corpora
3167 3961 3416 4032 cognatis

1847 4057 2189 4112 traderentur
2212 4059 2325 4112 suis
2349 4097 2365 4120 ,
2399 4057 2491 4112 sed
2521 4057 2633 4128 ipsa
2662 4057 2927 4111 arbitratu
2951 4069 3048 4109 suo
3076 4053 3413 4108 occultarum

1844 4147 2266 4219 abieceruntque
2315 4150 2606 4220 insepulta,
2641 4151 2744 4203 rati
2772 4149 2852 4204 sic
2873 4164 3025 4203 suam
3062 4147 3230 4202 latere
3258 4160 3414 4214 posse

1844 4240 2243 4295 crudelitatem.
2276 4239 2390 4306 Qua
2420 4241 2473 4294 in
2509 4255 2566 4294 re
2592 4241 2856 4294 vecordes
2895 4238 2968 4292 illi
3000 4251 3193 4306 magno
3217 4238 3414 4290 mentis

1843 4346 2028 4386 errore
2059 4331 2400 4385 tenebantur.
2437 4330 2570 4384 Nam
2608 4345 2732 4384 cum
2779 4329 3155 4384 defunctorum
3197 4328 3409 4396 cognati

1844 4425 1911 4478 de
1932 4438 2152 4478 suorum
2182 4422 2397 4490 quidem
2428 4421 2777 4476 confessione
2807 4421 3121 4490 gauderent,
3148 4418 3412 4488 lugerent-

1843 4531 1949 4588 que
1984 4527 2162 4571 tamen
2214 4515 2284 4568 ob
2322 4514 2586 4568 subducta
2626 4527 2874 4581 corpora,
2920 4511 3034 4564 hmc
3077 4523 3208 4562 sane
3247 4523 3409 4563 causa

1845 4608 1943 4663 fuit
1974 4615 2030 4661 nt
2061 4606 2232 4676 magis
2264 4605 2539 4674 magisque
2563 4605 2915 4674 vulgarentur
2943 4618 3128 4658 eorum
3159 4601 3408 4671 impieta-

170 4699 290 4751 τουσί
317 4718 374 4753 τε
412 4699 603 4754 ταῦτα
639 4695 1054 4766 πεπλανημένοι
1079 4698 1144 4767 τῇ
1182 4696 1410 4767 διανοίᾳ,
1456 4698 1732 4769 παράφρο·

1846 4701 1916 4754 tis
1961 4695 2410 4765 crudelitatisque
2454 4704 2792 4765 argumenta.
2841 4695 3034 4749 Verum
3073 4693 3146 4746 illi
3192 4708 3312 4746 mox
3344 4708 3410 4747 ex

171 4806 238 4852 νες
274 4793 447 4856 ὀντεςο
508 4792 622 4844 τῶν
679 4790 791 4860 γάρ
849 4789 1063 4841 οἰκείων
1119 4788 1226 4840 τῶν
1279 4788 1738 4860 τετελευτηκότων

169 4887 438 4955 χαιρόντων
479 4886 585 4956 μὲν
624 4881 720 4936 διὰ
747 4880 847 4950 τὴν
873 4880 1179 4950 ὁμολογίαν,
1214 4879 1552 4952 θρηνούντων
1574 4881 1629 4933 δὲ
1653 4880 1738 4933 διὰ

171 4977 221 5029 τά
249 4982 492 5050 σώματα,
534 4979 748 5051 μείζων
795 4973 1035 5046 ἐξηχεῖτο
1065 4975 1184 5028 κατ’
1215 4974 1392 5027 αὐτῶν
1434 4975 1461 5026 ὁ
1490 4976 1587 5046 τῆς
1614 4977 1739 5028 ἀσε-

171 5067 293 5135 ϐείας
316 5075 410 5126 υαὶ
435 5072 738 5144 ὠμότητος
775 5067 1011 5136 ἐλεγχος.
1047 5067 1281 5138 Καὶγάρ
1315 5067 1475 5129 εὐθὺς
1513 5067 1620 5120 ἀπὸ
1641 5066 1740 5136 τῆς

169 5161 413 5229 Αἰγύπτου
437 5166 535 5218 καὶ
563 5163 680 5215 τῶν
715 5159 930 5213 Λιϐύων
953 5158 1215 5230 ἐξώρισαν
1257 5160 1353 5229 μὲν
1384 5160 1732 5223 ἐπισκόπους,

180 5254 478 5326 Ἀμμώνιον,
502 5256 694 5320 Μῶῖν,
727 5252 908 5316 Γάϊον,
935 5253 1160 5316 Φίλωνα,
1199 5253 1424 5323 Ἑρμῆν,
1450 5252 1732 5316 Παυλῖνον,

172 5343 459 5420 1Ρηνόσιριν,
489 5347 812 5416 Νιλάμωνα
847 5343 940 5413 (b),
990 5343 1293 5412 Ἀγάθωνα,
1324 5345 1612 5414 Ἀγαμφον
1642 5344 1733 5414 (ι’),

168 5436 386 5507 Μάρκον,
412 5442 607 5512 ἕτερον
659 5434 970 5506 Ἀμμώνιον
996 5436 1088 5488 καὶ
1119 5435 1358 5506 Μάρκον,
1388 5436 1734 5506 Δρακόντιον,

178 5528 448 5601 Ἀδέλςριον,
499 5529 904 5601 Ἀθηνόδωρον,
952 5528 1043 5582 καί
1087 5527 1484 5598 πρεσϐυτέρους
1523 5527 1738 5598 Ἱέρακα

167 5621 247 5673 καὶ
271 5625 590 5697 Διόσκορον·
624 5623 727 5676 καὶ
769 5618 912 5672 οὕτω
962 5619 1172 5692 πικρῶς
1203 5619 1430 5690 ἣλασαν,
1465 5618 1539 5682 ῶς
1585 5637 1736 5683 τινας

170 5712 253 5778 μὲν
283 5717 454 5771 αὐτῶν
491 5719 552 5771 ἐν
605 5715 732 5776 ταῖς
766 5711 925 5777 ὁδοῖς,
959 5712 1110 5775 τινὰς
1153 5711 1209 5763 δὲ
1257 5710 1350 5764 καὶ
1393 5712 1450 5763 ἐν
1492 5711 1628 5781 αὑτῇ
1664 5713 1729 5782 τῇ

167 5803 415 5882 ὑπερορίῳ
453 5808 786 5866 ἀποθανεῖν.
840 5805 1119 5877 Ἀειῳυγῐα
1152 5805 1208 5858 δὲ
1229 5803 1590 5858 κατεδίκασαν
1613 5807 1732 5858 ἐπι-

223 5918 295 5992 ίᾳί
325 5919 408 5992 Sic
431 5937 639 5978 omnes
664 5933 817 5992 Amss.
846 5916 987 5992 Editi
1014 5933 1169 5992 vero,
1191 5919 1290 5992 τὴν
1313 5919 1604 5992 ἑϐδομάδα.

231 5987 472 6061 “Hist,
536 5990 863 6062 Λινάμωνα.
899 5987 1040 6046 Infra
1091 5987 1720 6061 edili,'A7a0qu36tupou.

1841 4794 2072 4863 Egyplo
2100 4799 2154 4843 et
2190 4803 2252 4842 ex
2284 4787 2468 4860 Lihyis
2493 4787 2543 4840 in
2594 4786 2844 4841 exsilium
2896 4786 3161 4841 miserunt
3198 4785 3410 4856 cpison-

1847 4901 1967 4954 pos,
1995 4880 2364 4944 Ammonium,
2393 4879 2560 4944 Moin,
2585 4878 2800 4943 Gaium,
2831 4876 3132 4939 Philonem,
3155 4875 3409 4936 Hcrmen.

1843 4976 2153 5036 Paulinum,
2200 4971 2536 5035 Psenosirin,
2575 4969 2990 5031 Nilammonem,
3043 4967 3411 5038 Agathonem.

1841 5067 2278 5137 Anagamphnm,
2341 5065 2602 5124 Marcum,
2667 5062 2895 5118 alterum
2950 5060 3296 5115 Ammoninm
3361 5071 3415 5112 et

1842 5159 2106 5223 Marcum,
2163 5155 2536 5216 Dracontium,
2577 5151 2925 5223 Adelphium,
2975 5151 3407 5208 Athenodorum,

1841 5267 1905 5306 ac
1931 5250 2278 5324 presbyteros
2317 5248 2601 5303 llieraccm
2637 5257 2690 5301 et
2716 5247 3054 5300 Dioscorum.
3083 5244 3227 5310 Quos
3261 5251 3409 5294 tanta

1840 5342 2138 5396 acerbitate
2185 5340 2546 5410 expulerunt,
2589 5348 2642 5393 ut
2693 5337 2907 5391 illorum
2953 5335 3169 5402 quidam
3223 5330 3274 5383 in
3321 5329 3410 5381 iti.

1842 5448 1992 5497 nere,
2037 5432 2256 5502 quidam
2308 5433 2362 5485 in
2409 5429 2583 5487 exsilii
2621 5428 2740 5482 loco
2776 5425 3084 5480 interirent.
3119 5420 3409 5488 EpiscOpns

1844 5540 1970 5580 vero
2003 5525 2122 5595 plus
2153 5524 2374 5594 triginta
2403 5524 2470 5577 ad
2513 5531 2835 5593 perpetuum
2871 5515 3120 5570 exsilium
3151 5511 3408 5566 condem-

1841 5628 2040 5674 narunt
2069 5637 2083 5674 :
2117 5633 2201 5690 ea,
2223 5619 2366 5672 enim
2397 5616 2502 5670 illis
2529 5611 2983 5685 quemadmodum
3011 5607 3236 5660 Achabo
3273 5619 3408 5657 cura

1839 5711 1960 5774 fuit,
2005 5722 2066 5766 ut
2103 5710 2149 5764 si
2184 5711 2340 5765 modo
2385 5709 2500 5762 fieri
2546 5713 2748 5775 posset,
2773 5702 3054 5758 veritatem
3105 5696 3172 5752 de
3226 5696 3422 5751 medio,

1839 5804 2110 5859 tollerent.

1838 5917 1980 5974 Edili
2013 5931 2166 5976 vero.
2206 5911 2590 5982 Ἀθηνόδωρον.

1913 5989 1974 6056 'r)
2006 5985 2130 6056 ch.
2159 5985 2541 6058 ’Δνάγαμιρονλ
