3990 6544
513 489 634 528 CCIV

1863 475 2396 533 PROLEGOMENA.

761 592 976 656 πλείους
1007 609 1112 646 των
1147 555 1466 664 τίριάκονταο
1506 593 1708 664 σπουδὴ
1741 593 1847 666 γάρ
1877 590 2154 690 ἦνοαύτοῖς
2220 595 2360 650 κατά
2421 594 2513 650 τὸν
2550 595 2774 666 Ἀχαά6,
2829 597 2877 650 εἰ
2944 597 3190 666 δυνατὸν,
3226 598 3416 673 ἐξᾶραι
3450 601 3633 672 πάσης
3660 603 3761 674 τῆς

513 688 620 760 γῆς
639 681 739 760 τὴν
772 687 1047 761 ἀλήθειαν.

582 783 676 839 21.
720 782 846 838 Haec
885 798 1075 851 magna
1118 783 1204 839 illa
1241 781 1496 838 Ecclesia.
1529 782 1678 849 tuba,
1707 785 1901 841 ardens
1932 786 2074 841 veri-

2245 786 2337 840 21.
2369 783 2614 856 Ταῦταή
2655 783 2865 856 μεγάλη
2909 783 3146 854 σάλπιγξ
3185 786 3283 857 τῆς
3341 785 3691 856 Ἐκκλησίας,
3729 787 3764 840 ὀ

517 875 646 929 tatis
674 883 958 944 patronus,
988 875 1054 951 de
1083 876 1241 929 malis
1281 877 1619 932 Alexandria:
1652 863 1922 944 admissis,
1954 895 2079 949 pro-

517 968 637 1036 pria
683 982 814 1023 voce
857 978 1122 1023 recenset.
1156 968 1322 1024 Nobis
1357 984 1485 1023 vero
1532 970 1739 1038 reliqua
1789 973 1988 1027 addere
2026 973 2078 1026 in

521 1059 702 1113 animo
725 1069 827 1116 est.
845 1061 1192 1116 Constantius
1215 1076 1344 1130 ergo
1372 1069 1580 1117 mortuo
1603 1061 1770 1118 fratre
1789 1065 2083 1134 imperator

521 1154 853 1218 declaratus,
875 1168 997 1207 cum
1024 1152 1171 1207 solus
1199 1163 1466 1222 potestate
1489 1153 1776 1218 frueretur,
1803 1155 2083 1224 nullusque

519 1255 825 1316 superesset
862 1247 954 1316 qui
988 1244 1271 1301 sententia:
1313 1260 1377 1300 ac
1413 1245 1673 1299 voluntati
1703 1261 1814 1301 sua:
1855 1248 2081 1315 impedi-

522 1347 705 1394 meuto
762 1347 938 1404 esset,
992 1352 1099 1392 non
1147 1337 1288 1392 ultra
1355 1337 1742 1407 malignitatem
1792 1339 2083 1394 occultavit

521 1445 706 1493 suam,
731 1429 822 1484 sed
851 1444 1049 1500 magna
1078 1445 1202 1484 cum
1236 1428 1560 1483 auctoritate
1589 1429 1640 1482 in
1666 1428 1907 1483 medium'
1932 1429 2078 1482 illam

520 1523 742 1592 protulit
776 1541 791 1590 ;
831 1530 886 1577 et
919 1538 1042 1577 cum
1089 1521 1365 1579 Orientem
1415 1530 1581 1576 totum
1613 1521 1930 1590 gravissima
1981 1521 2086 1574 im-

522 1617 727 1686 pietate
756 1615 1094 1686 replevisset,
1132 1615 1414 1684 quiescere
1447 1629 1545 1668 nec
1577 1612 1782 1668 sciebat
1820 1627 1919 1666 nec
1946 1613 2088 1667 vole-

522 1712 635 1775 bat,
673 1707 778 1765 nisi
812 1724 918 1762 una
965 1707 1314 1764 Occidentem
1366 1714 1769 1775 corrumperet;
1849 1703 2086 1772 alioquin

523 1809 766 1870 putasset
799 1801 1050 1870 exiguum
1096 1799 1196 1854 sibi
1226 1813 1344 1852 esse
1369 1796 1673 1866 imperium,
1700 1807 1755 1850 et
1785 1795 1835 1848 id
1874 1796 1926 1848 in
1958 1810 2088 1849 cou-

477 1965 479 1969 ι
525 1895 800 1950 tumeliam
830 1893 946 1948 fore
978 1892 1160 1962 gloriae
1199 1907 1343 1946 sua):
1370 1892 1621 1960 quocirca
1645 1890 1803 1944 etiam
1829 1888 2091 1948 Occiden-

526 1988 661 2040 tales
685 1986 968 2057 episcopos
1000 1984 1067 2038 ad
1105 1983 1537 2038 communionem
1562 1998 1682 2037 cum
1708 1982 1821 2035 Arii
1845 1980 2090 2036 doctrina

526 2080 813 2149 diligenter
851 2079 1132 2142 invitabat,
1165 2079 1523 2147 monchatque
1553 2091 1712 2130 uuam
1743 2075 1845 2132 sibi
1884 2076 2092 2130 securi—

528 2173 654 2227 tatis
685 2173 823 2226 viam
864 2187 1003 2234 esse,
1050 2172 1095 2226 si
1132 2186 1322 2238 nempe
1357 2170 1710 2224 Athanasium
1760 2169 2078 2223 condemna-

525 2273 666 2319 rent.
703 2262 817 2330 Qua
861 2262 927 2316 de
968 2277 1128 2317 causa
1178 2263 1443 2333 synodum
1485 2261 1661 2329 coegit
1700 2259 2086 2324 Mediolanum,

529 2352 694 2406 Italia:
725 2353 912 2406 urbem
938 2369 952 2404 :
991 2367 1055 2404 ac
1086 2351 1302 2417 mullos,
1335 2351 1420 2405 hei
1449 2351 1608 2404 mihi!
1644 2333 1806 2403 etiam
1835 2349 2001 2405 fortes
2027 2365 2090 2404 ac

529 2457 823 2511 generosos
863 2442 1030 2503 viros,
1070 2441 1205 2494 alios
1247 2450 1414 2504 metu,
1462 2440 1593 2494 alios
1633 2441 1961 2505 adulatione,
1999 2456 2091 2494 nc-

528 2533 786 2588 cessitate
811 2534 966 2593 alios,
993 2531 1279 2586 nonnullos
1299 2531 1488 2586 fraude
1511 2532 1837 2598 subornans,
1854 2530 1920 2585 ad
1937 2547 2089 2586 suam

531 2624 769 2694 trajecit,
824 2625 932 2679 imo
979 2624 1154 2692 potius
1188 2623 1383 2694 dejecit
1416 2623 1770 2686 voluntatem,
1825 2632 1878 2678 ct
1927 2639 2090 2692 quam

531 2717 648 2787 ipse
691 2715 899 2771 foveam
941 2715 1263 2770 miserorum
1302 2714 1584 2768 animabus
1624 2713 1830 2779 effodit,
1855 2729 1974 2769 eam
2011 2715 2091 2784 ip-

529 2822 644 2860 sam
685 2806 968 2873 Eusebius,
1026 2805 1334 2877 Dionysius,
1389 2807 1701 2872 Rhodanus,
1737 2806 1991 2861 Paulinus
2041 2815 2096 2859 et

531 2895 771 2963 Lucifer,
827 2897 1039 2966 placide
1095 2896 1454 2951 declinarunt.
1509 2895 1796 2950 Athanasii
1860 2911 2094 2967 namque

530 2989 1060 3053 condemnationem,
1106 2997 1268 3043 rectae
1311 2987 1434 3041 fidei
1477 2989 2004 3055 condemnationem,
2039 2997 2100 3044 ut

530 3095 660 3135 vere
692 3089 830 3143 erat,
861 3079 1150 3146 arbitrati,
1197 3095 1303 3134 una
1336 3079 1576 3133 fraudem
1620 3094 1780 3148 quam
1812 3081 1972 3136 citius
2005 3095 2099 3150 po-

532 3179 754 3227 tuerunt
789 3169 1045 3241 effugere,
1094 3185 1158 3224 ac
1207 3169 1331 3242 jure
1381 3185 1476 3224 eos
1523 3171 1952 3225 condemnarunt
2006 3173 2098 3242 qni

532 3266 980 3320 condemnaranl.
1011 3263 1114 3318 Sed
1153 3263 1274 3318 illos
1297 3264 1512 3333 quidem
1551 3263 1797 3318 Arimino
1837 3267 2100 3321 excedere

533 3363 682 3409 vetat
729 3354 1094 3410 Constantius.
1141 3354 1470 3408 Athanasius
1520 3369 1650 3408 vero
1705 3371 1908 3424 gnarus
1965 3355 2102 3410 dolis

535 3448 965 3502 circumventum
1013 3448 1414 3515 imperatorem,
1459 3447 1771 3516 iudicesque
1820 3457 2102 3517 corruptos

535 3553 680 3604 esse,
703 3537 926 3607 jamque
968 3538 1172 3591 instare
1199 3537 1484 3604 praefectos
1513 3539 1602 3606 qui
1650 3552 1709 3592 se
1740 3539 2100 3606 comprehen-

538 3631 750 3697 derent,
791 3643 856 3683 ex
890 3627 1070 3684 divina
1114 3627 1311 3681 iterum
1355 3627 1583 3690 visione,
1609 3629 1783 3682 media
1812 3639 1970 3684 nocte
1995 3630 2105 3699 epi~

537 3723 741 3794 sc0pali
791 3721 950 3777 domo
1001 3712 1253 3792 egressus
1302 3721 1369 3774 ad
1423 3720 1765 3787 juveneulam
1817 3725 2101 3793 quamdam

537 3815 805 3886 virginem
838 3828 897 3869 se
927 3812 1180 3884 proripit,
1213 3827 1332 3881 quae
1366 3813 1682 3868 vicesimum
1729 3813 1946 3869 circiter
1981 3831 2106 3886 age-

538 3910 635 3962 bat
683 3921 906 3960 annum.
941 3904 1195 3974 Speciosa
1247 3918 1407 3974 porro
1449 3919 1510 3959 ac
1535 3905 1770 3974 jucunda
1803 3916 1922 3961 erat
1954 3908 2105 3980 virgo

541 3997 653 4060 illa,
683 3998 767 4050 cui
791 3995 1045 4051 domicilii
1079 4011 1199 4050 cum
1238 3996 1373 4050 viris
1408 3997 1638 4052 societas
1686 4014 1960 4066 nunquam
2004 4016 2105 4056 ex-

541 4102 668 4156 pers
691 4085 828 4140 foret
855 4085 1184 4155 suspicione.
1222 4082 1345 4140 Hmc
1376 4094 1481 4140 tam
1511 4086 1876 4157 inexspectata
1910 4104 1967 4144 re
1996 4100 2110 4144 stu-

543 4175 776 4246 pefacta,
815 4174 936 4247 ejus
989 4192 1206 4232 causam
1265 4177 1666 4244 sciscitabatur,
1716 4178 1801 4234 cui
1858 4180 1946 4234 ille
1995 4197 2108 4236 rem

546 4280 716 4324 totam
761 4269 1054 4325 enarravit.
1092 4270 1248 4334 Cum,
1293 4270 1389 4332 ait,
1433 4269 1652 4324 multam
1697 4271 1897 4342 ubique
1932 4273 2111 4328 deme

544 4361 990 4432 pcrquisitionem
1045 4361 1252 4417 faciant
1303 4361 1395 4431 qui
1455 4361 1669 4418 Arianae
1715 4365 2112 4419 communionis

545 4464 694 4520 sunt,
731 4465 979 4510 metuens
1009 4469 1110 4524 ego
1139 4468 1205 4508 ne
1239 4462 1430 4524 captus
1459 4462 1514 4510 et
1542 4456 1754 4511 occisus
1785 4455 1853 4510 ab
1878 4457 1980 4522 eis,
2008 4457 2112 4512 im-

545 4547 792 4603 mortalis
828 4547 1072 4618 supplicii
1105 4561 1270 4602 causa
1319 4547 1449 4616 ipsis
1475 4561 1672 4614 essem,
1715 4547 1896 4617 fugam
1936 4549 2115 4618 cogito

548 4654 613 4694 ac
653 4640 762 4695 Deo
791 4639 888 4694 soli
926 4639 1140 4708 negotia
1175 4653 1293 4692 mea
1335 4640 1675 4706 commendo,
1708 4641 1798 4708 qui
1833 4641 1968 4694 mihi
2013 4640 2116 4694 hac

550 4742 710 4785 nocte
741 4730 1002 4786 revelavit
1051 4731 1192 4797 quod
1229 4731 1371 4798 apud
1399 4740 1449 4786 te
1479 4731 1646 4786 solam
1685 4732 2113 4788 incolumitatem

2119 2138 2166 2197 Β

2183 879 2378 952 θερμὸς
2407 879 2505 950 τῆς
2533 876 2785 947 ἀληθείας
2810 878 3142 949 προστάτης,
3174 877 3300 949 περὶ
3327 877 3436 930 τῶν
3471 879 3531 931 ὲν
3578 877 3765 943 Ἀλεξ-

2180 972 2400 1043 ανδρείᾳ.
2431 970 2617 1024 κακῶν
2651 972 2855 1038 φωναῖς
2906 970 3134 1030 οἰκείαις
3185 967 3458 1034 διέξεισιν.
3512 969 3676 1038 Ἡμῖν
3703 967 3764 1021 δὲ

2185 1064 2430 1136 βούλεται
2464 1066 2574 1125 τοῖς
2609 1061 2918 1134 εἰρημένοις
2948 1063 2977 1114 ὁ
3013 1060 3169 1130 λόγος
3212 1059 3526 1131 προσθεῖναι
3569 1061 3663 1112 καὶ
3694 1059 3765 1112 τὰ

2182 1155 2498 1226 λειπόμενα.
2539 1154 2918 1217 Κωνστάντιος
2941 1153 3143 1217 τοίνυν,
3175 1151 3269 1204 τοῦ
3309 1151 3540 1220 ἀδελφοῦ
3580 1151 3770 1205 τελευ-

2181 1251 2477 1318 τήσαντος,
2540 1246 2894 1316 αὐτοκράτωρ
2966 1243 3304 1314 ἀναδειχθεὶς
3369 1242 3464 1296 καὶ
3503 1242 3768 1313 καθαρῶς

2184 1338 2497 1401 ἀπολαύσας
2529 1338 2627 1408 τῆς
2655 1336 2920 1402 ἐξουσίας,
2944 1335 3067 1389 ἐπεὶ
3103 1335 3305 1407 μηδένα
3332 1329 3446 1405 εἶχε
3481 1337 3573 1389 τὸν
3595 1337 3772 1406 ἐμπο-

2184 1429 2288 1485 δὼν
2327 1429 2490 1484 αὑτοῦ
2527 1432 2594 1500 τῇ
2628 1428 2822 1502 γνώμῃ
2861 1428 2957 1481 καὶ
2995 1430 3108 1490 τοῖς
3143 1427 3441 1499 θελήμασιν
3463 1427 3772 1490 δντα,ούκ-

2186 1523 2263 1577 ἐτι
2302 1523 2399 1594 τὴν
2455 1521 2652 1576 κακίαν
2702 1521 2964 1598 κρύπτειν
2994 1521 3268 1590 ἠνέσχετο,
3299 1519 3435 1573 ἀλλά
3466 1519 3608 1572 κατά
3641 1517 3774 1571 πολ-

2184 1615 2284 1686 λίην
2313 1616 2482 1688 αὑτὴν
2513 1617 2592 1678 εἰς
2624 1614 2786 1684 μέσον
2812 1613 3020 1684 προῆγε
3059 1611 3157 1682 τὴν
3188 1609 3502 1663 αὑθεντίανο
3557 1608 3654 1661 καὶ
3699 1607 3775 1662 τὰ

2189 1708 2326 1779 πρὸς
2362 1707 2436 1760 ἓω
2477 1708 2654 1760 πάντα
2700 1703 3017 1765 δυσσεϐείας
3062 1701 3382 1772 ἀναπλήσας
3439 1699 3777 1771 χαλεπωτά-

2187 1817 2305 1870 της,
2339 1801 2563 1870 ἠρεμεῖν
2590 1798 2690 1850 οὑκ
2726 1795 2984 1866 ἔγνωκεν,
3033 1794 3140 1846 οὐδ’
3185 1793 3395 1863 ἠγάπα,
3441 1791 3558 1845 ἀλλ’
3611 1793 3660 1844 εί
3695 1791 3776 1864 μὴ

2190 1892 2284 1944 καὶ
2322 1891 2419 1961 τὴν
2458 1889 2694 1961 ἑσπέραν
2742 1886 3164 1958 συνδιαφθείροι,
3207 1886 3407 1957 μικράν
3449 1884 3602 1954 αὑτῷ
3637 1879 3779 1938 εἶναι

2192 1987 2288 2059 τὴν
2312 1986 2603 2056 βασιλείαν,
2633 1984 2729 2037 καὶ
2769 1981 2924 2053 ὓϐριν
2951 1980 3108 2034 τοῦτο
3129 1982 3226 2050 τῆς
3246 1979 3438 2034 ἑαυτοῦ
3469 1979 3632 2052 δόξης
3656 1979 3782 2035 ἐνὸ-

2198 2076 2338 2147 μιζε.
2370 2075 2556 2148 Ταύτῃ
2582 2092 2665 2128 τοι
2692 2076 2786 2128 καὶ
2815 2075 2940 2135 τοὺς
2974 2073 3114 2126 κατά
3146 2073 3297 2127 δύσιν
3325 2072 3661 2136 ἐπισκόπους
3684 2072 3783 2124 ἐπὶ

2193 2171 2444 2242 κοινωνίᾳ
2477 2170 2585 2223 τῶν
2619 2168 2827 2241 Ἀρείου
2857 2167 3140 2238 δογμάτων
3189 2165 3494 2229 σπουδαίως
3540 2182 3782 2238 μετεκα-

2187 2265 2349 2326 λεῖτο,
2379 2263 2472 2316 καὶ
2507 2262 2676 2334 μόνην
2713 2260 2933 2314 ἐκείνων
2967 2259 3262 2325 ἀσφάλειαν
3295 2253 3437 2310 εἶναι
3470 2257 3571 2327 τὴν
3618 2256 3784 2310 Ἀθα-

2188 2353 2371 2406 νασίου
2399 2353 2716 2425 καθαίρεσιν
2749 2351 3008 2404 ὑπετίθει.
3055 2351 3168 2418 Ἐφ’
3192 2343 3235 2417 ᾧ
3267 2349 3359 2402 καὶ
3395 2347 3617 2402 σύνοδον
3649 2366 3784 2401 συν-

2191 2445 2402 2516 ἐκρότει
2452 2443 2592 2497 κατά
2640 2443 2976 2508 Μεδιόλανα,
3024 2442 3176 2496 πόλιν
3223 2443 3324 2513 τῆς
3392 2441 3648 2506 Ἰταλίας,
3681 2444 3783 2496 καὶ

2191 2536 2440 2599 πολλοὺς,
2475 2535 2658 2608 οἴμοιί
2705 2537 2798 2589 καὶ
2817 2535 2924 2588 τῶν
2943 2535 3205 2603 γενναίων
3226 2535 3320 2588 καὶ
3351 2533 3620 2606 στερρῶν,
3651 2536 3787 2598 τοὺς

2197 2629 2294 2699 μέν
2329 2628 2498 2700 φόϐῳ,
2525 2628 2652 2692 τοὺς
2681 2629 2739 2681 δέ
2775 2627 3049 2698 κολακείᾳ,
3081 2627 3205 2689 τοὺς
3249 2626 3306 2679 δὲ
3348 2625 3530 2697 χρείᾳ,
3565 2625 3696 2688 τοὺς
3722 2625 3786 2677 δὲ

2193 2722 2397 2794 ἀπάτῃ,
2439 2722 2532 2775 καὶ
2579 2720 2734 2776 ἄλλον
2776 2719 2951 2783 ἄλλως
3007 2715 3369 2790 παραγαγὼν,
3420 2715 3562 2788 πρὸς
3606 2715 3666 2768 τὸ
3712 2716 3791 2767 οἱ·

2195 2816 2339 2866 κεῖον
2365 2814 2685 2884 μετήνεγκε,
2715 2811 2912 2882 μᾶλλον
2942 2809 2998 2864 δὲ
3028 2811 3353 2881 κατήνεγκε,
3384 2807 3658 2880 βούλημα,
3689 2808 3788 2861 καὶ

2195 2905 2254 2959 ὃν
2291 2907 2492 2968 ἐκεῖνος
2521 2902 2712 2976 ῗὼρυξε
2760 2902 2950 2974 βόθρον
2982 2903 3100 2964 ταῖς
3155 2899 3263 2953 τῶν
3307 2898 3509 2952 ἀθλίων
3557 2897 3786 2969 ψυχαῖς,

2196 2996 2397 3068 ταύτην
2439 2995 2538 3067 τὴν,
2588 2994 2891 3068 προσϐολήν
2946 2991 3204 3054 Εὑσέϐιός
3251 3008 3310 3044 τε
3354 2990 3450 3043 καὶ
3481 2988 3787 3054 Διονύσιος,

2197 3088 2292 3143 καὶ
2352 3087 2619 3152 Ῥοδανὸς,
2673 3085 2934 3148 Παυλῖνός
2985 3101 3044 3138 τε
3094 3083 3189 3137 καὶ
3247 3082 3561 3153 Λούκιφερ,
3614 3081 3790 3154 ήδέως

2199 3179 2493 3244 ἐξέκλιναν.
2523 3177 2633 3248 Τὴν
2653 3177 2761 3249 γάρ
2798 3175 3114 3230 Ἀθανασίου
3151 3172 3496 3245 καθαίρεσιν,
3532 3173 3792 3244 καθαίρε-

2203 3289 2306 3336 σιν,
2333 3271 2518 3342 ῶσπερ
2546 3267 2635 3341 ἦν,
2669 3269 2771 3339 τῆς
2802 3267 2966 3340 ὀρθῆς
3005 3265 3324 3338 νομίσαντες
3357 3264 3619 3328 πίστεως,
3651 3261 3792 3333 ὁμοῦ

2201 3382 2260 3417 τε
2287 3363 2384 3435 τὴν
2412 3364 2647 3434 ἀπάτην,
2738 3359 2912 3414 ποδῶν
2951 3355 3114 3430 εἶχον,
3147 3357 3370 3427 ἔφυγον,
3402 3355 3500 3408 καὶ
3537 3357 3638 3409 σὺν
3664 3354 3796 3429 δίκῃ

2129 3491 2171 3548 C
2202 3459 2310 3511 τῶν
2362 3457 2760 3530 ψηφισαμένων
2815 3453 3274 3525 κατεψηφίσαντο.
3345 3449 3510 3504 Ἀλλὰ
3563 3448 3797 3512 τούτους

2211 3552 2308 3622 μὲν
2335 3552 2394 3602 ἐν
2440 3550 2701 3620 Ἀριμίνῳ
2752 3547 3053 3620 περιορίζει
3095 3543 3505 3604 Κωνστάντιος·
3563 3541 3799 3595 Ἀθανά-

2213 3660 2324 3706 σιος
2364 3641 2441 3706 δὲ,
2493 3640 2586 3694 τὸν
2625 3639 2847 3709 βασιλέα
2896 3637 3079 3709 μαθὼν
3115 3636 3256 3690 οὑτω
3297 3633 3795 3704 συσκευαζόμενον,

2208 3734 2484 3806 διεφθορὸς
2530 3751 2591 3786 τε
2643 3732 2703 3785 τὸ
2757 3731 3123 3801 δικαστήριον,
3175 3727 3428 3790 ἐπιόντας
3459 3725 3517 3779 δέ
3547 3727 3653 3796 ήδη
3703 3727 3801 3780 καὶ

2210 3829 2334 3888 τοὺς
2364 3825 2696 3898 ἐπαρχικοὺς
2719 3866 2733 3890 ,
2776 3826 2914 3879 ῶστε
2938 3821 3217 3874 συλλαϐεῖν
3241 3820 3424 3882 αὑτὸν,
3457 3819 3604 3872 κατά
3645 3820 3801 3873 θείαν

2212 3921 2305 3973 καὶ
2333 3918 2493 3972 πάλιν
2522 3917 2665 3985 ὄψιν,
2705 3915 2872 3986 μέσας
2910 3913 3108 3976 νύκτας
3135 3911 3228 3964 τοῦ
3279 3909 3634 3963 ἐπισκοπείου
3695 3912 3802 3963 ὑπ-

2212 4009 2461 4074 εξελθὼν,
2482 4008 2571 4060 ἐπί
2591 4024 2713 4059 τινα
2742 4005 2865 4058 νέαν
2887 4002 3218 4071 καταφεύγει
3235 4000 3524 4072 παρθένον,
3549 4001 3800 4053 εἰκοστόν

2214 4117 2316 4153 που
2354 4100 2456 4170 ἤδη
2491 4099 2588 4168 τῆς
2620 4095 2835 4165 ἡλικίας
2884 4094 3120 4161 ἄγουσαν
3158 4092 3295 4155 ἔτος.
3343 4092 3559 4163 Ὠραῖον
3596 4091 3654 4144 δέ
3690 4091 3804 4162 ἄρα

2216 4193 2401 4264 χρῆμα
2437 4191 2529 4244 καὶ
2560 4189 2793 4258 τερπνὸν
2833 4189 2867 4259 ἡ
2901 4185 3190 4257 παρθένος,
3239 4185 3336 4239 καὶ
3380 4182 3633 4256 καθαρὰν
3669 4184 3806 4236 ὑπο-

2217 4284 2365 4348 νοίας
2391 4282 2489 4354 τὴν
2517 4281 2658 4336 κατὰ
2681 4279 2789 4333 τῶν
2823 4279 3068 4351 ἀρρένων
3099 4276 3411 4347 συνοίκησιν
3446 4276 3712 4346 παρέχειν
3738 4275 3803 4327 οὑ

2218 4374 2510 4444 δυναμένη.
2547 4372 2722 4433 Ἢτις,
2754 4367 2832 4439 τῷ
2859 4369 3099 4438 ἀδοκήτῳ
3116 4365 3210 4420 τοῦ
3239 4365 3562 4436 πράγματος
3598 4363 3808 4418 ἐκπλα-

2219 4467 2398 4534 γεῖσα,
2429 4463 2528 4534 τήν
2563 4460 2738 4515 αἰτίαν
2775 4459 2974 4531 ἐζήτει.
3045 4459 3334 4521 Κάκεῖνος,
3372 4454 3685 4520 ὑπολαϐὼν,
3717 4455 3806 4508 διο

2218 4560 2423 4628 ηγεῖτο,
2462 4554 2537 4618 ὡς
2587 4552 2836 4624 Ἐπειδὴ,
2887 4550 3041 4621 φησὶ,
3073 4549 3272 4621 πολλὴν
3331 4546 3609 4618 πανταχοῦ
3673 4546 3809 4616 περὶ

2223 4646 2354 4718 ἐμοῦ
2393 4646 2490 4718 τὴν
2517 4644 2738 4716 ἔρευναν
2772 4647 2820 4698 οἱ
2843 4645 2940 4715 τῆς
2975 4643 3181 4715 Ἀρείου
3218 4641 3502 4704 κοινωνίας
3539 4641 3809 4709 πεποίην-

2225 4758 2335 4802 ται,
2360 4739 2541 4801 δείσας
2563 4736 2674 4806 ἐγὼ
2697 4736 2771 4807 μὴ
2805 4735 3127 4807 συλληφθεὶς
3157 4735 3247 4788 ὑπ’
3269 4732 3446 4788 αὑτῶν
3473 4733 3572 4785 καὶ
3595 4732 3812 4801 ἀναιρεο

555 4834 868 4892 reperturus
891 4823 1016 4876 sim.
1046 4821 1173 4877 iltec
1201 4822 1292 4876 ubi
1322 4823 1716 4893 audivitvirgo,
1741 4825 1888 4878 omni
1913 4835 2101 4878 remot:

2223 4830 2354 4895 Θε¹ις,
2387 4828 2576 4882 ἔπειτα
2601 4825 2871 4897 τιμωρίας
2899 4827 3080 4889 αὐτοῖς
3102 4823 3368 4878 ἀθανάτου
3395 4823 3650 4894 γένωμαι
3675 4821 3812 4893 πρό-

551 4913 717 4966 animi
775 4912 1106 4980 suspicione,
1157 4911 1354 4978 gaudio
1417 4911 1572 4979 plena
1633 4921 1776 4967 totas
1822 4912 2117 4968 Athanasio

553 5019 739 5080 portas
764 5010 996 5078 aperuit,
1031 5024 1127 5063 seu
1160 5007 1343 5076 potius
1373 5008 1552 5061 cordis
1587 5007 1807 5073 januam
1839 5010 2118 5073 reseravit,

555 5118 617 5156 uc
645 5100 853 5171 supinis
883 5113 1027 5163 eum,
1052 5107 1112 5151 ut
1142 5098 1313 5162 aiunt,
1337 5095 1588 5152 manibus
1614 5100 1844 5166 excepit.
1879 5099 2122 5165 Eumque

555 5192 644 5246 illa
678 5205 775 5262 per
807 5204 904 5245 sex
935 5203 1129 5252 annos,
1160 5198 1293 5258 quot
1331 5187 1540 5243 scilicet
1581 5187 1932 5243 Constantius
1958 5190 2122 5242 vitam

551 5282 828 5353 produxit,
859 5278 914 5334 in
954 5277 1257 5333 recessibus
1288 5278 1480 5333 domus
1525 5279 1837 5341 occultavit,
1879 5293 2123 5333 commu-

553 5391 652 5430 nes
680 5372 922 5446 quotidie
954 5370 1096 5426 sales
1125 5385 1422 5441 apponens,
1463 5370 1737 5440 librosque
1788 5370 2002 5424 aliunde
2032 5385 2126 5425 ae-

555 5477 764 5536 ceptos,
794 5465 890 5536 ipsi
920 5465 987 5519 ad
1015 5465 1336 5520 exercitium
1363 5474 1416 5518 et
1443 5463 1846 5518 meditationem
1872 5461 2125 5518 aﬂ‘erens.

555 5558 733 5627 Atque
767 5560 839 5615 ita
889 5559 1031 5614 illius
1061 5557 1275 5626 corpori
1320 5566 1376 5610 et
1415 5557 1607 5608 anima:
1639 5555 1884 5608 convivia
1916 5555 2002 5622 pie
2033 5569 2128 5622 pa-

556 5651 715 5712 rabat
754 5669 770 5706 :
823 5653 966 5706 hanc
999 5649 1341 5704 sermonibus
1392 5660 1528 5716 quos
1575 5660 1764 5714 panem
1814 5644 2126 5712 angelorum

557 5757 680 5796 esse
715 5745 1010 5804 credimus,
1053 5741 1181 5796 illud
1227 5756 1355 5794 vero
1390 5738 1702 5809 quotidiana
1749 5751 1933 5790 mensa
1969 5747 2129 5806 atque

560 5835 829 5896 ιπυηγὶςὶο,
871 5850 1081 5889 necnon
1132 5835 1548 5902 quibuseunque
1598 5832 1720 5888 aliis
1750 5828 1984 5885 ofﬁciosa
2034 5829 2123 5885 illa

561 5938 756 5981 manus
805 5925 1068 5992 hospitem
1126 5925 1378 5992 excipere
1422 5923 1653 5980 valebat.
1701 5921 1942 5996 Propriis
1995 5923 2122 5981 item

2227 4920 2395 4985 ξενος,
2429 4919 2606 4991 φυγὴν
2639 4917 2823 4980 ἐννοῶ,
2851 4919 2943 4970 καὶ
2971 4916 3088 4987 Θεῷ
3124 4916 3270 4987 μόνῳ
3296 4914 3366 4968 τὰ
3398 4914 3518 4967 κατ’
3565 4915 3812 4986 ἐμαυτὸν

2228 5011 2521 5084 ἐπιτρέπω,
2561 5012 2673 5082 Τῆς
2700 5009 2894 5074 νυκτὸς
2925 5009 2982 5065 δέ
3023 5026 3112 5082 μοι
3148 5006 3350 5077 ταύτης
3407 5007 3619 5068 ἐκεῖνος
3655 5007 3812 5076 παρά

2231 5103 2314 5154 σοὶ
2347 5101 2480 5173 μόνη
2525 5101 2621 5172 τὴν
2679 5101 2951 5171 σωτηρίαν
3005 5100 3184 5170 εὑρεῖν
3227 5097 3555 5168 ἀπορῤήτως
3596 5099 3814 5151 ἀνακα-

2229 5194 2438 5248 λύπτει.
2465 5193 2680 5248 Τούτων
2701 5194 2776 5258 ὼς
2803 5195 3033 5266 ἤκουσεν
3057 5194 3090 5264 ἡ
3119 5190 3403 5263 παρθένος,
3436 5193 3622 5244 πᾶσαν
3647 5192 3818 5256 εὐθὺς

2231 5283 2338 5337 ἀπὸ
2362 5283 2460 5352 τῆς
2490 5283 2669 5355 ψυχῆς
2694 5283 2947 5337 ὑπόνοιαν
2976 5281 3299 5346 ἐκϐαλοῦσα,
3335 5283 3505 5352 μεστή
3531 5299 3592 5334 τε
3616 5282 3818 5354 ἡδονῆς

2233 5376 2518 5446 γενομένη,
2556 5376 2650 5429 καὶ
2675 5375 2803 5439 ὅλας
2843 5373 3142 5444 Ἀθανασίῳ
3175 5373 3349 5435 πύλας
3388 5374 3813 5438 ἀναπετάσασα,

2234 5468 2269 5538 ἦ
2312 5469 2406 5521 καὶ
2426 5467 2524 5531 τὰς
2562 5468 2662 5538 τῆς
2701 5467 2926 5539 καρδίας
2978 5466 3176 5536 μᾶλλον
3215 5466 3409 5528 εἰπεῖν,
3449 5465 3678 5532 ὑπτίαις
3711 5469 3817 5522 αὑ-

2234 5558 2346 5622 τὸν,
2378 5559 2407 5612 ὃ
2433 5558 2498 5630 δὴ
2529 5559 2766 5628 λέγεται,
2819 5559 3031 5629 δέχεται
3071 5560 3191 5620 ταῖς
3232 5557 3439 5629 χερσίν.
3486 5557 3718 5613 Ὅντινα
3751 5559 3821 5633 δὴ

2231 5651 2328 5703 καὶ
2358 5654 2435 5714 εἰς
2461 5652 2618 5706 ἕκτον
2660 5652 2718 5718 ἐξ
2747 5651 2954 5704 ἐκείνου
2998 5651 3210 5722 χρόνον,
3263 5649 3348 5718 ἐφ’
3396 5649 3520 5703 ὅσον
3569 5649 3824 5723 δηλονότι

2233 5742 2328 5796 καὶ
2361 5742 2721 5814 Κωνσταντίῳ
2753 5743 2822 5797 τά
2851 5745 2950 5813 τῆς
2976 5744 3121 5815 ζωῆς
3157 5741 3526 5812 παρετείνετο,
3567 5743 3627 5795 ἐν
3661 5741 3824 5800 οἴκου
3883 5738 3895 5747 ’

2233 5836 2422 5905 μυχοῖς
2477 5830 2545 5905 ἦν
2611 5834 3100 5906 κατακρύπτουσα,
3147 5833 3359 5895 κοινοὺς
3405 5831 3528 5885 καθ’
3569 5833 3824 5908 ἑκάστην

2231 5926 2364 5992 ἅλας
2401 5925 2779 5997 παρατιθεῖσα,
2837 5924 3049 5997 βίϐλους
3095 5941 3151 5977 τε
3204 5921 3498 5995 ἀλλαχόθεν
3551 5924 3820 5998 ἀναιρου-
