3990 6516
1131 492 1294 549 VlTA
1335 495 1396 552 S.
1435 498 1809 559 ATHANASH
1850 506 2156 568 INCERTO
2193 513 2546 570 AUCTORE.

3354 535 3454 582 CCV

169 596 283 712 μένη,
322 600 430 654 καὶ
489 603 677 678 αὐτῷ
732 611 889 682 πρὸς
927 612 1157 684 ἄσκησιν
1199 618 1293 669 καὶ
1357 618 1588 692 μελέτην
1631 641 1769 694 παρ-

1888 631 2138 687 manibus
2171 634 2288 702 ejus
2319 637 2482 706 pedes
2507 635 2810 706 gabluebat;
2848 637 2955 692 imo
2982 640 3184 709 potius,
3214 642 3329 710 ipso
3361 657 3455 712 pe-

170 692 343 764 ίχουσαο
401 697 516 749 καὶ
559 699 772 767 οὕτως
837 705 1002 759 αὑτοῦ
1057 707 1316 776 φιλοθέως
1363 713 1639 785 καὶσῶμα
1685 692 1779 770 καὶ

171 784 296 878 ᾁυχὴν
320 786 624 878 ἐστιῷσα,
678 794 800 865 τὴν
851 797 953 868 μὲν
1001 798 1198 867 λόγοις,
1234 799 1328 864 οὓς
1368 800 1431 875 δὴ
1484 784 1578 858 καὶ
1615 806 1778 878 ἄρτον

175 877 365 948 ἀγγέλων
412 876 576 936 εἶναι
628 887 1015 960 πιστεύομεν,
1056 892 1115 944 τὸ
1161 892 1216 944 δὲ
1265 893 1604 968 καθημερινῇ
1647 876 1779 971 τρα-

179 971 277 1042 πέζῃ
308 973 401 1026 καὶ
449 975 778 1044 ἑστιάσει,
837 983 934 1036 καὶ
977 985 1121 1048 ὅσοις
1177 985 1356 1051 ἄλλοις
1405 989 1440 1060 ἡ
1499 989 1780 1062 φιλότιμος

1886 719 2013 773 dum
2062 721 2178 790 ejus
2225 737 2476 780 contactu
2531 743 2722 785 manus
2774 730 3145 786 Sanctiﬁcabat
3206 749 3352 798 suas,
3399 743 3456 789 et

1885 811 2148 882 quidquid
2167 815 2264 884 ipsi
2283 831 2420 886 opus
2451 829 2568 874 erat
2593 821 2876 891 diligenter
2897 839 2962 878 ac
2979 826 3218 880 studiose
3250 826 3457 882 submi-

1885 904 2126 960 nistrans
2148 946 2164 971 ,
2191 909 2346 977 quasi
2390 912 2490 980 ipsi
2524 913 2701 981 potius
2717 929 2875 984 quam
2895 916 2994 972 sibi
3012 927 3066 972 et
3090 918 3373 975 facultates
3399 929 3454 976 et

1885 995 2076 1050 domus
2107 1002 2337 1068 pmprite
2366 1014 2567 1058 essent.

178 1065 314 1136 ἐκείνη
351 1065 482 1137 χεὶρ
524 1067 880 1134 δεξιοῦσθαι
911 1074 999 1127 τὸν
1036 1074 1182 1140 ξένον
1214 1077 1472 1147 ἠδύνατοο
1512 1079 1776 1136 νίπτουσὰ
1812 1100 1870 1136 τε
1932 1089 2119 1158 χερσὶν
2149 1092 2376 1156 οἰκείαις
2407 1097 2531 1160 τοὺς
2598 1099 2782 1163 πόδας,
2821 1100 3019 1170 μᾶλλον
3050 1101 3106 1154 δὲ
3137 1103 3236 1165 τὰς
3267 1105 3454 1176 χεῖρας

182 1156 279 1226 αὐτῇ
308 1159 369 1227 τῇ
404 1160 798 1230 προσψαύσει
841 1165 953 1218 τῶν
994 1167 1200 1221 ἐκείνου
1242 1169 1416 1222 ποδῶν
1485 1171 1804 1241 ἁγιάζουσα,
1846 1177 2150 1243 σπουδαίως
2215 1199 2276 1235 τε
2331 1185 2421 1237 καὶ
2462 1187 2676 1258 Θερμῶς
2719 1190 2897 1254 πάσας
2933 1191 3082 1261 αὐτῷ
3124 1192 3222 1255 τὰς
3265 1156 3454 1266 χρείας

181 1249 480 1316 διακονοῦσα,
545 1257 845 1312 κάκείνου
903 1262 1100 1332 μᾶλλον
1147 1263 1180 1335 ἢ
1228 1265 1426 1337 ἑαυτῆς
1465 1267 1534 1320 τά
1561 1285 1620 1320 τε
1651 1270 1778 1322 ὄντα
1811 1271 1904 1324 καὶ
1933 1271 2029 1344 τὴν
2055 1275 2232 1332 οίκίαν
2254 1274 2391 1333 εἶναι
2415 1284 2923 1353 παρασκευάζουσα.

227 1343 300 1397 22.
332 1346 421 1399 Ἐν
450 1349 732 1420 τοσούτῳ
784 1353 850 1405 δὲ
903 1354 1293 1428 Ἀλεξανδρέων
1320 1359 1354 1429 ἢ
1386 1376 1447 1413 τε
1495 1360 1650 1425 πόλις
1685 1361 1780 1416 καὶ

178 1436 388 1508 ὸδῆμος
433 1440 592 1494 κατὰ
647 1441 905 1515 ζήτησιν
969 1448 1285 1505 Ἀθανασίου
1346 1456 1621 1525 πανταχοῦ
1677 1473 1778 1509 πε-

179 1527 382 1600 ριῄεσαν,
417 1528 579 1584 οὕτω
604 1550 665 1585 τι
707 1534 845 1588 λίαν
873 1539 1170 1608 ἐπιμελῶς,
1205 1541 1346 1596 ὥστε
1374 1546 1467 1598 καί
1497 1545 1679 1618 ψυχῆς
1712 1545 1777 1600 ἂν

177 1621 310 1691 αὐτῆς
340 1621 589 1687 ἕκαστος
612 1626 727 1697 τὴν
765 1627 866 1681 τοῦ
903 1630 1091 1702 ἀνδρὸς
1118 1632 1334 1705 εὕρεσιν
1364 1637 1533 1707 ἡδέως
1554 1637 1777 1708 ἐπρίαν-

175 1731 234 1766 το.
272 1714 405 1768 Ἀλλ’
443 1711 521 1787 ἦν
569 1718 814 1785 ἄπολις,
868 1721 1073 1788 ἄοικος,
1103 1727 1377 1794 ἄγνωστος
1401 1729 1495 1800 (α),
1529 1733 1594 1801 τῇ
1642 1749 1781 1802 παρ-

175 1805 282 1876 Θένῳ
309 1806 364 1859 δὲ
400 1808 550 1881 μόνῃ
595 1810 705 1864 καὶ
741 1811 871 1883 Θεῷ
912 1814 1219 1886 γνώριμος·
1265 1819 1405 1873 ὥστε
1456 1821 1552 1873 καὶ
1609 1822 1778 1895 πολλὴ

175 1900 268 1950 κατ’
305 1900 489 1953 ἐκεῖνο
535 1902 758 1975 καιροῦ
809 1904 913 1976 τὴν
971 1907 1291 1979 Ἐκκλησίαν
1361 1915 1579 1983 κατεῖχε
1646 1931 1778 1968 κατ-

1946 1367 2038 1423 29..
2076 1369 2382 1441 Tantopere
2419 1386 2598 1430 autem
2637 1375 3125 1435 Alexandrinorum
3159 1382 3352 1438 civitas
3392 1394 3450 1441 et

1877 1461 2129 1529 populus,
2155 1463 2221 1519 ad
2259 1468 2677 1537 perquirendum
2719 1471 3070 1526 Athanasium
3110 1482 3218 1527 tum
3254 1475 3454 1547 ubique

1878 1554 2360 1624 circumcursabat,
2396 1569 2560 1631 atque
2587 1576 2710 1616 cum
2742 1573 2889 1618 tanta
2922 1579 3082 1628 cura,
3135 1575 3194 1618 ut
3223 1567 3453 1637 quisque

1881 1647 1965 1702 vel
2019 1650 2214 1705 anima:
2259 1667 2370 1706 sua!
2401 1653 2575 1722 pretio
2627 1656 2804 1710 virum
2844 1658 3081 1726 reperire
3123 1669 3451 1727 peroptaret.

1879 1738 1988 1795 Sed
2021 1751 2140 1796 erat
2183 1742 2272 1798 ille
2303 1745 2421 1798 sine
2473 1747 2716 1813 civitate,
2769 1749 2887 1802 sine
2919 1749 3098 1811 domo,
3133 1751 3455 1818 ignotusque

1877 1833 1977 1886 nisi
2002 1833 2100 1888 soli
2131 1836 2326 1906 virgini
2355 1847 2519 1907 atque
2548 1840 2679 1905 Deo,
2711 1840 2787 1894 ita
2821 1850 2878 1895 ut
2901 1840 3089 1910 ingens
3121 1857 3185 1896 eo
3216 1853 3456 1912 tempore

1877 1925 2098 1980 tristitia
2128 1927 2432 1984 Ecclesiam
2468 1941 2789 2000 occuparet,
2817 1933 3114 2003 Videreque
3140 1944 3260 1988 erat
3287 1935 3454 1990 deco-

175 1993 332 2061 ήτεια,
375 1994 476 2047 καὶ
522 1990 602 2066 ἦν
633 1995 702 2050 τὺ
744 1997 947 2062 κάλλος
982 1999 1110 2055 ίδεῖν
1177 2001 1278 2072 τῆς
1329 2003 1596 2077 θυγατρὸς
1640 2005 1769 2060 Σιὼν

1882 2033 1995 2071 rem
2034 2018 2156 2073 lilia:
2183 2019 2310 2074 Sion
2344 2019 2750 2076 ﬂaccescentem
2785 2025 2837 2076 in
2868 2025 2983 2079 dies
3004 2036 3059 2079 et
3089 2040 3458 2081 emarcescen-

174 2085 420 2168 ἀπανθοῦν
454 2085 696 2157 ἁθῴως
745 2090 845 2142 καὶ
883 2092 1295 2163 μαραινόμενον.
1338 2095 1485 2166 Πλὴν
1518 2096 1627 2168 γὰρ
1661 2096 1774 2150 ὀλί-

175 2167 452 2247 γωνᾶγαν,
509 2181 567 2232 οἱ
635 2181 743 2251 μὲν
803 2183 903 2235 καὶ
949 2184 1230 2256 πράγματι
1279 2187 1372 2240 καὶ
1424 2187 1647 2260 ὀνόματι
1685 2184 1774 2243 οἷα

175 2271 252 2323 καὶ
309 2270 386 2342 (b)
447 2273 751 2344 μετῄεσαν
830 2275 932 2345 τὴν
986 2277 1271 2332 ἀσέϐειανο
1333 2280 1380 2332 oi
1427 2279 1484 2332 δὲ
1550 2282 1773 2352 ὀνόματι

177 2363 313 2433 μόνον
349 2363 443 2418 τὸν
481 2367 944 2437 Χριστιανισμὸν
979 2371 1328 2439 τιμήσαντες,
1367 2369 1513 2444 ἔργῳ
1551 2373 1609 2427 δὲ
1647 2374 1774 2436 τοὺς

174 2456 401 2525 πρώτους
436 2459 586 2512 πολὺ
629 2459 842 2530 μᾶλλον
866 2463 948 2524 εἰς
972 2463 1174 2516 κακίαν
1204 2467 1542 2534 νικήσαντες,
1563 2467 1685 2519 ὅσον
1709 2466 1770 2519 οὑ

173 2551 422 2622 φανερῶς,
449 2551 554 2617 οὒς
591 2553 730 2625 ἐνῆν
773 2555 878 2608 ὅσα
927 2557 1022 2608 καὶ
1069 2556 1364 2628 πολεμίους
1412 2558 1770 2628 φυλάξασθαι,

170 2644 270 2696 ἀλλ’
323 2645 563 2714 ἀφανῶς
640 2647 704 2699 ἐν
780 2648 1132 2719 προσχήματι
1194 2651 1651 2722 Χριστιανισμοῦ,
1711 2653 1773 2706 τὸ

168 2735 478 2809 βλάσφημον
542 2739 773 2809 Ἀρείου
830 2738 1012 2810 δόγμα
1075 2743 1360 2813 κρατύνειν
1417 2746 1767 2810 ἐσπούδαζον.

163 2829 332 2899 Μέρος
381 2829 580 2900 μέντοι
619 2830 728 2909 τῆς
761 2832 1026 2903 τοιαύτης
1059 2834 1310 2899 ἀσεϐείας
1351 2839 1453 2891 οὐκ
1489 2837 1772 2909 ἐλάχιστον

163 2922 188 2972 ό
217 2921 636 2986 Κωνστάντιος,
671 2923 785 2994 ὅσῳ
821 2924 920 2977 καὶ
950 2924 1048 2996 τὴν
1082 2927 1324 2994 ἐξουσίαν
1360 2926 1505 3001 εἶχεν
1535 2931 1642 2984 ἀπὸ
1671 2933 1772 3001 τῆς

163 3011 440 3081 βασιλείας
471 3015 916 3086 συναιρομένην,
950 3017 1043 3070 καὶ
1077 3020 1284 3084 πάντας
1329 3023 1576 3086 εἴκοντας
1604 3023 1770 3090 ὀξέως

160 3106 318 3160 αὑτοῦ
358 3109 459 3161 καὶ
499 3107 660 3178 μόνῳ
691 3107 774 3178 τῷ
797 3108 1050 3179 νεύματι.
1083 3112 1486 3183 Παρεκελεύετο
1517 3111 1610 3168 οὖν
1637 3116 1773 3187 πρός

159 3217 215 3251 τε
240 3200 368 3265 τοὺς
405 3200 564 3255 κατὰ
593 3200 698 3272 τὴν
741 3200 977 3254 Ἰταλίαν
1005 3203 1350 3268 ἐπισκόπους,
1377 3207 1468 3261 καὶ
1493 3207 1627 3278 πρὸς
1646 3209 1773 3271 τοὺς

161 3293 476 3364 ἅπανταχοῦ
513 3295 628 3364 γῆς
650 3293 956 3346 διαϐαίνειν
984 3293 1080 3365 τὴν
1121 3289 1304 3350 νόσονῖ
1341 3299 1374 3370 ἦ
1412 3300 1486 3369 μὴ
1523 3300 1765 3371 ὑπογρά-

162 3400 276 3451 φειν
315 3384 397 3455 τῷ
443 3383 758 3455 ἐτερουσίῳ
806 3385 1253 3456 προῃρημένους,
1309 3387 1628 3453 ἐξωθεῖσθαι
1672 3391 1770 3460 μὲν

163 3475 354 3541 αὐτοὺς
384 3479 501 3530 τῶν
545 3475 919 3545 Ἐκκλησιῶν,
940 3477 1156 3548 ἐτέρους
1183 3478 1240 3532 δὲ
1273 3484 1384 3544 τοῖς
1413 3480 1622 3552 θρόνοις
1673 3483 1769 3535 ἀν-

161 3569 587 3622 τικαθίστασθαι
615 3587 629 3600 ·
662 3571 754 3623 ὅτε
780 3571 879 3623 καὶ
909 3569 937 3620 ὁ
975 3570 1140 3635 πολὺς
1174 3573 1231 3624 ἐν
1262 3574 1430 3636 ὁσίοις
1462 3574 1558 3627 καὶ
1597 3573 1769 3645 μέγας

165 3662 432 3733 Διδέριος,
473 3661 624 3734 μετὰ
660 3661 887 3716 Ἰούλιον
910 3661 1000 3714 τὸν
1024 3661 1117 3714 τοῦ
1151 3665 1420 3734 μακαρίου
1446 3664 1766 3736 Σιλϐέστρου

165 3755 401 3827 διάδοχον
432 3756 784 3827 κληρονόμος
813 3753 912 3807 τοῦ
952 3755 1091 3808 κατὰ
1139 3755 1354 3828 Ῥώμην
1397 3756 1587 3831 θρόνου
1617 3759 1769 3828 γενό-

172 3867 346 3918 μενος,
394 3847 710 3922 ὑπερορίαν
754 3847 1203 3912 καταδικάζεται.
1245 3849 1410 3921 Φῆλιξ
1448 3851 1518 3922 (c)
1559 3851 1616 3904 δέ
1661 3869 1765 3917 τις,

170 3940 273 3994 ἀντ’
304 3942 481 3997 αὑτοῦ
535 3941 694 4012 παρὰ
733 3941 847 3994 τῶν
889 3941 1180 4012 αἱρετικῶν
1217 3943 1475 4014 αἱρεθεὶς,
1522 3943 1767 4016 θεηλάτῳ

172 4033 516 4106 παραχρῆμα
565 4035 730 4104 ποινῇ
761 4030 866 4103 τὴν
910 4029 1063 4099 δίκην
1107 4030 1320 4085 δίδωσιο
1367 4032 1465 4086 νῦν
1514 4035 1612 4104 μὲν
1656 4034 1766 4088 τῶν

172 4126 341 4195 δζνεων
389 4125 651 4190 ἐλεεινῶς
687 4123 1114 4196 ἀποστερηθεὶς,
1149 4123 1244 4178 νύν
1274 4125 1332 4178 δὲ
1373 4125 1592 4199 λοιμικῇ
1625 4128 1764 4199 νόσῳ

174 4216 358 4284 χρόνον
389 4219 484 4270 ἐπὶ
506 4216 706 4288 συχνὸν
730 4214 1073 4286 διαφθαρεὶς,
1099 4216 1194 4270 καὶ
1223 4216 1392 4280 κακὸς
1416 4217 1556 4286 ἄγαν
1579 4218 1765 4282 κακῶς

180 4309 566 4382 ἀπολλύμενος,
612 4311 714 4382 τῆς
770 4307 926 4372 Θείας
971 4309 1112 4362 οὕτω
1162 4309 1316 4381 δίκης
1346 4310 1474 4374 τοὺς
1503 4310 1764 4383 ὑϐριστὰς

183 4398 486 4468 μετιούσης.
522 4399 562 4451 Γ
566 4397 804 4470 εώργιος
838 4398 918 4462 δὲ,
955 4400 988 4468 ἡ
1023 4398 1131 4452 τῶν
1185 4399 1577 4472 Ἀλεξανδρέων
1614 4401 1762 4472 ἐριν-

181 4487 286 4552 νΞις,
319 4485 471 4544 εἶπεν
501 4491 567 4545 ἄν
601 4508 708 4555 τις,
739 4490 810 4543 τὰ
845 4491 1050 4562 συνήθη
1083 4491 1242 4546 πάλιν
1285 4494 1415 4565 περὶ
1461 4494 1558 4566 τὴν
1609 4495 1762 4550 πόλιν

185 4579 368 4643 ἐποίει,
398 4583 738 4654 θερμότερος
766 4583 934 4646 αὐτὸς
967 4583 1159 4637 ἑαυτοῦ
1193 4587 1404 4655 φανεὶς,
1434 4588 1527 4641 καὶ
1559 4588 1762 4642 πλείονι

185 4674 245 4741 τῇ
269 4675 410 4728 κατὰ
435 4675 538 4745 τῆς
571 4675 894 4748 όρθοδοξίας
919 4677 1063 4747 ὁρμῇ
1109 4679 1202 4731 καὶ
1241 4678 1318 4749 τῷ
1349 4679 1505 4751 θυμῷ
1544 4682 1763 4752 χρώμε-

183 4779 284 4829 νος.
327 4768 416 4821 Ἐν
449 4767 633 4838 τούτῳ
677 4768 735 4822 δὲ
774 4768 874 4821 καὶ
925 4768 1184 4833 Μελέτιος
1217 4772 1245 4822 ὁ
1291 4772 1391 4842 τῆς
1449 4773 1763 4844 Ἀντιοχέων

188 4856 494 4925 ἐπίσκοπος,
528 4859 609 4931 τῷ
636 4860 914 4931 όμοουσίῳ
961 4861 1255 4933 διαρρήδην
1302 4864 1634 4936 συνηγορῶν,
1669 4865 1760 4918 τοῦ

188 4946 366 5017 θῴνου
396 4952 764 5023 καθαιρείται,
819 4953 918 5004 καὶ
967 4953 1260 5024 ὑπερορίαν
1305 4955 1759 5026 καταψηφίζεται,

187 5030 229 5105 ᾧ
259 5042 390 5096 πολύ
425 5061 480 5097 τι
520 5043 732 5114 πλῆθος
768 5043 884 5097 τῶν
916 5044 1208 5116 ὀρθοδόξων
1248 5047 1508 5118 ἑπόμενον
1544 5043 1632 5118 ἦν,
1659 5048 1760 5118 τὴν

185 5131 284 5183 τῶν
315 5135 574 5189 ἐναντίων
622 5135 919 5189 κοινωνίαν
963 5138 1062 5189 οὑκ
1112 5137 1491 5209 ἀνασχόμενοι.
1525 5139 1762 5205 Εὑζώῖος

186 5214 256 5280 δὲ,
303 5221 332 5274 ὁ
368 5225 490 5286 ταῖς
520 5223 814 5295 ἀληθείαις
862 5225 1134 5290 κακόϐιος,
1185 5229 1266 5290 είς
1307 5227 1406 5299 τὴν
1446 5230 1762 5301 Ἀντιοχέων

185 5309 518 5370 καθίσταται.
569 5316 793 5388 Ταύτης
823 5315 934 5386 γὰρ
961 5320 1318 5391 προειστήκει.
1345 5321 1621 5387 Μελέτιος.
1655 5324 1762 5377 Εὑ-

183 5398 351 5467 δόξιός
388 5423 447 5460 τε
490 5408 521 5462 ὁ
553 5408 680 5462 λίαν
723 5406 1018 5473 κακόδοξος
1064 5408 1166 5479 τῆς
1209 5412 1766 5478 Κωνσταντινουπολι-

183 5491 289 5546 τῶν
330 5499 617 5556 ἐπιϐαίνει.
680 5499 876 5562 Οὕτως
924 5502 958 5570 ἡ
1014 5503 1200 5566 κακία,
1255 5502 1428 5568 οὕτως
1476 5507 1505 5558 ό
1547 5505 1758 5575 φθόνος,

183 5585 440 5646 πάντοθεν
494 5592 565 5646 τὰ
617 5595 726 5664 τῆς
777 5590 1102 5662 Ἐκκλησίας
1166 5595 1507 5666 συνταράξας
1557 5614 1618 5650 τε
1665 5600 1760 5652 καὶ

183 5683 426 5753 συγχέας,
461 5688 558 5741 κα)⁵
589 5688 737 5761 πρὸς
763 5685 836 5739 τὰ
866 5685 1113 5741 πολιτικὰ
1144 5690 1342 5759 χωρεῖν
1386 5690 1632 5762 ἄρχεται,
1663 5694 1759 5747 καὶ

1879 2115 2004 2159 tem.
2046 2105 2396 2162 Paucissimis
2429 2111 2576 2164 enim
2615 2112 2882 2179 exceptis,
2911 2112 3003 2166 alii
3031 2114 3248 2182 quidem
3287 2124 3342 2170 et
3393 2131 3456 2174 re

1875 2209 1927 2251 et
1965 2200 2182 2256 nomine
2217 2202 2552 2271 impietatem
2589 2206 2754 2260 veluti
2793 2216 2966 2260 artem
3009 2208 3450 2275 proﬁtebantur:

1876 2291 1966 2344 alii
1998 2306 2126 2346 vero
2169 2292 2283 2346 solo
2311 2296 2530 2348 nomine
2565 2297 3044 2352 Christianismum
3077 2297 3340 2363 colentes,
3355 2299 3452 2352 sed

1877 2379 2056 2450 reipsa
2091 2380 2175 2435 vel
2233 2383 2438 2436 malitia
2475 2385 2956 2453 prmsrantissimos
3006 2387 3166 2456 longe
3223 2401 3450 2457 supera-

1874 2474 2025 2538 bant,
2065 2471 2300 2530 latenter
2351 2475 2500 2539 licet,
2534 2493 2638 2532 non
2680 2486 2738 2532 ut
2773 2479 2805 2532 ii
2840 2479 2930 2547 qui
2982 2487 3168 2548 utpote
3221 2479 3449 2544 inimici,

1874 2566 2052 2620 caveri
2087 2565 2244 2622 facile
2274 2576 2562 2636 poterant;
2607 2571 2703 2625 sed
2746 2570 2958 2624 occulte
3012 2585 3078 2624 ac
3127 2570 3452 2626 Christiani-

1873 2660 1974 2712 smi
2005 2659 2107 2714 sub
2147 2661 2348 2731 specie,
2397 2661 2765 2732 blasphemam
2789 2663 2902 2716 Arii
2929 2663 3229 2717 doctrinam
3254 2661 3454 2718 conﬁr-

1875 2767 2025 2806 mare
2055 2753 2394 2822 satagebant.
2421 2752 2536 2808 Non
2574 2754 2798 2808 minima
2833 2769 2965 2809 sane
3007 2752 3312 2822 huiusmodi
3351 2753 3452 2806 im-

1873 2844 2092 2912 pietatis
2123 2845 2298 2914 portio
2336 2845 2689 2900 Constantius
2719 2855 2840 2902 erat
2878 2865 2894 2903 :
2933 2848 3076 2916 quod
3126 2847 3328 2901 inesset
3373 2845 3448 2900 illi

1874 2937 2227 3007 imperatoria
2275 2948 2541 3008 potestas,
2575 2939 2826 3008 quodque
2860 2939 3013 2994 nutui
3069 2938 3210 2993 illius
3261 2953 3451 2994 omnes

1872 3031 2056 3084 statim
2079 3031 2357 3086 cederent.
2388 3030 2556 3087 Jussit
2584 3047 2713 3102 ergo
2747 3043 2804 3085 ut
2836 3033 2906 3086 ad
2936 3047 3126 3087 omnes
3147 3030 3312 3086 Italia;
3334 3031 3448 3099 epi-

1873 3135 2066 3188 scopos
2094 3133 2150 3176 et
2179 3124 2246 3179 ad
2294 3137 2485 3177 omnes
2520 3125 2657 3178 alios
2686 3124 2887 3193 ubique
2919 3134 3188 3178 terrarum
3223 3123 3447 3177 morbus

1876 3214 1962 3268 ille
1994 3215 2331 3284 pervaderet,
2357 3226 2412 3271 et
2444 3215 2488 3271 si
2513 3216 2604 3285 qui
2637 3215 2713 3287 τῷ
2755 3216 3066 3288 ἐτερουσίῳ,
3124 3215 3174 3270 id
3212 3223 3292 3269 est
3319 3214 3447 3268 alte-

1876 3306 1993 3360 rius
2048 3307 2387 3374 substantim,
2435 3307 2778 3363 subscribere
2829 3315 3171 3370 recusarent,
3202 3306 3237 3360 ii
3270 3306 3451 3374 exige-

1797 3372 1838 3430 ε
1878 3408 2063 3452 rentur
2093 3399 2356 3455 Ecclesiis
2377 3401 2512 3467 suis,
2533 3400 2734 3471 aliique
2766 3415 2952 3455 eorum
2986 3398 3106 3453 loco
3137 3400 3190 3452 in
3221 3399 3447 3452 thronos

1877 3492 2356 3547 constituerentur.
2405 3492 2633 3560 Quando
2673 3495 2837 3549 etiam
2893 3491 3126 3547 eximius
3164 3490 3255 3545 ille
3305 3492 3447 3545 inter

1875 3595 2114 3650 Sanctus,
2149 3593 2311 3654 atque
2357 3601 2586 3658 magnus
2620 3586 2898 3652 Liberius.
2945 3585 3038 3655 qui
3085 3595 3206 3654 post
3244 3582 3444 3640 Juliutn

1873 3677 2016 3732 beati
2067 3674 2338 3748 Sylvestri
2375 3691 2774 3744 successorem,
2811 3679 3114 3732 Romanum
3161 3675 3446 3747 occupavit

1877 3768 2152 3833 thronum,
2185 3768 2377 3824 exsilio
2430 3770 2720 3824 damnatus
2765 3768 2886 3824 fuit.
2922 3769 3073 3824 Felix
3111 3779 3290 3824 autem
3321 3767 3444 3837 qui-

1873 3862 1993 3916 dam
2037 3862 2089 3916 in
2125 3861 2244 3930 ejus
2288 3861 2464 3916 locum
2504 3862 2572 3916 ab
2619 3862 2892 3917 luereticis
2925 3869 3235 3932 cooptatus,
3266 3861 3446 3915 divina

1871 3949 2054 4002 statim
2079 3947 2283 4004 ultione
2310 3965 2499 4020 ptenas
2529 3950 2696 4016 dedit,
2725 3961 2839 4004 tum
2865 3951 3038 4006 oculis
3067 3949 3447 4006 miserabiliter

1872 4042 2136 4111 privatus,
2177 4053 2290 4096 tum
2323 4043 2598 4111 pestilenti
2631 4044 2822 4098 morbo
2855 4042 3015 4112 longo
3055 4053 3293 4113 tempore
3321 4057 3446 4098 con-

1871 4143 2140 4202 sumptus,
2159 4134 2559 4204 admodumque
2589 4135 2764 4190 malus
2795 4135 2935 4190 male
2960 4135 3138 4203 periit,
3161 4135 3240 4190 sic
3261 4133 3442 4190 divina

1869 4227 2109 4282 vindiCta
2136 4228 2560 4284 contumeliosos
2599 4229 2940 4298 insequente.
2967 4227 3232 4297 Georgius
3261 4236 3440 4281 autem

1867 4318 2354 4375 Alexandrinorum
2371 4319 2530 4384 furia,
2545 4329 2605 4374 ut
2623 4320 2745 4389 quis
2763 4320 2978 4385 dixerit,
2997 4319 3063 4374 de
3077 4331 3225 4372 more
3240 4317 3291 4371 in
3307 4318 3442 4372 urbe

1868 4426 1992 4468 sese
2019 4413 2260 4481 gerebat,
2287 4412 2466 4481 seipso
2492 4412 2863 4468 vehementior
2887 4409 3127 4474 eﬂ‘ectus,
3159 4425 3222 4464 ac
3248 4423 3443 4478 magno

1870 4514 2059 4560 contra
2081 4519 2278 4578 sanam
2303 4506 2608 4560 doctrinam
2638 4505 2838 4574 impetu
2871 4515 3033 4571 atque
3056 4503 3236 4556 animo
3260 4511 3437 4555 utens.

1870 4598 2067 4653 Eodem
2099 4613 2314 4667 quoque
2357 4607 2600 4665 tempore
2647 4597 2894 4651 Meletius
2929 4594 3298 4649 Antiochenus
3326 4593 3442 4663 epi-
3477 4632 3492 4645 .

1869 4702 2085 4756 scopus,
2131 4687 2647 4742 consubstantialem
2679 4696 2866 4754 aperte
2893 4684 3205 4748 defendens,
3241 4682 3440 4738 throno

1871 4780 2140 4846 dejicitur,
2184 4789 2238 4834 et
2283 4780 2478 4834 exsilio
2514 4779 2829 4846 mulctatur,
2862 4794 3021 4849 quem
3056 4779 3232 4834 multa
3258 4777 3439 4834 ortho-

1869 4874 2129 4926 doxorum
2195 4873 2350 4927 turba
2406 4882 2590 4928 secuta
2644 4883 2749 4940 est,
2802 4874 2943 4943 quod
2998 4873 3434 4929 adversariorum

1867 4963 2302 5018 communionem
2343 4963 2490 5019 ferre
2542 4980 2650 5020 non
2700 4973 2942 5034 possent.
2995 4964 3230 5021 Euzoius
3282 4979 3432 5029 vero,

1867 5055 2124 5123 improba!
2162 5071 2294 5112 sane
2338 5058 2465 5112 vitae
2499 5058 2681 5124 homo,
2735 5058 2788 5112 in
2821 5057 3218 5113 Antiochenam
3249 5059 3432 5113 sedem

1864 5148 2148 5203 ordinatus
2189 5149 2506 5215 intruditur,
2562 5151 2717 5219 cujus
2755 5151 2950 5222 praesul
2996 5159 3112 5207 erat
3163 5149 3427 5205 Meletius.

1863 5239 2142 5296 Eudoxius
2177 5255 2331 5307 vero,
2358 5259 2540 5313 prava:
2577 5240 3432 5306 doctrina:homo,Constantino~

1864 5333 2155 5401 politanam
2183 5335 2388 5390 invadit
2410 5336 2726 5391 Ecclesium.
2759 5335 2836 5389 Ita
2868 5335 3206 5404 improbitas,
3240 5331 3311 5384 ita
3344 5329 3427 5383 in-

1862 5424 2029 5491 vidia,
2056 5424 2257 5496 ubique
2284 5427 2583 5483 Ecclesium
2615 5429 2940 5498 perturbans
2975 5436 3030 5480 et
3069 5420 3423 5481 confundens,

1866 5518 2030 5572 etiam
2061 5519 2127 5572 ad
2172 5534 2284 5574 rem
2321 5521 2533 5576 civilem
2570 5522 2865 5592 procedere
2895 5518 3112 5586 incepit,
3146 5530 3210 5569 ac
3253 5511 3425 5567 Julia-

1865 5623 1994 5662 num
2033 5611 2086 5663 in
2119 5609 2310 5666 Galliis
2341 5611 2608 5668 Caesarem
2631 5613 2874 5668 declarat
2905 5611 2972 5665 ab
3002 5611 3118 5679 ipso
3147 5605 3424 5662 Constan-

1863 5696 1938 5752 tio
1966 5710 2294 5768 promotum.

193 5771 466 5836 Ἰουλιανδν
511 5779 877 5835 ἀναδείκνυσι
931 5779 1184 5851 Καίσαρα
1229 5782 1287 5833 ἐν
1337 5781 1377 5833 Γ
1379 5781 1618 5850 αλλίαις,
1669 5783 1760 5837 ὑπ’
1800 5785 1964 5841 αὑτοῦ
1997 5789 2374 5848 Κωνσταντίου
2405 5791 2869 5865 προχειρισθέντα.

245 5889 321 5964 (ο)
346 5890 420 5964 ita
444 5910 579 5950 mss.
616 5894 680 5949 In
704 5891 1026 5964 editi_sivero
1055 5896 1326 5964 ἄγνωστος
1364 5896 1532 5955 deest.

247 5960 320 6033 (ὁ)
342 5963 413 6019 Ita
447 5981 583 6023 mss.
612 5975 793 6022 recte.
821 5961 984 6032 Editi,
1016 5960 1227 6038 τέχνην.

1932 5907 2003 5975 (ε)
2034 5906 2150 5964 Duo
2167 5924 2296 5967 mss.
2328 5908 2506 5980 Φίληξ.
2541 5906 2688 5965 Unus
2714 5905 2879 5972 Φίλιξ.
