  <div class='ocr_page' id='page_1' title='image "/cluster/home/n/w/nwhite01/storage/ocr_20150623/25/hvd.32044004972428/213.png"; bbox 0 0 3990 6506; ppageno 0'>
   <div class='ocr_carea' id='block_1_1' title="bbox 577 547 696 589">
    <p class='ocr_par' dir='ltr' id='par_1_1' title="bbox 577 547 696 589">
     <span class='ocr_line' id='line_1_1' title="bbox 577 547 696 589; baseline -0.017 -1"><span class='ocrx_word' id='word_1_1' title='bbox 577 547 696 589; x_wconf 69' lang='grc' dir='ltr'>τινι</span> 
     </span>
    </p>
   </div>
   <div class='ocr_carea' id='block_1_2' title="bbox 1918 527 2451 582">
    <p class='ocr_par' dir='ltr' id='par_1_2' title="bbox 1918 527 2451 582">
     <span class='ocr_line' id='line_1_2' title="bbox 1918 527 2451 582; baseline -0.002 -1"><span class='ocrx_word' id='word_1_2' title='bbox 1918 527 2451 582; x_wconf 69' lang='grc' dir='ltr'><strong>ΡΒΟιΕϐΟΜΕΝΑ.</strong></span> 
     </span>
    </p>
   </div>
   <div class='ocr_carea' id='block_1_3' title="bbox 642 637 2137 717">
    <p class='ocr_par' dir='ltr' id='par_1_3' title="bbox 642 645 2137 717">
     <span class='ocr_line' id='line_1_3' title="bbox 642 645 2137 717; baseline -0.001 -15"><span class='ocrx_word' id='word_1_3' title='bbox 642 647 734 702; x_wconf 77' lang='grc'><strong>25.</strong></span> <span class='ocrx_word' id='word_1_4' title='bbox 776 645 1123 702; x_wconf 69' lang='lat' dir='ltr'><strong>Constantius</strong></span> <span class='ocrx_word' id='word_1_5' title='bbox 1163 661 1293 717; x_wconf 81' lang='lat' dir='ltr'><strong>ergo</strong></span> <span class='ocrx_word' id='word_1_6' title='bbox 1327 661 1446 700; x_wconf 90' lang='lat' dir='ltr'><strong>cum</strong></span> <span class='ocrx_word' id='word_1_7' title='bbox 1499 645 2016 716; x_wconf 79' lang='lat' dir='ltr'><strong>Constantinopolim</strong></span> <span class='ocrx_word' id='word_1_8' title='bbox 2050 663 2137 717; x_wconf 88' lang='lat' dir='ltr'><strong>pe-</strong></span> 
     </span>
    </p>
   </div>
   <div class='ocr_carea' id='block_1_4' title="bbox 2241 637 3820 717">
    <p class='ocr_par' dir='ltr' id='par_1_4' title="bbox 2312 637 3820 714">
     <span class='ocr_line' id='line_1_4' title="bbox 2312 637 3820 714; baseline -0.005 -14"><span class='ocrx_word' id='word_1_9' title='bbox 2312 645 2402 700; x_wconf 73' lang='grc'><strong>25.</strong></span> <span class='ocrx_word' id='word_1_10' title='bbox 2463 645 2572 714; x_wconf 79' lang='grc' dir='ltr'>Τὴν</span> <span class='ocrx_word' id='word_1_11' title='bbox 2653 643 3058 696; x_wconf 76' lang='grc' dir='ltr'>Κωνσταντίνον</span> <span class='ocrx_word' id='word_1_12' title='bbox 3139 642 3316 695; x_wconf 85' lang='grc' dir='ltr'>τοίνυν</span> <span class='ocrx_word' id='word_1_13' title='bbox 3391 637 3715 694; x_wconf 83' lang='grc' dir='ltr'>καταλαϐὼν</span> <span class='ocrx_word' id='word_1_14' title='bbox 3790 638 3820 692; x_wconf 82' lang='grc'>6</span> 
     </span>
    </p>
   </div>
   <div class='ocr_carea' id='block_1_5' title="bbox 577 739 2142 807">
    <p class='ocr_par' dir='ltr' id='par_1_5' title="bbox 577 739 2142 807">
     <span class='ocr_line' id='line_1_5' title="bbox 577 739 2142 807; baseline 0.001 -15"><span class='ocrx_word' id='word_1_15' title='bbox 577 740 770 804; x_wconf 90' lang='lat' dir='ltr'><strong>tiisset,</strong></span> <span class='ocrx_word' id='word_1_16' title='bbox 810 739 1132 804; x_wconf 74' lang='lat' dir='ltr'><strong>Eudoxium,</strong></span> <span class='ocrx_word' id='word_1_17' title='bbox 1171 741 1245 792; x_wconf 91' lang='lat' dir='ltr'><strong>uti</strong></span> <span class='ocrx_word' id='word_1_18' title='bbox 1297 739 1444 807; x_wconf 89' lang='lat' dir='ltr'><strong>prius</strong></span> <span class='ocrx_word' id='word_1_19' title='bbox 1480 739 1680 793; x_wconf 89' lang='lat' dir='ltr'><strong>dictum</strong></span> <span class='ocrx_word' id='word_1_20' title='bbox 1723 749 1828 803; x_wconf 89' lang='lat' dir='ltr'><strong>est,</strong></span> <span class='ocrx_word' id='word_1_21' title='bbox 1859 740 2142 794; x_wconf 72' lang='lat' dir='ltr'><strong>constituit</strong></span> 
     </span>
    </p>
   </div>
   <div class='ocr_carea' id='block_1_6' title="bbox 576 828 2142 900">
    <p class='ocr_par' dir='ltr' id='par_1_6' title="bbox 576 828 2142 900">
     <span class='ocr_line' id='line_1_6' title="bbox 576 828 2142 900; baseline 0.002 -16"><span class='ocrx_word' id='word_1_22' title='bbox 576 831 930 900; x_wconf 84' lang='lat' dir='ltr'><strong>episcopum:</strong></span> <span class='ocrx_word' id='word_1_23' title='bbox 973 847 1037 886; x_wconf 90' lang='lat' dir='ltr'><strong>ae</strong></span> <span class='ocrx_word' id='word_1_24' title='bbox 1077 831 1258 899; x_wconf 86' lang='lat' dir='ltr'><strong>templi</strong></span> <span class='ocrx_word' id='word_1_25' title='bbox 1312 828 1526 899; x_wconf 69' lang='lat' dir='ltr'><strong>Suphite</strong></span> <span class='ocrx_word' id='word_1_26' title='bbox 1561 830 1709 890; x_wconf 85' lang='lat' dir='ltr'><strong>dicti,</strong></span> <span class='ocrx_word' id='word_1_27' title='bbox 1748 845 1777 884; x_wconf 91' lang='lat' dir='ltr'><strong>a</strong></span> <span class='ocrx_word' id='word_1_28' title='bbox 1825 845 1989 900; x_wconf 87' lang='lat' dir='ltr'><strong>seque</strong></span> <span class='ocrx_word' id='word_1_29' title='bbox 2017 841 2142 887; x_wconf 90' lang='lat' dir='ltr'><strong>tunc</strong></span> 
     </span>
    </p>
   </div>
   <div class='ocr_carea' id='block_1_7' title="bbox 578 922 2143 993">
    <p class='ocr_par' dir='ltr' id='par_1_7' title="bbox 578 922 2143 993">
     <span class='ocr_line' id='line_1_7' title="bbox 578 922 2143 993; baseline 0.001 -17"><span class='ocrx_word' id='word_1_30' title='bbox 578 924 820 976; x_wconf 82' lang='lat' dir='ltr'><strong>renovati</strong></span> <span class='ocrx_word' id='word_1_31' title='bbox 867 922 1107 978; x_wconf 81' lang='lat' dir='ltr'><strong>celebrat</strong></span> <span class='ocrx_word' id='word_1_32' title='bbox 1141 922 1411 985; x_wconf 69' lang='lat' dir='ltr'><strong>Enczenia,</strong></span> <span class='ocrx_word' id='word_1_33' title='bbox 1444 924 1653 976; x_wconf 87' lang='lat' dir='ltr'><strong>decimo</strong></span> <span class='ocrx_word' id='word_1_34' title='bbox 1684 924 1896 993; x_wconf 89' lang='lat' dir='ltr'><strong>imperii</strong></span> <span class='ocrx_word' id='word_1_35' title='bbox 1931 923 2011 977; x_wconf 85' lang='lat' dir='ltr'><strong>sui</strong></span> <span class='ocrx_word' id='word_1_36' title='bbox 2045 940 2143 978; x_wconf 89' lang='lat' dir='ltr'><strong>au-</strong></span> 
     </span>
    </p>
   </div>
   <div class='ocr_carea' id='block_1_8' title="bbox 578 1009 2142 1081">
    <p class='ocr_par' dir='ltr' id='par_1_8' title="bbox 578 1009 2142 1081">
     <span class='ocr_line' id='line_1_8' title="bbox 578 1009 2142 1081; baseline 0.003 -19"><span class='ocrx_word' id='word_1_37' title='bbox 578 1025 669 1072; x_wconf 90' lang='lat' dir='ltr'><strong>no,</strong></span> <span class='ocrx_word' id='word_1_38' title='bbox 699 1009 912 1063; x_wconf 86' lang='lat' dir='ltr'><strong>Juliano</strong></span> <span class='ocrx_word' id='word_1_39' title='bbox 941 1012 1160 1064; x_wconf 90' lang='lat' dir='ltr'><strong>tertium</strong></span> <span class='ocrx_word' id='word_1_40' title='bbox 1189 1011 1432 1073; x_wconf 82' lang='lat' dir='ltr'><strong>consule,</strong></span> <span class='ocrx_word' id='word_1_41' title='bbox 1459 1012 1663 1066; x_wconf 88' lang='lat' dir='ltr'><strong>decima</strong></span> <span class='ocrx_word' id='word_1_42' title='bbox 1687 1014 1871 1081; x_wconf 88' lang='lat' dir='ltr'><strong>quinta</strong></span> <span class='ocrx_word' id='word_1_43' title='bbox 1903 1013 2142 1068; x_wconf 84' lang='lat' dir='ltr'><strong>Februa-</strong></span> 
     </span>
    </p>
   </div>
   <div class='ocr_carea' id='block_1_9' title="bbox 577 1101 2140 1170">
    <p class='ocr_par' dir='ltr' id='par_1_9' title="bbox 577 1101 2140 1170">
     <span class='ocr_line' id='line_1_9' title="bbox 577 1101 2140 1170; baseline 0.003 -16"><span class='ocrx_word' id='word_1_44' title='bbox 577 1101 667 1155; x_wconf 89' lang='lat' dir='ltr'><strong>rii.</strong></span> <span class='ocrx_word' id='word_1_45' title='bbox 697 1101 789 1156; x_wconf 83' lang='lat' dir='ltr'><strong>ille</strong></span> <span class='ocrx_word' id='word_1_46' title='bbox 821 1116 947 1155; x_wconf 90' lang='lat' dir='ltr'><strong>vero</strong></span> <span class='ocrx_word' id='word_1_47' title='bbox 976 1101 1310 1170; x_wconf 72' lang='lat' dir='ltr'><strong>pravissima:</strong></span> <span class='ocrx_word' id='word_1_48' title='bbox 1351 1116 1484 1156; x_wconf 83' lang='lat' dir='ltr'><strong>sane</strong></span> <span class='ocrx_word' id='word_1_49' title='bbox 1536 1103 1796 1157; x_wconf 67' lang='lat' dir='ltr'><strong>doctrinae</strong></span> <span class='ocrx_word' id='word_1_50' title='bbox 1838 1104 2000 1158; x_wconf 92' lang='lat' dir='ltr'><strong>homo</strong></span> <span class='ocrx_word' id='word_1_51' title='bbox 2035 1102 2140 1158; x_wconf 83' lang='lat' dir='ltr'><strong>Eu-</strong></span> 
     </span>
    </p>
   </div>
   <div class='ocr_carea' id='block_1_10' title="bbox 576 1189 2144 1260">
    <p class='ocr_par' dir='ltr' id='par_1_10' title="bbox 576 1189 2144 1260">
     <span class='ocr_line' id='line_1_10' title="bbox 576 1189 2144 1260; baseline 0.003 -16"><span class='ocrx_word' id='word_1_52' title='bbox 576 1191 790 1255; x_wconf 78' lang='lat' dir='ltr'><strong>doxius,</strong></span> <span class='ocrx_word' id='word_1_53' title='bbox 833 1189 945 1257; x_wconf 88' lang='lat' dir='ltr'><strong>jam</strong></span> <span class='ocrx_word' id='word_1_54' title='bbox 981 1190 1268 1260; x_wconf 87' lang='lat' dir='ltr'><strong>completis</strong></span> <span class='ocrx_word' id='word_1_55' title='bbox 1303 1191 1571 1246; x_wconf 69' lang='lat' dir='ltr'><strong>Encteniis</strong></span> <span class='ocrx_word' id='word_1_56' title='bbox 1619 1192 1673 1246; x_wconf 93' lang='lat' dir='ltr'><strong>in</strong></span> <span class='ocrx_word' id='word_1_57' title='bbox 1706 1193 1959 1248; x_wconf 90' lang='lat' dir='ltr'><strong>thronum</strong></span> <span class='ocrx_word' id='word_1_58' title='bbox 2017 1209 2144 1249; x_wconf 88' lang='lat' dir='ltr'><strong>con-</strong></span> 
     </span>
    </p>
   </div>
   <div class='ocr_carea' id='block_1_11' title="bbox 575 1283 2139 1352">
    <p class='ocr_par' dir='ltr' id='par_1_11' title="bbox 575 1283 2139 1352">
     <span class='ocr_line' id='line_1_11' title="bbox 575 1283 2139 1352; baseline 0.004 -16"><span class='ocrx_word' id='word_1_59' title='bbox 575 1285 861 1348; x_wconf 84' lang='lat' dir='ltr'><strong>scendens,</strong></span> <span class='ocrx_word' id='word_1_60' title='bbox 897 1283 1037 1339; x_wconf 84' lang='lat' dir='ltr'><strong>hanc</strong></span> <span class='ocrx_word' id='word_1_61' title='bbox 1067 1285 1296 1352; x_wconf 87' lang='lat' dir='ltr'><strong>primam</strong></span> <span class='ocrx_word' id='word_1_62' title='bbox 1329 1285 1511 1339; x_wconf 86' lang='lat' dir='ltr'><strong>emisit</strong></span> <span class='ocrx_word' id='word_1_63' title='bbox 1545 1302 1751 1352; x_wconf 88' lang='lat' dir='ltr'><strong>vocem,</strong></span> <span class='ocrx_word' id='word_1_64' title='bbox 1786 1288 1991 1342; x_wconf 87' lang='lat' dir='ltr'><strong>utinam</strong></span> <span class='ocrx_word' id='word_1_65' title='bbox 2019 1303 2139 1343; x_wconf 90' lang='lat' dir='ltr'><strong>cum</strong></span> 
     </span>
    </p>
   </div>
   <div class='ocr_carea' id='block_1_12' title="bbox 573 1377 2139 1450">
    <p class='ocr_par' dir='ltr' id='par_1_12' title="bbox 573 1377 2139 1450">
     <span class='ocr_line' id='line_1_12' title="bbox 573 1377 2139 1450; baseline 0.003 -19"><span class='ocrx_word' id='word_1_66' title='bbox 573 1389 706 1431; x_wconf 78' lang='lat' dir='ltr'><strong>voce</strong></span> <span class='ocrx_word' id='word_1_67' title='bbox 737 1377 1012 1432; x_wconf 81' lang='lat' dir='ltr'><strong>animam:</strong></span> <span class='ocrx_word' id='word_1_68' title='bbox 1059 1377 1219 1430; x_wconf 87' lang='lat' dir='ltr'><strong>Pater</strong></span> <span class='ocrx_word' id='word_1_69' title='bbox 1261 1392 1364 1431; x_wconf 92' lang='lat' dir='ltr'><strong>non</strong></span> <span class='ocrx_word' id='word_1_70' title='bbox 1410 1380 1558 1446; x_wconf 85' lang='lat' dir='ltr'><strong>pius,</strong></span> <span class='ocrx_word' id='word_1_71' title='bbox 1606 1379 1775 1435; x_wconf 84' lang='lat' dir='ltr'><strong>Filius</strong></span> <span class='ocrx_word' id='word_1_72' title='bbox 1830 1382 1967 1450; x_wconf 86' lang='lat' dir='ltr'><strong>pius.</strong></span> <span class='ocrx_word' id='word_1_73' title='bbox 2006 1382 2139 1436; x_wconf 88' lang='lat' dir='ltr'><strong>Cum</strong></span> 
     </span>
    </p>
   </div>
   <div class='ocr_carea' id='block_1_13' title="bbox 574 1467 2139 1541">
    <p class='ocr_par' dir='ltr' id='par_1_13' title="bbox 574 1467 2139 1541">
     <span class='ocr_line' id='line_1_13' title="bbox 574 1467 2139 1541; baseline 0.004 -19"><span class='ocrx_word' id='word_1_74' title='bbox 574 1467 740 1537; x_wconf 82' lang='lat' dir='ltr'><strong>igitur</strong></span> <span class='ocrx_word' id='word_1_75' title='bbox 769 1483 831 1522; x_wconf 90' lang='lat' dir='ltr'><strong>ea</strong></span> <span class='ocrx_word' id='word_1_76' title='bbox 870 1470 937 1524; x_wconf 89' lang='lat' dir='ltr'><strong>de</strong></span> <span class='ocrx_word' id='word_1_77' title='bbox 971 1484 1134 1523; x_wconf 88' lang='lat' dir='ltr'><strong>causa</strong></span> <span class='ocrx_word' id='word_1_78' title='bbox 1163 1468 1420 1526; x_wconf 86' lang='lat' dir='ltr'><strong>tumultus</strong></span> <span class='ocrx_word' id='word_1_79' title='bbox 1445 1482 1604 1541; x_wconf 88' lang='lat' dir='ltr'><strong>atque</strong></span> <span class='ocrx_word' id='word_1_80' title='bbox 1629 1473 1824 1527; x_wconf 79' lang='lat' dir='ltr'><strong>seditio</strong></span> <span class='ocrx_word' id='word_1_81' title='bbox 1845 1473 2139 1528; x_wconf 75' lang='lat' dir='ltr'><strong>Ecclesium</strong></span> 
     </span>
    </p>
   </div>
   <div class='ocr_carea' id='block_1_14' title="bbox 573 1561 2142 1631">
    <p class='ocr_par' dir='ltr' id='par_1_14' title="bbox 573 1561 2142 1631">
     <span class='ocr_line' id='line_1_14' title="bbox 573 1561 2142 1631; baseline 0.004 -20"><span class='ocrx_word' id='word_1_82' title='bbox 573 1570 914 1628; x_wconf 87' lang='lat' dir='ltr'><strong>occupasset,</strong></span> <span class='ocrx_word' id='word_1_83' title='bbox 950 1573 1236 1615; x_wconf 87' lang='lat' dir='ltr'><strong>resumens</strong></span> <span class='ocrx_word' id='word_1_84' title='bbox 1283 1561 1396 1625; x_wconf 89' lang='lat' dir='ltr'><strong>ille,</strong></span> <span class='ocrx_word' id='word_1_85' title='bbox 1421 1563 1576 1631; x_wconf 88' lang='lat' dir='ltr'><strong>quasi</strong></span> <span class='ocrx_word' id='word_1_86' title='bbox 1610 1563 1798 1619; x_wconf 89' lang='lat' dir='ltr'><strong>volens</strong></span> <span class='ocrx_word' id='word_1_87' title='bbox 1830 1567 2020 1619; x_wconf 89' lang='lat' dir='ltr'><strong>sedare</strong></span> <span class='ocrx_word' id='word_1_88' title='bbox 2059 1575 2142 1618; x_wconf 80' lang='lat' dir='ltr'><strong>tu-</strong></span> 
     </span>
    </p>
   </div>
   <div class='ocr_carea' id='block_1_15' title="bbox 575 1649 2140 1725">
    <p class='ocr_par' dir='ltr' id='par_1_15' title="bbox 575 1649 2140 1725">
     <span class='ocr_line' id='line_1_15' title="bbox 575 1649 2140 1725; baseline 0.005 -23"><span class='ocrx_word' id='word_1_89' title='bbox 575 1649 840 1703; x_wconf 88' lang='lat' dir='ltr'><strong>multum:</strong></span> <span class='ocrx_word' id='word_1_90' title='bbox 873 1649 1050 1715; x_wconf 88' lang='lat' dir='ltr'><strong>Nulla,</strong></span> <span class='ocrx_word' id='word_1_91' title='bbox 1082 1653 1276 1722; x_wconf 85' lang='lat' dir='ltr'><strong>inquit,</strong></span> <span class='ocrx_word' id='word_1_92' title='bbox 1306 1669 1404 1710; x_wconf 86' lang='lat' dir='ltr'><strong>vos</strong></span> <span class='ocrx_word' id='word_1_93' title='bbox 1440 1654 1509 1709; x_wconf 88' lang='lat' dir='ltr'><strong>ob</strong></span> <span class='ocrx_word' id='word_1_94' title='bbox 1551 1654 1656 1709; x_wconf 90' lang='lat' dir='ltr'><strong>tale</strong></span> <span class='ocrx_word' id='word_1_95' title='bbox 1687 1655 1886 1709; x_wconf 80' lang='lat' dir='ltr'><strong>dictum</strong></span> <span class='ocrx_word' id='word_1_96' title='bbox 1925 1667 2140 1725; x_wconf 84' lang='lat' dir='ltr'><strong>pertur-</strong></span> 
     </span>
    </p>
   </div>
   <div class='ocr_carea' id='block_1_16' title="bbox 573 1736 2140 1814">
    <p class='ocr_par' dir='ltr' id='par_1_16' title="bbox 573 1736 2140 1814">
     <span class='ocr_line' id='line_1_16' title="bbox 573 1736 2140 1814; baseline 0.006 -22"><span class='ocrx_word' id='word_1_97' title='bbox 573 1736 721 1792; x_wconf 78' lang='lat' dir='ltr'><strong>batio</strong></span> <span class='ocrx_word' id='word_1_98' title='bbox 749 1739 987 1794; x_wconf 84' lang='lat' dir='ltr'><strong>invadat.</strong></span> <span class='ocrx_word' id='word_1_99' title='bbox 1019 1740 1150 1795; x_wconf 81' lang='lat' dir='ltr'><strong>Nam</strong></span> <span class='ocrx_word' id='word_1_100' title='bbox 1183 1742 1342 1796; x_wconf 90' lang='lat' dir='ltr'><strong>Pater</strong></span> <span class='ocrx_word' id='word_1_101' title='bbox 1361 1745 1579 1812; x_wconf 87' lang='lat' dir='ltr'><strong>quidem</strong></span> <span class='ocrx_word' id='word_1_102' title='bbox 1611 1760 1714 1800; x_wconf 90' lang='lat' dir='ltr'><strong>non</strong></span> <span class='ocrx_word' id='word_1_103' title='bbox 1741 1746 1858 1814; x_wconf 92' lang='lat' dir='ltr'><strong>pius</strong></span> <span class='ocrx_word' id='word_1_104' title='bbox 1879 1756 1980 1813; x_wconf 90' lang='lat' dir='ltr'><strong>est,</strong></span> <span class='ocrx_word' id='word_1_105' title='bbox 2001 1749 2140 1814; x_wconf 89' lang='lat' dir='ltr'><strong>quod</strong></span> 
     </span>
    </p>
   </div>
   <div class='ocr_carea' id='block_1_17' title="bbox 577 1831 2140 1906">
    <p class='ocr_par' dir='ltr' id='par_1_17' title="bbox 577 1831 2140 1906">
     <span class='ocr_line' id='line_1_17' title="bbox 577 1831 2140 1906; baseline 0.007 -24"><span class='ocrx_word' id='word_1_106' title='bbox 577 1831 841 1885; x_wconf 89' lang='lat' dir='ltr'><strong>neminem</strong></span> <span class='ocrx_word' id='word_1_107' title='bbox 885 1833 972 1902; x_wconf 87' lang='lat' dir='ltr'><strong>pie</strong></span> <span class='ocrx_word' id='word_1_108' title='bbox 1017 1834 1186 1900; x_wconf 83' lang='lat' dir='ltr'><strong>colat;</strong></span> <span class='ocrx_word' id='word_1_109' title='bbox 1228 1834 1395 1889; x_wconf 87' lang='lat' dir='ltr'><strong>Filius</strong></span> <span class='ocrx_word' id='word_1_110' title='bbox 1420 1851 1549 1892; x_wconf 85' lang='lat' dir='ltr'><strong>vero</strong></span> <span class='ocrx_word' id='word_1_111' title='bbox 1593 1838 1714 1906; x_wconf 90' lang='lat' dir='ltr'><strong>pius</strong></span> <span class='ocrx_word' id='word_1_112' title='bbox 1751 1847 1855 1904; x_wconf 90' lang='lat' dir='ltr'><strong>est,</strong></span> <span class='ocrx_word' id='word_1_113' title='bbox 1884 1841 2007 1901; x_wconf 88' lang='lat' dir='ltr'><strong>quia</strong></span> <span class='ocrx_word' id='word_1_114' title='bbox 2040 1838 2140 1893; x_wconf 85' lang='lat' dir='ltr'><strong>Pa-</strong></span> 
     </span>
    </p>
   </div>
   <div class='ocr_carea' id='block_1_18' title="bbox 575 1924 2141 1996">
    <p class='ocr_par' dir='ltr' id='par_1_18' title="bbox 575 1924 2141 1996">
     <span class='ocr_line' id='line_1_18' title="bbox 575 1924 2141 1996; baseline 0.008 -21"><span class='ocrx_word' id='word_1_115' title='bbox 575 1931 713 1976; x_wconf 89' lang='lat' dir='ltr'><strong>trem</strong></span> <span class='ocrx_word' id='word_1_116' title='bbox 748 1924 832 1993; x_wconf 91' lang='lat' dir='ltr'><strong>pie</strong></span> <span class='ocrx_word' id='word_1_117' title='bbox 866 1925 1016 1980; x_wconf 87' lang='lat' dir='ltr'><strong>colit.</strong></span> <span class='ocrx_word' id='word_1_118' title='bbox 1050 1926 1178 1980; x_wconf 86' lang='lat' dir='ltr'><strong>Inde</strong></span> <span class='ocrx_word' id='word_1_119' title='bbox 1209 1927 1348 1981; x_wconf 88' lang='lat' dir='ltr'><strong>risus</strong></span> <span class='ocrx_word' id='word_1_120' title='bbox 1381 1929 1720 1985; x_wconf 87' lang='lat' dir='ltr'><strong>auditoribus</strong></span> <span class='ocrx_word' id='word_1_121' title='bbox 1754 1939 1938 1996; x_wconf 90' lang='lat' dir='ltr'><strong>ortus,</strong></span> <span class='ocrx_word' id='word_1_122' title='bbox 1970 1932 2040 1985; x_wconf 92' lang='lat' dir='ltr'><strong>ita</strong></span> <span class='ocrx_word' id='word_1_123' title='bbox 2084 1941 2141 1988; x_wconf 90' lang='lat' dir='ltr'><strong>ut</strong></span> 
     </span>
    </p>
   </div>
   <div class='ocr_carea' id='block_1_19' title="bbox 2243 729 3822 804">
    <p class='ocr_par' dir='ltr' id='par_1_19' title="bbox 2243 729 3822 804">
     <span class='ocr_line' id='line_1_19' title="bbox 2243 729 3822 804; baseline -0.004 -14"><span class='ocrx_word' id='word_1_124' title='bbox 2243 736 2638 799; x_wconf 83' lang='grc' dir='ltr'>Κωνστάντιος,</span> <span class='ocrx_word' id='word_1_125' title='bbox 2672 735 2920 800; x_wconf 82' lang='grc' dir='ltr'>Εὑδόξιόν</span> <span class='ocrx_word' id='word_1_126' title='bbox 2963 752 3044 800; x_wconf 87' lang='grc' dir='ltr'><strong>τε,</strong></span> <span class='ocrx_word' id='word_1_127' title='bbox 3095 734 3170 797; x_wconf 82' lang='grc' dir='ltr'>ὡς</span> <span class='ocrx_word' id='word_1_128' title='bbox 3199 733 3296 804; x_wconf 71' lang='grc' dir='ltr'>ἤδη</span> <span class='ocrx_word' id='word_1_129' title='bbox 3331 731 3637 800; x_wconf 77' lang='grc' dir='ltr'>φθάσαντες</span> <span class='ocrx_word' id='word_1_130' title='bbox 3673 729 3822 783; x_wconf 86' lang='grc' dir='ltr'>είπο-</span> 
     </span>
    </p>
   </div>
   <div class='ocr_carea' id='block_1_20' title="bbox 2246 823 3822 899">
    <p class='ocr_par' dir='ltr' id='par_1_20' title="bbox 2246 823 3822 899">
     <span class='ocr_line' id='line_1_20' title="bbox 2246 823 3822 899; baseline -0.003 -19"><span class='ocrx_word' id='word_1_131' title='bbox 2246 846 2365 899; x_wconf 89' lang='grc' dir='ltr'>μεν,</span> <span class='ocrx_word' id='word_1_132' title='bbox 2392 831 2702 898; x_wconf 78' lang='grc' dir='ltr'><strong>χειροτονεῖ,</strong></span> <span class='ocrx_word' id='word_1_133' title='bbox 2730 827 2822 880; x_wconf 76' lang='grc' dir='ltr'><strong>καὶ</strong></span> <span class='ocrx_word' id='word_1_134' title='bbox 2853 827 2929 897; x_wconf 76' lang='grc' dir='ltr'>τῷ</span> <span class='ocrx_word' id='word_1_135' title='bbox 2951 829 3050 897; x_wconf 83' lang='grc' dir='ltr'>τῆς</span> <span class='ocrx_word' id='word_1_136' title='bbox 3081 825 3273 894; x_wconf 77' lang='grc' dir='ltr'>σοφίας</span> <span class='ocrx_word' id='word_1_137' title='bbox 3293 826 3567 895; x_wconf 75' lang='grc' dir='ltr'><strong>ἐπωνύμῳ</strong></span> <span class='ocrx_word' id='word_1_138' title='bbox 3599 823 3715 894; x_wconf 82' lang='grc' dir='ltr'><strong>ναῷ</strong></span> <span class='ocrx_word' id='word_1_139' title='bbox 3742 824 3822 893; x_wconf 85' lang='grc' dir='ltr'>τῷ</span> 
     </span>
    </p>
   </div>
   <div class='ocr_carea' id='block_1_21' title="bbox 2244 914 3824 990">
    <p class='ocr_par' dir='ltr' id='par_1_21' title="bbox 2244 914 3824 990">
     <span class='ocr_line' id='line_1_21' title="bbox 2244 914 3824 990; baseline -0.002 -19"><span class='ocrx_word' id='word_1_140' title='bbox 2244 920 2371 990; x_wconf 84' lang='grc' dir='ltr'>παρ’</span> <span class='ocrx_word' id='word_1_141' title='bbox 2403 917 2565 972; x_wconf 79' lang='grc' dir='ltr'>αὑτοῦ</span> <span class='ocrx_word' id='word_1_142' title='bbox 2603 919 2722 971; x_wconf 89' lang='grc' dir='ltr'>τότε</span> <span class='ocrx_word' id='word_1_143' title='bbox 2762 917 3207 988; x_wconf 87' lang='grc' dir='ltr'>καινουργηθέντι</span> <span class='ocrx_word' id='word_1_144' title='bbox 3231 915 3376 969; x_wconf 86' lang='grc' dir='ltr'>τελεῖ</span> <span class='ocrx_word' id='word_1_145' title='bbox 3417 915 3487 969; x_wconf 79' lang='grc' dir='ltr'>τὰ</span> <span class='ocrx_word' id='word_1_146' title='bbox 3537 914 3824 983; x_wconf 85' lang='grc' dir='ltr'>Ἐγκαίνια</span> 
     </span>
    </p>
   </div>
   <div class='ocr_carea' id='block_1_22' title="bbox 2242 1006 3822 1078">
    <p class='ocr_par' dir='ltr' id='par_1_22' title="bbox 2242 1006 3822 1078">
     <span class='ocr_line' id='line_1_22' title="bbox 2242 1006 3822 1078; baseline -0.003 -16"><span class='ocrx_word' id='word_1_147' title='bbox 2242 1009 2450 1078; x_wconf 79' lang='grc' dir='ltr'>δεκάτῳ</span> <span class='ocrx_word' id='word_1_148' title='bbox 2490 1009 2586 1078; x_wconf 86' lang='grc' dir='ltr'><strong>μὲν</strong></span> <span class='ocrx_word' id='word_1_149' title='bbox 2617 1009 2713 1078; x_wconf 79' lang='grc' dir='ltr'>τῆς</span> <span class='ocrx_word' id='word_1_150' title='bbox 2747 1007 2908 1062; x_wconf 75' lang='grc' dir='ltr'>αὑτοῦ</span> <span class='ocrx_word' id='word_1_151' title='bbox 2944 1006 3218 1078; x_wconf 78' lang='grc' dir='ltr'><strong>βασιλείας</strong></span> <span class='ocrx_word' id='word_1_152' title='bbox 3255 1006 3386 1071; x_wconf 78' lang='grc' dir='ltr'>ἔτει,</span> <span class='ocrx_word' id='word_1_153' title='bbox 3425 1006 3596 1077; x_wconf 86' lang='grc' dir='ltr'>τρίτῳ</span> <span class='ocrx_word' id='word_1_154' title='bbox 3629 1006 3686 1059; x_wconf 84' lang='grc' dir='ltr'><strong>δὲ</strong></span> <span class='ocrx_word' id='word_1_155' title='bbox 3726 1006 3822 1076; x_wconf 75' lang='grc' dir='ltr'>τῆς</span> 
     </span>
    </p>
   </div>
   <div class='ocr_carea' id='block_1_23' title="bbox 2256 1099 3825 1172">
    <p class='ocr_par' dir='ltr' id='par_1_23' title="bbox 2256 1099 3825 1172">
     <span class='ocr_line' id='line_1_23' title="bbox 2256 1099 3825 1172; baseline -0.001 -19"><span class='ocrx_word' id='word_1_156' title='bbox 2256 1099 2539 1154; x_wconf 81' lang='grc' dir='ltr'>Ἰουλιανοῦ</span> <span class='ocrx_word' id='word_1_157' title='bbox 2572 1100 2852 1164; x_wconf 77' lang='grc' dir='ltr'>ὑπατείας,</span> <span class='ocrx_word' id='word_1_158' title='bbox 2899 1101 3122 1172; x_wconf 79' lang='grc' dir='ltr'><strong>πέμπτῃ</strong></span> <span class='ocrx_word' id='word_1_159' title='bbox 3157 1100 3251 1153; x_wconf 60' lang='grc' dir='ltr'><strong>καὶ¹</strong></span> <span class='ocrx_word' id='word_1_160' title='bbox 3279 1099 3480 1172; x_wconf 81' lang='grc' dir='ltr'><strong>δεκάτῃ</strong></span> <span class='ocrx_word' id='word_1_161' title='bbox 3512 1099 3825 1170; x_wconf 85' lang='grc' dir='ltr'>Φευϐρουα-</span> 
     </span>
    </p>
   </div>
   <div class='ocr_carea' id='block_1_24' title="bbox 2249 1191 3824 1263">
    <p class='ocr_par' dir='ltr' id='par_1_24' title="bbox 2249 1191 3824 1263">
     <span class='ocr_line' id='line_1_24' title="bbox 2249 1191 3824 1263; baseline -0.001 -19"><span class='ocrx_word' id='word_1_162' title='bbox 2249 1193 2383 1263; x_wconf 88' lang='grc' dir='ltr'>ρίου.</span> <span class='ocrx_word' id='word_1_163' title='bbox 2426 1193 2483 1246; x_wconf 82' lang='lat'><strong>&#39;0</strong></span> <span class='ocrx_word' id='word_1_164' title='bbox 2516 1195 2696 1263; x_wconf 86' lang='grc' dir='ltr'>μέντοι</span> <span class='ocrx_word' id='word_1_165' title='bbox 2727 1193 3139 1257; x_wconf 78' lang='grc' dir='ltr'>κακοδοξὸτατος</span> <span class='ocrx_word' id='word_1_166' title='bbox 3172 1195 3374 1257; x_wconf 81' lang='grc' dir='ltr'>ἐκεῖνος</span> <span class='ocrx_word' id='word_1_167' title='bbox 3401 1195 3520 1255; x_wconf 85' lang='grc' dir='ltr'>ταῖς</span> <span class='ocrx_word' id='word_1_168' title='bbox 3543 1191 3824 1260; x_wconf 80' lang='grc' dir='ltr'><strong>ἀληθείαις</strong></span> 
     </span>
    </p>
   </div>
   <div class='ocr_carea' id='block_1_25' title="bbox 2244 1284 3825 1358">
    <p class='ocr_par' dir='ltr' id='par_1_25' title="bbox 2244 1284 3825 1358">
     <span class='ocr_line' id='line_1_25' title="bbox 2244 1284 3825 1358; baseline -0.001 -21"><span class='ocrx_word' id='word_1_169' title='bbox 2244 1285 2514 1352; x_wconf 87' lang='grc' dir='ltr'>Εὑδόξιος,</span> <span class='ocrx_word' id='word_1_170' title='bbox 2545 1286 2636 1339; x_wconf 80' lang='grc' dir='ltr'>τοῦ</span> <span class='ocrx_word' id='word_1_171' title='bbox 2676 1286 2886 1358; x_wconf 88' lang='grc' dir='ltr'>θρόνου,</span> <span class='ocrx_word' id='word_1_172' title='bbox 2922 1287 3257 1357; x_wconf 83' lang='grc' dir='ltr'><strong>τελουμένων</strong></span> <span class='ocrx_word' id='word_1_173' title='bbox 3303 1286 3404 1358; x_wconf 72' lang='grc' dir='ltr'>ἤδη</span> <span class='ocrx_word' id='word_1_174' title='bbox 3442 1284 3551 1338; x_wconf 86' lang='grc' dir='ltr'><strong>τῶν</strong></span> <span class='ocrx_word' id='word_1_175' title='bbox 3603 1284 3825 1352; x_wconf 83' lang='grc' dir='ltr'>Ἐγκαι-</span> 
     </span>
    </p>
   </div>
   <div class='ocr_carea' id='block_1_26' title="bbox 2243 1370 3822 1448">
    <p class='ocr_par' dir='ltr' id='par_1_26' title="bbox 2243 1370 3822 1448">
     <span class='ocr_line' id='line_1_26' title="bbox 2243 1370 3822 1448; baseline -0.004 -19"><span class='ocrx_word' id='word_1_176' title='bbox 2243 1375 2392 1442; x_wconf 88' lang='grc' dir='ltr'>νίων,</span> <span class='ocrx_word' id='word_1_177' title='bbox 2421 1376 2633 1440; x_wconf 79' lang='grc' dir='ltr'>ἐπιϐὰς,</span> <span class='ocrx_word' id='word_1_178' title='bbox 2659 1375 2881 1448; x_wconf 86' lang='grc' dir='ltr'>πρώτην</span> <span class='ocrx_word' id='word_1_179' title='bbox 2907 1376 3110 1446; x_wconf 88' lang='grc' dir='ltr'>ταύτην</span> <span class='ocrx_word' id='word_1_180' title='bbox 3139 1375 3316 1446; x_wconf 68' lang='grc' dir='ltr'>ἀφῆκε</span> <span class='ocrx_word' id='word_1_181' title='bbox 3347 1372 3548 1442; x_wconf 81' lang='grc' dir='ltr'>φωνὴν,</span> <span class='ocrx_word' id='word_1_182' title='bbox 3586 1370 3664 1434; x_wconf 84' lang='grc' dir='ltr'>ὼς</span> <span class='ocrx_word' id='word_1_183' title='bbox 3693 1371 3822 1437; x_wconf 71' lang='grc' dir='ltr'>ὑφε-</span> 
     </span>
    </p>
   </div>
   <div class='ocr_carea' id='block_1_27' title="bbox 2243 1464 3820 1541">
    <p class='ocr_par' dir='ltr' id='par_1_27' title="bbox 2243 1464 3820 1541">
     <span class='ocr_line' id='line_1_27' title="bbox 2243 1464 3820 1541; baseline -0.003 -22"><span class='ocrx_word' id='word_1_184' title='bbox 2243 1466 2333 1520; x_wconf 90' lang='grc' dir='ltr'><strong>λον</strong></span> <span class='ocrx_word' id='word_1_185' title='bbox 2360 1467 2466 1539; x_wconf 76' lang='grc' dir='ltr'>ἄρα</span> <span class='ocrx_word' id='word_1_186' title='bbox 2503 1469 2598 1522; x_wconf 76' lang='grc' dir='ltr'><strong>σὺν</strong></span> <span class='ocrx_word' id='word_1_187' title='bbox 2639 1467 2819 1541; x_wconf 80' lang='grc' dir='ltr'>ἐκείνῃ</span> <span class='ocrx_word' id='word_1_188' title='bbox 2853 1469 2946 1521; x_wconf 76' lang='grc' dir='ltr'>καὶ</span> <span class='ocrx_word' id='word_1_189' title='bbox 2988 1469 3087 1539; x_wconf 83' lang='grc' dir='ltr'><strong>τὴν</strong></span> <span class='ocrx_word' id='word_1_190' title='bbox 3119 1466 3324 1537; x_wconf 73' lang='grc' dir='ltr'>ψυχήνο</span> <span class='ocrx_word' id='word_1_191' title='bbox 3371 1466 3426 1518; x_wconf 85' lang='grc' dir='ltr'><strong>Ὀ</strong></span> <span class='ocrx_word' id='word_1_192' title='bbox 3461 1464 3657 1535; x_wconf 79' lang='grc' dir='ltr'>Πατὴρ</span> <span class='ocrx_word' id='word_1_193' title='bbox 3693 1465 3820 1515; x_wconf 88' lang='grc' dir='ltr'>ἀσε-</span> 
     </span>
    </p>
   </div>
   <div class='ocr_carea' id='block_1_28' title="bbox 2243 1553 3825 1629">
    <p class='ocr_par' dir='ltr' id='par_1_28' title="bbox 2243 1553 3825 1629">
     <span class='ocr_line' id='line_1_28' title="bbox 2243 1553 3825 1629; baseline -0.002 -21"><span class='ocrx_word' id='word_1_194' title='bbox 2243 1556 2362 1627; x_wconf 82' lang='grc' dir='ltr'>ϐὴς,</span> <span class='ocrx_word' id='word_1_195' title='bbox 2387 1560 2414 1610; x_wconf 87' lang='grc' dir='ltr'><strong>ό</strong></span> <span class='ocrx_word' id='word_1_196' title='bbox 2448 1557 2572 1620; x_wconf 83' lang='grc' dir='ltr'>Υἱὸς</span> <span class='ocrx_word' id='word_1_197' title='bbox 2604 1557 2852 1628; x_wconf 81' lang='grc' dir='ltr'>εὐσεϐής.</span> <span class='ocrx_word' id='word_1_198' title='bbox 2883 1556 3123 1629; x_wconf 78' lang='grc' dir='ltr'>Θορύϐου</span> <span class='ocrx_word' id='word_1_199' title='bbox 3169 1556 3368 1620; x_wconf 83' lang='grc' dir='ltr'>τοίνυν,</span> <span class='ocrx_word' id='word_1_200' title='bbox 3402 1555 3478 1617; x_wconf 86' lang='grc' dir='ltr'><strong>ῶς</strong></span> <span class='ocrx_word' id='word_1_201' title='bbox 3524 1553 3695 1616; x_wconf 79' lang='grc' dir='ltr'>εἰκὸς.</span> <span class='ocrx_word' id='word_1_202' title='bbox 3733 1553 3825 1606; x_wconf 72' lang='grc' dir='ltr'>ἐπὶ</span> 
     </span>
    </p>
   </div>
   <div class='ocr_carea' id='block_1_29' title="bbox 2240 1644 3820 1717">
    <p class='ocr_par' dir='ltr' id='par_1_29' title="bbox 2240 1644 3820 1717">
     <span class='ocr_line' id='line_1_29' title="bbox 2240 1644 3820 1717; baseline -0.002 -20"><span class='ocrx_word' id='word_1_203' title='bbox 2240 1645 2397 1700; x_wconf 79' lang='grc' dir='ltr'>τοῦτο</span> <span class='ocrx_word' id='word_1_204' title='bbox 2453 1647 2544 1700; x_wconf 74' lang='grc' dir='ltr'>καὶ</span> <span class='ocrx_word' id='word_1_205' title='bbox 2592 1647 2832 1710; x_wconf 87' lang='grc' dir='ltr'>στάσεως</span> <span class='ocrx_word' id='word_1_206' title='bbox 2886 1649 3263 1717; x_wconf 84' lang='grc' dir='ltr'>κατασχούσης</span> <span class='ocrx_word' id='word_1_207' title='bbox 3321 1644 3418 1716; x_wconf 80' lang='grc' dir='ltr'>τὴν</span> <span class='ocrx_word' id='word_1_208' title='bbox 3467 1644 3820 1715; x_wconf 76' lang='grc' dir='ltr'>Ἐκκλησίαν,</span> 
     </span>
    </p>
   </div>
   <div class='ocr_carea' id='block_1_30' title="bbox 2242 1734 3822 1810">
    <p class='ocr_par' dir='ltr' id='par_1_30' title="bbox 2242 1734 3822 1810">
     <span class='ocr_line' id='line_1_30' title="bbox 2242 1734 3822 1810; baseline -0.002 -20"><span class='ocrx_word' id='word_1_209' title='bbox 2242 1734 2396 1801; x_wconf 73' lang='grc' dir='ltr'>αὖθις</span> <span class='ocrx_word' id='word_1_210' title='bbox 2429 1740 2632 1800; x_wconf 82' lang='grc' dir='ltr'>ἐκεῖνος</span> <span class='ocrx_word' id='word_1_211' title='bbox 2687 1737 2992 1803; x_wconf 88' lang='grc' dir='ltr'>ἀναλαϐὼν,</span> <span class='ocrx_word' id='word_1_212' title='bbox 3048 1739 3141 1791; x_wconf 77' lang='grc' dir='ltr'><strong>καὶ</strong></span> <span class='ocrx_word' id='word_1_213' title='bbox 3187 1736 3373 1810; x_wconf 85' lang='grc' dir='ltr'>ὥσπερ</span> <span class='ocrx_word' id='word_1_214' title='bbox 3417 1735 3687 1806; x_wconf 72' lang='grc' dir='ltr'>κοιμῆσαι</span> <span class='ocrx_word' id='word_1_215' title='bbox 3734 1736 3822 1788; x_wconf 79' lang='grc' dir='ltr'><strong>τὸν</strong></span> 
     </span>
    </p>
   </div>
   <div class='ocr_carea' id='block_1_31' title="bbox 2245 1821 3820 1901">
    <p class='ocr_par' dir='ltr' id='par_1_31' title="bbox 2245 1821 3820 1901">
     <span class='ocr_line' id='line_1_31' title="bbox 2245 1821 3820 1901; baseline -0.002 -19"><span class='ocrx_word' id='word_1_216' title='bbox 2245 1830 2401 1883; x_wconf 84' lang='grc' dir='ltr'>σάλον</span> <span class='ocrx_word' id='word_1_217' title='bbox 2451 1829 2787 1901; x_wconf 88' lang='grc' dir='ltr'>βουλόμενος,</span> <span class='ocrx_word' id='word_1_218' title='bbox 2841 1830 3057 1901; x_wconf 69' lang='grc' dir='ltr'>Μηδεὶς,</span> <span class='ocrx_word' id='word_1_219' title='bbox 3096 1829 3280 1900; x_wconf 73' lang='grc' dir='ltr'>φησὶν,</span> <span class='ocrx_word' id='word_1_220' title='bbox 3317 1829 3499 1900; x_wconf 81' lang='grc' dir='ltr'>ὑμᾶς,</span> <span class='ocrx_word' id='word_1_221' title='bbox 3559 1822 3606 1881; x_wconf 81' lang='grc' dir='ltr'><strong>ὦ</strong></span> <span class='ocrx_word' id='word_1_222' title='bbox 3653 1821 3820 1890; x_wconf 73' lang='grc' dir='ltr'>οὗτοι,</span> 
     </span>
    </p>
   </div>
   <div class='ocr_carea' id='block_1_32' title="bbox 2243 1917 3823 1997">
    <p class='ocr_par' dir='ltr' id='par_1_32' title="bbox 2243 1917 3823 1997">
     <span class='ocr_line' id='line_1_32' title="bbox 2243 1917 3823 1997; baseline -0.005 -19"><span class='ocrx_word' id='word_1_223' title='bbox 2243 1926 2378 1997; x_wconf 77' lang='grc' dir='ltr'>πρὸς</span> <span class='ocrx_word' id='word_1_224' title='bbox 2405 1923 2464 1976; x_wconf 85' lang='grc' dir='ltr'><strong>τὸ</strong></span> <span class='ocrx_word' id='word_1_225' title='bbox 2492 1923 2679 1993; x_wconf 85' lang='grc' dir='ltr'>λεχθὲν</span> <span class='ocrx_word' id='word_1_226' title='bbox 2699 1924 2934 1994; x_wconf 82' lang='grc' dir='ltr'>τάραχος</span> <span class='ocrx_word' id='word_1_227' title='bbox 2957 1923 3236 1991; x_wconf 86' lang='grc' dir='ltr'>κατάσχοι.</span> <span class='ocrx_word' id='word_1_228' title='bbox 3279 1920 3336 1974; x_wconf 87' lang='grc'><strong>’0</strong></span> <span class='ocrx_word' id='word_1_229' title='bbox 3369 1919 3468 1990; x_wconf 83' lang='grc' dir='ltr'><strong>μὲν</strong></span> <span class='ocrx_word' id='word_1_230' title='bbox 3489 1920 3600 1991; x_wconf 82' lang='grc' dir='ltr'><strong>γὰρ</strong></span> <span class='ocrx_word' id='word_1_231' title='bbox 3635 1917 3823 1989; x_wconf 79' lang='grc' dir='ltr'>Πατὴρ</span> 
     </span>
    </p>
   </div>
   <div class='ocr_carea' id='block_1_33' title="bbox 574 2009 2137 2090">
    <p class='ocr_par' dir='ltr' id='par_1_33' title="bbox 574 2014 2137 2090">
     <span class='ocr_line' id='line_1_33' title="bbox 574 2014 2137 2090; baseline 0.008 -24"><span class='ocrx_word' id='word_1_232' title='bbox 574 2014 725 2068; x_wconf 89' lang='lat' dir='ltr'><strong>multi</strong></span> <span class='ocrx_word' id='word_1_233' title='bbox 776 2015 892 2085; x_wconf 86' lang='lat' dir='ltr'><strong>ejus</strong></span> <span class='ocrx_word' id='word_1_234' title='bbox 937 2017 1307 2086; x_wconf 85' lang='lat' dir='ltr'><strong>improbantes</strong></span> <span class='ocrx_word' id='word_1_235' title='bbox 1353 2020 1584 2090; x_wconf 85' lang='lat' dir='ltr'><strong>ineptias</strong></span> <span class='ocrx_word' id='word_1_236' title='bbox 1627 2021 1854 2077; x_wconf 87' lang='lat' dir='ltr'><strong>ecclesia</strong></span> <span class='ocrx_word' id='word_1_237' title='bbox 1889 2037 2137 2078; x_wconf 84' lang='lat' dir='ltr'><strong>excesse-</strong></span> 
     </span>
    </p>
   </div>
   <div class='ocr_carea' id='block_1_34' title="bbox 2241 2009 3822 2090">
    <p class='ocr_par' dir='ltr' id='par_1_34' title="bbox 2241 2009 3822 2082">
     <span class='ocr_line' id='line_1_34' title="bbox 2241 2009 3822 2082; baseline -0.003 -16"><span class='ocrx_word' id='word_1_238' title='bbox 2241 2011 2460 2082; x_wconf 76' lang='grc' dir='ltr'>ἀσεϐὴς,</span> <span class='ocrx_word' id='word_1_239' title='bbox 2504 2011 2584 2063; x_wconf 83' lang='grc' dir='ltr'>ὅτι</span> <span class='ocrx_word' id='word_1_240' title='bbox 2639 2011 2842 2082; x_wconf 79' lang='grc' dir='ltr'>μηδένα</span> <span class='ocrx_word' id='word_1_241' title='bbox 2902 2011 3076 2064; x_wconf 86' lang='grc' dir='ltr'>σέϐει·</span> <span class='ocrx_word' id='word_1_242' title='bbox 3119 2013 3147 2063; x_wconf 86' lang='grc' dir='ltr'><strong>ό</strong></span> <span class='ocrx_word' id='word_1_243' title='bbox 3179 2011 3236 2063; x_wconf 83' lang='grc' dir='ltr'><strong>δὲ</strong></span> <span class='ocrx_word' id='word_1_244' title='bbox 3281 2009 3408 2073; x_wconf 82' lang='grc' dir='ltr'>Υἱὸς</span> <span class='ocrx_word' id='word_1_245' title='bbox 3453 2009 3710 2079; x_wconf 79' lang='grc' dir='ltr'>εὐσεϐὴς,</span> <span class='ocrx_word' id='word_1_246' title='bbox 3743 2009 3822 2062; x_wconf 86' lang='grc' dir='ltr'>ὅτι</span> 
     </span>
    </p>
   </div>
   <div class='ocr_carea' id='block_1_35' title="bbox 571 2103 2142 2181">
    <p class='ocr_par' dir='ltr' id='par_1_35' title="bbox 571 2103 2142 2181">
     <span class='ocr_line' id='line_1_35' title="bbox 571 2103 2142 2181; baseline 0.008 -26"><span class='ocrx_word' id='word_1_247' title='bbox 571 2103 702 2156; x_wconf 90' lang='lat' dir='ltr'><strong>rint.</strong></span> <span class='ocrx_word' id='word_1_248' title='bbox 733 2103 1103 2174; x_wconf 88' lang='lat' dir='ltr'><strong>Futurumque</strong></span> <span class='ocrx_word' id='word_1_249' title='bbox 1131 2116 1248 2162; x_wconf 91' lang='lat' dir='ltr'><strong>erat</strong></span> <span class='ocrx_word' id='word_1_250' title='bbox 1275 2117 1334 2162; x_wconf 92' lang='lat' dir='ltr'><strong>ut</strong></span> <span class='ocrx_word' id='word_1_251' title='bbox 1367 2109 1712 2165; x_wconf 85' lang='lat' dir='ltr'><strong>Constantius</strong></span> <span class='ocrx_word' id='word_1_252' title='bbox 1752 2110 1888 2166; x_wconf 88' lang='lat' dir='ltr'><strong>male</strong></span> <span class='ocrx_word' id='word_1_253' title='bbox 1927 2113 2142 2181; x_wconf 84' lang='lat' dir='ltr'><strong>excipe-</strong></span> 
     </span>
    </p>
   </div>
   <div class='ocr_carea' id='block_1_36' title="bbox 571 2193 2142 2271">
    <p class='ocr_par' dir='ltr' id='par_1_36' title="bbox 571 2193 2142 2271">
     <span class='ocr_line' id='line_1_36' title="bbox 571 2193 2142 2271; baseline 0.007 -25"><span class='ocrx_word' id='word_1_254' title='bbox 571 2203 740 2259; x_wconf 84' lang='lat' dir='ltr'><strong>retur,</strong></span> <span class='ocrx_word' id='word_1_255' title='bbox 765 2193 1061 2250; x_wconf 74' lang='lat' dir='ltr'><strong>etillataein</strong></span> <span class='ocrx_word' id='word_1_256' title='bbox 1087 2197 1254 2252; x_wconf 87' lang='lat' dir='ltr'><strong>Deum</strong></span> <span class='ocrx_word' id='word_1_257' title='bbox 1284 2199 1622 2254; x_wconf 72' lang='lat' dir='ltr'><strong>contumelia:</strong></span> <span class='ocrx_word' id='word_1_258' title='bbox 1647 2201 1941 2271; x_wconf 83' lang='lat' dir='ltr'><strong>condignas</strong></span> <span class='ocrx_word' id='word_1_259' title='bbox 1973 2204 2142 2259; x_wconf 89' lang='lat' dir='ltr'><strong>lueret</strong></span> 
     </span>
    </p>
   </div>
   <div class='ocr_carea' id='block_1_37' title="bbox 571 2284 2140 2361">
    <p class='ocr_par' dir='ltr' id='par_1_37' title="bbox 571 2284 2140 2361">
     <span class='ocr_line' id='line_1_37' title="bbox 571 2284 2140 2361; baseline 0.006 -24"><span class='ocrx_word' id='word_1_260' title='bbox 571 2297 779 2350; x_wconf 71' lang='lat' dir='ltr'><strong>pmnas.</strong></span> <span class='ocrx_word' id='word_1_261' title='bbox 822 2284 1025 2341; x_wconf 88' lang='lat' dir='ltr'><strong>Deinde</strong></span> <span class='ocrx_word' id='word_1_262' title='bbox 1066 2303 1301 2357; x_wconf 88' lang='lat' dir='ltr'><strong>namque</strong></span> <span class='ocrx_word' id='word_1_263' title='bbox 1336 2289 1530 2358; x_wconf 89' lang='lat' dir='ltr'><strong>impius</strong></span> <span class='ocrx_word' id='word_1_264' title='bbox 1566 2289 1813 2346; x_wconf 84' lang='lat' dir='ltr'><strong>Julianus</strong></span> <span class='ocrx_word' id='word_1_265' title='bbox 1843 2292 2140 2361; x_wconf 85' lang='lat' dir='ltr'><strong>cupiditate</strong></span> 
     </span>
    </p>
   </div>
   <div class='ocr_carea' id='block_1_38' title="bbox 570 2375 2136 2446">
    <p class='ocr_par' dir='ltr' id='par_1_38' title="bbox 570 2375 2136 2446">
     <span class='ocr_line' id='line_1_38' title="bbox 570 2375 2136 2446; baseline 0.005 -20"><span class='ocrx_word' id='word_1_266' title='bbox 570 2375 782 2444; x_wconf 85' lang='lat' dir='ltr'><strong>imperii</strong></span> <span class='ocrx_word' id='word_1_267' title='bbox 839 2377 1002 2431; x_wconf 89' lang='lat' dir='ltr'><strong>totius</strong></span> <span class='ocrx_word' id='word_1_268' title='bbox 1058 2379 1380 2446; x_wconf 84' lang='lat' dir='ltr'><strong>occupandi,</strong></span> <span class='ocrx_word' id='word_1_269' title='bbox 1436 2394 1685 2446; x_wconf 82' lang='lat' dir='ltr'><strong>magnum</strong></span> <span class='ocrx_word' id='word_1_270' title='bbox 1737 2381 2033 2434; x_wconf 81' lang='lat' dir='ltr'><strong>exercitum</strong></span> <span class='ocrx_word' id='word_1_271' title='bbox 2085 2382 2136 2434; x_wconf 92' lang='lat' dir='ltr'><strong>in</strong></span> 
     </span>
    </p>
   </div>
   <div class='ocr_carea' id='block_1_39' title="bbox 568 2465 2137 2541">
    <p class='ocr_par' dir='ltr' id='par_1_39' title="bbox 568 2465 2137 2541">
     <span class='ocr_line' id='line_1_39' title="bbox 568 2465 2137 2541; baseline 0.004 -21"><span class='ocrx_word' id='word_1_272' title='bbox 568 2465 742 2520; x_wconf 80' lang='lat' dir='ltr'><strong>Gallia</strong></span> <span class='ocrx_word' id='word_1_273' title='bbox 783 2467 1151 2533; x_wconf 87' lang='lat' dir='ltr'><strong>conscribens,</strong></span> <span class='ocrx_word' id='word_1_274' title='bbox 1199 2483 1490 2538; x_wconf 84' lang='lat' dir='ltr'><strong>purpuram</strong></span> <span class='ocrx_word' id='word_1_275' title='bbox 1537 2469 1728 2535; x_wconf 88' lang='lat' dir='ltr'><strong>induit,</strong></span> <span class='ocrx_word' id='word_1_276' title='bbox 1758 2480 1811 2525; x_wconf 88' lang='lat' dir='ltr'><strong>et</strong></span> <span class='ocrx_word' id='word_1_277' title='bbox 1869 2473 2137 2541; x_wconf 86' lang='lat' dir='ltr'><strong>Augustus</strong></span> 
     </span>
    </p>
   </div>
   <div class='ocr_carea' id='block_1_40' title="bbox 570 2557 2140 2625">
    <p class='ocr_par' dir='ltr' id='par_1_40' title="bbox 570 2557 2140 2625">
     <span class='ocr_line' id='line_1_40' title="bbox 570 2557 2140 2625; baseline 0.006 -17"><span class='ocrx_word' id='word_1_278' title='bbox 570 2557 641 2608; x_wconf 90' lang='lat' dir='ltr'><strong>ab</strong></span> <span class='ocrx_word' id='word_1_279' title='bbox 666 2557 906 2610; x_wconf 78' lang='lat' dir='ltr'><strong>exercitu</strong></span> <span class='ocrx_word' id='word_1_280' title='bbox 943 2557 1329 2625; x_wconf 88' lang='lat' dir='ltr'><strong>proclamatur.</strong></span> <span class='ocrx_word' id='word_1_281' title='bbox 1358 2559 1706 2616; x_wconf 86' lang='lat' dir='ltr'><strong>Constantius</strong></span> <span class='ocrx_word' id='word_1_282' title='bbox 1733 2571 1838 2614; x_wconf 92' lang='lat' dir='ltr'><strong>tum</strong></span> <span class='ocrx_word' id='word_1_283' title='bbox 1881 2563 2022 2617; x_wconf 90' lang='lat' dir='ltr'><strong>bello</strong></span> <span class='ocrx_word' id='word_1_284' title='bbox 2047 2564 2140 2618; x_wconf 82' lang='lat' dir='ltr'><strong>de-</strong></span> 
     </span>
    </p>
   </div>
   <div class='ocr_carea' id='block_1_41' title="bbox 573 2647 2141 2725">
    <p class='ocr_par' dir='ltr' id='par_1_41' title="bbox 573 2647 2141 2725">
     <span class='ocr_line' id='line_1_41' title="bbox 573 2647 2141 2725; baseline 0.008 -25"><span class='ocrx_word' id='word_1_285' title='bbox 573 2648 848 2702; x_wconf 89' lang='lat' dir='ltr'><strong>tinebatur</strong></span> <span class='ocrx_word' id='word_1_286' title='bbox 894 2647 1134 2706; x_wconf 87' lang='lat' dir='ltr'><strong>Persico.</strong></span> <span class='ocrx_word' id='word_1_287' title='bbox 1169 2649 1281 2704; x_wconf 82' lang='lat' dir='ltr'><strong>Nec</strong></span> <span class='ocrx_word' id='word_1_288' title='bbox 1315 2651 1584 2706; x_wconf 90' lang='lat' dir='ltr'><strong>modicum</strong></span> <span class='ocrx_word' id='word_1_289' title='bbox 1620 2654 1685 2706; x_wconf 89' lang='lat' dir='ltr'><strong>ad</strong></span> <span class='ocrx_word' id='word_1_290' title='bbox 1727 2652 1925 2708; x_wconf 84' lang='lat' dir='ltr'><strong>famam</strong></span> <span class='ocrx_word' id='word_1_291' title='bbox 1961 2665 2141 2725; x_wconf 86' lang='lat' dir='ltr'><strong>gesto-</strong></span> 
     </span>
    </p>
   </div>
   <div class='ocr_carea' id='block_1_42' title="bbox 570 2737 2141 2818">
    <p class='ocr_par' dir='ltr' id='par_1_42' title="bbox 570 2737 2141 2818">
     <span class='ocr_line' id='line_1_42' title="bbox 570 2737 2141 2818; baseline 0.007 -27"><span class='ocrx_word' id='word_1_292' title='bbox 570 2753 689 2791; x_wconf 87' lang='lat' dir='ltr'><strong>rum</strong></span> <span class='ocrx_word' id='word_1_293' title='bbox 757 2737 957 2793; x_wconf 82' lang='lat' dir='ltr'><strong>Juliani</strong></span> <span class='ocrx_word' id='word_1_294' title='bbox 1011 2751 1338 2807; x_wconf 87' lang='lat' dir='ltr'><strong>commotus,</strong></span> <span class='ocrx_word' id='word_1_295' title='bbox 1409 2743 1733 2811; x_wconf 89' lang='lat' dir='ltr'><strong>insuperque</strong></span> <span class='ocrx_word' id='word_1_296' title='bbox 1820 2746 1890 2800; x_wconf 88' lang='lat' dir='ltr'><strong>ab</strong></span> <span class='ocrx_word' id='word_1_297' title='bbox 1974 2747 2141 2818; x_wconf 89' lang='lat' dir='ltr'><strong>impio</strong></span> 
     </span>
    </p>
   </div>
   <div class='ocr_carea' id='block_1_43' title="bbox 571 2831 2135 2908">
    <p class='ocr_par' dir='ltr' id='par_1_43' title="bbox 571 2831 2135 2908">
     <span class='ocr_line' id='line_1_43' title="bbox 571 2831 2135 2908; baseline 0.007 -24"><span class='ocrx_word' id='word_1_298' title='bbox 571 2831 772 2887; x_wconf 82' lang='lat' dir='ltr'><strong>Euzoio</strong></span> <span class='ocrx_word' id='word_1_299' title='bbox 837 2833 904 2886; x_wconf 89' lang='lat' dir='ltr'><strong>ad</strong></span> <span class='ocrx_word' id='word_1_300' title='bbox 955 2833 1155 2888; x_wconf 89' lang='lat' dir='ltr'><strong>bellum</strong></span> <span class='ocrx_word' id='word_1_301' title='bbox 1227 2835 1328 2904; x_wconf 91' lang='lat' dir='ltr'><strong>ipsi</strong></span> <span class='ocrx_word' id='word_1_302' title='bbox 1397 2837 1738 2892; x_wconf 80' lang='lat' dir='ltr'><strong>inferendum</strong></span> <span class='ocrx_word' id='word_1_303' title='bbox 1804 2840 2135 2908; x_wconf 86' lang='lat' dir='ltr'><strong>concitatus,</strong></span> 
     </span>
    </p>
   </div>
   <div class='ocr_carea' id='block_1_44' title="bbox 507 2924 2140 3001">
    <p class='ocr_par' dir='ltr' id='par_1_44' title="bbox 507 2924 2140 3001">
     <span class='ocr_line' id='line_1_44' title="bbox 507 2924 2140 3001; baseline 0.008 -27"><span class='ocrx_word' id='word_1_304' title='bbox 507 2979 511 2983; x_wconf 65' lang='grc'><strong>,</strong></span> <span class='ocrx_word' id='word_1_305' title='bbox 569 2924 864 2978; x_wconf 78' lang='lat' dir='ltr'><strong>exercitum</strong></span> <span class='ocrx_word' id='word_1_306' title='bbox 917 2926 1177 2980; x_wconf 89' lang='lat' dir='ltr'><strong>adversus</strong></span> <span class='ocrx_word' id='word_1_307' title='bbox 1229 2928 1522 2996; x_wconf 84' lang='lat' dir='ltr'><strong>patruelem</strong></span> <span class='ocrx_word' id='word_1_308' title='bbox 1577 2940 1886 2999; x_wconf 85' lang='lat' dir='ltr'><strong>comparat,</strong></span> <span class='ocrx_word' id='word_1_309' title='bbox 1956 2943 2140 3001; x_wconf 78' lang='lat' dir='ltr'><strong>aperte</strong></span> 
     </span>
    </p>
   </div>
   <div class='ocr_carea' id='block_1_45' title="bbox 571 3016 2140 3091">
    <p class='ocr_par' dir='ltr' id='par_1_45' title="bbox 571 3016 2140 3091">
     <span class='ocr_line' id='line_1_45' title="bbox 571 3016 2140 3091; baseline 0.005 -24"><span class='ocrx_word' id='word_1_310' title='bbox 571 3016 883 3071; x_wconf 85' lang='lat' dir='ltr'><strong>intestinum</strong></span> <span class='ocrx_word' id='word_1_311' title='bbox 917 3019 1155 3074; x_wconf 88' lang='lat' dir='ltr'><strong>concitat</strong></span> <span class='ocrx_word' id='word_1_312' title='bbox 1183 3020 1403 3075; x_wconf 86' lang='lat' dir='ltr'><strong>bellum.</strong></span> <span class='ocrx_word' id='word_1_313' title='bbox 1435 3020 1567 3076; x_wconf 87' lang='lat' dir='ltr'><strong>Cum</strong></span> <span class='ocrx_word' id='word_1_314' title='bbox 1611 3032 1787 3075; x_wconf 90' lang='lat' dir='ltr'><strong>autem</strong></span> <span class='ocrx_word' id='word_1_315' title='bbox 1832 3021 2140 3091; x_wconf 83' lang='lat' dir='ltr'><strong>Mopsucre-</strong></span> 
     </span>
    </p>
   </div>
   <div class='ocr_carea' id='block_1_46' title="bbox 569 3108 2135 3180">
    <p class='ocr_par' dir='ltr' id='par_1_46' title="bbox 569 3108 2135 3180">
     <span class='ocr_line' id='line_1_46' title="bbox 569 3108 2135 3180; baseline 0.003 -20"><span class='ocrx_word' id='word_1_316' title='bbox 569 3109 654 3161; x_wconf 88' lang='lat' dir='ltr'><strong>nis</strong></span> <span class='ocrx_word' id='word_1_317' title='bbox 678 3109 814 3163; x_wconf 90' lang='lat' dir='ltr'><strong>inter</strong></span> <span class='ocrx_word' id='word_1_318' title='bbox 840 3108 1239 3180; x_wconf 84' lang='lat' dir='ltr'><strong>Cappadociam</strong></span> <span class='ocrx_word' id='word_1_319' title='bbox 1271 3122 1320 3166; x_wconf 90' lang='lat' dir='ltr'><strong>et</strong></span> <span class='ocrx_word' id='word_1_320' title='bbox 1357 3113 1602 3167; x_wconf 81' lang='lat' dir='ltr'><strong>Ciliciam</strong></span> <span class='ocrx_word' id='word_1_321' title='bbox 1635 3122 1960 3176; x_wconf 85' lang='lat' dir='ltr'><strong>versaretur,</strong></span> <span class='ocrx_word' id='word_1_322' title='bbox 2003 3128 2135 3180; x_wconf 90' lang='lat' dir='ltr'><strong>apo-</strong></span> 
     </span>
    </p>
   </div>
   <div class='ocr_carea' id='block_1_47' title="bbox 568 3201 2134 3274">
    <p class='ocr_par' dir='ltr' id='par_1_47' title="bbox 568 3201 2134 3274">
     <span class='ocr_line' id='line_1_47' title="bbox 568 3201 2134 3274; baseline 0.004 -23"><span class='ocrx_word' id='word_1_323' title='bbox 568 3201 742 3269; x_wconf 78' lang='lat' dir='ltr'><strong>plexia</strong></span> <span class='ocrx_word' id='word_1_324' title='bbox 771 3213 1071 3272; x_wconf 80' lang='lat' dir='ltr'><strong>correptus,</strong></span> <span class='ocrx_word' id='word_1_325' title='bbox 1113 3205 1276 3258; x_wconf 89' lang='lat' dir='ltr'><strong>vitam</strong></span> <span class='ocrx_word' id='word_1_326' title='bbox 1324 3206 1488 3260; x_wconf 89' lang='lat' dir='ltr'><strong>isthic</strong></span> <span class='ocrx_word' id='word_1_327' title='bbox 1519 3221 1641 3261; x_wconf 91' lang='lat' dir='ltr'><strong>cum</strong></span> <span class='ocrx_word' id='word_1_328' title='bbox 1677 3205 1902 3274; x_wconf 90' lang='lat' dir='ltr'><strong>imperio</strong></span> <span class='ocrx_word' id='word_1_329' title='bbox 1932 3206 2134 3269; x_wconf 88' lang='lat' dir='ltr'><strong>amisit,</strong></span> 
     </span>
    </p>
   </div>
   <div class='ocr_carea' id='block_1_48' title="bbox 568 3296 2139 3369">
    <p class='ocr_par' dir='ltr' id='par_1_48' title="bbox 568 3296 2139 3369">
     <span class='ocr_line' id='line_1_48' title="bbox 568 3296 2139 3369; baseline 0.006 -27"><span class='ocrx_word' id='word_1_330' title='bbox 568 3307 688 3344; x_wconf 84' lang='lat' dir='ltr'><strong>cum</strong></span> <span class='ocrx_word' id='word_1_331' title='bbox 721 3309 892 3348; x_wconf 88' lang='lat' dir='ltr'><strong>annos</strong></span> <span class='ocrx_word' id='word_1_332' title='bbox 925 3296 1146 3350; x_wconf 79' lang='lat' dir='ltr'><strong>vixisset</strong></span> <span class='ocrx_word' id='word_1_333' title='bbox 1185 3298 1540 3369; x_wconf 78' lang='lat' dir='ltr'><strong>quadraginta</strong></span> <span class='ocrx_word' id='word_1_334' title='bbox 1585 3299 1846 3369; x_wconf 89' lang='lat' dir='ltr'><strong>quinque,</strong></span> <span class='ocrx_word' id='word_1_335' title='bbox 1891 3308 2012 3366; x_wconf 89' lang='lat' dir='ltr'><strong>post</strong></span> <span class='ocrx_word' id='word_1_336' title='bbox 2047 3314 2139 3367; x_wconf 90' lang='lat' dir='ltr'><strong>pa-</strong></span> 
     </span>
    </p>
   </div>
   <div class='ocr_carea' id='block_1_49' title="bbox 567 3386 1428 3456">
    <p class='ocr_par' dir='ltr' id='par_1_49' title="bbox 567 3386 1428 3456">
     <span class='ocr_line' id='line_1_49' title="bbox 567 3386 1428 3456; baseline 0.016 -26"><span class='ocrx_word' id='word_1_337' title='bbox 567 3387 704 3433; x_wconf 74' lang='lat' dir='ltr'><strong>trem</strong></span> <span class='ocrx_word' id='word_1_338' title='bbox 745 3391 922 3436; x_wconf 90' lang='lat' dir='ltr'><strong>autem</strong></span> <span class='ocrx_word' id='word_1_339' title='bbox 955 3386 1428 3456; x_wconf 80' lang='lat' dir='ltr'><strong>vigintiquinque.</strong></span> 
     </span>
    </p>
   </div>
   <div class='ocr_carea' id='block_1_50' title="bbox 2244 2100 3824 2176">
    <p class='ocr_par' dir='ltr' id='par_1_50' title="bbox 2244 2100 3824 2176">
     <span class='ocr_line' id='line_1_50' title="bbox 2244 2100 3824 2176; baseline -0.001 -20"><span class='ocrx_word' id='word_1_340' title='bbox 2244 2103 2390 2156; x_wconf 89' lang='grc' dir='ltr'>σέϐει</span> <span class='ocrx_word' id='word_1_341' title='bbox 2418 2101 2596 2167; x_wconf 82' lang='grc' dir='ltr'>καλῶς</span> <span class='ocrx_word' id='word_1_342' title='bbox 2627 2103 2719 2157; x_wconf 80' lang='grc' dir='ltr'><strong>τὸν</strong></span> <span class='ocrx_word' id='word_1_343' title='bbox 2746 2102 2983 2175; x_wconf 82' lang='grc' dir='ltr'>Πατέρα.</span> <span class='ocrx_word' id='word_1_344' title='bbox 3027 2103 3171 2176; x_wconf 82' lang='grc' dir='ltr'>Πρὸς</span> <span class='ocrx_word' id='word_1_345' title='bbox 3208 2103 3381 2155; x_wconf 80' lang='grc' dir='ltr'>ταῦτα</span> <span class='ocrx_word' id='word_1_346' title='bbox 3429 2101 3605 2170; x_wconf 82' lang='grc' dir='ltr'>γέλως</span> <span class='ocrx_word' id='word_1_347' title='bbox 3657 2100 3824 2172; x_wconf 71' lang='grc' dir='ltr'>ἐλάμ-</span> 
     </span>
    </p>
   </div>
   <div class='ocr_carea' id='block_1_51' title="bbox 2241 2192 3821 2268">
    <p class='ocr_par' dir='ltr' id='par_1_51' title="bbox 2241 2192 3821 2268">
     <span class='ocr_line' id='line_1_51' title="bbox 2241 2192 3821 2268; baseline -0.003 -20"><span class='ocrx_word' id='word_1_348' title='bbox 2241 2195 2368 2248; x_wconf 83' lang='grc' dir='ltr'>ϐανε</span> <span class='ocrx_word' id='word_1_349' title='bbox 2408 2198 2532 2260; x_wconf 76' lang='grc' dir='ltr'>τοὺς</span> <span class='ocrx_word' id='word_1_350' title='bbox 2578 2197 2883 2268; x_wconf 81' lang='grc' dir='ltr'>παρόντας·</span> <span class='ocrx_word' id='word_1_351' title='bbox 2933 2195 3072 2249; x_wconf 83' lang='grc' dir='ltr'>ὥστε</span> <span class='ocrx_word' id='word_1_352' title='bbox 3126 2196 3219 2251; x_wconf 78' lang='grc' dir='ltr'>καὶ</span> <span class='ocrx_word' id='word_1_353' title='bbox 3259 2195 3421 2266; x_wconf 77' lang='grc' dir='ltr'>λῆρον</span> <span class='ocrx_word' id='word_1_354' title='bbox 3462 2192 3629 2246; x_wconf 77' lang='grc' dir='ltr'>αὑτοῦ</span> <span class='ocrx_word' id='word_1_355' title='bbox 3677 2192 3821 2262; x_wconf 82' lang='grc' dir='ltr'>σαφῆ</span> 
     </span>
    </p>
   </div>
   <div class='ocr_carea' id='block_1_52' title="bbox 2239 2281 3823 2356">
    <p class='ocr_par' dir='ltr' id='par_1_52' title="bbox 2239 2281 3823 2356">
     <span class='ocr_line' id='line_1_52' title="bbox 2239 2281 3823 2356; baseline -0.004 -16"><span class='ocrx_word' id='word_1_356' title='bbox 2239 2287 2364 2349; x_wconf 73' lang='grc' dir='ltr'>τοὺς</span> <span class='ocrx_word' id='word_1_357' title='bbox 2396 2287 2622 2351; x_wconf 74' lang='grc' dir='ltr'>πολλοὺς</span> <span class='ocrx_word' id='word_1_358' title='bbox 2659 2285 3044 2354; x_wconf 81' lang='grc' dir='ltr'>καταγνόντας,</span> <span class='ocrx_word' id='word_1_359' title='bbox 3080 2285 3430 2356; x_wconf 78' lang='grc' dir='ltr'>ὑποχωρῆσαι</span> <span class='ocrx_word' id='word_1_360' title='bbox 3458 2282 3559 2352; x_wconf 83' lang='grc' dir='ltr'>τῆς</span> <span class='ocrx_word' id='word_1_361' title='bbox 3591 2281 3823 2351; x_wconf 73' lang='grc' dir='ltr'>Ἐκκλη-</span> 
     </span>
    </p>
   </div>
   <div class='ocr_carea' id='block_1_53' title="bbox 2243 2372 3825 2448">
    <p class='ocr_par' dir='ltr' id='par_1_53' title="bbox 2243 2372 3825 2448">
     <span class='ocr_line' id='line_1_53' title="bbox 2243 2372 3825 2448; baseline -0.003 -19"><span class='ocrx_word' id='word_1_362' title='bbox 2243 2376 2376 2439; x_wconf 91' lang='grc' dir='ltr'>σίας.</span> <span class='ocrx_word' id='word_1_363' title='bbox 2415 2377 2646 2448; x_wconf 84' lang='grc' dir='ltr'>Ἔμελλε</span> <span class='ocrx_word' id='word_1_364' title='bbox 2675 2377 2731 2430; x_wconf 82' lang='grc' dir='ltr'>δὲ</span> <span class='ocrx_word' id='word_1_365' title='bbox 2760 2377 2867 2447; x_wconf 82' lang='grc' dir='ltr'><strong>ἀρα</strong></span> <span class='ocrx_word' id='word_1_366' title='bbox 2907 2376 3001 2430; x_wconf 75' lang='grc' dir='ltr'>καὶ</span> <span class='ocrx_word' id='word_1_367' title='bbox 3036 2374 3395 2445; x_wconf 82' lang='grc' dir='ltr'>Κωνσταντίῳ</span> <span class='ocrx_word' id='word_1_368' title='bbox 3431 2372 3691 2442; x_wconf 87' lang='grc' dir='ltr'>γενέσθαι</span> <span class='ocrx_word' id='word_1_369' title='bbox 3725 2389 3825 2426; x_wconf 85' lang='grc' dir='ltr'>κα-</span> 
     </span>
    </p>
   </div>
   <div class='ocr_carea' id='block_1_54' title="bbox 2241 2463 3827 2536">
    <p class='ocr_par' dir='ltr' id='par_1_54' title="bbox 2241 2463 3827 2536">
     <span class='ocr_line' id='line_1_54' title="bbox 2241 2463 3827 2536; baseline -0.002 -18"><span class='ocrx_word' id='word_1_370' title='bbox 2241 2466 2372 2530; x_wconf 89' lang='grc' dir='ltr'>κῶς,</span> <span class='ocrx_word' id='word_1_371' title='bbox 2409 2469 2500 2520; x_wconf 75' lang='grc' dir='ltr'><strong>καὶ</strong></span> <span class='ocrx_word' id='word_1_372' title='bbox 2531 2467 2686 2530; x_wconf 85' lang='grc' dir='ltr'>δίκας</span> <span class='ocrx_word' id='word_1_373' title='bbox 2728 2467 2886 2520; x_wconf 82' lang='grc' dir='ltr'>αὑτὸν</span> <span class='ocrx_word' id='word_1_374' title='bbox 2929 2464 3082 2529; x_wconf 81' lang='grc' dir='ltr'>ἀξίας</span> <span class='ocrx_word' id='word_1_375' title='bbox 3122 2466 3219 2536; x_wconf 77' lang='grc' dir='ltr'>τῆς</span> <span class='ocrx_word' id='word_1_376' title='bbox 3267 2466 3346 2529; x_wconf 86' lang='grc' dir='ltr'><strong>είς</strong></span> <span class='ocrx_word' id='word_1_377' title='bbox 3393 2464 3452 2518; x_wconf 82' lang='grc' dir='ltr'><strong>τὸ</strong></span> <span class='ocrx_word' id='word_1_378' title='bbox 3492 2463 3650 2517; x_wconf 85' lang='grc' dir='ltr'>Θεῖον</span> <span class='ocrx_word' id='word_1_379' title='bbox 3696 2464 3827 2516; x_wconf 85' lang='grc' dir='ltr'>ὑπο-</span> 
     </span>
    </p>
   </div>
   <div class='ocr_carea' id='block_1_55' title="bbox 2243 2555 3826 2630">
    <p class='ocr_par' dir='ltr' id='par_1_55' title="bbox 2243 2555 3826 2630">
     <span class='ocr_line' id='line_1_55' title="bbox 2243 2555 3826 2630; baseline -0.003 -19"><span class='ocrx_word' id='word_1_380' title='bbox 2243 2563 2389 2630; x_wconf 84' lang='grc' dir='ltr'>σχεῖν</span> <span class='ocrx_word' id='word_1_381' title='bbox 2421 2560 2650 2630; x_wconf 81' lang='grc' dir='ltr'>ὑϐρεως.</span> <span class='ocrx_word' id='word_1_382' title='bbox 2686 2561 2878 2612; x_wconf 90' lang='grc' dir='ltr'>Ἔνθεν</span> <span class='ocrx_word' id='word_1_383' title='bbox 2912 2575 2991 2611; x_wconf 89' lang='grc' dir='ltr'><strong>τοι</strong></span> <span class='ocrx_word' id='word_1_384' title='bbox 3018 2557 3111 2611; x_wconf 75' lang='grc' dir='ltr'>καὶ</span> <span class='ocrx_word' id='word_1_385' title='bbox 3145 2559 3172 2610; x_wconf 85' lang='grc' dir='ltr'>ὁ</span> <span class='ocrx_word' id='word_1_386' title='bbox 3201 2557 3465 2627; x_wconf 85' lang='grc' dir='ltr'>δυσσεϐὴς</span> <span class='ocrx_word' id='word_1_387' title='bbox 3513 2555 3826 2619; x_wconf 82' lang='grc' dir='ltr'>Ἰουλιανὸς,</span> 
     </span>
    </p>
   </div>
   <div class='ocr_carea' id='block_1_56' title="bbox 2241 2648 3828 2724">
    <p class='ocr_par' dir='ltr' id='par_1_56' title="bbox 2241 2648 3828 2724">
     <span class='ocr_line' id='line_1_56' title="bbox 2241 2648 3828 2724; baseline -0.003 -20"><span class='ocrx_word' id='word_1_388' title='bbox 2241 2650 2505 2724; x_wconf 78' lang='grc' dir='ltr'>ἐπιθυμία</span> <span class='ocrx_word' id='word_1_389' title='bbox 2542 2652 2641 2722; x_wconf 79' lang='grc' dir='ltr'>τῆς</span> <span class='ocrx_word' id='word_1_390' title='bbox 2677 2651 2771 2704; x_wconf 74' lang='grc' dir='ltr'><strong>τοῦ</strong></span> <span class='ocrx_word' id='word_1_391' title='bbox 2804 2651 3003 2714; x_wconf 81' lang='grc' dir='ltr'>παντὸς</span> <span class='ocrx_word' id='word_1_392' title='bbox 3037 2648 3279 2713; x_wconf 79' lang='grc' dir='ltr'>ἐξουσίας</span> <span class='ocrx_word' id='word_1_393' title='bbox 3318 2651 3474 2719; x_wconf 85' lang='grc' dir='ltr'>χεῖρα</span> <span class='ocrx_word' id='word_1_394' title='bbox 3509 2649 3717 2719; x_wconf 87' lang='grc' dir='ltr'>συχνὴν</span> <span class='ocrx_word' id='word_1_395' title='bbox 3767 2649 3828 2700; x_wconf 81' lang='grc' dir='ltr'>ἐν</span> 
     </span>
    </p>
   </div>
   <div class='ocr_carea' id='block_1_57' title="bbox 2241 2739 3831 2815">
    <p class='ocr_par' dir='ltr' id='par_1_57' title="bbox 2241 2739 3831 2815">
     <span class='ocr_line' id='line_1_57' title="bbox 2241 2739 3831 2815; baseline -0.004 -18"><span class='ocrx_word' id='word_1_396' title='bbox 2241 2744 2492 2808; x_wconf 85' lang='grc' dir='ltr'>Γαλλίαις</span> <span class='ocrx_word' id='word_1_397' title='bbox 2558 2743 3005 2815; x_wconf 78' lang='grc' dir='ltr'>ἑταιρισάμενος,</span> <span class='ocrx_word' id='word_1_398' title='bbox 3072 2741 3411 2812; x_wconf 84' lang='grc' dir='ltr'>περιτίθησιν</span> <span class='ocrx_word' id='word_1_399' title='bbox 3473 2739 3657 2810; x_wconf 79' lang='grc' dir='ltr'>ἑαυτῷ</span> <span class='ocrx_word' id='word_1_400' title='bbox 3726 2739 3831 2812; x_wconf 79' lang='grc' dir='ltr'>τὴν</span> 
     </span>
    </p>
   </div>
   <div class='ocr_carea' id='block_1_58' title="bbox 2239 2830 3830 2908">
    <p class='ocr_par' dir='ltr' id='par_1_58' title="bbox 2239 2830 3830 2908">
     <span class='ocr_line' id='line_1_58' title="bbox 2239 2830 3830 2908; baseline -0.004 -18"><span class='ocrx_word' id='word_1_401' title='bbox 2239 2836 2551 2908; x_wconf 83' lang='grc' dir='ltr'>ἁλουργίδα,</span> <span class='ocrx_word' id='word_1_402' title='bbox 2619 2837 2712 2890; x_wconf 76' lang='grc' dir='ltr'><strong>καὶ</strong></span> <span class='ocrx_word' id='word_1_403' title='bbox 2774 2835 3077 2904; x_wconf 71' lang='grc' dir='ltr'>Αὔγουστος</span> <span class='ocrx_word' id='word_1_404' title='bbox 3129 2834 3234 2888; x_wconf 79' lang='grc' dir='ltr'>ὑπὸ</span> <span class='ocrx_word' id='word_1_405' title='bbox 3290 2832 3384 2886; x_wconf 82' lang='grc' dir='ltr'>τοῦ</span> <span class='ocrx_word' id='word_1_406' title='bbox 3453 2830 3830 2904; x_wconf 84' lang='grc' dir='ltr'>στρατοπέδου</span> 
     </span>
    </p>
   </div>
   <div class='ocr_carea' id='block_1_59' title="bbox 2238 2924 3830 3001">
    <p class='ocr_par' dir='ltr' id='par_1_59' title="bbox 2238 2924 3830 3001">
     <span class='ocr_line' id='line_1_59' title="bbox 2238 2924 3830 3001; baseline -0.004 -20"><span class='ocrx_word' id='word_1_407' title='bbox 2238 2928 2652 3001; x_wconf 77' lang='grc' dir='ltr'>ἀναγορεύεται.</span> <span class='ocrx_word' id='word_1_408' title='bbox 2689 2927 3064 2982; x_wconf 87' lang='grc' dir='ltr'>Κωνστάντιον</span> <span class='ocrx_word' id='word_1_409' title='bbox 3095 2926 3149 2979; x_wconf 81' lang='grc' dir='ltr'>δὲ</span> <span class='ocrx_word' id='word_1_410' title='bbox 3188 2927 3404 2995; x_wconf 81' lang='grc' dir='ltr'>κατεῖχε</span> <span class='ocrx_word' id='word_1_411' title='bbox 3439 2924 3538 2995; x_wconf 87' lang='grc' dir='ltr'>μὲν</span> <span class='ocrx_word' id='word_1_412' title='bbox 3564 2927 3593 2977; x_wconf 84' lang='grc' dir='ltr'><strong>ό</strong></span> <span class='ocrx_word' id='word_1_413' title='bbox 3623 2925 3830 2992; x_wconf 87' lang='grc' dir='ltr'>Περσι-</span> 
     </span>
    </p>
   </div>
   <div class='ocr_carea' id='block_1_60' title="bbox 2240 3015 3831 3091">
    <p class='ocr_par' dir='ltr' id='par_1_60' title="bbox 2240 3015 3831 3091">
     <span class='ocr_line' id='line_1_60' title="bbox 2240 3015 3831 3091; baseline -0.005 -17"><span class='ocrx_word' id='word_1_414' title='bbox 2240 3021 2334 3084; x_wconf 86' lang='grc' dir='ltr'><strong>κὸς</strong></span> <span class='ocrx_word' id='word_1_415' title='bbox 2366 3021 2445 3073; x_wconf 77' lang='grc' dir='ltr'><strong>ἕτι</strong></span> <span class='ocrx_word' id='word_1_416' title='bbox 2471 3020 2706 3091; x_wconf 87' lang='grc' dir='ltr'>πόλεμος</span> <span class='ocrx_word' id='word_1_417' title='bbox 2726 3037 2739 3050; x_wconf 89' lang='grc'>·</span> <span class='ocrx_word' id='word_1_418' title='bbox 2777 3020 2836 3072; x_wconf 87' lang='grc' dir='ltr'><strong>οὑ</strong></span> <span class='ocrx_word' id='word_1_419' title='bbox 2864 3019 3097 3090; x_wconf 88' lang='grc' dir='ltr'>μετρίως</span> <span class='ocrx_word' id='word_1_420' title='bbox 3127 3017 3184 3070; x_wconf 81' lang='grc' dir='ltr'>δὲ</span> <span class='ocrx_word' id='word_1_421' title='bbox 3215 3017 3309 3070; x_wconf 76' lang='grc' dir='ltr'>καὶ</span> <span class='ocrx_word' id='word_1_422' title='bbox 3354 3016 3492 3087; x_wconf 82' lang='grc' dir='ltr'>πρὸς</span> <span class='ocrx_word' id='word_1_423' title='bbox 3532 3015 3634 3078; x_wconf 86' lang='grc' dir='ltr'><strong>τάς</strong></span> <span class='ocrx_word' id='word_1_424' title='bbox 3693 3015 3831 3067; x_wconf 81' lang='grc' dir='ltr'>Ἰουο</span> 
     </span>
    </p>
   </div>
   <div class='ocr_carea' id='block_1_61' title="bbox 2238 3107 3832 3185">
    <p class='ocr_par' dir='ltr' id='par_1_61' title="bbox 2238 3107 3832 3185">
     <span class='ocr_line' id='line_1_61' title="bbox 2238 3107 3832 3185; baseline -0.005 -19"><span class='ocrx_word' id='word_1_425' title='bbox 2238 3114 2422 3168; x_wconf 84' lang='grc' dir='ltr'>λιανοῦ</span> <span class='ocrx_word' id='word_1_426' title='bbox 2468 3115 2655 3185; x_wconf 82' lang='grc' dir='ltr'>φήμας</span> <span class='ocrx_word' id='word_1_427' title='bbox 2701 3114 3062 3184; x_wconf 77' lang='grc' dir='ltr'>διακείμενος,</span> <span class='ocrx_word' id='word_1_428' title='bbox 3106 3110 3280 3174; x_wconf 79' lang='grc' dir='ltr'>ἄλλως</span> <span class='ocrx_word' id='word_1_429' title='bbox 3321 3126 3381 3162; x_wconf 86' lang='grc' dir='ltr'><strong>τε</strong></span> <span class='ocrx_word' id='word_1_430' title='bbox 3425 3109 3519 3162; x_wconf 70' lang='grc' dir='ltr'><strong>καὶ</strong></span> <span class='ocrx_word' id='word_1_431' title='bbox 3555 3107 3663 3160; x_wconf 83' lang='grc' dir='ltr'><strong>ὑπὸ</strong></span> <span class='ocrx_word' id='word_1_432' title='bbox 3710 3107 3832 3160; x_wconf 87' lang='grc' dir='ltr'>θεο-</span> 
     </span>
    </p>
   </div>
   <div class='ocr_carea' id='block_1_62' title="bbox 2243 3196 3834 3278">
    <p class='ocr_par' dir='ltr' id='par_1_62' title="bbox 2243 3196 3834 3278">
     <span class='ocr_line' id='line_1_62' title="bbox 2243 3196 3834 3278; baseline -0.007 -18"><span class='ocrx_word' id='word_1_433' title='bbox 2243 3208 2418 3278; x_wconf 87' lang='grc' dir='ltr'>μάχου</span> <span class='ocrx_word' id='word_1_434' title='bbox 2453 3207 2696 3270; x_wconf 74' lang='grc' dir='ltr'>Εὑζωῖου</span> <span class='ocrx_word' id='word_1_435' title='bbox 2720 3205 2854 3277; x_wconf 85' lang='grc' dir='ltr'>πρὸς</span> <span class='ocrx_word' id='word_1_436' title='bbox 2886 3205 2982 3274; x_wconf 76' lang='grc' dir='ltr'><strong>τὴν</strong></span> <span class='ocrx_word' id='word_1_437' title='bbox 3023 3205 3142 3256; x_wconf 85' lang='grc' dir='ltr'>κατ’</span> <span class='ocrx_word' id='word_1_438' title='bbox 3165 3200 3330 3255; x_wconf 77' lang='grc' dir='ltr'>αὑτοῦ</span> <span class='ocrx_word' id='word_1_439' title='bbox 3369 3200 3552 3271; x_wconf 87' lang='grc' dir='ltr'>μάχην</span> <span class='ocrx_word' id='word_1_440' title='bbox 3588 3196 3834 3270; x_wconf 73' lang='grc' dir='ltr'>ἐρεθιζό-</span> 
     </span>
    </p>
   </div>
   <div class='ocr_carea' id='block_1_63' title="bbox 2241 3291 3831 3369">
    <p class='ocr_par' dir='ltr' id='par_1_63' title="bbox 2241 3291 3831 3369">
     <span class='ocr_line' id='line_1_63' title="bbox 2241 3291 3831 3369; baseline -0.006 -19"><span class='ocrx_word' id='word_1_441' title='bbox 2241 3315 2424 3369; x_wconf 88' lang='grc' dir='ltr'>μενος,</span> <span class='ocrx_word' id='word_1_442' title='bbox 2467 3297 2782 3368; x_wconf 87' lang='grc' dir='ltr'>στράτευμα</span> <span class='ocrx_word' id='word_1_443' title='bbox 2817 3294 2955 3348; x_wconf 86' lang='grc' dir='ltr'>κατὰ</span> <span class='ocrx_word' id='word_1_444' title='bbox 2994 3293 3087 3346; x_wconf 78' lang='grc' dir='ltr'><strong>τοῦ</strong></span> <span class='ocrx_word' id='word_1_445' title='bbox 3133 3291 3351 3361; x_wconf 70' lang='grc' dir='ltr'>ἀνεψιοῦ</span> <span class='ocrx_word' id='word_1_446' title='bbox 3397 3293 3693 3362; x_wconf 87' lang='grc' dir='ltr'>συγκροτεῖ</span> <span class='ocrx_word' id='word_1_447' title='bbox 3727 3295 3831 3361; x_wconf 69' lang='grc' dir='ltr'>(τι).</span> 
     </span>
    </p>
   </div>
   <div class='ocr_carea' id='block_1_64' title="bbox 2166 3382 3835 3458">
    <p class='ocr_par' dir='ltr' id='par_1_64' title="bbox 2166 3382 3835 3458">
     <span class='ocr_line' id='line_1_64' title="bbox 2166 3382 3835 3458; baseline -0.002 -19"><span class='ocrx_word' id='word_1_448' title='bbox 2166 3382 2206 3439; x_wconf 91' lang='lat' dir='ltr'><strong>C</strong></span> <span class='ocrx_word' id='word_1_449' title='bbox 2242 3391 2335 3442; x_wconf 70' lang='grc' dir='ltr'><strong>καὶ</strong></span> <span class='ocrx_word' id='word_1_450' title='bbox 2383 3389 2570 3458; x_wconf 72' lang='grc' dir='ltr'>σαφῶς</span> <span class='ocrx_word' id='word_1_451' title='bbox 2620 3387 2880 3458; x_wconf 74' lang='grc' dir='ltr'>ἐμφύλιον</span> <span class='ocrx_word' id='word_1_452' title='bbox 2929 3383 3193 3456; x_wconf 78' lang='grc' dir='ltr'>ἐξεγείρει</span> <span class='ocrx_word' id='word_1_453' title='bbox 3245 3385 3443 3455; x_wconf 86' lang='grc' dir='ltr'>μάχην.</span> <span class='ocrx_word' id='word_1_454' title='bbox 3492 3382 3718 3449; x_wconf 82' lang='grc' dir='ltr'>Μεταξὺ</span> <span class='ocrx_word' id='word_1_455' title='bbox 3776 3383 3835 3436; x_wconf 82' lang='grc' dir='ltr'>δὲ</span> 
     </span>
    </p>
   </div>
   <div class='ocr_carea' id='block_1_65' title="bbox 566 3471 3835 3553">
    <p class='ocr_par' dir='ltr' id='par_1_65' title="bbox 566 3471 3835 3553">
     <span class='ocr_line' id='line_1_65' title="bbox 566 3471 3835 3553; baseline 0.001 -28"><span class='ocrx_word' id='word_1_456' title='bbox 566 3471 947 3528; x_wconf 80' lang='grc' dir='ltr'>Καππαδοκῶν</span> <span class='ocrx_word' id='word_1_457' title='bbox 979 3492 1039 3527; x_wconf 90' lang='grc' dir='ltr'><strong>τε</strong></span> <span class='ocrx_word' id='word_1_458' title='bbox 1085 3478 1178 3529; x_wconf 72' lang='grc' dir='ltr'><strong>καὶ</strong></span> <span class='ocrx_word' id='word_1_459' title='bbox 1213 3478 1451 3532; x_wconf 79' lang='grc' dir='ltr'>Κιλίκων</span> <span class='ocrx_word' id='word_1_460' title='bbox 1495 3480 1551 3532; x_wconf 83' lang='grc' dir='ltr'>ὲν</span> <span class='ocrx_word' id='word_1_461' title='bbox 1585 3481 1772 3550; x_wconf 63' lang='grc' dir='ltr'>Μόψου</span> <span class='ocrx_word' id='word_1_462' title='bbox 1823 3499 2052 3553; x_wconf 86' lang='grc' dir='ltr'>κρηναις</span> <span class='ocrx_word' id='word_1_463' title='bbox 2093 3479 2172 3550; x_wconf 84' lang='grc' dir='ltr'>τῷ</span> <span class='ocrx_word' id='word_1_464' title='bbox 2209 3481 2390 3553; x_wconf 81' lang='grc' dir='ltr'>χωρίῳ</span> <span class='ocrx_word' id='word_1_465' title='bbox 2436 3482 2746 3551; x_wconf 87' lang='grc' dir='ltr'>γενόμενος,</span> <span class='ocrx_word' id='word_1_466' title='bbox 2791 3477 3047 3532; x_wconf 86' lang='grc' dir='ltr'>καταλύει</span> <span class='ocrx_word' id='word_1_467' title='bbox 3093 3477 3232 3549; x_wconf 84' lang='grc' dir='ltr'>μετὰ</span> <span class='ocrx_word' id='word_1_468' title='bbox 3262 3478 3360 3548; x_wconf 82' lang='grc' dir='ltr'><strong>τῆς</strong></span> <span class='ocrx_word' id='word_1_469' title='bbox 3399 3475 3578 3546; x_wconf 82' lang='grc' dir='ltr'>ἀρχῆς</span> <span class='ocrx_word' id='word_1_470' title='bbox 3611 3476 3709 3528; x_wconf 71' lang='grc' dir='ltr'><strong>καὶ</strong></span> <span class='ocrx_word' id='word_1_471' title='bbox 3737 3476 3835 3529; x_wconf 82' lang='grc' dir='ltr'><strong>τὸν</strong></span> 
     </span>
    </p>
   </div>
   <div class='ocr_carea' id='block_1_66' title="bbox 570 3562 3837 3644">
    <p class='ocr_par' dir='ltr' id='par_1_66' title="bbox 570 3562 3837 3644">
     <span class='ocr_line' id='line_1_66' title="bbox 570 3562 3837 3644; baseline 0.001 -28"><span class='ocrx_word' id='word_1_472' title='bbox 570 3562 702 3633; x_wconf 86' lang='grc' dir='ltr'>βίον,</span> <span class='ocrx_word' id='word_1_473' title='bbox 760 3566 910 3620; x_wconf 87' lang='grc' dir='ltr'>νόσον</span> <span class='ocrx_word' id='word_1_474' title='bbox 957 3566 1255 3637; x_wconf 82' lang='grc' dir='ltr'>ὑπομείνας</span> <span class='ocrx_word' id='word_1_475' title='bbox 1305 3570 1666 3641; x_wconf 81' lang='grc' dir='ltr'>ἀποπληξίαν,</span> <span class='ocrx_word' id='word_1_476' title='bbox 1708 3573 1868 3627; x_wconf 80' lang='grc' dir='ltr'>πέντε</span> <span class='ocrx_word' id='word_1_477' title='bbox 1903 3575 1999 3644; x_wconf 80' lang='grc' dir='ltr'>μὲν</span> <span class='ocrx_word' id='word_1_478' title='bbox 2041 3574 2134 3628; x_wconf 69' lang='grc' dir='ltr'><strong>καὶ</strong></span> <span class='ocrx_word' id='word_1_479' title='bbox 2171 3575 2577 3628; x_wconf 86' lang='grc' dir='ltr'>τεσσαοάκοντα</span> <span class='ocrx_word' id='word_1_480' title='bbox 2609 3572 2705 3644; x_wconf 80' lang='grc' dir='ltr'>τῆς</span> <span class='ocrx_word' id='word_1_481' title='bbox 2765 3571 2980 3644; x_wconf 78' lang='grc' dir='ltr'>ἡλικίας</span> <span class='ocrx_word' id='word_1_482' title='bbox 3041 3568 3133 3639; x_wconf 77' lang='grc' dir='ltr'>ἐτη</span> <span class='ocrx_word' id='word_1_483' title='bbox 3169 3568 3334 3639; x_wconf 72' lang='grc' dir='ltr'>βιοὺς,</span> <span class='ocrx_word' id='word_1_484' title='bbox 3372 3566 3533 3620; x_wconf 83' lang='grc' dir='ltr'>πέντε</span> <span class='ocrx_word' id='word_1_485' title='bbox 3565 3566 3623 3619; x_wconf 80' lang='grc' dir='ltr'>δὲ</span> <span class='ocrx_word' id='word_1_486' title='bbox 3664 3567 3837 3621; x_wconf 83' lang='grc' dir='ltr'>πάλιν</span> 
     </span>
    </p>
   </div>
   <div class='ocr_carea' id='block_1_67' title="bbox 567 3658 1814 3736">
    <p class='ocr_par' dir='ltr' id='par_1_67' title="bbox 567 3658 1814 3736">
     <span class='ocr_line' id='line_1_67' title="bbox 567 3658 1814 3736; baseline 0.006 -23"><span class='ocrx_word' id='word_1_487' title='bbox 567 3658 662 3713; x_wconf 71' lang='grc' dir='ltr'><strong>ἐπὶ</strong></span> <span class='ocrx_word' id='word_1_488' title='bbox 694 3663 804 3724; x_wconf 87' lang='grc' dir='ltr'>τοῖς</span> <span class='ocrx_word' id='word_1_489' title='bbox 827 3661 998 3714; x_wconf 80' lang='grc' dir='ltr'>εἴκοσι</span> <span class='ocrx_word' id='word_1_490' title='bbox 1037 3662 1173 3732; x_wconf 86' lang='grc' dir='ltr'><strong>μετά</strong></span> <span class='ocrx_word' id='word_1_491' title='bbox 1204 3663 1294 3715; x_wconf 75' lang='grc' dir='ltr'><strong>τὸν</strong></span> <span class='ocrx_word' id='word_1_492' title='bbox 1316 3665 1527 3736; x_wconf 81' lang='grc' dir='ltr'>πατέρα</span> <span class='ocrx_word' id='word_1_493' title='bbox 1553 3666 1814 3732; x_wconf 84' lang='grc' dir='ltr'>ὲπιϐιοὺς.</span> 
     </span>
    </p>
   </div>
   <div class='ocr_carea' id='block_1_68' title="bbox 637 3750 2135 3821">
    <p class='ocr_par' dir='ltr' id='par_1_68' title="bbox 637 3750 2135 3821">
     <span class='ocr_line' id='line_1_68' title="bbox 637 3750 2135 3821; baseline 0.009 -17"><span class='ocrx_word' id='word_1_494' title='bbox 637 3750 728 3804; x_wconf 74' lang='grc'>24.</span> <span class='ocrx_word' id='word_1_495' title='bbox 776 3751 880 3806; x_wconf 88' lang='lat' dir='ltr'><strong>Sed</strong></span> <span class='ocrx_word' id='word_1_496' title='bbox 921 3752 1066 3806; x_wconf 89' lang='lat' dir='ltr'><strong>hunc</strong></span> <span class='ocrx_word' id='word_1_497' title='bbox 1102 3754 1319 3821; x_wconf 90' lang='lat' dir='ltr'><strong>quidem</strong></span> <span class='ocrx_word' id='word_1_498' title='bbox 1370 3757 1441 3810; x_wconf 91' lang='lat' dir='ltr'><strong>ita</strong></span> <span class='ocrx_word' id='word_1_499' title='bbox 1483 3758 1662 3812; x_wconf 90' lang='lat' dir='ltr'><strong>divina</strong></span> <span class='ocrx_word' id='word_1_500' title='bbox 1707 3761 1841 3816; x_wconf 89' lang='lat' dir='ltr'><strong>ultio</strong></span> <span class='ocrx_word' id='word_1_501' title='bbox 1889 3762 2135 3818; x_wconf 89' lang='lat' dir='ltr'><strong>abstulit.</strong></span> 
     </span>
    </p>
   </div>
   <div class='ocr_carea' id='block_1_69' title="bbox 567 3842 2140 3923">
    <p class='ocr_par' dir='ltr' id='par_1_69' title="bbox 567 3842 2140 3923">
     <span class='ocr_line' id='line_1_69' title="bbox 567 3842 2140 3923; baseline 0.01 -28"><span class='ocrx_word' id='word_1_502' title='bbox 567 3842 846 3908; x_wconf 86' lang='lat' dir='ltr'><strong>Quomodo</strong></span> <span class='ocrx_word' id='word_1_503' title='bbox 891 3856 1071 3901; x_wconf 88' lang='lat' dir='ltr'><strong>autem</strong></span> <span class='ocrx_word' id='word_1_504' title='bbox 1116 3847 1566 3904; x_wconf 91' lang='lat' dir='ltr'><strong>contumeliosum</strong></span> <span class='ocrx_word' id='word_1_505' title='bbox 1602 3850 1890 3923; x_wconf 83' lang='lat' dir='ltr'><strong>Georgium</strong></span> <span class='ocrx_word' id='word_1_506' title='bbox 1923 3855 2140 3911; x_wconf 84' lang='lat' dir='ltr'><strong>invase-</strong></span> 
     </span>
    </p>
   </div>
   <div class='ocr_carea' id='block_1_70' title="bbox 569 3935 2134 4014">
    <p class='ocr_par' dir='ltr' id='par_1_70' title="bbox 569 3935 2134 4014">
     <span class='ocr_line' id='line_1_70' title="bbox 569 3935 2134 4014; baseline 0.006 -26"><span class='ocrx_word' id='word_1_507' title='bbox 569 3935 660 3998; x_wconf 91' lang='lat' dir='ltr'><strong>rit,</strong></span> <span class='ocrx_word' id='word_1_508' title='bbox 703 3949 767 3989; x_wconf 90' lang='lat' dir='ltr'><strong>ac</strong></span> <span class='ocrx_word' id='word_1_509' title='bbox 807 3936 1058 4006; x_wconf 91' lang='lat' dir='ltr'><strong>impium,</strong></span> <span class='ocrx_word' id='word_1_510' title='bbox 1114 3939 1216 3993; x_wconf 88' lang='lat' dir='ltr'><strong>sibi</strong></span> <span class='ocrx_word' id='word_1_511' title='bbox 1269 3941 1561 4007; x_wconf 90' lang='lat' dir='ltr'><strong>similibus,</strong></span> <span class='ocrx_word' id='word_1_512' title='bbox 1619 3953 1677 3998; x_wconf 92' lang='lat' dir='ltr'><strong>ut</strong></span> <span class='ocrx_word' id='word_1_513' title='bbox 1714 3944 1975 4014; x_wconf 88' lang='lat' dir='ltr'><strong>scriptum</strong></span> <span class='ocrx_word' id='word_1_514' title='bbox 2025 3955 2134 4011; x_wconf 90' lang='lat' dir='ltr'><strong>est,</strong></span> 
     </span>
    </p>
   </div>
   <div class='ocr_carea' id='block_1_71' title="bbox 568 4021 2133 4105">
    <p class='ocr_par' dir='ltr' id='par_1_71' title="bbox 568 4021 2133 4105">
     <span class='ocr_line' id='line_1_71' title="bbox 568 4021 2133 4105; baseline 0.01 -28"><span class='ocrx_word' id='word_1_515' title='bbox 568 4026 818 4082; x_wconf 90' lang='lat' dir='ltr'><strong>manibus</strong></span> <span class='ocrx_word' id='word_1_516' title='bbox 849 4028 1154 4095; x_wconf 84' lang='lat' dir='ltr'><strong>abstulerit,</strong></span> <span class='ocrx_word' id='word_1_517' title='bbox 1183 4021 1527 4104; x_wconf 84' lang='lat' dir='ltr'><strong>nequaquam</strong></span> <span class='ocrx_word' id='word_1_518' title='bbox 1561 4039 1995 4105; x_wconf 83' lang='lat' dir='ltr'><strong>praetereundum</strong></span> <span class='ocrx_word' id='word_1_519' title='bbox 2027 4047 2133 4093; x_wconf 89' lang='lat' dir='ltr'><strong>est.</strong></span> 
     </span>
    </p>
   </div>
   <div class='ocr_carea' id='block_1_72' title="bbox 567 4116 2138 4191">
    <p class='ocr_par' dir='ltr' id='par_1_72' title="bbox 567 4116 2138 4191">
     <span class='ocr_line' id='line_1_72' title="bbox 567 4116 2138 4191; baseline 0.009 -21"><span class='ocrx_word' id='word_1_520' title='bbox 567 4116 700 4170; x_wconf 87' lang='lat' dir='ltr'><strong>Erat</strong></span> <span class='ocrx_word' id='word_1_521' title='bbox 721 4117 941 4187; x_wconf 89' lang='lat' dir='ltr'><strong>quidam</strong></span> <span class='ocrx_word' id='word_1_522' title='bbox 972 4121 1314 4179; x_wconf 71' lang='lat' dir='ltr'><strong>Alexandriae</strong></span> <span class='ocrx_word' id='word_1_523' title='bbox 1361 4125 1531 4191; x_wconf 92' lang='lat' dir='ltr'><strong>locus,</strong></span> <span class='ocrx_word' id='word_1_524' title='bbox 1571 4126 1779 4180; x_wconf 76' lang='lat' dir='ltr'><strong>Mithrae</strong></span> <span class='ocrx_word' id='word_1_525' title='bbox 1831 4126 1957 4181; x_wconf 90' lang='lat' dir='ltr'><strong>olim</strong></span> <span class='ocrx_word' id='word_1_526' title='bbox 1997 4127 2138 4184; x_wconf 86' lang='lat' dir='ltr'><strong>Grae-</strong></span> 
     </span>
    </p>
   </div>
   <div class='ocr_carea' id='block_1_73' title="bbox 567 4210 2139 4283">
    <p class='ocr_par' dir='ltr' id='par_1_73' title="bbox 567 4210 2139 4283">
     <span class='ocr_line' id='line_1_73' title="bbox 567 4210 2139 4283; baseline 0.009 -21"><span class='ocrx_word' id='word_1_527' title='bbox 567 4221 754 4262; x_wconf 91' lang='lat' dir='ltr'><strong>corum</strong></span> <span class='ocrx_word' id='word_1_528' title='bbox 815 4210 939 4279; x_wconf 92' lang='lat' dir='ltr'><strong>deo,</strong></span> <span class='ocrx_word' id='word_1_529' title='bbox 990 4212 1216 4283; x_wconf 88' lang='lat' dir='ltr'><strong>ejusque</strong></span> <span class='ocrx_word' id='word_1_530' title='bbox 1269 4217 1557 4273; x_wconf 83' lang='lat' dir='ltr'><strong>sacriﬁciis</strong></span> <span class='ocrx_word' id='word_1_531' title='bbox 1626 4227 1682 4273; x_wconf 89' lang='lat' dir='ltr'><strong>et</strong></span> <span class='ocrx_word' id='word_1_532' title='bbox 1737 4219 2139 4276; x_wconf 89' lang='lat' dir='ltr'><strong>initiationibus</strong></span> 
     </span>
    </p>
   </div>
   <div class='ocr_carea' id='block_1_74' title="bbox 566 4301 2137 4382">
    <p class='ocr_par' dir='ltr' id='par_1_74' title="bbox 566 4301 2137 4382">
     <span class='ocr_line' id='line_1_74' title="bbox 566 4301 2137 4382; baseline 0.01 -28"><span class='ocrx_word' id='word_1_533' title='bbox 566 4301 888 4371; x_wconf 89' lang='lat' dir='ltr'><strong>destinatus,</strong></span> <span class='ocrx_word' id='word_1_534' title='bbox 936 4313 1046 4359; x_wconf 91' lang='lat' dir='ltr'><strong>tum</strong></span> <span class='ocrx_word' id='word_1_535' title='bbox 1100 4322 1229 4362; x_wconf 91' lang='lat' dir='ltr'><strong>vero</strong></span> <span class='ocrx_word' id='word_1_536' title='bbox 1270 4312 1548 4379; x_wconf 90' lang='lat' dir='ltr'><strong>temporis,</strong></span> <span class='ocrx_word' id='word_1_537' title='bbox 1603 4310 1731 4366; x_wconf 80' lang='lat' dir='ltr'><strong>[imo</strong></span> <span class='ocrx_word' id='word_1_538' title='bbox 1761 4321 1817 4367; x_wconf 90' lang='lat' dir='ltr'><strong>et</strong></span> <span class='ocrx_word' id='word_1_539' title='bbox 1848 4314 2137 4382; x_wconf 90' lang='lat' dir='ltr'><strong>putredine</strong></span> 
     </span>
    </p>
   </div>
   <div class='ocr_carea' id='block_1_75' title="bbox 563 4391 2135 4473">
    <p class='ocr_par' dir='ltr' id='par_1_75' title="bbox 563 4391 2135 4473">
     <span class='ocr_line' id='line_1_75' title="bbox 563 4391 2135 4473; baseline 0.009 -29"><span class='ocrx_word' id='word_1_540' title='bbox 563 4391 778 4462; x_wconf 88' lang='lat' dir='ltr'><strong>plenus,</strong></span> <span class='ocrx_word' id='word_1_541' title='bbox 821 4408 1000 4464; x_wconf 89' lang='lat' dir='ltr'><strong>neque</strong></span> <span class='ocrx_word' id='word_1_542' title='bbox 1051 4397 1118 4450; x_wconf 90' lang='lat' dir='ltr'><strong>ad</strong></span> <span class='ocrx_word' id='word_1_543' title='bbox 1160 4397 1321 4452; x_wconf 89' lang='lat' dir='ltr'><strong>ullam</strong></span> <span class='ocrx_word' id='word_1_544' title='bbox 1375 4415 1487 4454; x_wconf 91' lang='lat' dir='ltr'><strong>rem</strong></span> <span class='ocrx_word' id='word_1_545' title='bbox 1537 4401 1745 4456; x_wconf 83' lang='lat' dir='ltr'><strong>civitati</strong></span> <span class='ocrx_word' id='word_1_546' title='bbox 1792 4412 1886 4456; x_wconf 90' lang='lat' dir='ltr'><strong>aut</strong></span> <span class='ocrx_word' id='word_1_547' title='bbox 1933 4404 2135 4473; x_wconf 85' lang='lat' dir='ltr'><strong>populo</strong></span> 
     </span>
    </p>
   </div>
   <div class='ocr_carea' id='block_1_76' title="bbox 565 4484 2136 4561">
    <p class='ocr_par' dir='ltr' id='par_1_76' title="bbox 565 4484 2136 4561">
     <span class='ocr_line' id='line_1_76' title="bbox 565 4484 2136 4561; baseline 0.006 -23"><span class='ocrx_word' id='word_1_548' title='bbox 565 4484 734 4540; x_wconf 89' lang='lat' dir='ltr'><strong>utilis.</strong></span> <span class='ocrx_word' id='word_1_549' title='bbox 803 4486 959 4542; x_wconf 84' lang='lat' dir='ltr'><strong>Hunc</strong></span> <span class='ocrx_word' id='word_1_550' title='bbox 1009 4488 1176 4558; x_wconf 81' lang='lat' dir='ltr'><strong>igitur</strong></span> <span class='ocrx_word' id='word_1_551' title='bbox 1235 4489 1609 4555; x_wconf 85' lang='lat' dir='ltr'><strong>Constantius,</strong></span> <span class='ocrx_word' id='word_1_552' title='bbox 1662 4501 1848 4561; x_wconf 88' lang='lat' dir='ltr'><strong>utpote</strong></span> <span class='ocrx_word' id='word_1_553' title='bbox 1890 4493 2136 4550; x_wconf 75' lang='lat' dir='ltr'><strong>&quot;omnino</strong></span> 
     </span>
    </p>
   </div>
   <div class='ocr_carea' id='block_1_77' title="bbox 563 4579 2135 4653">
    <p class='ocr_par' dir='ltr' id='par_1_77' title="bbox 563 4579 2135 4653">
     <span class='ocr_line' id='line_1_77' title="bbox 563 4579 2135 4653; baseline 0.008 -25"><span class='ocrx_word' id='word_1_554' title='bbox 563 4591 794 4632; x_wconf 87' lang='lat' dir='ltr'><strong>vacuum</strong></span> <span class='ocrx_word' id='word_1_555' title='bbox 838 4587 893 4634; x_wconf 91' lang='lat' dir='ltr'><strong>et</strong></span> <span class='ocrx_word' id='word_1_556' title='bbox 936 4579 1229 4644; x_wconf 90' lang='lat' dir='ltr'><strong>desertum,</strong></span> <span class='ocrx_word' id='word_1_557' title='bbox 1279 4581 1535 4636; x_wconf 64' lang='lat' dir='ltr'><strong>Ecclesiae</strong></span> <span class='ocrx_word' id='word_1_558' title='bbox 1564 4582 1831 4637; x_wconf 89' lang='lat' dir='ltr'><strong>attribuit.</strong></span> <span class='ocrx_word' id='word_1_559' title='bbox 1872 4583 2135 4653; x_wconf 83' lang='lat' dir='ltr'><strong>Georgius</strong></span> 
     </span>
    </p>
   </div>
   <div class='ocr_carea' id='block_1_78' title="bbox 562 4670 2132 4740">
    <p class='ocr_par' dir='ltr' id='par_1_78' title="bbox 562 4670 2132 4740">
     <span class='ocr_line' id='line_1_78' title="bbox 562 4670 2132 4740; baseline 0.005 -19"><span class='ocrx_word' id='word_1_560' title='bbox 562 4683 740 4737; x_wconf 84' lang='lat' dir='ltr'><strong>porro</strong></span> <span class='ocrx_word' id='word_1_561' title='bbox 770 4685 894 4724; x_wconf 91' lang='lat' dir='ltr'><strong>cum</strong></span> <span class='ocrx_word' id='word_1_562' title='bbox 943 4670 1202 4740; x_wconf 86' lang='lat' dir='ltr'><strong>templum</strong></span> <span class='ocrx_word' id='word_1_563' title='bbox 1246 4672 1406 4726; x_wconf 85' lang='lat' dir='ltr'><strong>isthic</strong></span> <span class='ocrx_word' id='word_1_564' title='bbox 1445 4671 1686 4727; x_wconf 78' lang='lat' dir='ltr'><strong>excitare</strong></span> <span class='ocrx_word' id='word_1_565' title='bbox 1729 4674 1914 4738; x_wconf 91' lang='lat' dir='ltr'><strong>vellet,</strong></span> <span class='ocrx_word' id='word_1_566' title='bbox 1949 4674 2132 4729; x_wconf 87' lang='lat' dir='ltr'><strong>timum</strong></span> 
     </span>
    </p>
   </div>
   <div class='ocr_carea' id='block_1_79' title="bbox 563 4761 2136 4836">
    <p class='ocr_par' dir='ltr' id='par_1_79' title="bbox 563 4761 2136 4836">
     <span class='ocr_line' id='line_1_79' title="bbox 563 4761 2136 4836; baseline 0.005 -22"><span class='ocrx_word' id='word_1_567' title='bbox 563 4770 618 4814; x_wconf 88' lang='lat' dir='ltr'><strong>et</strong></span> <span class='ocrx_word' id='word_1_568' title='bbox 656 4761 848 4815; x_wconf 89' lang='lat' dir='ltr'><strong>sordes</strong></span> <span class='ocrx_word' id='word_1_569' title='bbox 881 4764 1148 4830; x_wconf 87' lang='lat' dir='ltr'><strong>asportari</strong></span> <span class='ocrx_word' id='word_1_570' title='bbox 1175 4762 1351 4831; x_wconf 87' lang='lat' dir='ltr'><strong>jubet.</strong></span> <span class='ocrx_word' id='word_1_571' title='bbox 1397 4764 1709 4835; x_wconf 80' lang='lat' dir='ltr'><strong>Expurgato</strong></span> <span class='ocrx_word' id='word_1_572' title='bbox 1754 4766 1897 4829; x_wconf 91' lang='lat' dir='ltr'><strong>loco,</strong></span> <span class='ocrx_word' id='word_1_573' title='bbox 1935 4769 2136 4836; x_wconf 85' lang='lat' dir='ltr'><strong>reperi-</strong></span> 
     </span>
    </p>
   </div>
   <div class='ocr_carea' id='block_1_80' title="bbox 565 4851 2130 4923">
    <p class='ocr_par' dir='ltr' id='par_1_80' title="bbox 565 4851 2130 4923">
     <span class='ocr_line' id='line_1_80' title="bbox 565 4851 2130 4923; baseline 0.005 -18"><span class='ocrx_word' id='word_1_574' title='bbox 565 4861 655 4905; x_wconf 82' lang='lat' dir='ltr'><strong>tur</strong></span> <span class='ocrx_word' id='word_1_575' title='bbox 692 4851 912 4922; x_wconf 80' lang='lat' dir='ltr'><strong>adytum</strong></span> <span class='ocrx_word' id='word_1_576' title='bbox 938 4854 1206 4918; x_wconf 87' lang='lat' dir='ltr'><strong>quoddam</strong></span> <span class='ocrx_word' id='word_1_577' title='bbox 1238 4854 1290 4908; x_wconf 91' lang='lat' dir='ltr'><strong>in</strong></span> <span class='ocrx_word' id='word_1_578' title='bbox 1319 4857 1625 4910; x_wconf 84' lang='lat' dir='ltr'><strong>recessibus</strong></span> <span class='ocrx_word' id='word_1_579' title='bbox 1650 4867 1828 4923; x_wconf 80' lang='lat' dir='ltr'><strong>terrae,</strong></span> <span class='ocrx_word' id='word_1_580' title='bbox 1857 4859 1947 4912; x_wconf 90' lang='lat' dir='ltr'><strong>ubi</strong></span> <span class='ocrx_word' id='word_1_581' title='bbox 1975 4858 2130 4913; x_wconf 67' lang='lat' dir='ltr'><strong>Grae-</strong></span> 
     </span>
    </p>
   </div>
   <div class='ocr_carea' id='block_1_81' title="bbox 563 4943 2133 5014">
    <p class='ocr_par' dir='ltr' id='par_1_81' title="bbox 563 4943 2133 5014">
     <span class='ocr_line' id='line_1_81' title="bbox 563 4943 2133 5014; baseline 0.005 -18"><span class='ocrx_word' id='word_1_582' title='bbox 563 4958 750 4996; x_wconf 87' lang='lat' dir='ltr'><strong>corum</strong></span> <span class='ocrx_word' id='word_1_583' title='bbox 809 4943 1066 5014; x_wconf 90' lang='lat' dir='ltr'><strong>mysteria</strong></span> <span class='ocrx_word' id='word_1_584' title='bbox 1107 4945 1544 5001; x_wconf 89' lang='lat' dir='ltr'><strong>occultabantur.</strong></span> <span class='ocrx_word' id='word_1_585' title='bbox 1598 4948 1724 5002; x_wconf 76' lang='lat' dir='ltr'><strong>Haec</strong></span> <span class='ocrx_word' id='word_1_586' title='bbox 1767 4960 1945 5004; x_wconf 87' lang='lat' dir='ltr'><strong>autem</strong></span> <span class='ocrx_word' id='word_1_587' title='bbox 1977 4959 2133 5005; x_wconf 88' lang='lat' dir='ltr'><strong>erant</strong></span> 
     </span>
    </p>
   </div>
   <div class='ocr_carea' id='block_1_82' title="bbox 2311 3755 3835 3831">
    <p class='ocr_par' dir='ltr' id='par_1_82' title="bbox 2311 3755 3835 3831">
     <span class='ocr_line' id='line_1_82' title="bbox 2311 3755 3835 3831; baseline -0.004 -15"><span class='ocrx_word' id='word_1_588' title='bbox 2311 3763 2400 3817; x_wconf 70' lang='grc'><strong>24.</strong></span> <span class='ocrx_word' id='word_1_589' title='bbox 2421 3761 2581 3815; x_wconf 84' lang='grc' dir='ltr'>Ἀλλά</span> <span class='ocrx_word' id='word_1_590' title='bbox 2607 3760 2794 3814; x_wconf 84' lang='grc' dir='ltr'>τοῦτον</span> <span class='ocrx_word' id='word_1_591' title='bbox 2825 3761 2922 3831; x_wconf 86' lang='grc' dir='ltr'><strong>μὲν</strong></span> <span class='ocrx_word' id='word_1_592' title='bbox 2951 3758 3124 3821; x_wconf 75' lang='grc' dir='ltr'>οὕτως</span> <span class='ocrx_word' id='word_1_593' title='bbox 3149 3759 3180 3829; x_wconf 84' lang='grc' dir='ltr'><strong>ἡ</strong></span> <span class='ocrx_word' id='word_1_594' title='bbox 3211 3756 3332 3827; x_wconf 88' lang='grc' dir='ltr'>δίκη</span> <span class='ocrx_word' id='word_1_595' title='bbox 3355 3755 3648 3826; x_wconf 81' lang='grc' dir='ltr'>μετῆλθεν·</span> <span class='ocrx_word' id='word_1_596' title='bbox 3678 3756 3835 3821; x_wconf 85' lang='grc' dir='ltr'>ὅπως</span> 
     </span>
    </p>
   </div>
   <div class='ocr_carea' id='block_1_83' title="bbox 2239 3846 3833 3921">
    <p class='ocr_par' dir='ltr' id='par_1_83' title="bbox 2239 3846 3833 3921">
     <span class='ocr_line' id='line_1_83' title="bbox 2239 3846 3833 3921; baseline -0.005 -15"><span class='ocrx_word' id='word_1_597' title='bbox 2239 3852 2296 3905; x_wconf 81' lang='grc' dir='ltr'>δὲ</span> <span class='ocrx_word' id='word_1_598' title='bbox 2329 3853 2423 3906; x_wconf 73' lang='grc' dir='ltr'>καὶ</span> <span class='ocrx_word' id='word_1_599' title='bbox 2452 3851 2542 3904; x_wconf 83' lang='grc' dir='ltr'><strong>τὸν</strong></span> <span class='ocrx_word' id='word_1_600' title='bbox 2578 3850 2834 3921; x_wconf 82' lang='grc' dir='ltr'>ὑϐριστὴν</span> <span class='ocrx_word' id='word_1_601' title='bbox 2864 3849 3051 3920; x_wconf 81' lang='grc' dir='ltr'>μετῄει</span> <span class='ocrx_word' id='word_1_602' title='bbox 3082 3846 3349 3916; x_wconf 84' lang='grc' dir='ltr'>Γεώργιον</span> <span class='ocrx_word' id='word_1_603' title='bbox 3382 3846 3480 3900; x_wconf 73' lang='grc' dir='ltr'>καὶ</span> <span class='ocrx_word' id='word_1_604' title='bbox 3503 3846 3597 3900; x_wconf 82' lang='grc' dir='ltr'>τὸν</span> <span class='ocrx_word' id='word_1_605' title='bbox 3629 3847 3833 3918; x_wconf 79' lang='grc' dir='ltr'>ἀσεϐῆ,</span> 
     </span>
    </p>
   </div>
   <div class='ocr_carea' id='block_1_84' title="bbox 2239 3936 3837 4012">
    <p class='ocr_par' dir='ltr' id='par_1_84' title="bbox 2239 3936 3837 4012">
     <span class='ocr_line' id='line_1_84' title="bbox 2239 3936 3837 4012; baseline -0.004 -15"><span class='ocrx_word' id='word_1_606' title='bbox 2239 3943 2379 3997; x_wconf 86' lang='grc' dir='ltr'><strong>κατά</strong></span> <span class='ocrx_word' id='word_1_607' title='bbox 2403 3943 2462 3996; x_wconf 78' lang='grc' dir='ltr'><strong>τὸ</strong></span> <span class='ocrx_word' id='word_1_608' title='bbox 2493 3939 2876 4012; x_wconf 83' lang='grc' dir='ltr'>γεγραμμένον</span> <span class='ocrx_word' id='word_1_609' title='bbox 2903 3939 3002 4012; x_wconf 50' lang='grc' dir='ltr'><strong>Χδιὰ</strong></span> <span class='ocrx_word' id='word_1_610' title='bbox 3039 3937 3238 4010; x_wconf 87' lang='grc' dir='ltr'>χειρῶν</span> <span class='ocrx_word' id='word_1_611' title='bbox 3283 3936 3508 4008; x_wconf 86' lang='grc' dir='ltr'>ὁμοίων,</span> <span class='ocrx_word' id='word_1_612' title='bbox 3543 3938 3647 3990; x_wconf 90' lang='grc' dir='ltr'><strong>οὑκ</strong></span> <span class='ocrx_word' id='word_1_613' title='bbox 3678 3937 3837 4002; x_wconf 83' lang='grc' dir='ltr'>ἄξιον</span> 
     </span>
    </p>
   </div>
   <div class='ocr_carea' id='block_1_85' title="bbox 2239 4028 3834 4106">
    <p class='ocr_par' dir='ltr' id='par_1_85' title="bbox 2239 4028 3834 4106">
     <span class='ocr_line' id='line_1_85' title="bbox 2239 4028 3834 4106; baseline -0.004 -20"><span class='ocrx_word' id='word_1_614' title='bbox 2239 4034 2544 4106; x_wconf 88' lang='grc' dir='ltr'>παρελθεῖν.</span> <span class='ocrx_word' id='word_1_615' title='bbox 2576 4029 2686 4086; x_wconf 82' lang='grc' dir='ltr'>Ἦν</span> <span class='ocrx_word' id='word_1_616' title='bbox 2723 4048 2806 4095; x_wconf 88' lang='grc' dir='ltr'><strong>τις</strong></span> <span class='ocrx_word' id='word_1_617' title='bbox 2834 4031 2891 4084; x_wconf 82' lang='grc' dir='ltr'>ἐν</span> <span class='ocrx_word' id='word_1_618' title='bbox 2933 4033 2998 4101; x_wconf 84' lang='grc' dir='ltr'>τῇ</span> <span class='ocrx_word' id='word_1_619' title='bbox 3033 4030 3142 4082; x_wconf 88' lang='grc' dir='ltr'><strong>τῶν</strong></span> <span class='ocrx_word' id='word_1_620' title='bbox 3197 4028 3595 4099; x_wconf 83' lang='grc' dir='ltr'>Ἀλεξανδρέων</span> <span class='ocrx_word' id='word_1_621' title='bbox 3638 4029 3834 4095; x_wconf 85' lang='grc' dir='ltr'>τόπος,</span> 
     </span>
    </p>
   </div>
   <div class='ocr_carea' id='block_1_86' title="bbox 2239 4121 3835 4197">
    <p class='ocr_par' dir='ltr' id='par_1_86' title="bbox 2239 4121 3835 4197">
     <span class='ocr_line' id='line_1_86' title="bbox 2239 4121 3835 4197; baseline -0.003 -17"><span class='ocrx_word' id='word_1_622' title='bbox 2239 4127 2404 4180; x_wconf 88' lang='grc' dir='ltr'>πάλαι</span> <span class='ocrx_word' id='word_1_623' title='bbox 2440 4126 2530 4197; x_wconf 59' lang='grc' dir='ltr'><strong>μὲν</strong></span> <span class='ocrx_word' id='word_1_624' title='bbox 2573 4124 2757 4196; x_wconf 77' lang='grc' dir='ltr'>Μίθρᾳ</span> <span class='ocrx_word' id='word_1_625' title='bbox 2795 4123 2873 4194; x_wconf 83' lang='grc' dir='ltr'>τῷ</span> <span class='ocrx_word' id='word_1_626' title='bbox 2917 4123 3025 4176; x_wconf 84' lang='grc' dir='ltr'><strong>τῶν</strong></span> <span class='ocrx_word' id='word_1_627' title='bbox 3067 4123 3330 4195; x_wconf 84' lang='grc' dir='ltr'>Ἑλλήνων</span> <span class='ocrx_word' id='word_1_628' title='bbox 3387 4121 3531 4193; x_wconf 84' lang='grc' dir='ltr'>θεῷ,</span> <span class='ocrx_word' id='word_1_629' title='bbox 3576 4123 3675 4176; x_wconf 79' lang='grc' dir='ltr'><strong>καὶ</strong></span> <span class='ocrx_word' id='word_1_630' title='bbox 3707 4128 3835 4188; x_wconf 80' lang='grc' dir='ltr'>ταῖς</span> 
     </span>
    </p>
   </div>
   <div class='ocr_carea' id='block_1_87' title="bbox 2236 4212 3836 4285">
    <p class='ocr_par' dir='ltr' id='par_1_87' title="bbox 2236 4212 3836 4285">
     <span class='ocr_line' id='line_1_87' title="bbox 2236 4212 3836 4285; baseline -0.002 -13"><span class='ocrx_word' id='word_1_631' title='bbox 2236 4219 2442 4273; x_wconf 79' lang='grc' dir='ltr'>ἐκείνου</span> <span class='ocrx_word' id='word_1_632' title='bbox 2474 4216 2684 4280; x_wconf 86' lang='grc' dir='ltr'>θυσίαις</span> <span class='ocrx_word' id='word_1_633' title='bbox 2729 4218 2824 4270; x_wconf 72' lang='grc' dir='ltr'><strong>καὶ</strong></span> <span class='ocrx_word' id='word_1_634' title='bbox 2858 4216 3099 4278; x_wconf 83' lang='grc' dir='ltr'>τελεταῖς</span> <span class='ocrx_word' id='word_1_635' title='bbox 3140 4212 3457 4285; x_wconf 79' lang='grc' dir='ltr'>ἀνειμένος·</span> <span class='ocrx_word' id='word_1_636' title='bbox 3496 4213 3596 4268; x_wconf 79' lang='grc' dir='ltr'>νῦν</span> <span class='ocrx_word' id='word_1_637' title='bbox 3633 4215 3692 4268; x_wconf 83' lang='grc' dir='ltr'>δὲ</span> <span class='ocrx_word' id='word_1_638' title='bbox 3737 4216 3836 4269; x_wconf 86' lang='grc' dir='ltr'>κό-</span> 
     </span>
    </p>
   </div>
   <div class='ocr_carea' id='block_1_88' title="bbox 2237 4303 3835 4381">
    <p class='ocr_par' dir='ltr' id='par_1_88' title="bbox 2237 4303 3835 4381">
     <span class='ocr_line' id='line_1_88' title="bbox 2237 4303 3835 4381; baseline -0.001 -17"><span class='ocrx_word' id='word_1_639' title='bbox 2237 4328 2374 4381; x_wconf 89' lang='grc' dir='ltr'>πρου</span> <span class='ocrx_word' id='word_1_640' title='bbox 2407 4309 2499 4363; x_wconf 75' lang='grc' dir='ltr'><strong>καὶ</strong></span> <span class='ocrx_word' id='word_1_641' title='bbox 2533 4307 2769 4379; x_wconf 86' lang='grc' dir='ltr'>σαπρίας</span> <span class='ocrx_word' id='word_1_642' title='bbox 2804 4306 3144 4368; x_wconf 87' lang='grc' dir='ltr'>κατάπλεως,</span> <span class='ocrx_word' id='word_1_643' title='bbox 3179 4307 3272 4360; x_wconf 75' lang='grc' dir='ltr'><strong>καὶ</strong></span> <span class='ocrx_word' id='word_1_644' title='bbox 3315 4303 3453 4375; x_wconf 81' lang='grc' dir='ltr'>πρὸς</span> <span class='ocrx_word' id='word_1_645' title='bbox 3501 4306 3614 4360; x_wconf 80' lang='grc' dir='ltr'>οὐδ’</span> <span class='ocrx_word' id='word_1_646' title='bbox 3647 4307 3835 4362; x_wconf 71' lang='grc' dir='ltr'>ὁτιοῦν</span> 
     </span>
    </p>
   </div>
   <div class='ocr_carea' id='block_1_89' title="bbox 2235 4396 3833 4474">
    <p class='ocr_par' dir='ltr' id='par_1_89' title="bbox 2235 4396 3833 4474">
     <span class='ocr_line' id='line_1_89' title="bbox 2235 4396 3833 4474; baseline -0.004 -18"><span class='ocrx_word' id='word_1_647' title='bbox 2235 4407 2302 4474; x_wconf 80' lang='grc' dir='ltr'>τῇ</span> <span class='ocrx_word' id='word_1_648' title='bbox 2335 4419 2392 4456; x_wconf 85' lang='grc' dir='ltr'><strong>τε</strong></span> <span class='ocrx_word' id='word_1_649' title='bbox 2422 4401 2571 4455; x_wconf 84' lang='grc' dir='ltr'>πόλει</span> <span class='ocrx_word' id='word_1_650' title='bbox 2604 4399 2697 4453; x_wconf 76' lang='grc' dir='ltr'><strong>καὶ</strong></span> <span class='ocrx_word' id='word_1_651' title='bbox 2725 4398 2802 4470; x_wconf 83' lang='grc' dir='ltr'>τῷ</span> <span class='ocrx_word' id='word_1_652' title='bbox 2832 4398 2993 4469; x_wconf 80' lang='grc' dir='ltr'>κοινῷ</span> <span class='ocrx_word' id='word_1_653' title='bbox 3021 4399 3307 4469; x_wconf 80' lang='grc' dir='ltr'>χρήσιμος.</span> <span class='ocrx_word' id='word_1_654' title='bbox 3355 4396 3560 4450; x_wconf 80' lang='grc' dir='ltr'>Τοῦτον</span> <span class='ocrx_word' id='word_1_655' title='bbox 3597 4415 3833 4470; x_wconf 82' lang='grc' dir='ltr'>τοιγαρ-</span> 
     </span>
    </p>
   </div>
   <div class='ocr_carea' id='block_1_90' title="bbox 2236 4488 3834 4561">
    <p class='ocr_par' dir='ltr' id='par_1_90' title="bbox 2236 4488 3834 4561">
     <span class='ocr_line' id='line_1_90' title="bbox 2236 4488 3834 4561; baseline -0.003 -14"><span class='ocrx_word' id='word_1_656' title='bbox 2236 4494 2327 4548; x_wconf 73' lang='grc' dir='ltr'>οῦν</span> <span class='ocrx_word' id='word_1_657' title='bbox 2374 4496 2402 4548; x_wconf 88' lang='grc' dir='ltr'>ὁ</span> <span class='ocrx_word' id='word_1_658' title='bbox 2448 4491 2845 4555; x_wconf 83' lang='grc' dir='ltr'>Κωνστάντιος,</span> <span class='ocrx_word' id='word_1_659' title='bbox 2895 4491 2971 4554; x_wconf 86' lang='grc' dir='ltr'>ὼς</span> <span class='ocrx_word' id='word_1_660' title='bbox 3031 4489 3218 4561; x_wconf 87' lang='grc' dir='ltr'>ἀργῶς</span> <span class='ocrx_word' id='word_1_661' title='bbox 3263 4488 3458 4559; x_wconf 76' lang='grc' dir='ltr'>ἔχοντα</span> <span class='ocrx_word' id='word_1_662' title='bbox 3504 4491 3834 4543; x_wconf 87' lang='grc' dir='ltr'>παντάπασι</span> 
     </span>
    </p>
   </div>
   <div class='ocr_carea' id='block_1_91' title="bbox 2236 4578 3833 4657">
    <p class='ocr_par' dir='ltr' id='par_1_91' title="bbox 2236 4578 3833 4657">
     <span class='ocr_line' id='line_1_91' title="bbox 2236 4578 3833 4657; baseline -0.005 -17"><span class='ocrx_word' id='word_1_663' title='bbox 2236 4587 2331 4641; x_wconf 72' lang='grc' dir='ltr'><strong>καὶ</strong></span> <span class='ocrx_word' id='word_1_664' title='bbox 2359 4587 2664 4657; x_wconf 83' lang='grc' dir='ltr'>ἀχρήστως,</span> <span class='ocrx_word' id='word_1_665' title='bbox 2696 4583 2957 4653; x_wconf 85' lang='grc' dir='ltr'>ἀπονέμει</span> <span class='ocrx_word' id='word_1_666' title='bbox 2980 4584 3044 4652; x_wconf 83' lang='grc' dir='ltr'>τῇ</span> <span class='ocrx_word' id='word_1_667' title='bbox 3089 4579 3402 4651; x_wconf 80' lang='grc' dir='ltr'>Ἐκκλησία.</span> <span class='ocrx_word' id='word_1_668' title='bbox 3442 4578 3722 4649; x_wconf 81' lang='grc' dir='ltr'>Γεὼργιος</span> <span class='ocrx_word' id='word_1_669' title='bbox 3746 4580 3833 4640; x_wconf 81' lang='grc' dir='ltr'><strong>δὲ,</strong></span> 
     </span>
    </p>
   </div>
   <div class='ocr_carea' id='block_1_92' title="bbox 2235 4671 3835 4746">
    <p class='ocr_par' dir='ltr' id='par_1_92' title="bbox 2235 4671 3835 4746">
     <span class='ocr_line' id='line_1_92' title="bbox 2235 4671 3835 4746; baseline -0.004 -16"><span class='ocrx_word' id='word_1_670' title='bbox 2235 4676 2360 4730; x_wconf 83' lang='grc' dir='ltr'>ναὸν</span> <span class='ocrx_word' id='word_1_671' title='bbox 2401 4678 2457 4728; x_wconf 76' lang='grc' dir='ltr'>ἐν</span> <span class='ocrx_word' id='word_1_672' title='bbox 2495 4674 2642 4746; x_wconf 83' lang='grc' dir='ltr'>αὑτῷ</span> <span class='ocrx_word' id='word_1_673' title='bbox 2690 4673 2980 4744; x_wconf 85' lang='grc' dir='ltr'>δείμασθαι</span> <span class='ocrx_word' id='word_1_674' title='bbox 3025 4671 3328 4742; x_wconf 79' lang='grc' dir='ltr'>βουληθεὶς,</span> <span class='ocrx_word' id='word_1_675' title='bbox 3375 4671 3476 4741; x_wconf 85' lang='grc' dir='ltr'>τήν</span> <span class='ocrx_word' id='word_1_676' title='bbox 3513 4688 3573 4723; x_wconf 89' lang='grc' dir='ltr'><strong>τε</strong></span> <span class='ocrx_word' id='word_1_677' title='bbox 3619 4672 3835 4742; x_wconf 86' lang='grc' dir='ltr'>κόπρον</span> 
     </span>
    </p>
   </div>
   <div class='ocr_carea' id='block_1_93' title="bbox 2235 4759 3835 4836">
    <p class='ocr_par' dir='ltr' id='par_1_93' title="bbox 2235 4759 3835 4836">
     <span class='ocr_line' id='line_1_93' title="bbox 2235 4759 3835 4836; baseline -0.004 -16"><span class='ocrx_word' id='word_1_678' title='bbox 2235 4767 2446 4836; x_wconf 75' lang='grc' dir='ltr'>ἐκείνην</span> <span class='ocrx_word' id='word_1_679' title='bbox 2479 4766 2572 4819; x_wconf 68' lang='lat' dir='ltr'><strong>xui.</strong></span> <span class='ocrx_word' id='word_1_680' title='bbox 2604 4766 2694 4818; x_wconf 79' lang='grc' dir='ltr'><strong>τὸν</strong></span> <span class='ocrx_word' id='word_1_681' title='bbox 2715 4764 2881 4817; x_wconf 80' lang='grc' dir='ltr'>πολὺν</span> <span class='ocrx_word' id='word_1_682' title='bbox 2921 4762 3184 4835; x_wconf 75' lang='grc' dir='ltr'>συρφετὸν</span> <span class='ocrx_word' id='word_1_683' title='bbox 3231 4759 3609 4831; x_wconf 77' lang='grc' dir='ltr'>ὲκφορηθῆναι</span> <span class='ocrx_word' id='word_1_684' title='bbox 3650 4778 3835 4832; x_wconf 85' lang='grc' dir='ltr'>προσ-</span> 
     </span>
    </p>
   </div>
   <div class='ocr_carea' id='block_1_94' title="bbox 2233 4851 3834 4928">
    <p class='ocr_par' dir='ltr' id='par_1_94' title="bbox 2233 4851 3834 4928">
     <span class='ocr_line' id='line_1_94' title="bbox 2233 4851 3834 4928; baseline -0.005 -17"><span class='ocrx_word' id='word_1_685' title='bbox 2233 4859 2439 4912; x_wconf 86' lang='grc' dir='ltr'>τάττει.</span> <span class='ocrx_word' id='word_1_686' title='bbox 2503 4857 2642 4928; x_wconf 85' lang='grc' dir='ltr'>Ἤδη</span> <span class='ocrx_word' id='word_1_687' title='bbox 2686 4857 2744 4910; x_wconf 75' lang='grc' dir='ltr'>δὲ</span> <span class='ocrx_word' id='word_1_688' title='bbox 2794 4854 3294 4925; x_wconf 90' lang='grc' dir='ltr'>ἀνακαθαιρομένου</span> <span class='ocrx_word' id='word_1_689' title='bbox 3347 4851 3442 4904; x_wconf 78' lang='grc' dir='ltr'>τοῦ</span> <span class='ocrx_word' id='word_1_690' title='bbox 3496 4852 3692 4916; x_wconf 86' lang='grc' dir='ltr'>τόπου,</span> <span class='ocrx_word' id='word_1_691' title='bbox 3733 4855 3834 4905; x_wconf 87' lang='grc' dir='ltr'>εὑ-</span> 
     </span>
    </p>
   </div>
   <div class='ocr_carea' id='block_1_95' title="bbox 2239 4938 3835 5018">
    <p class='ocr_par' dir='ltr' id='par_1_95' title="bbox 2239 4938 3835 5018">
     <span class='ocr_line' id='line_1_95' title="bbox 2239 4938 3835 5018; baseline -0.001 -18"><span class='ocrx_word' id='word_1_692' title='bbox 2239 4949 2481 5018; x_wconf 87' lang='grc' dir='ltr'>ρίσκεταί</span> <span class='ocrx_word' id='word_1_693' title='bbox 2508 4966 2559 5001; x_wconf 91' lang='grc' dir='ltr'><strong>τι</strong></span> <span class='ocrx_word' id='word_1_694' title='bbox 2583 4946 2692 4999; x_wconf 88' lang='grc' dir='ltr'><strong>τῶν</strong></span> <span class='ocrx_word' id='word_1_695' title='bbox 2729 4945 2936 4999; x_wconf 82' lang='grc' dir='ltr'>ἀδύτων</span> <span class='ocrx_word' id='word_1_696' title='bbox 2966 4948 3042 5008; x_wconf 84' lang='grc' dir='ltr'><strong>είς</strong></span> <span class='ocrx_word' id='word_1_697' title='bbox 3081 4945 3227 5016; x_wconf 84' lang='grc' dir='ltr'><strong>μυχά</strong></span> <span class='ocrx_word' id='word_1_698' title='bbox 3261 4945 3384 5015; x_wconf 77' lang='grc' dir='ltr'>γῆς,</span> <span class='ocrx_word' id='word_1_699' title='bbox 3426 4947 3484 4997; x_wconf 82' lang='grc' dir='ltr'>ἐν</span> <span class='ocrx_word' id='word_1_700' title='bbox 3522 4938 3568 5012; x_wconf 79' lang='grc' dir='ltr'>ᾧ</span> <span class='ocrx_word' id='word_1_701' title='bbox 3601 4945 3673 4998; x_wconf 87' lang='grc' dir='ltr'><strong>τά</strong></span> <span class='ocrx_word' id='word_1_702' title='bbox 3718 4945 3835 4998; x_wconf 87' lang='grc' dir='ltr'><strong>τῶν</strong></span> 
     </span>
    </p>
   </div>
   <div class='ocr_carea' id='block_1_96' title="bbox 564 5031 2137 5112">
    <p class='ocr_par' dir='ltr' id='par_1_96' title="bbox 564 5035 2130 5111">
     <span class='ocr_line' id='line_1_96' title="bbox 564 5035 2130 5111; baseline 0.004 -24"><span class='ocrx_word' id='word_1_703' title='bbox 564 5035 816 5090; x_wconf 75' lang='lat' dir='ltr'><strong>calvaria:</strong></span> <span class='ocrx_word' id='word_1_704' title='bbox 841 5035 1098 5090; x_wconf 87' lang='lat' dir='ltr'><strong>carnibus</strong></span> <span class='ocrx_word' id='word_1_705' title='bbox 1139 5038 1375 5103; x_wconf 65' lang='lat' dir='ltr'><strong>nudatae,</strong></span> <span class='ocrx_word' id='word_1_706' title='bbox 1434 5040 1680 5093; x_wconf 87' lang='lat' dir='ltr'><strong>virorum</strong></span> <span class='ocrx_word' id='word_1_707' title='bbox 1727 5049 1782 5095; x_wconf 90' lang='lat' dir='ltr'><strong>et</strong></span> <span class='ocrx_word' id='word_1_708' title='bbox 1814 5037 2130 5111; x_wconf 84' lang='lat' dir='ltr'><strong>puerorum,</strong></span> 
     </span>
    </p>
   </div>
   <div class='ocr_carea' id='block_1_97' title="bbox 2241 5031 3834 5112">
    <p class='ocr_par' dir='ltr' id='par_1_97' title="bbox 2246 5031 3834 5112">
     <span class='ocr_line' id='line_1_97' title="bbox 2246 5031 3834 5112; baseline -0.001 -18"><span class='ocrx_word' id='word_1_709' title='bbox 2246 5041 2511 5112; x_wconf 80' lang='grc' dir='ltr'>Ἑλλήνων</span> <span class='ocrx_word' id='word_1_710' title='bbox 2555 5041 2827 5110; x_wconf 74' lang='grc' dir='ltr'>μυστήρια</span> <span class='ocrx_word' id='word_1_711' title='bbox 2857 5039 3150 5109; x_wconf 86' lang='grc' dir='ltr'>κέκρυπτο.</span> <span class='ocrx_word' id='word_1_712' title='bbox 3188 5037 3267 5089; x_wconf 84' lang='grc' dir='ltr'><strong>Τά</strong></span> <span class='ocrx_word' id='word_1_713' title='bbox 3299 5036 3352 5088; x_wconf 72' lang='grc' dir='ltr'><strong>δὲ</strong></span> <span class='ocrx_word' id='word_1_714' title='bbox 3384 5031 3452 5107; x_wconf 78' lang='grc' dir='ltr'>ἦν</span> <span class='ocrx_word' id='word_1_715' title='bbox 3480 5036 3592 5106; x_wconf 78' lang='grc' dir='ltr'>ἄρα</span> <span class='ocrx_word' id='word_1_716' title='bbox 3621 5039 3834 5109; x_wconf 82' lang='grc' dir='ltr'>κρανία</span> 
     </span>
    </p>
   </div>
   <div class='ocr_carea' id='block_1_98' title="bbox 563 5125 2134 5202">
    <p class='ocr_par' dir='ltr' id='par_1_98' title="bbox 563 5125 2134 5202">
     <span class='ocr_line' id='line_1_98' title="bbox 563 5125 2134 5202; baseline 0.008 -26"><span class='ocrx_word' id='word_1_717' title='bbox 563 5142 700 5196; x_wconf 80' lang='lat' dir='ltr'><strong>quos</strong></span> <span class='ocrx_word' id='word_1_718' title='bbox 740 5125 882 5181; x_wconf 82' lang='lat' dir='ltr'><strong>fama</strong></span> <span class='ocrx_word' id='word_1_719' title='bbox 925 5137 1044 5183; x_wconf 87' lang='lat' dir='ltr'><strong>erat</strong></span> <span class='ocrx_word' id='word_1_720' title='bbox 1090 5127 1303 5184; x_wconf 71' lang='lat' dir='ltr'><strong>Mithrae</strong></span> <span class='ocrx_word' id='word_1_721' title='bbox 1355 5131 1661 5186; x_wconf 91' lang='lat' dir='ltr'><strong>immolatos</strong></span> <span class='ocrx_word' id='word_1_722' title='bbox 1699 5132 1884 5198; x_wconf 76' lang='lat' dir='ltr'><strong>fuisse,</strong></span> <span class='ocrx_word' id='word_1_723' title='bbox 1919 5134 2134 5202; x_wconf 88' lang='lat' dir='ltr'><strong>quando</strong></span> 
     </span>
    </p>
   </div>
   <div class='ocr_carea' id='block_1_99' title="bbox 565 5215 2135 5287">
    <p class='ocr_par' dir='ltr' id='par_1_99' title="bbox 565 5215 2135 5287">
     <span class='ocr_line' id='line_1_99' title="bbox 565 5215 2135 5287; baseline 0.006 -18"><span class='ocrx_word' id='word_1_724' title='bbox 565 5215 738 5272; x_wconf 67' lang='lat' dir='ltr'><strong>Graeci</strong></span> <span class='ocrx_word' id='word_1_725' title='bbox 778 5218 1199 5274; x_wconf 87' lang='lat' dir='ltr'><strong>divinationibus</strong></span> <span class='ocrx_word' id='word_1_726' title='bbox 1225 5221 1293 5275; x_wconf 88' lang='lat' dir='ltr'><strong>ab</strong></span> <span class='ocrx_word' id='word_1_727' title='bbox 1318 5223 1483 5286; x_wconf 81' lang='lat' dir='ltr'><strong>extis,</strong></span> <span class='ocrx_word' id='word_1_728' title='bbox 1521 5224 1870 5287; x_wconf 89' lang='lat' dir='ltr'><strong>sectionibus,</strong></span> <span class='ocrx_word' id='word_1_729' title='bbox 1921 5225 2135 5278; x_wconf 89' lang='lat' dir='ltr'><strong>anima-</strong></span> 
     </span>
    </p>
   </div>
   <div class='ocr_carea' id='block_1_100' title="bbox 566 5312 2128 5382">
    <p class='ocr_par' dir='ltr' id='par_1_100' title="bbox 566 5312 2128 5382">
     <span class='ocr_line' id='line_1_100' title="bbox 566 5312 2128 5382; baseline 0.008 -25"><span class='ocrx_word' id='word_1_730' title='bbox 566 5322 792 5376; x_wconf 87' lang='lat' dir='ltr'><strong>rumque</strong></span> <span class='ocrx_word' id='word_1_731' title='bbox 826 5312 1116 5380; x_wconf 73' lang='lat' dir='ltr'><strong>prazstigiis</strong></span> <span class='ocrx_word' id='word_1_732' title='bbox 1158 5314 1468 5368; x_wconf 88' lang='lat' dir='ltr'><strong>utebantur.</strong></span> <span class='ocrx_word' id='word_1_733' title='bbox 1523 5315 1582 5368; x_wconf 89' lang='lat' dir='ltr'><strong>In</strong></span> <span class='ocrx_word' id='word_1_734' title='bbox 1634 5316 1748 5369; x_wconf 63' lang='lat' dir='ltr'><strong>haec</strong></span> <span class='ocrx_word' id='word_1_735' title='bbox 1793 5317 1977 5382; x_wconf 90' lang='lat' dir='ltr'><strong>itaque</strong></span> <span class='ocrx_word' id='word_1_736' title='bbox 2009 5331 2128 5369; x_wconf 88' lang='lat' dir='ltr'><strong>cum</strong></span> 
     </span>
    </p>
   </div>
   <div class='ocr_carea' id='block_1_101' title="bbox 566 5400 2131 5477">
    <p class='ocr_par' dir='ltr' id='par_1_101' title="bbox 566 5400 2131 5477">
     <span class='ocr_line' id='line_1_101' title="bbox 566 5400 2131 5477; baseline 0.005 -25"><span class='ocrx_word' id='word_1_737' title='bbox 566 5400 866 5456; x_wconf 91' lang='lat' dir='ltr'><strong>Christiani</strong></span> <span class='ocrx_word' id='word_1_738' title='bbox 916 5404 1137 5471; x_wconf 88' lang='lat' dir='ltr'><strong>quidam</strong></span> <span class='ocrx_word' id='word_1_739' title='bbox 1185 5406 1522 5472; x_wconf 90' lang='lat' dir='ltr'><strong>incidissent,</strong></span> <span class='ocrx_word' id='word_1_740' title='bbox 1567 5407 1742 5477; x_wconf 86' lang='lat' dir='ltr'><strong>palam</strong></span> <span class='ocrx_word' id='word_1_741' title='bbox 1776 5421 1838 5461; x_wconf 88' lang='lat' dir='ltr'><strong>ea</strong></span> <span class='ocrx_word' id='word_1_742' title='bbox 1870 5416 1928 5460; x_wconf 90' lang='lat' dir='ltr'><strong>ut</strong></span> <span class='ocrx_word' id='word_1_743' title='bbox 1965 5406 2131 5460; x_wconf 84' lang='lat' dir='ltr'><strong>risum</strong></span> 
     </span>
    </p>
   </div>
   <div class='ocr_carea' id='block_1_102' title="bbox 566 5493 2131 5565">
    <p class='ocr_par' dir='ltr' id='par_1_102' title="bbox 566 5493 2131 5565">
     <span class='ocr_line' id='line_1_102' title="bbox 566 5493 2131 5565; baseline 0.004 -21"><span class='ocrx_word' id='word_1_744' title='bbox 566 5493 763 5562; x_wconf 91' lang='lat' dir='ltr'><strong>populo</strong></span> <span class='ocrx_word' id='word_1_745' title='bbox 825 5506 1113 5550; x_wconf 86' lang='lat' dir='ltr'><strong>moverent</strong></span> <span class='ocrx_word' id='word_1_746' title='bbox 1167 5506 1542 5564; x_wconf 83' lang='lat' dir='ltr'><strong>exposuerunt</strong></span> <span class='ocrx_word' id='word_1_747' title='bbox 1599 5515 1612 5550; x_wconf 92' lang='lat'><strong>:</strong></span> <span class='ocrx_word' id='word_1_748' title='bbox 1670 5506 1836 5565; x_wconf 88' lang='lat' dir='ltr'><strong>atque</strong></span> <span class='ocrx_word' id='word_1_749' title='bbox 1893 5497 2131 5551; x_wconf 91' lang='lat' dir='ltr'><strong>omnium</strong></span> 
     </span>
    </p>
   </div>
   <div class='ocr_carea' id='block_1_103' title="bbox 564 5585 2131 5656">
    <p class='ocr_par' dir='ltr' id='par_1_103' title="bbox 564 5585 2131 5656">
     <span class='ocr_line' id='line_1_103' title="bbox 564 5585 2131 5656; baseline 0.005 -19"><span class='ocrx_word' id='word_1_750' title='bbox 564 5585 738 5640; x_wconf 87' lang='lat' dir='ltr'><strong>oculis</strong></span> <span class='ocrx_word' id='word_1_751' title='bbox 767 5586 1214 5656; x_wconf 89' lang='lat' dir='ltr'><strong>triumphantium</strong></span> <span class='ocrx_word' id='word_1_752' title='bbox 1238 5604 1388 5644; x_wconf 90' lang='lat' dir='ltr'><strong>more</strong></span> <span class='ocrx_word' id='word_1_753' title='bbox 1419 5589 1752 5643; x_wconf 89' lang='lat' dir='ltr'><strong>obtulerunt.</strong></span> <span class='ocrx_word' id='word_1_754' title='bbox 1778 5590 1932 5656; x_wconf 89' lang='lat' dir='ltr'><strong>Quod</strong></span> <span class='ocrx_word' id='word_1_755' title='bbox 1959 5589 2131 5645; x_wconf 64' lang='lat' dir='ltr'><strong>Graeci</strong></span> 
     </span>
    </p>
   </div>
   <div class='ocr_carea' id='block_1_104' title="bbox 575 5677 2132 5750">
    <p class='ocr_par' dir='ltr' id='par_1_104' title="bbox 575 5677 2132 5750">
     <span class='ocr_line' id='line_1_104' title="bbox 575 5677 2132 5750; baseline 0.004 -20"><span class='ocrx_word' id='word_1_756' title='bbox 575 5691 679 5730; x_wconf 89' lang='lat' dir='ltr'><strong>non</strong></span> <span class='ocrx_word' id='word_1_757' title='bbox 717 5677 974 5744; x_wconf 77' lang='lat' dir='ltr'><strong>ferentes,</strong></span> <span class='ocrx_word' id='word_1_758' title='bbox 1014 5689 1176 5748; x_wconf 89' lang='lat' dir='ltr'><strong>atque</strong></span> <span class='ocrx_word' id='word_1_759' title='bbox 1225 5681 1392 5748; x_wconf 90' lang='lat' dir='ltr'><strong>impio</strong></span> <span class='ocrx_word' id='word_1_760' title='bbox 1433 5695 1530 5750; x_wconf 90' lang='lat' dir='ltr'><strong>pro</strong></span> <span class='ocrx_word' id='word_1_761' title='bbox 1577 5682 1679 5735; x_wconf 89' lang='lat' dir='ltr'><strong>diis</strong></span> <span class='ocrx_word' id='word_1_762' title='bbox 1724 5689 1779 5735; x_wconf 92' lang='lat' dir='ltr'><strong>et</strong></span> <span class='ocrx_word' id='word_1_763' title='bbox 1825 5680 1995 5735; x_wconf 86' lang='lat' dir='ltr'><strong>sacris</strong></span> <span class='ocrx_word' id='word_1_764' title='bbox 2020 5683 2132 5737; x_wconf 90' lang='lat' dir='ltr'><strong>suis</strong></span> 
     </span>
    </p>
   </div>
   <div class='ocr_carea' id='block_1_105' title="bbox 571 5767 2127 5843">
    <p class='ocr_par' dir='ltr' id='par_1_105' title="bbox 571 5767 2127 5843">
     <span class='ocr_line' id='line_1_105' title="bbox 571 5767 2127 5843; baseline 0.006 -23"><span class='ocrx_word' id='word_1_765' title='bbox 571 5767 752 5823; x_wconf 86' lang='lat' dir='ltr'><strong>studio</strong></span> <span class='ocrx_word' id='word_1_766' title='bbox 781 5771 1062 5837; x_wconf 90' lang='lat' dir='ltr'><strong>commoti,</strong></span> <span class='ocrx_word' id='word_1_767' title='bbox 1094 5772 1144 5825; x_wconf 95' lang='lat' dir='ltr'><strong>in</strong></span> <span class='ocrx_word' id='word_1_768' title='bbox 1173 5770 1796 5842; x_wconf 88' lang='lat' dir='ltr'><strong>Christianosirrupere,</strong></span> <span class='ocrx_word' id='word_1_769' title='bbox 1821 5774 1873 5829; x_wconf 88' lang='lat' dir='ltr'><strong>bi</strong></span> <span class='ocrx_word' id='word_1_770' title='bbox 1913 5773 2127 5843; x_wconf 79' lang='lat' dir='ltr'><strong>gladiis,</strong></span> 
     </span>
    </p>
   </div>
   <div class='ocr_carea' id='block_1_106' title="bbox 2238 5126 3830 5202">
    <p class='ocr_par' dir='ltr' id='par_1_106' title="bbox 2238 5126 3830 5202">
     <span class='ocr_line' id='line_1_106' title="bbox 2238 5126 3830 5202; baseline -0.001 -19"><span class='ocrx_word' id='word_1_771' title='bbox 2238 5133 2418 5202; x_wconf 86' lang='grc' dir='ltr'>γυμνὰ</span> <span class='ocrx_word' id='word_1_772' title='bbox 2448 5131 2557 5184; x_wconf 84' lang='grc' dir='ltr'><strong>τῶν</strong></span> <span class='ocrx_word' id='word_1_773' title='bbox 2597 5129 2833 5202; x_wconf 83' lang='grc' dir='ltr'>σαρκῶν,</span> <span class='ocrx_word' id='word_1_774' title='bbox 2873 5128 2940 5181; x_wconf 85' lang='grc' dir='ltr'><strong>τὰ</strong></span> <span class='ocrx_word' id='word_1_775' title='bbox 2976 5129 3072 5199; x_wconf 82' lang='grc' dir='ltr'><strong>μὲν</strong></span> <span class='ocrx_word' id='word_1_776' title='bbox 3111 5126 3339 5198; x_wconf 86' lang='grc' dir='ltr'>ἀνδρῶν,</span> <span class='ocrx_word' id='word_1_777' title='bbox 3369 5127 3438 5180; x_wconf 76' lang='grc' dir='ltr'>τὰ</span> <span class='ocrx_word' id='word_1_778' title='bbox 3489 5127 3544 5179; x_wconf 82' lang='grc' dir='ltr'>δὲ</span> <span class='ocrx_word' id='word_1_779' title='bbox 3591 5129 3830 5192; x_wconf 80' lang='grc' dir='ltr'>παίδων,</span> 
     </span>
    </p>
   </div>
   <div class='ocr_carea' id='block_1_107' title="bbox 2237 5218 3837 5294">
    <p class='ocr_par' dir='ltr' id='par_1_107' title="bbox 2237 5218 3837 5294">
     <span class='ocr_line' id='line_1_107' title="bbox 2237 5218 3837 5294; baseline -0.003 -17"><span class='ocrx_word' id='word_1_780' title='bbox 2237 5223 2332 5287; x_wconf 78' lang='grc' dir='ltr'><strong>οὓς</strong></span> <span class='ocrx_word' id='word_1_781' title='bbox 2363 5224 2528 5294; x_wconf 76' lang='grc' dir='ltr'>μῦθος</span> <span class='ocrx_word' id='word_1_782' title='bbox 2570 5219 2682 5292; x_wconf 83' lang='grc' dir='ltr'>εἶχε</span> <span class='ocrx_word' id='word_1_783' title='bbox 2711 5221 2788 5292; x_wconf 86' lang='grc' dir='ltr'><strong>τῷ</strong></span> <span class='ocrx_word' id='word_1_784' title='bbox 2815 5219 3000 5292; x_wconf 73' lang='grc' dir='ltr'>Μίθρᾳ</span> <span class='ocrx_word' id='word_1_785' title='bbox 3045 5218 3407 5281; x_wconf 85' lang='grc' dir='ltr'>διατεθῦσθαι,</span> <span class='ocrx_word' id='word_1_786' title='bbox 3447 5218 3537 5271; x_wconf 81' lang='grc' dir='ltr'><strong>ὅτε</strong></span> <span class='ocrx_word' id='word_1_787' title='bbox 3586 5223 3711 5283; x_wconf 85' lang='grc' dir='ltr'>ταῖς</span> <span class='ocrx_word' id='word_1_788' title='bbox 3740 5221 3837 5276; x_wconf 74' lang='grc' dir='ltr'>διὰ</span> 
     </span>
    </p>
   </div>
   <div class='ocr_carea' id='block_1_108' title="bbox 2239 5311 3836 5385">
    <p class='ocr_par' dir='ltr' id='par_1_108' title="bbox 2239 5311 3836 5385">
     <span class='ocr_line' id='line_1_108' title="bbox 2239 5311 3836 5385; baseline -0.001 -17"><span class='ocrx_word' id='word_1_789' title='bbox 2239 5315 2555 5384; x_wconf 83' lang='grc' dir='ltr'>σπλάγχνων</span> <span class='ocrx_word' id='word_1_790' title='bbox 2581 5315 2859 5385; x_wconf 85' lang='grc' dir='ltr'>μαντείαις</span> <span class='ocrx_word' id='word_1_791' title='bbox 2884 5313 3123 5375; x_wconf 77' lang='grc' dir='ltr'>ἐκείναις</span> <span class='ocrx_word' id='word_1_792' title='bbox 3145 5311 3401 5381; x_wconf 85' lang='grc' dir='ltr'>’Έλληνες</span> <span class='ocrx_word' id='word_1_793' title='bbox 3427 5311 3520 5362; x_wconf 75' lang='grc' dir='ltr'><strong>καὶ</strong></span> <span class='ocrx_word' id='word_1_794' title='bbox 3545 5313 3674 5376; x_wconf 84' lang='grc' dir='ltr'>ταῖς</span> <span class='ocrx_word' id='word_1_795' title='bbox 3701 5314 3836 5368; x_wconf 85' lang='grc' dir='ltr'>ἀνα-</span> 
     </span>
    </p>
   </div>
   <div class='ocr_carea' id='block_1_109' title="bbox 2240 5402 3838 5477">
    <p class='ocr_par' dir='ltr' id='par_1_109' title="bbox 2240 5402 3838 5477">
     <span class='ocr_line' id='line_1_109' title="bbox 2240 5402 3838 5477; baseline -0.001 -18"><span class='ocrx_word' id='word_1_796' title='bbox 2240 5410 2454 5477; x_wconf 82' lang='grc' dir='ltr'>τομαῖς.</span> <span class='ocrx_word' id='word_1_797' title='bbox 2477 5406 2569 5459; x_wconf 71' lang='grc' dir='ltr'><strong>καὶ</strong></span> <span class='ocrx_word' id='word_1_798' title='bbox 2594 5408 2710 5468; x_wconf 83' lang='grc' dir='ltr'>ταῖς</span> <span class='ocrx_word' id='word_1_799' title='bbox 2737 5404 2877 5459; x_wconf 78' lang='grc' dir='ltr'>κατὰ</span> <span class='ocrx_word' id='word_1_800' title='bbox 2917 5403 3101 5475; x_wconf 73' lang='grc' dir='ltr'>ψυχῶν</span> <span class='ocrx_word' id='word_1_801' title='bbox 3151 5402 3504 5472; x_wconf 85' lang='grc' dir='ltr'>μαγγανείαις</span> <span class='ocrx_word' id='word_1_802' title='bbox 3560 5403 3838 5474; x_wconf 79' lang='grc' dir='ltr'>ἐκέχρην-</span> 
     </span>
    </p>
   </div>
   <div class='ocr_carea' id='block_1_110' title="bbox 2237 5492 3836 5565">
    <p class='ocr_par' dir='ltr' id='par_1_110' title="bbox 2237 5492 3836 5565">
     <span class='ocr_line' id='line_1_110' title="bbox 2237 5492 3836 5565; baseline -0.003 -14"><span class='ocrx_word' id='word_1_803' title='bbox 2237 5515 2315 5551; x_wconf 87' lang='grc' dir='ltr'><strong>το.</strong></span> <span class='ocrx_word' id='word_1_804' title='bbox 2349 5497 2568 5560; x_wconf 84' lang='grc' dir='ltr'>Τούτοις</span> <span class='ocrx_word' id='word_1_805' title='bbox 2597 5492 2689 5549; x_wconf 66' lang='grc' dir='ltr'>οῧν</span> <span class='ocrx_word' id='word_1_806' title='bbox 2731 5513 2877 5559; x_wconf 88' lang='grc' dir='ltr'>τινες</span> <span class='ocrx_word' id='word_1_807' title='bbox 2920 5497 3028 5548; x_wconf 89' lang='grc' dir='ltr'><strong>τῶν</strong></span> <span class='ocrx_word' id='word_1_808' title='bbox 3096 5492 3434 5565; x_wconf 88' lang='grc' dir='ltr'>Χριστιανῶν</span> <span class='ocrx_word' id='word_1_809' title='bbox 3484 5495 3836 5563; x_wconf 77' lang='grc' dir='ltr'>ἐντυχόντες,</span> 
     </span>
    </p>
   </div>
   <div class='ocr_carea' id='block_1_111' title="bbox 2241 5585 3840 5663">
    <p class='ocr_par' dir='ltr' id='par_1_111' title="bbox 2241 5585 3840 5663">
     <span class='ocr_line' id='line_1_111' title="bbox 2241 5585 3840 5663; baseline -0.003 -18"><span class='ocrx_word' id='word_1_810' title='bbox 2241 5591 2452 5661; x_wconf 88' lang='grc' dir='ltr'>γέλωτα</span> <span class='ocrx_word' id='word_1_811' title='bbox 2485 5591 2561 5663; x_wconf 80' lang='grc' dir='ltr'>τῷ</span> <span class='ocrx_word' id='word_1_812' title='bbox 2593 5592 2748 5662; x_wconf 81' lang='grc' dir='ltr'>δήμῳ</span> <span class='ocrx_word' id='word_1_813' title='bbox 2775 5590 2945 5642; x_wconf 75' lang='grc' dir='ltr'>ταῦτα</span> <span class='ocrx_word' id='word_1_814' title='bbox 2981 5588 3212 5659; x_wconf 77' lang='grc' dir='ltr'>φανερὸν</span> <span class='ocrx_word' id='word_1_815' title='bbox 3253 5585 3551 5650; x_wconf 77' lang='grc' dir='ltr'>ἐποιοῦντο,</span> <span class='ocrx_word' id='word_1_816' title='bbox 3589 5587 3686 5639; x_wconf 76' lang='grc' dir='ltr'><strong>καὶ</strong></span> <span class='ocrx_word' id='word_1_817' title='bbox 3723 5587 3840 5640; x_wconf 76' lang='grc' dir='ltr'><strong>ὑπδ</strong></span> 
     </span>
    </p>
   </div>
   <div class='ocr_carea' id='block_1_112' title="bbox 2238 5675 3840 5752">
    <p class='ocr_par' dir='ltr' id='par_1_112' title="bbox 2238 5675 3840 5752">
     <span class='ocr_line' id='line_1_112' title="bbox 2238 5675 3840 5752; baseline -0.003 -16"><span class='ocrx_word' id='word_1_818' title='bbox 2238 5686 2348 5746; x_wconf 86' lang='grc' dir='ltr'>τοῖς</span> <span class='ocrx_word' id='word_1_819' title='bbox 2360 5682 2608 5737; x_wconf 86' lang='grc' dir='ltr'>ἁπάντων</span> <span class='ocrx_word' id='word_1_820' title='bbox 2636 5680 2927 5752; x_wconf 65' lang='grc' dir='ltr'>ὀφθαλμοῖς</span> <span class='ocrx_word' id='word_1_821' title='bbox 2952 5678 3325 5750; x_wconf 78' lang='grc' dir='ltr'>ἐθριάμϐευον.</span> <span class='ocrx_word' id='word_1_822' title='bbox 3344 5675 3520 5748; x_wconf 85' lang='grc' dir='ltr'>Ὅπερ</span> <span class='ocrx_word' id='word_1_823' title='bbox 3554 5676 3840 5746; x_wconf 77' lang='grc' dir='ltr'>Ἑλλήνων</span> 
     </span>
    </p>
   </div>
   <div class='ocr_carea' id='block_1_113' title="bbox 2244 5766 3842 5844">
    <p class='ocr_par' dir='ltr' id='par_1_113' title="bbox 2244 5766 3842 5844">
     <span class='ocr_line' id='line_1_113' title="bbox 2244 5766 3842 5844; baseline -0.004 -15"><span class='ocrx_word' id='word_1_824' title='bbox 2244 5776 2429 5838; x_wconf 85' lang='grc' dir='ltr'>παῖδες</span> <span class='ocrx_word' id='word_1_825' title='bbox 2461 5775 2560 5827; x_wconf 87' lang='grc' dir='ltr'><strong>οὑκ</strong></span> <span class='ocrx_word' id='word_1_826' title='bbox 2580 5772 2910 5843; x_wconf 78' lang='grc' dir='ltr'>ἐνεγκόντες,</span> <span class='ocrx_word' id='word_1_827' title='bbox 2943 5770 3056 5826; x_wconf 83' lang='grc' dir='ltr'>ἀλλ’</span> <span class='ocrx_word' id='word_1_828' title='bbox 3089 5769 3230 5842; x_wconf 86' lang='grc' dir='ltr'>ὑπέρ</span> <span class='ocrx_word' id='word_1_829' title='bbox 3265 5785 3323 5822; x_wconf 89' lang='grc' dir='ltr'><strong>τε</strong></span> <span class='ocrx_word' id='word_1_830' title='bbox 3352 5766 3490 5823; x_wconf 85' lang='grc' dir='ltr'>θεῶν</span> <span class='ocrx_word' id='word_1_831' title='bbox 3528 5769 3624 5823; x_wconf 76' lang='grc' dir='ltr'>καὶ</span> <span class='ocrx_word' id='word_1_832' title='bbox 3660 5768 3842 5844; x_wconf 71' lang='grc' dir='ltr'>ἱερῶν</span> 
     </span>
    </p>
   </div>
   <div class='ocr_carea' id='block_1_114' title="bbox 647 5949 2137 6030">
    <p class='ocr_par' dir='ltr' id='par_1_114' title="bbox 647 5949 2137 6030">
     <span class='ocr_line' id='line_1_114' title="bbox 647 5949 2137 6030; baseline 0.005 -25"><span class='ocrx_word' id='word_1_833' title='bbox 647 5949 729 6022; x_wconf 87' lang='lat' dir='ltr'><strong>(a)</strong></span> <span class='ocrx_word' id='word_1_834' title='bbox 753 5951 869 6008; x_wconf 87' lang='lat' dir='ltr'><strong>Duo</strong></span> <span class='ocrx_word' id='word_1_835' title='bbox 900 5952 1132 6022; x_wconf 85' lang='lat' dir='ltr'><strong>codices,</strong></span> <span class='ocrx_word' id='word_1_836' title='bbox 1165 5957 1426 6023; x_wconf 81' lang='grc' dir='ltr'>συγκινεϊ.</span> <span class='ocrx_word' id='word_1_837' title='bbox 1475 5953 1644 6024; x_wconf 82' lang='lat' dir='ltr'><strong>Unus,</strong></span> <span class='ocrx_word' id='word_1_838' title='bbox 1693 5959 1979 6030; x_wconf 76' lang='grc' dir='ltr'>συγκροτεῖ</span> <span class='ocrx_word' id='word_1_839' title='bbox 2017 5965 2137 6013; x_wconf 51' lang='lat' dir='ltr'><strong>recti</strong></span> 
     </span>
    </p>
   </div>
   <div class='ocr_carea' id='block_1_115' title="bbox 2241 5949 2709 6030">
    <p class='ocr_par' dir='ltr' id='par_1_115' title="bbox 2241 5952 2709 6026">
     <span class='ocr_line' id='line_1_115' title="bbox 2241 5952 2709 6026; baseline 0.002 -17"><span class='ocrx_word' id='word_1_840' title='bbox 2241 5954 2387 6023; x_wconf 71' lang='lat' dir='ltr'><strong>Editi,</strong></span> <span class='ocrx_word' id='word_1_841' title='bbox 2414 5952 2709 6026; x_wconf 81' lang='grc' dir='ltr'>συγκρίνει.</span> 
     </span>
    </p>
   </div>
  </div>
