3990 6522
1085 535 1248 592 VITA
1287 535 1346 590 S.
1389 534 1760 590 ATHANASII
1800 535 2104 595 INCERTO
2141 536 2486 594 AUCTORE.

3253 549 3413 632 οσπη

184 648 248 703 νῦν
269 645 538 718 σφετέρων
575 649 817 717 ἀθλίως
853 652 1208 724 ζηλώσαντες,
1240 653 1388 707 ἔθεον
1420 654 1504 707 ἐπ’
1523 653 1739 718 αὐτοὺς,

1869 657 2120 724 apidibus
2181 656 2258 710 illi
2327 655 2696 726 impetentes;
2752 653 2827 709 ita
2874 662 2936 707 ut
2974 635 3413 708 Christianoruml

187 740 299 813 οἱμὲν
328 740 470 810 ξίφει
499 741 818 810 παίοντες,
857 747 910 800 οἱ
929 747 983 800 δὲ
1007 746 1198 810 λίθοις·
1228 746 1368 800 ὥστε
1395 747 1487 800 καὶ
1516 746 1742 810 πολλοὺς

192 833 480 906 ὼιαιρεθῆναι
516 834 639 889 τῶν
665 836 1049 908 Χριστιανῶν,
1083 841 1208 904 τοὺς
1243 841 1300 895 δὲ
1333 841 1428 894 καὶ
1469 842 1737 894 ἀνασταυ-

196 929 385 1000 ρωθῆναι,
431 928 604 991 ὅσους
661 929 752 983 ἔτι
806 929 1018 996 ζῶντας
1056 935 1345 1004 κατασχεῖν
1380 932 1740 1004 ἠδυνήθησαν,

196 1019 449 1084 ηὶᾶλλους
505 1021 708 1086 ἄλλοις
769 1023 1060 1095 ἐκδοθῆναι
1116 1025 1344 1080 θανάτου
1402 1026 1623 1098 τρόποις
1651 1027 1746 1079 καὶ

193 1111 408 1175 ποικίλαις
471 1112 655 1178 ίδέαις
725 1116 1031 1172 κολάσεων.
1100 1118 1203 1171 Τὸν
1265 1118 1446 1188 μέντοι
1510 1117 1744 1186 δυσσεϐῆ

190 1203 404 1274 Γεὼργιον
437 1205 543 1274 τῆς
582 1206 903 1278 ἐκκλησίας
943 1207 1019 1271 ὡς
1045 1202 1205 1278 εἶχον·
1237 1207 1616 1276 ἐξαγαγόντες,
1651 1207 1745 1260 καί

190 1313 290 1359 τινος
310 1296 556 1368 καμήλου
594 1299 961 1370 ἐκδήσαντες,
1003 1301 1186 1372 ἐπειδὴ
1238 1298 1484 1371 σφοδρῶς
1521 1299 1682 1352 αὐτὸν
1710 1303 1742 1369 ἡ

189 1387 385 1458 κάμηλος
414 1391 732 1461 σπαράξειέ
777 1391 857 1464 (a)
892 1411 952 1446 τε
981 1393 1074 1446 καὶ
1111 1391 1482 1457 διασπάσαιτο,
1509 1388 1627 1445 εἶτα
1653 1391 1747 1445 καὶ

188 1479 285 1551 ὕλην
314 1482 508 1554 ἱκανὴν
550 1487 1060 1557 συμφορήσαντες,
1101 1488 1196 1540 καὶ
1232 1485 1342 1558 πῦρ
1378 1487 1434 1538 ἐν
1469 1489 1618 1556 κοινῇ
1651 1483 1748 1555 θέα

186 1574 455 1643 iisti/avre;
501 1577 650 1649 αὐτῇ
703 1579 966 1650 καμήλῳ,
1010 1579 1194 1633 τοῦτον
1238 1579 1598 1632 κατέκαυσαν.
1645 1577 1749 1631 Οὖ-

183 1685 266 1730 τως
284 1669 364 1736 ὑφ’
390 1669 474 1721 ἐνὶ
510 1671 616 1741 μὲν
645 1670 730 1741 τῷ
758 1671 973 1742 τρόπῳ,
1003 1671 1277 1742 διαφόροις
1304 1671 1359 1723 δὲ
1379 1673 1497 1734 ταῖς
1527 1670 1744 1734 αἰτίαις,

181 1759 218 1810 οξ
243 1760 329 1828 μὲν
359 1760 630 1833 μακάριοι
667 1761 768 1814 τοῦ
805 1762 1017 1825 τέλους,
1044 1762 1072 1812 ό
1096 1760 1150 1812 δὲ
1180 1759 1360 1822 άθλιος
1389 1757 1480 1812 τοῦ
1515 1759 1747 1812 θανάτου

181 1848 250 1900 τὴν
280 1847 384 1918 βίον
414 1850 795 1922 μετήλλαξαν.
853 1852 965 1904 Καὶ
1013 1851 1080 1905 τὰ
1125 1849 1225 1922 μὲν
1268 1851 1390 1903 κατ’
1436 1849 1632 1912 αὐτοὺς
1669 1849 1750 1911 είς

179 1942 308 1994 τοῦτο
330 1942 434 2012 ὲχώ
444 1961 552 2012 ρει.

233 2033 312 2087 25.
357 2035 650 2099 Ἰουλιανὸς
675 2034 735 2089 δὲ
769 2036 867 2090 τοῦ
924 2036 1122 2099 παντὸς
1158 2036 1298 2090 οὕτω
1338 2033 1542 2105 Κύριος
1585 2050 1751 2088 κατα-

178 2130 306 2193 στὰς,
331 2129 420 2182 καὶ
458 2129 811 2202 ἀνατρέπειν
852 2129 955 2195 τὰς
996 2129 1372 2186 Κωνσταντίου
1407 2127 1634 2200 πράξεις
1667 2127 1755 2199 ἕρ-

175 2237 256 2288 γον
287 2221 647 2293 ποιούμενος,
697 2222 846 2291 ἔγνω
883 2224 979 2276 καὶ
1017 2224 1142 2286 τοὺς
1179 2225 1236 2276 ἐν
1272 2221 1586 2293 ὑπερορίαις
1622 2223 1755 2273 ἀνα-

175 2313 446 2368 καλεῖσθαι.
482 2316 670 2387 Ὅπερ
693 2312 792 2369 οὖν
831 2314 1019 2387 μαθὼν
1066 2315 1405 2380 Ἀθανάσιος,
1451 2318 1544 2370 καὶ
1576 2316 1757 2379 δείσας

174 2407 236 2478 μὴ
263 2409 346 2460 καὶ
386 2408 687 2462 Ἰουλιανὸν
734 2411 784 2462 οἱ
821 2409 928 2478 τῆς
971 2409 1178 2479 Ἀρείου
1219 2410 1411 2480 μοίρας
1453 2409 1757 2479 φθάσαντες

171 2502 575 2570 ἐπαγάγωνται·
627 2503 910 2572 (ἠγνοεῖτο
965 2499 1071 2572 γὰρ
1123 2501 1202 2554 ἔτι
1247 2502 1308 2554 τὸ
1363 2499 1620 2563 δυσσεϐὲς
1659 2500 1757 2570 τῆς

170 2593 352 2645 ἐκείνου
380 2593 566 2663 ψυχῆς
582 2592 828 2646 ἄπιστόν
858 2608 917 2645 τε
943 2592 1036 2644 καὶ
1053 2591 1348 2662 φιλομόχθη
1359 2608 1449 2663 ρον
1471 2591 1508 2661 ⁸)
1534 2589 1638 2643 ὑπὸ
1665 2588 1757 2642 νῦ-

167 2701 256 2735 κτα
276 2684 366 2736 τοῦ
390 2685 545 2738 οἴκου
574 2682 815 2753 βαθεῖαν
849 2682 1070 2753 ἀπάρας
1088 2722 1102 2744 ,
1130 2682 1222 2749 ἀφ’
1267 2676 1326 2734 οῦ
1361 2679 1756 2750 πεφυγάδευτο,

162 2778 215 2827 ἐν
260 2776 527 2847 ἐκκλησίᾳ.
574 2777 728 2846 μέσῃ
762 2775 833 2844 τῇ
864 2773 974 2826 τῶν
1009 2771 1396 2843 Ἀλεξανδρέων
1422 2771 1755 2842 εὑρίσκεται.

160 2869 220 2920 Τί
263 2870 325 2923 ἄν
358 2887 440 2934 τις
474 2869 676 2933 διεξίοι
722 2866 798 2920 τὰ
846 2866 940 2919 ἐπὶ
976 2864 1221 2928 τοῦτοες;
1259 2865 1406 2928 ὅπως
1447 2864 1545 2934 μὲν
1589 2861 1758 2932 ἡδέως

154 2963 307 3014 αὑτὸν
346 2963 692 3028 ἐθεάσαντο,
725 2963 881 3023 ὅπως
929 2959 984 3011 δὲ
1022 2957 1161 3010 κατὰ
1200 2957 1324 3010 Θέαν
1369 2957 1576 3010 ἐκείνου
1627 2970 1759 3006 παν-

152 3053 372 3122 ταχόθεν
394 3053 764 3126 ἡθροίζοντο,
802 3051 831 3102 ό
860 3050 1064 3121 κλῆρος
1083 3087 1098 3111 ,
1125 3050 1158 3119 ἡ
1191 3048 1374 3112 πόλις,
1425 3049 1452 3100 ό
1476 3046 1673 3115 δῆμος,
1710 3043 1758 3094 οἱ

153 3145 250 3214 μὲν
285 3146 509 3216 θερμὰ
545 3140 1023 3216 εὐχαριστοῦντες
1052 3142 1150 3210 τῆς
1178 3138 1468 3202 ἐπανόδου,
1513 3138 1562 3188 oi
1586 3135 1642 3188 δὲ
1668 3133 1758 3186 τὸν

155 3239 352 3309 μεταξὺ
387 3241 594 3312 χρόνον
639 3234 1100 3305 διεγκαλοῦντες,
1153 3234 1248 3287 καὶ
1294 3231 1391 3303 τὴν
1425 3227 1625 3300 ζημίαν
1658 3226 1757 3280 αὐ-

148 3333 222 3403 τῷ
247 3335 346 3387 καὶ
377 3335 479 3403 τὴν
518 3331 798 3402 στέρησιν
852 3325 1220 3390 ὀνειδίζοντες.
1261 3321 1394 3378 Εἶτα
1427 3321 1616 3392 ὥσπερ
1638 3321 1758 3372 ίκα-

148 3424 240 3492 νήν
265 3440 390 3476 τινα
418 3425 621 3476 πίστιν
649 3422 758 3491 τῆς
799 3417 942 3490 πρὸς
975 3417 1133 3472 αὐτὸν
1170 3416 1379 3478 εὐνοίας
1402 3413 1751 3484 παρέχοντες,

149 3515 320 3579 ἄλλως
359 3533 420 3568 τε
459 3515 521 3568 δὲ
573 3513 679 3566 καὶ
715 3511 827 3566 ἀπὸ
866 3511 1034 3581 μόνης
1060 3509 1154 3580 τῆς
1186 3507 1279 3561 τοῦ
1305 3507 1469 3560 καλοῦ
1503 3503 1756 3575 ποιμένος

151 3610 361 3662 ἐκείνου
395 3609 724 3676 παρουσίας
760 3604 999 3674 θάρσους
1030 3599 1285 3672 ἔμπλεοι,
1308 3600 1406 3663 τὰς
1436 3596 1612 3668 ψυχὰς
1655 3612 1756 3648 κα-

153 3700 450 3762 ταστάντες
486 3694 803 3764 ἐξωθοῦσιν
827 3691 1028 3746 αὐτίκα
1056 3691 1198 3763 μάλα
1211 3692 1335 3754 τοὺς
1366 3686 1757 3759 Ἀρειανιστὰς,

161 3792 246 3841 καὶ
273 3791 373 3860 τὴν
403 3788 568 3843 πόλιν
614 3784 952 3855 Ἀθανασίῳ,
977 3784 1073 3837 καὶ
1096 3784 1320 3846 ἑαυτοὺς
1343 3777 1757 3851 ἐγχειρίζουσιν.

162 3880 220 3932 ΟΞ
241 3880 316 3944 δὲ,
350 3881 449 3934 καὶ
487 3879 673 3942 οὕτως
701 3876 951 3948 αἰσχρῶς
991 3875 1366 3945 ἐλαυνόμενοι,
1399 3874 1494 3925 καὶ
1525 3873 1603 3933 εἰς
1636 3871 1763 3940 ἐρή-

172 3987 296 4038 μους
325 3971 534 4032 τόπους
571 3968 732 4031 τινὰς
792 3965 892 4019 καὶ
945 3965 1188 4036 ἀσήμους
1235 3960 1761 4033 κατακρυπτόμενοι,

171 4061 284 4114 οὐδὲ
320 4062 465 4115 οὕτω
503 4062 611 4131 τῆς
655 4059 864 4131 μανίας
909 4057 1120 4127 ἐκείνης
1161 4057 1254 4110 καὶ
1283 4057 1380 4127 τῆς
1410 4055 1606 4125 λύττης
1631 4051 1766 4106 ἀπέ-

175 4151 353 4222 ληγεν,
393 4153 536 4207 ἀλλὰ
584 4153 682 4206 καὶ
707 4149 992 4222 Γεωργίου
1026 4148 1177 4213 δίκας
1196 4187 1211 4212 ,
1232 4147 1305 4212 ὡς
1341 4147 1440 4219 ήδη
1466 4145 1765 4215 φθάσαντες

183 4249 417 4320 εἴπομεν,
449 4247 792 4318 ὑποσχόντος
829 4241 1248 4308 άξίας,Λοῦκιον
1279 4242 1490 4303 ἑαυτοῖς
1515 4235 1768 4291 ἀντικαθ-

190 4342 397 4405 ιστῶσι,
464 4342 563 4395 καὶ
617 4340 810 4393 πᾶσαν
874 4335 966 4387 ὑπ’
1007 4333 1155 4403 αὐτῴ
1192 4332 1351 4386 πάλιν
1392 4330 1488 4402 τὴν
1519 4330 1646 4400 περὶ
1672 4327 1768 4389 τὰς

190 4432 417 4501 αἱρέσεις
440 4430 683 4501 σπουδὴν
707 4423 1089 4492 ἐπανάγουσι,
1129 4421 1366 4475 τοιούτου
1410 4421 1591 4482 αὐτοῖς
1633 4434 1767 4489 προ-

193 4523 410 4588 εστῶτος
443 4522 752 4582 ἐπισκόπου
782 4516 884 4588 (b),
914 4518 980 4587 τῇ
1005 4513 1226 4584 ἀσεϐείᾳ
1252 4516 1345 4568 καὶ
1367 4513 1606 4583 ὠμότητι
1641 4508 1768 4579 παρ’

194 4612 390 4666 ἐκείνου
431 4611 704 4686 μηδαμῶς
747 4605 1101 4679 ἡττηθέντος.
1137 4603 1248 4656 Νῦν
1299 4603 1397 4673 μὲν
1439 4601 1532 4654 οῦν
1568 4600 1637 4653 τὰ
1678 4596 1769 4651 τοῦ

1714 1971 1720 2059 μ
1775 1999 1824 2059 B

1845 747 2000 800 multi
2025 749 2174 812 cassi,
2212 748 2303 802 alii
2339 747 2610 810 cruciﬁxi,
2663 760 2799 815 quos
2845 743 3052 799 scilicet
3084 745 3231 798 vivos
3259 737 3413 798 com-'

1844 838 2178 910 prehendere
2212 847 2524 909 potuerunt,
2558 837 2651 892 alii
2685 837 2808 892 aliis
2835 835 3110 905 suppliciis
3133 836 3405 903 variisque

1846 932 2184 985 cruciatuum
2214 931 2500 1000 generibus
2531 928 2704 984 necati
2738 928 2956 982 fuerim.
3009 925 3233 995 lmpium
3274 940 3408 980 sane

1844 1019 2132 1097 Geggium
2177 1021 2448 1090 extemplo
2490 1019 2720 1077 ecclesia
2768 1027 3098 1082 extractum,
3147 1031 3270 1071 cum
3323 1030 3408 1069 ca-

1845 1115 1984 1168 melo
2026 1114 2239 1167 cuidam
2287 1113 2617 1181 alligassent,
2659 1121 2714 1165 et
2756 1109 2996 1164 camelus
3046 1109 3194 1162 illum
3242 1106 3406 1161 velte-

1847 1215 2058 1260 menter
2102 1204 2415 1259 dilaniasset
2461 1213 2517 1259 et
2558 1203 2932 1266 distraxisset,
2963 1198 3310 1269 comportatis
3346 1197 3410 1250 li-

1848 1299 1970 1367 gnis
2020 1296 2229 1363 multis,
2271 1294 2626 1362 omniumque
2673 1293 2772 1348 sub
2813 1298 3106 1361 conspectu
3147 1301 3410 1344 succenso

1848 1391 1992 1460 igne,
2032 1405 2155 1444 eum
2201 1402 2306 1442 una
2340 1401 2459 1440 cum
2492 1385 2700 1442 camelo
2745 1386 3108 1440 combussere.
3137 1382 3312 1450 Atque
3335 1381 3410 1435 ita

1849 1497 1958 1536 uno
2001 1480 2189 1550 utique
2233 1478 2416 1541 modo,
2469 1475 2634 1530 variis
2679 1483 2857 1528 tamen
2913 1476 2978 1527 de
3023 1472 3221 1536 causis,
3271 1470 3412 1524 beati

1850 1573 2070 1644 quidem
2103 1571 2178 1626 illi
2217 1569 2361 1624 felici
2400 1568 2570 1632 exitu,
2600 1567 2692 1621 hic
2730 1579 2858 1621 vero
2893 1566 3054 1618 miser
3084 1561 3305 1627 infelici,
3337 1561 3414 1613 vi-

1851 1677 1959 1719 tam
1995 1679 2116 1718 cum
2161 1669 2335 1717 morte
2364 1666 2785 1715 commutarunt.
2837 1657 3037 1711 Ethmc
3058 1653 3272 1724 quidem
3312 1651 3416 1706 illis

1851 1756 2117 1812 accidere.

1926 2046 2017 2101 25.
2059 2043 2302 2098 Julianus
2351 2054 2510 2110 porro
2565 2037 2803 2093 omnium
2850 2033 3099 2089 dominus
3143 2045 3206 2086 eo
3264 2032 3420 2098 pacto

1855 2138 2199 2200 constitutus,
2260 2149 2381 2188 cum
2426 2130 2704 2186 statuisset
2741 2126 2916 2181 omnia
2963 2121 3256 2179 Constantii
3292 2120 3421 2173 abo-

1855 2229 1969 2284 lere
2005 2237 2143 2290 acta,
2175 2224 2410 2279 decrevit
2448 2231 2507 2276 ut
2539 2220 2575 2274 ii
2623 2219 2712 2288 qui
2752 2217 3064 2271 exsulareut
3107 2215 3174 2270 ab
3231 2212 3420 2266 exsilio

1857 2327 2263 2377 revocarentur.
2299 2315 2448 2382 Quod
2477 2328 2599 2368 cum
2626 2311 2901 2368 didicisset
2951 2308 3293 2369 Athanasius,
3326 2319 3420 2358 ve-

1855 2417 1994 2470 ritus
2027 2427 2093 2466 ne
2117 2411 2281 2466 etiam
2328 2407 2598 2462 lulianum
2627 2403 2811 2458 Ariani
2851 2402 3160 2470 abriperent
3195 2397 3424 2469 (ignora-

1857 2505 2114 2564 batenim
2146 2504 2324 2556 adhuc
2385 2498 2578 2553 anima:
2618 2496 2760 2551 iilius
2809 2495 3160 2563 impietatem,
3191 2489 3422 2544 inﬁdeli-

1860 2610 2047 2661 tatem,
2096 2590 2402 2660 malitiam),
2450 2590 2679 2646 obscura
2745 2594 2903 2641 nocte
2953 2583 3225 2653 proiectus
3264 2581 3425 2633 domo

1860 2693 1924 2746 ad
1986 2703 2145 2758 quam
2194 2686 2552 2755 confugerat,
2600 2684 2652 2737 in
2712 2680 2888 2735 media
2935 2675 3422 2732 Alexandrinorum

1858 2780 2088 2838 ecclesia
2136 2777 2420 2848 reperitur.
2488 2773 2618 2840 Quis
2675 2785 2835 2841 porro
2899 2766 3235 2822 enarravcrit
3300 2776 3422 2832 qum

1863 2883 1970 2929 tum
2022 2877 2169 2940 gesta
2227 2867 2395 2923 sunt?
2426 2882 2586 2936 quam
2634 2864 2864 2918 libenter
2907 2858 3110 2914 scilicet
3144 2871 3264 2909 eum
3299 2869 3428 2905 con-

1860 2963 2166 3035 Spexerint;
2196 2959 2463 3028 quomodo
2520 2957 2586 3010 ad
2619 2963 2967 3022 conspectum
3029 2949 3142 3018 ejus
3193 2944 3428 3012 undique

1861 3056 2032 3112 coacti
2065 3054 2194 3118 sint,
2225 3053 2421 3112 clerus,
2459 3049 2671 3111 civitas,
2702 3043 2966 3116 populus:
3005 3041 3094 3092 alii
3145 3053 3208 3091 ex
3245 3034 3426 3088 animo

1861 3149 2062 3220 gratias
2119 3153 2340 3214 agentes
2379 3141 2446 3194 de
2492 3139 2664 3194 reditu
2698 3153 2712 3201 ;
2766 3135 2855 3188 alii
2889 3134 2954 3187 de
2989 3139 3132 3184 tanta
3164 3141 3313 3182 mora
3339 3140 3427 3177 ar-

1862 3250 2107 3310 guentes,
2160 3249 2223 3288 ac
2284 3233 2538 3288 damnum
2581 3244 2649 3284 ex
2700 3228 2816 3294 ejus
2871 3222 3112 3277 absentia
3149 3219 3426 3273 subortum

1787 3357 1829 3414 ο
1864 3329 2278 3399 exprobrantes.
2311 3324 2514 3378 Deinde
2538 3319 2696 3390 quasi
2732 3331 2842 3372 sua:
2870 3329 2993 3382 erga
3024 3312 3168 3365 illum
3199 3310 3430 3362 benevo-

1863 3422 2042 3476 lentiae
2074 3420 2207 3474 satis
2234 3418 2392 3472 ﬁdem
2429 3414 2713 3476 fecissent,
2753 3410 2993 3475 aliasque
3024 3419 3087 3458 ex
3143 3400 3253 3456 sola
3305 3397 3430 3452 boni

1867 3517 2015 3571 illius
2043 3511 2276 3583 pastoris
2307 3505 2592 3578 praesentia
2625 3503 2820 3558 ﬁducia
2854 3495 3079 3566 repleti,
3103 3487 3434 3547 conﬁrmatis

1866 3579 2060 3661 animis
2081 3600 2481 3672 quamprimum
2516 3595 2747 3649 Arianos
2773 3590 2906 3644 urbe
2942 3585 3163 3657 pellunt,
3191 3579 3434 3634 Athana-

1867 3700 2055 3766 sioque
2082 3669 2353 3748 civitatem
2420 3703 2482 3743 ac
2523 3688 2727 3756 seipsos
2770 3682 3004 3737 tradunt.
3035 3677 3117 3732 Illi
3156 3689 3308 3736 vero,
3334 3669 3434 3725 etsi

1869 3791 1942 3846 ita
1976 3786 2201 3854 turpiter
2229 3781 2400 3838 exacli
2427 3821 2442 3844 ,
2471 3788 2524 3834 et
2569 3778 2635 3832 ad
2692 3778 2903 3830 deserta
2952 3770 3193 3840 quaedam
3242 3769 3436 3822 obscu-

1870 3893 2038 3948 raque
2065 3877 2183 3930 loca
2213 3871 2495 3933 occultati,
2525 3881 2862 3938 nequaquam
2889 3873 3066 3918 tamen
3115 3860 3438 3915 destiterunt

1871 3989 1900 4028 a
1930 3972 2111 4025 furore
2145 3967 2232 4022 illo
2263 3975 2422 4034 atque
2469 3959 2678 4015 insania
2703 3999 2718 4022 ,
2754 3957 2846 4010 sed
2887 3952 3098 4008 etiamsi
3153 3946 3437 4014 Georgius,

1873 4067 1947 4120 uti
1979 4077 2138 4130 supra
2161 4059 2412 4120 diximus,
2430 4052 2726 4120 condignas
2762 4046 2949 4100 luisset
2973 4055 3183 4112 pinnas,
3216 4035 3440 4091 Lucium

1872 4157 1972 4213 sibi
1996 4154 2112 4221 ejus
2136 4152 2254 4206 loco
2277 4147 2612 4204 constituunt
2644 4183 2659 4208 ,
2690 4148 2950 4194 ctrursus
2981 4133 3079 4188 sub
3109 4131 3198 4183 illo
3227 4139 3442 4181 omnem

1873 4262 2092 4319 operam
2128 4240 2316 4298 haeresi
2346 4245 2566 4301 navant,
2607 4233 2763 4287 talem
2812 4227 2958 4283 nacti
2996 4219 3302 4294 praesulem,
3345 4229 3443 4268 nec

1877 4305 2084 4396 malitia
2115 4351 2216 4390 nec
2245 4331 2522 4399 impietate
2559 4325 2633 4379 illi
2671 4321 3005 4376 inferiorem.
3027 4315 3142 4370 Jam
3169 4310 3317 4380 impii
3345 4305 3442 4362 Ju-

1877 4431 2006 4486 liani
2068 4426 2206 4480 mala
2265 4423 2441 4478 obiter
2479 4417 2846 4481 attingamus.
2895 4407 3319 4475 adjiciamusque
3381 4411 3447 4452 ea

1879 4520 2075 4591 quibus
2109 4515 2190 4568 vir
2226 4513 2314 4567 ille
2346 4521 2576 4576 magnus
2617 4502 2846 4556 alilictns
2880 4505 2964 4551 est
2994 4536 3008 4555 ,
3045 4493 3198 4560 cujus
3240 4486 3448 4542 scilicet

1880 4579 2009 4672 vita,
2036 4617 2310 4673 nunquam
2337 4597 2420 4652 vel
2454 4591 2721 4648 tantillum
2781 4585 3034 4658 periculis
3068 4579 3448 4642 laboribusque

431 4667 444 4686 ι
492 4667 503 4685 .
580 4667 592 4684 .
682 4667 699 4673 -
772 4667 785 4679 .
882 4667 892 4677 .
1300 4667 1312 4673 -

196 4705 408 4769 ἀσεϐοῦς
451 4702 753 4761 Ἰουλιανοῦ
792 4696 966 4760 κακὰ,
1001 4697 1093 4749 καὶ
1117 4695 1215 4767 τὴν
1254 4694 1505 4748 ἀσέϐειαν
1541 4693 1598 4744 ὲν
1636 4707 1759 4761 παρ·

1881 4714 2047 4755 vacua
2101 4695 2225 4750 fuit.
2255 4691 2388 4746 Cum
2432 4688 2573 4742 enim
2624 4682 2823 4750 impius
2870 4675 3114 4730 Julianus
3159 4667 3445 4736 imperium

197 4796 292 4867 ὁδῳ
333 4800 362 4850 ὁ
382 4798 534 4866 λόγος
565 4793 836 4866 δηλώσει,
886 4787 1140 4858 προσθεὶς
1168 4785 1263 4839 καὶ
1299 4785 1368 4837 τὰ
1399 4783 1492 4836 τοῦ
1540 4781 1772 4852 μεγάλου

201 4890 424 4957 ἐκείνου,
459 4891 576 4954 πῶς
603 4906 667 4943 τε
709 4881 888 4940 αὐτοῦ
929 4881 1077 4934 οὐδὲν
1117 4880 1277 4952 μέρος
1318 4878 1412 4932 τοῦ
1448 4877 1564 4949 βίου
1600 4875 1776 4929 κινδύ-

199 4999 294 5035 νων
343 4985 433 5037 καὶ
471 4982 702 5052 ἀγώνων
751 4975 864 5043 ἔξω
917 4974 1126 5044 ὑπῆρχε
1152 4991 1180 5037 ο,
1210 4972 1302 5025 τοῦ
1371 4970 1480 5042 γὰρ
1546 4966 1776 5031 ἀσεϐοῦς

213 5075 483 5130 ’ῐουλιανοῦ
537 5077 632 5129 ἐπὶ
679 5073 787 5145 τὴν
834 5067 1110 5140 βασιλείαν
1151 5063 1470 5134 φθάσαντος,
1524 5062 1618 5115 καὶ
1663 5063 1774 5123 τοῖς

198 5167 422 5238 δαίμοσι,
467 5165 580 5232 οἷος
625 5163 698 5238 ἦν
732 5161 835 5218 καὶ
878 5161 1058 5225 αὐτὸς,
1092 5159 1187 5212 καὶ
1225 5158 1332 5211 τῶν
1367 5156 1501 5210 θεῶν
1549 5155 1776 5225 ὀνόμασι

203 5261 392 5328 μᾶλλον
418 5263 451 5333 ἧ
479 5265 593 5326 τοῖς
628 5260 781 5321 θεοῖς
815 5253 1054 5318 θύοντος,
1081 5254 1228 5306 πᾶσα
1265 5252 1360 5323 μὲν
1395 5251 1501 5302 τῶν
1531 5247 1778 5321 Χριστια-

198 5353 297 5404 “at-3v
338 5354 628 5426 Ἐκκλησία
672 5348 1036 5420 ἐταράττετο·
1068 5346 1117 5397 οί
1141 5344 1197 5396 δὲ
1222 5343 1329 5396 τῶν
1352 5341 1616 5414 Ἑλλήνων
1638 5340 1778 5402 ναοὶ,

198 5447 243 5495 οἱ
278 5446 373 5514 μὲν
399 5447 766 5518 ἀνεῴγεισαν,
797 5441 848 5493 οἱ
878 5437 933 5490 δὲ
978 5435 1289 5492 άνενεοῦντο
1309 5453 1323 5465 ·
1362 5433 1496 5488 ἀλλὰ
1537 5433 1640 5504 μὴν
1686 5433 1782 5486 καὶ

202 5537 302 5590 νέοι
325 5538 724 5612 ᾠκοδομοῦντο,
750 5532 849 5588 καὶ
878 5530 1037 5584 πάλιν
1067 5531 1260 5584 κνίσσα
1284 5528 1377 5582 καὶ
1407 5525 1609 5590 καπνὸς
1643 5542 1780 5578 παν-

201 5631 374 5700 ταχοῦ,
403 5633 498 5686 καὶ
528 5631 748 5692 θυσίαι,
786 5623 884 5678 καὶ
911 5623 1072 5693 τομαὶ
1093 5620 1266 5685 ζώων,
1296 5621 1390 5673 καὶ
1416 5615 1574 5688 αἷμα,
1600 5616 1694 5670 καὶ
1720 5617 1778 5668 ἐν

199 5689 573 5801 αὐτῇρῖμοιί
645 5689 751 5778 τοῦ
805 5689 1224 5789 ,Κωνσταντίνου
1280 5715 1431 5769 πόλει
1501 5713 1682 5783 Τύχης
1723 5710 1784 5763 τὸ
1832 5711 2088 5782 ἄγαλμα,
2125 5705 2256 5764 -καὶ
2308 5699 2531 5756 σπονδαὶ
2580 5689 2833 5765 δημοσίᾳ,

252 5929 329 6076 ἔα)
361 5932 491 5990 Mss.
526 5943 762 5993 omnes,
802 5923 1120 5994 σπαράξειε.

275 6006 323 6070 θ)
347 6007 429 6064 Ab
461 6005 627 6064 hisce
662 5997 860 6058 verbis
881 6005 1120 6054 contexti

275 5983 860 6083 bipﬁbvbisceverbis
881 5983 1165 6054 contextus
1194 5992 1249 6050 in
1275 5989 1436 6082 σου).
1472 5987 1523 6058 i,
1563 5986 1618 6056 2,
1647 5995 1701 6044 et
1722 5983 1778 6043 in

1881 4795 2233 4859 occupasset,
2266 4797 2330 4837 ac
2358 4775 2692 4835 diemonibus
2716 4770 2892 4841 qualis
2913 4767 3028 4836 ipse
3073 4770 3209 4823 erat,
3238 4758 3446 4827 potius-

1885 4899 1992 4955 que
2020 4855 2249 4936 deorum
2287 4870 2618 4933 nominibus,
2656 4878 2816 4933 quam
2838 4861 2942 4914 diis
2973 4855 3300 4916 immolaret,
3336 4858 3451 4904 tota

1884 4941 2103 5048 quidem
2155 4965 2400 5025 Ecclesia
2447 4959 2874 5018 Christianorum
2928 4948 3241 5021 perturbata
3295 4941 3449 5000 fuit;

1884 5037 2197 5125 érmeorum
2229 5075 2359 5116 vero
2387 5051 2604 5123 templa,
2642 5048 2744 5102 alia
2786 5053 2994 5114 aperta,
3021 5038 3122 5091 alia
3151 5037 3450 5090 instaurata

1886 5170 2032 5222 sunt,
2069 5159 2180 5211 imo
2221 5167 2361 5209 nova
2386 5152 2682 5204 exstructa.
2711 5140 2788 5194 Ac
2821 5149 3032 5190 rursum
3066 5130 3219 5184 nidor
3257 5124 3454 5190 ubique

1880 5265 1934 5308 et
1968 5254 2171 5314 fumus,
2235 5243 2527 5307 sacriﬁcia,
2568 5236 2838 5294 sectiones
2886 5226 3192 5284 animalium
3231 5236 3245 5272 :
3289 5227 3342 5271 ct
3401 5215 3454 5268 in

1883 5345 2021 5411 ipsa,
2055 5341 2143 5395 hei
2180 5334 2348 5391 mihi!
2397 5325 2736 5387 Constantini
2763 5322 2917 5383 urbe,
2973 5317 3226 5371 Fortuna:
3278 5310 3454 5359 statua

1884 5393 1940 5489 ert
1970 5393 2258 5487 libationes
2289 5423 2535 5496 publice,
2592 5417 2780 5474 hostia:
2834 5422 2888 5468 et
2933 5409 3035 5463 alia
3106 5393 3455 5469 bujusmodi,

1885 5528 2210 5596 imperatore
2253 5533 2437 5576 curam
2493 5526 2710 5571 omnem
2766 5503 3087 5576 imperiique
3129 5497 3450 5564 potestatem

1885 5623 2074 5670 contra
2103 5612 2356 5684 pietatem
2385 5605 2691 5662 adliibente.
3179 5643 3181 5646 ν

2894 5683 2987 5739 καὶ
3016 5679 3250 5750 θύματα,
3297 5666 3367 5725 τά
3392 5682 3452 5722 τι

1893 5909 2028 5980 Reg.
2062 5908 2136 5963 ita
2185 5905 2455 5980 discrepat
2497 5899 2562 5956 ab
2592 5892 2782 5958 editis,
2825 5887 2913 5942 vix
2955 5891 3012 5940 ut
3051 5893 3157 5937 una
3186 5867 3453 5933 senten’tia

1886 5975 2031 6042 inter
2060 5994 2116 6036 se
2144 5975 2427 6049 quadrent.
