3990 6544
584 568 748 609 CCVIII

1951 547 2488 605 PROLEGOMENA.

580 673 714 725 ἄλλα
752 670 994 737 τοιαῦτα,
1022 672 1115 725 τοῦ
1162 670 1421 742 βασιλέως
1457 672 1633 723 πᾶσαν
1670 670 1901 741 σπουδὴν
1971 673 2064 726 καὶ
2126 674 2221 743 τῆς
2262 671 2535 742 βασιλείας
2577 670 2638 722 τὺ
2699 671 2897 742 κράτος
2956 670 3097 724 κατά
3152 671 3250 743 τῆς
3307 673 3588 739 εὐσεϐείας
3633 680 3831 732 ἐπιτεί-

591 780 791 828 κοντος.

656 858 749 913 26.
791 856 925 911 Τιιιη
956 856 1117 912 etiam
1162 855 1345 920 Maris,
1383 852 1743 909 Chalcedonis
1795 854 1850 908 in
1908 853 2154 925 Bithynia

2328 851 2415 906 26.
2459 849 2591 903 Τότε
2618 848 2681 921 δὴ
2710 849 2802 903 καὶ
2827 851 3008 921 Μάρις
3027 890 3040 911 ,
3068 852 3096 901 ὁ
3120 850 3219 921 τῆς
3270 851 3327 904 ὲν
3360 852 3585 925 Βιθυνίᾳ
3615 855 3833 929 Χαλκη-

589 951 897 1020 episcOpns,
925 950 1307 1019 imperatorem
1331 947 1520 1000 adiens
1550 946 1723 1015 palam
1753 946 2158 1001 conviciabatur

590 1042 1317 1111 illi,impinm,apostatam,
1367 1038 1587 1093 atbeum
1622 1046 1677 1092 et
1731 1038 1927 1092 similia
1978 1036 2160 1107 prole-

586 1149 736 1189 rens.
776 1132 906 1187 Erat
940 1146 1099 1200 porro
1132 1130 1299 1185 Maris
1329 1146 1436 1200 pra:
1469 1139 1748 1185 senectute
1776 1130 2027 1184 laborans
2056 1145 2161 1184 ca:-

590 1228 775 1280 citate.
816 1224 1060 1280 Julianus
1090 1238 1215 1279 vero
1257 1223 1611 1279 contumelias
1657 1222 1802 1293 juste
1853 1222 2026 1278 illatas
2079 1223 2159 1276 in-

584 1318 732 1388 juste
753 1317 1077 1386 depellebat,
1106 1317 1384 1386 garrulum
1420 1330 1541 1368 eum
1589 1324 1644 1371 et
1696 1330 1894 1370 caecum
1937 1330 2155 1376 vocans,

590 1420 749 1475 quem
782 1421 957 1476 neque
986 1407 1125 1461 Deus
1159 1405 1505 1460 Galilaeorum
1560 1414 1825 1460 sanasset.
1856 1404 1948 1458 Ille
2007 1403 2155 1471 quasi

591 1498 811 1552 stimulo
848 1498 1169 1560 concitatus,
1210 1512 1333 1550 cum
1361 1498 1555 1552 ﬁducia
1585 1498 1895 1567 imperatori
1938 1510 2159 1563 respon-

591 1592 707 1647 dit:
740 1592 960 1645 Gratias
990 1606 1111 1660 ago,
1141 1592 1337 1661 inquit,
1378 1592 1508 1657 Deo,
1530 1591 1620 1660 qui
1653 1606 1735 1646 me
1773 1590 1837 1644 ad
1871 1588 2157 1643 utilitatem

592 1704 765 1743 meam
825 1688 1117 1743 excmeavit
1150 1728 1166 1753 ,
1212 1703 1279 1742 ne
1328 1688 1691 1757 impudentem
1740 1687 1943 1741 vultum
2011 1696 2156 1741 tuum

591 1780 982 1850 conspicerem,
1015 1781 1105 1848 qui
1145 1790 1248 1834 tam
1297 1789 1547 1849 proterve
1598 1782 1648 1833 in
1700 1781 2028 1849 impietatem
2069 1780 2160 1835 de-

592 1872 775 1939 lapsus
801 1888 880 1927 es.
918 1872 1088 1939 Hujus
1129 1872 1397 1927 libertatis
1437 1873 1683 1941 exemplo
1714 1872 1968 1927 commoti
2015 1871 2159 1927 Jovi-

590 1961 784 2016 nianus
836 1971 891 2016 et
947 1960 1376 2025 Valentinianus,
1439 1962 1617 2017 soluta
1670 1962 1880 2031 cingula
1933 1952 2159 2034 tyranno

587 2053 949 2121 projecerunt.
993 2052 1126 2117 Nos,
1160 2053 1433 2121 inquiunt,
1481 2063 1675 2123 praesto
1724 2071 1909 2112 sumus
1940 2065 2161 2127 propter

590 2143 865 2197 Christum
898 2144 1061 2198 vitam
1118 2146 1291 2212 ipsam
1324 2148 1557 2200 tradere.
1596 2146 1897 2217 Imperator
1954 2150 2155 2219 itaque,

2256 947 2405 1010 δόνος
2434 943 2751 1005 ἐπίσκοπος,
2784 941 2953 995 πολλὰ
2978 942 3070 995 τὸν
3105 941 3326 1013 βασιλέα
3356 943 3674 1016 προσελθὼν
3707 966 3829 1019 προ-

2258 1039 2439 1107 φανῶς
2468 1036 2785 1109 περιύϐρισε
2809 1077 2824 1101 ,
2849 1035 2943 1089 τὸν
2978 1036 3149 1106 ἀσεϐῆ
3171 1076 3185 1098 ,
3224 1036 3313 1089 καὶ
3360 1038 3675 1111 ἀποστάτην
3695 1079 3710 1101 ,
3745 1043 3836 1095 καὶ

2256 1129 2446 1191 ἄθεον,
2481 1126 2575 1180 καὶ
2616 1126 2683 1179 τὰ
2715 1127 2876 1196 ὃμοια
2915 1125 3116 1180 καλῶν.
3163 1120 3268 1179 Ἦν
3308 1126 3365 1180 δὲ
3418 1128 3446 1180 ό
3485 1130 3669 1201 Μάρις
3706 1132 3839 1201 πρῖις

2254 1221 2333 1292 τῷ
2361 1222 2507 1293 γήρᾳ
2539 1219 2800 1290 ὑπόχυσιν
2836 1217 3129 1290 ὀφθαλμῶν
3156 1218 3473 1290 ὑπομείνας.
3527 1222 3586 1273 '0
3608 1220 3666 1273 δὲ
3712 1224 3839 1275 Ίου-

2256 1313 2435 1375 λιανδς
2462 1312 2559 1374 τὰς
2586 1309 2800 1374 δικαίας
2830 1310 3016 1382 θϐρεις
3041 1310 3237 1374 ἀδίκως
3263 1310 3551 1382 ἠμείϐετο,
3591 1329 3836 1384 σπερμο-

2256 1402 2410 1472 λόγον
2442 1404 2535 1456 καὶ
2565 1402 2763 1471 τυφλὸν
2805 1402 3070 1467 καλέσας,
3097 1402 3155 1456 δν
3180 1403 3299 1455 οὐδὲ
3333 1406 3361 1456 ό
3392 1403 3503 1456 τῶν
3538 1405 3837 1459 Γαλιλαίων

2256 1497 2388 1559 Θεὸς
2430 1496 2805 1566 θεραπεύσειε.
2870 1496 2926 1550 '0
2970 1497 3064 1559 δὲ,
3122 1495 3309 1568 ῶσπερ
3356 1496 3558 1569 οἴστρῳ
3578 1498 3688 1551 τινὶ
3717 1501 3837 1551 ἐπι-

2256 1588 2512 1658 ληφθεὶς,
2545 1588 2639 1641 καὶ
2684 1589 3150 1660 παρῤησιέστερον
3190 1588 3267 1659 τῷ
3298 1588 3506 1658 βασιλεῖ
3542 1591 3838 1662 ἀποκρινό-

2260 1699 2438 1751 μενος,
2490 1681 2831 1753 Εύχαριστῶ,
2880 1682 3033 1752 φησὶ,
3081 1680 3158 1752 τῷ
3201 1682 3350 1752 Θεῷ,
3382 1682 3462 1753 τῷ
3494 1682 3843 1752 τυφλώσαντί

2262 1790 2327 1843 με
2361 1772 2671 1836 λυσιτελῶς,
2707 1773 2795 1827 ἵνα
2826 1773 2899 1844 μὴ
2931 1773 3023 1825 ἴδω
3055 1773 3115 1825 τὸ
3139 1773 3354 1836 ἀναιδὲς
3382 1774 3679 1843 πρόσωπόν
3723 1794 3837 1843 σου,

2256 1865 2319 1917 τὸ
2363 1864 2535 1927 οὕτως
2580 1864 2787 1935 ἰταμῶς
2822 1865 2959 1936 πρὸς
3000 1865 3096 1935 τὴν
3148 1864 3402 1918 ἀσέϐειαν
3456 1867 3839 1933 ἐκπεπτωκός.

2273 1957 2402 2009 Ἀπὸ
2427 1956 2631 2028 ταύτης
2665 1958 2778 2028 τῆς
2825 1957 3138 2029 παρρησίας
3180 1957 3490 2028 κινούμενοι
3533 1959 3841 2025 Ἰοϐινιανδς

2260 2049 2354 2103 καὶ
2382 2047 2820 2113 Ούαλεντινιανδς
2864 2048 3124 2111 λύσαντες
3158 2048 3260 2114 τὰς
3294 2048 3503 2120 ζώνας,
3552 2052 3844 2125 προσέῤῥιο

2258 2142 2366 2211 ψαν
2388 2141 2465 2211 τῷ
2509 2143 2774 2214 τυράννῳ.
2814 2143 3030 2214 Ἡμεῖς,
3061 2142 3256 2211 φασὶν,
3289 2143 3498 2215 ἕτοιμοί
3535 2146 3710 2216 ἐσμεν
3757 2146 3845 2200 διὰ

587 2244 643 2287 et
668 2236 758 2304 qui
789 2250 906 2288 cum
938 2251 1003 2291 eo
1035 2235 1361 2303 sentiebant,
1392 2236 1651 2292 adversus
1681 2240 1819 2308 piam
1848 2240 2155 2311 religionem

2260 2232 2487 2304 Χριστὸν
2512 2232 2607 2285 καὶ
2636 2232 2733 2303 τὴν
2758 2232 2902 2304 ζωὴν
2942 2232 3293 2304 παραδοῦναι.
3331 2234 3390 2287 'O
3416 2234 3548 2303 γοῦν
3586 2235 3843 2305 βασιλεὺς

589 2335 699 2379 tum
733 2326 1137 2396 conspirabant,
1205 2336 1260 2382 et
1305 2329 1579 2397 sapientes
1629 2332 1847 2401 quidam
1897 2333 1986 2402 qni
2036 2348 2155 2387 cum

589 2418 683 2474 illo
714 2420 1095 2485 versabantur,
1122 2435 1343 2491 magos,
1397 2423 1688 2490 veneﬁcos,
1733 2433 1789 2479 et
1831 2426 2159 2483 divinatores

591 2521 933 2582 coegerunt,
995 2520 1362 2584 rogaruntque
1411 2517 1735 2569 sententiam
1766 2554 1783 2579 ,
1846 2531 1953 2585 quo
2003 2529 2158 2588 pacto

586 2605 928 2660 Christianos
958 2607 1024 2683 de
1068 2609 1244 2663 medio
1280 2608 1551 2662 tollerent.
1609 2607 1860 2664 Omnium
1897 2626 2000 2664 una
2034 2626 2152 2665 sen-

589 2696 758 2750 tentia
822 2695 922 2751 fuit
986 2708 1046 2754 ut
1120 2700 1452 2755 Athanasius
1521 2702 1875 2756 occideretur.
1938 2702 2159 2758 Sublato

589 2803 820 2857 namque
855 2787 1204 2848 fundamento
1244 2791 1401 2846 facile
1429 2792 1543 2846 fore
1584 2794 1822 2863 reliquas
1865 2794 1983 2848 ﬁdei
2036 2808 2159 2863 par-

590 2890 669 2935 tes
716 2882 1031 2938 dissolvere.
1068 2883 1300 2940 Rursum
1335 2886 1517 2954 itaque
1560 2885 1783 2957 judicia,
1833 2902 2044 2941 rursum
2072 2887 2159 2956 ju-

588 2972 738 3027 dices
759 2973 849 3042 qui
880 2975 1323 3041 condemnarent,
1360 2992 1575 3031 rursum
1613 2977 1811 3032 missus
1834 2976 2106 3033 exercitus
2140 2996 2152 3030 :

588 3065 834 3119 turbatur
866 3067 1093 3136 populus
1114 3107 1130 3133 ,
1159 3068 1487 3122 Alexandria
1519 3070 1955 3136 circumsidetur,
1983 3071 2156 3125 eccle-

585 3153 665 3206 sia
724 3154 1084 3223 deprzedatur,
1124 3158 1427 3213 Athanasio
1484 3160 1551 3214 ad
1611 3175 1795 3215 necem
1836 3161 2155 3231 perquisito.

587 3244 694 3300 Sed
720 3260 842 3300 cum
876 3247 1037 3302 etiam
1078 3258 1204 3304 tunc
1260 3251 1349 3307 ille
1382 3268 1478 3321 per
1522 3253 1754 3307 medium
1786 3252 1997 3306 illorum
2027 3266 2157 3306 eva-

586 3336 760 3401 deret,
785 3337 961 3393 nullus
1001 3355 1122 3394 eum
1146 3346 1396 3413 cognovit
1429 3361 1442 3396 :
1478 3341 1584 3396 imo
1620 3342 1707 3410 Qui
1734 3341 1985 3395 videbant
2013 3342 2160 3411 igno-

587 3431 780 3481 rabant
818 3443 938 3483 eum
957 3443 1100 3493 esse,
1124 3430 1278 3499 cujus
1308 3447 1469 3486 causa
1510 3432 1815 3495 ecclesiam,
1853 3432 1940 3486 hei
1991 3433 2155 3486 mihi!

591 3526 740 3571 tanta
766 3519 995 3573 militum
1044 3536 1236 3575 manus
1279 3521 1586 3587 obsederat,
1622 3522 1771 3591 cujus
1815 3523 1941 3576 item
1995 3537 2157 3577 causa

588 3607 705 3661 vias
734 3622 923 3664 omnes
952 3611 1122 3664 armis
1164 3610 1606 3667 intercluserant.
1645 3612 1735 3667 Sic
1764 3613 1944 3682 igitur,
1976 3627 2162 3681 super-

590 3714 659 3752 na
686 3700 927 3755 munitus
952 3714 1114 3755 manu
1136 3700 1487 3769 Athanasius,
1530 3703 1869 3758 inimicorum
1920 3704 2164 3761 manibus

587 3788 826 3858 elapsus,
856 3791 943 3845 vix
968 3790 1074 3845 ullo
1111 3792 1453 3861 prohibente,
1486 3795 1631 3847 omni
1660 3809 1781 3848 cum
1820 3794 2007 3849 ﬁducia
2028 3834 2043 3859 ,
2074 3811 2161 3851 se-

589 3881 756 3934 cessit
781 3881 935 3936 urbe.
977 3880 1128 3937 Tunc
1171 3883 1365 3936 iterum
1394 3881 1549 3938 ﬁctus
1578 3886 1911 3955 gemitusque
1932 3902 2162 3956 occupa-

590 3969 1093 4026 vitAlexandriam.
1140 3971 1235 4027 Ille
1286 3982 1448 4028 noctu
1493 3973 1559 4027 ad
1614 3972 1793 4029 Nilum
1828 3990 2157 4044 progressus,

592 4076 885 4117 conscensa
914 4063 1161 4118 navicula
1185 4104 1199 4129 ,
1230 4063 1284 4117 in
1336 4064 1665 4120 Thebaidem
1701 4082 1911 4121 rursum
1937 4071 2162 4124 adverso

592 4152 816 4210 ﬁumine
842 4157 1195 4213 concedebat.
1239 4158 1475 4215 Instabat
1504 4168 1683 4214 autem
1723 4160 1935 4230 quidam
1959 4177 1989 4215 a
2016 4171 2162 4231 tergo

594 4255 863 4316 sattapes,
891 4263 918 4302 a
965 4258 1196 4319 tyranno
1231 4252 1415 4319 jussus
1467 4266 1589 4306 eum
1638 4268 1832 4307 necare
1858 4254 2161 4324 ubicunque

592 4338 742 4392 lllum
777 4341 1279 4410 comprehenderet.
1321 4343 1453 4399 Cum
1485 4357 1663 4400 autem
1716 4356 1990 4402 vectorum
2042 4350 2162 4417 qui-

594 4431 721 4484 dam
757 4431 845 4499 qui
872 4446 991 4487 cum
1017 4432 1317 4489 Athanasio
1345 4444 1483 4502 erat,
1511 4438 1693 4505 procul
1740 4437 2003 4505 novisset,
2031 4455 2162 4495 con-

591 4524 962 4591 spexissetque
1008 4524 1377 4595 insequentem
1404 4568 1420 4591 ,
1480 4530 1711 4599 remiges
1753 4532 1997 4599 urgebat.
2025 4533 2158 4585 'l'unt

588 4615 920 4670 Athanasius
949 4616 1037 4670 ubi
1070 4620 1286 4685 paulum
1344 4619 1695 4683 substitisset,
1753 4636 1933 4675 secum
1993 4624 2162 4679 oculis

590 4706 819 4763 interius
872 4710 1125 4780 quiddam
1180 4713 1539 4782 prospiciens,
1593 4714 1669 4767 uti
1726 4714 1950 4778 solebat,
2009 4715 2161 4781 jubet

593 4801 826 4870 remiges
854 4817 1073 4858 cursum
1100 4818 1330 4871 vertere,
1359 4816 1413 4861 et
1470 4808 1866 4877 navigationem
1920 4808 2157 4863 Alexan.

594 4889 765 4943 driam
789 4907 977 4948 versus
1016 4896 1268 4965 dirigere.
1294 4896 1403 4951 Illis
1432 4900 1780 4966 perturbatis,
1819 4907 1877 4953 ut
1905 4915 2001 4969 par
2020 4911 2156 4963 erat,

593 4984 886 5054 veritisque
944 5002 1011 5042 ne
1068 4989 1367 5043 inciderent
1408 4990 1459 5042 in
1491 5000 1799 5059 satrapam,
1828 4993 2157 5048 Athanasius

588 5074 1049 5143 jubetconﬁdere,
1085 5090 1141 5134 et
1178 5080 1417 5134 divinum
1457 5082 1507 5134 id
1546 5097 1679 5149 opus
1710 5098 1828 5137 esse
1883 5084 2154 5153 inquiens,

518 5239 521 5242 ν
594 5169 886 5237 persuasit.
925 5169 1060 5223 Tum
1108 5186 1367 5225 conversa
1430 5188 1606 5241 prora,
1655 5184 1710 5227 et
1754 5188 1888 5228 nave
1935 5176 2154 5227 adversa

515 5262 523 5273 ⁸
596 5261 793 5329 fronte,
823 5270 969 5316 recta
1001 5262 1381 5317 Alexandriam
1434 5266 1778 5335 navigarunt,
1832 5280 2157 5334 persequen-

595 5365 677 5410 tes
705 5370 819 5421 eos,
844 5370 931 5410 res
954 5356 1121 5410 mira!
1173 5358 1261 5425 qui
1295 5361 1773 5427 persequebantur.
1815 5357 1945 5411 Cum
1976 5367 2154 5412 autem

591 5448 699 5517 jam
722 5463 888 5518 prope
917 5458 1185 5515 satrapam
1226 5451 1604 5516 accessissent,
1632 5448 1846 5505 barbari
1872 5448 2026 5515 quasi
2062 5464 2157 5502 ca-

593 5537 757 5605 ligine
784 5539 1014 5608 quadam
1044 5554 1229 5593 eorum
1260 5540 1432 5594 oculis
1465 5540 1657 5603 oﬁ'usa,
1698 5553 1762 5593 ac
1812 5537 1857 5591 si
1889 5538 2018 5592 nihil
2061 5552 2157 5593 eo-

596 5644 715 5682 rum
745 5644 864 5698 quze
893 5630 991 5684 sub
1031 5630 1198 5686 oculis
1231 5641 1389 5685 erant
1411 5632 1674 5685 vidissent
1696 5668 1713 5696 ,
1742 5630 2161 5700 praeternaviga-

597 5721 748 5774 bant.
801 5723 1159 5778 Percontatur
1206 5725 1570 5787 Athanasius,
1615 5731 1674 5776 ut
1723 5722 1850 5777 olim
1897 5721 2157 5787 Elisazus,

602 5824 764 5880 quem
815 5812 1090 5881 inquirant
1132 5832 1148 5868 τ
1193 5816 1564 5879 Athanasium,
1599 5814 1918 5884 respondent
1952 5832 1968 5881 ;

601 5900 724 5955 ille:
753 5900 974 5957 Paulum
996 5921 1090 5959 vos
1110 5906 1383 5974 praecedit,
1408 5908 1558 5975 quasi
1584 5905 1880 5975 navigando
1900 5907 2156 5976 quosdam

601 6007 663 6050 se
692 5993 1033 6067 insequentes
1058 5996 1242 6068 fugiat.
1272 5998 1348 6054 lta
1379 6002 1581 6072 decepti
1630 6001 1702 6055 illi
1741 6001 1934 6057 animis
1991 6018 2158 6059 crete-

2259 2324 2353 2378 καὶ
2381 2326 2430 2376 oi
2456 2324 2753 2395 ὁμόφρονες
2794 2324 2959 2378 αὐτοῦ
3005 2325 3342 2379 συνετίθεντο
3382 2328 3514 2399 περὶ
3562 2330 3664 2401 τῆς
3691 2332 3846 2383 εὐσε-

2258 2416 2440 2480 ϐείαςο
2475 2416 2569 2469 καὶ
2597 2416 2704 2469 τῶν
2739 2417 2916 2487 σοφῶν
2946 2434 3092 2481 τινες
3136 2419 3254 2471 τότε
3308 2421 3417 2473 σὺν
3443 2420 3597 2491 αύτῷ
3637 2421 3845 2491 μάγους

2259 2510 2354 2563 καὶ
2383 2508 2705 2579 φαρμάκους
2743 2508 2838 2562 καὶ
2873 2509 3094 2579 μάντεις
3130 2510 3363 2580 συνῆγον
3386 2551 3399 2575 ,
3432 2513 3529 2565 καὶ
3576 2513 3697 2577 πῶς
3721 2515 3847 2577 τοὺς

2258 2600 2615 2671 Χριστιανοὺς
2661 2598 2983 2671 περιέλωσιν
3028 2597 3253 2671 γνώμην
3296 2600 3424 2669 παρ’
3482 2601 3665 2654 αὐτῶν
3715 2603 3848 2674 ᾔτη-

2261 2710 2378 2749 σαν.
2422 2691 2622 2744 Ἐδόκει
2648 2691 2703 2744 δὲ
2735 2692 2867 2744 πᾶσι
2893 2690 3156 2763 τούτοιςὴ
3194 2691 3286 2745 τού
3332 2692 3660 2747 Ἀθανασίου
3690 2696 3846 2748 ἀναί-

2263 2803 2427 2857 ρεσις.
2457 2783 2563 2837 Τοῦ
2597 2782 2704 2855 γὰρ
2731 2782 2978 2854 θεμελίου
3013 2784 3431 2855 ἀφαιρεθέντος,
3469 2788 3674 2858 ῥᾳδίως
3707 2783 3846 2842 εἶναι

2259 2876 2354 2930 καὶ
2393 2874 2463 2929 τὰ
2492 2875 2658 2929 λοιπά
2711 2874 2848 2947 μέρη
2884 2875 2985 2944 τῆς
3026 2875 3259 2939 πίστεως
3311 2878 3623 2931 καταλύειν.
3675 2879 3847 2933 Πάλιν

2261 2968 2360 3039 μὲν
2382 2963 2473 3021 οὖν
2495 2970 2751 3040 κριτήρια
2771 3008 2785 3032 ,
2821 2969 2914 3021 καὶ
2945 2968 3193 3021 δικασταὶ
3232 2968 3692 3035 καταδικάζοντες
3710 3012 3725 3035 ,
3754 2973 3847 3026 καὶ

2260 3059 2487 3130 στρατὸς
2515 3059 2978 3131 ἀποπεμπόμενος
2997 3077 3010 3090 ·
3044 3061 3137 3112 καὶ
3164 3060 3192 3110 ὁ
3218 3060 3315 3130 μὲν
3335 3059 3461 3126 λαὸς
3488 3063 3843 3133 ταράττεται,

2258 3153 2291 3221 ἡ
2344 3151 2400 3203 δέ
2455 3148 2825 3221 ’Λλεξάνδρεια
2905 3150 3253 3222 περιέχεται,
3332 3152 3426 3204 καὶ
3483 3154 3517 3224 ή
3579 3154 3847 3225 ἐκκλησία

2259 3242 2521 3314 ληῖζεται,
2548 3242 2641 3297 τοῦ
2688 3244 3003 3297 Ἀθανασίου
3032 3244 3167 3315 πρὸς
3209 3244 3437 3300 θάνατον
3481 3245 3845 3319 ζητουμένου.

2272 3333 2428 3387 Ἀλλὰ
2458 3332 2647 3386 τούτου
2691 3334 2789 3404 μὲν
2830 3334 2923 3388 καὶ
2960 3332 3055 3387 νῦν
3082 3334 3168 3387 διὰ
3196 3335 3376 3405 μέσων
3420 3338 3601 3390 αὐτῶν
3653 3338 3841 3393 ἐκϐάν-

2258 3443 2368 3489 τος,
2426 3426 2639 3489 οὐδενὸς
2686 3426 2741 3479 δὲ
2786 3425 2946 3479 αὐτὸν
3000 3427 3487 3495 ἐπιγινώσκοντος·
3555 3430 3694 3484 ἀλλά
3752 3433 3847 3485 καὶ

2263 3515 2460 3579 ἰδόντες
2491 3517 2719 3586 ἠγνόουν
2755 3515 2915 3570 αὐτὸν
2949 3511 3091 3569 εἶναι
3116 3556 3130 3581 ,
3178 3513 3239 3571 οὗ
3268 3518 3454 3573 ἕνεκεν
3496 3521 3599 3593 τὴν
3648 3524 3834 3595 ἐκκλησ

2267 3607 2416 3670 σίαν,
2455 3608 2634 3679 οῖμοιί
2681 3608 2924 3680 τοσαύτη
2970 3610 3090 3681 χεὶρ
3136 3610 3620 3682 περιεκύκλωσαν,
3656 3616 3754 3669 καὶ
3782 3616 3833 3670 δι

2262 3699 2321 3753 δν
2355 3700 2533 3765 πάσας
2558 3701 2657 3765 τὰς
2693 3701 2906 3768 ἐξόδους
2938 3702 3122 3766 ὅπλοις
3152 3701 3477 3758 συνέκλειον.
3512 3704 3704 3770 Οὕτως
3729 3703 3848 3771 οὖν,

2262 3791 2411 3862 παρὰ
2440 3793 2539 3863 τῆς
2560 3792 2763 3846 ἄνωθεν
2785 3792 2964 3863 χειρὸς
2990 3792 3637 3863 ὀχυρωθεὶςἈθανάσιος,
3672 3799 3852 3869 ἀκρά-

2260 3903 2422 3957 τητος
2449 3881 2517 3956 ἦν
2543 3886 2664 3948 ταῖς
2685 3885 2794 3938 τῶν
2826 3883 3036 3956 ἐχθρῶν
3064 3887 3247 3957 χερσὶ,
3290 3888 3383 3940 καὶ
3414 3888 3602 3958 σχεδὸν
3631 3891 3853 3955 οὐδενὸς

2260 3976 2560 4039 κωλύοντος
2595 3976 2773 4029 πάντα
2809 3975 3083 4046 θαρσήσας
3107 4016 3121 4041 ,
3152 3977 3251 4047 τῆς
3301 3977 3509 4041 πόλεως
3552 3979 3848 4053 ἀνεχώρει.

2258 4070 2393 4122 Τότε
2421 4068 2580 4122 πάλιν
2608 4068 2880 4139 κλαυθμὸς
2904 4068 2999 4122 καὶ
3035 4069 3245 4141 οἰμωγὴ
3294 4070 3396 4141 τὴν
3448 4071 3852 4145 Ἀλεξανδρέων

2260 4162 2575 4217 κατέλαϐεν.
2622 4163 2856 4225 Ἐκεῖνος
2904 4161 2959 4216 δὲ
2980 4203 2995 4227 ,
3036 4162 3250 4234 νύκτωρ
3285 4162 3362 4234 τῷ
3394 4163 3575 4234 Νείλῳ
3604 4183 3850 4239 προσερ-

2259 4255 2507 4327 χόμενος,
2541 4254 2733 4316 ἐπιϐὰς
2777 4253 2998 4316 ὁλκάδος
3045 4256 3126 4317 είς
3164 4254 3404 4325 Θηϐαΐδα
3458 4254 3623 4309 πάλιν
3656 4260 3851 4328 ἐπιφό-

2266 4364 2371 4418 ρως
2395 4347 2642 4417 ἀνήγετο.
2705 4345 2994 4411 Ἢπείγετα
3036 4345 3092 4399 δέ
3137 4363 3220 4410 τις
3262 4346 3487 4401 ὄπισθεν
3538 4348 3707 4402 αὐτοῦ
3749 4352 3850 4404 καίΙ

2262 4440 2549 4511 σατράπης
2576 4437 2803 4503 ἀνελεῖν,
2837 4440 2970 4493 ὅπου
3018 4440 3112 4493 καὶ⁸
3162 4440 3458 4494 καταλάϐοι
3502 4442 3695 4496 τοῦτον
3735 4445 3849 4498 ἀπὸ

2259 4531 2352 4584 τοῦ
2376 4532 2638 4603 τυράννου
2664 4532 3155 4603 προστεταγμένος.
3175 4533 3328 4586 Ἐπεὶ
3348 4533 3404 4586 δέ
3431 4551 3519 4596 τις
3538 4535 3649 4587 τῶν
3690 4536 3851 4591 Ἀθα-

2263 4622 2432 4693 νασίῳ
2476 4620 2857 4692 συμπλεόντων
2897 4621 3035 4691 ἔγνω
3079 4621 3390 4693 πόρρωθεν,
3434 4622 3560 4675 ἰδὼν
3590 4623 3682 4677 τὸν
3721 4624 3851 4676 διώ-

2261 4729 2443 4772 κοντα,
2468 4711 2562 4764 καὶ
2592 4711 2718 4773 τοὺς
2748 4710 3065 4782 ἐρέττοντας
3087 4711 3387 4781 ἐπετάχυνε
3408 4729 3421 4743 ·
3455 4713 3653 4785 μικρὸν
3689 4713 3849 4767 Ἀθα-

2261 4809 2442 4870 νάσιος
2465 4804 2726 4876 ἐπισχὼν,
2757 4804 2847 4857 καί
2876 4822 2928 4857 τι
2961 4805 3368 4875 κεκρυμμένον,
3395 4806 3470 4869 ώς
3505 4805 3654 4860 ἔοικε
3674 4846 3687 4870 ,
3731 4811 3850 4871 τοῖς

2192 4940 2233 4992 D
2262 4902 2413 4967 ἐντὸς
2447 4902 2567 4954 ἰδὼν
2590 4899 2906 4971 ὀφθαλμοῖς,
2941 4900 3297 4972 ἀναστρέφειν
3326 4900 3543 4953 ἐκέλευε
3577 4904 3696 4966 τοῖς
3724 4903 3849 4974 ἐρέ-

2258 5013 2400 5059 ταις,
2428 4994 2637 5048 καὶτὸν
2683 4993 2848 5046 πλοῦν
2893 4989 3049 5057 αὖθις
3088 4992 3352 5046 ποιεῖσθαι
3400 4993 3538 5064 πρὸς
3587 4993 3846 5058 Ἀλεξάν-

2257 5081 2458 5151 δρειαν.
2492 5079 2612 5132 Τῶν
2649 5080 2707 5133 δὲ
2733 5080 3167 5151 θορυϐηθέντων,
3195 5075 3281 5132 οἷα
3324 5081 3499 5146 εἰκὸς,
3544 5082 3642 5134 καὶ
3694 5084 3847 5146 ὅπως

2264 5172 2337 5241 μὴ
2366 5171 2441 5240 τῷ
2471 5172 2724 5243 σατράπῃ
2756 5172 3094 5240 περιπέσωσι
3135 5170 3381 5224 δεδιότων
3402 5212 3417 5236 ,
3457 5172 3631 5227 πολλά
3662 5192 3847 5245 παραυ

2261 5262 2532 5334 θαρρύνας
2548 5265 2771 5327 ἐκεῖνος,
2804 5263 2898 5317 καὶ
2924 5262 3065 5317 θεῖόν
3089 5280 3143 5316 τι
3171 5263 3231 5316 τὸ
3262 5263 3637 5335 πραττόμενον
3670 5264 3845 5319 εἰπὼν

2262 5356 2494 5410 ἔπεισεν.
2519 5352 2651 5409 Εἶτα
2673 5356 3068 5427 συστρέψαντες
3086 5356 3184 5428 τὴν
3199 5357 3445 5427 κεραίαν,
3463 5358 3559 5411 καὶ
3582 5359 3686 5430 τὴν
3708 5358 3845 5412 ναῦν

2260 5448 2342 5510 είς
2392 5447 2460 5500 τὰ
2507 5448 2695 5519 πρόσω
2743 5447 3243 5518 ἀνακρουσάμενοι,
3285 5447 3475 5501 ἔπλεον
3522 5448 3691 5514 εὐθὺς
3737 5450 3843 5520 τῆς

2272 5538 2664 5610 Ἀλεξανδρέων
2685 5579 2700 5602 ,
2764 5536 3188 5609 μεταδιώκοντες
3225 5539 3351 5602 τοὺς
3389 5537 3722 5607 διώκοντας,
3777 5542 3844 5595 τὸ

2258 5630 2589 5684 καινότατον.
2638 5630 2725 5693 Ὠς
2762 5629 2819 5682 δὲ
2866 5628 3090 5700 πλησίον
3135 5630 3234 5701 ἤδη
3284 5630 3380 5684 καὶ
3427 5630 3581 5703 παρά
3620 5631 3717 5686 τὸν
3743 5649 3843 5687 σα-

2253 5722 2469 5794 τράπην
2499 5724 2758 5791 ἐγίνοντο,
2795 5724 2842 5777 οἱ
2877 5722 3138 5795 βάρϐαροι
3170 5724 3268 5794 μὲν
3313 5722 3501 5796 ὥσπερ
3545 5725 3699 5789 τινὸς
3739 5727 3841 5780 αὖ·

2047 5825 2157 5870 ιιιιη
2251 5815 2359 5868 τῶν
2384 5815 2579 5886 ἀχλύος
2605 5814 2956 5887 ἐπιχυθείσης
2994 5819 3106 5879 τοῖς
3141 5815 3458 5887 ὀφθαλμοῖς,
3494 5810 3584 5869 οἶα
3625 5816 3841 5888 μηδένα

2262 5908 2366 5961 τῶν
2387 5908 2675 5978 ὁρωμένων
2695 5907 2947 5980 ὁρῶντες,
2967 5908 3612 5980 παρέπλεον,Ἀθανάσιος
3627 5907 3689 5961 δὲ
3709 5906 3841 5961 τίνα

2264 6001 2493 6073 ζητοῖεν,
2534 6001 2782 6074 καθάπερ
2808 6003 2901 6057 ἐπὶ
2944 6002 3277 6071 Ἐλισσαίου,
3325 6004 3669 6061 πυνθάνεται.
3705 6002 3836 6058 Τῶν
