3990 6522
1100 242 1257 297 VITA
1301 244 1358 299 S.
1400 245 1773 305 ATHANASII
1812 251 2116 309 INCERTO
2156 252 2505 310 AUCTORE.

172 352 209 407 δὲ
235 346 538 403 ’Δθανάσιον
568 350 1098 426 ἀποκριναμένων.
1117 359 1303 430 Μικρά
1325 361 1554 431 προάγει
1571 363 1745 431 ὑμῶν,
1779 373 1820 426 Α

174 445 257 513 ἔφη,
287 440 417 494 κατὰ
464 440 569 493 τὸν
622 444 847 511 πλοῦν,
898 448 1060 501 οἱονεί
1087 466 1235 512 τινας
1282 450 1443 503 αὐτὸν
1462 451 1753 516 διώκοντας

175 535 397 606 φεύγοντα.
436 533 654 598 Οὕτως
690 537 1093 609 ἀπατηθέντες
1115 543 1164 593 οί
1187 541 1286 605 τὰς
1316 543 1515 614 φρένας
1541 546 1751 613 τυφλοὶ,

177 626 463 699 μετεδίωκον,
492 625 561 677 ὃν
594 628 663 679 ὲν
702 631 922 700 χερσὶν
956 633 1166 703 ἔχοντες
1202 634 1302 686 οὐκ
1342 634 1652 704 ᾐσθάνοντο.
1698 638 1755 690 '0

175 721 227 783 δὲ,
255 718 298 770 τὸ
313 717 476 786 τάχος
504 720 599 782 εἰς
648 721 1093 795 Ἀλεξάνδρειαν
1120 725 1410 795 καταχθεὶς
1429 766 1444 789 ,
1488 729 1553 797 τῇ
1604 728 1755 781 πόλει

176 830 215 865 τε
238 811 402 881 ἁθρόον
434 810 615 881 ὲπιδη
628 815 859 884 μήσας,
886 817 1082 887 ἡδονῆς
1109 819 1239 887 ὅσης
1273 818 1441 889 αὐτὴν
1480 819 1755 889 ἐμπίπλη-

178 924 227 960 α.
255 904 492 958 Τοιοῦτον
525 906 653 973 γὰρ
719 910 1051 983 ποθουμένη
1088 912 1207 986 ὄψις
1246 913 1523 985 ἀδοκήτως
1559 915 1756 985 ἐπιφα-

177 1001 297 1051 νεῖσα,
327 998 576 1049 Ἔπειτα
604 1000 841 1070 ἡσυχίᾳ
905 1002 1029 1065 δοὺς
1053 1002 1261 1066 ἑαυτὸν,
1283 1004 1404 1066 ὅσος
1440 1004 1566 1074 ἑξῆς
1602 1007 1629 1057 ὁ
1658 1024 1754 1076 με·

173 1090 263 1154 ταξῂ
284 1088 467 1159 χρόνος
493 1088 607 1157 τῆς
659 1089 979 1144 Ἰουλιανοῦ
1014 1091 1283 1161 βασιλείας
1307 1093 1624 1165 ἐκρύπτετο.

216 1224 286 1277 27.
319 1222 569 1277 Μετάδὲ
619 1223 820 1277 ταῦτα
877 1226 1164 1290 Ἰουλιανὸς
1206 1228 1341 1297 μὲν,
1386 1227 1749 1297 ὀνομαστόταο

168 1332 232 1371 τος
255 1312 345 1366 τῶν
384 1313 501 1385 πρὸ
530 1313 720 1366 αὐτοῦ
777 1316 1082 1386 γενόμενος
1111 1319 1189 1381 εἰς
1220 1318 1472 1372 ἀσέϐειαν
1492 1359 1505 1382 ,
1544 1320 1637 1371 καὶ
1665 1337 1754 1389 μισ

168 1407 289 1477 χροὸς
311 1405 518 1458 κακίαν
551 1406 791 1470 πάντας
820 1409 1025 1472 αὐτοὺς
1054 1410 1342 1473 ἀποδείξας
1365 1449 1381 1477 ,
1424 1412 1561 1481 μετά
1594 1411 1751 1483 μυρί-

162 1517 230 1562 ους
246 1500 355 1561 τοὺς
392 1498 549 1551 κατά
607 1498 733 1551 τῶν
787 1499 1039 1553 εὐσεϐῶν
1078 1501 1344 1572 πολέμους
1383 1503 1621 1575 εὑρίσκει
1656 1504 1749 1556 καί⁵

160 1592 276 1654 τέλος
317 1589 426 1641 τῶν
483 1590 774 1661 πονηρῶν
812 1591 1302 1663 ἐπιτηδευμάτων,
1356 1594 1598 1666 ἀκριϐῶς
1648 1594 1747 1665 μὲν

156 1686 230 1735 οὐκ
250 1682 408 1747 ἄξιον,
439 1681 524 1746 ὡς
552 1686 684 1746 τοῖς
721 1684 948 1736 ἐκεῖθεν
987 1685 1383 1757 δικαιωτηρίοις
1423 1687 1746 1758 ταμιευόμε-

155 1794 235 1837 νος,
264 1774 396 1845 πλὴν
427 1775 565 1828 οὐδὲ
601 1777 690 1839 εἰς
724 1775 883 1830 ἆπαν
916 1776 1099 1847 τρίϐον
1132 1777 1470 1849 ἁμαρτωλῶν
1506 1779 1747 1834 δεικνῦον

154 1870 508 1941 εὖθσνομένην.
543 1870 862 1941 Γοητείαις
903 1870 1011 1941 γάρ
1038 1888 1146 1924 τισι
1176 1872 1269 1925 καὶ
1309 1874 1612 1944 τερατείαις
1654 1875 1748 1929 καὶ

152 1962 306 2031 μάγων
332 1962 567 2030 τέχναις
610 1962 826 2013 ἑαυτὸν
858 1962 1175 2032 ἐπιτρέψας,
1226 1964 1320 2016 καὶ
1360 1964 1458 2034 τὴν
1499 1965 1748 2031 Ἀλεξάν-

146 2049 244 2119 δρου
267 2048 591 2119 κτήσασθαι
648 2049 991 2103 δυναστείαν
1030 2052 1359 2121 ἀπατηθεὶς,
1408 2048 1518 2106 οἷον
1556 2055 1747 2127 ἐκείνῳ

144 2138 325 2213 τὸῆθος
356 2142 449 2193 ἀεὶ
484 2140 672 2209 δόξης
699 2140 877 2211 ἔρωτι
908 2140 1148 2211 σφοδρῶς
1178 2143 1540 2212 κατεχόμενον
1562 2184 1576 2207 ,
1617 2146 1744 2197 ἑαυ-

144 2234 216 2286 τὸν
240 2234 291 2287 δὲ
319 2229 464 2286 εἶναι
497 2233 732 2302 μᾶλλον
776 2236 839 2286 ἐν
890 2234 1061 2304 ἑτέρῳ
1104 2234 1314 2305 σώματι
1346 2237 1436 2289 τὸν
1466 2237 1747 2292 Μακεδόνα

146 2326 411 2389 πιστεύσας
431 2366 446 2390 ,
475 2327 586 2379 καὶ
621 2326 888 2397 Πέρσαις
930 2328 1355 2399 ἐπιστρατεύσας
1374 2368 1387 2391 ,
1422 2329 1657 2400 ἀνθήσας
1687 2349 1743 2384 τε

145 2422 238 2483 sui;
262 2419 518 2490 πρώταις
570 2419 851 2482 ἐλπίσιν,
888 2420 1049 2489 ἡνίκα
1087 2438 1139 2472 τι
1185 2420 1327 2490 μέγα
1367 2422 1460 2474 καὶ
1497 2421 1745 2494 λαμπρὸν

146 2512 411 2583 κατορθοῦν
452 2510 731 2581 ἐνόμιζε,
762 2512 895 2564 τότε
925 2512 1018 2565 καὶ
1043 2512 1108 2582 ἣν
1139 2508 1280 2582 εἶχεν
1309 2514 1481 2585 ἀρχὴν
1504 2515 1742 2586 αἰσχρῶς

146 2604 373 2667 ἀπέϐαλε,
402 2605 509 2658 καὶ
565 2605 678 2657 σὺν
716 2605 862 2674 αὐτῇ
894 2604 994 2674 τὴν
1038 2604 1203 2675 ζωήν.
1252 2606 1399 2677 Δόλῳ
1450 2607 1557 2678 γάρ
1601 2625 1745 2671 τινος

143 2694 439 2765 αὐτομόλου,
466 2696 547 2748 τά
570 2712 635 2748 τε
664 2694 1010 2766 σιτηγοῦντα
1037 2695 1123 2747 διὰ
1152 2695 1244 2749 τὸν
1285 2697 1527 2767 ποταμὸν
1564 2698 1741 2761 πλοῖα,

145 2787 219 2838 καὶ
243 2788 379 2850 ὅσοις
412 2787 617 2850 ἄλλοις
646 2790 720 2858 τῇ
756 2789 995 2857 στρατιᾷ
1019 2786 1086 2839 τὰ
1116 2787 1282 2842 πολλά
1312 2788 1419 2841 τῶν
1460 2790 1745 2861 ἀναλωμά-

143 2896 231 2930 των
256 2879 675 2951 μετεκομίζετο
696 2920 711 2944 ,
749 2879 954 2932 ἔκδοτα
1099 2880 1324 2950 ποταμῷ
1356 2872 1739 2953 ποιησάμενος,

144 2972 229 3041 γῆς
252 2991 307 3025 τε
341 2975 522 3046 ξηρᾶς
548 2972 765 3037 ἐπιϐὰς
788 2972 888 3025 καὶ
909 2972 1133 3045 ἀνύδρου
1162 2975 1254 3027 καὶ
1281 2974 1739 3046 διακεκαυμένης,

142 3062 264 3133 λιμῷ
292 3082 350 3117 τε
393 3066 497 3118 καὶ
530 3064 693 3133 δίψει
747 3062 955 3125 πιέσας
1001 3064 1126 3127 τοὺς
1172 3066 1260 3118 ὐπ’
1304 3066 1496 3131 αὐτὸν,
1544 3069 1639 3120 καὶ
1684 3068 1742 3121 τὸ
1768 3089 1810 3145 C

144 3155 258 3207 πολὺ
288 3158 476 3228 σχεδὸν
507 3153 904 3218 ἀπολωλεκὼς
942 3156 1036 3208 τοῦ
1074 3154 1478 3227 στρατεύματος
1502 3198 1517 3222 ,
1552 3157 1737 3231 ἐπειδὴ

142 3248 339 3301 πάντων
380 3248 875 3316 ἀγανακτούντων
899 3287 913 3311 ,
951 3248 1044 3300 καὶ
1084 3248 1249 3318 πολλῇ
1290 3248 1609 3321 βλασφημίᾳ
1645 3250 1739 3303 καὶ

142 3339 344 3412 γλώσσῃ
369 3340 615 3413 λοιδόρῳ
649 3341 778 3392 κατ’
809 3337 981 3392 αὐτοῦ
1014 3340 1393 3410 κεχρημένων,
1428 3341 1607 3411 παρῆν
1640 3341 1736 3392 αὐ·-

142 3430 219 3492 τὺς
242 3432 501 3498 ἱππότης.
545 3431 694 3482 Τότε
742 3428 1053 3499 ἀδημονοῢν
1090 3429 1606 3502 παραμυθούμενος,
1643 3430 1741 3485 καὶ

144 3520 194 3572 τὸ
219 3523 423 3592 κάμνον
459 3523 572 3592 τῆς
630 3523 909 3592 στρατιᾶς
955 3520 1334 3590 ἀνακτώμενος
1356 3539 1369 3552 °
1412 3516 1521 3574 οἷόν
1555 3540 1648 3575 σου
1676 3524 1736 3575 τὸ

146 3612 305 3682 ἔργον,
336 3610 380 3667 ὦ
414 3615 589 3684 δίκηί
625 3614 921 3675 ἀκόντιον,
974 3614 1072 3665 οὐκ
1119 3608 1213 3665 οἷδ’
1253 3613 1396 3677 ὅθεν,
1440 3612 1527 3666 διὰ
1568 3614 1733 3684 μέσον

143 3705 330 3778 δεσμὸν
354 3709 454 3761 τοῦ
482 3707 811 3779 βραχίονος,
846 3707 927 3767 είς
956 3704 1053 3775 τὴν
1093 3704 1270 3770 δεξιάν
1310 3707 1516 3759 ἐκείνου
1549 3708 1733 3761 πίπτει

147 3794 392 3866 πλευράν.
445 3797 569 3850 Καὶ
605 3797 636 3847 ό
680 3796 783 3866 μὲν
831 3794 1013 3857 ἄθλιος
1055 3794 1249 3857 ἔκειτο,
1298 3794 1409 3847 εἴτε
1448 3796 1597 3867 παρά
1642 3797 1731 3849 τοῦ

148 3888 429 3958 αὐτομόλου
468 3888 727 3959 βληθεὶς,
780 3888 895 3940 εἴτε
928 3885 1071 3949 τινὸς
1112 3888 1204 3940 καὶ
1247 3887 1355 3940 τῶν
1401 3888 1505 3941 ὑπὸ
1537 3894 1729 3961 χεῖρα’

148 3975 366 4049 ἑκάτερα
389 3980 505 4049 γὰρ
529 3978 668 4048 περ).
703 3974 876 4029 αὐτοῦ
919 3976 1305 4047 παραδέδοταιο
1345 3977 1453 4030 εἴτε
1482 3979 1573 4031 καὶ
1608 3980 1736 4051 θεη-

150 4066 278 4139 itath
320 4070 531 4142 πληγῇ,
585 4070 616 4121 ὃ
660 4069 726 4139 δὴ
776 4068 877 4120 καὶ
917 4068 1112 4137 μᾶλλον
1147 4070 1270 4132 τοὺς
1309 4068 1559 4133 πλείονας
1585 4071 1729 4141 ἔχει’

149 4158 333 4229 ταύτην
360 4161 417 4212 δὲ
450 4162 611 4229 ὅμως
644 4160 743 4211 τοῦ
782 4157 902 4227 βίου
924 4157 1178 4230 τελευτὴν
1210 4160 1345 4229 μετὰ
1370 4162 1610 4214 ἐνιαυτὸν
1636 4162 1730 4215 ’ἐνα

151 4248 236 4317 τῆς
267 4250 552 4319 βασιλείας
600 4251 700 4303 καὶ
749 4250 929 4319 μῆνας
966 4249 1107 4301 ὀκτὼ
1144 4249 1450 4321 δεξάμενος.
1501 4254 1730 4307 Ἔπειτα

342 4341 437 4394 τοῦ
474 4338 723 4410 στρατοῦ
778 4339 983 4401 παντὸς
1040 4340 1290 4400 Ἰοϐιανὸς
1322 4342 1419 4411 τὴν
1456 4341 1728 4411 βασιλείαν

153 4432 473 4485 πιστεύεται,
523 4431 585 4483 '0
617 4431 798 4501 μῆνας
820 4429 961 4482 ἑπτά
982 4430 1172 4498 μόνους
1200 4431 1395 4502 ἄρξας,
1428 4430 1521 4485 τοῦ
1545 4436 1728 4501 ὀγδόου
1763 4447 1804 4500 Ι)

154 4523 427 4593 γενόμενος
485 4523 635 4577 κατά
682 4523 786 4594 τὴν
820 4522 1121 4588 Γαλατίαν,
1169 4521 1321 4592 ἄφνω
1367 4524 1605 4597 τελευτᾷ
1638 4528 1730 4579 τὸν

154 4611 275 4678 βίον.
306 4616 459 4686 ὐπνῳ
488 4618 746 4689 κεράσας
774 4614 1027 4668 θάνατον.
1068 4614 1507 4679 Οὐαλεντινιανὺς
1548 4618 1728 4687 μέντοι

152 4707 281 4771 μετά
310 4710 499 4763 τοῦτον
528 4706 959 4778 ἀναγορεύεται,
984 4704 1041 4768 ὃς
1066 4707 1154 4757 τὸν
1195 4706 1419 4775 ἀδελφὸν
1457 4708 1730 4761 Οὐάλεντα

1777 1726 1819 1781 Β

3295 278 3416 321 CCIX

1852 370 1956 421 cati
1986 369 2254 437 homines,
2300 373 2719 442 insequebantur
2752 391 2873 431 eum
2909 394 3067 448 quem
3095 396 3152 435 se
3208 381 3260 435 in
3304 401 3411 439 ma-

1855 459 2013 513 nibus
2048 460 2247 515 habere
2276 477 2381 515 non
2414 463 2930 522 animadvertebant.
2967 469 3061 523 Ille
3090 486 3218 526 vero
3245 474 3419 528 celer-

1854 548 1989 603 rime
2020 549 2403 607 Alexandriam
2430 554 2657 621 delatus,
2688 559 2975 628 statimque
2994 563 3177 617 urbem
3215 563 3417 634 ingrcs-

1851 652 1964 703 sus,
1991 640 2189 709 ingenti
2230 643 2375 697 illam
2400 644 2673 713 voluptate
2708 647 2935 715 replevit
2966 664 2979 699 :
3012 651 3086 703 uti
3114 652 3250 707 solet
3298 655 3411 710 fieri

1852 744 1973 782 cum
2004 730 2274 799 insperato
2309 736 2638 805 conspicitur
2685 738 2826 807 quod
2882 740 3235 795 desideratur.
3279 744 3413 800 [linc

1851 821 2019 888 quieti
2050 837 2168 876 sese
2203 828 2439 892 tradens,
2473 835 2583 883 toto
2609 828 2925 899 imperantis
2946 830 3143 889 Juliani
3177 846 3413 908 tempore

1853 912 1996 983 degit
2026 915 2299 993 occultus.

1918 1229 2007 1283 27.
2040 1229 2232 1285 Postea
2264 1231 2505 1289 Julianus
2555 1238 2898 1297 decessorum
2930 1243 3171 1299 omnium
3221 1246 3413 1317 impie-

1850 1328 1958 1375 tate
1980 1323 2384 1389 celeberrimus,
2418 1342 2554 1394 quos
2581 1344 2767 1384 omnes
2793 1334 3029 1387 ostendit
3082 1336 3283 1391 malitia
3310 1340 3413 1394 sibi

1848 1411 2004 1481 longe
2035 1412 2321 1469 inferiores
2344 1456 2358 1478 ,
2383 1428 2504 1485 post
2525 1433 2775 1476 sexcenta
2812 1424 3068 1480 adversus
3088 1428 3206 1496 pios
3233 1441 3411 1483 certa-

1847 1503 2015 1567 mina,
2048 1504 2416 1572 improborum
2454 1524 2677 1579 operum
2729 1514 2933 1569 invenit
2966 1517 3149 1581 finem,
3199 1535 3295 1577 nec
3334 1533 3413 1575 ta-

1847 1608 1968 1647 men
1996 1598 2343 1665 condignum,
2368 1604 2519 1669 quasi
2548 1604 2597 1656 in
2625 1604 2717 1658 illo
2770 1606 3019 1661 tribunali
3059 1610 3162 1664 sibi
3194 1610 3327 1665 iram
3358 1624 3413 1668 et

1846 1682 2166 1751 supplicium
2253 1690 2596 1744 reconderet.
2658 1692 2920 1749 Caeterum
2982 1697 3275 1755 declaravit
3325 1703 3414 1758 ille

1850 1783 2189 1842 peccatorum
2218 1779 2358 1831 viam
2394 1795 2498 1834 non
2533 1796 2656 1837 esse
2696 1785 2852 1852 plane
2903 1786 3149 1857 felicem;
3203 1795 3410 1861 praesti-

1849 1862 1950 1931 giis
1972 1865 2135 1926 enim,
2160 1869 2425 1934 portentis
2460 1880 2513 1925 et
2536 1876 2761 1942 magicis
2803 1876 3263 1937 incantationibus
3290 1900 3412 1938 cum

1849 1969 1968 2010 sese
1994 1957 2247 2023 dedisset,
2266 1970 2427 2030 atque
2447 1962 2705 2033 deceptus
2730 1982 2823 2036 spe
2843 1969 2981 2038 ejus,
3014 1973 3154 2040 quod
3180 1974 3413 2030 Alexan-

1848 2046 1930 2101 dri
1974 2046 2163 2103 fuisset
2218 2051 2344 2106 olim
2417 2054 2625 2124 imperii
2671 2060 2931 2127 potiundi,
2984 2071 3043 2116 ut
3092 2074 3211 2119 erat
3267 2081 3412 2120 sem-

1846 2154 1942 2209 per
1971 2141 2272 2197 vehementi
2311 2144 2494 2217 gloria:
2541 2150 2791 2218 cupidine
2836 2163 3054 2220 captus,
3105 2155 3213 2210 imo
3260 2167 3411 2211 ratus

1846 2246 1906 2287 se
1934 2233 1984 2286 in
2009 2233 2117 2289 alio
2163 2249 2389 2305 corpore
2446 2239 2794 2296 Macedonem
2825 2258 2944 2298 esse
2970 2284 2985 2307 ,
3036 2246 3184 2302 illato
3230 2246 3411 2303 Persis

1845 2322 2005 2388 bello.
2032 2341 2152 2381 cum
2196 2343 2293 2397 spe
2326 2330 2478 2385 initio
2506 2330 2794 2399 floruisset,
2821 2349 2883 2388 ac
2908 2346 3118 2404 putaret
3147 2353 3204 2393 se
3233 2339 3409 2410 magni

1844 2415 2115 2484 quidpiam
2140 2432 2203 2471 ac
2234 2420 2477 2487 prmclari
2506 2422 2801 2489 editurum,
2832 2433 2943 2479 tum
2984 2427 3035 2480 id
3063 2429 3204 2494 quod
3256 2438 3407 2483 tene-

1843 2505 1936 2559 bat
1963 2507 2242 2571 imperiunm
2277 2513 2504 2581 turpiter
2555 2515 2754 2579 amisit,
2782 2524 2836 2570 et
2880 2532 2985 2571 una
3038 2519 3225 2573 vitam.
3270 2520 3403 2575 Dolo

1844 2614 2077 2669 namque
2103 2605 2390 2676 transfuga:
2418 2607 2696 2675 cujusdam
2718 2648 2734 2675 ,
2756 2612 3003 2665 oneraria
3050 2612 3411 2683 importandis

1844 2705 1940 2760 per
1968 2690 2185 2747 ﬂuvium
2218 2694 2502 2752 frumentis
2529 2699 2740 2771 navigia
2772 2740 2788 2766 ,
2822 2711 2877 2756 et
2905 2703 3137 2774 reliquos
3168 2722 3266 2776 pro
3316 2724 3409 2761 ca-

1843 2792 2079 2838 strorum
2128 2802 2229 2841 usu
2276 2800 2633 2853 commeatus,
2676 2793 2727 2846 in
2778 2792 2999 2848 fluuium
3043 2797 3272 2866 conjecit
3302 2816 3318 2867 ;
3353 2800 3410 2855 in

1844 2878 2162 2946 aridamque
2205 2888 2259 2934 et
2305 2890 2551 2935 exustam
2615 2892 2814 2938 terram
2876 2901 3127 2956 egressus
3168 2898 3271 2955 est,
3321 2891 3408 2944 ubi

1842 2966 2025 3022 deerat
2050 2985 2226 3038 aqua:
2268 2980 2379 3024 tum
2399 2972 2538 3027 fame
2570 2974 2768 3044 sitique
2805 2980 2889 3031 sui
2932 2978 3109 3033 afﬂicti
3137 2990 3295 3045 sunt,
3336 2982 3405 3034 ita

1844 3068 1901 3112 ut
1929 3061 2160 3113 maxima
2210 3077 2338 3129 pars
2372 3064 2643 3119 exercitus
2698 3066 2965 3121 interiret.
3032 3069 3235 3125 Deinde
3282 3087 3405 3123 cum

1845 3164 1959 3203 rem
1990 3165 2179 3206 omnes
2213 3153 2425 3221 indigne
2455 3154 2681 3219 ferrent,
2718 3166 2771 3212 et
2804 3158 3102 3215 maledictis
3136 3164 3316 3216 multis
3344 3181 3405 3218 ac

1843 3242 2100 3296 conviciis
2143 3259 2265 3297 eum
2334 3244 2758 3314 insectarentur,
2816 3267 2981 3321 eques
3034 3253 3145 3321 ipse
3186 3254 3402 3320 aderat,

1842 3340 1901 3383 ut
1933 3332 2309 3386 cohortaretur
2339 3349 2433 3387 eos
2459 3336 2549 3403 qui
2576 3338 2969 3404 desponderent
3020 3340 3282 3401 animum,
3313 3341 3408 3393 de-

1843 3418 2120 3492 fessosqne
2143 3434 2438 3480 recrearet.
2470 3426 2639 3492 Quale
2675 3426 2820 3481 tuum
2854 3444 3013 3497 opus,
3052 3445 3085 3484 ο
3110 3430 3274 3485 ultio!
3305 3431 3403 3484 Sa-

1841 3514 1998 3581 gitta,
2028 3515 2209 3569 nescio
2244 3518 2408 3583 unde,
2459 3534 2554 3586 per
2603 3520 2833 3574 medium
2881 3522 3069 3577 volans
3100 3522 3403 3585 brachium.

1842 3608 1895 3661 in
1924 3609 2173 3662 dextrum
2212 3610 2356 3663 cadit
2386 3610 2550 3664 latus.
2579 3610 2714 3665 Tum
2765 3623 3069 3680 prostratus
3111 3623 3193 3669 est
3242 3616 3410 3668 miser

1840 3697 1951 3763 ille,
1989 3698 2104 3751 sive
2122 3704 2156 3751 'a
2194 3699 2467 3769 transfuga
2506 3700 2594 3754 illo
2627 3697 2927 3770 confossus,
2981 3703 3094 3758 sive
3120 3718 3151 3756 a
3185 3717 3403 3757 suorum

1839 3791 2051 3859 aliquo;
2083 3799 2369 3858 utrumque
2395 3792 2535 3844 enim
2583 3792 2647 3846 de
2681 3792 2771 3845 illo
2807 3794 3061 3847 traditum
3108 3800 3190 3848 est
3219 3809 3234 3846 :
3291 3794 3407 3847 sive

1839 3885 2025 3946 etiam,
2061 3883 2203 3951 quod
2256 3882 2488 3951 plurium
2538 3882 2643 3937 fert
2694 3884 2983 3948 sententis,
3032 3884 3294 3939 divinitus
3328 3885 3407 3939 iu-

1838 3974 1982 4031 ﬂicto
2012 3974 2252 4027 vulnere.
2322 3973 2474 4029 Hunc
2513 3976 2714 4029 exitum
2755 3979 2877 4030 vita:
2906 3976 3108 4030 invenit
3147 3984 3265 4046 post
3306 3992 3404 4030 an-

1839 4084 1964 4122 num
2003 4066 2210 4133 imperii
2239 4081 2401 4118 unum
2438 4082 2759 4136 mensesque
2810 4078 2953 4123 octo.
2994 4067 3191 4121 Deinde
3243 4068 3405 4121 totius

1837 4158 2112 4211 exercitus
2147 4155 2387 4219 calculo,
2415 4155 2643 4210 Joviano
2680 4159 2965 4226 imperium
3016 4157 3262 4211 traditur.
3300 4157 3401 4223 Qui

1835 4265 1958 4304 cum
2018 4263 2230 4304 menses
2288 4248 2548 4303 duntaxat
2612 4262 2818 4317 septem
2871 4250 3222 4334 imperasset,
3277 4265 3401 4304 cum

1836 4351 2028 4394 octavo
2054 4339 2105 4393 in
2136 4337 2345 4393 Galatia
2382 4339 2620 4407 degeret,
2650 4341 2938 4409 derepente
2982 4340 3145 4393 vitam
3181 4340 3399 4404 clausit,

1835 4446 2027 4486 somno
2076 4430 2311 4484 miscens
2368 4440 2619 4483 mortem.
2657 4428 2786 4485 Post
2846 4429 2996 4483 illum
3050 4430 3402 4499 inauguratur

1841 4522 2253 4579 Valentinianus
2279 4561 2295 4584 ,
2334 4522 2425 4591 qui
2453 4538 2573 4575 cum
2612 4523 2783 4576 fratre
2808 4522 3032 4577 Valente
3088 4522 3400 4576 societatem

1834 4618 1954 4673 iniit
1989 4615 2221 4683 imperii,
2252 4613 2579 4683 Orienteque
2612 4615 2713 4683 ipsi
2762 4614 2978 4677 tradito,
3022 4613 3075 4667 in
3134 4613 3399 4668 Occiden-

1838 4720 1942 4763 tem
1974 4707 2091 4774 ipse
2109 4713 2232 4774 post
2263 4704 2477 4773 triginta
2501 4705 2637 4771 dies,
2657 4706 2709 4758 in
2728 4703 3035 4774 Galliasque
3067 4705 3396 4774 properavit.

152 4799 394 4852 κοινωνὸν
438 4801 686 4851 ποιεῖται
722 4795 838 4863 τῆς,
864 4793 1164 4863 βασιλείας,
1206 4795 1297 4847 καὶ
1337 4795 1403 4849 τὰ
1438 4798 1573 4867 πρὸς
1621 4798 1769 4867 ἥλιον
1810 4797 2099 4866 ἀνίσχοντα
2137 4795 2411 4864 παραδοὺς
2461 4795 2603 4867 ἔχειν
2652 4796 2878 4868 ἐκείνῳ,
2925 4796 3085 4859 αὐτὸς
3148 4797 3242 4849 ἐπὶ
3301 4795 3400 4869 τὴν

151 4886 374 4961 ἑσπέραν
409 4890 532 4962 μεθ’
583 4889 810 4960 ἡμέρας
852 4887 1162 4957 τριάκοντα,
1210 4888 1302 4939 καὶ
1348 4888 1445 4951 τὰς
1500 4888 1729 4952 Γαλλίας
1755 4890 2057 4960 ἀπέδραμε.

208 5002 295 5057 28.
329 5004 677 5076 Παραλαϐὼν
727 4997 828 5055 οὖν
862 5001 1072 5073 Οὐάλης
1120 5004 1219 5074 τὴν
1278 5002 1573 5073 βασιλείαν,
1627 5004 1729 5057 οὐκ

144 5095 411 5165 ἐφρόντισε
439 5093 774 5168 θησαυρῶν.
812 5091 913 5145 οὐκ
943 5091 1247 5163 ἐπεμελήθη
1268 5094 1563 5165 χρημάτων
1582 5134 1595 5157 ,
1619 5092 1727 5146 οὐδ’

140 5186 279 5249 ὅπως
325 5190 385 5242 ἂν
434 5189 598 5259 σχοίη
658 5183 819 5253 αὐτῷ
870 5183 1047 5247 καλῶς
1086 5184 1151 5237 τὰ
1196 5185 1294 5255 τῆς
1337 5186 1728 5255 στρατιωτικῆς

136 5278 334 5343 τάξεώς
350 5298 409 5334 τε
429 5283 527 5333 καὶ
554 5275 844 5350 ἁρμονίας
860 5292 872 5303 ·
903 5274 1014 5325 ἀλλ’
1038 5276 1185 5339 ὅπως
1205 5275 1271 5328 ἂν
1296 5275 1363 5329 τά
1400 5276 1495 5345 μὲν
1524 5277 1727 5347 ’Λρεια-

133 5372 323 5426 νιστῶν
360 5374 617 5444 αὐξήσοι,
653 5370 727 5422 τὰ
777 5366 837 5419 δὲ
888 5366 993 5419 τῶν
1040 5367 1333 5438 ὀρθοδόξων
1382 5370 1460 5431 εἰς
1505 5368 1724 5421 ἔλαττον

128 5461 262 5536 θείη,
297 5468 386 5520 καὶ
415 5468 619 5538 τρόπῳ
655 5460 743 5530 τῷ
772 5458 937 5511 παντὶ
961 5460 1197 5525 καθέλοι,
1234 5463 1266 5531 ή
1310 5462 1456 5513 πᾶσα
1482 5455 1550 5530 ἦν
1576 5458 1724 5529 αὐτῷ

119 5556 209 5627 τῆς
242 5560 529 5629 βασιλείας
561 5551 827 5628 φροντίς.
866 5551 973 5603 Καὶ
998 5550 1154 5604 τοῦτο
1187 5553 1346 5623 μόνον
1375 5555 1453 5615 εἰς
1473 5550 1728 5622 λαμπρό-

109 5664 245 5721 τητα
276 5655 367 5707 καὶ
395 5651 566 5715 δόξαν
600 5644 829 5719 άρκοῦν
864 5643 1071 5715 ἔκρινεν
1097 5640 1257 5698 εἶναι.
1293 5644 1476 5715 Ταύτῃ
1509 5660 1591 5697 τοι
1634 5644 1727 5695 καὶ

1898 5006 1989 5060 28.
2018 5008 2252 5073 Accepto
2283 5004 2450 5074 igitur
2470 5002 2943 5073 Valensimperio,
2974 5017 3081 5057 non
3111 5002 3400 5058 thesauros

1828 5097 2055 5159 curavit,
2091 5109 2196 5148 non
2220 5095 2287 5147 de
2306 5094 2551 5162 pecuniis
2575 5094 2836 5148 sollicitus
2864 5094 2999 5161 fuit;
3032 5109 3135 5148 non
3154 5094 3220 5147 de
3246 5109 3403 5148 exer-

1829 5187 1972 5240 citus
1999 5186 2189 5239 ordine
2222 5183 2637 5252 disciplinaque,
2668 5183 2766 5239 sed
2792 5183 2972 5237 omnis
3006 5183 3082 5237 illi
3130 5196 3259 5236 cura
3302 5180 3400 5233 fuit

1831 5293 1938 5347 quo
1972 5284 2126 5345 pacto
2156 5278 2480 5331 Arianorum
2505 5292 2616 5329 rem
2665 5286 2909 5344 augeret,
2941 5276 3399 5331 orthodoxornm-

1832 5382 1937 5437 que
1991 5367 2371 5431 imminueret,
2432 5381 2496 5422 ac
2551 5366 2827 5435 quibusvis
2883 5366 3057 5420 modis
3128 5362 3394 5433 perderet.

1834 5461 1985 5526 Quod
2017 5461 2190 5527 ipsum
2223 5459 2325 5512 sibi
2362 5460 2497 5513 satis
2549 5474 2670 5513 esse
2715 5459 3017 5512 aestimabat
3055 5455 3122 5508 ad
3171 5451 3397 5523 gloriam

1835 5566 1897 5605 ac
1928 5550 2285 5619 splendorem.
2318 5550 2497 5617 Quare
2531 5550 2703 5613 brevi,
2736 5549 3035 5617 episcopos,
3067 5544 3397 5607 sacerdotes,

1836 5644 2111 5713 diaconos,
2148 5655 2350 5713 eosque
2412 5644 2503 5713 qui
2557 5642 2905 5698 monasticam
2956 5648 3177 5708 agerent
3233 5638 3398 5691 vitam
