3990 6512
612 291 713 336 απ
1975 254 2508 310 Ριιυιειιωιωιι.

617 389 870 444 extremis
903 385 1083 442 affecit
1117 382 1291 438 malis.
1333 381 1468 436 Tum
1509 377 1780 433 Mcletium
1837 377 2040 447 pietate
2083 376 2165 429 in-

2294 368 2470 442 ιικροῦ
2495 368 2702 430 πάντας
2724 381 2828 436 αρχ
2836 383 2880 418 ιε
2887 368 3001 436 ρεῖς
3021 381 3078 417 τε
3101 366 3192 418 καὶ
3217 365 3379 436 ἱερεῖς
3406 362 3870 434 διακονουμένους

617 480 1028 550 comparabilem
1058 479 1346 540 hominem,
1375 473 1709 528 Antiocheno
1733 468 1924 537 dejecit
1959 471 2175 535 throno,

2294 479 2338 516 re
2379 461 2472 515 καὶ
2502 462 2614 514 ὅσοι
2647 459 2740 512 τοῦ
2781 457 3068 529 μοναδικοῦ
3095 457 3388 528 ἐτύγχανον
3419 457 3535 527 βίου
3556 495 3571 520 ,
3609 455 3872 526 ἐσχάτοις

617 547 971 628 Athanasium
1024 571 1149 625 item
1208 585 1460 637 magnum
1507 569 1648 621 inter
1713 564 1947 618 athletas
2003 563 2175 616 virum

2294 555 2470 616 κακοῖς
2512 550 2819 624 περιέϐαλε.
2868 550 2978 603 Καὶ
3031 549 3186 602 τοῦτο
3239 549 3340 619 μὲν
3385 547 3650 603 Μελέτιον
3694 547 3875 616 ἄνδρα

619 661 1069 730 comprehendere
1121 661 1417 729 satagebat.
1477 643 1936 722 Meletiusporro
2002 653 2176 708 exsilii

2294 642 2379 714 τὴν
2406 642 2605 713 ἀρετὴν
2631 639 3027 711 άπαράμιλλον,
3059 639 3155 691 τοῦ
3191 639 3380 710 θρόνου
3413 639 3513 709 τῆς
3542 637 3874 708 Ἀντιοχέων

618 753 903 807 damnatus
937 762 1037 818 est,
1069 760 1122 805 ct
1156 767 1260 805 una
1291 767 1409 805 cum
1441 765 1502 804 eo
1532 749 1716 817 pulsus
1753 757 1894 801 totus
1924 746 2178 801 Ecclesiae

2294 735 2531 808 καθῄρει,
2553 734 2710 788 τοῦτο
2733 734 2789 786 δὲ
2819 734 2912 787 καὶ
2960 734 3049 786 τὸν
3083 734 3253 803 μέγαν
3276 733 3462 786 τοῦτον
3511 733 3570 784 ἐν
3603 731 3876 801 ἀθληταῖς

619 843 847 897 clerus:
918 857 1124 897 necnon
1167 841 1318 895 multi
1376 840 1463 892 alii
1513 838 1790 909 prarsules,
1848 851 1952 890 uno
1992 837 2177 900 verbo,

2298 825 2614 878 Ἀθανάσιον
2683 823 2865 876 λαϐεῖν
2932 821 3204 893 ἐπεζήτει.
3266 823 3372 875 Καὶ
3436 823 3705 886 Μελέτιος
3769 823 3875 893 μὲν

617 941 876 1004 quotquot
904 950 1024 988 cum
1053 933 1163 987 Arii
1196 931 1500 1000 corruptela
1530 931 1932 985 communicare
1961 928 2179 991 nollent,

2294 917 2580 988 ὑπερορίαν
2611 916 2996 979 κατεδικάζετο
3015 932 3028 945 ·
3057 918 3086 969 6
3109 917 3164 969 δὲ
3197 917 3291 970 σὺν
3320 916 3468 987 αὐτῷ
3493 917 3698 988 κλῆρος
3721 917 3878 979 ἄπας

616 1025 862 1082 ecclesiis
907 1025 1105 1092 exacti,
1133 1024 1303 1092 patria
1359 1021 1501 1092 pulsi
1546 1029 1691 1084 sunt,
1728 1019 2090 1072 familiaribus
2127 1027 2181 1069 et

2294 1012 2382 1081 τῆς
2422 1009 2744 1079 Ἐκκλησίας
2770 1009 3062 1078 ἠλαύνετοο
3093 1010 3188 1063 καὶ
3214 1009 3396 1062 πολλοὶ
3428 1010 3484 1063 δέ
3527 1009 3640 1063 τῶν
3683 1010 3880 1082 ἀρχιε-

615 1120 858 1190 cognatis
886 1118 1099 1187 privati,
1131 1114 1525 1171 calamitatibus
1568 1113 1694 1166 item
1750 1120 1806 1165 et
1851 1110 2179 1162 cruciatibus

615 1209 948 1280 gravissimis
976 1207 1177 1262 traditi.
1195 1206 1328 1261 Cum
1355 1217 1534 1260 autem
1570 1205 1757 1273 ingens
1795 1202 1922 1272 illud
1949 1201 2182 1253 Alexan-

616 1302 790 1356 driam
823 1301 1026 1356 illatum
1055 1300 1251 1354 bellum
1296 1298 1416 1362 fuit,
1471 1297 1958 1368 prmfectorumque
2010 1294 2178 1361 jussa,

615 1403 844 1448 curante
881 1393 1144 1460 Eudoxio,
1175 1392 1372 1461 ubique
1401 1393 1560 1444 missa
1593 1399 1740 1454 sunt,
1769 1397 1879 1440 tum
1921 1387 2185 1439 maximus

619 1484 706 1538 ille
758 1484 956 1538 athleta
996 1482 1330 1536 Athanasius
1380 1479 1809 1550 persecutionem
1863 1490 2050 1544 passus
2079 1483 2180 1538 est,

617 1591 854 1644 moxque
884 1575 1177 1644 capiendus
1202 1584 1340 1637 erat,
1381 1587 1502 1628 cum
1528 1571 1666 1625 clam
1699 1583 1947 1639 egressus
1971 1566 2103 1620 urbe
2131 1567 2182 1618 in

617 1676 1010 1736 paternumque
1069 1667 1345 1737 ingressus
1412 1664 1758 1733 sepulcrum,
1821 1668 2058 1730 quatuor
2112 1659 2182 1712 ibi

2289 1103 2424 1174 ρέων
2465 1102 2663 1172 ἕτεροι,
2713 1103 2806 1156 καὶ
2846 1104 3045 1167 πάντες
3093 1101 3314 1166 ἁπλῶς,
3361 1102 3473 1155 ὅσοι
3521 1119 3588 1170 γε
3637 1103 3713 1172 μὴ
3768 1101 3880 1170 τῆς

2301 1192 2508 1263 Ἀρείου
2534 1193 2710 1264 λύμης
2749 1195 3024 1265 ἠνείχοντο
3057 1195 3364 1257 κοινωνεῖν,
3413 1191 3717 1256 ἐξωθοῦντο
3771 1193 3884 1262 μὲν

2285 1285 2392 1337 τῶν
2431 1283 2785 1355 Ἐκκλησιῶν,
2839 1285 3131 1354 ἠλαύνοντο
3176 1283 3233 1336 δὲ
3265 1284 3570 1355 πατρίδων,
3620 1282 3762 1354 πρὸς
3819 1283 3882 1336 δέ

2287 1379 2381 1430 καὶ
2407 1376 2620 1430 οἰκείων
2651 1377 2744 1429 καὶ
2774 1376 3070 1445 συγγενῶν,
3101 1376 3324 1446 ζημίαις
3358 1393 3415 1429 τε
3450 1376 3545 1430 καὶ
3573 1375 3881 1445 τιμωρίαις

2286 1469 2697 1541 χαλεπωτάταις
2722 1468 3031 1535 ἐξεδίδοντο,
3074 1469 3159 1531 Ὠς
3189 1463 3281 1522 οῦν
3307 1470 3334 1521 6
3366 1468 3540 1538 μέγας
3583 1461 3744 1531 οὗτος
3781 1468 3884 1520 καὶ

2287 1563 2366 1626 είς
2402 1561 2806 1632 Ἀλεξάνδρειαν
2848 1557 2951 1632 ἧκε
3012 1560 3266 1630 πόλεμος,
3325 1561 3418 1613 καί⁹
3461 1561 3884 1632 προστάγματα

2285 1653 2394 1706 τῶν
2429 1652 2682 1724 ἐπάρχων
2730 1653 2929 1723 σπουδῇ
2978 1655 3042 1723 τῇ
3093 1652 3344 1717 Εὐδοξίου
3378 1651 3658 1723 πανταχοῦ
3705 1670 3883 1706 κατε-

617 1771 828 1811 menses
856 1759 1132 1826 transegit,
1161 1767 1321 1826 atque
1359 1757 1431 1809 ita
1477 1757 1690 1808 brutum
1724 1755 1979 1823 impetum
2018 1760 2071 1804 et
2101 1749 2183 1803 fu-

2294 1746 2552 1815 πέμπετο,
2599 1744 2851 1798 ἐδιώκετο
2883 1745 2940 1797 δὲ
2981 1745 3142 1798 πάλιν
3170 1747 3198 1797 6
3239 1745 3409 1815 μέγας
3440 1738 3598 1808 οὗτος
3623 1762 3888 1816 τρισαρι-

616 1863 796 1903 rorem
829 1849 1036 1905 vitavit.
1071 1848 1296 1902 Tatiano
1338 1856 1446 1900 tum
1482 1845 1703 1916 Egypti
1754 1843 2018 1914 prazside,
2063 1843 2186 1896 hor-

615 1941 766 1994 rendi
817 1941 1151 1995 Christianos
1198 1955 1384 1994 omnes
1437 1947 1494 1992 et
1549 1937 1850 2006 gravissimi
1911 1938 2183 1992 cruciatus

613 2043 972 2101 exceperunt:
1007 2049 1070 2086 ac
1096 2048 1190 2102 per
1217 2048 1338 2086 eum
1371 2032 1523 2086 multi
1552 2031 1795 2101 martyrii
1818 2032 1975 2084 linem
2009 2029 2182 2098 adepti

614 2135 762 2179 sunt.
791 2125 860 2178 At
889 2126 1186 2193 condignas
1213 2124 1398 2178 statim
1453 2124 1541 2179 ille
1571 2138 1757 2192 poenas
1789 2122 1905 2186 luit,
1957 2121 2185 2175 fortunis

617 2233 722 2271 una
755 2225 810 2272 et
858 2217 1120 2285 dignitate
1182 2218 1448 2286 privatus,
1485 2223 1540 2270 et
1595 2216 1660 2268 ad
1711 2215 1846 2277 haec,
1905 2214 2183 2267 oculorum

620 2311 808 2365 morbo
865 2321 1189 2373 exemeatus,
1246 2309 1510 2377 valdeque
1568 2306 1950 2362 miserabiliter
2011 2305 2185 2373 palam

619 2401 974 2463 mendicans,
1022 2400 1129 2453 vita
1177 2399 1255 2453 sic
1295 2400 1516 2453 functus
1577 2408 1660 2453 est
1698 2415 1712 2450 :
1747 2411 1921 2464 neque
1976 2405 2188 2449 mortuo

616 2491 884 2561 quispiam
945 2491 1440 2546 Alexandrinorum
1483 2491 1703 2555 libavit;
1759 2490 1868 2544 imo
1925 2489 2088 2543 etiam
2133 2489 2184 2542 in

615 2582 734 2650 ejus
761 2590 989 2636 statuam
1032 2593 1085 2636 et
1111 2582 1398 2652 imaginem
1434 2581 1748 2636 debacchati
1778 2589 1924 2642 sunt,
1953 2580 2191 2632 utetiam

615 2674 840 2743 fuligine
866 2675 1058 2729 faciem
1102 2674 1216 2742 ejus
1256 2675 1611 2744 inungerent,
1655 2689 1758 2742 qua
1790 2672 1904 2726 sola
1939 2672 2025 2726 ille
2067 2687 2192 2737 vere

616 2768 813 2838 dignus
842 2778 980 2823 erat.
1024 2768 1273 2823 Sedhcec
1318 2769 1533 2836 quidem
1585 2776 1737 2837 gesta
1800 2776 1946 2833 sunt,
2007 2765 2194 2820 fraude

614 2858 722 2926 iam
755 2873 1123 2916 marcescente
1148 2872 1200 2916 et
1229 2860 1620 2916 efﬂorescente.

2290 1839 2446 1901 στεὺς
2491 1837 2836 1900 Ἀθανάσιος·
2881 1837 2978 1908 ἤδη
3015 1838 3071 1890 δέ
3118 1838 3210 1890 καὶ
3242 1839 3362 1891 ὅσον
3394 1839 3547 1890 οὐπω
3596 1838 3886 1908 ἁλώσιμος

2286 1925 2375 2001 ἦν,
2401 1930 2641 1996 ὑπέξεισι
2675 1931 2772 2002 μὲν
2807 1929 2979 2001 λάθρα
3015 1930 3114 2001 τὴν
3160 1931 3344 1995 πόλιν,
3377 1930 3457 1994 εἴς
3499 1947 3623 1982 τινα
3665 1929 3723 1982 δὲ
3771 1948 3885 1983 πα-

2290 2023 2462 2094 τρῷον
2491 2024 2726 2087 καταδὺς
2781 2026 2968 2094 τάφον,
3019 2026 3112 2078 καὶ
3146 2026 3289 2095 μῆνα
3331 2024 3594 2095 τέταρτον
3653 2023 3781 2077 ὅλον
3825 2023 3884 2074 ἐν

2293 2115 2441 2186 αὐτῷ
2482 2115 2792 2186 διαμείνας,
2839 2115 3009 2188 ταύτῃ
3058 2117 3156 2188 τὴν
3206 2117 3398 2185 ἄλογον
3429 2116 3608 2188 ὁρμὴν
3639 2117 3736 2170 καὶ
3773 2133 3887 2186 μα-

2293 2207 2410 2262 νίαν
2442 2206 2701 2272 ἐξέκλινε.
2760 2207 3023 2262 Τατιανοῦ
3071 2208 3178 2281 γὰρ
3221 2209 3521 2280 τηνικαῦτα
3575 2208 3676 2279 τῆς
3705 2208 3887 2276 Αἰγύ-

2295 2318 2430 2353 πτου
2473 2300 2928 2372 ἡγεμονεύοντος,
2972 2301 3142 2354 δειναὶ
3193 2303 3554 2374 Χριστιανοὺς
3602 2301 3887 2364 ἅπαντας,

2292 2391 2462 2446 δειναὶ
2493 2393 2588 2446 καὶ
2635 2393 2847 2464 βαρεῖαι
2890 2394 3138 2458 κολάσεις
3172 2395 3499 2466 ἐλάμϐανον,
3539 2396 3637 2450 καὶ
3691 2397 3889 2451 πολλοὶ

2293 2487 2359 2540 δι’
2389 2487 2554 2540 αὐτοῦ
2588 2488 2649 2540 τὸ
2677 2488 2768 2540 τοῦ
2819 2487 3117 2559 μαρτυρίου
3154 2489 3303 2552 τέλος
3354 2490 3622 2559 ἐδέχοντο.
3673 2491 3822 2544 Ἀλλ’
3860 2496 3890 2545 6

2301 2581 2400 2651 μὲν
2433 2580 2530 2653 τὴν
2555 2580 2712 2646 ἀξίαν
2738 2580 2897 2644 εὐθὺς
2932 2581 3073 2634 ἔτισε
3105 2580 3280 2652 δίκην.
3313 2582 3422 2652 Τῆς
3447 2599 3508 2634 τε
3541 2583 3653 2654 γὰρ
3689 2584 3890 2649 οὐσίας

2295 2672 2412 2743 ἅμα
2455 2674 2548 2726 καὶ
2607 2673 2707 2743 τῆς
2752 2671 2908 2738 ἀξίας
2949 2673 3283 2745 ἀφαιρεθεὶς,
3332 2674 3470 2746 πρὸς
3505 2674 3563 2728 δέ
3597 2677 3693 2730 καὶ
3735 2678 3891 2749 νόσῳ

2294 2764 2420 2827 τοὺς
2449 2764 2757 2835 ὀφθαλμοὺς
2785 2765 3214 2834 άποτυφλωθεὶς,
3246 2766 3340 2818 καὶ
3377 2767 3632 2832 ἐλεεινῶς
3669 2769 3889 2841 σφόδρα

2294 2858 2529 2930 δημοσίᾳ
2552 2860 2881 2932 προσαιτῶν,
2917 2860 3279 2932 καταστρέφει
3307 2861 3397 2915 τὸν
3439 2861 3553 2933 βίον
3574 2904 3589 2927 ,
3625 2864 3765 2934 μηδὲ
3798 2882 3889 2917 νε-

617 2951 734 3024 κρῷ
763 2953 1138 3023 σπεισαμένων
1162 2953 1309 3022 αὐτῷ
1330 2953 1438 3006 τῶν
1517 2950 1942 3022 Ἀλεξανδρέων,
2006 2947 2140 3003 ἀλλά
2170 2949 2263 3002 καὶ
2301 2949 2472 3004 πολλὰ
2523 2951 2662 3003 κατὰ
2714 2951 2813 3021 τῆς
2856 2951 3018 3004 αὐτοῦ
3061 2952 3264 3014 εἰκόνος
3311 2953 3524 3006 καὶτοῦ
3559 2953 3734 3008 τύπου
3784 2957 3892 3026 τῆς

619 3047 832 3117 μορφῆς
866 3047 1371 3118 πεπαρῳνηκότων,
1401 3045 1494 3097 καὶ
1539 3044 1636 3108 τὰς
1701 3044 1852 3114 ὄψεις
1907 3042 2119 3113 ἀσϐόλῳ
2184 3041 2599 3113 διαχρισάντων,
2652 3039 2720 3116 ἦς
2771 3045 2939 3116 μόνης
2992 3045 3196 3108 ἐκεῖνος
3241 3045 3456 3118 ἀληθῶς
3497 3045 3673 3112 ἄξιος.
3715 3049 3888 3105 Ἀλλά

614 3139 788 3194 ταῦτα
823 3141 921 3210 μὲν
939 3181 953 3205 ,
975 3140 1076 3211 ἤδη
1104 3140 1202 3210 τῆς
1225 3139 1440 3210 ἀπάτης
1473 3139 1876 3210 μαραινομένης
1909 3139 2003 3191 καὶ
2029 3137 2392 3206 άπανθούσης.

686 3234 779 3288 29.
821 3234 950 3299 Quae
996 3249 1122 3288 vero
1171 3233 1637 3302 Constantinopoli
1698 3235 1956 3287 adversus
2002 3234 2189 3287 ortho-

2366 3232 2454 3287 29.
2496 3233 2564 3284 "A
2590 3231 2764 3285 δὲκαὶ
2803 3231 2943 3286 κατὰ
2976 3231 3083 3284 τῶν
3120 3231 3412 3303 ὀρθοδόξων
3453 3232 3548 3286 ἐπὶ
3583 3237 3687 3304 τῆς
3721 3236 3891 3291 Κων.

619 3323 788 3380 doxos
837 3325 1110 3380 Eudoxius
1147 3326 1483 3394 designarit,
1516 3341 1634 3395 qua:
1681 3326 1860 3394 lingua
1911 3339 2188 3390 enarrare,

618 3428 712 3472 aut
778 3418 951 3471 solum
1001 3432 1305 3471 memorare
1357 3417 1710 3470 sustinuerit?
1740 3417 1871 3470 Cum
1923 3427 2001 3471 tot
2031 3417 2194 3486 igitur

623 3516 884 3576 tantaque
912 3508 1048 3561 mala
1086 3509 1260 3577 primo
1296 3506 1657 3561 Valentiniani
1701 3517 1754 3561 et
1784 3505 2026 3561 Valentis
2058 3523 2190 3562 con-

621 3599 802 3652 sulatu
832 3608 1000 3652 totum
1028 3599 1216 3652 orbem
1250 3606 1600 3665 occuparent,
1625 3597 1748 3666 jure
1788 3597 1978 3652 merito
2021 3599 2195 3652 homi-

623 3705 722 3744 nes
775 3690 1026 3757 supernis
1056 3691 1220 3744 etiam
1271 3690 1677 3757 castigabantur
1737 3689 1930 3760 plagis.
1991 3691 2195 3747 Tantus

619 3781 766 3837 enim
819 3782 922 3836 fuit
962 3791 1120 3836 terra}
1166 3792 1362 3847 motus,
1399 3792 1633 3852 quantus
1692 3797 1963 3852 nunquam
2011 3783 2192 3848 fuerit,

621 3889 745 3940 nec,
793 3885 851 3928 ut
883 3874 1117 3942 videtur,
1164 3873 1378 3930 futurus
1423 3877 1514 3932 sit.
1553 3873 1670 3941 Quo
1717 3891 1838 3929 cum
1880 3876 2039 3932 urbes
2078 3876 2196 3930 alia:

620 3969 846 4032 dirutae;
883 3977 994 4020 tum
1039 3968 1090 4020 in
1139 3966 1295 4022 Creta
1330 3967 1450 4035 plus
1493 3975 1707 4022 centum
1781 3966 1980 4036 ingenti
2039 3969 2194 4022 ruina

622 4078 824 4118 eversa:
881 4073 1027 4117 sunt.
1070 4062 1214 4118 Mare
1269 4064 1396 4118 item
1452 4066 1564 4119 suis
1615 4079 1895 4133 egressum
1936 4063 2196 4118 limitibus

624 4157 866 4225 qntedam
908 4157 1023 4211 loca
1077 4156 1151 4210 ita
1204 4155 1503 4220 inundavit,
1542 4162 1600 4210 ut
1651 4154 1844 4209 fundos
1900 4153 2195 4224 permultos

625 4247 774 4316 prius
801 4247 1052 4310 arabiles,
1082 4255 1194 4299 tum
1229 4245 1557 4313 navigabiles
1584 4244 1842 4309 efliceret,
1895 4261 2009 4299 rem
2055 4245 2196 4300 inso-

626 4336 927 4392 litissimam
961 4355 974 4390 :
1003 4338 1197 4392 aliisin
1242 4338 1375 4394 locis
1417 4348 1624 4399 tantum
1673 4342 1956 4405 discessit,
1997 4353 2054 4396 ut
2082 4357 2194 4394 me-

621 4431 710 4485 dio
745 4445 905 4483 cursu
942 4431 1256 4500 navigantes
1285 4431 1336 4485 in
1363 4433 1506 4488 sicco
1532 4433 1648 4488 solo
1689 4435 1886 4503 reperti
1923 4434 2049 4488 sint.
2087 4433 2193 4488 Sed

623 4537 692 4573 ne
727 4520 798 4573 ita
831 4520 1048 4588 quidem
1079 4521 1310 4590 improbi
1337 4523 1606 4590 homines,
1637 4524 2013 4578 communibus
2046 4523 2194 4577 orbis

2301 3321 2816 3376 σταντινουπολιτῶν
2863 3323 3110 3386 Εὐδόξιος
3175 3323 3552 3390 ἐπεδείκνυτο,
3615 3328 3750 3380 ποία
3801 3345 3891 3393 τις

2298 3414 2365 3467 ἂν
2392 3416 2485 3467 καὶ
2515 3413 2876 3484 διηγήσασθαι
2919 3413 3137 3481 γλῶσσα
3184 3415 3277 3468 καὶ
3314 3416 3690 3487 μνημονεῦσαι
3717 3421 3892 3489 μόνον

2295 3506 2617 3575 άνάσχοιτο;
2646 3506 2924 3560 Τοσούτων
2960 3502 3052 3559 οὖν
3095 3507 3233 3559 κατά
3257 3510 3435 3560 πᾶσαν
3475 3509 3572 3562 ἐπὶ
3604 3511 3706 3580 τῆς
3729 3512 3892 3584 πρώ-

2296 3611 2393 3663 της
2440 3595 2879 3650 Οὐαλεντινιανοῦ
2934 3598 3027 3650 καὶ
3078 3597 3372 3663 Οὐάλεντος
3423 3600 3728 3668 ὑπατείας,
3794 3608 3894 3658 καὶ

2295 3685 2628 3758 τηλικούτων
2653 3689 2957 3760 γενομένων
2986 3690 3191 3752 κακῶν,
3221 3692 3446 3756 εἰκότως
3471 3693 3756 3765 ἄνθρωποι
3795 3699 3894 3751 καὶ

2295 3783 2413 3843 ταῖς
2461 3779 2666 3833 ἄνωθεν
2719 3780 2951 3852 πληγαῖς
3003 3782 3365 3838 ἐπαιδεύοντο.
3410 3785 3584 3839 Τοῦτο
3629 3789 3732 3858 μὲν
3777 3791 3894 3862 γὰρ

2298 3871 2520 3942 σεισμὸς
2566 3872 2891 3943 ἐπισκήψας,
2948 3869 3057 3928 οἷον
3112 3874 3233 3928 οὕτε
3281 3877 3309 3928 6
3358 3877 3645 3949 παρελθὼν
3677 3881 3892 3951 ἤνεγκε

2296 3964 2506 4034 χρόνος,
2537 3963 2660 4017 οὐτε
2715 3965 2743 4016 6
2779 3965 2983 4036 μέλλων
3024 3967 3189 4020 οἴσειν
3235 3967 3528 4038 ἠλπίζετο,
3567 3971 3781 4036 πολλάς
3827 3992 3894 4027 τε

2296 4057 2460 4121 ἀλλας
2489 4057 2751 4129 ἀνέτρεψε
2794 4057 2904 4111 τῶν
2934 4059 3171 4124 πόλεων,
3201 4061 3294 4114 καὶ
3341 4063 3372 4132 ἡ
3419 4063 3616 4134 Κρήτη
3657 4065 3894 4132 πλείους

2297 4148 2404 4203 τῶν
2433 4149 2630 4218 ἑαυτῆς
2652 4150 2684 4218 ἦ
2715 4149 2907 4202 ἑκατὸν
2927 4149 3159 4222 χαλεπὸν
3183 4147 3289 4205 εἶδε
3314 4152 3514 4224 πτῶμα
3535 4157 3895 4228 κατενεχθεί-

2298 4259 2430 4304 σαςο
2467 4240 2626 4293 τοῦτο
2671 4241 2728 4294 δὲ
2757 4243 2848 4294 καὶ
2905 4244 2937 4313 ἠ
2990 4242 3258 4309 Θάλασσα,
3305 4247 3429 4308 τούς
3458 4247 3697 4312 οἰκείους
3716 4251 3892 4320 ὄρους

2298 4330 2664 4394 ἀπολιποῦσα,
2711 4331 2862 4395 τινάς
2915 4333 3012 4403 μὲν
3075 4335 3269 4399 τόπους
3322 4336 3497 4401 οὕτως
3551 4339 3892 4405 ἐπέκλυσεν,

2297 4423 2435 4477 ὥστε
2470 4425 2695 4486 πολλοὺς
2751 4426 2845 4478 καὶ
2890 4424 2997 4477 τῶν
3040 4425 3232 4498 πρώην
3271 4427 3551 4500 ἀροσίμων
3593 4431 3896 4502 πλωΐμους

2298 4515 2490 4580 θεῖναι,
2545 4518 2777 4587 πρᾶγμα
2833 4517 3171 4570 καινότατον·
3224 4518 3450 4589 ἑτέρωθι
3514 4520 3574 4573 δὲ
3622 4525 3897 4579 τοσοῦτον

620 4613 1038 4674 calamitatibus,
1058 4613 1561 4684 elementorumque
1595 4615 1982 4670 mutationibus
2006 4627 2189 4668 emen-

2296 4609 2505 4679 ἀπέστη
2536 4608 2730 4672 πάλιν,
2773 4607 2846 4671 ὼς
2891 4609 2986 4662 καὶ⁸
3029 4609 3169 4662 κατά
3217 4609 3380 4680 μέσον
3431 4611 3522 4665 τὸν
3579 4615 3762 4680 πλοῦν,
3795 4621 3899 4672 ἐπὶ

621 4704 928 4769 dabantur;
988 4705 1094 4759 imo
1167 4707 1344 4774 potius
1399 4706 1466 4760 ad
1525 4706 1788 4760 malitiam
1839 4705 2196 4760 ferventiores

623 4806 808 4866 postea
850 4805 1028 4861 erant,
1087 4799 1572 4869 vehementiusque
1605 4799 1795 4855 deinde
1835 4807 1891 4854 et
1957 4799 2196 4853 atrocius

624 4889 679 4942 in
731 4889 1073 4944 Christianos
1137 4891 1509 4945 concitabatur
1579 4892 1800 4947 bellum.
1830 4892 1961 4946 Cum
2011 4901 2190 4944 autem

623 4979 905 5034 Athanasii
933 4981 1220 5046 desiderio,
1258 4982 1518 5038 adversus
1569 4985 1923 5053 imperatores
1963 4983 2194 5037 Alexan-

625 5073 811 5126 drinus
846 5071 1072 5140 populus
1093 5085 1538 5141 exasperaretur,
1571 5084 1627 5130 et
1663 5075 1776 5144 jam
1827 5075 1896 5128 ad
1941 5089 2091 5128 arma
2131 5088 2195 5128 ac

623 5164 944 5219 seditionem
988 5172 1326 5231 verteretur,
1384 5181 1442 5220 re
1482 5168 1662 5221 audita
1705 5167 1901 5223 Valens
1929 5206 1945 5232 ,
2005 5180 2193 5220 eorum

626 5261 830 5314 Veritus
855 5257 1138 5310 tumultum
1160 5265 1214 5312 et
1239 5259 1552 5326 audaciam,
1595 5259 1918 5314 necessitate
1953 5258 2195 5327 compul-

623 5365 718 5404 sus
743 5357 827 5400 est
859 5347 1210 5402 ecclesiarum
1249 5351 1490 5419 regimen
1518 5365 1732 5404 rursum
1760 5347 2060 5402 Athanasio
2091 5359 2193 5402 tra-

625 5453 776 5495 dere.
800 5437 952 5504 Quod
985 5438 1073 5494 ille
1104 5457 1210 5496 non
1251 5442 1396 5496 illius
1429 5443 1600 5512 gratia
1659 5441 1883 5510 agebat;
1916 5441 2009 5495 sed
2051 5443 2193 5512 quod

628 5533 804 5588 nullus
829 5547 896 5586 ex
928 5532 1157 5588 subditis
1172 5543 1336 5600 esset,
1356 5543 1412 5587 ut
1441 5549 1536 5603 par
1567 5544 1704 5596 erat,
1729 5535 1818 5602 qui
1849 5533 1950 5587 sibi
1984 5536 2193 5590 obtem-

630 5634 865 5692 peruret.
899 5623 1016 5692 Quo
1037 5625 1242 5680 factum
1275 5634 1381 5684 est.
1413 5636 1463 5678 ut
1503 5625 1570 5678 ab
1600 5624 1832 5680 assiduis
1863 5624 1968 5680 illis
1993 5628 2194 5696 [persc-

631 5715 935 5771 cutionibus
965 5724 1019 5770 et
1055 5716 1209 5772 bellis
1244 5717 1578 5792 quiesceret_
1613 5715 1958 5772 Athanasius.
1998 5716 2194 5774 Gravis

2300 4702 2468 4773 ξηροῦ
2506 4701 2601 4755 τοῦ
2631 4701 2857 4769 ἐδάφους
2907 4701 3192 4772 εὑρεθῆναι
3235 4705 3361 4766 τοὺς
3403 4704 3687 4771 πλέοντας.
3742 4711 3896 4764 Ἀλλ’

2297 4795 2417 4847 οὐδέ
2441 4794 2612 4858 οὕτως
2667 4795 2714 4846 οἱ
2763 4794 2924 4846 κακοὶ
2953 4797 3074 4857 ταῖς
3103 4798 3306 4859 κοιναῖς
3342 4797 3560 4867 μάστιξι
3605 4801 3705 4869 τῆς
3756 4803 3896 4872 γῆς,

2296 4889 2389 4942 καὶ
2430 4891 2552 4952 ταῖς
2593 4887 2915 4960 μεταϐολαῖς
2941 4886 3049 4940 τῶν
3084 4888 3359 4958 στοιχείων
3407 4891 3850 4962 ἐσωφρονίζοντο
3878 4913 3893 4924 ο

2295 4980 2430 5034 ἀλλά
2475 4981 2568 5035 καὶ
2613 4980 2927 5052 θερμότεροι
2974 4979 3172 5050 μᾶλλον
3229 4982 3324 5052 τὴν
3359 4983 3558 5036 κακίαν
3613 4986 3896 5052 ἐγίνοντο,

2300 5075 2393 5127 καὶ
2416 5075 2765 5145 σφοδρότερος
2795 5073 2874 5126 ἔτι
2902 5075 2994 5126 καὶ
3014 5073 3390 5146 χαλεπώτερος
3412 5076 3440 5127 ὁ
3457 5077 3601 5130 κατά
3619 5080 3902 5149 Χριστια-

2299 5165 2405 5219 νῶν
2426 5168 2589 5238 ᾔρετο
2622 5167 2875 5236 πόλεμος.
2930 5167 3150 5238 Ἐπειδὴ
3177 5168 3232 5220 δέ
3263 5168 3412 5239 πόθῳ
3442 5170 3521 5241 τῷ
3550 5172 3687 5242 πρὸς
3709 5173 3898 5230 Ἀθα-

2299 5258 2480 5311 νάσιον
2502 5258 2647 5321 ἆπας
2678 5261 2706 5312 6
2749 5257 2856 5311 τῶν
2909 5258 3301 5330 Ἀλεξανδρέων
3340 5260 3508 5331 δῆμος
3546 5263 3901 5334 ἐτραχύνετό

2298 5365 2356 5402 τε
2383 5349 2518 5420 πρὸς
2563 5351 2689 5414 τοὺς
2740 5349 3096 5420 κρατοῦντας.
3133 5349 3227 5402 καὶ
3258 5350 3358 5420 ἤδη
3407 5351 3546 5422 πρὸς
3589 5353 3735 5407 ὅπλα
3787 5358 3902 5412 καὶ

2299 5443 2484 5496 στάσιν
2511 5443 2653 5514 ὁρῶν
2679 5442 2833 5512 δῆλος
2852 5439 2942 5514 ἦν,
2979 5442 3208 5514 μαθὼνὸ
3225 5442 3478 5514 βασιλεὺς
3506 5446 3750 5517 Οὐάλης,
3788 5451 3902 5502 καὶ

2297 5537 2476 5601 δείσας
2509 5537 2607 5607 τὴν
2632 5537 2894 5607 ἀναρχίαν
2937 5537 3116 5590 αὐτῶν
3158 5537 3337 5591 καὶτὸ
3360 5537 3580 5610 Θράσος,
3631 5543 3906 5612 quam-

2301 5630 2405 5700 σθη
2445 5629 2537 5683 καὶ¹
2573 5625 2730 5692 αὖθις
2769 5629 3071 5700 Ἀθανασίῳ
3112 5629 3186 5683 τά
3231 5629 3338 5682 τῶν
3382 5631 3722 5704 Ἐκκλησιῶν
3759 5636 3904 5688 ἐπι-

2298 5721 2512 5794 τρέψαι.
2542 5721 2712 5776 Τοῦτο
2743 5721 2795 5776 δὲ
2825 5723 2883 5777 οὐ
2927 5721 3242 5794 θεραπειῖων
3278 5724 3483 5779 ἐκεῖνον
3519 5724 3733 5791 ἐποίει,
3763 5727 3904 5781 ἀλλ’
