  <div class='ocr_page' id='page_1' title='image "/cluster/home/n/w/nwhite01/storage/ocr_20150623/25/hvd.32044004972428/219.png"; bbox 0 0 3990 6514; ppageno 0'>
   <div class='ocr_carea' id='block_1_1' title="bbox 527 280 2417 346">
    <p class='ocr_par' dir='ltr' id='par_1_1' title="bbox 527 280 2417 346">
     <span class='ocr_line' id='line_1_1' title="bbox 527 280 2417 346; baseline -0.006 -1"><span class='ocrx_word' id='word_1_1' title='bbox 527 303 673 346; x_wconf 75' lang='lat' dir='ltr'><strong>cum</strong></span> <span class='ocrx_word' id='word_1_2' title='bbox 1886 280 2417 339; x_wconf 70' lang='lat' dir='ltr'><strong>PROLEGOMENA.</strong></span> 
     </span>
    </p>
   </div>
   <div class='ocr_carea' id='block_1_2' title="bbox 529 389 2105 471">
    <p class='ocr_par' dir='ltr' id='par_1_2' title="bbox 529 400 2084 471">
     <span class='ocr_line' id='line_1_2' title="bbox 529 400 2084 471; baseline -0.006 -12"><span class='ocrx_word' id='word_1_3' title='bbox 529 407 628 468; x_wconf 90' lang='lat' dir='ltr'><strong>tri,</strong></span> <span class='ocrx_word' id='word_1_4' title='bbox 669 402 822 471; x_wconf 88' lang='lat' dir='ltr'><strong>cujus</strong></span> <span class='ocrx_word' id='word_1_5' title='bbox 868 404 1178 457; x_wconf 81' lang='lat' dir='ltr'><strong>memoriam</strong></span> <span class='ocrx_word' id='word_1_6' title='bbox 1217 402 1569 457; x_wconf 79' lang='lat' dir='ltr'><strong>venerabatur</strong></span> <span class='ocrx_word' id='word_1_7' title='bbox 1599 400 1920 455; x_wconf 76' lang='lat' dir='ltr'><strong>Alexandria</strong></span> <span class='ocrx_word' id='word_1_8' title='bbox 1957 407 2084 451; x_wconf 89' lang='lat' dir='ltr'><strong>tota.</strong></span> 
     </span>
    </p>
   </div>
   <div class='ocr_carea' id='block_1_3' title="bbox 2200 389 3776 471">
    <p class='ocr_par' dir='ltr' id='par_1_3' title="bbox 2200 389 3776 469">
     <span class='ocr_line' id='line_1_3' title="bbox 2200 389 3776 469; baseline -0.004 -19"><span class='ocrx_word' id='word_1_9' title='bbox 2200 397 2467 469; x_wconf 81' lang='grc' dir='ltr'>μάρτυρος</span> <span class='ocrx_word' id='word_1_10' title='bbox 2491 393 2788 463; x_wconf 74' lang='grc' dir='ltr'><strong>ἐνειστήκει</strong></span> <span class='ocrx_word' id='word_1_11' title='bbox 2823 390 3049 460; x_wconf 76' lang='grc' dir='ltr'>Πέτρου,</span> <span class='ocrx_word' id='word_1_12' title='bbox 3076 389 3167 442; x_wconf 73' lang='grc' dir='ltr'>καὶ</span> <span class='ocrx_word' id='word_1_13' title='bbox 3208 389 3586 462; x_wconf 73' lang='grc' dir='ltr'>Ἀλεξάνδρεια</span> <span class='ocrx_word' id='word_1_14' title='bbox 3619 392 3776 445; x_wconf 75' lang='grc' dir='ltr'>πᾶσα</span> 
     </span>
    </p>
   </div>
   <div class='ocr_carea' id='block_1_4' title="bbox 525 474 2101 563">
    <p class='ocr_par' dir='ltr' id='par_1_4' title="bbox 525 493 2086 563">
     <span class='ocr_line' id='line_1_4' title="bbox 525 493 2086 563; baseline -0.005 -11"><span class='ocrx_word' id='word_1_15' title='bbox 525 497 597 552; x_wconf 86' lang='lat' dir='ltr'><strong>At</strong></span> <span class='ocrx_word' id='word_1_16' title='bbox 628 509 907 550; x_wconf 85' lang='lat' dir='ltr'><strong>successor</strong></span> <span class='ocrx_word' id='word_1_17' title='bbox 952 495 1094 550; x_wconf 90' lang='lat' dir='ltr'><strong>illius</strong></span> <span class='ocrx_word' id='word_1_18' title='bbox 1137 504 1355 549; x_wconf 89' lang='lat' dir='ltr'><strong>sanctus</strong></span> <span class='ocrx_word' id='word_1_19' title='bbox 1396 494 1703 548; x_wconf 81' lang='lat' dir='ltr'><strong>Alexander</strong></span> <span class='ocrx_word' id='word_1_20' title='bbox 1744 500 1863 563; x_wconf 87' lang='lat' dir='ltr'><strong>post</strong></span> <span class='ocrx_word' id='word_1_21' title='bbox 1906 493 2086 545; x_wconf 89' lang='lat' dir='ltr'><strong>divina</strong></span> 
     </span>
    </p>
   </div>
   <div class='ocr_carea' id='block_1_5' title="bbox 2197 474 3773 563">
    <p class='ocr_par' dir='ltr' id='par_1_5' title="bbox 2197 474 3773 551">
     <span class='ocr_line' id='line_1_5' title="bbox 2197 474 3773 551; baseline -0.005 -17"><span class='ocrx_word' id='word_1_22' title='bbox 2197 479 2284 551; x_wconf 77' lang='grc' dir='ltr'><strong>τὴν</strong></span> <span class='ocrx_word' id='word_1_23' title='bbox 2319 480 2533 550; x_wconf 83' lang='grc' dir='ltr'><strong>μνήμην</strong></span> <span class='ocrx_word' id='word_1_24' title='bbox 2580 476 2849 547; x_wconf 82' lang='grc' dir='ltr'>ἐγέραιρε,</span> <span class='ocrx_word' id='word_1_25' title='bbox 2892 475 2983 527; x_wconf 75' lang='grc' dir='ltr'><strong>καὶ</strong></span> <span class='ocrx_word' id='word_1_26' title='bbox 3018 476 3046 527; x_wconf 81' lang='grc' dir='ltr'>ὁ</span> <span class='ocrx_word' id='word_1_27' title='bbox 3082 474 3271 527; x_wconf 85' lang='grc' dir='ltr'>τούτου</span> <span class='ocrx_word' id='word_1_28' title='bbox 3305 476 3546 545; x_wconf 76' lang='grc' dir='ltr'>διάδοχος</span> <span class='ocrx_word' id='word_1_29' title='bbox 3572 478 3600 529; x_wconf 82' lang='grc' dir='ltr'>ὁ</span> <span class='ocrx_word' id='word_1_30' title='bbox 3626 478 3773 546; x_wconf 66' lang='grc' dir='ltr'>ίερὲς</span> 
     </span>
    </p>
   </div>
   <div class='ocr_carea' id='block_1_6' title="bbox 526 564 2102 675">
    <p class='ocr_par' dir='ltr' id='par_1_6' title="bbox 526 584 2088 660">
     <span class='ocr_line' id='line_1_6' title="bbox 526 584 2088 660; baseline -0.004 -16"><span class='ocrx_word' id='word_1_31' title='bbox 526 588 803 660; x_wconf 81' lang='lat' dir='ltr'><strong>mysteria,</strong></span> <span class='ocrx_word' id='word_1_32' title='bbox 830 588 1149 657; x_wconf 81' lang='lat' dir='ltr'><strong>insigniores</strong></span> <span class='ocrx_word' id='word_1_33' title='bbox 1173 603 1203 643; x_wconf 94' lang='lat' dir='ltr'><strong>e</strong></span> <span class='ocrx_word' id='word_1_34' title='bbox 1228 587 1372 641; x_wconf 91' lang='lat' dir='ltr'><strong>clero</strong></span> <span class='ocrx_word' id='word_1_35' title='bbox 1423 586 1668 641; x_wconf 84' lang='lat' dir='ltr'><strong>convivio</strong></span> <span class='ocrx_word' id='word_1_36' title='bbox 1696 587 1928 655; x_wconf 82' lang='lat' dir='ltr'><strong>excepit.</strong></span> <span class='ocrx_word' id='word_1_37' title='bbox 1952 584 2088 638; x_wconf 86' lang='lat' dir='ltr'><strong>Dum</strong></span> 
     </span>
    </p>
   </div>
   <div class='ocr_carea' id='block_1_7' title="bbox 2193 564 3769 675">
    <p class='ocr_par' dir='ltr' id='par_1_7' title="bbox 2203 564 3769 675">
     <span class='ocr_line' id='line_1_7' title="bbox 2203 564 3769 640; baseline -0.003 -17"><span class='ocrx_word' id='word_1_38' title='bbox 2203 570 2543 639; x_wconf 79' lang='grc' dir='ltr'>Ἀλέξανδρος</span> <span class='ocrx_word' id='word_1_39' title='bbox 2599 567 2735 637; x_wconf 84' lang='grc' dir='ltr'><strong>μετά</strong></span> <span class='ocrx_word' id='word_1_40' title='bbox 2777 568 2875 628; x_wconf 74' lang='grc' dir='ltr'><strong>τὰς</strong></span> <span class='ocrx_word' id='word_1_41' title='bbox 2907 564 3057 628; x_wconf 82' lang='grc' dir='ltr'>Θείας</span> <span class='ocrx_word' id='word_1_42' title='bbox 3105 566 3325 630; x_wconf 74' lang='grc' dir='ltr'>τελετὰς</span> <span class='ocrx_word' id='word_1_43' title='bbox 3377 568 3470 621; x_wconf 75' lang='grc' dir='ltr'><strong>καὶ</strong></span> <span class='ocrx_word' id='word_1_44' title='bbox 3515 571 3769 640; x_wconf 73' lang='grc' dir='ltr'>τραπέζῃ</span> 
     </span>
     <span class='ocr_line' id='line_1_8' title="bbox 2254 652 3692 675; baseline -0.001 1"><span class='ocrx_word' id='word_1_45' title='bbox 2254 663 2265 675; x_wconf 84' lang='grc'><strong>.</strong></span> <span class='ocrx_word' id='word_1_46' title='bbox 2347 663 2359 675; x_wconf 91' lang='grc'><strong>.</strong></span> <span class='ocrx_word' id='word_1_47' title='bbox 2465 660 2489 672; x_wconf 78' lang='lat'><strong>-</strong></span> <span class='ocrx_word' id='word_1_48' title='bbox 2562 659 2615 675; x_wconf 64' lang='grc' dir='ltr'>ς,</span> <span class='ocrx_word' id='word_1_49' title='bbox 2737 655 3111 675; x_wconf 6' lang='lat' dir='ltr'><strong>Limn...)-</strong></span> <span class='ocrx_word' id='word_1_50' title='bbox 3169 656 3249 675; x_wconf 47' lang='grc' dir='ltr'><strong>-η</strong></span> <span class='ocrx_word' id='word_1_51' title='bbox 3325 658 3380 675; x_wconf 61' lang='grc' dir='ltr'>..η</span> <span class='ocrx_word' id='word_1_52' title='bbox 3447 652 3556 675; x_wconf 76' lang='grc' dir='ltr'>τ...</span> <span class='ocrx_word' id='word_1_53' title='bbox 3667 659 3692 669; x_wconf 84' lang='grc'><strong><em>-</em></strong></span> 
     </span>
    </p>
   </div>
   <div class='ocr_carea' id='block_1_8' title="bbox 524 655 2100 750">
    <p class='ocr_par' dir='ltr' id='par_1_8' title="bbox 524 679 2090 750">
     <span class='ocr_line' id='line_1_9' title="bbox 524 679 2090 750; baseline 0.001 -18"><span class='ocrx_word' id='word_1_54' title='bbox 524 689 846 750; x_wconf 75' lang='lat' dir='ltr'><strong>pararentur</strong></span> <span class='ocrx_word' id='word_1_55' title='bbox 869 680 1073 745; x_wconf 88' lang='lat' dir='ltr'><strong>omnia,</strong></span> <span class='ocrx_word' id='word_1_56' title='bbox 1096 681 1270 734; x_wconf 89' lang='lat' dir='ltr'><strong>cernit</strong></span> <span class='ocrx_word' id='word_1_57' title='bbox 1302 695 1365 734; x_wconf 82' lang='lat' dir='ltr'><strong>ex</strong></span> <span class='ocrx_word' id='word_1_58' title='bbox 1400 681 1631 750; x_wconf 86' lang='lat' dir='ltr'><strong>quodam</strong></span> <span class='ocrx_word' id='word_1_59' title='bbox 1661 680 1937 748; x_wconf 83' lang='lat' dir='ltr'><strong>inaspecto</strong></span> <span class='ocrx_word' id='word_1_60' title='bbox 1973 679 2090 733; x_wconf 81' lang='lat' dir='ltr'><strong>lecu</strong></span> 
     </span>
    </p>
   </div>
   <div class='ocr_carea' id='block_1_9' title="bbox 2195 655 3771 750">
    <p class='ocr_par' dir='ltr' id='par_1_9' title="bbox 2195 655 3771 731">
     <span class='ocr_line' id='line_1_10' title="bbox 2195 655 3771 731; baseline -0.003 -16"><span class='ocrx_word' id='word_1_61' title='bbox 2195 663 2312 725; x_wconf 80' lang='grc' dir='ltr'>τοὺς</span> <span class='ocrx_word' id='word_1_62' title='bbox 2344 663 2400 714; x_wconf 86' lang='grc' dir='ltr'><strong>ἐν</strong></span> <span class='ocrx_word' id='word_1_63' title='bbox 2421 660 2499 731; x_wconf 85' lang='grc' dir='ltr'>τῷ</span> <span class='ocrx_word' id='word_1_64' title='bbox 2526 659 2711 730; x_wconf 83' lang='grc' dir='ltr'>κλήρῳ</span> <span class='ocrx_word' id='word_1_65' title='bbox 2737 656 2965 725; x_wconf 76' lang='grc' dir='ltr'><strong>λογάδας</strong></span> <span class='ocrx_word' id='word_1_66' title='bbox 2996 655 3276 719; x_wconf 79' lang='grc' dir='ltr'>ἐδεξιοῦτο.</span> <span class='ocrx_word' id='word_1_67' title='bbox 3325 658 3413 711; x_wconf 82' lang='grc' dir='ltr'>Ἐν</span> <span class='ocrx_word' id='word_1_68' title='bbox 3441 655 3484 726; x_wconf 83' lang='grc' dir='ltr'>ᾧ</span> <span class='ocrx_word' id='word_1_69' title='bbox 3511 658 3569 711; x_wconf 79' lang='grc' dir='ltr'><strong>δὲ</strong></span> <span class='ocrx_word' id='word_1_70' title='bbox 3590 659 3771 712; x_wconf 86' lang='grc' dir='ltr'>ταῦτα</span> 
     </span>
    </p>
   </div>
   <div class='ocr_carea' id='block_1_10' title="bbox 528 751 2104 840">
    <p class='ocr_par' dir='ltr' id='par_1_10' title="bbox 528 770 2086 840">
     <span class='ocr_line' id='line_1_11' title="bbox 528 770 2086 840; baseline 0.001 -18"><span class='ocrx_word' id='word_1_71' title='bbox 528 772 592 823; x_wconf 85' lang='lat' dir='ltr'><strong>ad</strong></span> <span class='ocrx_word' id='word_1_72' title='bbox 632 785 783 823; x_wconf 89' lang='lat' dir='ltr'><strong>oram</strong></span> <span class='ocrx_word' id='word_1_73' title='bbox 832 771 997 825; x_wconf 89' lang='lat' dir='ltr'><strong>maris</strong></span> <span class='ocrx_word' id='word_1_74' title='bbox 1063 786 1258 839; x_wconf 91' lang='lat' dir='ltr'><strong>pueros</strong></span> <span class='ocrx_word' id='word_1_75' title='bbox 1326 772 1555 840; x_wconf 88' lang='lat' dir='ltr'><strong>simplici</strong></span> <span class='ocrx_word' id='word_1_76' title='bbox 1604 772 1785 825; x_wconf 91' lang='lat' dir='ltr'><strong>animo</strong></span> <span class='ocrx_word' id='word_1_77' title='bbox 1821 770 2086 834; x_wconf 79' lang='lat' dir='ltr'><strong>ludentes,</strong></span> 
     </span>
    </p>
   </div>
   <div class='ocr_carea' id='block_1_11' title="bbox 2193 751 3769 840">
    <p class='ocr_par' dir='ltr' id='par_1_11' title="bbox 2193 751 3769 827">
     <span class='ocr_line' id='line_1_12' title="bbox 2193 751 3769 827; baseline -0.001 -20"><span class='ocrx_word' id='word_1_78' title='bbox 2193 754 2560 827; x_wconf 76' lang='grc' dir='ltr'>ηὑτρεπίζετο,</span> <span class='ocrx_word' id='word_1_79' title='bbox 2592 754 2693 823; x_wconf 79' lang='grc' dir='ltr'>ὁρᾷ</span> <span class='ocrx_word' id='word_1_80' title='bbox 2733 769 2872 815; x_wconf 85' lang='grc' dir='ltr'>τινος</span> <span class='ocrx_word' id='word_1_81' title='bbox 2898 751 2953 816; x_wconf 78' lang='grc' dir='ltr'><strong>ἐξ</strong></span> <span class='ocrx_word' id='word_1_82' title='bbox 2992 752 3236 804; x_wconf 76' lang='grc' dir='ltr'>ἀπόπτου</span> <span class='ocrx_word' id='word_1_83' title='bbox 3278 753 3425 823; x_wconf 83' lang='grc' dir='ltr'><strong>παρά</strong></span> <span class='ocrx_word' id='word_1_84' title='bbox 3471 754 3571 815; x_wconf 80' lang='grc' dir='ltr'><strong>τὰς</strong></span> <span class='ocrx_word' id='word_1_85' title='bbox 3598 753 3769 824; x_wconf 76' lang='grc' dir='ltr'>ὄχθας</span> 
     </span>
    </p>
   </div>
   <div class='ocr_carea' id='block_1_12' title="bbox 528 842 2104 949">
    <p class='ocr_par' dir='ltr' id='par_1_12' title="bbox 528 861 2089 931">
     <span class='ocr_line' id='line_1_13' title="bbox 528 861 2089 931; baseline 0.001 -16"><span class='ocrx_word' id='word_1_86' title='bbox 528 878 754 931; x_wconf 86' lang='lat' dir='ltr'><strong>quorum</strong></span> <span class='ocrx_word' id='word_1_87' title='bbox 781 861 935 931; x_wconf 81' lang='lat' dir='ltr'><strong>jocus</strong></span> <span class='ocrx_word' id='word_1_88' title='bbox 984 870 1103 917; x_wconf 86' lang='lat' dir='ltr'><strong>erat</strong></span> <span class='ocrx_word' id='word_1_89' title='bbox 1147 864 1377 918; x_wconf 88' lang='lat' dir='ltr'><strong>imitatio</strong></span> <span class='ocrx_word' id='word_1_90' title='bbox 1414 880 1694 920; x_wconf 87' lang='lat' dir='ltr'><strong>sacrorum</strong></span> <span class='ocrx_word' id='word_1_91' title='bbox 1743 865 2089 919; x_wconf 85' lang='lat' dir='ltr'><strong>terribilium-</strong></span> 
     </span>
    </p>
   </div>
   <div class='ocr_carea' id='block_1_13' title="bbox 2198 842 3774 949">
    <p class='ocr_par' dir='ltr' id='par_1_13' title="bbox 2198 842 3774 949">
     <span class='ocr_line' id='line_1_14' title="bbox 2198 842 3774 919; baseline -0.004 -19"><span class='ocrx_word' id='word_1_92' title='bbox 2198 851 2287 919; x_wconf 81' lang='grc' dir='ltr'>τῆς</span> <span class='ocrx_word' id='word_1_93' title='bbox 2313 846 2583 915; x_wconf 76' lang='grc' dir='ltr'><strong>θαλάσσης</strong></span> <span class='ocrx_word' id='word_1_94' title='bbox 2613 844 2805 907; x_wconf 88' lang='grc' dir='ltr'>παῖδας</span> <span class='ocrx_word' id='word_1_95' title='bbox 2834 842 3090 913; x_wconf 81' lang='grc' dir='ltr'>ἀπλάστῳ</span> <span class='ocrx_word' id='word_1_96' title='bbox 3125 843 3317 914; x_wconf 80' lang='grc' dir='ltr'>γνώμῃ</span> <span class='ocrx_word' id='word_1_97' title='bbox 3345 842 3641 907; x_wconf 77' lang='grc' dir='ltr'>παίζοντας</span> <span class='ocrx_word' id='word_1_98' title='bbox 3674 843 3774 896; x_wconf 70' lang='grc' dir='ltr'><strong>καὶ</strong></span> 
     </span>
     <span class='ocr_line' id='line_1_15' title="bbox 2225 928 3595 949; baseline -0.004 4"><span class='ocrx_word' id='word_1_99' title='bbox 2225 939 2237 949; x_wconf 71' lang='grc' dir='ltr'><strong>ι</strong></span> <span class='ocrx_word' id='word_1_100' title='bbox 2386 937 2396 949; x_wconf 76' lang='grc' dir='ltr'><em>ι</em></span> <span class='ocrx_word' id='word_1_101' title='bbox 2636 935 2647 949; x_wconf 76' lang='grc' dir='ltr'><em>ι</em></span> <span class='ocrx_word' id='word_1_102' title='bbox 2848 928 2873 949; x_wconf 78' lang='grc' dir='ltr'><strong>τ</strong></span> <span class='ocrx_word' id='word_1_103' title='bbox 2949 934 2959 946; x_wconf 80' lang='grc' dir='ltr'><strong><em>ο</em></strong></span> <span class='ocrx_word' id='word_1_104' title='bbox 3171 932 3195 943; x_wconf 76' lang='grc' dir='ltr'>ι-</span> <span class='ocrx_word' id='word_1_105' title='bbox 3336 935 3351 949; x_wconf 59' lang='grc' dir='ltr'><strong>ς</strong></span> <span class='ocrx_word' id='word_1_106' title='bbox 3570 932 3595 943; x_wconf 74' lang='lat'><strong>-</strong></span> 
     </span>
    </p>
   </div>
   <div class='ocr_carea' id='block_1_14' title="bbox 526 934 2102 1035">
    <p class='ocr_par' dir='ltr' id='par_1_14' title="bbox 526 957 2092 1027">
     <span class='ocr_line' id='line_1_16' title="bbox 526 957 2092 1027; baseline 0.002 -20"><span class='ocrx_word' id='word_1_107' title='bbox 526 968 631 1023; x_wconf 88' lang='lat' dir='ltr'><strong>que</strong></span> <span class='ocrx_word' id='word_1_108' title='bbox 663 958 1037 1025; x_wconf 86' lang='lat' dir='ltr'><strong>mysteriorum</strong></span> <span class='ocrx_word' id='word_1_109' title='bbox 1067 974 1082 1011; x_wconf 89' lang='lat'><strong>:</strong></span> <span class='ocrx_word' id='word_1_110' title='bbox 1113 972 1218 1011; x_wconf 91' lang='lat' dir='ltr'><strong>non</strong></span> <span class='ocrx_word' id='word_1_111' title='bbox 1266 959 1410 1027; x_wconf 90' lang='lat' dir='ltr'><strong>quod</strong></span> <span class='ocrx_word' id='word_1_112' title='bbox 1444 957 1512 1010; x_wconf 90' lang='lat' dir='ltr'><strong>ad</strong></span> <span class='ocrx_word' id='word_1_113' title='bbox 1562 957 1937 1012; x_wconf 88' lang='lat' dir='ltr'><strong>contumeliam</strong></span> <span class='ocrx_word' id='word_1_114' title='bbox 1979 958 2092 1011; x_wconf 67' lang='lat' dir='ltr'><strong>inec</strong></span> 
     </span>
    </p>
   </div>
   <div class='ocr_carea' id='block_1_15' title="bbox 2198 934 3774 1035">
    <p class='ocr_par' dir='ltr' id='par_1_15' title="bbox 2198 934 3774 1006">
     <span class='ocr_line' id='line_1_17' title="bbox 2198 934 3774 1006; baseline -0.004 -16"><span class='ocrx_word' id='word_1_115' title='bbox 2198 939 2250 991; x_wconf 83' lang='grc' dir='ltr'><strong>τὸ</strong></span> <span class='ocrx_word' id='word_1_116' title='bbox 2299 937 2547 1005; x_wconf 90' lang='grc' dir='ltr'>παίγνιον</span> <span class='ocrx_word' id='word_1_117' title='bbox 2590 935 2815 1006; x_wconf 76' lang='grc' dir='ltr'>μίμησις</span> <span class='ocrx_word' id='word_1_118' title='bbox 2846 934 2912 1003; x_wconf 79' lang='grc' dir='ltr'>ἦν</span> <span class='ocrx_word' id='word_1_119' title='bbox 2949 934 3234 1003; x_wconf 81' lang='grc' dir='ltr'>ἱερατικῶν</span> <span class='ocrx_word' id='word_1_120' title='bbox 3269 935 3361 986; x_wconf 67' lang='grc' dir='ltr'>καὶ</span> <span class='ocrx_word' id='word_1_121' title='bbox 3392 934 3637 1004; x_wconf 72' lang='grc' dir='ltr'>φρικτῶν</span> <span class='ocrx_word' id='word_1_122' title='bbox 3670 950 3774 1002; x_wconf 82' lang='grc' dir='ltr'>μυ·-</span> 
     </span>
    </p>
   </div>
   <div class='ocr_carea' id='block_1_16' title="bbox 528 1024 2104 1131">
    <p class='ocr_par' dir='ltr' id='par_1_16' title="bbox 528 1045 2091 1118">
     <span class='ocr_line' id='line_1_18' title="bbox 528 1045 2091 1118; baseline 0.003 -20"><span class='ocrx_word' id='word_1_123' title='bbox 528 1045 739 1113; x_wconf 77' lang='lat' dir='ltr'><strong>fierent,</strong></span> <span class='ocrx_word' id='word_1_124' title='bbox 778 1049 870 1102; x_wconf 88' lang='lat' dir='ltr'><strong>sed</strong></span> <span class='ocrx_word' id='word_1_125' title='bbox 902 1048 1016 1103; x_wconf 87' lang='lat' dir='ltr'><strong>solo</strong></span> <span class='ocrx_word' id='word_1_126' title='bbox 1059 1051 1347 1118; x_wconf 90' lang='lat' dir='ltr'><strong>spectaculi</strong></span> <span class='ocrx_word' id='word_1_127' title='bbox 1388 1051 1675 1117; x_wconf 87' lang='lat' dir='ltr'><strong>desiderio,</strong></span> <span class='ocrx_word' id='word_1_128' title='bbox 1718 1050 1829 1104; x_wconf 91' lang='lat' dir='ltr'><strong>ausi</strong></span> <span class='ocrx_word' id='word_1_129' title='bbox 1880 1057 2004 1103; x_wconf 91' lang='lat' dir='ltr'><strong>sunt</strong></span> <span class='ocrx_word' id='word_1_130' title='bbox 2030 1063 2091 1103; x_wconf 91' lang='lat' dir='ltr'><strong>ea</strong></span> 
     </span>
    </p>
   </div>
   <div class='ocr_carea' id='block_1_17' title="bbox 2203 1024 3779 1131">
    <p class='ocr_par' dir='ltr' id='par_1_17' title="bbox 2203 1024 3779 1101">
     <span class='ocr_line' id='line_1_19' title="bbox 2203 1024 3779 1101; baseline -0.006 -18"><span class='ocrx_word' id='word_1_131' title='bbox 2203 1032 2446 1101; x_wconf 73' lang='grc' dir='ltr'>στηρίων,</span> <span class='ocrx_word' id='word_1_132' title='bbox 2479 1029 2578 1080; x_wconf 74' lang='grc' dir='ltr'><strong>οὐκ</strong></span> <span class='ocrx_word' id='word_1_133' title='bbox 2606 1028 2685 1089; x_wconf 88' lang='grc' dir='ltr'><strong>είς</strong></span> <span class='ocrx_word' id='word_1_134' title='bbox 2710 1026 2864 1096; x_wconf 76' lang='grc' dir='ltr'>ὕϐριν</span> <span class='ocrx_word' id='word_1_135' title='bbox 2900 1026 3036 1078; x_wconf 85' lang='grc' dir='ltr'><strong>αύτά</strong></span> <span class='ocrx_word' id='word_1_136' title='bbox 3070 1025 3490 1098; x_wconf 81' lang='grc' dir='ltr'>περιτρέπουσα,</span> <span class='ocrx_word' id='word_1_137' title='bbox 3517 1024 3597 1095; x_wconf 79' lang='grc' dir='ltr'><strong>τῷ</strong></span> <span class='ocrx_word' id='word_1_138' title='bbox 3624 1024 3779 1095; x_wconf 81' lang='grc' dir='ltr'>πόθῳ</span> 
     </span>
    </p>
   </div>
   <div class='ocr_carea' id='block_1_18' title="bbox 526 1116 2102 1221">
    <p class='ocr_par' dir='ltr' id='par_1_18' title="bbox 526 1138 2093 1209">
     <span class='ocr_line' id='line_1_20' title="bbox 526 1138 2093 1209; baseline 0.003 -21"><span class='ocrx_word' id='word_1_139' title='bbox 526 1150 647 1205; x_wconf 70' lang='lat' dir='ltr'><strong>qua:</strong></span> <span class='ocrx_word' id='word_1_140' title='bbox 678 1138 875 1192; x_wconf 89' lang='lat' dir='ltr'><strong>audere</strong></span> <span class='ocrx_word' id='word_1_141' title='bbox 905 1154 1009 1192; x_wconf 92' lang='lat' dir='ltr'><strong>non</strong></span> <span class='ocrx_word' id='word_1_142' title='bbox 1041 1141 1298 1209; x_wconf 90' lang='lat' dir='ltr'><strong>oportuit.</strong></span> <span class='ocrx_word' id='word_1_143' title='bbox 1325 1138 1459 1193; x_wconf 89' lang='lat' dir='ltr'><strong>Tum</strong></span> <span class='ocrx_word' id='word_1_144' title='bbox 1492 1142 1677 1194; x_wconf 87' lang='lat' dir='ltr'><strong>eadem</strong></span> <span class='ocrx_word' id='word_1_145' title='bbox 1722 1139 1921 1193; x_wconf 87' lang='lat' dir='ltr'><strong>rituum</strong></span> <span class='ocrx_word' id='word_1_146' title='bbox 1968 1140 2093 1193; x_wconf 88' lang='lat' dir='ltr'><strong>imi-</strong></span> 
     </span>
    </p>
   </div>
   <div class='ocr_carea' id='block_1_19' title="bbox 2204 1116 3780 1221">
    <p class='ocr_par' dir='ltr' id='par_1_19' title="bbox 2204 1116 3780 1189">
     <span class='ocr_line' id='line_1_21' title="bbox 2204 1116 3780 1189; baseline -0.004 -14"><span class='ocrx_word' id='word_1_147' title='bbox 2204 1123 2247 1175; x_wconf 70' lang='grc' dir='ltr'><strong>Ξὲ</strong></span> <span class='ocrx_word' id='word_1_148' title='bbox 2288 1121 2379 1174; x_wconf 88' lang='grc' dir='ltr'><strong>τοῦ</strong></span> <span class='ocrx_word' id='word_1_149' title='bbox 2425 1122 2690 1189; x_wconf 76' lang='grc' dir='ltr'>θεάματος</span> <span class='ocrx_word' id='word_1_150' title='bbox 2730 1118 2982 1188; x_wconf 80' lang='grc' dir='ltr'>τολμῶσα</span> <span class='ocrx_word' id='word_1_151' title='bbox 3016 1117 3107 1170; x_wconf 75' lang='grc' dir='ltr'><strong>καὶ</strong></span> <span class='ocrx_word' id='word_1_152' title='bbox 3136 1116 3206 1170; x_wconf 80' lang='grc' dir='ltr'><strong>τά</strong></span> <span class='ocrx_word' id='word_1_153' title='bbox 3262 1117 3565 1188; x_wconf 88' lang='grc' dir='ltr'>ἀτόλμητα.</span> <span class='ocrx_word' id='word_1_154' title='bbox 3614 1116 3780 1169; x_wconf 77' lang='grc' dir='ltr'>Ἀλλὰ</span> 
     </span>
    </p>
   </div>
   <div class='ocr_carea' id='block_1_20' title="bbox 528 1210 2104 1301">
    <p class='ocr_par' dir='ltr' id='par_1_20' title="bbox 528 1228 2094 1301">
     <span class='ocr_line' id='line_1_22' title="bbox 528 1228 2094 1301; baseline 0.004 -21"><span class='ocrx_word' id='word_1_155' title='bbox 528 1228 730 1283; x_wconf 82' lang='lat' dir='ltr'><strong>talione</strong></span> <span class='ocrx_word' id='word_1_156' title='bbox 752 1228 1105 1284; x_wconf 81' lang='lat' dir='ltr'><strong>Athanasium</strong></span> <span class='ocrx_word' id='word_1_157' title='bbox 1135 1232 1447 1301; x_wconf 82' lang='lat' dir='ltr'><strong>episcopum</strong></span> <span class='ocrx_word' id='word_1_158' title='bbox 1475 1232 1826 1296; x_wconf 87' lang='lat' dir='ltr'><strong>constituere,</strong></span> <span class='ocrx_word' id='word_1_159' title='bbox 1860 1232 2094 1301; x_wconf 90' lang='lat' dir='ltr'><strong>reliquos</strong></span> 
     </span>
    </p>
   </div>
   <div class='ocr_carea' id='block_1_21' title="bbox 2200 1210 3776 1301">
    <p class='ocr_par' dir='ltr' id='par_1_21' title="bbox 2200 1210 3776 1286">
     <span class='ocr_line' id='line_1_23' title="bbox 2200 1210 3776 1286; baseline -0.004 -19"><span class='ocrx_word' id='word_1_160' title='bbox 2200 1216 2301 1286; x_wconf 79' lang='grc' dir='ltr'><strong>γὰρ</strong></span> <span class='ocrx_word' id='word_1_161' title='bbox 2333 1215 2421 1267; x_wconf 85' lang='grc' dir='ltr'><strong>τὸν</strong></span> <span class='ocrx_word' id='word_1_162' title='bbox 2459 1213 2555 1284; x_wconf 79' lang='grc' dir='ltr'><strong>μὲν</strong></span> <span class='ocrx_word' id='word_1_163' title='bbox 2584 1212 2895 1265; x_wconf 84' lang='grc' dir='ltr'>Ἀθανάσιον</span> <span class='ocrx_word' id='word_1_164' title='bbox 2926 1210 3217 1262; x_wconf 80' lang='grc' dir='ltr'>ἐπίσκοπον</span> <span class='ocrx_word' id='word_1_165' title='bbox 3238 1210 3409 1263; x_wconf 88' lang='grc' dir='ltr'>ἐποίει</span> <span class='ocrx_word' id='word_1_166' title='bbox 3442 1210 3476 1280; x_wconf 83' lang='grc' dir='ltr'>ἡ</span> <span class='ocrx_word' id='word_1_167' title='bbox 3510 1210 3776 1279; x_wconf 85' lang='grc' dir='ltr'>μίμησις·</span> 
     </span>
    </p>
   </div>
   <div class='ocr_carea' id='block_1_22' title="bbox 525 1300 2101 1393">
    <p class='ocr_par' dir='ltr' id='par_1_22' title="bbox 525 1321 2095 1393">
     <span class='ocr_line' id='line_1_24' title="bbox 525 1321 2095 1393; baseline 0.004 -22"><span class='ocrx_word' id='word_1_168' title='bbox 525 1329 704 1373; x_wconf 86' lang='lat' dir='ltr'><strong>autem</strong></span> <span class='ocrx_word' id='word_1_169' title='bbox 756 1321 807 1374; x_wconf 91' lang='lat' dir='ltr'><strong>in</strong></span> <span class='ocrx_word' id='word_1_170' title='bbox 855 1324 1303 1385; x_wconf 86' lang='lat' dir='ltr'><strong>catechumenos,</strong></span> <span class='ocrx_word' id='word_1_171' title='bbox 1361 1324 1694 1391; x_wconf 85' lang='lat' dir='ltr'><strong>haptizatos,</strong></span> <span class='ocrx_word' id='word_1_172' title='bbox 1749 1324 2095 1393; x_wconf 84' lang='lat' dir='ltr'><strong>presbyteros</strong></span> 
     </span>
    </p>
   </div>
   <div class='ocr_carea' id='block_1_23' title="bbox 2211 1300 3787 1393">
    <p class='ocr_par' dir='ltr' id='par_1_23' title="bbox 2211 1300 3787 1376">
     <span class='ocr_line' id='line_1_25' title="bbox 2211 1300 3787 1376; baseline -0.004 -15"><span class='ocrx_word' id='word_1_173' title='bbox 2211 1310 2253 1361; x_wconf 74' lang='grc' dir='ltr'><strong>τὸ</strong></span> <span class='ocrx_word' id='word_1_174' title='bbox 2280 1309 2335 1361; x_wconf 75' lang='grc' dir='ltr'>δὲ</span> <span class='ocrx_word' id='word_1_175' title='bbox 2365 1308 2550 1360; x_wconf 85' lang='grc' dir='ltr'>λοιπὸν</span> <span class='ocrx_word' id='word_1_176' title='bbox 2576 1308 2654 1370; x_wconf 75' lang='grc' dir='ltr'>εἷς</span> <span class='ocrx_word' id='word_1_177' title='bbox 2681 1324 2738 1359; x_wconf 88' lang='grc' dir='ltr'><strong>τε</strong></span> <span class='ocrx_word' id='word_1_178' title='bbox 2762 1305 3198 1376; x_wconf 80' lang='grc' dir='ltr'>κατηχουμὲνους</span> <span class='ocrx_word' id='word_1_179' title='bbox 3229 1304 3324 1356; x_wconf 69' lang='grc' dir='ltr'><strong>καὶ</strong></span> <span class='ocrx_word' id='word_1_180' title='bbox 3349 1300 3787 1372; x_wconf 65' lang='grc' dir='ltr'>βαπτιζομένους</span> 
     </span>
    </p>
   </div>
   <div class='ocr_carea' id='block_1_24' title="bbox 526 1392 2102 1484">
    <p class='ocr_par' dir='ltr' id='par_1_24' title="bbox 526 1392 2092 1484">
     <span class='ocr_line' id='line_1_26' title="bbox 526 1392 2092 1484; baseline 0.004 -23"><span class='ocrx_word' id='word_1_181' title='bbox 526 1408 651 1463; x_wconf 86' lang='lat' dir='ltr'><strong>item</strong></span> <span class='ocrx_word' id='word_1_182' title='bbox 694 1422 747 1465; x_wconf 92' lang='lat' dir='ltr'><strong>et</strong></span> <span class='ocrx_word' id='word_1_183' title='bbox 776 1412 1029 1467; x_wconf 84' lang='lat' dir='ltr'><strong>diaconos</strong></span> <span class='ocrx_word' id='word_1_184' title='bbox 1071 1415 1416 1484; x_wconf 86' lang='lat' dir='ltr'><strong>deputarunt.</strong></span> <span class='ocrx_word' id='word_1_185' title='bbox 1446 1392 1791 1484; x_wconf 82' lang='lat' dir='ltr'><strong>Stupefactus</strong></span> <span class='ocrx_word' id='word_1_186' title='bbox 1821 1392 1967 1469; x_wconf 85' lang='lat' dir='ltr'><strong>hisce</strong></span> <span class='ocrx_word' id='word_1_187' title='bbox 1997 1428 2092 1482; x_wconf 84' lang='lat' dir='ltr'><strong>ge-</strong></span> 
     </span>
    </p>
   </div>
   <div class='ocr_carea' id='block_1_25' title="bbox 2203 1392 3779 1484">
    <p class='ocr_par' dir='ltr' id='par_1_25' title="bbox 2203 1392 3779 1469">
     <span class='ocr_line' id='line_1_27' title="bbox 2203 1392 3779 1469; baseline -0.004 -18"><span class='ocrx_word' id='word_1_188' title='bbox 2203 1399 2288 1451; x_wconf 79' lang='grc' dir='ltr'><strong>καὶ</strong></span> <span class='ocrx_word' id='word_1_189' title='bbox 2314 1398 2377 1469; x_wconf 81' lang='grc' dir='ltr'>δὴ</span> <span class='ocrx_word' id='word_1_190' title='bbox 2408 1400 2487 1461; x_wconf 85' lang='grc' dir='ltr'><strong>είς</strong></span> <span class='ocrx_word' id='word_1_191' title='bbox 2526 1397 2793 1463; x_wconf 86' lang='grc' dir='ltr'>πρεσϐυτέ</span> <span class='ocrx_word' id='word_1_192' title='bbox 2805 1414 2927 1468; x_wconf 91' lang='grc' dir='ltr'>ρους</span> <span class='ocrx_word' id='word_1_193' title='bbox 2956 1396 3047 1449; x_wconf 76' lang='grc' dir='ltr'>καὶ</span> <span class='ocrx_word' id='word_1_194' title='bbox 3072 1395 3350 1457; x_wconf 78' lang='grc' dir='ltr'>διακόνους</span> <span class='ocrx_word' id='word_1_195' title='bbox 3384 1392 3779 1463; x_wconf 75' lang='grc' dir='ltr'><strong>ἐσχημάτιζεν.</strong></span> 
     </span>
    </p>
   </div>
   <div class='ocr_carea' id='block_1_26' title="bbox 525 1485 2101 1577">
    <p class='ocr_par' dir='ltr' id='par_1_26' title="bbox 525 1504 2094 1577">
     <span class='ocr_line' id='line_1_28' title="bbox 525 1504 2094 1577; baseline 0.002 -20"><span class='ocrx_word' id='word_1_196' title='bbox 525 1506 621 1559; x_wconf 83' lang='lat' dir='ltr'><strong>stis</strong></span> <span class='ocrx_word' id='word_1_197' title='bbox 664 1504 982 1571; x_wconf 72' lang='lat' dir='ltr'><strong>Alexander,</strong></span> <span class='ocrx_word' id='word_1_198' title='bbox 1033 1522 1225 1575; x_wconf 91' lang='lat' dir='ltr'><strong>pueros</strong></span> <span class='ocrx_word' id='word_1_199' title='bbox 1257 1507 1324 1561; x_wconf 89' lang='lat' dir='ltr'><strong>ad</strong></span> <span class='ocrx_word' id='word_1_200' title='bbox 1368 1522 1425 1561; x_wconf 90' lang='lat' dir='ltr'><strong>se</strong></span> <span class='ocrx_word' id='word_1_201' title='bbox 1469 1508 1590 1561; x_wconf 92' lang='lat' dir='ltr'><strong>duci</strong></span> <span class='ocrx_word' id='word_1_202' title='bbox 1636 1507 1822 1577; x_wconf 87' lang='lat' dir='ltr'><strong>jubet,</strong></span> <span class='ocrx_word' id='word_1_203' title='bbox 1864 1521 2094 1574; x_wconf 89' lang='lat' dir='ltr'><strong>cumque</strong></span> 
     </span>
    </p>
   </div>
   <div class='ocr_carea' id='block_1_27' title="bbox 2208 1485 3784 1577">
    <p class='ocr_par' dir='ltr' id='par_1_27' title="bbox 2208 1485 3784 1559">
     <span class='ocr_line' id='line_1_29' title="bbox 2208 1485 3784 1559; baseline -0.004 -15"><span class='ocrx_word' id='word_1_204' title='bbox 2208 1491 2529 1559; x_wconf 76' lang='grc' dir='ltr'>Ἐκπλαγεὶς</span> <span class='ocrx_word' id='word_1_205' title='bbox 2551 1485 2641 1543; x_wconf 84' lang='grc' dir='ltr'><strong>οῦν</strong></span> <span class='ocrx_word' id='word_1_206' title='bbox 2665 1492 2775 1554; x_wconf 87' lang='grc' dir='ltr'>τοῖς</span> <span class='ocrx_word' id='word_1_207' title='bbox 2804 1488 3145 1559; x_wconf 79' lang='grc' dir='ltr'>τελουμένοις</span> <span class='ocrx_word' id='word_1_208' title='bbox 3173 1491 3201 1542; x_wconf 83' lang='grc' dir='ltr'>ὁ</span> <span class='ocrx_word' id='word_1_209' title='bbox 3244 1487 3617 1557; x_wconf 82' lang='grc' dir='ltr'>Ἀλέξανδρος,</span> <span class='ocrx_word' id='word_1_210' title='bbox 3656 1486 3784 1553; x_wconf 82' lang='grc' dir='ltr'>ἄγει</span> 
     </span>
    </p>
   </div>
   <div class='ocr_carea' id='block_1_28' title="bbox 523 1577 2099 1663">
    <p class='ocr_par' dir='ltr' id='par_1_28' title="bbox 523 1597 2094 1663">
     <span class='ocr_line' id='line_1_30' title="bbox 523 1597 2094 1663; baseline 0.003 -17"><span class='ocrx_word' id='word_1_211' title='bbox 523 1597 907 1663; x_wconf 87' lang='lat' dir='ltr'><strong>comperisset,</strong></span> <span class='ocrx_word' id='word_1_212' title='bbox 972 1612 1078 1651; x_wconf 89' lang='lat' dir='ltr'><strong>non</strong></span> <span class='ocrx_word' id='word_1_213' title='bbox 1140 1598 1280 1651; x_wconf 90' lang='lat' dir='ltr'><strong>risus</strong></span> <span class='ocrx_word' id='word_1_214' title='bbox 1318 1606 1373 1652; x_wconf 91' lang='lat' dir='ltr'><strong>et</strong></span> <span class='ocrx_word' id='word_1_215' title='bbox 1404 1598 1511 1651; x_wconf 91' lang='lat' dir='ltr'><strong>ludi</strong></span> <span class='ocrx_word' id='word_1_216' title='bbox 1574 1612 1734 1651; x_wconf 89' lang='lat' dir='ltr'><strong>causa</strong></span> <span class='ocrx_word' id='word_1_217' title='bbox 1802 1597 1916 1651; x_wconf 70' lang='lat' dir='ltr'><strong>ham</strong></span> <span class='ocrx_word' id='word_1_218' title='bbox 1976 1609 2094 1651; x_wconf 91' lang='lat' dir='ltr'><strong>acta</strong></span> 
     </span>
    </p>
   </div>
   <div class='ocr_carea' id='block_1_29' title="bbox 2212 1577 3788 1663">
    <p class='ocr_par' dir='ltr' id='par_1_29' title="bbox 2212 1577 3788 1655">
     <span class='ocr_line' id='line_1_31' title="bbox 2212 1577 3788 1655; baseline -0.004 -18"><span class='ocrx_word' id='word_1_219' title='bbox 2212 1584 2332 1655; x_wconf 73' lang='grc' dir='ltr'>πρὸς</span> <span class='ocrx_word' id='word_1_220' title='bbox 2356 1584 2545 1638; x_wconf 77' lang='grc' dir='ltr'>ἑαυτὸν</span> <span class='ocrx_word' id='word_1_221' title='bbox 2576 1582 2701 1642; x_wconf 75' lang='grc' dir='ltr'>τοὺς</span> <span class='ocrx_word' id='word_1_222' title='bbox 2746 1580 2955 1645; x_wconf 83' lang='grc' dir='ltr'>παῖδας,</span> <span class='ocrx_word' id='word_1_223' title='bbox 2986 1581 3079 1633; x_wconf 73' lang='grc' dir='ltr'><strong>καὶ</strong></span> <span class='ocrx_word' id='word_1_224' title='bbox 3123 1581 3281 1648; x_wconf 77' lang='grc' dir='ltr'>γνοὺς</span> <span class='ocrx_word' id='word_1_225' title='bbox 3308 1580 3366 1632; x_wconf 84' lang='grc' dir='ltr'><strong>ού</strong></span> <span class='ocrx_word' id='word_1_226' title='bbox 3402 1577 3572 1650; x_wconf 80' lang='grc' dir='ltr'>χλεύῃ</span> <span class='ocrx_word' id='word_1_227' title='bbox 3607 1577 3788 1631; x_wconf 73' lang='grc' dir='ltr'>ταῦτα</span> 
     </span>
    </p>
   </div>
   <div class='ocr_carea' id='block_1_30' title="bbox 524 1669 2100 1756">
    <p class='ocr_par' dir='ltr' id='par_1_30' title="bbox 524 1682 2095 1756">
     <span class='ocr_line' id='line_1_32' title="bbox 524 1682 2095 1756; baseline 0.002 -21"><span class='ocrx_word' id='word_1_228' title='bbox 524 1682 722 1751; x_wconf 78' lang='lat' dir='ltr'><strong>fuisse;</strong></span> <span class='ocrx_word' id='word_1_229' title='bbox 756 1686 885 1748; x_wconf 89' lang='lat' dir='ltr'><strong>sed,</strong></span> <span class='ocrx_word' id='word_1_230' title='bbox 932 1696 991 1740; x_wconf 92' lang='lat' dir='ltr'><strong>ut</strong></span> <span class='ocrx_word' id='word_1_231' title='bbox 1034 1702 1101 1741; x_wconf 82' lang='lat' dir='ltr'><strong>ex</strong></span> <span class='ocrx_word' id='word_1_232' title='bbox 1152 1686 1597 1756; x_wconf 81' lang='lat' dir='ltr'><strong>subsequentibus</strong></span> <span class='ocrx_word' id='word_1_233' title='bbox 1649 1688 1969 1749; x_wconf 66' lang='lat' dir='ltr'><strong>aestimatur,</strong></span> <span class='ocrx_word' id='word_1_234' title='bbox 2016 1686 2095 1739; x_wconf 80' lang='lat' dir='ltr'><strong>af-</strong></span> 
     </span>
    </p>
   </div>
   <div class='ocr_carea' id='block_1_31' title="bbox 2209 1669 3785 1756">
    <p class='ocr_par' dir='ltr' id='par_1_31' title="bbox 2209 1669 3785 1743">
     <span class='ocr_line' id='line_1_33' title="bbox 2209 1669 3785 1743; baseline -0.004 -18"><span class='ocrx_word' id='word_1_235' title='bbox 2209 1674 2477 1743; x_wconf 79' lang='grc' dir='ltr'>γινόμενα,</span> <span class='ocrx_word' id='word_1_236' title='bbox 2509 1672 2643 1737; x_wconf 85' lang='grc' dir='ltr'>ἀλλ’,</span> <span class='ocrx_word' id='word_1_237' title='bbox 2676 1672 2751 1733; x_wconf 82' lang='grc' dir='ltr'>ὡς</span> <span class='ocrx_word' id='word_1_238' title='bbox 2783 1671 2848 1724; x_wconf 85' lang='grc' dir='ltr'>ἄν</span> <span class='ocrx_word' id='word_1_239' title='bbox 2871 1687 2954 1732; x_wconf 90' lang='grc' dir='ltr'><strong>τις</strong></span> <span class='ocrx_word' id='word_1_240' title='bbox 2984 1671 3048 1723; x_wconf 78' lang='grc' dir='ltr'><strong>ἐκ</strong></span> <span class='ocrx_word' id='word_1_241' title='bbox 3079 1671 3185 1723; x_wconf 79' lang='grc' dir='ltr'>τῶν</span> <span class='ocrx_word' id='word_1_242' title='bbox 3209 1669 3588 1738; x_wconf 84' lang='grc' dir='ltr'>ἐκϐεϐηκότων</span> <span class='ocrx_word' id='word_1_243' title='bbox 3622 1669 3785 1739; x_wconf 78' lang='grc' dir='ltr'>φαίη,</span> 
     </span>
    </p>
   </div>
   <div class='ocr_carea' id='block_1_32' title="bbox 523 1746 2099 1848">
    <p class='ocr_par' dir='ltr' id='par_1_32' title="bbox 523 1772 2091 1848">
     <span class='ocr_line' id='line_1_34' title="bbox 523 1772 2091 1848; baseline 0.004 -23"><span class='ocrx_word' id='word_1_244' title='bbox 523 1772 652 1827; x_wconf 81' lang='lat' dir='ltr'><strong>ﬂatu</strong></span> <span class='ocrx_word' id='word_1_245' title='bbox 699 1777 955 1843; x_wconf 89' lang='lat' dir='ltr'><strong>quodam,</strong></span> <span class='ocrx_word' id='word_1_246' title='bbox 1000 1786 1162 1848; x_wconf 91' lang='lat' dir='ltr'><strong>atque</strong></span> <span class='ocrx_word' id='word_1_247' title='bbox 1196 1778 1535 1845; x_wconf 87' lang='lat' dir='ltr'><strong>simplicitate</strong></span> <span class='ocrx_word' id='word_1_248' title='bbox 1585 1778 1805 1840; x_wconf 87' lang='lat' dir='ltr'><strong>mentis,</strong></span> <span class='ocrx_word' id='word_1_249' title='bbox 1839 1777 1893 1831; x_wconf 91' lang='lat' dir='ltr'><strong>in</strong></span> <span class='ocrx_word' id='word_1_250' title='bbox 1942 1793 2091 1831; x_wconf 87' lang='lat' dir='ltr'><strong>amo-</strong></span> 
     </span>
    </p>
   </div>
   <div class='ocr_carea' id='block_1_33' title="bbox 2213 1746 3789 1848">
    <p class='ocr_par' dir='ltr' id='par_1_33' title="bbox 2213 1759 3789 1834">
     <span class='ocr_line' id='line_1_35' title="bbox 2213 1759 3789 1834; baseline -0.002 -19"><span class='ocrx_word' id='word_1_251' title='bbox 2213 1763 2449 1834; x_wconf 70' lang='grc' dir='ltr'>;πιπνοία</span> <span class='ocrx_word' id='word_1_252' title='bbox 2480 1762 2584 1815; x_wconf 75' lang='grc' dir='ltr'>τινὶ</span> <span class='ocrx_word' id='word_1_253' title='bbox 2616 1761 2709 1815; x_wconf 75' lang='grc' dir='ltr'>καὶ</span> <span class='ocrx_word' id='word_1_254' title='bbox 2728 1762 2903 1832; x_wconf 75' lang='grc' dir='ltr'>ψυχῆς</span> <span class='ocrx_word' id='word_1_255' title='bbox 2924 1761 3183 1831; x_wconf 88' lang='grc' dir='ltr'>ἁπλότητι</span> <span class='ocrx_word' id='word_1_256' title='bbox 3218 1762 3296 1823; x_wconf 80' lang='grc' dir='ltr'>εἰς</span> <span class='ocrx_word' id='word_1_257' title='bbox 3322 1760 3499 1829; x_wconf 77' lang='grc' dir='ltr'>ἔρωτα</span> <span class='ocrx_word' id='word_1_258' title='bbox 3528 1759 3789 1830; x_wconf 85' lang='grc' dir='ltr'>προδιαν-</span> 
     </span>
    </p>
   </div>
   <div class='ocr_carea' id='block_1_34' title="bbox 530 1849 2106 1937">
    <p class='ocr_par' dir='ltr' id='par_1_34' title="bbox 530 1865 2091 1937">
     <span class='ocr_line' id='line_1_36' title="bbox 530 1865 2091 1937; baseline 0.004 -21"><span class='ocrx_word' id='word_1_259' title='bbox 530 1880 644 1917; x_wconf 88' lang='lat' dir='ltr'><strong>rem</strong></span> <span class='ocrx_word' id='word_1_260' title='bbox 678 1865 769 1920; x_wconf 88' lang='lat' dir='ltr'><strong>Dei</strong></span> <span class='ocrx_word' id='word_1_261' title='bbox 796 1869 1074 1931; x_wconf 70' lang='lat' dir='ltr'><strong>excitatte;</strong></span> <span class='ocrx_word' id='word_1_262' title='bbox 1110 1876 1369 1937; x_wconf 84' lang='lat' dir='ltr'><strong>quotquot</strong></span> <span class='ocrx_word' id='word_1_263' title='bbox 1402 1868 1560 1937; x_wconf 84' lang='lat' dir='ltr'><strong>igitur</strong></span> <span class='ocrx_word' id='word_1_264' title='bbox 1591 1868 1801 1922; x_wconf 90' lang='lat' dir='ltr'><strong>illorum</strong></span> <span class='ocrx_word' id='word_1_265' title='bbox 1834 1867 2091 1937; x_wconf 84' lang='lat' dir='ltr'><strong>baptizati</strong></span> 
     </span>
    </p>
   </div>
   <div class='ocr_carea' id='block_1_35' title="bbox 2211 1849 3787 1937">
    <p class='ocr_par' dir='ltr' id='par_1_35' title="bbox 2218 1849 3787 1925">
     <span class='ocr_line' id='line_1_37' title="bbox 2218 1849 3787 1925; baseline -0.003 -19"><span class='ocrx_word' id='word_1_266' title='bbox 2218 1853 2485 1924; x_wconf 79' lang='grc' dir='ltr'>σταμὲνης</span> <span class='ocrx_word' id='word_1_267' title='bbox 2517 1852 2610 1906; x_wconf 89' lang='grc' dir='ltr'><strong>τοῦ</strong></span> <span class='ocrx_word' id='word_1_268' title='bbox 2658 1854 2991 1925; x_wconf 70' lang='grc' dir='ltr'>κρείττονος*</span> <span class='ocrx_word' id='word_1_269' title='bbox 3036 1853 3149 1905; x_wconf 75' lang='grc' dir='ltr'>ὅσοι</span> <span class='ocrx_word' id='word_1_270' title='bbox 3204 1852 3303 1923; x_wconf 83' lang='grc' dir='ltr'><strong>μὲν</strong></span> <span class='ocrx_word' id='word_1_271' title='bbox 3337 1849 3517 1904; x_wconf 73' lang='grc' dir='ltr'>αὐτῶν</span> <span class='ocrx_word' id='word_1_272' title='bbox 3550 1849 3787 1903; x_wconf 80' lang='grc' dir='ltr'>ἐϐαπτί-</span> 
     </span>
    </p>
   </div>
   <div class='ocr_carea' id='block_1_36' title="bbox 526 1943 2102 2029">
    <p class='ocr_par' dir='ltr' id='par_1_36' title="bbox 526 1954 2090 2029">
     <span class='ocr_line' id='line_1_38' title="bbox 526 1954 2090 2029; baseline 0.004 -21"><span class='ocrx_word' id='word_1_273' title='bbox 526 1954 757 2021; x_wconf 82' lang='lat' dir='ltr'><strong>fuerant,</strong></span> <span class='ocrx_word' id='word_1_274' title='bbox 788 1973 880 2013; x_wconf 90' lang='lat' dir='ltr'><strong>eos</strong></span> <span class='ocrx_word' id='word_1_275' title='bbox 916 1962 1088 2023; x_wconf 83' lang='lat' dir='ltr'><strong>unxit,</strong></span> <span class='ocrx_word' id='word_1_276' title='bbox 1117 1970 1276 2028; x_wconf 89' lang='lat' dir='ltr'><strong>atque</strong></span> <span class='ocrx_word' id='word_1_277' title='bbox 1306 1958 1503 2013; x_wconf 88' lang='lat' dir='ltr'><strong>Christi</strong></span> <span class='ocrx_word' id='word_1_278' title='bbox 1535 1961 1808 2029; x_wconf 90' lang='lat' dir='ltr'><strong>signaculo</strong></span> <span class='ocrx_word' id='word_1_279' title='bbox 1840 1961 2090 2015; x_wconf 84' lang='lat' dir='ltr'><strong>initiavit.</strong></span> 
     </span>
    </p>
   </div>
   <div class='ocr_carea' id='block_1_37' title="bbox 2213 1943 3789 2029">
    <p class='ocr_par' dir='ltr' id='par_1_37' title="bbox 2213 1943 3789 2019">
     <span class='ocr_line' id='line_1_39' title="bbox 2213 1943 3789 2019; baseline -0.003 -19"><span class='ocrx_word' id='word_1_280' title='bbox 2213 1964 2376 2013; x_wconf 74' lang='grc' dir='ltr'>ςαντο,</span> <span class='ocrx_word' id='word_1_281' title='bbox 2411 1947 2635 2010; x_wconf 78' lang='grc' dir='ltr'>τούτους</span> <span class='ocrx_word' id='word_1_282' title='bbox 2655 1947 2941 2019; x_wconf 80' lang='grc' dir='ltr'>ἐπιχρίσας</span> <span class='ocrx_word' id='word_1_283' title='bbox 2970 1946 3058 2000; x_wconf 76' lang='grc' dir='ltr'>διὰ</span> <span class='ocrx_word' id='word_1_284' title='bbox 3083 1946 3180 2016; x_wconf 80' lang='grc' dir='ltr'>τῆς</span> <span class='ocrx_word' id='word_1_285' title='bbox 3212 1947 3269 1997; x_wconf 89' lang='grc' dir='ltr'><strong>ἐν</strong></span> <span class='ocrx_word' id='word_1_286' title='bbox 3298 1943 3520 2016; x_wconf 79' lang='grc' dir='ltr'>Χριστῷ</span> <span class='ocrx_word' id='word_1_287' title='bbox 3550 1946 3789 2015; x_wconf 72' lang='grc' dir='ltr'>σφραγῖ-</span> 
     </span>
    </p>
   </div>
   <div class='ocr_carea' id='block_1_38' title="bbox 522 2036 2098 2116">
    <p class='ocr_par' dir='ltr' id='par_1_38' title="bbox 522 2047 2089 2116">
     <span class='ocr_line' id='line_1_40' title="bbox 522 2047 2089 2116; baseline 0.004 -18"><span class='ocrx_word' id='word_1_288' title='bbox 522 2047 870 2101; x_wconf 87' lang='lat' dir='ltr'><strong>Atbanasium</strong></span> <span class='ocrx_word' id='word_1_289' title='bbox 898 2060 1074 2101; x_wconf 91' lang='lat' dir='ltr'><strong>autem</strong></span> <span class='ocrx_word' id='word_1_290' title='bbox 1096 2050 1406 2116; x_wconf 87' lang='lat' dir='ltr'><strong>parentibus</strong></span> <span class='ocrx_word' id='word_1_291' title='bbox 1433 2048 1802 2115; x_wconf 81' lang='lat' dir='ltr'><strong>commendat,</strong></span> <span class='ocrx_word' id='word_1_292' title='bbox 1834 2051 2089 2105; x_wconf 90' lang='lat' dir='ltr'><strong>mandata</strong></span> 
     </span>
    </p>
   </div>
   <div class='ocr_carea' id='block_1_39' title="bbox 2214 2036 3790 2116">
    <p class='ocr_par' dir='ltr' id='par_1_39' title="bbox 2214 2036 3790 2109">
     <span class='ocr_line' id='line_1_41' title="bbox 2214 2036 3790 2109; baseline -0.003 -19"><span class='ocrx_word' id='word_1_293' title='bbox 2214 2046 2279 2104; x_wconf 73' lang='grc' dir='ltr'>ἱος</span> <span class='ocrx_word' id='word_1_294' title='bbox 2323 2040 2633 2094; x_wconf 79' lang='grc' dir='ltr'>ἐτελείωσεν</span> <span class='ocrx_word' id='word_1_295' title='bbox 2658 2057 2671 2070; x_wconf 85' lang='grc'><em>’</em></span> <span class='ocrx_word' id='word_1_296' title='bbox 2717 2040 3029 2094; x_wconf 83' lang='grc' dir='ltr'>Ἀθανάσιον</span> <span class='ocrx_word' id='word_1_297' title='bbox 3067 2039 3124 2092; x_wconf 84' lang='grc' dir='ltr'><strong>δέ</strong></span> <span class='ocrx_word' id='word_1_298' title='bbox 3149 2037 3365 2091; x_wconf 79' lang='grc' dir='ltr'>τοκεῦσι</span> <span class='ocrx_word' id='word_1_299' title='bbox 3416 2036 3790 2109; x_wconf 80' lang='grc' dir='ltr'>παρατίθησιν</span> 
     </span>
    </p>
   </div>
   <div class='ocr_carea' id='block_1_40' title="bbox 526 2128 2102 2205">
    <p class='ocr_par' dir='ltr' id='par_1_40' title="bbox 526 2136 2091 2205">
     <span class='ocr_line' id='line_1_42' title="bbox 526 2136 2091 2205; baseline 0.004 -18"><span class='ocrx_word' id='word_1_300' title='bbox 526 2136 739 2190; x_wconf 88' lang='lat' dir='ltr'><strong>tradens</strong></span> <span class='ocrx_word' id='word_1_301' title='bbox 778 2147 836 2190; x_wconf 93' lang='lat' dir='ltr'><strong>ut</strong></span> <span class='ocrx_word' id='word_1_302' title='bbox 882 2153 1002 2192; x_wconf 91' lang='lat' dir='ltr'><strong>eum</strong></span> <span class='ocrx_word' id='word_1_303' title='bbox 1052 2138 1346 2205; x_wconf 87' lang='lat' dir='ltr'><strong>disciplinis</strong></span> <span class='ocrx_word' id='word_1_304' title='bbox 1398 2139 1713 2204; x_wconf 90' lang='lat' dir='ltr'><strong>erndirent,</strong></span> <span class='ocrx_word' id='word_1_305' title='bbox 1760 2149 1814 2193; x_wconf 92' lang='lat' dir='ltr'><strong>et</strong></span> <span class='ocrx_word' id='word_1_306' title='bbox 1862 2154 1981 2193; x_wconf 90' lang='lat' dir='ltr'><strong>cum</strong></span> <span class='ocrx_word' id='word_1_307' title='bbox 2025 2142 2091 2195; x_wconf 91' lang='lat' dir='ltr'><strong>ad</strong></span> 
     </span>
    </p>
   </div>
   <div class='ocr_carea' id='block_1_41' title="bbox 2218 2128 3794 2205">
    <p class='ocr_par' dir='ltr' id='par_1_41' title="bbox 2223 2128 3794 2203">
     <span class='ocr_line' id='line_1_43' title="bbox 2223 2128 3794 2203; baseline -0.003 -18"><span class='ocrx_word' id='word_1_308' title='bbox 2223 2132 2411 2195; x_wconf 87' lang='grc' dir='ltr'>ντολάς</span> <span class='ocrx_word' id='word_1_309' title='bbox 2427 2132 2670 2197; x_wconf 84' lang='grc' dir='ltr'>δεδωκὼς</span> <span class='ocrx_word' id='word_1_310' title='bbox 2692 2134 2965 2186; x_wconf 82' lang='grc' dir='ltr'>παιδεύειν</span> <span class='ocrx_word' id='word_1_311' title='bbox 2994 2132 3090 2203; x_wconf 81' lang='grc' dir='ltr'><strong>μὲν</strong></span> <span class='ocrx_word' id='word_1_312' title='bbox 3109 2135 3219 2195; x_wconf 88' lang='grc' dir='ltr'>τοῖς</span> <span class='ocrx_word' id='word_1_313' title='bbox 3242 2130 3584 2201; x_wconf 79' lang='grc' dir='ltr'>μαθήμασιν,</span> <span class='ocrx_word' id='word_1_314' title='bbox 3617 2128 3794 2200; x_wconf 79' lang='grc' dir='ltr'>ἡϐῶν-</span> 
     </span>
    </p>
   </div>
   <div class='ocr_carea' id='block_1_42' title="bbox 523 2220 2099 2300">
    <p class='ocr_par' dir='ltr' id='par_1_42' title="bbox 523 2226 2091 2300">
     <span class='ocr_line' id='line_1_44' title="bbox 523 2226 2091 2300; baseline 0.004 -21"><span class='ocrx_word' id='word_1_315' title='bbox 523 2226 937 2281; x_wconf 81' lang='lat' dir='ltr'><strong>adolescentiam</strong></span> <span class='ocrx_word' id='word_1_316' title='bbox 972 2229 1295 2297; x_wconf 86' lang='lat' dir='ltr'><strong>perveniret,</strong></span> <span class='ocrx_word' id='word_1_317' title='bbox 1324 2229 1446 2293; x_wconf 86' lang='lat' dir='ltr'><strong>sibi,</strong></span> <span class='ocrx_word' id='word_1_318' title='bbox 1481 2230 1589 2283; x_wconf 87' lang='lat' dir='ltr'><strong>imo</strong></span> <span class='ocrx_word' id='word_1_319' title='bbox 1624 2230 1801 2300; x_wconf 83' lang='lat' dir='ltr'><strong>potius</strong></span> <span class='ocrx_word' id='word_1_320' title='bbox 1836 2230 2091 2285; x_wconf 63' lang='lat' dir='ltr'><strong>Ecclesim</strong></span> 
     </span>
    </p>
   </div>
   <div class='ocr_carea' id='block_1_43' title="bbox 2214 2220 3790 2300">
    <p class='ocr_par' dir='ltr' id='par_1_43' title="bbox 2214 2220 3790 2295">
     <span class='ocr_line' id='line_1_45' title="bbox 2214 2220 3790 2295; baseline -0.004 -16"><span class='ocrx_word' id='word_1_321' title='bbox 2214 2244 2260 2279; x_wconf 77' lang='grc' dir='ltr'>τα</span> <span class='ocrx_word' id='word_1_322' title='bbox 2286 2226 2342 2279; x_wconf 76' lang='grc' dir='ltr'><strong>δὲ</strong></span> <span class='ocrx_word' id='word_1_323' title='bbox 2382 2224 2673 2277; x_wconf 85' lang='grc' dir='ltr'>ἀποδοῦναι</span> <span class='ocrx_word' id='word_1_324' title='bbox 2708 2224 2876 2295; x_wconf 76' lang='grc' dir='ltr'>αὐτῷ,</span> <span class='ocrx_word' id='word_1_325' title='bbox 2922 2224 3120 2295; x_wconf 83' lang='grc' dir='ltr'>μᾶλλον</span> <span class='ocrx_word' id='word_1_326' title='bbox 3154 2222 3207 2275; x_wconf 75' lang='grc' dir='ltr'>δὲ</span> <span class='ocrx_word' id='word_1_327' title='bbox 3244 2224 3310 2293; x_wconf 83' lang='grc' dir='ltr'>τῇ</span> <span class='ocrx_word' id='word_1_328' title='bbox 3352 2220 3677 2292; x_wconf 73' lang='grc' dir='ltr'>Ἐκκλησία,</span> <span class='ocrx_word' id='word_1_329' title='bbox 3708 2220 3790 2283; x_wconf 85' lang='grc' dir='ltr'><strong>ὡς</strong></span> 
     </span>
    </p>
   </div>
   <div class='ocr_carea' id='block_1_44' title="bbox 524 2314 2100 2387">
    <p class='ocr_par' dir='ltr' id='par_1_44' title="bbox 524 2318 2091 2387">
     <span class='ocr_line' id='line_1_46' title="bbox 524 2318 2091 2387; baseline 0.003 -15"><span class='ocrx_word' id='word_1_330' title='bbox 524 2318 820 2384; x_wconf 83' lang='lat' dir='ltr'><strong>traderent,</strong></span> <span class='ocrx_word' id='word_1_331' title='bbox 852 2319 1004 2387; x_wconf 88' lang='lat' dir='ltr'><strong>quasi</strong></span> <span class='ocrx_word' id='word_1_332' title='bbox 1044 2320 1251 2374; x_wconf 91' lang='lat' dir='ltr'><strong>scilicet</strong></span> <span class='ocrx_word' id='word_1_333' title='bbox 1295 2320 1521 2376; x_wconf 90' lang='lat' dir='ltr'><strong>alterum</strong></span> <span class='ocrx_word' id='word_1_334' title='bbox 1552 2337 1581 2375; x_wconf 94' lang='lat' dir='ltr'><strong>a</strong></span> <span class='ocrx_word' id='word_1_335' title='bbox 1625 2336 1683 2376; x_wconf 90' lang='lat' dir='ltr'><strong>se</strong></span> <span class='ocrx_word' id='word_1_336' title='bbox 1714 2322 1952 2377; x_wconf 89' lang='lat' dir='ltr'><strong>oblatum</strong></span> <span class='ocrx_word' id='word_1_337' title='bbox 1994 2321 2091 2377; x_wconf 87' lang='lat' dir='ltr'><strong>Sa-</strong></span> 
     </span>
    </p>
   </div>
   <div class='ocr_carea' id='block_1_45' title="bbox 2211 2314 3787 2387">
    <p class='ocr_par' dir='ltr' id='par_1_45' title="bbox 2211 2314 3787 2387">
     <span class='ocr_line' id='line_1_47' title="bbox 2211 2314 3787 2387; baseline -0.001 -18"><span class='ocrx_word' id='word_1_338' title='bbox 2211 2317 2350 2372; x_wconf 80' lang='grc' dir='ltr'>ἱλλον</span> <span class='ocrx_word' id='word_1_339' title='bbox 2375 2316 2498 2370; x_wconf 83' lang='grc' dir='ltr'>τινὰ</span> <span class='ocrx_word' id='word_1_340' title='bbox 2540 2316 2795 2387; x_wconf 79' lang='grc' dir='ltr'>Σαμουὴλ</span> <span class='ocrx_word' id='word_1_341' title='bbox 2824 2319 2952 2387; x_wconf 88' lang='grc' dir='ltr'>παρ’</span> <span class='ocrx_word' id='word_1_342' title='bbox 2987 2317 3163 2369; x_wconf 78' lang='grc' dir='ltr'>αὐτῶν</span> <span class='ocrx_word' id='word_1_343' title='bbox 3188 2314 3306 2383; x_wconf 81' lang='grc' dir='ltr'>Θεῷ</span> <span class='ocrx_word' id='word_1_344' title='bbox 3347 2314 3787 2385; x_wconf 84' lang='grc' dir='ltr'>προσαγόμενον.</span> 
     </span>
    </p>
   </div>
   <div class='ocr_carea' id='block_1_46' title="bbox 526 2404 2102 2482">
    <p class='ocr_par' dir='ltr' id='par_1_46' title="bbox 526 2410 2090 2482">
     <span class='ocr_line' id='line_1_48' title="bbox 526 2410 2090 2482; baseline 0.003 -17"><span class='ocrx_word' id='word_1_345' title='bbox 526 2410 773 2465; x_wconf 90' lang='lat' dir='ltr'><strong>muelem.</strong></span> <span class='ocrx_word' id='word_1_346' title='bbox 802 2410 1066 2465; x_wconf 73' lang='lat' dir='ltr'><strong>Prrestant</strong></span> <span class='ocrx_word' id='word_1_347' title='bbox 1096 2412 1255 2482; x_wconf 81' lang='lat' dir='ltr'><strong>igitur</strong></span> <span class='ocrx_word' id='word_1_348' title='bbox 1290 2422 1540 2481; x_wconf 88' lang='lat' dir='ltr'><strong>parentes</strong></span> <span class='ocrx_word' id='word_1_349' title='bbox 1569 2414 1711 2482; x_wconf 90' lang='lat' dir='ltr'><strong>quod</strong></span> <span class='ocrx_word' id='word_1_350' title='bbox 1738 2413 1949 2480; x_wconf 85' lang='lat' dir='ltr'><strong>jussum</strong></span> <span class='ocrx_word' id='word_1_351' title='bbox 1989 2415 2090 2469; x_wconf 89' lang='lat' dir='ltr'><strong>sibi</strong></span> 
     </span>
    </p>
   </div>
   <div class='ocr_carea' id='block_1_47' title="bbox 2215 2404 3791 2482">
    <p class='ocr_par' dir='ltr' id='par_1_47' title="bbox 2215 2404 3791 2481">
     <span class='ocr_line' id='line_1_49' title="bbox 2215 2404 3791 2481; baseline -0.004 -19"><span class='ocrx_word' id='word_1_352' title='bbox 2215 2409 2531 2481; x_wconf 78' lang='grc' dir='ltr'>Ῑράττουσιν</span> <span class='ocrx_word' id='word_1_353' title='bbox 2560 2404 2653 2461; x_wconf 82' lang='grc' dir='ltr'><strong>οῦν</strong></span> <span class='ocrx_word' id='word_1_354' title='bbox 2684 2410 2732 2460; x_wconf 74' lang='lat' dir='ltr'><strong>oi</strong></span> <span class='ocrx_word' id='word_1_355' title='bbox 2761 2410 2936 2475; x_wconf 82' lang='grc' dir='ltr'>γονεῖς</span> <span class='ocrx_word' id='word_1_356' title='bbox 2978 2406 3053 2470; x_wconf 84' lang='grc' dir='ltr'>ὡς</span> <span class='ocrx_word' id='word_1_357' title='bbox 3088 2407 3269 2469; x_wconf 76' lang='grc' dir='ltr'>αὐτοῖς</span> <span class='ocrx_word' id='word_1_358' title='bbox 3296 2408 3357 2457; x_wconf 81' lang='grc' dir='ltr'><strong>τὸ</strong></span> <span class='ocrx_word' id='word_1_359' title='bbox 3397 2405 3791 2477; x_wconf 73' lang='grc' dir='ltr'>ἀρχιερατικδν</span> 
     </span>
    </p>
   </div>
   <div class='ocr_carea' id='block_1_48' title="bbox 523 2496 2099 2574">
    <p class='ocr_par' dir='ltr' id='par_1_48' title="bbox 523 2503 2093 2574">
     <span class='ocr_line' id='line_1_50' title="bbox 523 2503 2093 2574; baseline 0.003 -20"><span class='ocrx_word' id='word_1_360' title='bbox 523 2503 701 2557; x_wconf 78' lang='lat' dir='ltr'><strong>fuerat</strong></span> <span class='ocrx_word' id='word_1_361' title='bbox 738 2503 804 2553; x_wconf 90' lang='lat' dir='ltr'><strong>ab</strong></span> <span class='ocrx_word' id='word_1_362' title='bbox 833 2503 1105 2570; x_wconf 91' lang='lat' dir='ltr'><strong>episcopo,</strong></span> <span class='ocrx_word' id='word_1_363' title='bbox 1134 2520 1199 2557; x_wconf 86' lang='lat' dir='ltr'><strong>ac</strong></span> <span class='ocrx_word' id='word_1_364' title='bbox 1241 2511 1479 2571; x_wconf 91' lang='lat' dir='ltr'><strong>tempore</strong></span> <span class='ocrx_word' id='word_1_365' title='bbox 1519 2503 1573 2557; x_wconf 90' lang='lat' dir='ltr'><strong>id</strong></span> <span class='ocrx_word' id='word_1_366' title='bbox 1624 2504 1923 2572; x_wconf 88' lang='lat' dir='ltr'><strong>postulante</strong></span> <span class='ocrx_word' id='word_1_367' title='bbox 1962 2520 2093 2574; x_wconf 85' lang='lat' dir='ltr'><strong>pue-</strong></span> 
     </span>
    </p>
   </div>
   <div class='ocr_carea' id='block_1_49' title="bbox 2214 2496 3790 2574">
    <p class='ocr_par' dir='ltr' id='par_1_49' title="bbox 2214 2496 3790 2572">
     <span class='ocr_line' id='line_1_51' title="bbox 2214 2496 3790 2572; baseline -0.001 -21"><span class='ocrx_word' id='word_1_368' title='bbox 2214 2501 2413 2553; x_wconf 76' lang='grc' dir='ltr'>ικὲλευε</span> <span class='ocrx_word' id='word_1_369' title='bbox 2442 2500 2803 2572; x_wconf 79' lang='grc' dir='ltr'>πρόσταγμα’</span> <span class='ocrx_word' id='word_1_370' title='bbox 2840 2498 2936 2551; x_wconf 66' lang='grc' dir='ltr'><strong>καὶ</strong></span> <span class='ocrx_word' id='word_1_371' title='bbox 2977 2497 3071 2551; x_wconf 89' lang='grc' dir='ltr'><strong>τοῦ</strong></span> <span class='ocrx_word' id='word_1_372' title='bbox 3124 2498 3316 2569; x_wconf 78' lang='grc' dir='ltr'>καιροῦ</span> <span class='ocrx_word' id='word_1_373' title='bbox 3345 2497 3662 2559; x_wconf 74' lang='grc' dir='ltr'>καλοῦντος,</span> <span class='ocrx_word' id='word_1_374' title='bbox 3696 2496 3790 2550; x_wconf 83' lang='grc' dir='ltr'><strong>τὸν</strong></span> 
     </span>
    </p>
   </div>
   <div class='ocr_carea' id='block_1_50' title="bbox 523 2585 2099 2666">
    <p class='ocr_par' dir='ltr' id='par_1_50' title="bbox 523 2590 2091 2666">
     <span class='ocr_line' id='line_1_52' title="bbox 523 2590 2091 2666; baseline 0.003 -20"><span class='ocrx_word' id='word_1_375' title='bbox 523 2607 641 2646; x_wconf 83' lang='lat' dir='ltr'><strong>rum</strong></span> <span class='ocrx_word' id='word_1_376' title='bbox 689 2590 940 2647; x_wconf 74' lang='lat' dir='ltr'><strong>ollerunt.</strong></span> <span class='ocrx_word' id='word_1_377' title='bbox 987 2594 1154 2658; x_wconf 85' lang='lat' dir='ltr'><strong>Quem</strong></span> <span class='ocrx_word' id='word_1_378' title='bbox 1205 2596 1398 2663; x_wconf 88' lang='lat' dir='ltr'><strong>accipit</strong></span> <span class='ocrx_word' id='word_1_379' title='bbox 1432 2596 1519 2650; x_wconf 90' lang='lat' dir='ltr'><strong>ille</strong></span> <span class='ocrx_word' id='word_1_380' title='bbox 1569 2596 1750 2661; x_wconf 86' lang='lat' dir='ltr'><strong>domi,</strong></span> <span class='ocrx_word' id='word_1_381' title='bbox 1796 2598 2091 2666; x_wconf 85' lang='lat' dir='ltr'><strong>habuitque</strong></span> 
     </span>
    </p>
   </div>
   <div class='ocr_carea' id='block_1_51' title="bbox 2217 2585 3793 2666">
    <p class='ocr_par' dir='ltr' id='par_1_51' title="bbox 2217 2585 3793 2664">
     <span class='ocr_line' id='line_1_53' title="bbox 2217 2585 3793 2664; baseline -0.001 -19"><span class='ocrx_word' id='word_1_382' title='bbox 2217 2593 2359 2645; x_wconf 75' lang='grc' dir='ltr'>παῖδα</span> <span class='ocrx_word' id='word_1_383' title='bbox 2388 2591 2772 2664; x_wconf 78' lang='grc' dir='ltr'>προσφέρουσι.</span> <span class='ocrx_word' id='word_1_384' title='bbox 2822 2591 2878 2643; x_wconf 85' lang='grc'><strong>’0</strong></span> <span class='ocrx_word' id='word_1_385' title='bbox 2909 2590 2963 2644; x_wconf 78' lang='grc' dir='ltr'><strong>δὲ</strong></span> <span class='ocrx_word' id='word_1_386' title='bbox 2992 2590 3203 2661; x_wconf 79' lang='grc' dir='ltr'>δέχεται</span> <span class='ocrx_word' id='word_1_387' title='bbox 3237 2592 3329 2643; x_wconf 71' lang='grc' dir='ltr'><strong>καὶ</strong></span> <span class='ocrx_word' id='word_1_388' title='bbox 3353 2590 3687 2662; x_wconf 67' lang='grc' dir='ltr'>ὁμορῤόςριον</span> <span class='ocrx_word' id='word_1_389' title='bbox 3718 2585 3793 2643; x_wconf 80' lang='grc' dir='ltr'><strong>εἷ-</strong></span> 
     </span>
    </p>
   </div>
   <div class='ocr_carea' id='block_1_52' title="bbox 523 2681 2099 2759">
    <p class='ocr_par' dir='ltr' id='par_1_52' title="bbox 523 2682 2092 2759">
     <span class='ocr_line' id='line_1_54' title="bbox 523 2682 2092 2759; baseline 0.003 -21"><span class='ocrx_word' id='word_1_390' title='bbox 523 2683 674 2738; x_wconf 89' lang='lat' dir='ltr'><strong>illum</strong></span> <span class='ocrx_word' id='word_1_391' title='bbox 722 2682 1073 2740; x_wconf 83' lang='lat' dir='ltr'><strong>consiliorum</strong></span> <span class='ocrx_word' id='word_1_392' title='bbox 1127 2686 1441 2756; x_wconf 88' lang='lat' dir='ltr'><strong>participem</strong></span> <span class='ocrx_word' id='word_1_393' title='bbox 1494 2702 1557 2742; x_wconf 91' lang='lat' dir='ltr'><strong>ac</strong></span> <span class='ocrx_word' id='word_1_394' title='bbox 1606 2688 1821 2759; x_wconf 91' lang='lat' dir='ltr'><strong>pietatis</strong></span> <span class='ocrx_word' id='word_1_395' title='bbox 1868 2704 2092 2745; x_wconf 86' lang='lat' dir='ltr'><strong>consor-</strong></span> 
     </span>
    </p>
   </div>
   <div class='ocr_carea' id='block_1_53' title="bbox 2216 2681 3792 2759">
    <p class='ocr_par' dir='ltr' id='par_1_53' title="bbox 2216 2681 3792 2755">
     <span class='ocr_line' id='line_1_55' title="bbox 2216 2681 3792 2755; baseline -0.003 -18"><span class='ocrx_word' id='word_1_396' title='bbox 2216 2703 2276 2755; x_wconf 64' lang='grc' dir='ltr'><strong>ξε,</strong></span> <span class='ocrx_word' id='word_1_397' title='bbox 2321 2686 2415 2738; x_wconf 56' lang='grc' dir='ltr'><strong>καί¹</strong></span> <span class='ocrx_word' id='word_1_398' title='bbox 2465 2684 2717 2739; x_wconf 80' lang='grc' dir='ltr'>κοινωνὸν</span> <span class='ocrx_word' id='word_1_399' title='bbox 2760 2682 2953 2754; x_wconf 77' lang='grc' dir='ltr'>βουλῆς</span> <span class='ocrx_word' id='word_1_400' title='bbox 2991 2682 3212 2753; x_wconf 76' lang='grc' dir='ltr'>καὶτῆς</span> <span class='ocrx_word' id='word_1_401' title='bbox 3262 2681 3543 2745; x_wconf 73' lang='grc' dir='ltr'>εὐσεϐείας</span> <span class='ocrx_word' id='word_1_402' title='bbox 3594 2681 3792 2751; x_wconf 76' lang='grc' dir='ltr'>συλλή-</span> 
     </span>
    </p>
   </div>
   <div class='ocr_carea' id='block_1_54' title="bbox 525 2782 2101 2849">
    <p class='ocr_par' dir='ltr' id='par_1_54' title="bbox 525 2782 653 2827">
     <span class='ocr_line' id='line_1_56' title="bbox 525 2782 653 2827; baseline 0 -1"><span class='ocrx_word' id='word_1_403' title='bbox 525 2782 653 2827; x_wconf 88' lang='lat' dir='ltr'><strong>tem.</strong></span> 
     </span>
    </p>
   </div>
   <div class='ocr_carea' id='block_1_55' title="bbox 818 2782 2394 2849">
    <p class='ocr_par' dir='ltr' id='par_1_55' title="bbox 2198 2795 2394 2849">
     <span class='ocr_line' id='line_1_57' title="bbox 2198 2795 2394 2849; baseline 0.015 -20"><span class='ocrx_word' id='word_1_404' title='bbox 2198 2795 2394 2849; x_wconf 88' lang='grc' dir='ltr'>πτορα.</span> 
     </span>
    </p>
   </div>
   <div class='ocr_carea' id='block_1_56' title="bbox 593 2865 2169 2940">
    <p class='ocr_par' dir='ltr' id='par_1_56' title="bbox 593 2866 2092 2936">
     <span class='ocr_line' id='line_1_58' title="bbox 593 2866 2092 2936; baseline 0.005 -17"><span class='ocrx_word' id='word_1_405' title='bbox 593 2866 647 2919; x_wconf 72' lang='lat'><strong>2.</strong></span> <span class='ocrx_word' id='word_1_406' title='bbox 689 2866 820 2921; x_wconf 91' lang='lat' dir='ltr'><strong>Cum</strong></span> <span class='ocrx_word' id='word_1_407' title='bbox 854 2882 1017 2936; x_wconf 86' lang='lat' dir='ltr'><strong>porro</strong></span> <span class='ocrx_word' id='word_1_408' title='bbox 1047 2866 1160 2921; x_wconf 77' lang='lat' dir='ltr'><strong>Arii</strong></span> <span class='ocrx_word' id='word_1_409' title='bbox 1204 2868 1380 2923; x_wconf 84' lang='lat' dir='ltr'><strong>rabies</strong></span> <span class='ocrx_word' id='word_1_410' title='bbox 1424 2869 1605 2923; x_wconf 90' lang='lat' dir='ltr'><strong>orbem</strong></span> <span class='ocrx_word' id='word_1_411' title='bbox 1644 2867 1755 2924; x_wconf 81' lang='lat' dir='ltr'><strong>fere</strong></span> <span class='ocrx_word' id='word_1_412' title='bbox 1794 2870 2092 2926; x_wconf 77' lang='lat' dir='ltr'><strong>labefacta-</strong></span> 
     </span>
    </p>
   </div>
   <div class='ocr_carea' id='block_1_57' title="bbox 2215 2865 3791 2940">
    <p class='ocr_par' dir='ltr' id='par_1_57' title="bbox 2265 2865 3791 2940">
     <span class='ocr_line' id='line_1_59' title="bbox 2265 2865 3791 2940; baseline -0.003 -17"><span class='ocrx_word' id='word_1_413' title='bbox 2265 2870 2319 2923; x_wconf 75' lang='grc'>2.</span> <span class='ocrx_word' id='word_1_414' title='bbox 2357 2869 2467 2940; x_wconf 75' lang='grc' dir='ltr'><strong>Τῆς</strong></span> <span class='ocrx_word' id='word_1_415' title='bbox 2499 2869 2555 2922; x_wconf 75' lang='grc' dir='ltr'>δὲ</span> <span class='ocrx_word' id='word_1_416' title='bbox 2597 2870 2806 2939; x_wconf 81' lang='grc' dir='ltr'>Ἀρείου</span> <span class='ocrx_word' id='word_1_417' title='bbox 2841 2867 3044 2937; x_wconf 78' lang='grc' dir='ltr'>λύσσης</span> <span class='ocrx_word' id='word_1_418' title='bbox 3088 2866 3286 2938; x_wconf 78' lang='grc' dir='ltr'>μικροῦ</span> <span class='ocrx_word' id='word_1_419' title='bbox 3315 2866 3412 2939; x_wconf 84' lang='grc' dir='ltr'>τὴν</span> <span class='ocrx_word' id='word_1_420' title='bbox 3453 2865 3791 2937; x_wconf 78' lang='grc' dir='ltr'>οἰκουμένην</span> 
     </span>
    </p>
   </div>
   <div class='ocr_carea' id='block_1_58' title="bbox 525 2957 2101 3032">
    <p class='ocr_par' dir='ltr' id='par_1_58' title="bbox 525 2960 2095 3029">
     <span class='ocr_line' id='line_1_60' title="bbox 525 2960 2095 3029; baseline 0.004 -16"><span class='ocrx_word' id='word_1_421' title='bbox 525 2968 645 3023; x_wconf 91' lang='lat' dir='ltr'><strong>ret,</strong></span> <span class='ocrx_word' id='word_1_422' title='bbox 690 2961 788 3014; x_wconf 87' lang='lat' dir='ltr'><strong>sub</strong></span> <span class='ocrx_word' id='word_1_423' title='bbox 835 2960 1042 3014; x_wconf 89' lang='lat' dir='ltr'><strong>initium</strong></span> <span class='ocrx_word' id='word_1_424' title='bbox 1093 2961 1181 3014; x_wconf 89' lang='lat' dir='ltr'><strong>ille</strong></span> <span class='ocrx_word' id='word_1_425' title='bbox 1243 2977 1364 3015; x_wconf 91' lang='lat' dir='ltr'><strong>cum</strong></span> <span class='ocrx_word' id='word_1_426' title='bbox 1414 2962 1594 3015; x_wconf 89' lang='lat' dir='ltr'><strong>divino</strong></span> <span class='ocrx_word' id='word_1_427' title='bbox 1643 2964 1983 3029; x_wconf 78' lang='lat' dir='ltr'><strong>Alexandro,</strong></span> <span class='ocrx_word' id='word_1_428' title='bbox 2030 2981 2095 3021; x_wconf 91' lang='lat' dir='ltr'><strong>ac</strong></span> 
     </span>
    </p>
   </div>
   <div class='ocr_carea' id='block_1_59' title="bbox 2216 2957 3792 3032">
    <p class='ocr_par' dir='ltr' id='par_1_59' title="bbox 2216 2957 3792 3032">
     <span class='ocr_line' id='line_1_61' title="bbox 2216 2957 3792 3032; baseline -0.003 -19"><span class='ocrx_word' id='word_1_429' title='bbox 2216 2961 2613 3032; x_wconf 70' lang='grc' dir='ltr'>ιυμαινομένης,</span> <span class='ocrx_word' id='word_1_430' title='bbox 2671 2959 2897 3023; x_wconf 69' lang='grc' dir='ltr'>πολλοὺς</span> <span class='ocrx_word' id='word_1_431' title='bbox 2937 2959 3153 3027; x_wconf 84' lang='grc' dir='ltr'>ἀγῶνας</span> <span class='ocrx_word' id='word_1_432' title='bbox 3202 2957 3511 3030; x_wconf 72' lang='grc' dir='ltr'>ἀρχομένης</span> <span class='ocrx_word' id='word_1_433' title='bbox 3544 2958 3645 3027; x_wconf 83' lang='grc' dir='ltr'>μὲν</span> <span class='ocrx_word' id='word_1_434' title='bbox 3690 2959 3792 3010; x_wconf 75' lang='grc' dir='ltr'><strong>σῦν</strong></span> 
     </span>
    </p>
   </div>
   <div class='ocr_carea' id='block_1_60' title="bbox 528 3048 2104 3145">
    <p class='ocr_par' dir='ltr' id='par_1_60' title="bbox 528 3051 2093 3121">
     <span class='ocr_line' id='line_1_62' title="bbox 528 3051 2093 3121; baseline 0.004 -17"><span class='ocrx_word' id='word_1_435' title='bbox 528 3061 857 3121; x_wconf 89' lang='lat' dir='ltr'><strong>postremum</strong></span> <span class='ocrx_word' id='word_1_436' title='bbox 888 3067 983 3120; x_wconf 88' lang='lat' dir='ltr'><strong>per</strong></span> <span class='ocrx_word' id='word_1_437' title='bbox 1012 3067 1068 3106; x_wconf 90' lang='lat' dir='ltr'><strong>se</strong></span> <span class='ocrx_word' id='word_1_438' title='bbox 1094 3051 1208 3120; x_wconf 86' lang='lat' dir='ltr'><strong>ipse</strong></span> <span class='ocrx_word' id='word_1_439' title='bbox 1236 3068 1332 3120; x_wconf 89' lang='lat' dir='ltr'><strong>pro</strong></span> <span class='ocrx_word' id='word_1_440' title='bbox 1361 3053 1586 3107; x_wconf 85' lang='lat' dir='ltr'><strong>veritate</strong></span> <span class='ocrx_word' id='word_1_441' title='bbox 1613 3054 1928 3110; x_wconf 84' lang='lat' dir='ltr'><strong>decertavit.</strong></span> <span class='ocrx_word' id='word_1_442' title='bbox 1961 3055 2093 3111; x_wconf 86' lang='lat' dir='ltr'><strong>Nam</strong></span> 
     </span>
    </p>
   </div>
   <div class='ocr_carea' id='block_1_61' title="bbox 2217 3048 3793 3145">
    <p class='ocr_par' dir='ltr' id='par_1_61' title="bbox 2217 3048 3793 3125">
     <span class='ocr_line' id='line_1_63' title="bbox 2217 3048 3793 3125; baseline -0.003 -19"><span class='ocrx_word' id='word_1_443' title='bbox 2217 3053 2540 3125; x_wconf 73' lang='grc' dir='ltr'>Ἀλεξάνδρῳ</span> <span class='ocrx_word' id='word_1_444' title='bbox 2568 3052 2644 3123; x_wconf 78' lang='grc' dir='ltr'><strong>τῷ</strong></span> <span class='ocrx_word' id='word_1_445' title='bbox 2672 3053 2960 3123; x_wconf 82' lang='grc' dir='ltr'>θεσπεσίῳ,</span> <span class='ocrx_word' id='word_1_446' title='bbox 2992 3050 3116 3104; x_wconf 80' lang='grc' dir='ltr'>ῦστε</span> <span class='ocrx_word' id='word_1_447' title='bbox 3126 3068 3215 3122; x_wconf 90' lang='grc' dir='ltr'><strong>ρον</strong></span> <span class='ocrx_word' id='word_1_448' title='bbox 3249 3050 3305 3102; x_wconf 80' lang='grc' dir='ltr'>δὲ</span> <span class='ocrx_word' id='word_1_449' title='bbox 3332 3051 3425 3103; x_wconf 73' lang='grc' dir='ltr'><strong>καὶ</strong></span> <span class='ocrx_word' id='word_1_450' title='bbox 3447 3050 3569 3102; x_wconf 78' lang='grc' dir='ltr'>καθ’</span> <span class='ocrx_word' id='word_1_451' title='bbox 3594 3048 3793 3103; x_wconf 81' lang='grc' dir='ltr'>ἑαυτὸν</span> 
     </span>
    </p>
   </div>
   <div class='ocr_carea' id='block_1_62' title="bbox 526 3141 2102 3219">
    <p class='ocr_par' dir='ltr' id='par_1_62' title="bbox 526 3146 2097 3219">
     <span class='ocr_line' id='line_1_64' title="bbox 526 3146 2097 3219; baseline 0.004 -20"><span class='ocrx_word' id='word_1_452' title='bbox 526 3162 649 3200; x_wconf 92' lang='lat' dir='ltr'><strong>cum</strong></span> <span class='ocrx_word' id='word_1_453' title='bbox 679 3147 839 3199; x_wconf 85' lang='lat' dir='ltr'><strong>Arius</strong></span> <span class='ocrx_word' id='word_1_454' title='bbox 869 3154 987 3215; x_wconf 85' lang='lat' dir='ltr'><strong>post</strong></span> <span class='ocrx_word' id='word_1_455' title='bbox 1016 3146 1401 3215; x_wconf 90' lang='lat' dir='ltr'><strong>depositionem</strong></span> <span class='ocrx_word' id='word_1_456' title='bbox 1430 3155 1484 3202; x_wconf 89' lang='lat' dir='ltr'><strong>et</strong></span> <span class='ocrx_word' id='word_1_457' title='bbox 1513 3148 1819 3216; x_wconf 85' lang='lat' dir='ltr'><strong>anathema,</strong></span> <span class='ocrx_word' id='word_1_458' title='bbox 1844 3149 2097 3219; x_wconf 84' lang='lat' dir='ltr'><strong>pietatem</strong></span> 
     </span>
    </p>
   </div>
   <div class='ocr_carea' id='block_1_63' title="bbox 2219 3141 3795 3219">
    <p class='ocr_par' dir='ltr' id='par_1_63' title="bbox 2219 3141 3795 3218">
     <span class='ocr_line' id='line_1_65' title="bbox 2219 3141 3795 3218; baseline -0.003 -17"><span class='ocrx_word' id='word_1_459' title='bbox 2219 3149 2342 3218; x_wconf 64' lang='grc' dir='ltr'>ὅπερ</span> <span class='ocrx_word' id='word_1_460' title='bbox 2369 3147 2469 3217; x_wconf 81' lang='grc' dir='ltr'>τῆς</span> <span class='ocrx_word' id='word_1_461' title='bbox 2501 3146 2779 3209; x_wconf 77' lang='grc' dir='ltr'>εὐσεϐείας</span> <span class='ocrx_word' id='word_1_462' title='bbox 2808 3145 3079 3217; x_wconf 83' lang='grc' dir='ltr'>διὴθλησε.</span> <span class='ocrx_word' id='word_1_463' title='bbox 3117 3143 3227 3197; x_wconf 75' lang='grc' dir='ltr'>Καὶ</span> <span class='ocrx_word' id='word_1_464' title='bbox 3260 3141 3369 3214; x_wconf 86' lang='grc' dir='ltr'>γὰρ</span> <span class='ocrx_word' id='word_1_465' title='bbox 3400 3144 3619 3213; x_wconf 83' lang='grc' dir='ltr'>Ἀρειον</span> <span class='ocrx_word' id='word_1_466' title='bbox 3649 3142 3795 3213; x_wconf 73' lang='grc' dir='ltr'>μετὰ</span> 
     </span>
    </p>
   </div>
   <div class='ocr_carea' id='block_1_64' title="bbox 526 3233 2102 3310">
    <p class='ocr_par' dir='ltr' id='par_1_64' title="bbox 526 3237 2102 3310">
     <span class='ocr_line' id='line_1_66' title="bbox 526 3237 2102 3310; baseline 0.004 -19"><span class='ocrx_word' id='word_1_467' title='bbox 526 3237 804 3291; x_wconf 89' lang='lat' dir='ltr'><strong>simularet</strong></span> <span class='ocrx_word' id='word_1_468' title='bbox 836 3238 1074 3305; x_wconf 89' lang='lat' dir='ltr'><strong>quidem,</strong></span> <span class='ocrx_word' id='word_1_469' title='bbox 1115 3238 1207 3292; x_wconf 89' lang='lat' dir='ltr'><strong>sed</strong></span> <span class='ocrx_word' id='word_1_470' title='bbox 1242 3237 1328 3291; x_wconf 90' lang='lat' dir='ltr'><strong>illa</strong></span> <span class='ocrx_word' id='word_1_471' title='bbox 1361 3239 1427 3292; x_wconf 90' lang='lat' dir='ltr'><strong>ad</strong></span> <span class='ocrx_word' id='word_1_472' title='bbox 1459 3240 1619 3294; x_wconf 89' lang='lat' dir='ltr'><strong>breve</strong></span> <span class='ocrx_word' id='word_1_473' title='bbox 1648 3249 1856 3310; x_wconf 91' lang='lat' dir='ltr'><strong>tempus</strong></span> <span class='ocrx_word' id='word_1_474' title='bbox 1881 3243 2102 3297; x_wconf 84' lang='lat' dir='ltr'><strong>simula-</strong></span> 
     </span>
    </p>
   </div>
   <div class='ocr_carea' id='block_1_65' title="bbox 2219 3233 3795 3310">
    <p class='ocr_par' dir='ltr' id='par_1_65' title="bbox 2219 3233 3795 3310">
     <span class='ocr_line' id='line_1_67' title="bbox 2219 3233 3795 3310; baseline -0.004 -18"><span class='ocrx_word' id='word_1_475' title='bbox 2219 3240 2298 3310; x_wconf 75' lang='grc' dir='ltr'><strong>τὴν</strong></span> <span class='ocrx_word' id='word_1_476' title='bbox 2320 3238 2637 3305; x_wconf 79' lang='grc' dir='ltr'>καθαίρεσιν</span> <span class='ocrx_word' id='word_1_477' title='bbox 2666 3238 2757 3290; x_wconf 71' lang='grc' dir='ltr'><strong>καὶ</strong></span> <span class='ocrx_word' id='word_1_478' title='bbox 2780 3236 2840 3289; x_wconf 82' lang='grc' dir='ltr'><strong>τὸ</strong></span> <span class='ocrx_word' id='word_1_479' title='bbox 2871 3235 3115 3304; x_wconf 78' lang='grc' dir='ltr'>ἀνάθεμα</span> <span class='ocrx_word' id='word_1_480' title='bbox 3136 3234 3560 3305; x_wconf 83' lang='grc' dir='ltr'>ὑποκρινόμενον</span> <span class='ocrx_word' id='word_1_481' title='bbox 3592 3233 3662 3286; x_wconf 78' lang='grc' dir='ltr'>τὰ</span> <span class='ocrx_word' id='word_1_482' title='bbox 3690 3233 3795 3303; x_wconf 77' lang='grc' dir='ltr'>τῆς</span> 
     </span>
    </p>
   </div>
   <div class='ocr_carea' id='block_1_66' title="bbox 529 3324 2105 3403">
    <p class='ocr_par' dir='ltr' id='par_1_66' title="bbox 529 3329 2102 3403">
     <span class='ocr_line' id='line_1_68' title="bbox 529 3329 2102 3403; baseline 0.004 -22"><span class='ocrx_word' id='word_1_483' title='bbox 529 3329 675 3382; x_wconf 90' lang='lat' dir='ltr'><strong>tione</strong></span> <span class='ocrx_word' id='word_1_484' title='bbox 753 3329 997 3382; x_wconf 79' lang='lat' dir='ltr'><strong>Stahilire</strong></span> <span class='ocrx_word' id='word_1_485' title='bbox 1049 3329 1331 3382; x_wconf 85' lang='lat' dir='ltr'><strong>moliretur</strong></span> <span class='ocrx_word' id='word_1_486' title='bbox 1384 3330 1752 3399; x_wconf 87' lang='lat' dir='ltr'><strong>impietatem;</strong></span> <span class='ocrx_word' id='word_1_487' title='bbox 1813 3332 1864 3386; x_wconf 92' lang='lat' dir='ltr'><strong>id</strong></span> <span class='ocrx_word' id='word_1_488' title='bbox 1911 3331 2102 3403; x_wconf 86' lang='lat' dir='ltr'><strong>depre-</strong></span> 
     </span>
    </p>
   </div>
   <div class='ocr_carea' id='block_1_67' title="bbox 2220 3324 3796 3403">
    <p class='ocr_par' dir='ltr' id='par_1_67' title="bbox 2220 3324 3796 3399">
     <span class='ocr_line' id='line_1_69' title="bbox 2220 3324 3796 3399; baseline -0.003 -18"><span class='ocrx_word' id='word_1_489' title='bbox 2220 3330 2498 3392; x_wconf 73' lang='grc' dir='ltr'>ιύσεϐείας,</span> <span class='ocrx_word' id='word_1_490' title='bbox 2561 3324 2847 3399; x_wconf 82' lang='grc' dir='ltr'>κρατύνειν</span> <span class='ocrx_word' id='word_1_491' title='bbox 2876 3327 2933 3379; x_wconf 80' lang='grc' dir='ltr'><strong>δὲ</strong></span> <span class='ocrx_word' id='word_1_492' title='bbox 2989 3330 3053 3398; x_wconf 85' lang='grc' dir='ltr'>τῇ</span> <span class='ocrx_word' id='word_1_493' title='bbox 3086 3328 3221 3399; x_wconf 81' lang='grc' dir='ltr'>πρὸς</span> <span class='ocrx_word' id='word_1_494' title='bbox 3268 3326 3449 3394; x_wconf 82' lang='grc' dir='ltr'>ὀλίγον</span> <span class='ocrx_word' id='word_1_495' title='bbox 3497 3324 3796 3395; x_wconf 85' lang='grc' dir='ltr'>ὑποκρίσει</span> 
     </span>
    </p>
   </div>
   <div class='ocr_carea' id='block_1_68' title="bbox 528 3414 2104 3493">
    <p class='ocr_par' dir='ltr' id='par_1_68' title="bbox 528 3418 2099 3489">
     <span class='ocr_line' id='line_1_70' title="bbox 528 3418 2099 3489; baseline 0.003 -16"><span class='ocrx_word' id='word_1_496' title='bbox 528 3418 713 3473; x_wconf 89' lang='lat' dir='ltr'><strong>hendit</strong></span> <span class='ocrx_word' id='word_1_497' title='bbox 749 3420 964 3489; x_wconf 87' lang='lat' dir='ltr'><strong>sapiens</strong></span> <span class='ocrx_word' id='word_1_498' title='bbox 1012 3420 1372 3482; x_wconf 82' lang='lat' dir='ltr'><strong>Athanasius,</strong></span> <span class='ocrx_word' id='word_1_499' title='bbox 1423 3420 1718 3489; x_wconf 85' lang='lat' dir='ltr'><strong>Ariumque</strong></span> <span class='ocrx_word' id='word_1_500' title='bbox 1760 3422 1983 3477; x_wconf 89' lang='lat' dir='ltr'><strong>missum</strong></span> <span class='ocrx_word' id='word_1_501' title='bbox 2033 3424 2099 3478; x_wconf 89' lang='lat' dir='ltr'><strong>ad</strong></span> 
     </span>
    </p>
   </div>
   <div class='ocr_carea' id='block_1_69' title="bbox 2221 3414 3797 3493">
    <p class='ocr_par' dir='ltr' id='par_1_69' title="bbox 2221 3414 3797 3493">
     <span class='ocr_line' id='line_1_71' title="bbox 2221 3414 3797 3493; baseline -0.005 -19"><span class='ocrx_word' id='word_1_502' title='bbox 2221 3422 2591 3493; x_wconf 75' lang='grc' dir='ltr'>ιηχανώμενον</span> <span class='ocrx_word' id='word_1_503' title='bbox 2626 3420 2695 3473; x_wconf 73' lang='grc' dir='ltr'><strong>τὰ</strong></span> <span class='ocrx_word' id='word_1_504' title='bbox 2724 3420 2821 3490; x_wconf 81' lang='grc' dir='ltr'>τῆς</span> <span class='ocrx_word' id='word_1_505' title='bbox 2862 3419 3133 3483; x_wconf 83' lang='grc' dir='ltr'>ἀσεϐείας,</span> <span class='ocrx_word' id='word_1_506' title='bbox 3178 3416 3430 3489; x_wconf 62' lang='grc' dir='ltr'>ἐφώρασέ</span> <span class='ocrx_word' id='word_1_507' title='bbox 3474 3433 3534 3469; x_wconf 85' lang='grc' dir='ltr'><strong>τε</strong></span> <span class='ocrx_word' id='word_1_508' title='bbox 3566 3418 3595 3470; x_wconf 88' lang='grc' dir='ltr'>ὁ</span> <span class='ocrx_word' id='word_1_509' title='bbox 3627 3414 3797 3485; x_wconf 78' lang='grc' dir='ltr'>σοφὸς</span> 
     </span>
    </p>
   </div>
   <div class='ocr_carea' id='block_1_70' title="bbox 530 3508 2106 3587">
    <p class='ocr_par' dir='ltr' id='par_1_70' title="bbox 530 3508 2102 3582">
     <span class='ocr_line' id='line_1_72' title="bbox 530 3508 2102 3582; baseline 0.003 -19"><span class='ocrx_word' id='word_1_510' title='bbox 530 3508 873 3563; x_wconf 78' lang='lat' dir='ltr'><strong>Alexandria:</strong></span> <span class='ocrx_word' id='word_1_511' title='bbox 893 3510 1199 3579; x_wconf 88' lang='lat' dir='ltr'><strong>episcopum</strong></span> <span class='ocrx_word' id='word_1_512' title='bbox 1219 3511 1580 3564; x_wconf 84' lang='lat' dir='ltr'><strong>Alexandrum</strong></span> <span class='ocrx_word' id='word_1_513' title='bbox 1606 3526 1635 3563; x_wconf 92' lang='lat' dir='ltr'><strong>a</strong></span> <span class='ocrx_word' id='word_1_514' title='bbox 1666 3512 1751 3580; x_wconf 92' lang='lat' dir='ltr'><strong>pio</strong></span> <span class='ocrx_word' id='word_1_515' title='bbox 1776 3512 2102 3582; x_wconf 87' lang='lat' dir='ltr'><strong>imperatore</strong></span> 
     </span>
    </p>
   </div>
   <div class='ocr_carea' id='block_1_71' title="bbox 2222 3508 3798 3587">
    <p class='ocr_par' dir='ltr' id='par_1_71' title="bbox 2222 3510 3798 3587">
     <span class='ocr_line' id='line_1_73' title="bbox 2222 3510 3798 3587; baseline -0.003 -19"><span class='ocrx_word' id='word_1_516' title='bbox 2222 3515 2547 3579; x_wconf 82' lang='grc' dir='ltr'>’Λθανάσιος,</span> <span class='ocrx_word' id='word_1_517' title='bbox 2582 3514 2677 3567; x_wconf 70' lang='grc' dir='ltr'><strong>καὶ</strong></span> <span class='ocrx_word' id='word_1_518' title='bbox 2720 3512 3089 3567; x_wconf 79' lang='grc' dir='ltr'>ἀποσταλέντα</span> <span class='ocrx_word' id='word_1_519' title='bbox 3131 3513 3268 3587; x_wconf 69' lang='grc' dir='ltr'>πρὸς</span> <span class='ocrx_word' id='word_1_520' title='bbox 3305 3510 3653 3582; x_wconf 77' lang='grc' dir='ltr'>Ἀλέξανδρον</span> <span class='ocrx_word' id='word_1_521' title='bbox 3699 3510 3798 3585; x_wconf 74' lang='grc' dir='ltr'><strong>τὸν</strong></span> 
     </span>
    </p>
   </div>
   <div class='ocr_carea' id='block_1_72' title="bbox 526 3599 2102 3679">
    <p class='ocr_par' dir='ltr' id='par_1_72' title="bbox 526 3599 2099 3671">
     <span class='ocr_line' id='line_1_74' title="bbox 526 3599 2099 3671; baseline 0.002 -16"><span class='ocrx_word' id='word_1_522' title='bbox 526 3600 882 3655; x_wconf 89' lang='lat' dir='ltr'><strong>Constantino</strong></span> <span class='ocrx_word' id='word_1_523' title='bbox 925 3599 1081 3671; x_wconf 75' lang='lat' dir='ltr'><strong>(solet</strong></span> <span class='ocrx_word' id='word_1_524' title='bbox 1106 3603 1246 3655; x_wconf 88' lang='lat' dir='ltr'><strong>enim</strong></span> <span class='ocrx_word' id='word_1_525' title='bbox 1277 3616 1416 3669; x_wconf 68' lang='lat' dir='ltr'><strong>sazpe</strong></span> <span class='ocrx_word' id='word_1_526' title='bbox 1437 3601 1589 3655; x_wconf 90' lang='lat' dir='ltr'><strong>dolus</strong></span> <span class='ocrx_word' id='word_1_527' title='bbox 1608 3614 1663 3657; x_wconf 88' lang='lat' dir='ltr'><strong>et</strong></span> <span class='ocrx_word' id='word_1_528' title='bbox 1683 3603 1921 3658; x_wconf 80' lang='lat' dir='ltr'><strong>vafrities</strong></span> <span class='ocrx_word' id='word_1_529' title='bbox 1940 3604 2099 3658; x_wconf 91' lang='lat' dir='ltr'><strong>etiam</strong></span> 
     </span>
    </p>
   </div>
   <div class='ocr_carea' id='block_1_73' title="bbox 2224 3599 3800 3679">
    <p class='ocr_par' dir='ltr' id='par_1_73' title="bbox 2224 3604 3800 3679">
     <span class='ocr_line' id='line_1_75' title="bbox 2224 3604 3800 3679; baseline -0.002 -19"><span class='ocrx_word' id='word_1_530' title='bbox 2224 3606 2613 3679; x_wconf 79' lang='grc' dir='ltr'>Ἀλεξανδρείας</span> <span class='ocrx_word' id='word_1_531' title='bbox 2643 3606 2791 3679; x_wconf 75' lang='grc' dir='ltr'>παρὰ</span> <span class='ocrx_word' id='word_1_532' title='bbox 2816 3605 2908 3659; x_wconf 90' lang='grc' dir='ltr'><strong>τοῦ</strong></span> <span class='ocrx_word' id='word_1_533' title='bbox 2940 3605 3194 3666; x_wconf 76' lang='grc' dir='ltr'>εὐσεϐοῦς</span> <span class='ocrx_word' id='word_1_534' title='bbox 3219 3604 3479 3675; x_wconf 81' lang='grc' dir='ltr'>βασιλέως</span> <span class='ocrx_word' id='word_1_535' title='bbox 3502 3605 3800 3657; x_wconf 87' lang='grc' dir='ltr'>Κωνσταν-</span> 
     </span>
    </p>
   </div>
   <div class='ocr_carea' id='block_1_74' title="bbox 528 3692 2104 3770">
    <p class='ocr_par' dir='ltr' id='par_1_74' title="bbox 528 3692 2099 3763">
     <span class='ocr_line' id='line_1_76' title="bbox 528 3692 2099 3763; baseline 0.003 -18"><span class='ocrx_word' id='word_1_536' title='bbox 528 3692 799 3759; x_wconf 89' lang='lat' dir='ltr'><strong>sapientes</strong></span> <span class='ocrx_word' id='word_1_537' title='bbox 847 3692 1285 3762; x_wconf 88' lang='lat' dir='ltr'><strong>circumvenire),</strong></span> <span class='ocrx_word' id='word_1_538' title='bbox 1321 3707 1388 3746; x_wconf 94' lang='lat' dir='ltr'><strong>ue</strong></span> <span class='ocrx_word' id='word_1_539' title='bbox 1428 3694 1757 3763; x_wconf 85' lang='lat' dir='ltr'><strong>reciperetur</strong></span> <span class='ocrx_word' id='word_1_540' title='bbox 1800 3695 2099 3750; x_wconf 88' lang='lat' dir='ltr'><strong>contendit.</strong></span> 
     </span>
    </p>
   </div>
   <div class='ocr_carea' id='block_1_75' title="bbox 2220 3692 3796 3770">
    <p class='ocr_par' dir='ltr' id='par_1_75' title="bbox 2220 3696 3796 3770">
     <span class='ocr_line' id='line_1_77' title="bbox 2220 3696 3796 3770; baseline -0.003 -18"><span class='ocrx_word' id='word_1_541' title='bbox 2220 3701 2344 3753; x_wconf 79' lang='grc' dir='ltr'>τίνου</span> <span class='ocrx_word' id='word_1_542' title='bbox 2382 3696 2506 3770; x_wconf 72' lang='grc' dir='ltr'>(οἶδε</span> <span class='ocrx_word' id='word_1_543' title='bbox 2568 3699 2677 3770; x_wconf 78' lang='grc' dir='ltr'>γὰρ</span> <span class='ocrx_word' id='word_1_544' title='bbox 2706 3698 2961 3761; x_wconf 85' lang='grc' dir='ltr'>πολλάκις</span> <span class='ocrx_word' id='word_1_545' title='bbox 2997 3697 3453 3768; x_wconf 77' lang='grc' dir='ltr'>μεμηχανημένος</span> <span class='ocrx_word' id='word_1_546' title='bbox 3493 3696 3645 3759; x_wconf 82' lang='grc' dir='ltr'>δόλος</span> <span class='ocrx_word' id='word_1_547' title='bbox 3694 3697 3796 3749; x_wconf 74' lang='grc' dir='ltr'>καὶ</span> 
     </span>
    </p>
   </div>
   <div class='ocr_carea' id='block_1_76' title="bbox 514 3766 2090 3860">
    <p class='ocr_par' dir='ltr' id='par_1_76' title="bbox 514 3766 2090 3855">
     <span class='ocr_line' id='line_1_78' title="bbox 514 3766 2090 3855; baseline 0.002 -17"><span class='ocrx_word' id='word_1_548' title='bbox 514 3766 1030 3847; x_wconf 63' lang='lat' dir='ltr'><strong>~Deindc,defur:.cto</strong></span> <span class='ocrx_word' id='word_1_549' title='bbox 1063 3784 1221 3837; x_wconf 89' lang='lat' dir='ltr'><strong>beato</strong></span> <span class='ocrx_word' id='word_1_550' title='bbox 1270 3784 1599 3850; x_wconf 75' lang='lat' dir='ltr'><strong>Alexandro,</strong></span> <span class='ocrx_word' id='word_1_551' title='bbox 1651 3788 1766 3855; x_wconf 87' lang='lat' dir='ltr'><strong>ipse</strong></span> <span class='ocrx_word' id='word_1_552' title='bbox 1816 3802 2090 3842; x_wconf 79' lang='lat' dir='ltr'><strong>successor</strong></span> 
     </span>
    </p>
   </div>
   <div class='ocr_carea' id='block_1_77' title="bbox 2222 3766 3798 3860">
    <p class='ocr_par' dir='ltr' id='par_1_77' title="bbox 2222 3786 3798 3860">
     <span class='ocr_line' id='line_1_79' title="bbox 2222 3786 3798 3860; baseline -0.004 -15"><span class='ocrx_word' id='word_1_553' title='bbox 2222 3794 2324 3856; x_wconf 68' lang='grc' dir='ltr'>τοὺς</span> <span class='ocrx_word' id='word_1_554' title='bbox 2357 3791 2609 3847; x_wconf 78' lang='grc' dir='ltr'>συνετοὺς</span> <span class='ocrx_word' id='word_1_555' title='bbox 2643 3790 3021 3856; x_wconf 78' lang='grc' dir='ltr'>ἐκκλέπτειν),</span> <span class='ocrx_word' id='word_1_556' title='bbox 3081 3788 3156 3860; x_wconf 82' lang='grc' dir='ltr'>μὴ</span> <span class='ocrx_word' id='word_1_557' title='bbox 3190 3786 3598 3858; x_wconf 79' lang='grc' dir='ltr'>παραδέξασθαι</span> <span class='ocrx_word' id='word_1_558' title='bbox 3666 3803 3798 3839; x_wconf 89' lang='grc' dir='ltr'>συν-</span> 
     </span>
    </p>
   </div>
   <div class='ocr_carea' id='block_1_78' title="bbox 533 3876 2109 3952">
    <p class='ocr_par' dir='ltr' id='par_1_78' title="bbox 533 3876 2097 3945">
     <span class='ocr_line' id='line_1_80' title="bbox 533 3876 2097 3945; baseline 0.004 -16"><span class='ocrx_word' id='word_1_559' title='bbox 533 3876 845 3945; x_wconf 87' lang='lat' dir='ltr'><strong>designatus</strong></span> <span class='ocrx_word' id='word_1_560' title='bbox 894 3876 961 3928; x_wconf 91' lang='lat' dir='ltr'><strong>ad</strong></span> <span class='ocrx_word' id='word_1_561' title='bbox 1024 3876 1228 3944; x_wconf 87' lang='lat' dir='ltr'><strong>majora</strong></span> <span class='ocrx_word' id='word_1_562' title='bbox 1295 3891 1414 3930; x_wconf 90' lang='lat' dir='ltr'><strong>sese</strong></span> <span class='ocrx_word' id='word_1_563' title='bbox 1471 3878 1726 3932; x_wconf 70' lang='lat' dir='ltr'><strong>instruxnt</strong></span> <span class='ocrx_word' id='word_1_564' title='bbox 1783 3880 2097 3936; x_wconf 87' lang='lat' dir='ltr'><strong>certamina.</strong></span> 
     </span>
    </p>
   </div>
   <div class='ocr_carea' id='block_1_79' title="bbox 2221 3876 3797 3952">
    <p class='ocr_par' dir='ltr' id='par_1_79' title="bbox 2221 3877 3797 3952">
     <span class='ocr_line' id='line_1_81' title="bbox 2221 3877 3797 3952; baseline -0.003 -18"><span class='ocrx_word' id='word_1_565' title='bbox 2221 3882 2525 3952; x_wconf 62' lang='grc' dir='ltr'>ιγωνίσατο.</span> <span class='ocrx_word' id='word_1_566' title='bbox 2563 3877 2694 3933; x_wconf 78' lang='grc' dir='ltr'>Εἶτα</span> <span class='ocrx_word' id='word_1_567' title='bbox 2714 3880 2806 3933; x_wconf 88' lang='grc' dir='ltr'><strong>τοῦ</strong></span> <span class='ocrx_word' id='word_1_568' title='bbox 2830 3882 2885 3932; x_wconf 82' lang='grc' dir='ltr'><strong>ἐν</strong></span> <span class='ocrx_word' id='word_1_569' title='bbox 2911 3878 3084 3947; x_wconf 85' lang='grc' dir='ltr'>ἁγίοις</span> <span class='ocrx_word' id='word_1_570' title='bbox 3115 3878 3530 3949; x_wconf 82' lang='grc' dir='ltr'>τελευτήσαντος</span> <span class='ocrx_word' id='word_1_571' title='bbox 3546 3877 3797 3944; x_wconf 78' lang='grc' dir='ltr'>Ἀλεξάν-</span> 
     </span>
    </p>
   </div>
   <div class='ocr_carea' id='block_1_80' title="bbox 533 3967 2109 4042">
    <p class='ocr_par' dir='ltr' id='par_1_80' title="bbox 533 3967 2099 4041">
     <span class='ocr_line' id='line_1_82' title="bbox 533 3967 2099 4041; baseline 0.005 -23"><span class='ocrx_word' id='word_1_572' title='bbox 533 3967 896 4033; x_wconf 78' lang='lat' dir='ltr'><strong>Quamobrem</strong></span> <span class='ocrx_word' id='word_1_573' title='bbox 949 3974 1091 4020; x_wconf 90' lang='lat' dir='ltr'><strong>totus</strong></span> <span class='ocrx_word' id='word_1_574' title='bbox 1143 3967 1516 4022; x_wconf 79' lang='lat' dir='ltr'><strong>haereticorum</strong></span> <span class='ocrx_word' id='word_1_575' title='bbox 1559 3981 1731 4025; x_wconf 62' lang='lat' dir='ltr'><strong>castus</strong></span> <span class='ocrx_word' id='word_1_576' title='bbox 1778 3987 1899 4026; x_wconf 90' lang='lat' dir='ltr'><strong>eum</strong></span> <span class='ocrx_word' id='word_1_577' title='bbox 1949 3974 2099 4041; x_wconf 87' lang='lat' dir='ltr'><strong>quasi</strong></span> 
     </span>
    </p>
   </div>
   <div class='ocr_carea' id='block_1_81' title="bbox 2220 3967 3796 4042">
    <p class='ocr_par' dir='ltr' id='par_1_81' title="bbox 2220 3968 3796 4042">
     <span class='ocr_line' id='line_1_83' title="bbox 2220 3968 3796 4042; baseline -0.003 -18"><span class='ocrx_word' id='word_1_578' title='bbox 2220 3975 2354 4042; x_wconf 74' lang='grc' dir='ltr'>ἱρου,</span> <span class='ocrx_word' id='word_1_579' title='bbox 2386 3969 2547 4034; x_wconf 76' lang='grc' dir='ltr'>αὐτὸς</span> <span class='ocrx_word' id='word_1_580' title='bbox 2594 3969 2869 4033; x_wconf 73' lang='grc' dir='ltr'>καταστὰς</span> <span class='ocrx_word' id='word_1_581' title='bbox 2896 3970 3135 4040; x_wconf 76' lang='grc' dir='ltr'>διάδοχος</span> <span class='ocrx_word' id='word_1_582' title='bbox 3186 3969 3322 4040; x_wconf 84' lang='grc' dir='ltr'>πρὸς</span> <span class='ocrx_word' id='word_1_583' title='bbox 3350 3968 3531 4039; x_wconf 85' lang='grc' dir='ltr'>πολλῷ</span> <span class='ocrx_word' id='word_1_584' title='bbox 3568 3969 3796 4041; x_wconf 75' lang='grc' dir='ltr'>μείζους</span> 
     </span>
    </p>
   </div>
   <div class='ocr_carea' id='block_1_82' title="bbox 532 4056 2108 4132">
    <p class='ocr_par' dir='ltr' id='par_1_82' title="bbox 532 4056 2102 4126">
     <span class='ocr_line' id='line_1_84' title="bbox 532 4056 2102 4126; baseline 0.001 -17"><span class='ocrx_word' id='word_1_585' title='bbox 532 4071 755 4126; x_wconf 81' lang='lat' dir='ltr'><strong>scapum</strong></span> <span class='ocrx_word' id='word_1_586' title='bbox 811 4057 989 4125; x_wconf 87' lang='lat' dir='ltr'><strong>posuit</strong></span> <span class='ocrx_word' id='word_1_587' title='bbox 1041 4056 1385 4126; x_wconf 86' lang='lat' dir='ltr'><strong>loquacitatis</strong></span> <span class='ocrx_word' id='word_1_588' title='bbox 1431 4068 1487 4111; x_wconf 89' lang='lat' dir='ltr'><strong>et</strong></span> <span class='ocrx_word' id='word_1_589' title='bbox 1535 4058 1929 4113; x_wconf 84' lang='lat' dir='ltr'><strong>calumniarum</strong></span> <span class='ocrx_word' id='word_1_590' title='bbox 1975 4075 2102 4113; x_wconf 84' lang='lat' dir='ltr'><strong>sua-</strong></span> 
     </span>
    </p>
   </div>
   <div class='ocr_carea' id='block_1_83' title="bbox 2220 4056 3796 4132">
    <p class='ocr_par' dir='ltr' id='par_1_83' title="bbox 2220 4060 3796 4132">
     <span class='ocr_line' id='line_1_85' title="bbox 2220 4060 3796 4132; baseline -0.001 -17"><span class='ocrx_word' id='word_1_591' title='bbox 2220 4062 2415 4132; x_wconf 78' lang='grc' dir='ltr'>ὶγῶνας</span> <span class='ocrx_word' id='word_1_592' title='bbox 2467 4062 2809 4115; x_wconf 87' lang='grc' dir='ltr'>ἐναπεδύετο.</span> <span class='ocrx_word' id='word_1_593' title='bbox 2836 4061 2926 4114; x_wconf 83' lang='grc' dir='ltr'>Διὸ</span> <span class='ocrx_word' id='word_1_594' title='bbox 2954 4064 3047 4115; x_wconf 76' lang='grc' dir='ltr'><strong>καὶ</strong></span> <span class='ocrx_word' id='word_1_595' title='bbox 3079 4061 3221 4115; x_wconf 76' lang='grc' dir='ltr'>ἅπαν</span> <span class='ocrx_word' id='word_1_596' title='bbox 3268 4061 3329 4113; x_wconf 82' lang='grc' dir='ltr'><strong>τὸ</strong></span> <span class='ocrx_word' id='word_1_597' title='bbox 3358 4062 3638 4132; x_wconf 84' lang='grc' dir='ltr'>αἱρετικὸν</span> <span class='ocrx_word' id='word_1_598' title='bbox 3667 4060 3796 4115; x_wconf 88' lang='grc' dir='ltr'>σύν-</span> 
     </span>
    </p>
   </div>
   <div class='ocr_carea' id='block_1_84' title="bbox 533 4148 2109 4225">
    <p class='ocr_par' dir='ltr' id='par_1_84' title="bbox 533 4148 2101 4218">
     <span class='ocr_line' id='line_1_86' title="bbox 533 4148 2101 4218; baseline 0.001 -15"><span class='ocrx_word' id='word_1_599' title='bbox 533 4163 673 4203; x_wconf 87' lang='lat' dir='ltr'><strong>rum.</strong></span> <span class='ocrx_word' id='word_1_600' title='bbox 720 4148 855 4203; x_wconf 88' lang='lat' dir='ltr'><strong>Sese</strong></span> <span class='ocrx_word' id='word_1_601' title='bbox 895 4150 1073 4218; x_wconf 88' lang='lat' dir='ltr'><strong>itaque</strong></span> <span class='ocrx_word' id='word_1_602' title='bbox 1116 4150 1372 4205; x_wconf 80' lang='lat' dir='ltr'><strong>adversus</strong></span> <span class='ocrx_word' id='word_1_603' title='bbox 1423 4150 1567 4204; x_wconf 87' lang='lat' dir='ltr'><strong>illum</strong></span> <span class='ocrx_word' id='word_1_604' title='bbox 1621 4153 1885 4205; x_wconf 89' lang='lat' dir='ltr'><strong>adornant</strong></span> <span class='ocrx_word' id='word_1_605' title='bbox 1933 4151 2101 4205; x_wconf 81' lang='lat' dir='ltr'><strong>Euse-</strong></span> 
     </span>
    </p>
   </div>
   <div class='ocr_carea' id='block_1_85' title="bbox 2221 4148 3797 4225">
    <p class='ocr_par' dir='ltr' id='par_1_85' title="bbox 2221 4153 3797 4225">
     <span class='ocr_line' id='line_1_87' title="bbox 2221 4153 3797 4225; baseline 0 -18"><span class='ocrx_word' id='word_1_606' title='bbox 2221 4172 2390 4225; x_wconf 76' lang='grc' dir='ltr'>ταγμα</span> <span class='ocrx_word' id='word_1_607' title='bbox 2424 4154 2623 4207; x_wconf 79' lang='grc' dir='ltr'>σκοπὸν</span> <span class='ocrx_word' id='word_1_608' title='bbox 2651 4154 2815 4207; x_wconf 79' lang='grc' dir='ltr'>αὐτὸν</span> <span class='ocrx_word' id='word_1_609' title='bbox 2852 4155 2950 4225; x_wconf 79' lang='grc' dir='ltr'><strong>τῆς</strong></span> <span class='ocrx_word' id='word_1_610' title='bbox 2980 4154 3184 4216; x_wconf 89' lang='grc' dir='ltr'>οἰκείας</span> <span class='ocrx_word' id='word_1_611' title='bbox 3214 4153 3577 4224; x_wconf 84' lang='grc' dir='ltr'>προὺτίθεσαν</span> <span class='ocrx_word' id='word_1_612' title='bbox 3615 4154 3797 4223; x_wconf 83' lang='grc' dir='ltr'>γλωσ-</span> 
     </span>
    </p>
   </div>
   <div class='ocr_carea' id='block_1_86' title="bbox 531 4239 2107 4317">
    <p class='ocr_par' dir='ltr' id='par_1_86' title="bbox 531 4239 2103 4313">
     <span class='ocr_line' id='line_1_88' title="bbox 531 4239 2103 4313; baseline 0.002 -19"><span class='ocrx_word' id='word_1_613' title='bbox 531 4241 653 4294; x_wconf 84' lang='lat' dir='ltr'><strong>hius</strong></span> <span class='ocrx_word' id='word_1_614' title='bbox 685 4239 1108 4294; x_wconf 86' lang='lat' dir='ltr'><strong>Nicomediensis</strong></span> <span class='ocrx_word' id='word_1_615' title='bbox 1148 4250 1201 4294; x_wconf 91' lang='lat' dir='ltr'><strong>et</strong></span> <span class='ocrx_word' id='word_1_616' title='bbox 1232 4242 1396 4310; x_wconf 91' lang='lat' dir='ltr'><strong>socii,</strong></span> <span class='ocrx_word' id='word_1_617' title='bbox 1442 4243 1831 4312; x_wconf 89' lang='lat' dir='ltr'><strong>conductisque</strong></span> <span class='ocrx_word' id='word_1_618' title='bbox 1879 4244 2103 4313; x_wconf 88' lang='lat' dir='ltr'><strong>quibus-</strong></span> 
     </span>
    </p>
   </div>
   <div class='ocr_carea' id='block_1_87' title="bbox 2220 4239 3796 4317">
    <p class='ocr_par' dir='ltr' id='par_1_87' title="bbox 2220 4245 3796 4317">
     <span class='ocr_line' id='line_1_89' title="bbox 2220 4245 3796 4317; baseline 0.001 -20"><span class='ocrx_word' id='word_1_619' title='bbox 2220 4246 2425 4315; x_wconf 74' lang='grc' dir='ltr'>ταλγίας</span> <span class='ocrx_word' id='word_1_620' title='bbox 2466 4263 2526 4298; x_wconf 89' lang='grc' dir='ltr'><strong>τε</strong></span> <span class='ocrx_word' id='word_1_621' title='bbox 2560 4247 2654 4298; x_wconf 71' lang='grc' dir='ltr'><strong>καὶ</strong></span> <span class='ocrx_word' id='word_1_622' title='bbox 2682 4245 3059 4315; x_wconf 74' lang='grc' dir='ltr'>συκοφαντίας.</span> <span class='ocrx_word' id='word_1_623' title='bbox 3113 4246 3556 4317; x_wconf 73' lang='grc' dir='ltr'>Συμιρραττονται</span> <span class='ocrx_word' id='word_1_624' title='bbox 3588 4245 3653 4316; x_wconf 81' lang='grc' dir='ltr'>δὴ</span> <span class='ocrx_word' id='word_1_625' title='bbox 3688 4246 3796 4315; x_wconf 77' lang='grc' dir='ltr'><strong>μά·</strong></span> 
     </span>
    </p>
   </div>
   <div class='ocr_carea' id='block_1_88' title="bbox 531 4332 2107 4411">
    <p class='ocr_par' dir='ltr' id='par_1_88' title="bbox 531 4332 2102 4399">
     <span class='ocr_line' id='line_1_90' title="bbox 531 4332 2102 4399; baseline 0.001 -12"><span class='ocrx_word' id='word_1_626' title='bbox 531 4332 654 4387; x_wconf 87' lang='lat' dir='ltr'><strong>dam</strong></span> <span class='ocrx_word' id='word_1_627' title='bbox 701 4332 997 4387; x_wconf 80' lang='lat' dir='ltr'><strong>Meletianis</strong></span> <span class='ocrx_word' id='word_1_628' title='bbox 1044 4335 1347 4399; x_wconf 70' lang='lat' dir='ltr'><strong>hazreticis,</strong></span> <span class='ocrx_word' id='word_1_629' title='bbox 1397 4349 1586 4388; x_wconf 88' lang='lat' dir='ltr'><strong>eorum</strong></span> <span class='ocrx_word' id='word_1_630' title='bbox 1642 4336 1943 4389; x_wconf 90' lang='lat' dir='ltr'><strong>ministerio</strong></span> <span class='ocrx_word' id='word_1_631' title='bbox 1997 4337 2102 4390; x_wconf 84' lang='lat' dir='ltr'><strong>cri-</strong></span> 
     </span>
    </p>
   </div>
   <div class='ocr_carea' id='block_1_89' title="bbox 2214 4332 3790 4411">
    <p class='ocr_par' dir='ltr' id='par_1_89' title="bbox 2214 4337 3790 4411">
     <span class='ocr_line' id='line_1_91' title="bbox 2214 4337 3790 4411; baseline 0.001 -22"><span class='ocrx_word' id='word_1_632' title='bbox 2214 4342 2355 4390; x_wconf 57' lang='grc' dir='ltr'>λιστα</span> <span class='ocrx_word' id='word_1_633' title='bbox 2400 4338 2519 4390; x_wconf 83' lang='grc' dir='ltr'>κατ’</span> <span class='ocrx_word' id='word_1_634' title='bbox 2551 4337 2714 4391; x_wconf 74' lang='grc' dir='ltr'>αὐτοῦ</span> <span class='ocrx_word' id='word_1_635' title='bbox 2746 4339 2795 4389; x_wconf 90' lang='grc' dir='ltr'>οἱ</span> <span class='ocrx_word' id='word_1_636' title='bbox 2818 4341 2945 4411; x_wconf 77' lang='grc' dir='ltr'>περὶ</span> <span class='ocrx_word' id='word_1_637' title='bbox 2978 4339 3237 4392; x_wconf 76' lang='grc' dir='ltr'>Εὐσέϐιον</span> <span class='ocrx_word' id='word_1_638' title='bbox 3263 4340 3353 4391; x_wconf 74' lang='grc' dir='ltr'><strong>τὸν</strong></span> <span class='ocrx_word' id='word_1_639' title='bbox 3389 4338 3790 4409; x_wconf 83' lang='grc' dir='ltr'>Νικομηδείας,</span> 
     </span>
    </p>
   </div>
   <div class='ocr_carea' id='block_1_90' title="bbox 531 4425 2107 4498">
    <p class='ocr_par' dir='ltr' id='par_1_90' title="bbox 531 4425 2096 4497">
     <span class='ocr_line' id='line_1_92' title="bbox 531 4425 2096 4497; baseline 0.001 -17"><span class='ocrx_word' id='word_1_640' title='bbox 531 4426 673 4480; x_wconf 87' lang='lat' dir='ltr'><strong>mina</strong></span> <span class='ocrx_word' id='word_1_641' title='bbox 719 4425 1048 4495; x_wconf 71' lang='lat' dir='ltr'><strong>confingunt.</strong></span> <span class='ocrx_word' id='word_1_642' title='bbox 1095 4427 1334 4493; x_wconf 86' lang='lat' dir='ltr'><strong>Quorum</strong></span> <span class='ocrx_word' id='word_1_643' title='bbox 1384 4428 1616 4496; x_wconf 89' lang='lat' dir='ltr'><strong>primum</strong></span> <span class='ocrx_word' id='word_1_644' title='bbox 1665 4428 1765 4481; x_wconf 81' lang='lat' dir='ltr'><strong>fuit</strong></span> <span class='ocrx_word' id='word_1_645' title='bbox 1798 4445 1813 4484; x_wconf 86' lang='lat'><strong>:</strong></span> <span class='ocrx_word' id='word_1_646' title='bbox 1849 4428 1990 4497; x_wconf 86' lang='lat' dir='ltr'><strong>quod</strong></span> <span class='ocrx_word' id='word_1_647' title='bbox 2030 4442 2096 4482; x_wconf 80' lang='lat' dir='ltr'><strong>ex</strong></span> 
     </span>
    </p>
   </div>
   <div class='ocr_carea' id='block_1_91' title="bbox 2216 4425 3792 4498">
    <p class='ocr_par' dir='ltr' id='par_1_91' title="bbox 2216 4426 3792 4498">
     <span class='ocr_line' id='line_1_93' title="bbox 2216 4426 3792 4498; baseline 0.001 -18"><span class='ocrx_word' id='word_1_648' title='bbox 2216 4427 2294 4481; x_wconf 79' lang='grc' dir='ltr'><strong>ιαὶ</strong></span> <span class='ocrx_word' id='word_1_649' title='bbox 2331 4426 2644 4496; x_wconf 85' lang='grc' dir='ltr'>μισθοῦνταί</span> <span class='ocrx_word' id='word_1_650' title='bbox 2696 4444 2847 4491; x_wconf 85' lang='grc' dir='ltr'>τινας</span> <span class='ocrx_word' id='word_1_651' title='bbox 2872 4430 2968 4498; x_wconf 80' lang='grc' dir='ltr'>τῆς</span> <span class='ocrx_word' id='word_1_652' title='bbox 2999 4429 3262 4482; x_wconf 88' lang='grc' dir='ltr'>Μελετίου</span> <span class='ocrx_word' id='word_1_653' title='bbox 3291 4428 3560 4498; x_wconf 80' lang='grc' dir='ltr'>αἱρέσεως</span> <span class='ocrx_word' id='word_1_654' title='bbox 3597 4429 3691 4481; x_wconf 82' lang='grc' dir='ltr'><strong>καὶ</strong></span> <span class='ocrx_word' id='word_1_655' title='bbox 3721 4428 3792 4481; x_wconf 86' lang='grc' dir='ltr'>δι’</span> 
     </span>
    </p>
   </div>
   <div class='ocr_carea' id='block_1_92' title="bbox 528 4514 2104 4593">
    <p class='ocr_par' dir='ltr' id='par_1_92' title="bbox 528 4516 2103 4587">
     <span class='ocr_line' id='line_1_94' title="bbox 528 4516 2103 4587; baseline 0.004 -21"><span class='ocrx_word' id='word_1_656' title='bbox 528 4516 809 4570; x_wconf 82' lang='lat' dir='ltr'><strong>Athanasii</strong></span> <span class='ocrx_word' id='word_1_657' title='bbox 857 4517 1077 4570; x_wconf 86' lang='lat' dir='ltr'><strong>avaritia</strong></span> <span class='ocrx_word' id='word_1_658' title='bbox 1119 4517 1315 4570; x_wconf 89' lang='lat' dir='ltr'><strong>lineam</strong></span> <span class='ocrx_word' id='word_1_659' title='bbox 1351 4527 1552 4573; x_wconf 82' lang='lat' dir='ltr'><strong>vestem</strong></span> <span class='ocrx_word' id='word_1_660' title='bbox 1581 4517 1817 4587; x_wconf 67' lang='lat' dir='ltr'><strong>Egyptii</strong></span> <span class='ocrx_word' id='word_1_661' title='bbox 1851 4517 2103 4572; x_wconf 76' lang='lat' dir='ltr'><strong>Ecclesia:</strong></span> 
     </span>
    </p>
   </div>
   <div class='ocr_carea' id='block_1_93' title="bbox 2214 4514 3790 4593">
    <p class='ocr_par' dir='ltr' id='par_1_93' title="bbox 2214 4514 3790 4593">
     <span class='ocr_line' id='line_1_95' title="bbox 2214 4514 3790 4593; baseline 0.001 -22"><span class='ocrx_word' id='word_1_662' title='bbox 2214 4518 2382 4571; x_wconf 78' lang='grc' dir='ltr'>αὐτῶν</span> <span class='ocrx_word' id='word_1_663' title='bbox 2422 4519 2758 4590; x_wconf 83' lang='grc' dir='ltr'>κατηγορίας</span> <span class='ocrx_word' id='word_1_664' title='bbox 2789 4520 3207 4591; x_wconf 75' lang='grc' dir='ltr'>συρῤόιπτουσιν.</span> <span class='ocrx_word' id='word_1_665' title='bbox 3240 4514 3339 4573; x_wconf 84' lang='grc' dir='ltr'>Ὧν</span> <span class='ocrx_word' id='word_1_666' title='bbox 3366 4523 3398 4590; x_wconf 83' lang='grc' dir='ltr'>ἡ</span> <span class='ocrx_word' id='word_1_667' title='bbox 3441 4521 3541 4591; x_wconf 77' lang='grc' dir='ltr'><strong>μὲν</strong></span> <span class='ocrx_word' id='word_1_668' title='bbox 3571 4520 3790 4593; x_wconf 83' lang='grc' dir='ltr'>πρώτη,</span> 
     </span>
    </p>
   </div>
   <div class='ocr_carea' id='block_1_94' title="bbox 531 4605 2107 4684">
    <p class='ocr_par' dir='ltr' id='par_1_94' title="bbox 531 4605 2102 4677">
     <span class='ocr_line' id='line_1_96' title="bbox 531 4605 2102 4677; baseline 0.003 -20"><span class='ocrx_word' id='word_1_669' title='bbox 531 4605 907 4660; x_wconf 72' lang='lat' dir='ltr'><strong>Alexandrina:</strong></span> <span class='ocrx_word' id='word_1_670' title='bbox 949 4607 1297 4676; x_wconf 87' lang='lat' dir='ltr'><strong>peusitarent.</strong></span> <span class='ocrx_word' id='word_1_671' title='bbox 1346 4608 1653 4661; x_wconf 87' lang='lat' dir='ltr'><strong>Secundum</strong></span> <span class='ocrx_word' id='word_1_672' title='bbox 1696 4626 1708 4660; x_wconf 88' lang='lat'>:</span> <span class='ocrx_word' id='word_1_673' title='bbox 1743 4610 1885 4677; x_wconf 86' lang='lat' dir='ltr'><strong>quod</strong></span> <span class='ocrx_word' id='word_1_674' title='bbox 1930 4608 2102 4675; x_wconf 88' lang='lat' dir='ltr'><strong>impe—</strong></span> 
     </span>
    </p>
   </div>
   <div class='ocr_carea' id='block_1_95' title="bbox 2219 4605 3795 4684">
    <p class='ocr_par' dir='ltr' id='par_1_95' title="bbox 2219 4612 3795 4684">
     <span class='ocr_line' id='line_1_97' title="bbox 2219 4612 3795 4684; baseline 0.003 -21"><span class='ocrx_word' id='word_1_675' title='bbox 2219 4613 2353 4682; x_wconf 63' lang='lat' dir='ltr'><strong>lwﬁv</strong></span> <span class='ocrx_word' id='word_1_676' title='bbox 2406 4612 2607 4681; x_wconf 76' lang='grc' dir='ltr'>ἐσθῆτα</span> <span class='ocrx_word' id='word_1_677' title='bbox 2664 4613 2790 4674; x_wconf 80' lang='grc' dir='ltr'>τοὺς</span> <span class='ocrx_word' id='word_1_678' title='bbox 2830 4614 3159 4681; x_wconf 80' lang='grc' dir='ltr'>Αἰγυπτίους</span> <span class='ocrx_word' id='word_1_679' title='bbox 3203 4612 3371 4666; x_wconf 83' lang='grc' dir='ltr'>τελεῖν</span> <span class='ocrx_word' id='word_1_680' title='bbox 3427 4616 3493 4684; x_wconf 85' lang='grc' dir='ltr'>τῇ</span> <span class='ocrx_word' id='word_1_681' title='bbox 3538 4613 3795 4679; x_wconf 83' lang='grc' dir='ltr'>Ἀλεξαν-</span> 
     </span>
    </p>
   </div>
   <div class='ocr_carea' id='block_1_96' title="bbox 533 4698 2109 4776">
    <p class='ocr_par' dir='ltr' id='par_1_96' title="bbox 533 4698 2103 4768">
     <span class='ocr_line' id='line_1_98' title="bbox 533 4698 2103 4768; baseline -0.001 -17"><span class='ocrx_word' id='word_1_682' title='bbox 533 4700 696 4752; x_wconf 86' lang='lat' dir='ltr'><strong>ratori</strong></span> <span class='ocrx_word' id='word_1_683' title='bbox 739 4699 1044 4761; x_wconf 85' lang='lat' dir='ltr'><strong>insidiatus,</strong></span> <span class='ocrx_word' id='word_1_684' title='bbox 1084 4698 1399 4753; x_wconf 79' lang='lat' dir='ltr'><strong>Philumena</strong></span> <span class='ocrx_word' id='word_1_685' title='bbox 1442 4698 1685 4763; x_wconf 88' lang='lat' dir='ltr'><strong>cuidam,</strong></span> <span class='ocrx_word' id='word_1_686' title='bbox 1726 4700 1818 4766; x_wconf 90' lang='lat' dir='ltr'><strong>qui</strong></span> <span class='ocrx_word' id='word_1_687' title='bbox 1863 4698 2103 4768; x_wconf 85' lang='lat' dir='ltr'><strong>tyranni-</strong></span> 
     </span>
    </p>
   </div>
   <div class='ocr_carea' id='block_1_97' title="bbox 2213 4698 3789 4776">
    <p class='ocr_par' dir='ltr' id='par_1_97' title="bbox 2213 4704 3789 4776">
     <span class='ocr_line' id='line_1_99' title="bbox 2213 4704 3789 4776; baseline 0.003 -21"><span class='ocrx_word' id='word_1_688' title='bbox 2213 4704 2370 4776; x_wconf 74' lang='grc' dir='ltr'><strong>Βρὲων</strong></span> <span class='ocrx_word' id='word_1_689' title='bbox 2404 4706 2467 4756; x_wconf 86' lang='grc' dir='ltr'><strong>ἐκ</strong></span> <span class='ocrx_word' id='word_1_690' title='bbox 2509 4706 2607 4775; x_wconf 77' lang='grc' dir='ltr'>τῆς</span> <span class='ocrx_word' id='word_1_691' title='bbox 2646 4704 2957 4758; x_wconf 84' lang='grc' dir='ltr'>Ἀθανασίου</span> <span class='ocrx_word' id='word_1_692' title='bbox 3011 4706 3341 4771; x_wconf 77' lang='grc' dir='ltr'>πλεονεξίας,</span> <span class='ocrx_word' id='word_1_693' title='bbox 3390 4705 3789 4761; x_wconf 76' lang='grc' dir='ltr'>συνέπλαττεν.</span> 
     </span>
    </p>
   </div>
   <div class='ocr_carea' id='block_1_98' title="bbox 531 4790 2107 4874">
    <p class='ocr_par' dir='ltr' id='par_1_98' title="bbox 531 4790 2105 4860">
     <span class='ocr_line' id='line_1_100' title="bbox 531 4790 2105 4860; baseline -0.001 -15"><span class='ocrx_word' id='word_1_694' title='bbox 531 4791 655 4845; x_wconf 89' lang='lat' dir='ltr'><strong>dem</strong></span> <span class='ocrx_word' id='word_1_695' title='bbox 698 4791 976 4845; x_wconf 75' lang='lat' dir='ltr'><strong>alfectasse</strong></span> <span class='ocrx_word' id='word_1_696' title='bbox 1014 4792 1301 4857; x_wconf 79' lang='lat' dir='ltr'><strong>ferebatur,</strong></span> <span class='ocrx_word' id='word_1_697' title='bbox 1336 4807 1456 4847; x_wconf 89' lang='lat' dir='ltr'><strong>sese</strong></span> <span class='ocrx_word' id='word_1_698' title='bbox 1510 4793 1873 4860; x_wconf 80' lang='lat' dir='ltr'><strong>adjunxisset,</strong></span> <span class='ocrx_word' id='word_1_699' title='bbox 1921 4790 2105 4859; x_wconf 88' lang='lat' dir='ltr'><strong>illique</strong></span> 
     </span>
    </p>
   </div>
   <div class='ocr_carea' id='block_1_99' title="bbox 2215 4790 3791 4874">
    <p class='ocr_par' dir='ltr' id='par_1_99' title="bbox 2215 4796 3791 4874">
     <span class='ocr_line' id='line_1_101' title="bbox 2215 4796 3791 4874; baseline 0.005 -26"><span class='ocrx_word' id='word_1_700' title='bbox 2215 4796 2485 4867; x_wconf 68' lang='grc' dir='ltr'>ἡδευτέρα</span> <span class='ocrx_word' id='word_1_701' title='bbox 2515 4796 2592 4859; x_wconf 81' lang='grc' dir='ltr'><strong>δέ,</strong></span> <span class='ocrx_word' id='word_1_702' title='bbox 2623 4797 2698 4861; x_wconf 83' lang='grc' dir='ltr'>ὼς</span> <span class='ocrx_word' id='word_1_703' title='bbox 2742 4800 2853 4861; x_wconf 83' lang='grc' dir='ltr'>τοῖς</span> <span class='ocrx_word' id='word_1_704' title='bbox 2884 4798 3147 4868; x_wconf 84' lang='grc' dir='ltr'>βασιλέως</span> <span class='ocrx_word' id='word_1_705' title='bbox 3171 4800 3439 4873; x_wconf 87' lang='grc' dir='ltr'>ἐνεδρεύει</span> <span class='ocrx_word' id='word_1_706' title='bbox 3471 4802 3791 4874; x_wconf 81' lang='grc' dir='ltr'>πράγμασι,</span> 
     </span>
    </p>
   </div>
   <div class='ocr_carea' id='block_1_100' title="bbox 533 4882 2109 4967">
    <p class='ocr_par' dir='ltr' id='par_1_100' title="bbox 533 4882 2103 4952">
     <span class='ocr_line' id='line_1_102' title="bbox 533 4882 2103 4952; baseline 0.001 -18"><span class='ocrx_word' id='word_1_707' title='bbox 533 4897 846 4935; x_wconf 90' lang='lat' dir='ltr'><strong>crumenam</strong></span> <span class='ocrx_word' id='word_1_708' title='bbox 895 4883 1129 4936; x_wconf 90' lang='lat' dir='ltr'><strong>misisset</strong></span> <span class='ocrx_word' id='word_1_709' title='bbox 1168 4883 1284 4937; x_wconf 89' lang='lat' dir='ltr'><strong>auri</strong></span> <span class='ocrx_word' id='word_1_710' title='bbox 1330 4885 1565 4952; x_wconf 89' lang='lat' dir='ltr'><strong>plenam.</strong></span> <span class='ocrx_word' id='word_1_711' title='bbox 1597 4884 1836 4937; x_wconf 84' lang='lat' dir='ltr'><strong>Tertium</strong></span> <span class='ocrx_word' id='word_1_712' title='bbox 1868 4901 1881 4936; x_wconf 85' lang='lat'><strong>:</strong></span> <span class='ocrx_word' id='word_1_713' title='bbox 1917 4882 2103 4952; x_wconf 82' lang='lat' dir='ltr'><strong>lschy-</strong></span> 
     </span>
    </p>
   </div>
   <div class='ocr_carea' id='block_1_101' title="bbox 2217 4882 3793 4967">
    <p class='ocr_par' dir='ltr' id='par_1_101' title="bbox 2217 4887 3793 4967">
     <span class='ocr_line' id='line_1_103' title="bbox 2217 4887 3793 4967; baseline 0.007 -28"><span class='ocrx_word' id='word_1_714' title='bbox 2217 4887 2512 4959; x_wconf 60' lang='grc' dir='ltr'>ἰνιλουμένῳ</span> <span class='ocrx_word' id='word_1_715' title='bbox 2541 4890 2647 4962; x_wconf 83' lang='grc' dir='ltr'>γάρ</span> <span class='ocrx_word' id='word_1_716' title='bbox 2678 4907 2805 4953; x_wconf 87' lang='grc' dir='ltr'>τινι,</span> <span class='ocrx_word' id='word_1_717' title='bbox 2852 4891 3131 4945; x_wconf 79' lang='grc' dir='ltr'>ἐπιθέσθαι</span> <span class='ocrx_word' id='word_1_718' title='bbox 3158 4895 3428 4965; x_wconf 87' lang='grc' dir='ltr'>τυραννίδι</span> <span class='ocrx_word' id='word_1_719' title='bbox 3456 4897 3651 4967; x_wconf 74' lang='grc' dir='ltr'>φήμην</span> <span class='ocrx_word' id='word_1_720' title='bbox 3692 4896 3793 4950; x_wconf 89' lang='grc' dir='ltr'>λα-</span> 
     </span>
    </p>
   </div>
   <div class='ocr_carea' id='block_1_102' title="bbox 537 4974 2113 5061">
    <p class='ocr_par' dir='ltr' id='par_1_102' title="bbox 537 4974 2105 5044">
     <span class='ocr_line' id='line_1_104' title="bbox 537 4974 2105 5044; baseline 0.002 -17"><span class='ocrx_word' id='word_1_721' title='bbox 537 4990 652 5027; x_wconf 86' lang='lat' dir='ltr'><strong>ram</strong></span> <span class='ocrx_word' id='word_1_722' title='bbox 682 4974 976 5044; x_wconf 84' lang='lat' dir='ltr'><strong>spectabat,</strong></span> <span class='ocrx_word' id='word_1_723' title='bbox 1004 4990 1211 5030; x_wconf 90' lang='lat' dir='ltr'><strong>necnon</strong></span> <span class='ocrx_word' id='word_1_724' title='bbox 1242 4991 1476 5031; x_wconf 85' lang='lat' dir='ltr'><strong>mensam</strong></span> <span class='ocrx_word' id='word_1_725' title='bbox 1505 4977 1839 5041; x_wconf 88' lang='lat' dir='ltr'><strong>subversam,</strong></span> <span class='ocrx_word' id='word_1_726' title='bbox 1876 4986 1929 5031; x_wconf 93' lang='lat' dir='ltr'><strong>et</strong></span> <span class='ocrx_word' id='word_1_727' title='bbox 1976 4990 2105 5030; x_wconf 83' lang='lat' dir='ltr'><strong>cou-</strong></span> 
     </span>
    </p>
   </div>
   <div class='ocr_carea' id='block_1_103' title="bbox 2218 4974 3794 5061">
    <p class='ocr_par' dir='ltr' id='par_1_103' title="bbox 2218 4980 3794 5061">
     <span class='ocr_line' id='line_1_105' title="bbox 2218 4980 3794 5061; baseline 0.006 -28"><span class='ocrx_word' id='word_1_728' title='bbox 2218 4980 2371 5044; x_wconf 73' lang='grc' dir='ltr'>Ξόντι,</span> <span class='ocrx_word' id='word_1_729' title='bbox 2422 4982 2642 5053; x_wconf 88' lang='grc' dir='ltr'>χρυσίου</span> <span class='ocrx_word' id='word_1_730' title='bbox 2699 4982 2905 5055; x_wconf 80' lang='grc' dir='ltr'>πλῆρες</span> <span class='ocrx_word' id='word_1_731' title='bbox 2951 4986 3322 5051; x_wconf 83' lang='grc' dir='ltr'>ἐξαποστεῖλαι</span> <span class='ocrx_word' id='word_1_732' title='bbox 3376 4988 3794 5061; x_wconf 88' lang='grc' dir='ltr'>γλωσσόκομον,</span> 
     </span>
    </p>
   </div>
   <div class='ocr_carea' id='block_1_104' title="bbox 538 5064 2114 5156">
    <p class='ocr_par' dir='ltr' id='par_1_104' title="bbox 538 5064 2106 5135">
     <span class='ocr_line' id='line_1_106' title="bbox 538 5064 2106 5135; baseline 0.003 -19"><span class='ocrx_word' id='word_1_733' title='bbox 538 5064 768 5118; x_wconf 81' lang='lat' dir='ltr'><strong>fractum</strong></span> <span class='ocrx_word' id='word_1_734' title='bbox 819 5064 1040 5118; x_wconf 86' lang='lat' dir='ltr'><strong>calicem</strong></span> <span class='ocrx_word' id='word_1_735' title='bbox 1099 5066 1421 5135; x_wconf 84' lang='lat' dir='ltr'><strong>mysticum,</strong></span> <span class='ocrx_word' id='word_1_736' title='bbox 1477 5064 1765 5121; x_wconf 75' lang='lat' dir='ltr'><strong>Mareotem</strong></span> <span class='ocrx_word' id='word_1_737' title='bbox 1816 5067 2011 5129; x_wconf 90' lang='lat' dir='ltr'><strong>etiam,</strong></span> <span class='ocrx_word' id='word_1_738' title='bbox 2050 5076 2106 5120; x_wconf 87' lang='lat' dir='ltr'><strong>et</strong></span> 
     </span>
    </p>
   </div>
   <div class='ocr_carea' id='block_1_105' title="bbox 2224 5064 3800 5156">
    <p class='ocr_par' dir='ltr' id='par_1_105' title="bbox 2224 5076 3800 5156">
     <span class='ocr_line' id='line_1_107' title="bbox 2224 5076 3800 5156; baseline 0.004 -28"><span class='ocrx_word' id='word_1_739' title='bbox 2224 5076 2519 5131; x_wconf 60' lang='grc' dir='ltr'>ὅπετίθετο·</span> <span class='ocrx_word' id='word_1_740' title='bbox 2552 5077 2645 5130; x_wconf 83' lang='grc' dir='ltr'><strong>καὶ</strong></span> <span class='ocrx_word' id='word_1_741' title='bbox 2668 5080 2701 5147; x_wconf 85' lang='grc' dir='ltr'><strong>ἡ</strong></span> <span class='ocrx_word' id='word_1_742' title='bbox 2729 5078 2887 5148; x_wconf 88' lang='grc' dir='ltr'>τρίτη</span> <span class='ocrx_word' id='word_1_743' title='bbox 2933 5080 3179 5151; x_wconf 86' lang='grc' dir='ltr'>Ἰσχύραν</span> <span class='ocrx_word' id='word_1_744' title='bbox 3209 5081 3301 5134; x_wconf 70' lang='grc' dir='ltr'><strong>καὶ</strong></span> <span class='ocrx_word' id='word_1_745' title='bbox 3329 5082 3427 5153; x_wconf 82' lang='grc' dir='ltr'>τὴν</span> <span class='ocrx_word' id='word_1_746' title='bbox 3460 5082 3800 5156; x_wconf 83' lang='grc' dir='ltr'>ἀνατραπεῖ-</span> 
     </span>
    </p>
   </div>
   <div class='ocr_carea' id='block_1_106' title="bbox 536 5154 2112 5245">
    <p class='ocr_par' dir='ltr' id='par_1_106' title="bbox 536 5154 2104 5229">
     <span class='ocr_line' id='line_1_108' title="bbox 536 5154 2104 5229; baseline 0.001 -21"><span class='ocrx_word' id='word_1_747' title='bbox 536 5154 827 5209; x_wconf 82' lang='lat' dir='ltr'><strong>Macarium</strong></span> <span class='ocrx_word' id='word_1_748' title='bbox 880 5157 1289 5229; x_wconf 84' lang='lat' dir='ltr'><strong>presbyterum,</strong></span> <span class='ocrx_word' id='word_1_749' title='bbox 1337 5159 1559 5226; x_wconf 85' lang='lat' dir='ltr'><strong>ejusque</strong></span> <span class='ocrx_word' id='word_1_750' title='bbox 1606 5158 1887 5212; x_wconf 87' lang='lat' dir='ltr'><strong>violentam</strong></span> <span class='ocrx_word' id='word_1_751' title='bbox 1936 5157 2104 5211; x_wconf 88' lang='lat' dir='ltr'><strong>latro-</strong></span> 
     </span>
    </p>
   </div>
   <div class='ocr_carea' id='block_1_107' title="bbox 2216 5154 3792 5245">
    <p class='ocr_par' dir='ltr' id='par_1_107' title="bbox 2216 5168 3792 5245">
     <span class='ocr_line' id='line_1_109' title="bbox 2216 5168 3792 5245; baseline 0.005 -25"><span class='ocrx_word' id='word_1_752' title='bbox 2216 5184 2305 5220; x_wconf 83' lang='grc' dir='ltr'><strong>σαν</strong></span> <span class='ocrx_word' id='word_1_753' title='bbox 2332 5168 2629 5239; x_wconf 78' lang='grc' dir='ltr'>τράπεζαν,</span> <span class='ocrx_word' id='word_1_754' title='bbox 2682 5170 2776 5222; x_wconf 79' lang='grc' dir='ltr'><strong>καὶ</strong></span> <span class='ocrx_word' id='word_1_755' title='bbox 2805 5170 2865 5222; x_wconf 80' lang='grc' dir='ltr'><strong>τὸ</strong></span> <span class='ocrx_word' id='word_1_756' title='bbox 2896 5172 3162 5241; x_wconf 81' lang='grc' dir='ltr'>κατεαγδς</span> <span class='ocrx_word' id='word_1_757' title='bbox 3209 5172 3471 5243; x_wconf 77' lang='grc' dir='ltr'>μυστικὸν</span> <span class='ocrx_word' id='word_1_758' title='bbox 3502 5176 3792 5245; x_wconf 83' lang='grc' dir='ltr'>ποτήριον,</span> 
     </span>
    </p>
   </div>
   <div class='ocr_carea' id='block_1_108' title="bbox 537 5246 2113 5337">
    <p class='ocr_par' dir='ltr' id='par_1_108' title="bbox 537 5246 2104 5318">
     <span class='ocr_line' id='line_1_110' title="bbox 537 5246 2104 5318; baseline 0.001 -17"><span class='ocrx_word' id='word_1_759' title='bbox 537 5262 663 5301; x_wconf 88' lang='lat' dir='ltr'><strong>num</strong></span> <span class='ocrx_word' id='word_1_760' title='bbox 694 5246 864 5301; x_wconf 88' lang='lat' dir='ltr'><strong>instar</strong></span> <span class='ocrx_word' id='word_1_761' title='bbox 893 5247 1271 5314; x_wconf 81' lang='lat' dir='ltr'><strong>irruptionem,</strong></span> <span class='ocrx_word' id='word_1_762' title='bbox 1297 5264 1416 5317; x_wconf 74' lang='lat' dir='ltr'><strong>qua:</strong></span> <span class='ocrx_word' id='word_1_763' title='bbox 1454 5248 1635 5303; x_wconf 89' lang='lat' dir='ltr'><strong>omnia</strong></span> <span class='ocrx_word' id='word_1_764' title='bbox 1666 5252 1821 5318; x_wconf 86' lang='lat' dir='ltr'><strong>quasi</strong></span> <span class='ocrx_word' id='word_1_765' title='bbox 1857 5249 1911 5302; x_wconf 86' lang='lat' dir='ltr'><strong>in</strong></span> <span class='ocrx_word' id='word_1_766' title='bbox 1940 5263 2104 5302; x_wconf 86' lang='lat' dir='ltr'><strong>scena</strong></span> 
     </span>
    </p>
   </div>
   <div class='ocr_carea' id='block_1_109' title="bbox 2224 5246 3800 5337">
    <p class='ocr_par' dir='ltr' id='par_1_109' title="bbox 2224 5260 3800 5337">
     <span class='ocr_line' id='line_1_111' title="bbox 2224 5260 3800 5337; baseline 0.004 -24"><span class='ocrx_word' id='word_1_767' title='bbox 2224 5261 2299 5314; x_wconf 74' lang='grc' dir='ltr'><strong>ιαὶ</strong></span> <span class='ocrx_word' id='word_1_768' title='bbox 2321 5260 2411 5312; x_wconf 78' lang='grc' dir='ltr'><strong>τὸν</strong></span> <span class='ocrx_word' id='word_1_769' title='bbox 2440 5260 2763 5331; x_wconf 76' lang='grc' dir='ltr'>Μαρεώτην,</span> <span class='ocrx_word' id='word_1_770' title='bbox 2796 5262 2888 5314; x_wconf 76' lang='grc' dir='ltr'><strong>καὶ</strong></span> <span class='ocrx_word' id='word_1_771' title='bbox 2937 5264 3221 5335; x_wconf 83' lang='grc' dir='ltr'>Μακάριον</span> <span class='ocrx_word' id='word_1_772' title='bbox 3272 5264 3670 5337; x_wconf 88' lang='grc' dir='ltr'>πρεσϐύτερον,</span> <span class='ocrx_word' id='word_1_773' title='bbox 3698 5266 3800 5319; x_wconf 79' lang='grc' dir='ltr'>καὶ</span> 
     </span>
    </p>
   </div>
   <div class='ocr_carea' id='block_1_110' title="bbox 536 5342 2112 5431">
    <p class='ocr_par' dir='ltr' id='par_1_110' title="bbox 536 5342 1084 5409">
     <span class='ocr_line' id='line_1_112' title="bbox 536 5342 1084 5409; baseline 0.002 -16"><span class='ocrx_word' id='word_1_774' title='bbox 536 5342 1084 5409; x_wconf 68' lang='grc' dir='ltr'>τορτωεθιιιιιὺυηιυτ.</span> 
     </span>
    </p>
   </div>
   <div class='ocr_carea' id='block_1_111' title="bbox 2225 5342 3801 5431">
    <p class='ocr_par' dir='ltr' id='par_1_111' title="bbox 2225 5348 3801 5431">
     <span class='ocr_line' id='line_1_113' title="bbox 2225 5348 3801 5431; baseline 0.008 -31"><span class='ocrx_word' id='word_1_775' title='bbox 2225 5350 2303 5419; x_wconf 75' lang='grc' dir='ltr'>τὴν</span> <span class='ocrx_word' id='word_1_776' title='bbox 2330 5348 2625 5421; x_wconf 81' lang='grc' dir='ltr'>λῃστρικὴν</span> <span class='ocrx_word' id='word_1_777' title='bbox 2665 5352 2827 5404; x_wconf 82' lang='grc' dir='ltr'>αὐτοῦ</span> <span class='ocrx_word' id='word_1_778' title='bbox 2873 5352 3079 5419; x_wconf 76' lang='grc' dir='ltr'>ἔφοδον,</span> <span class='ocrx_word' id='word_1_779' title='bbox 3119 5356 3212 5408; x_wconf 77' lang='grc' dir='ltr'><strong>καὶ</strong></span> <span class='ocrx_word' id='word_1_780' title='bbox 3242 5358 3301 5411; x_wconf 76' lang='grc' dir='ltr'><strong>τὸ</strong></span> <span class='ocrx_word' id='word_1_781' title='bbox 3336 5357 3441 5412; x_wconf 84' lang='grc' dir='ltr'>ἀνὰ</span> <span class='ocrx_word' id='word_1_782' title='bbox 3480 5359 3665 5412; x_wconf 77' lang='grc' dir='ltr'>πᾶσαν</span> <span class='ocrx_word' id='word_1_783' title='bbox 3690 5359 3801 5431; x_wconf 67' lang='grc' dir='ltr'>τὴν</span> 
     </span>
    </p>
   </div>
   <div class='ocr_carea' id='block_1_112' title="bbox 2205 5441 3441 5517">
    <p class='ocr_par' dir='ltr' id='par_1_112' title="bbox 2205 5441 3441 5517">
     <span class='ocr_line' id='line_1_114' title="bbox 2205 5441 3441 5517; baseline 0.009 -24"><span class='ocrx_word' id='word_1_784' title='bbox 2205 5441 2529 5510; x_wconf 78' lang='grc' dir='ltr'>οἰκουμένην</span> <span class='ocrx_word' id='word_1_785' title='bbox 2557 5442 2872 5512; x_wconf 85' lang='grc' dir='ltr'>θεατρισθὲν</span> <span class='ocrx_word' id='word_1_786' title='bbox 2904 5444 3087 5517; x_wconf 82' lang='grc' dir='ltr'>δρᾶμα</span> <span class='ocrx_word' id='word_1_787' title='bbox 3114 5454 3441 5517; x_wconf 86' lang='grc' dir='ltr'>σκηνοποιεῖ.</span> 
     </span>
    </p>
   </div>
   <div class='ocr_carea' id='block_1_113' title="bbox 605 5524 2181 5617">
    <p class='ocr_par' dir='ltr' id='par_1_113' title="bbox 605 5524 2106 5582">
     <span class='ocr_line' id='line_1_115' title="bbox 605 5524 2106 5582; baseline 0.003 -4"><span class='ocrx_word' id='word_1_788' title='bbox 605 5525 659 5579; x_wconf 74' lang='grc'><strong>3.</strong></span> <span class='ocrx_word' id='word_1_789' title='bbox 700 5525 825 5580; x_wconf 56' lang='lat' dir='ltr'><strong>Haec</strong></span> <span class='ocrx_word' id='word_1_790' title='bbox 861 5534 915 5579; x_wconf 87' lang='lat' dir='ltr'><strong>et</strong></span> <span class='ocrx_word' id='word_1_791' title='bbox 963 5525 1158 5581; x_wconf 91' lang='lat' dir='ltr'><strong>similia</strong></span> <span class='ocrx_word' id='word_1_792' title='bbox 1213 5524 1456 5581; x_wconf 90' lang='lat' dir='ltr'><strong>dramata</strong></span> <span class='ocrx_word' id='word_1_793' title='bbox 1499 5526 1789 5581; x_wconf 86' lang='lat' dir='ltr'><strong>commenti</strong></span> <span class='ocrx_word' id='word_1_794' title='bbox 1840 5526 2106 5582; x_wconf 80' lang='lat' dir='ltr'><strong>Eusebius</strong></span> 
     </span>
    </p>
   </div>
   <div class='ocr_carea' id='block_1_114' title="bbox 2227 5524 3803 5617">
    <p class='ocr_par' dir='ltr' id='par_1_114' title="bbox 2276 5532 3803 5617">
     <span class='ocr_line' id='line_1_116' title="bbox 2276 5532 3803 5617; baseline 0.01 -32"><span class='ocrx_word' id='word_1_795' title='bbox 2276 5532 2327 5585; x_wconf 76' lang='grc'>5.</span> <span class='ocrx_word' id='word_1_796' title='bbox 2365 5533 2549 5586; x_wconf 90' lang='grc' dir='ltr'>Ταῦτα</span> <span class='ocrx_word' id='word_1_797' title='bbox 2577 5536 2669 5586; x_wconf 72' lang='grc' dir='ltr'><strong>καὶ</strong></span> <span class='ocrx_word' id='word_1_798' title='bbox 2698 5536 2901 5589; x_wconf 82' lang='grc' dir='ltr'>τοιαῦθ’</span> <span class='ocrx_word' id='word_1_799' title='bbox 2942 5539 3104 5611; x_wconf 80' lang='grc' dir='ltr'>ἕτερα</span> <span class='ocrx_word' id='word_1_800' title='bbox 3141 5544 3188 5594; x_wconf 78' lang='lat' dir='ltr'><strong>oi</strong></span> <span class='ocrx_word' id='word_1_801' title='bbox 3223 5544 3351 5614; x_wconf 73' lang='grc' dir='ltr'>περὶ</span> <span class='ocrx_word' id='word_1_802' title='bbox 3384 5545 3646 5599; x_wconf 79' lang='grc' dir='ltr'>Εὑσέϐιον</span> <span class='ocrx_word' id='word_1_803' title='bbox 3667 5547 3803 5617; x_wconf 88' lang='grc' dir='ltr'>δρα-</span> 
     </span>
    </p>
   </div>
   <div class='ocr_carea' id='block_1_115' title="bbox 535 5617 2111 5707">
    <p class='ocr_par' dir='ltr' id='par_1_115' title="bbox 535 5617 2103 5687">
     <span class='ocr_line' id='line_1_117' title="bbox 535 5617 2103 5687; baseline 0.003 -20"><span class='ocrx_word' id='word_1_804' title='bbox 535 5622 591 5668; x_wconf 86' lang='lat' dir='ltr'><strong>et</strong></span> <span class='ocrx_word' id='word_1_805' title='bbox 637 5618 799 5681; x_wconf 81' lang='lat' dir='ltr'><strong>socii,</strong></span> <span class='ocrx_word' id='word_1_806' title='bbox 847 5617 913 5669; x_wconf 88' lang='lat' dir='ltr'><strong>ad</strong></span> <span class='ocrx_word' id='word_1_807' title='bbox 962 5631 1120 5671; x_wconf 88' lang='lat' dir='ltr'><strong>aures</strong></span> <span class='ocrx_word' id='word_1_808' title='bbox 1173 5633 1235 5671; x_wconf 92' lang='lat' dir='ltr'><strong>ea</strong></span> <span class='ocrx_word' id='word_1_809' title='bbox 1284 5618 1534 5671; x_wconf 80' lang='lat' dir='ltr'><strong>deferunt</strong></span> <span class='ocrx_word' id='word_1_810' title='bbox 1580 5619 1986 5687; x_wconf 88' lang='lat' dir='ltr'><strong>imperatorias,</strong></span> <span class='ocrx_word' id='word_1_811' title='bbox 2037 5620 2103 5672; x_wconf 88' lang='lat' dir='ltr'><strong>ad</strong></span> 
     </span>
    </p>
   </div>
   <div class='ocr_carea' id='block_1_116' title="bbox 2223 5617 3799 5707">
    <p class='ocr_par' dir='ltr' id='par_1_116' title="bbox 2223 5626 3799 5707">
     <span class='ocr_line' id='line_1_118' title="bbox 2223 5626 3799 5707; baseline 0.012 -32"><span class='ocrx_word' id='word_1_812' title='bbox 2223 5626 2706 5695; x_wconf 66' lang='grc' dir='ltr'>αατουργήσαντες,</span> <span class='ocrx_word' id='word_1_813' title='bbox 2740 5629 2819 5689; x_wconf 79' lang='grc' dir='ltr'><strong>εἰς</strong></span> <span class='ocrx_word' id='word_1_814' title='bbox 2850 5628 3021 5694; x_wconf 83' lang='grc' dir='ltr'>ἀκοὰς</span> <span class='ocrx_word' id='word_1_815' title='bbox 3056 5632 3303 5703; x_wconf 77' lang='grc' dir='ltr'>ἐνηχοῦσι</span> <span class='ocrx_word' id='word_1_816' title='bbox 3341 5635 3438 5699; x_wconf 80' lang='grc' dir='ltr'><strong>τὰς</strong></span> <span class='ocrx_word' id='word_1_817' title='bbox 3483 5636 3799 5707; x_wconf 77' lang='grc' dir='ltr'>βασιλικὰς,</span> 
     </span>
    </p>
   </div>
   <div class='ocr_carea' id='block_1_117' title="bbox 539 5707 2115 5804">
    <p class='ocr_par' dir='ltr' id='par_1_117' title="bbox 539 5707 2106 5778">
     <span class='ocr_line' id='line_1_119' title="bbox 539 5707 2106 5778; baseline 0.004 -17"><span class='ocrx_word' id='word_1_818' title='bbox 539 5709 779 5775; x_wconf 88' lang='lat' dir='ltr'><strong>iramque</strong></span> <span class='ocrx_word' id='word_1_819' title='bbox 803 5707 1140 5764; x_wconf 86' lang='lat' dir='ltr'><strong>concitarunt</strong></span> <span class='ocrx_word' id='word_1_820' title='bbox 1170 5710 1573 5778; x_wconf 86' lang='lat' dir='ltr'><strong>imperatorem,</strong></span> <span class='ocrx_word' id='word_1_821' title='bbox 1601 5720 1921 5769; x_wconf 87' lang='lat' dir='ltr'><strong>accusantes</strong></span> <span class='ocrx_word' id='word_1_822' title='bbox 1942 5711 2106 5768; x_wconf 86' lang='lat' dir='ltr'><strong>Atha-</strong></span> 
     </span>
    </p>
   </div>
   <div class='ocr_carea' id='block_1_118' title="bbox 2228 5707 3804 5804">
    <p class='ocr_par' dir='ltr' id='par_1_118' title="bbox 2228 5715 3804 5804">
     <span class='ocr_line' id='line_1_120' title="bbox 2228 5715 3804 5804; baseline 0.01 -35"><span class='ocrx_word' id='word_1_823' title='bbox 2228 5715 2301 5769; x_wconf 70' lang='lat' dir='ltr'><strong>tz‘.</strong></span> <span class='ocrx_word' id='word_1_824' title='bbox 2332 5716 2568 5771; x_wconf 80' lang='grc' dir='ltr'>κινοῦσιν</span> <span class='ocrx_word' id='word_1_825' title='bbox 2588 5717 2668 5781; x_wconf 84' lang='grc' dir='ltr'>εἰς</span> <span class='ocrx_word' id='word_1_826' title='bbox 2687 5718 2855 5789; x_wconf 84' lang='grc' dir='ltr'>ὀργήν</span> <span class='ocrx_word' id='word_1_827' title='bbox 2873 5738 2885 5751; x_wconf 94' lang='grc'><strong>·</strong></span> <span class='ocrx_word' id='word_1_828' title='bbox 2914 5725 3309 5798; x_wconf 77' lang='grc' dir='ltr'>αἰτιασάμενοι,</span> <span class='ocrx_word' id='word_1_829' title='bbox 3330 5726 3412 5780; x_wconf 76' lang='grc' dir='ltr'><strong>ὅτι</strong></span> <span class='ocrx_word' id='word_1_830' title='bbox 3446 5732 3542 5783; x_wconf 71' lang='grc' dir='ltr'><strong>καὶ</strong></span> <span class='ocrx_word' id='word_1_831' title='bbox 3574 5731 3804 5804; x_wconf 79' lang='grc' dir='ltr'>Ἀρειον</span> 
     </span>
    </p>
   </div>
  </div>
