3990 6548
1235 447 1294 502 S.
1336 441 1716 503 ATHANASII
1755 443 1923 501 ViTA
1959 442 2053 500 EX
2091 440 2376 503 ΡΗΟἸῚΟ.

3265 455 3438 509 cem!

186 564 447 636 βασιλικοῖς
469 554 569 616 καὶ
602 563 920 636 γράμμασι
953 577 1045 618 και
1079 564 1451 639 κροστάγμασι
1494 567 1737 621 πεποιθό-

1859 566 2093 634 nasium,
2131 569 2275 638 quod
2305 566 2497 624 Arium
2533 565 2892 634 imperatoriis
2924 566 3118 626 litteris
3145 579 3202 626 et
3235 570 3440 640 iussio-

182 673 250 716 ta.
279 653 443 707 καίτοι
471 651 544 704 τὰ
593 653 747 725 ὀρθὰ
815 654 1131 727 φρονοῦντα,
1186 655 1284 708 οὐκ
1310 655 1566 727 ἠνέσχετο
1603 656 1754 721 δέξα-

182 747 297 800 σθαι.
328 746 455 799 Κατ’
484 746 678 798 ἐκεῖνο
719 746 783 798 δὲ
820 746 1012 817 καιροῦ
1043 747 1134 800 καὶ
1164 747 1255 800 ἐπὶ
1287 748 1355 801 τὰ
1379 747 1488 802 τῶν
1531 749 1755 821 Ἱεροσο-

180 839 332 909 λύμων
359 838 620 905 ἐγκαίνια
685 841 886 910 σχεδὸν
913 844 1108 905 πάντες
1142 841 1408 913 συνῄεσαν
1436 845 1486 896 οἱ
1524 843 1750 897 ἐπίσκο-

179 947 282 982 πον
315 931 403 982 καὶ
436 931 654 1002 γράςρει
703 935 1117 998 Κωνσταντῖνος
1166 936 1194 988 6
1221 935 1450 1007 εύσεϐὴς
1501 927 1750 1006 βασιλεὺς

178 1019 306 1075 πάλιν
335 1019 676 1091 συλλεγῆναι
736 1022 958 1078 σύνοδον
986 1023 1324 1094 ἐποψομένην
1349 1024 1386 1080 ὃ.
1421 1024 1662 1079 διέϐαλλέ
1689 1043 1750 1080 τε

184 1115 464 1170 Ἀθανάσιον
502 1115 608 1169 καὶ
654 1115 693 1170 ἂ
727 1117 957 1188 συνίστη
1013 1117 1103 1170 τὸν
1134 1119 1370 1189 Ἄρειον.
1426 1121 1534 1173 Καὶ
1577 1122 1626 1174 εί
1651 1122 1748 1192 μὲν

176 1206 330 1274 φθόνος
353 1206 770 1278 ὀρθοδοξοῦντα
795 1208 888 1260 τὸν
913 1209 1123 1278 Ἀρειον
1154 1209 1254 1280 τῆς
1287 1209 1613 1280 Ἐκκλησίας
1666 1211 1746 1265 δι-

175 1299 380 1365 éarrpsv,
407 1299 489 1361 εἰς
515 1299 764 1370 εἰρήνην
792 1301 1122 1371 συμϐιϐάσαι
1143 1302 1241 1373 τὴν
1269 1302 1547 1356 διάστασιν
1571 1319 1584 1332 °
1617 1304 1664 1356 εἰ
1691 1304 1747 1356 δὲ

173 1389 300 1451 ιῦτὸς
329 1389 514 1462 ἀπάτῃ
551 1391 862 1464 κέχρηται,
889 1396 968 1459 είς
1004 1394 1406 1467 Ἀλεξάνδρειάν
1438 1412 1496 1448 τε
1519 1395 1748 1467 διαπεμ-

172 1480 349 1550 φθῆναι,
396 1482 573 1534 κάκεῖ
624 1485 730 1537 σὺν
788 1486 1044 1558 ἀκριϐείᾳ
1083 1488 1171 1540 ὑπ’
1207 1485 1452 1552 ἐξέτασιν
1496 1487 1742 1556 ἄγεσθαι.

173 1572 254 1644 Τὴν
285 1573 334 1624 δὲ
363 1572 671 1644 διάσκεψιν
710 1574 820 1646 τὴν
870 1578 998 1648 περὶ
1045 1577 1358 1632 Ἀθανάσιον
1395 1579 1487 1634 καλ⁵
1528 1581 1744 1650 Ἀρειον

170 1667 532 1737 πορευομένους
579 1667 682 1721 ἐπὶ
711 1669 789 1722 τὰ
831 1670 1174 1742 Ἱεροσόλυμα
1201 1672 1321 1724 ὁδοῦ
1353 1674 1628 1744 πάρεργον
1686 1675 1744 1728 ἐν

169 1758 294 1828 Τύρῳ
321 1760 690 1830 ποιήσασθαι.
729 1762 1068 1833 Τριακοστὸν
1097 1764 1152 1817 δὲ
1202 1764 1321 1818 τότε
1376 1765 1571 1836 ἠνύετο
1623 1766 1744 1830 ἔτος

168 1852 240 1920 τῆς
265 1854 686 1906 Κωνσταντίνου
722 1853 1023 1924 βασιλείας.
1092 1855 1384 1927 Ἐξήκοντα
1412 1857 1468 1911 δέ
1518 1859 1741 1913 ἐπίσκο-

167 1957 235 1994 ποι
258 1941 342 2012 τὴν
364 1943 421 1994 ἐν
443 1942 620 2014 Τύρῳ
645 1943 876 1998 σύνοδον
891 1944 1179 2016 ἐπλήρουν,
1195 1947 1466 2000 Διονυσίου
1485 1947 1577 2000 τοῦ
1601 1948 1740 2001 ὑπα-

165 2035 283 2089 τικοῦ
307 2038 640 2107 συνάγοντος
670 2039 902 2104 αὐτοὺς,
933 2039 1048 2109 μεθ’
1076 2032 1136 2092 οὗ
1170 2039 1266 2093 καὶ
1293 2042 1321 2094 6
1349 2040 1446 2111 τῆς
1473 2042 1740 2113 ἐπαρχίας

166 2130 312 2197 ἅρχων
333 2129 420 2180 καί
443 2147 605 2192 τινες
631 2129 753 2182 τῶν
785 2131 844 2182 ἐν
875 2129 1016 2183 τέλει
1048 2133 1113 2201 τῇ
1151 2131 1354 2202 συνόδῳ
1389 2132 1700 2203 συνέδρευον
1722 2149 1734 2162 ·

163 2219 308 2288 παρῆν
328 2217 382 2270 δὲ
415 2218 514 2270 καὶ
567 2219 930 2284 Ἀθανάσιος,
952 2220 1086 2274 ἀλλὰ
1120 2220 1214 2274 καὶ
1235 2221 1519 2293 Μακάριος
1546 2224 1574 2274 6
1604 2239 1739 2294 πρε-

163 2309 401 2378 σϐύτερος,
454 2315 886 2384 στρατιωτικῆς
931 2313 1112 2386 χειρὸς
1173 2315 1279 2369 ἀπὸ
1333 2314 1739 2387 ’Δλεξανδρείας

163 2402 535 2474 σιδηροδέσμιον
571 2403 753 2458 αὐτὸν
796 2404 1055 2476 ἀγούσης.
1116 2405 1347 2478 Πρώτην
1375 2402 1466 2460 οὖν
1505 2423 1739 2478 κατηγο-

164 2494 257 2564 ρίαν
281 2496 325 2546 οί
359 2497 716 2566 συκοφάνται
748 2496 851 2568 τὴν
885 2499 1013 2569 περὶ
1042 2498 1139 2568 τῆς
1167 2499 1318 2570 λινῆς
1356 2498 1583 2567 ἐσθῆτος
1606 2516 1738 2571 προ-

161 2586 430 2642 ϐάλλονται·
465 2589 618 2643 ἀλλὰ
651 2589 871 2660 ταύτην
903 2592 1002 2661 τὴν
1063 2590 1312 2661 διαϐολὴν
1344 2592 1444 2644 οὐκ
1471 2594 1528 2645 ἐν
1578 2591 1738 2663 Τύρῳ

163 2677 287 2744 μόνον
314 2679 671 2749 κινηθεῖσαν,
707 2679 854 2732 ἀλλὰ
893 2680 986 2733 καὶ
1020 2681 1287 2753 πρότερον
1317 2683 1374 2734 ἐν
1398 2681 1445 2733 Ν
1453 2678 1736 2751 ικομηδείᾳ

159 2771 251 2831 ταῖς
278 2770 362 2823 τοῦ
416 2771 706 2840 βασιλέως
747 2771 1054 2843 ἐνεχθεῖσαν
1099 2773 1308 2836 ἀκοαῖς,
1349 2774 1513 2837 Ἀπις
1549 2790 1608 2826 τε
1642 2772 1736 2826 καὶ

157 2863 401 2934 Μακάριος
426 2865 478 2918 oi
516 2866 629 2936 τῆς
670 2864 1087 2936 Ἀλεξανδρείας
1133 2865 1518 2936 πρεσϐύτεροι,
1555 2868 1733 2920 ἐκεῖσε

158 2957 550 3026 παρατυχόντες,
599 2957 811 3030 ῥαδίως
857 2957 1158 3029 διήλεγξαν.
1187 2959 1277 3011 Διὸ
1299 2958 1408 3011 τῶν
1441 2959 1538 3028 μὲν
1571 2976 1734 3012 συκο-

155 3050 331 3115 φαντῶν
357 3053 384 3104 6
418 3050 699 3120 βασιλεὺς
733 3049 1022 3120 καθήψατο
1059 3051 1380 3131 γράμμασι,
1419 3050 1734 3104 Ἀθανάσιον

153 3139 195 3192 δὲ
224 3143 340 3212 πρὸς
367 3142 575 3196 ἑαυτὸν
613 3142 798 3194 ἐλθεῖν
824 3140 1215 3212 προετρέψατο.
1250 3142 1358 3194 Καὶ
1394 3142 1462 3196 τὰ
1482 3141 1736 3212 γράμμα·

1857 657 2014 713 nibus
2065 657 2363 722 munitum,
2419 656 2544 712 licet
2592 666 2739 712 recte
2785 657 3138 728 sentientem,
3192 661 3441 732 recipere

1857 749 2136 805 noluisset.
2199 751 2401 806 Eodem
2456 764 2617 820 porro
2677 759 2916 822 tempore
2959 752 3025 806 ad
3069 752 3440 827 Jerosolymo—

1856 855 1976 896 rum
2027 841 2278 896 Eneaenia
2332 842 2568 913 episcopi
2625 857 2792 913 prope
2847 857 3034 900 omnes
3096 859 3429 902 convenere.

1854 931 2083 1002 Scripsit
2135 932 2525 991 Constantinus
2569 935 2690 1004 pius
2752 935 3068 1006 imperator,
3126 947 3183 991 ιιι
3235 938 3433 994 iterum

1852 1027 2088 1097 synodus
2131 1027 2514 1094 celebraretur,
2567 1030 2619 1083 in
2666 1043 2770 1099 qua
2827 1030 3271 1087 examinarentur
3314 1045 3435 1103 quae

1851 1117 1916 1170 ad
1958 1116 2241 1173 Athanasii
2284 1121 2684 1174 accusationem
2726 1130 2781 1176 et
2814 1122 2880 1176 ad
2923 1122 3038 1177 Arii
3080 1125 3428 1180 commenda-

1853 1201 2050 1257 tionem
2080 1203 2218 1258 dicta
2249 1214 2449 1259 essent.
2483 1203 2631 1271 Quod
2671 1205 2714 1261 si
2759 1205 2947 1260 Arium
2992 1207 3188 1263 invidia
3225 1208 3294 1263 ab
3325 1206 3430 1265 Ee-

1849 1294 2014 1350 elcsia
2055 1295 2433 1364 disjnnxisset,
2479 1298 2546 1351 ad
2601 1314 2788 1368 pacem
2839 1300 2991 1354 illum
3042 1302 3434 1370 admitterent;

1850 1389 1933 1454 sin
1970 1389 2094 1443 dolo
2135 1389 2252 1458 ipse
2282 1405 2410 1444 nsns
2444 1401 2624 1454 esset,
2669 1393 3051 1447 Alexandriam
3102 1395 3430 1462 mitteretur,

1848 1491 2014 1552 atque
2055 1483 2162 1537 illic
2206 1493 2459 1539 accurate
2494 1484 2889 1553 disquireretur
2919 1486 2984 1540 de
3027 1487 3140 1541 illo.
3187 1486 3432 1541 Exatnen

1848 1585 2026 1630 autem
2066 1576 2402 1646 negotiorum
2441 1575 2724 1629 Athanasii
2756 1583 2811 1630 et
2840 1575 2980 1640 Arii,
3009 1574 3196 1644 jussit,
3244 1585 3303 1631 ut
3341 1575 3436 1632 Je~

1845 1666 2172 1737 rosolymam
2221 1668 2444 1738 profecti
2490 1667 2765 1738 episc0pi,
2817 1667 3032 1738 paulum
3064 1683 3093 1722 a
3129 1668 3216 1723 via
3269 1668 3434 1725 deﬂe-

1843 1769 2055 1816 etentes
2100 1761 2226 1832 Tyri
2262 1760 2604 1830 perlicerent.
2659 1759 2989 1816 Tricesimus
3031 1771 3142 1816 tum
3187 1761 3434 1817 absolve-

1844 1856 2001 1909 batur
2042 1856 2250 1923 imperii
2284 1854 2624 1910 Constantini
2669 1869 2863 1910 annus.
2925 1854 3218 1925 Sexaginta
3249 1862 3432 1910 autem

1844 1946 2078 2018 episcopi
2121 1947 2247 2017 'l‘yri
2283 1947 2539 2011 aderant,
2581 1957 2808 2015 cogente
2845 1946 2963 2002 illos
3001 1948 3258 2019 Dionysio
3294 1963 3429 2004 con-

1843 2039 2041 2106 sulari,
2083 2056 2316 2110 quocum
2362 2048 2418 2094 et
2462 2039 2751 2108 provincia:
2813 2037 3118 2109 pra-fectus,
3159 2049 3214 2094 et
3262 2038 3431 2109 aliqui

1843 2135 2252 2204 magistratuum
2285 2134 2335 2186 in
2365 2131 2593 2186 concilio
2637 2129 2914 2185 sedebant.
2947 2129 3150 2183 Aderat
3177 2137 3233 2184 et
3268 2129 3430 2184 Atha-

1843 2225 2046 2290 nasius,
2075 2234 2234 2294 atque
2261 2224 2424 2278 etiam
2465 2222 2732 2277 Macarius
2765 2222 3050 2293 presbyter
3087 2221 3424 2276 Alexandria

1849 2316 2062 2371 vinctus
2095 2317 2306 2372 catenis
2353 2314 2542 2371 ferreis
2586 2331 2615 2370 a
2654 2315 2874 2370 militari
2925 2329 3088 2369 manu
3134 2313 3423 2371 abductus.

1841 2406 2082 2462 Primum
2135 2409 2318 2476 itaque
2356 2408 2702 2478 sycophantae
2738 2409 2812 2464 illi
2856 2409 3254 2464 accusationem
3299 2424 3428 2480 pro.

1840 2501 2019 2556 ferunt
2047 2502 2112 2558 de
2150 2501 2291 2556 linea
2316 2510 2488 2568 veste,
2539 2501 2635 2556 sed
2671 2502 2816 2557 illam
2870 2503 3270 2558 accusationem
3309 2503 3424 2572 jam

1839 2602 1965 2649 ante
1998 2594 2323 2651 Nicomediae
2370 2595 2733 2664 imperatoriis
2763 2596 2984 2651 auribus
3023 2594 3264 2662 allatam,
3293 2597 3426 2668 Apis

1838 2695 1894 2742 et
1933 2687 2201 2744 Macarius
2239 2688 2596 2744 Alexandrini
2643 2689 2975 2760 presbyteri,
3013 2689 3104 2765 qui
3142 2699 3254 2746 tum
3297 2689 3427 2746 illuc

1839 2793 1964 2833 casu
2017 2780 2348 2836 advenerant
2400 2780 2560 2835 facile
2605 2781 3040 2838 eonfutaverunt.
3087 2781 3427 2854 Quapropter

1839 2870 2198 2951 sycophantas
2254 2872 2549 2942 imperator
2606 2874 2802 2931 litteris
2877 2876 2993 2931 suis
3047 2878 3418 2945 perstrinxit.

1836 2963 2298 3035 Athanasiumque
2343 2976 2402 3020 ut
2443 2982 2503 3022 se
2547 2967 2722 3022 adiret
2767 2968 3011 3024 hortatus
3056 2977 3162 3024 est.
3205 2968 3426 3024 Littera:

1837 3070 2000 3124 porro
2029 3059 2096 3112 ad
2131 3060 2396 3128 synodum
2427 3067 2694 3114 venerunt
2730 3058 2972 3130 Tyriam,
3005 3073 3071 3113 ac
3103 3057 3288 3114 dolore
3318 3058 3425 3114 Eu-

1839 3147 2050 3201 sebium
2077 3158 2132 3203 et
2163 3149 2342 3203 socios
2380 3147 2646 3214 aﬂ'ecere,
2690 3150 2778 3219 qui
2811 3149 2922 3218 jam
2961 3151 3015 3205 in
3065 3165 3231 3206 unum
3264 3150 3421 3206 multi

153 3247 204 3286 τα
222 3229 309 3305 ἧκε
337 3235 475 3306 πρὸς
499 3235 617 3306 τὴν
653 3236 714 3287 ἐν
746 3233 911 3304 Τύρῳ
951 3233 1162 3288 σύνοδον
1199 3235 1293 3289 καὶ
1320 3236 1400 3298 είς
1433 3235 1733 3304 κατήφειαν

1842 3239 2210 3296 conﬂuxerant
2244 3243 2505 3298 adversus
2527 3243 2879 3299 Athanasium
2908 3260 2920 3299 :
2948 3245 3091 3314 quod
3125 3245 3422 3314 imperator

153 3327 360 3402 rte/7:591
388 3329 482 3383 τὸν
515 3327 803 3382 Εύσὲϐιον
829 3327 1058 3398 φατρίαν
1087 3327 1448 3390 συνέστελλεν,
1478 3327 1577 3398 ἤδη
1607 3325 1738 3380 πολ-

152 3419 225 3490 λὴν
259 3422 480 3492 ῥέουσαν
517 3422 657 3474 κατ’
702 3418 1058 3474 Ἀθανασίου⁹
1121 3421 1202 3473 ὅτι
1237 3437 1296 3472 τε
1329 3420 1527 3481 αὐτοὺς
1575 3421 1604 3472 6
1637 3418 1736 3488 βα-

153 3511 298 3576 σιλεὺς
326 3514 628 3584 ᾐτιάσατο,
657 3511 759 3565 καὶ
798 3511 881 3564 ὃτι
905 3512 938 3582 ἡ
962 3512 1100 3566 κατὰ
1121 3511 1218 3584 τὴν
1243 3511 1392 3584 λινῆν
1414 3510 1617 3580 ἐσθῆτα
1647 3527 1738 3562 συ-

153 3609 382 3673 κοφαντία
417 3603 764 3678 προέφθασε
793 3601 977 3655 δοῦναι
1009 3603 1099 3657 τὸν
1129 3603 1367 3674 ἔλεγχον.

204 3699 376 3770 LW};
404 3701 460 3753 δὲ
488 3697 775 3767 διαϐολῆς
836 3696 1036 3768 ταύτης
1095 3698 1439 3763 ἐκπεσόντες,
1497 3698 1565 3752 τὰ
1609 3699 1737 3770 περὶ

159 3786 373 3861 Ίσχύραν
401 3791 500 3844 καὶ
549 3788 857 3859 Μακάριον
893 3786 984 3840 τὸν
1016 3787 1387 3860 πρεσϐύτερον
1424 3790 1737 3861 προτείνου-

150 3895 230 3934 σιν.
265 3882 319 3935 '0
345 3883 402 3936 δὲ
435 3882 620 3952 σοφὸς
666 3880 991 3944 Ἀθανάσιος
1031 3881 1415 3952 παρεγράφετο
1447 3883 1547 3953 μὲν
1594 3883 1737 3937 κατὰ

149 3973 314 4042 νόμους
345 3977 624 4046 πράττων
655 3973 793 4037 τοὺς
847 3973 1140 4043 προφανῶς
1196 3973 1440 4044 ἐχθροὺς,
1477 3975 1734 4029 Εύσέϐιόν

151 4079 265 4133 φημι
291 4067 380 4118 καὶ
403 4067 541 4129 τοὺς
566 4064 930 4136 ὁμόφρονας
966 4063 1116 4132 ἠξίου
1147 4063 1203 4116 δὲ
1240 4065 1346 4136 πρὸ
1376 4065 1593 4120 πάντων
1633 4068 1735 4120 Ἰσο

149 4156 290 4226 χύραν
313 4158 726 4229 ἀποδειχθῆναι
760 4155 1153 4228 πρεσϐύτερον,
1208 4150 1268 4210 οὗ
1298 4156 1735 4230 λειτουργοῦντος

150 4249 462 4305 ἐπεισπεσείν
510 4252 797 4305 ἔπλαττεν
857 4251 889 4319 ἡ
945 4249 1246 4320 κατηγορία
1302 4249 1392 4303 τὸν
1447 4251 1733 4325 Μακάριον

149 4345 260 4397 κατὰ
277 4344 584 4418 λῃστρικὴν
606 4344 808 4414 ἔφοδον
841 4343 900 4407 ἐξ
932 4343 1232 4413 ἀποστολῆς
1269 4343 1607 4410 Ἀθανασίου,
1639 4345 1734 4399 καὶ

149 4434 418 4507 ἀνατρέψαι
461 4437 571 4508 τὴν
610 4432 778 4506 ἱερὰν
811 4431 1109 4504 τράπεζαν,
1134 4433 1228 4487 καὶ
1249 4431 1309 4486 τὸ
1333 4435 1592 4504 μυστικὸν
1625 4451 1727 4487 κα-

147 4530 302 4596 τεάξαι
327 4534 625 4604 ποτήριον,
662 4528 764 4582 καὶ
792 4527 865 4581 τὰ
892 4527 990 4598 τῆς
1023 4525 1174 4590 θείας
1202 4527 1424 4599 Γραφῆς
1457 4527 1614 4600 ἡμῶν
1648 4527 1732 4598 βι-

148 4621 248 4677 ϐλία
269 4626 400 4696 πυρί
431 4622 817 4695 παραδοῦναι.
869 4619 1007 4672 Ἀλλ’
1035 4619 1063 4671 6
1100 4618 1196 4689 μὲν
1223 4618 1291 4672 τὰ
1323 4618 1416 4672 δύο
1439 4619 1613 4672 ταῦτα
1646 4619 1732 4673 νό-

149 4730 215 4782 μῳ
238 4715 392 4786 κοινῷ
439 4710 881 4785 ἀντιπαρετίθει
910 4711 1004 4764 καὶ
1045 4709 1564 4782 ἀντιπρούϐἀλλετω
1600 4713 1648 4766 oi
1673 4711 1732 4764 δέ

151 4810 304 4876 κριταὶ
331 4809 456 4881 οὐχὶ
483 4807 730 4879 κρίνειν,
764 4805 846 4866 είς
869 4802 926 4855 δὲ
947 4803 1008 4855 τὸ
1043 4802 1331 4875 κρατύνειν
1346 4803 1442 4875 τὴν
1473 4820 1731 4874 συκοφανο

151 4897 247 4950 τίαν
278 4899 395 4953 ὅλον
421 4899 640 4953 ἔτεινον
665 4895 764 4948 τὸν
785 4895 1043 4964 λογισμόν
1061 4911 1074 4924 ·
1109 4895 1188 4947 διὸ
1207 4895 1362 4963 λόγον
1393 4894 1494 4965 μὲν
1523 4895 1631 4949 τῶν
1657 4895 1737 4948 δι-

149 4987 287 5053 καίως
309 4989 641 5062 λεγομένων
677 4985 875 5040 οὐδένα
905 4980 1064 5056 εἶχον.
1100 4986 1392 5054 Εἱσάγεται
1435 4985 1492 5039 δὲ
1525 4988 1558 5058 ἡ
1608 4988 1738 5057 περὶ

142 5083 213 5136 τὸν
236 5087 524 5158 Μακάριον
573 5085 674 5140 καὶ
713 5080 968 5153 Ἰσχύραν
1023 5082 1328 5153 κατηγορία
1351 5122 1366 5148 ,
1407 5083 1502 5136 καὶ
1535 5082 1596 5136 το
1635 5082 1734 5154 μὲν

145 5177 389 5246 πρόθυμον
420 5174 496 5249 ἦν
549 5175 669 5230 τῶν
706 5174 1062 5242 συκοφαντῶν
1087 5173 1389 5245 ἀφόρητον,
1425 5174 1486 5227 τὸ
1539 5173 1596 5226 δὲ
1628 5171 1732 5242 τῆς

145 5267 445 5336 ἀποδείξεως
471 5271 693 5341 ἄπορον
723 5267 826 5339 τὴν
851 5266 1157 5338 προθυμίαν
1181 5266 1388 5321 ἐδείκνυ
1413 5266 1732 5330 δυσσεϐείας

144 5361 220 5412 11‘.
245 5363 438 5430 φθόνου
493 5361 901 5432 κακούργημα.
945 5359 1265 5432 ’Υπερθέσει
1322 5359 1379 5412 δὲ
1433 5361 1526 5413 καὶ
1563 5357 1732 5430 τέχνῃ

143 5453 221 5524 τὴν
248 5455 343 5528 τῆς
389 5455 715 5525 ἀποτυχίας
763 5451 1023 5523 αἰσχύνην
1051 5449 1426 5517 σκευάζοντες,
1459 5453 1595 5522 πρὸς
1635 5451 1730 5504 τὸν

144 5545 427 5622 Μαρεώτην
503 5550 610 5619 τῆς
670 5544 856 5599 αὐτῶν
910 5545 1218 5617 συμμορίας
1284 5544 1724 5610 ἀποστέλλουσιν,

145 5638 296 5695 ἐκεῖσε
321 5642 422 5715 τὴν
452 5643 674 5704 ἐτασιν,
704 5641 763 5691 ἐν
792 5630 838 5705 ᾧ
869 5639 901 5708 ἡ
933 5637 1130 5710 πρᾶξις
1154 5635 1411 5709 προῆλθε,
1440 5635 1555 5691 δέον
1585 5635 1734 5705 γενέο

148 5733 250 5788 σθαι
283 5734 806 5810 προφασισαμένοι.
855 5730 941 5795 Ὠς
978 5731 1021 5785 δ’
1051 5727 1190 5784 εἶδεν
1227 5730 1255 5784 6
1299 5729 1616 5794 Ἀθανάσιος
1641 5727 1737 5793 οὒς

147 5827 531 5899 παρεγράψατο
569 5822 768 5896 κριτὰς
803 5821 1200 5893 στελλομένους,
1230 5821 1508 5894 Θεογὸνιῆος
1528 5821 1636 5892 γὰρ
1667 5815 1736 5889 ἦν

146 5918 222 5970 καὶ
247 5919 469 5990 Μάρης,
507 5916 610 5970 καὶ
643 5913 942 5984 Θεόδωρος,
979 5913 1073 5967 καὶ
1101 5912 1432 5974 Μακεδόνιος
1479 5913 1572 5967 καὶ
1595 5909 1734 5980 Ούρ-

455 6009 749 6068 ΡΑτιιοι..
788 6002 903 6064 Gn.
936 6003 1139 6064 XXV.

1840 3332 1958 3388 illos
1997 3335 2238 3404 graviter
2282 3335 2545 3402 culparet,
2591 3345 2646 3392 et
2677 3338 2819 3406 quod
2865 3337 3138 3393 calumnia
3168 3338 3237 3394 de
3279 3338 3423 3394 linea

1837 3432 1988 3479 veste
2013 3425 2440 3480 confutatienem
2474 3427 2603 3496 ipsis
2630 3427 2916 3483 attulisset.

1906 3699 1961 3755 4.
1999 3699 2132 3756 Cum
2185 3716 2348 3770 porro
2391 3714 2460 3757 ab
2522 3701 2827 3771 huiusmodi
2881 3703 3236 3774 sycophantia
3285 3703 3420 3777 lapsi

1835 3801 2045 3856 essent,
2089 3806 2209 3860 qua:
2245 3791 2523 3863 lschyram
2571 3806 2622 3850 et
2662 3793 2954 3849 Maearium
2995 3795 3316 3865 spectabant
3363 3795 3422 3850 in

1838 3882 2076 3937 medium
2108 3881 2358 3938 aﬂ‘erunt.
2401 3883 2631 3954 Sapiens
2668 3895 2849 3941 autem
2892 3885 3240 3949 Athanasius,
3266 3883 3420 3952 juxta

1837 3973 1982 4042 leges
2025 3989 2213 4044 agens,
2267 3979 2484 4045 apertos
2534 3977 2824 4032 recusabat
2869 3976 3080 4044 hostes,
3125 3975 3420 4032 Eusebium

1835 4067 2042 4122 scilicet
2097 4075 2154 4122 et
2204 4076 2500 4122 sectatores
2553 4068 2730 4123 illius:
2765 4068 2819 4123 itt
2866 4067 3056 4138 primis
3101 4078 3283 4123 autem
3327 4067 3423 4123 de-

1839 4153 2126 4209 monstrari
2174 4153 2389 4211 volebat
2435 4170 2503 4210 an
2555 4155 2806 4228 lschyras
2845 4171 2973 4212 vere
3019 4157 3302 4228 presbyter
3333 4171 3422 4213 es-

1835 4257 1957 4312 set;
2007 4261 2115 4316 quo
2163 4247 2373 4304 scilicet
2422 4248 2691 4318 litttrgiam
2723 4248 3050 4315 celebrante,
3095 4249 3229 4306 falso
3264 4265 3422 4306 aceti»

1835 4339 2031 4394 sabant
2075 4339 2300 4394 irruisse
2341 4339 2662 4405 Macarium,
2708 4340 2776 4394 ab
2822 4339 3119 4397 Athanasio
3156 4342 3418 4408 missum,

1768 4401 1810 4454 θ
1836 4445 1960 4486 cum
1991 4433 2193 4502 impetu
2226 4433 2494 4486 latronum
2537 4431 2706 4487 inStar
2733 4432 2990 4500 violento,
3016 4443 3178 4504 atque
3203 4449 3418 4490 sacram

1836 4525 2098 4581 evertisse
2148 4540 2427 4590 mensam,
2486 4524 2740 4594 poculum
2792 4539 3010 4581 sacrum
3063 4525 3417 4596 confregisse.

1834 4627 2053 4673 nostros
2099 4617 2299 4674 divinae
2351 4617 2646 4686 Scriptura:
2691 4617 2858 4673 libros
2900 4618 2956 4673 in
3007 4617 3181 4688 ignem
3229 4616 3419 4688 conje-

1836 4712 1997 4767 cisse.
2033 4711 2157 4766 lltcc
2185 4709 2292 4766 duo
2339 4723 2405 4765 ex
2433 4709 2704 4765 communi
2749 4709 2866 4779 lege
2891 4709 3197 4780 opponebat
3234 4709 3323 4767 ille
3364 4719 3424 4766 et

1837 4801 2152 4872 objiciebat.
2197 4802 2266 4856 At
2296 4800 2508 4870 iudices
2555 4815 2663 4856 non
2711 4801 2778 4855 ad
2819 4800 3168 4870 iudicandum
3208 4803 3276 4858 de
3320 4817 3418 4859 ca-

1841 4895 2066 4958 lumnia,
2095 4895 2189 4950 sed
2223 4894 2288 4948 ad
2331 4893 2650 4947 ﬁrmandam
2684 4907 2801 4950 eam
2843 4902 2958 4950 toto
2987 4893 3172 4950 animo
3195 4902 3419 4951 centeno

1839 4985 2041 5043 debant
2063 5025 2079 5052 ,
2109 4985 2460 5052 quamobrem
2491 4998 2677 5039 eorum
2706 4999 2825 5055 quae
2848 4983 2996 5054 iuste
3022 4985 3165 5042 dicta
3197 4985 3422 5042 fuerant

1838 5077 2107 5132 rationem
2155 5078 2394 5134 habuere
2425 5077 2647 5132 nullam.
2677 5076 2950 5132 lnducitnr
2978 5092 3108 5148 ergo
3147 5077 3421 5135 accusatio

1840 5170 1907 5226 de
1948 5168 2184 5226 Macario
2209 5178 2263 5224 et
2291 5169 2530 5242 lschyra,
2555 5180 2780 5240 eratque
2819 5171 3273 5242 sycophantarum
3304 5169 3422 5224 ani-

1842 5263 2068 5318 mositas
2118 5260 2492 5325 intolerabilis,
2539 5275 2640 5317 nec
2670 5263 3032 5333 suppetebant
3078 5268 3415 5331 argumenta.

1839 5352 1982 5422 quod
2015 5365 2149 5407 sane
2181 5351 2436 5406 indicium
2468 5361 2586 5405 erat
2623 5351 2915 5420 impietatis
2956 5350 3276 5418 invidiaque
3307 5347 3422 5401 illo-

1841 5458 1981 5499 rum.
2015 5441 2087 5498 Ut
2114 5453 2294 5500 autem
2331 5459 2483 5499 mora
2511 5452 2565 5499 et
2604 5453 2720 5499 arte
2760 5445 2992 5514 quadam
3049 5442 3308 5513 pudorem
3342 5455 3422 5494 res

1843 5537 2010 5606 pulsae
2058 5543 2338 5606 tegerent,
2390 5535 2593 5606 legatos
2640 5551 2752 5591 sua:
2803 5533 3051 5590 factionis
3098 5531 3316 5585 mittunt
3367 5532 3420 5584 in

1843 5629 2148 5695 Mareoten,
2197 5644 2263 5685 eo
2306 5629 2515 5686 scilicet
2567 5629 2824 5691 obtentu,
2877 5623 3018 5693 quod
3071 5621 3142 5678 ibi
3189 5635 3420 5676 examen

1840 5722 1958 5777 fore
2004 5729 2310 5792 oporteret,
2356 5720 2449 5774 ubi
2499 5719 2709 5774 facinus
2754 5716 3050 5772 admissum
3101 5712 3314 5768 inisset.
3353 5711 3424 5769 Ut

1841 5823 2024 5870 autem
2057 5813 2193 5869 vidit
2222 5811 2554 5868 Athanasius
2583 5825 2675 5865 eos
2719 5807 2862 5863 mitti
2902 5806 3126 5879 legatos,
3169 5821 3306 5878 quos
3337 5818 3424 5860 re-

1839 5917 2086 5968 cusasset
2119 5908 2252 5978 ipse,
2292 5903 2662 5974 Theogonium
2711 5901 2954 5971 scilicet,
3001 5899 3198 5971 Marin,
3240 5900 3418 5956 Theu-

3056 6009 3100 6052 η
