3990 6516
533 307 681 352 CCXII

1892 285 2257 343 PROLEGOM
2269 283 2424 338 ENA.

536 412 635 474 tri,
675 407 829 478 cujus
875 409 1185 462 memoriam
1222 406 1575 462 venerabatur
1606 402 1927 459 Alexandria
1964 410 2091 456 tota.

2213 400 2475 471 ιάρτυρος
2499 396 2797 467 ἐνειστήκει
2831 393 3060 464 Πέτρου,
3086 392 3177 446 καὶ
3218 393 3593 465 Ἀλεξάνδρεια
3625 395 3783 449 πᾶσα

531 504 604 558 At
635 515 915 556 successor
959 499 1101 555 illius
1143 508 1361 554 sanctus
1402 499 1710 553 Alexander
1750 503 1872 567 post
1913 496 2094 549 divina

533 594 810 666 mysteria,
837 593 1156 663 insigniores
1180 607 1210 648 e
1235 591 1379 646 clero
1429 591 1674 646 convivio
1703 591 1936 659 excepit.
1959 587 2096 641 Dum

532 694 854 756 pararentur
876 685 1080 751 omnia,
1103 685 1278 739 cernit
1309 699 1373 738 ex
1407 685 1638 754 quodam
1667 684 1945 753 inaspecto
1980 682 2098 737 loco

534 777 600 829 ad
639 791 790 830 oram
839 777 1005 830 maris
1070 791 1266 845 pueros
1333 777 1562 845 simplici
1611 777 1792 830 animo
1828 773 2094 839 ludentes,

535 884 762 936 quorum
787 866 942 936 iocus
991 875 1110 922 erat
1154 869 1384 923 imitatio
1421 885 1702 925 sacrorum
1750 869 2098 923 terribilium-

535 974 639 1029 que
670 963 1044 1031 mysteriorum
1074 979 1089 1016 :
1120 977 1225 1016 non
1274 963 1417 1032 quod
1451 961 1518 1015 ad
1569 961 1946 1016 contumeliam
1986 962 2100 1015 haec

535 1051 747 1119 fierent,
786 1054 877 1107 sed
909 1053 1024 1108 solo
1066 1055 1354 1124 spectaculi
1395 1054 1683 1122 desiderio,
1725 1053 1838 1108 ausi
1888 1061 2012 1108 sunt
2037 1067 2100 1108 ea

533 1155 655 1211 qua:
685 1143 882 1197 audere
912 1159 1016 1197 non
1048 1146 1306 1214 oportuit.
1333 1143 1467 1198 Tum
1499 1146 1686 1199 eadem
1731 1143 1930 1197 rituum
1975 1143 2100 1198 imi-

536 1233 738 1288 tatione
759 1233 1112 1290 Athanasium
1143 1237 1455 1306 episcopum
1483 1237 1834 1301 constituere,
1868 1236 2102 1305 reliquos

533 1333 711 1378 autem
763 1326 815 1380 in
863 1328 1312 1389 catechumenos,
1368 1329 1702 1396 baptizatos,
1757 1327 2103 1398 presbyteros

534 1414 659 1469 item
701 1426 756 1470 et
784 1417 1037 1472 diaconos
1079 1419 1424 1488 deputarunt.
1454 1417 1800 1488 Stupcfactus
1830 1418 1976 1472 hisce
2005 1432 2100 1486 ge-

533 1511 630 1564 stis
671 1509 990 1576 Alexander,
1041 1526 1234 1581 pueros
1266 1511 1333 1565 ad
1375 1525 1433 1566 se
1477 1511 1600 1565 duci
1645 1511 1830 1580 jubet,
1873 1525 2103 1578 cumque

531 1601 915 1669 comperisset,
980 1617 1086 1656 non
1148 1602 1288 1656 risus
1327 1610 1382 1656 et
1413 1602 1520 1656 ludi
1583 1615 1744 1656 causa
1811 1601 1925 1655 haec
1985 1613 2103 1656 acta

533 1687 731 1757 fuisse;
765 1691 894 1754 sed,
940 1700 999 1745 ut
1042 1706 1109 1745 ex
1160 1689 1607 1760 subsequentibus
1659 1692 1979 1754 aestimatur,
2025 1689 2105 1744 af-

532 1778 661 1832 flatu
708 1782 964 1848 quodam,
1007 1791 1171 1853 atque
1205 1783 1546 1850 simplicitate
1595 1782 1814 1845 mentis,
1848 1781 1902 1835 in
1951 1797 2100 1836 amo-

539 1885 653 1924 rem
686 1871 778 1926 Dei
805 1873 1083 1937 excitatzc;
1118 1881 1379 1942 quotquot
1411 1873 1570 1942 igitur
1601 1873 1811 1927 illorum
1844 1871 2101 1941 baptizati

535 1960 767 2026 fuerant,
797 1978 890 2018 eos
924 1967 1097 2028 unxit,
1126 1975 1286 2033 atque
1315 1963 1513 2018 Christi
1545 1965 1818 2035 signaculo
1849 1965 2101 2020 initiavit.

531 2053 880 2106 Athanasium
907 2065 1084 2106 autem
1105 2055 1416 2122 parentibus
1443 2053 1812 2120 commendat,
1844 2054 2101 2108 mandata

535 2142 749 2196 tradens
788 2151 846 2196 ut
891 2158 1012 2197 eum
1062 2143 1356 2211 disciplinis
1407 2144 1724 2209 erudirent,
1769 2153 1824 2198 et
1871 2159 1992 2198 cum
2036 2145 2103 2199 ad

532 2233 947 2287 adolescentiam
982 2233 1307 2303 perveniret,
1335 2234 1457 2298 sibi,
1491 2235 1599 2288 imo
1633 2235 1811 2305 potius
1846 2235 2102 2290 Ecclesiae

535 2324 830 2390 traderent,
861 2324 1015 2392 quasi
1055 2325 1262 2380 scilicet
1305 2325 1532 2381 alterum
1562 2342 1591 2380 a
1635 2341 1694 2381 se
1723 2326 1962 2382 oblatum
2005 2325 2103 2382 Sa-

537 2415 783 2471 muclem.
811 2415 1076 2472 Prmstant
1106 2417 1266 2487 igitur
1300 2427 1550 2486 parentes
1579 2418 1721 2487 quod
1748 2417 1960 2485 jussum
2000 2419 2103 2474 sibi

534 2508 712 2562 fuerat
748 2508 814 2560 ab
844 2509 1116 2576 episc0po,
1145 2525 1209 2562 ac
1251 2516 1491 2575 tempore
1529 2507 1583 2562 id
1633 2509 1935 2577 postulante
1973 2524 2105 2578 pue-

534 2613 652 2653 rum
699 2596 951 2652 offerunt.
997 2599 1165 2664 Quem
1215 2600 1410 2668 accipit
1444 2600 1530 2655 ille
1580 2601 1761 2667 domi,
1807 2602 2103 2670 habuitque

534 2689 685 2744 illum
732 2688 1085 2746 consiliorum
1137 2691 1452 2762 participem
1505 2706 1568 2747 ac
1617 2693 1832 2764 pietatis
1878 2708 2104 2749 consor-

536 2787 663 2833 tem.

603 2872 658 2926 2.
700 2873 832 2927 Cum
865 2887 1028 2943 porro
1058 2871 1171 2926 Arii
1215 2873 1392 2929 rabies
1435 2873 1616 2929 orbem
1653 2872 1767 2930 fere
1804 2875 2104 2931 labefacta-

536 2975 656 3030 ret,
700 2967 800 3022 sub
845 2966 1054 3020 initium
1105 2966 1193 3020 ille
1254 2983 1376 3020 cum
1426 2967 1606 3021 divino
1655 2969 1994 3032 Alexandro,
2041 2985 2106 3025 ac

538 3068 868 3127 postremum
899 3073 994 3126 per
1022 3073 1079 3112 se
1105 3057 1220 3126 ipse
1247 3073 1344 3126 pro
1373 3058 1598 3112 veritate
1625 3059 1940 3114 decertavit.
1972 3059 2104 3115 Nam

537 3168 659 3207 cum
689 3153 850 3205 Arius
882 3160 998 3221 post
1027 3151 1413 3221 depositionem
1442 3159 1496 3207 et
1525 3152 1830 3220 anathema,
1856 3153 2108 3223 pietatem

537 3243 817 3298 simularet
847 3243 1086 3312 quidem,
1127 3243 1219 3298 sed
1253 3243 1341 3296 illa
1373 3243 1439 3297 ad
1470 3244 1631 3298 breve
1660 3254 1868 3314 tempus
1892 3245 2114 3301 simula-

541 3335 687 3389 tione
764 3335 1008 3388 stabilire
1060 3335 1343 3388 moliretur
1395 3335 1764 3404 impietatem;
1825 3336 1876 3390 id
1923 3334 2114 3407 depre-

539 3424 725 3478 hendit
761 3426 976 3495 sapiens
1023 3425 1384 3486 Athanasius,
1435 3425 1730 3494 Ariumque
1773 3425 1995 3480 missum
2045 3427 2111 3481 ad

543 3514 885 3569 Alexandria:
904 3516 1212 3584 episcopum
1231 3516 1592 3569 Alexandrum
1618 3530 1648 3567 a
1678 3515 1764 3584 pio
1789 3515 2114 3584 imperatore

538 3605 894 3662 Constantino
937 3604 1094 3676 (solet
1119 3608 1259 3661 enim
1289 3620 1428 3674 saepe
1449 3605 1603 3660 dolus
1620 3617 1676 3660 et
1695 3605 1933 3660 vafrities
1952 3607 2112 3660 etiam

541 3698 812 3765 sapientes
859 3696 1299 3766 circumvenire),
1334 3712 1400 3750 ne
1439 3697 1770 3766 reciperetur
1813 3697 2112 3752 contendit.

525 3771 1043 3852 ‘Dcinde,dcfuncto
1075 3789 1235 3842 beato
1283 3787 1614 3853 Alexandro,
1665 3790 1780 3858 ipse
1830 3803 2114 3844 successor

546 3882 859 3952 designatus
907 3881 973 3934 ad
1036 3880 1242 3949 majora
1308 3895 1428 3934 sese
1485 3881 1740 3935 instruxit
1796 3882 2110 3938 certamina.

546 3971 910 4039 Quamobrem
962 3979 1104 4025 totus
1157 3971 1531 4025 haereticorum
1573 3982 1746 4027 caetus
1792 3988 1913 4028 eum
1962 3976 2112 4044 quasi

545 4076 770 4132 scopum
825 4061 1003 4130 posuit
1055 4059 1400 4130 loquacitatis
1446 4070 1502 4114 et
1551 4060 1942 4116 calumniarum
1988 4078 2115 4116 sun-

548 4169 687 4208 rum.
733 4153 868 4208 Sese
908 4153 1088 4221 itaque
1130 4153 1388 4207 adversus
1438 4152 1583 4206 illum
1636 4154 1899 4207 adornant
1947 4153 2114 4208 Euse~

546 4246 667 4300 bius
698 4243 1123 4299 Nicomediensis
1163 4253 1216 4297 et
1247 4244 1412 4313 socii,
1457 4245 1846 4314 conductisque
1893 4246 2116 4315 quibus-

546 4338 668 4393 dam
715 4337 1012 4392 Meletianis
1055 4337 1364 4401 haereticis,
1413 4351 1602 4391 eorum
1657 4338 1956 4392 ministerio
2010 4339 2115 4393 cri-

2197 482 2292 555 τὴν
2326 483 2542 554 μνήμην
2588 481 2858 551 ἐγέραιρε,
2901 478 2994 530 καὶ
3029 479 3056 530 ό
3093 476 3280 530 τούτου
3314 479 3553 548 διάδοχος
3577 481 3608 532 ό
3632 481 3780 549 ίερὲς

2210 573 2552 643 Ἀλέξανδρος
2607 571 2743 640 μετά
2785 571 2883 632 τὰς
2915 568 3067 632 θείας
3115 568 3334 633 τελετὰς
3385 571 3478 624 καὶ
3522 573 3776 643 τραπέζῃ

2195 666 2320 729 τοὺς
2352 665 2409 718 ἐν
2429 663 2508 734 τῷ
2535 662 2719 734 κλήρῳ
2745 660 2975 729 λογάδας
3005 658 3286 723 ἐδεξιοῦτο.
3334 661 3422 715 Ἐν
3449 654 3493 729 ᾧ
3519 661 3577 714 δὲ
3597 661 3779 715 ταῦτα

2197 757 2569 830 ηὑτρεπίζετο,
2600 757 2701 827 ὁρᾷ
2741 773 2880 820 τινος
2907 755 2963 820 ἐξ
3001 756 3246 808 ἀπόπτου
3286 755 3433 826 παρά
3479 755 3579 818 τὰς
3606 755 3778 826 ὄχθας

2199 854 2295 923 τῆς
2321 849 2592 919 θαλάσσης
2622 847 2814 911 παῖδας
2842 846 3100 917 ἀπλάστῳ
3135 846 3326 918 γνώμῃ
3353 845 3648 909 παίζοντας
3682 845 3783 898 καὶ

2198 942 2258 995 τὸ
2307 941 2556 1009 παίγνιον
2599 938 2824 1010 μίμησις
2855 931 2921 1007 ἦν
2958 935 3243 1007 ἱερατικῶν
3277 937 3370 989 καὶ
3400 935 3645 1006 φρικτῶν
3677 953 3782 1004 μυ·-

2201 1035 2454 1105 στηρίων,
2487 1032 2588 1084 οὑκ
2615 1032 2694 1094 είς
2719 1029 2873 1100 ὓϐριν
2909 1029 3045 1081 αὑτά
3078 1027 3498 1102 περιτρέπουσα,
3525 1027 3605 1098 τῷ
3632 1026 3788 1098 πόθῳ

2199 1127 2255 1179 δὲ
2296 1125 2387 1178 τοῦ
2433 1125 2700 1194 θεάματος
2738 1120 2991 1192 τολμῶσα
3024 1119 3116 1173 καὶ
3146 1119 3216 1173 τά
3271 1120 3574 1191 ἀτόλμητα.
3621 1118 3790 1172 Ἀλλὰ

2201 1219 2309 1290 γὰρ
2341 1218 2431 1271 τὸν
2468 1217 2564 1288 μέν
2593 1215 2904 1269 Ἀθανάσιον
2935 1213 3226 1266 ἐπίσκοπον
3247 1213 3418 1266 ἐποίει
3451 1213 3485 1283 ἡ
3519 1212 3786 1282 μίμησις

2202 1313 2261 1366 τὸ
2288 1313 2344 1365 δὲ
2374 1311 2560 1364 λοιπὸν
2586 1311 2663 1374 εἷς
2689 1327 2748 1362 τε
2771 1308 3207 1380 κατηχουμένους
3238 1307 3332 1360 καὶ
3358 1302 3796 1375 βαπτιζομένους

2203 1403 2297 1456 καὶ
2322 1402 2386 1474 δὴ
2417 1404 2497 1465 είς
2535 1401 2936 1472 πρεσϐυτέρους
2965 1399 3056 1452 καὶ
3081 1397 3360 1460 διακόνους
3393 1393 3790 1466 ἐσχημάτιζεν.

2216 1495 2539 1563 Ἐκπλαγεὶς
2559 1489 2650 1548 οῦν
2674 1495 2784 1558 τοῖς
2813 1491 3154 1563 τελουμένοις
3181 1494 3210 1545 ό
3252 1489 3626 1560 Ἀλέξανδρος,
3665 1488 3796 1556 ἄγει

2207 1588 2342 1659 πρὸς
2365 1588 2554 1642 ἑαυτὸν
2585 1585 2711 1646 τοὺς
2755 1584 2964 1649 παῖδας,
2994 1583 3088 1638 καὶ
3131 1585 3291 1652 γνοὺς
3317 1582 3376 1635 οὑ
3411 1579 3582 1653 χλεύῃ
3616 1579 3798 1633 ταῦτα

2205 1677 2487 1747 γινόμενα,
2519 1676 2652 1741 ἀλλ’,
2685 1675 2760 1738 ὡς
2792 1674 2857 1728 ἄν
2880 1691 2962 1736 τις
2993 1675 3057 1726 ἐκ
3088 1673 3194 1726 τῶν
3219 1671 3598 1742 ἐκϐεϐηκότων
3632 1671 3795 1741 φαίη.

2135 1749 2176 1803 Β
2205 1767 2459 1838 ἐπιπνοίᾳ
2490 1767 2594 1820 τινὶ
2624 1765 2718 1820 καὶ
2736 1766 2912 1836 ψυχῆς
2933 1765 3192 1834 ἁπλότητι
3227 1766 3306 1827 εἰς
3331 1763 3510 1832 ἔρωτα
3537 1761 3799 1833 προδιαν-

2203 1857 2496 1928 ισταμένης
2527 1855 2619 1910 τοῦ
2666 1857 3000 1929 κρείττονος·
3045 1856 3160 1909 ὅσοι
3213 1855 3312 1926 μὲν
3347 1852 3526 1908 αὐτῶν
3559 1851 3797 1905 ἐϐαπτί-

2206 1969 2386 2018 σαντο,
2421 1951 2644 2014 τούτους
2664 1950 2950 2022 ἐπιχρίσας
2979 1949 3068 2003 διὰ
3092 1949 3190 2019 τῆς
3222 1950 3278 2000 ἐν
3307 1946 3530 2019 Χριστῷ
3559 1948 3800 2018 σφραγῖ-

2201 2044 2290 2108 δος
2333 2043 2642 2098 ἐτελείωσεν
2666 2060 2680 2073 ⁵
2725 2042 3038 2097 Ἀθανάσιον
3077 2041 3133 2095 δὲ
3159 2040 3374 2094 τοκεῦσι
3425 2038 3801 2112 παρατίθησιν

2203 2135 2421 2199 ἐντολὰς
2437 2135 2678 2200 δεδωκὼς
2701 2136 2974 2190 παιδεύειν
3003 2134 3100 2205 μὲν
3119 2137 3229 2197 τοῖς
3251 2132 3594 2204 μαθήμασιν,
3626 2130 3804 2202 ἡϐῶν-

2203 2247 2271 2284 τα
2296 2229 2352 2282 δὲ
2393 2227 2682 2281 ἀποδοῦναι
2716 2227 2886 2298 αὐτῷ,
2931 2226 3130 2298 μᾶλλον
3164 2225 3216 2278 δέ
3253 2227 3320 2295 τῇ
3361 2222 3687 2294 Ἐκκλησία,
3718 2221 3800 2285 ὡς

2204 2320 2360 2375 ἄλλον
2385 2319 2508 2374 τινὰ
2548 2319 2803 2390 Σαμουὴλ
2833 2321 2962 2390 παρ’
2997 2319 3174 2372 αὐτῶν
3197 2315 3316 2386 Θεῷ
3357 2315 3796 2388 προσαγόμενον.

2205 2412 2540 2484 Πράττουσιν
2569 2407 2662 2463 οὖν
2693 2412 2740 2463 oi
2769 2412 2946 2478 γονεῖς
2987 2409 3064 2472 ώς
3098 2409 3279 2470 αὐτοῖς
3306 2410 3368 2460 τὸ
3408 2407 3801 2479 ἀρχιερατικὸν

2206 2503 2424 2556 ἐκέλευε
2452 2502 2812 2574 πρόσταγμα·
2849 2501 2946 2554 καὶ
2987 2500 3082 2554 τοῦ
3135 2499 3326 2572 καιροῦ
3355 2499 3672 2562 καλοῦντος,
3706 2497 3800 2552 τὸν

2206 2596 2369 2649 παῖδα
2398 2593 2782 2667 προσφέρουσι.
2831 2594 2888 2646 ’0
2919 2593 2974 2646 δέ
3002 2592 3214 2664 δέχεται
3247 2593 3340 2646 καὶ
3365 2591 3698 2664 όμορῤόφιον
3729 2587 3803 2644 εἴ·

2205 2706 2288 2758 χε,
2331 2689 2424 2741 καὶ
2475 2686 2727 2741 κοινωνὸν
2770 2685 2965 2757 βουλῆς
3002 2684 3224 2755 καὶτῆς
3273 2683 3554 2746 εὐσεϐείας
3605 2682 3803 2753 συλλή-

2210 2798 2405 2852 πτορα.

2276 2871 2330 2926 2.
2368 2872 2477 2942 Τῆς
2509 2871 2565 2925 δὲ
2607 2872 2818 2942 Ἀρείου
2853 2871 3056 2940 λύσσης
3099 2869 3298 2941 μικροῦ
3326 2868 3424 2941 τὴν
3465 2866 3803 2939 οἰκουμένην

2207 2963 2625 3035 λυμαινομένης,
2683 2962 2910 3026 πολλοὺς
2948 2961 3166 3030 ἀγῶνας
3214 2959 3524 3033 ἀρχομένης
3556 2959 3658 3028 μὲν
3703 2960 3805 3012 σὺν

2135 3091 2178 3149 C
2223 3055 2551 3128 Ἀλεξάνδρῳ
2579 3054 2657 3127 τῷ
2685 3055 2972 3126 θεσπεσίῳ,
3003 3053 3228 3125 ὓστερον
3261 3053 3317 3105 δὲ
3343 3053 3437 3105 καὶ
3458 3051 3582 3104 καθ’
3606 3050 3805 3104 ἑαυτὸν

2215 3151 2355 3221 ὑπὲρ
2381 3149 2481 3221 τῆς
2513 3149 2793 3213 εὐσεϐείας
2819 3148 3094 3220 διήθλησε.
3131 3145 3239 3200 Καὶ
3272 3143 3381 3216 γάρ
3411 3145 3633 3216 Ἀρειον
3662 3142 3808 3214 μετὰ

2209 3243 2310 3313 τὴν
2333 3240 2650 3308 καθαίρεσιν
2678 3241 2770 3293 καὶ
2793 3240 2853 3292 τὸ
2883 3237 3128 3307 ἀνάθεμα
3149 3236 3573 3308 ὑποκρινόμενον
3604 3235 3676 3288 τά
3703 3235 3808 3305 τῆς

2212 3333 2512 3395 εὐσεϐείας,
2573 3327 2860 3402 κρατύνειν
2889 3331 2946 3383 δὲ
3002 3333 3067 3401 τῇ
3099 3330 3234 3402 πρὸς
3280 3328 3461 3397 ὀλίγον
3509 3325 3808 3397 ὑποκρίσει

2216 3425 2604 3496 μηχανώμενον
2639 3423 2708 3476 τὰ
2737 3424 2835 3494 τῆς
2875 3422 3146 3485 ἀσεϐείας,
3191 3418 3443 3491 ἐφώρασέ
3486 3435 3547 3472 τε
3577 3421 3609 3472 ὁ
3640 3415 3808 3487 σοφὸς

2227 3517 2560 3582 Ἀθανάσιος,
2595 3518 2691 3571 καὶ
2733 3515 3102 3571 ἀποσταλέντα
3144 3515 3281 3590 πρὸς
3317 3512 3667 3584 Ἀλέξανδρον
3711 3512 3810 3586 τὸν

2225 3608 2626 3681 Ἀλεξανδρείας
2657 3609 2805 3682 παρά
2829 3608 2922 3662 τοῦ
2953 3607 3207 3668 εὐσεϐοῦς
3232 3605 3492 3678 βασιλέως
3515 3607 3812 3658 Κωνστανυ

2213 3703 2357 3755 τίνου
2394 3698 2519 3773 (οἶδε
2582 3701 2690 3773 γάρ
2720 3700 2975 3763 πολλάκις
3010 3698 3467 3770 μεμηχανημένος
3506 3697 3658 3761 δόλος
3707 3698 3808 3751 καὶ

2213 3796 2337 3859 τούς
2369 3793 2622 3851 συνετοὺς
2656 3793 3034 3858 ἐκκλέπτειν),
3095 3790 3169 3862 μὴ
3203 3788 3612 3860 παραδέξασθαι
3679 3804 3810 3840 συν-

2213 3885 2538 3954 ηγωνίσατο.
2575 3879 2708 3936 Εἶτα
2727 3884 2820 3936 τοῦ
2843 3885 2898 3936 ἐν
2924 3881 3097 3950 ἁγίοις
3127 3880 3544 3951 τελευτήσαντος
3559 3877 3812 3945 Ἀλιεξάν⁴

2214 3975 2367 4046 δρου,
2399 3972 2560 4038 αὐτὸς
2607 3973 2883 4037 καταστὰς
2909 3973 3148 4042 διάδοχος
3199 3971 3335 4042 πρὸς
3363 3969 3545 4041 πολλῷ
3581 3969 3811 4042 μείζους

2213 4065 2429 4135 ἀγῶνας
2481 4066 2822 4120 ἐναπεδὺετο.
2849 4063 2939 4117 Διὸ
2967 4065 3060 4117 καὶ
3091 4063 3234 4117 ἅπαν
3281 4063 3342 4115 τὸ
3370 4063 3652 4134 αἱρετικὸν
3680 4061 3809 4116 σύν-

2216 4175 2404 4228 ταγμα
2437 4157 2636 4210 σκοπὸν
2664 4157 2828 4211 αὑτὸν
2864 4158 2964 4228 τῆς
2993 4155 3198 4218 οἰκείας
3227 4155 3590 4226 προύτίθεσαν
3629 4155 3810 4224 γλωσο

2217 4249 2439 4318 σαλγίας
2480 4266 2540 4302 τε
2574 4250 2668 4302 καὶ
2695 4247 3073 4318 συκοφαντίας.
3126 4247 3570 4318 Συμιρραττονται
3601 4247 3668 4318 δὴ
3701 4246 3809 4317 μά-

2214 4339 2370 4393 λιστα
2415 4341 2534 4393 κατ’
2565 4340 2728 4393 αὑτοῦ
2759 4342 2958 4414 οἱπερὶ
2990 4340 3250 4395 Εὐσέϐιον
3275 4341 3367 4392 τὸν
3403 4339 3803 4411 Νικομηδείας,

546 4431 689 4485 milia
734 4430 1063 4500 confingunt.
1111 4430 1350 4496 Quorum
1399 4431 1632 4499 primum
1679 4430 1779 4483 fuit
1811 4447 1828 4486 :
1862 4431 2003 4499 quod
2043 4445 2107 4484 ex

2214 4430 2308 4484 καὶ
2345 4429 2658 4500 μισθοῦνταί
2710 4447 2861 4494 τινας
2885 4432 2981 4501 τῆς
3012 4430 3275 4485 Μελετίου
3303 4429 3574 4500 αἱρέσεως
3611 4430 3705 4483 καὶ
3734 4429 3805 4482 δι’

543 4520 825 4574 Athanasii
872 4520 1093 4574 avaritia
1134 4520 1331 4574 lineam
1367 4530 1568 4576 vestem
1595 4519 1832 4591 Egyptii
1865 4520 2116 4576 Ecclesiae

547 4610 922 4665 Alexandrina:
964 4611 1312 4681 pensitarent.
1361 4610 1668 4664 Secundum
1711 4613 1899 4680 :quod
1943 4611 2115 4680 impe-

550 4705 713 4757 ratori
755 4704 1059 4767 insidiatus,
1098 4702 1414 4757 Pliilumeno
1457 4701 1699 4767 cuidam,
1739 4703 1832 4770 qui
1877 4702 2117 4772 tyranni-

547 4796 671 4850 dcm
714 4795 992 4850 affectasse
1028 4796 1316 4862 ferebatur,
1351 4810 1470 4851 sese
1525 4796 1887 4864 adiunxisset,
1934 4794 2118 4863 illique

550 4901 860 4939 crumenam
909 4888 1143 4941 misisset
1181 4887 1299 4941 auri
1345 4889 1580 4956 plenam.
1611 4888 1850 4942 Tertium
1881 4904 1895 4940 :
1930 4885 2116 4956 lscby-

554 4994 668 5031 ram
697 4979 991 5048 spectabat,
1019 4994 1226 5034 necnon
1256 4995 1492 5035 mensam
1519 4981 1853 5045 subversam,
1889 4990 1943 5035 et
1989 4995 2118 5034 con-

554 5068 784 5122 fractum
833 5068 1056 5122 calicem
1113 5069 1436 5138 mysticum,
1492 5068 1779 5125 Mareotem
1830 5071 2025 5133 etiam,
2063 5079 2120 5124 et

550 5159 842 5214 Macarium
895 5160 1304 5232 presbyterum,
1352 5162 1573 5230 ejusque
1619 5163 1901 5217 violentam
1949 5161 2118 5216 latro-

550 5266 678 5306 num
708 5251 878 5306 instar
907 5250 1286 5317 irruptionem,
1312 5267 1430 5322 qua:
1467 5253 1648 5308 omnia
1679 5256 1834 5323 quasi
1871 5254 1924 5307 in
1953 5267 2118 5306 scena

548 5345 1099 5414 reprzesentabantur.

619 5529 674 5584 5.
714 5530 839 5585 llaec
875 5539 929 5585 et
977 5529 1172 5585 similia
1227 5527 1470 5586 dramata
1512 5531 1802 5586 commenti
1853 5528 2120 5585 Eusebius

548 5626 605 5672 et
652 5623 814 5686 socii,
861 5622 927 5675 ad
975 5636 1133 5678 aures
1186 5639 1248 5678 ea
1297 5624 1547 5677 deferunt
1593 5623 2000 5691 imperatorias,
2051 5623 2116 5674 ad

551 5712 794 5779 iramque
817 5712 1152 5770 concitarunt
1183 5716 1587 5784 imperatorem,
1615 5723 1934 5772 accusantes
1956 5714 2120 5769 Attia-

2217 4521 2396 4575 αὐτῶν
2437 4521 2772 4593 κατηγορίας
2802 4523 3221 4594 συρράπτουσιν.
3253 4515 3352 4575 Ὧν
3379 4525 3411 4592 ὴ
3455 4522 3555 4593 μὲν
3584 4521 3803 4595 πρώτη,

2215 4613 2367 4686 λινῆν
2420 4614 2621 4684 ἐσθῆτα
2678 4616 2804 4678 τοὺς
2843 4617 3172 4683 Αἰγυπτίους
3215 4615 3384 4669 τελεῖν
3440 4617 3506 4686 τῇ
3551 4615 3809 4681 Ἀλεξαν-

2215 4707 2385 4781 δρέων
2418 4709 2482 4760 ἐκ
2523 4708 2621 4778 τῆς
2660 4707 2970 4761 Ἀθανασίου
3024 4708 3354 4773 πλεονεξίας,
3402 4707 3802 4762 συνέπλαττεν.

2216 4802 2250 4871 ἡ
2273 4800 2500 4872 δευτέρα
2529 4799 2607 4862 δὲ,
2637 4799 2713 4864 ὡς
2757 4803 2867 4864 τοῖς
2897 4800 3161 4871 βασιλέως
3185 4801 3453 4874 ἐνεδρεύει
3484 4803 3805 4875 πράγμασι,

2217 4891 2526 4964 Φιλουμένῳ
2555 4893 2662 4964 γάρ
2693 4909 2819 4955 τινι,
2865 4893 3145 4947 ἐπιθέσθαι
3171 4896 3443 4966 τυραννίδι
3470 4899 3666 4968 φήμην
3707 4897 3806 4951 λα-

2220 4984 2384 5048 ϐόντι,
2435 4984 2657 5056 χρυσίου
2713 4984 2918 5057 πλῆρες
2965 4987 3336 5053 ἐξαποστεῖλαι
3391 4988 3809 5063 γλωσσόκομον,

2220 5079 2533 5133 ὑπετίθετο·
2566 5079 2660 5132 καὶ
2683 5082 2716 5149 ἡ
2744 5080 2901 5150 τρίτη
2947 5081 3194 5152 Ἰσχύραν
3223 5082 3314 5135 καὶ
3343 5083 3442 5154 τὴν
3475 5083 3815 5157 ἀνατραπεῖ-

2221 5188 2318 5224 σαν
2345 5170 2644 5242 τράπεξαν,
2696 5173 2790 5224 καὶ
2819 5171 2880 5225 τὸ
2909 5173 3176 5242 κατεαγὸς
3223 5174 3486 5245 μυστικὸν
3517 5177 3808 5247 ποτήριον.

2222 5263 2425 5316 καὶτὸν
2453 5261 2778 5332 Μαρεώτην,
2811 5264 2903 5317 καὶ
2951 5265 3236 5337 Μακάρων
3286 5265 3686 5338 πρεσϐύτερον,
3714 5269 3816 5320 καὶ

2217 5351 2317 5422 τὴν
2343 5350 2640 5423 λῃστρικὴν
2679 5354 2842 5407 αὐτοῦ
2887 5354 3093 5422 ἔφοδον,
3133 5357 3227 5410 καὶ
3256 5359 3317 5412 τὸ
3351 5358 3457 5414 ἀνὰ
3495 5361 3682 5413 πᾶσαν
3706 5361 3818 5432 τὴν

2219 5442 2544 5512 οἰκουμένην
2571 5443 2887 5516 θεατρισθὲν
2918 5447 3102 5519 δρᾶμα
3129 5455 3457 5520 σκηνοποιεῖ.

2290 5533 2342 5586 5.
2379 5533 2564 5588 Ταῦτα
2591 5538 2684 5588 κάι
2713 5538 2916 5591 τοιαῦθ’
2956 5541 3118 5614 ἕτερα
3155 5546 3204 5596 οί
3238 5545 3366 5615 περὶ
3399 5546 3662 5600 Εὑσέϐιον
3683 5548 3820 5619 δρα-

2225 5627 2721 5696 ματουργήσαντες,
2755 5632 2834 5692 εἰς
2865 5631 3035 5697 ἀκοὰς
3070 5634 3318 5706 ἐνηχοῦσι
3355 5636 3454 5701 τὰς
3497 5638 3817 5708 βασιλικὰς,

2222 5717 2316 5770 καὶ
2345 5717 2583 5773 κινοῦσιν
2603 5719 2683 5784 εἰς
2702 5721 2870 5792 ὀργήν
2888 5740 2901 5754 ο
2929 5713 3426 5800 αίτιασάμενοι,’ϐτι
3461 5732 3558 5785 καὶ
3589 5731 3822 5806 Ἀρειον
