3990 6506
578 448 737 491 CCXIV

583 639 833 693 omnibus
906 632 1247 687 manifestam
1305 644 1425 683 esse
1482 625 1798 694 injustitiam
1847 642 1858 674 :
1913 631 1967 677 et
2014 622 2157 691 quod

583 728 875 791 Macarius,
907 726 999 794 qui
1036 724 1185 792 prior
1213 719 1610 775 accusationem
1650 716 1926 778 suliiisset,
1959 715 2012 767 in
2042 713 2161 765 vin-

583 817 717 869 culis
751 824 913 877 esset,
948 812 1073 865 dum
1107 811 1353 878 lscliyras
1398 814 1682 860 accusator
1730 802 2026 872 illegitimis
2068 800 2160 866 ju-

585 910 792 962 dicibus
836 906 1236 975 adiungeretur.
1278 900 1410 955 Cum
1458 908 1636 951 autem
1674 898 1910 965 synodus
1959 892 2158 946 nullam

576 996 700 1069 ejus
743 999 975 1070 querelae
1022 1007 1077 1050 et
1120 992 1528 1049 contestationis
1586 990 1848 1041 rationem
1900 988 2156 1049 haberet,

584 1094 725 1147 clam
778 1092 1193 1159 imperatorem,
1241 1091 1424 1152 utpote
1472 1081 1697 1141 accilus,
1747 1078 1897 1131 adiit.
1945 1076 2160 1131 Judices

582 1199 747 1256 porro
783 1184 834 1236 in
866 1180 1136 1234 Mareoten
1179 1174 1359 1233 missi,
1399 1172 1565 1225 altera
1624 1170 1844 1223 absente
1892 1176 2064 1236 parte,
2100 1172 2160 1217 ut

584 1280 715 1348 ipsis
751 1272 1088 1331 mendacium
1129 1277 1183 1322 et
1226 1266 1425 1321 invidia
1474 1263 1842 1329 imperabant,
1888 1272 2160 1313 commen-

585 1372 753 1425 tarios
795 1383 915 1423 cum
960 1363 1291 1421 edidissent,
1339 1358 1404 1411 ad
1456 1356 1719 1426 synodum
1760 1352 2154 1420 retnigrarunt,

580 1478 702 1531 quae
751 1461 1065 1530 priusquam
1113 1452 1185 1506 illi
1227 1449 1607 1510 advenissent,
1654 1442 2010 1497 Athanasium
2059 1440 2157 1493 de-

581 1567 743 1611 serta:
783 1566 961 1606 causa:
1031 1549 1334 1601 damnarat.
1396 1540 1529 1595 Cum
1582 1537 1925 1591 advenissent
1954 1542 2155 1595 autem,

582 1643 969 1714 depositionem
997 1636 1113 1703 ejus
1142 1632 1550 1691 confirmarunt,
1584 1627 1764 1679 multis
1805 1624 2001 1677 additis
2029 1637 2160 1676 con-

582 1736 835 1792 tumeliis.
893 1731 1197 1797 Statimque
1262 1726 1328 1779 ad
1388 1720 1851 1778 consecrationem
1916 1715 2160 1772 ecclesia

582 1822 1071 1894 Jerosolymitanze,
1120 1817 1209 1885 qui
1261 1814 1424 1884 gestis
1462 1814 1575 1863 suis
1626 1807 1989 1861 sacerdotium
2034 1820 2160 1875 pro-

582 1916 899 1971 fanaverant
945 1908 1266 1963 festinanter
1315 1908 1698 1972 perrexerunt,
1739 1897 2037 1962 Ariumque
2081 1895 2165 1949 in-

582 2016 817 2063 stantem
864 2002 1095 2055 libenter
1153 1994 1440 2049 Eusebiani
1490 1990 1868 2045 admiserunt:
1904 1988 1996 2057 qui
2037 2002 2165 2040 vero

580 2107 745 2153 recta:
770 2094 893 2149 tidei
936 2101 1092 2147 erant
1132 2088 1282 2142 illum
1352 2082 1591 2139 aversati
1644 2091 1802 2145 sunt,
1844 2089 2165 2135 statuerunt-

580 2203 709 2259 qne,
743 2195 802 2241 ut
825 2181 1184 2244 Alexandria,
1226 2192 1332 2247 quo
1373 2175 1425 2229 in
1460 2175 1578 2229 loco
1622 2174 1826 2227 crimen
1868 2171 1942 2225 illi
1990 2170 2167 2224 inten-

580 2280 822 2342 tabatur,
872 2276 1133 2330 rationem
1184 2269 1466 2331 redderet,
1505 2278 1615 2335 quo
1660 2262 1806 2317 illum
1845 2261 1956 2332 jam
2002 2260 2163 2314 adve-

579 2374 728 2429 nisse
758 2369 1149 2439 deprehensum
1178 2371 1281 2417 est.
1305 2361 1436 2415 Cum
1466 2372 1553 2410 res
1582 2356 1635 2409 in
1668 2355 1759 2408 tali
1792 2362 1936 2408 motu
1963 2362 2163 2417 essent,

582 2463 877 2519 adveniunt
926 2454 1268 2526 imperatoris
1318 2453 1552 2506 litterze:
1590 2464 1710 2519 qua:
1758 2464 1863 2500 una
1918 2447 2167 2501 Athana-

582 2558 724 2612 sium
753 2568 814 2608 se
851 2552 1021 2613 adire,
1050 2559 1105 2601 et
1138 2548 1287 2615 ip¥os
1322 2544 1373 2597 in
1406 2539 1809 2611 imperatoriam
1836 2552 1893 2593 se
1918 2534 2167 2591 conferre

584 2649 859 2705 civitatem
899 2638 1321 2713 praecipiebant:
1365 2650 1495 2706 quae,
1520 2649 1604 2689 res
1643 2631 1905 2703 synodum
1935 2628 2168 2698 conjecit

585 2741 642 2796 in
675 2737 839 2794 animi
874 2736 1225 2790 anxietatem.

654 2832 712 2887 5.
753 2828 1116 2897 Quamobrem
1151 2824 1387 2878 maxima
1415 2823 1630 2876 illorum
1655 2835 1781 2891 pars
1814 2818 2032 2875 domum
2076 2832 2165 2872 re—

582 2926 728 2982 versi
759 2931 906 2979 sunt.
934 2919 1202 2975 Eusebius
1220 2926 1399 2971 autem
1435 2914 1783 2984 Theogonius
1812 2922 1866 2967 et
1892 2910 2027 2967 socii
2056 2910 2167 2965 illic

582 3031 793 3073 moram
854 3013 1070 3067 trahere
1117 3002 1489 3071 decreverunt,
1538 3006 1629 3059 illa
1682 3005 1939 3074 temporis
1984 3015 2166 3060 extra-

582 3109 762 3165 ctione
788 3120 905 3162 sese
926 3118 990 3159 ex
1017 3099 1554 3173 angustiisextricare
1577 3098 1775 3153 conati.
1804 3098 2013 3152 Interea
2036 3111 2166 3151 vero

1982 409 2515 470 PROLEGOMENA.

582 548 793 611 dorum,
842 542 1211 598 Macedonium
1252 548 1306 593 et
1354 537 1655 599 Ursacium,
1696 540 2029 589 contestatus
2072 541 2156 585 est
2185 536 2230 591 Α
2261 531 2482 591 σάκιος’

2535 527 2936 597 διεμαρτύρατο
2968 527 3102 578 πᾶσι
3149 526 3207 577 τὸ
3245 524 3701 596 περιφανέστατον
3745 518 3830 577 τοῦ

2262 622 2624 690 ἀδικήματκ·
2683 622 2779 671 καὶ
2806 621 2889 671 ὅτι
2919 619 3203 688 Μακάριος
3253 619 3351 687 μὲν
3398 620 3427 670 6
3490 616 3703 688 πρῶτος
3744 615 3833 687 τὴν

2262 713 2482 784 γραφὴν
2532 712 2893 780 ὑφιστάμενος
2926 714 2981 763 ἐν
3037 712 3272 781 σιδήφις
3295 705 3383 779 ἦν’
3431 708 3675 779 Ἵσῖύραῖ
3723 707 3772 760 δὲ
3806 708 3832 761 ὁ

2263 806 2565 871 κατήγορος
2588 805 2698 863 τοῖς
2722 800 3006 869 ἐκθέσμοις
3037 804 3247 869 κριταῖς
3266 799 3640 851 συνετέτακτο.
3680 796 3762 858 Ὠς
3782 794 3834 849 δὲ

2261 896 2321 946 ού
2351 897 2632 965 προσεῖχον
2656 895 2689 961 ἡ
2728 893 2941 954 σύνοδος
2978 894 3059 954 οἱς
3081 894 3269 961 ᾐτιᾶτο
3306 892 3395 943 καὶ
3428 888 3833 959 διεμαρτύρατο,

2261 984 2529 1038 διαλαθὼν
2564 984 2700 1053 πρὸς
2760 983 3003 1052 βασιλέα,
3066 984 3157 1035 ἆτε
3206 982 3269 1052 δὴ
3338 982 3432 1034 καὶ
3466 979 3832 1050 μετακληθεὶς,

2261 1072 2632 1144 ἀνεχώρησεν.
2670 1074 2729 1125 Οἱ
2757 1074 2812 1125 δὲ
2838 1074 2929 1125 τοῦ
2962 1072 3258 1143 Μαρεώτου
3291 1072 3492 1143 κριταὶ,
3522 1072 3587 1123 ἐκ
3624 1086 3838 1139 μονομε-

2264 1166 2412 1240 ρείας
2455 1166 2530 1227 ὡς
2577 1165 2759 1227 αὐτοῖς
2790 1165 2850 1216 τὸ
2871 1164 3066 1233 6,5560;
3095 1163 3187 1215 καὶ
3238 1164 3266 1214 ὁ
3306 1162 3498 1231 φθόνος
3530 1161 3834 1225 ἐπέταττεν,

2262 1260 2627 1329 ὑπομνήματα
2652 1258 3061 1326 συνταξάμενοι,
3094 1256 3228 1328 πρὸς
3253 1255 3350 1325 τὴν
3374 1254 3590 1307 σύνοδον
3616 1251 3835 1322 ἐπανῄε-

2264 1370 2380 1405 σαν.
2408 1351 2555 1421 Αὖτη
2588 1351 2666 1413 δέ,
2692 1352 2819 1421 πρὶν
2864 1350 2896 1419 ἦ
2932 1348 3335 1419 παραγενέσθαι
3360 1348 3603 1413 τούτους,
3637 1348 3836 1418 ἐρήμην

2274 1444 2587 1496 Ἀθανάσιον
2612 1441 2989 1511 κατεδιῄτησε.
3047 1440 3521 1513 Παραγεγονότων,
3543 1441 3641 1509 τήν
3670 1455 3727 1489 τε
3753 1455 3839 1489 κα-

2262 1537 2501 1607 θαίρεσιν
2528 1537 2902 1604 ἐπεκύρωσαν,
2928 1536 3022 1587 καὶ
3046 1534 3333 1605 λοιδορίαις
3372 1533 3708 1603 ἐπηύξησαν.
3740 1534 3838 1585 Καὶ

2262 1630 2573 1701 παραυτίκα
2607 1629 2741 1699 πρὸς
2773 1629 2871 1699 τὴν
2926 1628 3251 1700 καθιέρωσιν
3289 1629 3393 1699 τῆς
3445 1629 3502 1680 ἐν
3555 1625 3839 1697 Ἰεροσολύ-

2265 1740 2385 1793 μοις
2418 1721 2741 1791 Ἐκκλησίας
2787 1723 2834 1773 οί
2891 1721 2952 1772 τὸ
3005 1720 3347 1791 ίερουργικδν
3378 1719 3435 1785 ἐξ
3484 1712 3560 1770 ὧν
3611 1716 3840 1788 ἔπραξαν

2264 1816 2807 1883 ἀνοσιουργήσαντες,
2864 1814 3067 1883 σπουδῇ
3127 1812 3551 1882 παραγίνονται·
3606 1810 3701 1861 καὶ
3752 1809 3835 1861 τὸν

2271 1908 2486 1976 Ἀρειον
2540 1906 2857 1970 ἐπιστάντα,
2911 1908 2959 1958 οί
3017 1906 3115 1975 μὲν
3162 1904 3289 1974 περὶ
3317 1901 3574 1954 Εὐσέϐιον
3606 1900 3842 1971 ἀσμένως

2268 1995 2672 2066 προσδέχονται,
2725 1996 2774 2047 οἱ
2824 1994 2879 2047 δέ
2939 1996 3038 2065 τῆς
3076 1994 3240 2065 ὀρθῆς
3283 1991 3713 2062 ἀπεστράφησαν
3758 1988 3841 2042 πί-

2269 2102 2457 2148 στεως,
2488 2086 2771 2156 ὁρίσαντες
2806 2086 2863 2136 ἐν
2898 2082 3270 2154 Ἀλεξανδρεία
3306 2082 3398 2134 τὸν
3436 2082 3593 2148 λόγον
3635 2080 3843 2149 ὑπέχειν

2264 2173 2339 2231 ὧν
2366 2180 2423 2230 ἐν
2446 2178 2593 2247 αίτία
2626 2176 2967 2238 καθίσταται,
3006 2178 3063 2228 ἐν
3155 2174 3247 2228 xai.
3276 2170 3669 2245 παραγεγονὼς
3694 2172 3839 2223 ἑάλω.

2280 2272 2368 2323 Ἐν
2398 2269 2605 2333 τούτοις
2627 2270 2682 2321 δὲ
2708 2269 2814 2321 τῶν
2854 2266 3239 2339 πραττομένων
3262 2264 3621 2335 κινουμένων,
3664 2262 3842 2331 φθάνει

2267 2364 2569 2435 γράμματα
2594 2361 2686 2413 τοῦ
2733 2360 3014 2429 βασιλέως,
3049 2358 3144 2410 καὶ
3182 2357 3499 2410 Ἀθανάσιον
3527 2356 3665 2427 πρὸς
3699 2354 3844 2407 αὐτὸν

2266 2452 2676 2521 ἀπαγγέλλοντα
2701 2454 2875 2522 ἥκειν,
2905 2453 2997 2503 καὶ
3022 2452 3218 2513 αὐτοὺς
3241 2452 3331 2502 ἐπὶ
3360 2449 3459 2520 τὴν
3484 2446 3729 2517 βασιλίδα
3757 2463 3837 2499 παι

2272 2546 2614 2617 ραγενέσθαι·
2639 2546 2733 2598 καί
2768 2547 2847 2607 είς
2872 2544 3109 2612 ἀγωνίαν
3137 2542 3394 2613 ἐμϐάλλει
3426 2542 3525 2609 τὴν
3552 2540 3780 2594 σύνοδον.

2340 2824 2391 2879 5.
2417 2824 2509 2877 Διὸ
2535 2824 2582 2877 οί
2619 2822 2834 2885 πλείους
2860 2822 2956 2891 μὲν
2990 2820 3167 2873 αὐτῶν
3196 2821 3275 2881 είς
3303 2818 3373 2871 τὰ
3410 2818 3587 2870 οἰκεῖα
3629 2816 3846 2887 ἐπανῄε-

2271 2937 2366 2974 σαν
2385 2936 2399 2951 ⁶
2433 2921 2484 2971 οί
2520 2920 2577 2972 δὲ
2608 2918 2734 2989 περὶ
2763 2916 3020 2969 Εύσέόιον
3054 2915 3147 2967 καὶ
3175 2913 3459 2981 Θεογόνιον
3488 2913 3629 2975 τέως
3672 2912 3845 2965 αὐτόθι

2267 3012 2536 3084 χρονίζειν
2559 3012 2875 3080 ἐγίνωσκον,
2891 3010 2955 3077 τῇ
2978 3007 3221 3077 παρολκῇ
3245 3006 3337 3058 τοῦ
3380 3004 3576 3075 καιροῦ
3604 3005 3703 3074 τὴν
3722 3005 3847 3071 ἀγω-

2268 3104 2386 3157 νίαν
2442 3104 2586 3156 λύειν
2623 3102 3026 3173 μηχανώμενοι.
3092 3100 3178 3151 Ἑν
3227 3097 3282 3150 δὲ
3325 3096 3402 3167 τῷ
3434 3096 3637 3167 μεταξὺ
3672 3097 3762 3149 καὶ
3794 3096 3848 3147 τὸ

584 3200 689 3254 alia
714 3196 1011 3261 accusatio,
1043 3209 1145 3264 qua
1175 3192 1455 3247 dicebatur
1480 3190 1816 3245 Athanasius
1838 3204 2031 3243 aurum
2064 3188 2162 3243 mi-

2268 3196 2453 3266 ἕτερον
2497 3194 2601 3247 τῶν
2646 3194 3027 3262 ἐγκλημάτων,
3076 3189 3104 3241 ὃ
3151 3188 3229 3259 τῷ
3271 3188 3587 3257 Φιλουμένῳ
3639 3187 3847 3259 χρυσίον

582 3291 723 3345 sisse
755 3286 1094 3349 Philumcno,
1128 3297 1313 3337 coram
1352 3282 1681 3349 imperatore
1735 3278 2011 3334 confutata
2063 3277 2165 3332 fuit

583 3382 640 3435 in
693 3377 951 3433 suburbio
998 3373 1326 3428 Nicomedia
1378 3372 1463 3425 cui
1515 3384 1713 3425 nomen
1764 3369 2160 3423 Psammathia.

583 3471 922 3538 Mittiturque
966 3482 1087 3521 cum
1131 3466 1338 3520 honore
1380 3463 1767 3518 Alexandriam
1812 3462 2161 3529 Athanasius,

587 3560 953 3630 imperatoriis
983 3556 1177 3613 litteris
1208 3556 1325 3624 ejus
1358 3554 1724 3609 innocentiam
1756 3552 1954 3622 populo
1982 3553 2164 3608 decla-

586 3652 859 3708 rantibus.
880 3650 1082 3703 Aderat
1103 3647 1229 3701 item
1248 3647 1409 3700 Arius
1435 3646 1653 3709 missus,
1678 3654 1735 3697 ut
1756 3644 2005 3713 superius
2030 3645 2161 3711 dixi,

586 3744 657 3798 ab
691 3738 1165 3810 Jerosolymitanis
1221 3737 1518 3806 episcopis,
1554 3751 1875 3806 rursumque
1906 3737 2165 3792 tumultus

589 3835 643 3889 in
690 3832 923 3903 Egypto
952 3832 1178 3885 obortus
1215 3837 1318 3883 est.
1360 3828 1483 3882 llaec
1516 3836 1696 3883 autem
1728 3831 2044 3898 imperatori
2082 3845 2165 3884 re-

585 3926 813 3992 scripsit
840 3921 1189 3986 Athanasius,
1213 3921 1305 3990 qui
1332 3920 1623 3989 imperator
1654 3920 1842 3974 Arium
1867 3924 2161 3977 revocavit.

578 4016 690 4071 ‘llic
738 4028 866 4070 vero
913 4027 1033 4067 cum
1081 4011 1403 4065 Eusebianis
1450 4011 1551 4065 iter
1605 4008 1854 4064 faciendo
1901 4009 2165 4067 Cmsareze

588 4119 937 4177 congressus,
968 4102 1101 4157 alias
1131 4118 1320 4156 rursus
1346 4111 1534 4156 contra
1565 4100 1923 4155 Athanasium
1959 4101 2167 4157 conﬂa-

585 4199 667 4253 vit
698 4193 1104 4267 schphantias.
1143 4191 1209 4248 Ut
1248 4201 1427 4246 autem
1465 4191 1553 4243 vix
1591 4204 1715 4246 sero
1750 4191 1964 4244 tandem
1999 4191 2167 4246 Euse-

588 4290 736 4347 biani
763 4290 816 4344 in
837 4287 1241 4357 imperatoriam
1264 4285 1451 4339 urbem
1478 4292 1850 4347 accesserunt,
1876 4282 2164 4350 dicebant,

587 4399 649 4439 se
678 4398 785 4438 non
814 4381 951 4435 alias
976 4380 1191 4449 quidem
1225 4376 1605 4432 accusationes
1646 4376 1700 4429 in
1736 4390 1962 4430 examen
1999 4374 2165 4429 addu-

560 4470 771 4533 eturos
802 4494 815 4529 :
849 4489 968 4544 qua:
998 4486 1126 4528 vero
1156 4471 1424 4541 lschyram
1462 4467 1776 4536 spectabant
1826 4480 1884 4522 se
1910 4465 2022 4533 jam
2058 4465 2167 4520 dis-

2266 3283 2449 3352 ἔλεγεν
2479 3283 2795 3337 Ἀθανάσιον
2820 3280 3142 3350 διαπέμψαι,
3167 3280 3308 3333 κατά
3338 3280 3630 3352 πρόσωπον
3656 3277 3849 3331 διαλύε-

2264 3396 2354 3431 ται
2406 3375 2497 3429 τοῦ
2553 3375 2815 3445 βασιλέως
2857 3376 2913 3427 ἐν
2973 3372 3282 3443 προαστείῳ
3336 3372 3437 3442 τῆς
3486 3370 3847 3441 Νικομηδείας

2264 3466 2541 3536 Ψαμαθίῳ
2572 3465 2889 3535 καλουμένῳ
2917 3463 3303 3533 διατρίϐοντος.
3334 3464 3445 3516 Καὶ
3465 3462 3848 3516 ἀποστέλλεται

2266 3561 2346 3621 εἰς
2388 3557 2795 3629 Ἀλεξάνδρειαν
2838 3555 2974 3626 μετὰ
3022 3556 3184 3625 τιμῆς
3232 3554 3567 3620 ’Λθανάσιος,
3596 3554 3849 3627 γραμμά-

2267 3666 2372 3702 των
2410 3646 2705 3717 βασιλικῶν
2744 3645 2841 3715 τὴν
2873 3644 3120 3698 ἀθὼωσιν
3158 3643 3323 3697 αὑτοῦ
3356 3644 3491 3715 πρὸς
3523 3644 3652 3708 τοὺς
3680 3647 3846 3697 ἐκεῖσε

2265 3739 2751 3810 ἀνακηρυττόντων
2777 3755 2789 3766 ·
2825 3737 3005 3807 παρῆν
3033 3737 3088 3789 δέ
3115 3737 3208 3790 καὶ
3246 3738 3465 3805 Ἄρειος
3505 3737 3845 3800 ἀποσταλεὶς,

2266 3830 2341 3895 ὣς
2377 3850 2466 3902 μοι
2503 3832 2844 3903 προείρηται,
2898 3830 3003 3882 ὑπὸ
3063 3830 3169 3881 τῶν
3221 3832 3277 3882 ἐν
3314 3830 3730 3901 Ἰεροσολύμοις,
3762 3831 3849 3883 καὶ

2266 3924 2502 3994 τάραχον
2528 3926 2560 3994 ἡ
2592 3924 2867 3991 Αἴγυπτος
2892 3922 3103 3991 δέχεται
3139 3921 3319 3977 πάλιν.
3344 3922 3457 3974 Καὶ
3493 3923 3697 3993 γράφει
3723 3920 3848 3974 ταῦ-

2267 4034 2334 4068 τα
2362 4016 2440 4085 τῷ
2472 4014 2678 4085 βασιλεῖ
2702 4017 2729 4066 6
2775 4013 3108 4075 Ἀθανάσιος,
3145 4012 3239 4064 καὶ
3269 4014 3666 4083 μετάπεμπτον
3702 4014 3850 4083 βασι-

2268 4108 2391 4171 λεὺς
2430 4108 2552 4175 ἄγει
2581 4107 2672 4159 τὸν
2708 4108 2941 4176 Ἀρειον.
2986 4105 3042 4156 Ὁ
3076 4104 3130 4156 δέ
3170 4107 3280 4167 τοῖς
3308 4105 3435 4174 περὶ
3466 4104 3729 4158 Εὑσέϐιον
3758 4123 3851 4158 κα-

2266 4201 2335 4251 τὰ
2363 4199 2460 4268 τὴν
2499 4198 2615 4251 ὁδὸν
2650 4200 2706 4249 ἐν
2735 4195 3040 4267 Καισαρείᾳ
3086 4194 3414 4265 συμϐάλλει,
3451 4196 3544 4248 καὶ
3582 4196 3719 4249 ἄλλα
3754 4197 3851 4249 πά·

2268 4291 2350 4344 λιν
2395 4291 2534 4343 κατὰ
2570 4289 2882 4342 Ἀθανάσιον
2928 4289 3387 4358 συκοφαντήματα
3441 4287 3731 4358 ῥάπτεται.
3771 4287 3851 4353 Ὠς

2268 4383 2310 4435 δ’
2334 4382 2431 4450 ὀψὲ
2465 4382 2557 4434 καὶ
2584 4380 2732 4450 μόλις
2754 4380 2802 4432 οί
2828 4379 2954 4449 περὶ
2984 4378 3241 4431 Εὐσέϐιον
3272 4381 3334 4448 τῇ
3365 4377 3595 4448 βασιλίδι
3628 4378 3851 4452 παρεγί-

2269 4491 2439 4534 νοντο,
2463 4473 2530 4525 τὰ
2579 4472 2675 4542 μὲν
2707 4471 2839 4525 ἀλλα
2867 4471 2974 4523 τῶν
3002 4472 3361 4541 ἐγκλημάτων
3404 4470 3587 4539 ἔλεγον
3622 4472 3713 4523 ὑπ’
3771 4468 3852 4535 €5-

587 4567 841 4635 quisiisse
883 4573 937 4619 et
976 4564 1142 4634 probe
1203 4561 1343 4616 scire
1393 4559 1461 4614 ab
1489 4558 1788 4613 Athanasio
1838 4557 1978 4612 facta
2025 4571 2162 4611 esse.

2275 4567 2458 4619 ἐτασιν
2488 4564 2561 4635 μὴ
2585 4565 2913 4631 ἀγαγεῖν,τά
2941 4564 2997 4615 δὲ
3026 4564 3153 4633 περὶ
3182 4562 3427 4633 ἰσχύραν
3458 4564 3551 4615 καὶ
3580 4562 3848 4627 ἐξετάσαι,

576 4660 958 4727 Similiterque
984 4658 1128 4727 quod
1166 4657 1418 4711 frumenti
1463 4663 1823 4712 commeatum
1871 4653 2163 4719 quotannis

588 4750 971 4805 Alexandriam
1022 4748 1544 4816 ConstantinOpolim
1598 4746 1720 4801 vehi
1784 4744 2001 4800 solitum
2049 4744 2165 4813 ipse

588 4841 920 4911 prohiberet.
972 4839 1212 4905 Quorum
1262 4839 1552 4893 criminum
1591 4852 1713 4892 cum
1752 4852 1875 4891 reus
1921 4836 2163 4889 Athana-

590 4935 706 4986 sius
751 4930 1124 5000 deprehensus
1173 4938 1338 4993 esset,
1400 4929 1537 4983 clam
1596 4928 1858 4983 secedens
1899 4926 2159 4995 judicium

589 5020 883 5091 effugisset.
945 5019 1042 5073 His
1095 5020 1392 5088 imperator
1459 5018 1784 5073 commentis
1849 5032 2161 5086 persuasus,

588 5110 944 5165 Athanasium
971 5110 1359 5164 certaminibus
1384 5119 1657 5166 assuetum
1693 5110 1745 5163 in
1770 5112 2017 5164 exsilium
2048 5111 2166 5164 mit-

589 5202 656 5256 tit
686 5202 739 5255 in
775 5200 976 5256 Gallias
1015 5202 1082 5255 ad
1115 5202 1391 5256 civitatem
1425 5201 1799 5268 Trevirorum,
1836 5210 1895 5255 ut
1932 5201 2042 5254 illic
2073 5200 2164 5254 de-

588 5305 762 5365 geret.
785 5294 1036 5349 Tumultu
1062 5301 1238 5348 autem
1254 5310 1316 5349 ac
1344 5304 1664 5364 tempestate
1693 5292 1984 5363 .Egyptum
2009 5306 2159 5346 com-

586 5400 855 5456 movente,
891 5400 947 5445 et
989 5390 1176 5444 haeresi
1208 5406 1303 5445 seu
1334 5396 1572 5460 quadam
1612 5398 1763 5457 peste
1788 5384 2048 5439 Ecclesiis
2076 5385 2160 5437 la-

583 5484 894 5548 befactatis,
932 5484 1227 5551 imperator
1258 5483 1655 5539 Constantinus
1693 5480 1746 5532 in
1794 5478 2031 5545 quodam
2067 5476 2159 5531 Ni-

584 5576 842 5630 comedia:
871 5576 1156 5638 suburbio,
1192 5590 1313 5629 cum
1348 5589 1515 5628 unum
1553 5581 1608 5626 et
1644 5568 1869 5638 triginta
1902 5582 2074 5623 annos
2107 5569 2157 5622 in

585 5670 810 5737 imperio
832 5668 1282 5737 consumpsisset,
1322 5668 1448 5723 hinc
1480 5663 1776 5721 translatus
1806 5671 1908 5727 est,
1948 5678 2091 5719 anno
2129 5678 2157 5716 a

658 5851 734 5920 (α)
770 5849 826 5904 In
852 5849 1028 5929 editis,
1058 5849 1303 5911 Γαλλίας.

2273 4659 2365 4711 καὶ
2400 4658 2584 4726 σαφῶς
2622 4657 2815 4710 εἰδέναι
2848 4657 2937 4708 ὑπ’
2973 4656 3287 4709 Ἀθανασίου
3308 4656 3694 4726 τετολμῆσθαι.
3737 4656 3849 4707 '06-

2268 4750 2446 4814 αύτως
2476 4751 2567 4803 καὶ
2606 4751 2686 4812 εἰς
2736 4748 2835 4817 τὴν
2874 4748 3237 4818 σιτοπομπίαν
3257 4749 3355 4819 τὴν
3381 4746 3439 4811 ἐξ
3468 4746 3623 4811 ἔθους
3654 4748 3723 4800 δι’
3767 4747 3850 4798 ‘A-

2271 4842 2610 4913 λεξανδρείας
2636 4844 2701 4911 τῇ
2738 4840 3302 4894 Κωνσταντινουπόλει
3332 4840 3646 4910 φερομένην
3678 4839 3842 4892 κωλύ-

2274 4951 2437 4986 σειεν.
2479 4934 2566 4986 Ἐν
2602 4928 2683 4996 οἷς
2716 4932 2808 4985 καὶ
2838 4930 3109 5002 φωραθεὶς
3144 4930 3325 5000 ἐνοχος
3374 4930 3697 4993 Ἀθανάσιος
3718 4969 3733 4993 ,
3762 4930 3849 4982 λα·

2272 5026 2473 5096 θραίως
2514 5025 2894 5094 ἀναχωρήσας,
2943 5022 3043 5091 τὴν
3072 5022 3226 5091 δίκην
3262 5021 3447 5089 ἔφυγε.
3479 5021 3855 5092 Συναρπαγεὶς

2270 5113 2361 5168 οὖν
2394 5120 2506 5178 τοῖς
2539 5116 2852 5183 πλάσμασιν
2880 5116 2906 5166 6
2935 5114 3207 5182 βασιλεὺς,
3245 5116 3323 5176 είς
3364 5112 3463 5176 τὰς
3492 5112 3753 5175 Γαλλίους
3781 5109 3852 5180 (α)

2269 5208 2435 5259 οἰκεῖν
2469 5208 2525 5258 ἐν
2561 5206 2875 5277 Τριὸεριάδι
2906 5206 3191 5277 ὑπερόριον
3226 5205 3499 5274 ἐκπέμπει
3534 5204 3627 5257 τὸν
3653 5203 3853 5255 πολύα-

2272 5298 2393 5350 θλον
2423 5298 2755 5352 Ἀθανάσιον.
2792 5298 3032 5369 Θορύόου
3058 5299 3112 5351 δέ
3138 5299 3229 5351 καὶ
3260 5298 3425 5368 ζάλης
3452 5297 3551 5367 τὴν
3580 5296 3855 5364 Αἴγυπτον

2271 5389 2731 5458 ἐκκυμαινόντων,
2782 5391 2872 5441 καὶ
2926 5390 3114 5459 λοιμοῦ
3146 5391 3302 5460 δίκην
3347 5390 3444 5459 τῆς
3490 5392 3760 5461 αἱρέσεως
3788 5386 3853 5438 τά

2269 5480 2376 5531 τῶν
2418 5480 2750 5551 Ἐκκλησιῶν
2779 5480 3195 5552 λυμαινομένης,
3228 5482 3255 5533 ὁ
3283 5480 3530 5549 βασιλεὺς
3565 5482 3854 5533 Κωνσταν·

2269 5573 2411 5634 τῖνος
2465 5574 2605 5626 κατά
2636 5590 2686 5624 τι
2712 5576 3032 5643 προαστεῖον
3080 5575 3178 5644 τῆς
3233 5572 3621 5643 Νικομηδείας,
3674 5571 3733 5623 ἓν
3763 5570 3855 5623 καὶ

2268 5664 2584 5731 τριακοστὸν
2618 5664 2673 5715 ἐν
2702 5666 2767 5733 τῇ
2806 5661 3050 5736 βασιλείᾳ
3083 5664 3334 5729 διανύσας
3362 5665 3499 5729 ἔτος,
3529 5663 3854 5734 μεθίσταται
