3990 6508
1254 450 1312 507 S.
1351 444 1725 503 ATllANASll
1771 440 1931 498 VlTA
1970 440 2059 494 EX
2100 437 2374 496 PHOTIO.

3298 447 3436 493 CCXV

205 576 295 631 τῶν
330 569 578 633 ἐνταῦθα,
611 568 768 637 ἄγων
799 567 906 621 ἀπὸ
940 564 1199 634 γενέσεως
1239 563 1484 632 πέμπτον
1511 562 1605 614 καὶ
1643 559 1765 630 ἐξη-

1877 556 2153 610 nativitate
2179 551 2519 625 sexagesimo
2544 551 2756 621 quinto.
2798 546 3202 605 Testamentum
3255 563 3436 606 autem

206 664 387 718 κοστόν.
431 658 784 714 Καταλείπει
843 658 899 709 δὲ
952 657 1049 726 τὴν
1096 653 1357 725 διαθήκην
1412 651 1766 724 πρεσϐυτέρῳ

206 757 292 810 τινὶ
327 754 419 825 τὴν
480 752 703 823 Ἀρείου
767 749 969 802 λύσσαν
1031 746 1292 810 νοσοῦντι,
1343 744 1650 817 προστάξας
1690 743 1767 813 τῷ

203 847 447 916 ὁμωνύμῳ
493 842 709 912 ταύτην
759 841 1067 911 ἐγχειρίσαι·
1100 838 1508 907 Κωνσταντίνῳ.
1558 838 1634 889 Δι’
1672 836 1768 888 αὑ-

204 940 283 1007 τῆς
324 937 425 1005 γὰρ
464 935 620 1005 αὑτῷ
674 936 775 987 καὶ
808 936 842 1005 ὴ
874 932 964 986 τοῦ
994 930 1195 1000 πατρὸς
1223 930 1492 1000 βασίλειος
1520 929 1661 999 ἁρχὴ
1688 929 1769 991 είς

205 1032 371 1099 κλῆρον
392 1028 511 1081 ἀντὶ
538 1028 643 1096 τῆς
659 1026 956 1096 Ἑσπερίας
976 1022 1295 1093 ἀφωρίζετο.
1314 1021 1450 1074 Ἀλλ’
1471 1022 1500 1073 ὁ
1520 1022 1768 1083 δείλαιος,

206 1122 383 1175 πολλῶν
410 1119 852 1188 πυνθανομένων
881 1119 928 1170 εί
972 1116 1231 1186 βασιλέως
1267 1113 1498 1184 διαθήκη
1534 1112 1767 1183 προελὴ-

204 1214 326 1276 λυθε,
358 1212 429 1282 μὴ
466 1210 734 1280 γενέσθαι
797 1210 1098 1270 διετείνετο,
1153 1207 1447 1277 συνεργοὺς
1496 1205 1631 1273 ἔχων
1674 1205 1769 1257 τοῦ

204 1303 397 1371 ψεύδους
429 1302 558 1363 τοὺς
593 1299 968 1370 ἀνδρογύνους
997 1297 1299 1366 εὐνούχους.
1333 1297 1467 1348 Μετ’
1496 1295 1674 1362 ὀλίγον
1715 1295 1773 1347 δὲ

203 1394 289 1463 πρὸ
321 1392 419 1445 τῶν
448 1391 631 1445 ἄλλων
685 1389 1086 1460 παραγεγονότι
1134 1385 1493 1456 Κωνσταντίῳ
1532 1384 1630 1455 τὴν
1678 1384 1771 1438 τοῦ

204 1483 435 1551 βασιλέως
467 1481 785 1552 ἐγχειρίζει
816 1480 1077 1550 διαθήκην
1110 1478 1283 1549 λάθρα
1303 1495 1315 1508 ’
1352 1479 1444 1531 καὶ
1460 1478 1618 1547 χάριν
1652 1478 1774 1532 ἀντὶ

202 1575 280 1644 τῆς
307 1572 592 1645 προδοσίας
645 1574 797 1624 αἰτεῖ
839 1574 937 1643 τῆς
970 1572 1240 1643 πατρικῆς
1288 1571 1450 1623 αὑτοῦ
1483 1572 1575 1623 καὶ
1611 1570 1775 1641 ὀρθῆς

202 1668 404 1727 πίστεως
430 1664 531 1734 τὴν
564 1664 892 1736 προδοσίαν.
920 1666 980 1716 Οί
1002 1664 1057 1716 δὲ
1092 1663 1221 1733 περὶ
1243 1663 1524 1727 Εὑσέὄιον,
1555 1664 1777 1731 παρείσ-

200 1755 321 1808 δυσιν
334 1754 414 1807 διὰ
430 1754 522 1808 τοῦ
547 1772 658 1826 πρε
668 1754 838 1807 σϐυτέ
847 1772 935 1825 ρου
958 1754 1091 1825 πρὸς
1108 1754 1480 1807 Κωνστάντιον
1500 1754 1774 1816 λαϐόντες,

1868 648 2142 704 commisit
2170 648 2381 702 cuidam
2416 643 2751 715 presbytero,
2780 644 2871 712 qui
2904 643 3105 698 Ariano
3134 643 3317 699 furore
3355 643 3440 698 ia-

1869 741 2116 804 borabat,
2146 739 2343 807 iubens
2376 749 2434 791 ut
2465 735 2773 805 cognomini
2807 736 2908 789 sibi
2936 735 3292 791 Constantino
3324 747 3437 790 tra-

1868 834 2038 888 deret.
2074 833 2188 898 Quo
2232 832 2335 900 ipsi
2366 833 2537 901 patris
2574 831 2862 899 imperium
2910 830 3028 884 loco
3072 828 3444 885 Occidentalis

1871 920 2081 990 imperii
2154 921 2489 974 tradebatur.
2555 920 2625 975 At
2678 912 2843 974 miser
2897 920 2985 974 ille
3039 918 3441 974 sciscitantibus

1870 1012 2135 1081 plurimis,
2166 1027 2233 1065 an
2279 1012 2574 1082 imperator
2620 1023 3003 1069 testamentum
3038 1012 3279 1077 iecisset,
3332 1029 3437 1066 non

1874 1104 2072 1159 fecisse
2128 1100 2448 1170 aﬂlrmabat,
2484 1116 2673 1161 nactus
2728 1104 2986 1160 mendacii
3035 1104 3310 1173 adjutores
3341 1120 3443 1158 an-

1872 1195 2142 1265 drogynos
2195 1198 2492 1251 eunuchos.
2554 1196 2718 1253 Paulo
2748 1207 2871 1268 post
2916 1209 3096 1252 autem
3132 1197 3439 1252 advenienti

1874 1299 1999 1345 ante
2049 1290 2183 1344 alios
2235 1289 2549 1344 Constantio
2596 1290 2733 1344 clam
2786 1300 3169 1345 testamentum
3226 1290 3442 1345 tradidit

1874 1382 2235 1451 imperatoris,
2268 1397 2331 1436 ac
2375 1381 2430 1435 iu
2458 1380 2774 1451 proditionis
2806 1398 2917 1437 sua:
2957 1381 3282 1443 mercedem,
3312 1396 3442 1452 gra-

1876 1472 2001 1525 tiam
2033 1474 2289 1541 postulat,
2337 1482 2574 1543 paterna:
2622 1473 2830 1528 scilicet
2878 1488 3128 1542 sanaeque
3156 1473 3278 1527 iidei
3317 1489 3442 1543 pro.

1876 1563 2154 1618 ditionem.
2182 1564 2469 1619 Eusebiani
2502 1580 2665 1633 porro
2693 1565 2991 1635 presbyteri
3037 1580 3202 1635 opera
3252 1564 3440 1635 perfuo

1877 1655 2020 1725 gium
2087 1657 2226 1726 apud
2274 1656 2645 1711 Constantium
2698 1657 2903 1726 adepti,
2958 1656 3248 1711 Eusebium
3303 1654 3443 1725 prae-

1874 1747 2132 1816 positum,
2182 1762 2245 1802 ac
2279 1761 2373 1816 per
2415 1762 2537 1802 eum
2580 1746 2713 1802 alios
2765 1746 3070 1813 eunuchos,
3119 1746 3227 1802 imo
3268 1747 3441 1817 ipsam

202 1846 429 1899 Εὑσέόιόν
445 1863 505 1898 τε
531 1846 627 1897 τὸν
655 1846 1041 1917 πραιπόσιτον,
1061 1847 1154 1898 καὶ
1173 1846 1238 1898 δι’
1256 1845 1416 1898 αὑτοῦ
1432 1847 1557 1908 τοὺς
1585 1845 1772 1909 ἄλλους

1878 1843 2277 1913 imperatricem
2326 1843 2393 1897 ad
2442 1844 2709 1898 haereseos
2745 1844 2969 1898 trahunt
3004 1858 3241 1899 amorem
3280 1854 3445 1915 atque

201 1934 471 2004 εὐνούχους,
491 1936 591 1988 καὶ
604 1935 671 2006 δὴ
688 1936 791 1987 καὶ
808 1934 906 2004 τὴν
925 1934 1186 2004 βασιλίδα,
1203 1937 1302 2005 τῆς
1317 1934 1578 2006 αἱρέσεως
1600 1952 1778 2006 παρα-

202 2026 525 2090 σκευάζουσιν
539 2027 565 2077 ἐ
572 2026 814 2098 ραστάς.
834 2025 942 2078 Καὶ
953 2025 1019 2079 τὰ
1034 2026 1240 2096 Ἀρείου
1257 2025 1414 2079 πάλιν
1429 2025 1773 2097 ἐκρατύνετο.

253 2116 296 2168 6.
318 2116 431 2169 Τῶν
478 2116 907 2187 ἀρχιερατικῶν
960 2115 1160 2186 θρόνων
1203 2116 1327 2169 κατ’
1360 2117 1532 2169 ἐκεῖνο
1580 2114 1773 2187 καιροῦ

197 2206 417 2277 Μάξιμος
450 2208 554 2275 μὲν
598 2207 722 2259 τῶν
760 2205 1145 2277 Ἰεροσολύμων
1197 2204 1310 2277 εἶχε
1354 2206 1452 2277 τὴν
1500 2208 1771 2278 ἐφορείαν,

208 2300 527 2371 Ἀλέξανδρος
560 2300 620 2352 δὲ
649 2301 756 2369 τῆς
782 2298 1070 2368 βασιλίδος,
1099 2298 1411 2362 Ἀθανάσιος
1443 2298 1488 2351 δ’
1513 2294 1580 2369 ἦν
1607 2299 1775 2369 ὑπερ-

196 2389 334 2459 όριος,
377 2392 602 2461 ’Ἄρειος
658 2389 743 2453 δὲ,
778 2388 1170 2469 παραγεγονῲς
1228 2392 1285 2442 ἐν
1329 2391 1773 2443 Κωνσταντινουο

197 2477 339 2541 πόλει,
366 2478 463 2550 τὴν
500 2479 601 2532 τοῦ
641 2479 787 2531 Θεοῦ
819 2479 1151 2551 διαφθείρειν
1184 2479 1514 2550 ἐφρυάττετο
1550 2480 1773 2551 Ἐκκλη-

196 2572 311 2624 σίαν.
355 2571 494 2624 Ἀλλ’
525 2574 561 2642 ἡ
606 2571 1000 2642 φιλάνθρωπος
1032 2574 1131 2625 οὑκ
1160 2572 1581 2644 ἐμακροθύμησε
1614 2574 1767 2643 δίκη·

194 2663 362 2724 ταῖςδέ
391 2663 487 2715 τοῦ
522 2662 685 2735 ἱεροῦ
728 2660 1081 2734 Ἀλεξάνδρου
1114 2665 1509 2735 παροξυνθεῖσα
1540 2684 1772 2738 προσευ·

194 2755 311 2821 χιίς,
349 2753 483 2824 αὑτῇ
534 2754 765 2825 αἱρέσει
826 2754 1081 2808 ἐκκόπτει
1118 2755 1208 2807 τὸν
1255 2758 1494 2829 Ἀρειον,
1541 2758 1771 2812 καὶτῶν

196 2843 488 2915 σπλάγχνων
534 2845 717 2900 αὑτοῦ
757 2845 957 2917 ἀθρόον
988 2847 1351 2901 διαπεσόντων
1382 2850 1645 2915 κάτωθεν,
1673 2851 1771 2921 τῆς

192 2932 311 3006 ζωῆς
344 2938 748 2992 ἀπελαύνεται.
792 2938 1003 3009 Μικρὸν
1034 2939 1089 2992 δὲ
1118 2939 1223 2994 τῶν
1246 2940 1307 3005 ἐξ
1339 2941 1543 3013 Ἀρείου
1573 2942 1770 3012 ἐφησυ-

192 3030 464 3096 γασάντων,
498 3027 675 3092 αὖθις
701 3030 923 3083 ἅπαντα
956 3030 1185 3095 κινοῦσι,
1206 3031 1267 3083 τὸ
1294 3031 1581 3103 ὑπερόριον
1622 3033 1769 3087 Ἀθα-

192 3121 350 3175 νασίου
398 3123 550 3193 μέγα
600 3122 778 3176 ὅπλον
806 3123 990 3185 αὑτοῖς
1032 3123 1113 3185 είς
1153 3122 1214 3176 τὸ
1242 3124 1696 3195 καταπράξασθαι
1734 3126 1769 3180 ἃ

1879 1932 2262 2003 patrocinium.
2295 1931 2431 1988 Tum
2457 1931 2671 1987 Ariantc
2704 1947 2792 1987 res
2820 1933 3128 1988 ﬁrmitatem
3158 1948 3441 2005 accepere.

1946 2117 2001 2170 6.
2044 2113 2547 2185 Arcbiepiscopales
2578 2122 2760 2169 autem
2794 2114 3018 2171 thronos
3056 2123 3165 2170 tum
3198 2115 3251 2171 hi
3279 2130 3445 2172 occu-

1875 2208 2096 2277 pabant,
2139 2207 2404 2261 Maximus
2437 2204 2973 2276 Jerosolymitanum,
3002 2205 3307 2261 Alexander
3334 2207 3441 2260 im-

1875 2296 2158 2367 peratoriae
2189 2297 2363 2361 urbis,
2396 2296 2728 2351 Athanasius
2758 2310 2888 2351 vero
2918 2295 3072 2351 exsul
3101 2304 3238 2350 erat.
3276 2295 3446 2352 Arius

1874 2404 2002 2445 vero
2027 2404 2147 2445 cum
2178 2388 2703 2460 Constantinopolim
2749 2389 3015 2456 venisset,
3053 2390 3324 2445 desiderio
3351 2390 3439 2446 in-

1874 2482 2140 2538 fremebat
2192 2480 2581 2537 labefactandae
2625 2481 2718 2536 Dei
2770 2480 3045 2536 Ecclesiaz.
3102 2481 3208 2536 Sed
3258 2480 3440 2537 divina

1874 2578 2009 2633 ultio
2052 2593 2166 2633 rem
2216 2592 2319 2633 non
2368 2576 2506 2630 ultra
2541 2574 2785 2630 toleravit
2825 2591 2838 2627 :
2876 2574 3235 2645 precibusque
3269 2575 3440 2629 sancti

1874 2668 2169 2723 Alexandri
2204 2674 2500 2731 commota,
2537 2666 2774 2722 haeresin
2806 2666 2936 2720 Ario
2982 2666 3179 2733 privat,
3218 2666 3310 2735 qui
3357 2667 3442 2719 vi-

1872 2760 2116 2814 sceribus
2153 2758 2338 2813 effusis
2367 2758 2662 2813 exstinctus
2688 2767 2791 2814 est.
2816 2757 2950 2813 Cum
2978 2768 3156 2815 autem
3184 2768 3303 2830 post
3330 2760 3443 2814 haec

1873 2868 2061 2921 parum
2112 2851 2554 2921 couqttievissent
2588 2851 2795 2916 Ariani,
2846 2853 3028 2907 omnia
3073 2853 3249 2908 denuo
3288 2869 3442 2910 com-

1873 2953 2175 3011 moverunt,
2208 2944 2308 2997 rati
2336 2958 2530 3012 magno
2564 2942 2662 2998 sibi
2697 2942 2813 2999 fore
2845 2944 2952 2999 telo
2979 2945 3259 3000 Athanasii
3290 2947 3441 3001 exsi-

1872 3036 2003 3089 lium
2034 3035 2099 3089 ad
2133 3034 2313 3088 omnia
2357 3048 2455 3102 pro
2495 3032 2719 3088 libidine
2765 3035 3090 3103 peragenda.
3125 3033 3324 3091 Verum
3352 3037 3442 3091 di-

1870 3125 1992 3179 vina
2050 3123 2383 3191 providentia
2448 3132 2698 3177 conatum
2768 3124 3162 3193 praeoccupavit
3227 3140 3439 3193 eorum,

190 3209 483 3278 διενοοῦντο,
537 3214 897 3284 νομίζοντες.
936 3213 1068 3266 Ἀλλ’
1093 3216 1126 3283 ή
1148 3213 1267 3269 θεία
1291 3216 1518 3286 πρόνοια
1549 3218 1645 3289 τὴν
1668 3218 1733 3271 αὑ
1750 3248 1766 3258 -

1877 3215 2335 3283 Athanasinmque
2368 3213 2437 3266 ab
2464 3212 2653 3267 exsilio
2688 3213 2922 3277 reduxit,
2954 3213 3147 3269 litteris
3176 3216 3440 3270 munitum

188 3301 279 3355 τῶν
298 3303 527 3378 σπουδὴν
558 3304 985 3376 προφθάνουσα,
1028 3304 1343 3359 Ἀθανάσιον
1384 3309 1644 3377 ἐπανάγει
1670 3310 1787 3387 τῆςὶ

190 3393 461 3465 ὑπερορίας
516 3396 868 3467 γράμμασιν
907 3395 1266 3467 ὠχυρωμένον
1310 3396 1635 3466 βασιλικοῖς’
1687 3393 1768 3461 οἷς

190 3483 328 3538 αὑτὸν
350 3486 377 3537 ὁ
398 3486 503 3556 τῆς
532 3486 759 3548 δύσεως
796 3484 936 3554 ἔχων
977 3485 1037 3537 τὸ
1066 3486 1342 3557 σκῆπτρον
1364 3486 1624 3551 Κώνστας
1645 3489 1769 3557 ἐφο-

190 3576 361 3641 δῷων
408 3581 490 3643 είς
545 3577 975 3648 Ἀλεξάνδρειαν
1024 3577 1391 3641 ἐξαπέστειλε.
1440 3581 1547 3633 Καὶ
1580 3581 1770 3652 ἥδιστα

192 3668 275 3737 μὲν
298 3670 383 3723 τὸν
432 3670 688 3741 ποιμένα
727 3669 847 3721 ὅσοι
869 3668 966 3738 τῆς
990 3667 1295 3738 ὀρθοδοξίας
1324 3665 1462 3741 ἦσαν
1493 3672 1732 3743 ἐδέχοντο
1750 3688 1763 3703 ·

188 3761 237 3813 τὸ
258 3762 576 3832 δἀίρετίζον
619 3761 849 3822 στάσεις
875 3760 1128 3823 ἀνεκίνει,
1158 3760 1253 3814 καὶ
1296 3765 1409 3826 τοῖς
1454 3765 1580 3834 περὶ
1604 3763 1771 3817 Εὐσέ-

191 3850 284 3905 6ιον
311 3855 573 3926 ἀφορμὰς
604 3854 880 3923 παρεῖχον
909 3852 1266 3908 ἐνδιαϐάλλειν
1293 3854 1452 3908 πάλιν
1480 3856 1570 3910 τὸν
1610 3857 1768 3911 Ἀθα-

189 3947 347 4000 vitam
378 3950 522 4021 πρὸς
573 3946 995 4010 Κωνστάντιον,
1054 3948 1146 4000 καὶ
1171 3946 1423 4001 τοσοῦτον
1451 3951 1571 4012 ταῖς
1591 3949 1770 4002 διαϐο-

189 4036 288 4101 λαῖς
317 4041 394 4103 είς
423 4041 610 4113 ὀργὴν
638 4040 735 4093 τὸν
760 4037 1075 4108 εὑρίπιστον
1103 4040 1480 4109 ἁνερῤίπισαν,
1514 4040 1588 4103 ὡς
1617 4040 1767 4093 αὑτί-

190 4147 248 4182 κα
270 4132 422 4187 πάλιν
450 4130 772 4201 ὑπερορίαν
800 4126 943 4180 κατὰ
973 4126 1065 4180 τοῦ
1092 4128 1245 4195 ἁγίου
1279 4128 1633 4199 ψηφίσασθαι.
1667 4121 1771 4181 Οὑ-

189 4238 273 4285 τοι,
300 4225 391 4278 καὶ
428 4222 644 4296 νεκροῦ
695 4236 850 4282 τινος
892 4221 1047 4290 χεῖρα
1099 4220 1179 4283 είς
1209 4218 1370 4273 ὅπλον
1414 4221 1770 4286 συκοφαντίας

188 4319 309 4370 κατὰ
330 4318 419 4371 τοῦ
448 4319 607 4371 ὁσίου
631 4313 994 4383 ἐκκόψαντες,
1023 4312 1454 4379 καθωπλίσαντο,
1497 4312 1768 4384 Ἀρσενίου

189 4405 235 4458 δὲ
260 4410 457 4479 ταύτην
490 4408 781 4479 ἐφήμιζον
806 4446 818 4466 ,
856 4404 950 4457 καὶ
985 4404 1091 4458 ἀπὸ
1132 4404 1446 4459 Ἀθανασίου
1482 4405 1579 4475 μὲν
1617 4405 1771 4459 ἐκκό-

188 4498 297 4565 ςθαι
319 4501 412 4571 (τι),
426 4496 573 4553 εἶναι
596 4499 658 4551 δέ
675 4495 835 4567 αὑτῷ
850 4495 1051 4565 ταύτην
1069 4497 1304 4566 μαγικῆς
1316 4496 1508 4567 τέχνης
1524 4496 1765 4567 ὄργανον.

1877 3304 2238 3375 imperatoriis
2272 3321 2285 3357 :
2321 3301 2515 3370 quibus
2558 3317 2679 3356 eum
2707 3301 2972 3358 Constans
3010 3303 3439 3360 Occidentalium

1876 3397 2108 3467 partium
2140 3396 2456 3463 imperator,
2481 3408 2579 3447 ceu
2605 3393 2799 3447 viatico
2825 3393 3057 3461 quodam
3089 3395 3441 3465 instructum,

1877 3490 2083 3545 remisit
2123 3488 2523 3543 Alexandriam.
2571 3485 2706 3540 Tum
2774 3499 3043 3556 pastorem
3084 3504 3238 3544 suum
3282 3500 3443 3561 quot-

1877 3590 2010 3651 quot
2037 3589 2181 3634 sanm
2209 3578 2329 3632 ﬁdei
2357 3586 2532 3643 erant,
2565 3575 2917 3631 libentissime
2948 3588 3297 3648 receperunt,
3335 3580 3444 3635 ha:-

1878 3672 2030 3726 retici
2062 3680 2240 3725 autem
2283 3669 2575 3724 seditiones
2622 3667 2947 3733 excitarunt,
2980 3683 3043 3723 ac
3080 3669 3314 3724 Eusebio
3343 3685 3410 3725 oc
3431 3701 3443 3709 -

1878 3763 2148 3819 casionem
2201 3762 2484 3829 dederunt,
2536 3767 2594 3815 ut
2653 3762 3003 3816 Athanasium
3056 3777 3243 3817 rursus
3300 3765 3442 3833 apud

1875 3854 2251 3910 Constantium
2297 3852 2744 3918 calumniaretur,
2786 3862 2947 3923 atque
3000 3852 3283 3909 calumniis
3331 3855 3444 3908 suis

1879 3945 2209 4001 levissimum
2264 3944 2532 3999 hominem
2574 3944 2650 3998 ita
2705 3945 2756 3998 in
2809 3945 2942 3998 iram
2979 3945 3339 4013 concitarunt,
3386 3958 3447 4000 ut

1879 4046 2120 4092 sanctum
2158 4037 2349 4090 iterum
2384 4034 2575 4090 exsilio
2602 4037 2899 4090 damnaret.
2936 4036 2997 4090 lli
3040 4038 3234 4093 mortui
3264 4036 3445 4106 cujus-

1880 4129 2000 4182 dam
2079 4142 2238 4180 manu
2290 4126 2551 4189 abscissa,
2597 4140 2715 4179 eam
2763 4125 2917 4193 quasi
2972 4125 3135 4181 telum
3189 4129 3447 4184 adversus

1879 4228 2121 4274 sanctum
2161 4218 2331 4271 virum
2360 4217 2427 4272 ad
2458 4217 2785 4273 calumniam
2809 4220 3101 4288 protulere,
3130 4234 3290 4289 quam
3329 4236 3445 4275 ma-

1883 4325 2010 4364 num
2042 4308 2293 4364 dicebant
2327 4308 2536 4362 Arsenii
2573 4322 2714 4375 esse,
2755 4318 2810 4364 et
2841 4310 2908 4365 ab
2945 4311 3241 4366 Athanasio
3271 4311 3449 4367 abcis-

1880 4415 2018 4465 sam,
2052 4399 2270 4453 aiebant
2301 4411 2420 4451 esse
2449 4397 2668 4466 magicae
2701 4399 2835 4452 artis
2874 4398 3306 4452 instrumentum.
3347 4399 3449 4453 Dc-

1883 4503 2088 4548 cretum
2124 4505 2284 4560 porro
2310 4490 2482 4544 exsilii
2519 4504 2855 4559 nequaquam
2886 4490 3119 4545 solutum
3163 4489 3301 4543 fuit:
3352 4492 3447 4546 sed

189 4592 281 4643 Kal.
309 4597 339 4663 ἡ
365 4595 464 4663 μὲν
499 4595 610 4663 τῆς
648 4589 957 4661 ὑπερορίας
970 4590 1148 4659 ψῆφος
1169 4590 1227 4641 οὑ
1252 4588 1466 4642 λύεται·
1502 4589 1772 4659 συνέδριον

1877 4585 2025 4653 jussu
2074 4582 2413 4652 imperatoris
2457 4580 2739 4635 concilium
2773 4580 2901 4651 Tyri
2948 4582 3185 4651 cogitur:
3223 4584 3445 4637 manda-

186 4677 231 4732 δέ
253 4683 304 4733 ἐν
332 4680 521 4753 Τύρῳ,
559 4678 842 4751 βασιλέως
875 4679 1314 4747 προστάττοντος,
1349 4677 1773 4747 συναθροίζεταιο

189 4772 267 4823 καὶ
297 4774 723 4846 προχειρίζεται
766 4770 830 4822 τὸ
857 4768 1127 4839 βασιλικὸν
1156 4768 1400 4838 βούλημα
1456 4768 1621 4839 ἄνδρα
1655 4785 1777 4821 συν⁹

190 4862 345 4918 ἐστιον
369 4867 467 4919 καὶ
513 4864 815 4935 ὁμόφρονα
850 4858 1136 4930 Ἀρχέλαον
1163 4857 1350 4929 ὄνομα,
1383 4860 1477 4912 καὶ
1508 4861 1602 4913 σὺν
1631 4858 1777 4929 αὑτῷ

186 4958 262 5011 τὸν
294 4960 562 5030 Φοινίκης
610 4957 861 5027 ἄρχοντα
899 4954 1243 5026 συνεδριάσαι
1275 4969 1335 5004 τε
1372 4954 1483 5014 τοῖς
1518 4951 1645 5022 περὶ
1672 4952 1777 5004 Εὑ-

189 5050 365 5117 σέόιον,
394 5051 496 5105 καὶ
532 5044 1048 5113 συνδιασκέψασθαι
1081 5043 1117 5098 ἃ
1157 5042 1297 5098 κατὰ
1321 5042 1412 5095 τοῦ
1461 5041 1776 5095 Ἀθανασίου

189 5145 603 5197 συνεσκεύαστο.
644 5136 958 5210 Ἐχρόνιζον
988 5131 1079 5189 οὖν
1108 5137 1173 5188 ηοί
1203 5137 1260 5188 ἐν
1286 5134 1466 5205 Τύρῳ,
1497 5133 1572 5197 ὡς
1606 5133 1703 5204 μὲν
1728 5133 1777 5185 οἱ

185 5233 450 5299 δυσσεϐεῖς
485 5232 864 5291 ἐπλάττοντο,
901 5228 1023 5290 τοὺς
1052 5227 1158 5280 ἀπὸ
1204 5224 1605 5295 Ἀλεξανδρείας
1656 5240 1779 5276 κατ⁹

186 5330 402 5398 ηγόρους
427 5324 835 5395 ἀναμένοντες,
869 5318 962 5379 οὓς
1004 5319 1096 5372 καὶ
1123 5316 1217 5371 τοῦ
1255 5316 1452 5388 μύσους
1485 5316 1775 5380 αὑτόπτας,

187 5418 266 5470 καὶ
302 5418 393 5470 τὸν
431 5415 731 5488 Ἀρσένιον
782 5408 965 5472 καλῶς
1005 5407 1386 5476 ἐπιγινώσκειν
1435 5406 1773 5476 διήγγελλον·

186 5506 249 5570 ὡς
273 5510 326 5561 δὲ
350 5510 413 5562 τὸ
438 5505 763 5576 ἐκϐεὸηκὸς
792 5499 982 5567 ἔδειξε,
1013 5500 1153 5554 κατὰ
1190 5499 1339 5554 θείαν
1365 5499 1636 5570 πρόνοιαν.
1670 5494 1777 5550 Ἦν

187 5598 274 5667 μὲν
298 5602 407 5672 γὰρ
429 5602 460 5653 ὁ
512 5599 810 5671 Ἀρσένιος
843 5593 943 5663 τῆς
972 5596 1028 5646 ἐν
1074 5590 1449 5663 Ἀλεξανδρείᾳ
1484 5589 1777 5661 ἐκκλησίας

184 5690 556 5763 ἀναγνώστης,
589 5690 691 5745 καί
732 5701 868 5738 ποτε
904 5683 1058 5753 δίκην
1091 5684 1324 5754 αἰσχρᾶς
1358 5681 1534 5745 αἰτίας
1571 5680 1776 5752 μέλλων

184 5781 417 5856 ὑπέχειν,
478 5781 863 5857 ἐξαρπὰζεται
911 5779 1005 5849 μὲν
1039 5777 1143 5831 ὑπὸ
1178 5775 1514 5840 Ἀθανασίου,
1555 5774 1784 5848 δρασμῷ

233 5901 308 5968 (α)
349 5900 468 5962 Sic,
512 5917 615 5975 pro
646 5892 1011 5965 ἐκκεκόφθαι.
1044 5891 1201 5946 Eutr.
1232 5887 1474 5944 PATROL.

1882 4686 2100 4743 tumque
2139 4670 2545 4741 imperatorium
2592 4669 2843 4736 traditur,
2886 4680 2944 4724 ut
2983 4671 3301 4736 Archelaus,
3352 4674 3443 4742 qui

1879 4769 2066 4821 eadem
2101 4767 2153 4819 in
2195 4763 2354 4818 domo
2385 4762 2681 4827 habitabat,
2717 4777 2780 4817 ac
2824 4776 2945 4817 cum
2988 4762 3119 4832 ipsis
3158 4764 3444 4831 sentiebat,

1880 4874 1983 4914 una
2013 4872 2134 4913 cum
2169 4856 2451 4911 Phoenices
2486 4854 2741 4926 praefecto
2774 4855 3093 4911 Eusebianis
3122 4857 3445 4925 assiderent,

1880 4960 1933 5006 et
1967 4966 2072 5005 una
2108 4950 2484 5004 examinarent
2514 4963 2577 5004 ea
2638 4963 2754 5018 quae
2787 4949 3045 5005 adversus
3086 4950 3446 5005 Athanasium

1880 5039 2107 5095 conficta
2148 5040 2381 5095 fuerant.
2427 5036 2630 5093 Moram
2669 5038 2852 5108 itaque
2885 5040 3172 5095 trahebant
3202 5042 3289 5110 qui
3316 5040 3443 5113 Tyri

1881 5133 2154 5195 sedebant,
2209 5132 2362 5202 quasi
2415 5130 2739 5186 Alexandria
2787 5142 3044 5189 venturos
3104 5142 3448 5189 accusatores

1880 5232 2276 5294 exspectarent,
2309 5238 2443 5292 quos
2473 5223 2716 5279 oculatos
2747 5239 2865 5279 esse
2889 5224 3110 5280 sceleris
3140 5234 3329 5287 testes,
3362 5234 3446 5277 at-

1881 5332 1987 5387 que
2017 5317 2301 5373 Arsenium
2330 5316 2495 5386 probe
2523 5331 2680 5371 nosse
2707 5316 3025 5371 nuntiabant
3054 5332 3069 5370 :
3095 5323 3152 5368 ut
3178 5321 3355 5368 autem
3380 5327 3447 5368 ex

1880 5417 2072 5464 eventu
2123 5410 2295 5479 palam
2342 5408 2466 5472 fuit,
2511 5409 2691 5463 divina
2742 5407 3078 5478 providentia
3119 5406 3193 5459 ita
3229 5405 3449 5472 dispen-
3510 5425 3515 5433 ι

1881 5508 2054 5557 sante.
2114 5500 2242 5554 Erat
2281 5500 2424 5554 enim
2468 5499 2732 5554 Arsenius
2773 5495 3149 5552 Alexandrinae
3191 5493 3449 5550 Ecclesia

1880 5592 2072 5658 lector,
2098 5592 2187 5662 qui
2214 5606 2336 5646 cum
2369 5593 2536 5661 turpis
2563 5590 2783 5646 sceleris
2811 5604 2997 5658 poenas
3026 5590 3250 5642 daturus
3276 5599 3444 5652 esset,

1882 5684 1951 5738 ab
1982 5684 2281 5738 Athanasio
2311 5691 2529 5750 ereptus
2557 5681 2731 5735 fuerat
2763 5691 2817 5734 et
2845 5678 2964 5749 fuga
3020 5678 3313 5749 quaesierat
3343 5679 3446 5734 sibi

1881 5775 2130 5832 salutem.
2158 5774 2399 5845 Cumque
2430 5771 2651 5845 perfuga
2686 5771 2775 5828 ille
2826 5770 3036 5839 lateret,
3074 5771 3199 5827 hinc
3242 5770 3445 5828 calum-
