3990 6514
517 481 671 532 cchI

1863 457 2396 518 PROLEGOMENA.

477 637 491 647 .
515 587 700 646 niandi
738 583 959 640 audacia
991 582 1171 652 impiis
1201 578 1447 635 accessit.
1480 578 1586 633 Sed
1615 577 2082 633 commiseratione

2192 572 2239 626 δὲ
2261 571 2359 641 τὴν
2404 569 2676 642 σωτηρίαν
2707 569 3029 641 καρποῦται.
3068 571 3176 625 Καὶ
3203 571 3264 625 τὸ
3298 571 3500 643 ἀφανὲς
3535 572 3630 627 τοῦ
3662 589 3761 645 φυ-

517 684 714 738 ductus
759 677 1022 733 Arsenius
1074 689 1200 744 erga
1246 673 1590 729 liberatorem
1643 686 1801 726 suum
1845 671 1936 742 (lin
1993 668 2082 724 illa

517 776 661 832 enim
689 771 905 828 concilii
935 771 1274 826 cunctatione
1300 767 1666 838 sycophantiae
1713 766 1854 819 fama
1885 765 2084 834 ubique

517 873 813 937 pervagata
848 871 930 918 est
953 865 993 932 ),
1043 862 1243 934 Tyrum
1273 860 1552 926 concedit;
1589 867 1740 912 ratus
1776 856 1875 912 sibi
1907 857 2083 926 potius

516 957 856 1014 moriendum
904 968 1044 1019 esse,
1076 968 1234 1023 quam
1270 954 1351 1007 sui
1394 967 1555 1008 causa
1586 951 1729 1005 circa
1762 957 1969 1003 tantum
2003 948 2084 1000 vi-

514 1061 640 1102 rum
677 1055 850 1101 totum
892 1045 1077 1100 orbem
1126 1041 1515 1106 scandalizari;
1556 1039 1854 1093 Athanasio
1902 1046 2081 1090 autem

517 1145 729 1191 secreto
756 1150 814 1190 se
845 1135 1007 1198 sistit,
1040 1147 1102 1188 ac
1133 1131 1412 1187 consilium
1460 1133 1526 1186 ab
1555 1145 1618 1185 eo
1649 1127 1843 1199 accipit
1869 1133 1927 1182 ut
1959 1135 2085 1182 ante

513 1227 776 1299 judicium
811 1225 1056 1281 omnibus
1079 1224 1292 1288 lateret,
1324 1237 1390 1277 ne
1423 1222 1548 1292 quid
1578 1223 1690 1292 ipse
1721 1220 1844 1275 mali
1873 1233 1902 1273 a
1929 1231 2084 1289 syco-

517 1319 732 1389 phantis
758 1325 1055 1386 pateretur,
1077 1326 1130 1370 et
1150 1326 1210 1370 ut
1231 1323 1516 1385 conspecta
1540 1313 1819 1368 calumniae
1841 1310 2084 1366 confictzn

519 1410 803 1466 manifesta
862 1409 1251 1474 confutatione,
1321 1408 1724 1464 accusationem
1786 1400 2084 1460 adversarii

519 1501 849 1558 desererent.

589 1778 643 1831 7.
684 1777 991 1833 Cnnvocato
1027 1777 1208 1844 itaque
1231 1775 1479 1836 concilio,
1509 1773 1740 1842 primam
1772 1770 1848 1826 illi
1879 1769 2084 1825 calum-

518 1868 664 1923 niam
692 1869 959 1922 intentant
986 1867 1228 1921 mulieris
1251 1867 1314 1919 de
1341 1874 1528 1934 stupro
1545 1862 1724 1917 oblato
1747 1861 2075 1916 accusantis.

2183 660 2344 729 γάδος
2375 661 2595 732 θαρῤεῖν
2616 659 2693 730 τῷ
2722 660 2998 730 πλάσματι
3023 663 3144 727 τοὺς
3165 663 3439 727 δυσσεϐεῖς
3455 663 3764 720 ὑπετίθετο.

2196 753 2334 806 Ἀλλ’
2360 750 2538 804 οἶκτον
2569 751 2747 806 λαϐὼν
2774 751 2866 804 τοῦ
2900 753 3142 823 σωτῆρος
3167 756 3195 808 6
3238 754 3512 825 Ἀρσένιος
3555 753 3634 825 (ὲν
3655 754 3767 827 γάρ

2181 846 2261 915 τῷ
2296 845 2575 916 βραδύνειν
2611 845 2674 897 τὸ
2701 844 2973 915 συνέδριον
3012 846 3046 916 ἡ
3074 847 3170 918 τῆς
3205 845 3570 914 συκοφαντίας
3607 847 3768 917 φήμη

2183 935 2454 1005 πανταχοῦ
2505 934 2804 1006 διέδραμε),
2849 934 2984 1005 πρὸς
3019 937 3116 1008 τὴν
3166 935 3337 1006 Τύρον
3377 936 3764 1006 παραγίνεται,

2183 1026 2434 1095 κρεῖσσον
2469 1023 2814 1094 λογιζόμενος
2859 1025 2906 1076 εί
2933 1024 3038 1077 δέοι
3079 1024 3238 1078 αὐτὸν
3276 1025 3370 1078 καὶ
3416 1025 3693 1090 τεθνάναι,
3733 1025 3765 1095 ἥ

2183 1117 2248 1170 δι’
2266 1116 2425 1169 αὑτὸν
2445 1115 2543 1186 τὴν
2563 1116 2884 1189 οἰκουμένην
2907 1135 2972 1170 πε
2982 1119 3033 1189 pl.
3058 1116 3372 1187 τηλικούτου
3393 1115 3588 1188 ἀνδρὸς
3613 1133 3768 1170 σκαν-

2182 1205 2508 1270 δαλίζεσθαι.
2541 1206 2924 1277 Ἐμφανίζεται
2939 1208 3000 1278 δὴ
3020 1207 3158 1262 κατά
3178 1209 3441 1279 μυστικὴν
3459 1207 3768 1280 ὁμιλίαντῷ

2185 1297 2467 1368 σεϐασμίῳ
2505 1296 2826 1367 Ἀθανασίῳ,
2870 1299 2966 1350 καὶ
3011 1297 3222 1368 δέχεται
3260 1298 3452 1370 βουλὴν
3481 1299 3769 1354 λανθάνειν

2185 1386 2392 1451 πάντας
2427 1386 2533 1458 πρὸ
2559 1387 2659 1455 τῆς
2697 1387 2883 1456 δίκηςο
2916 1387 3003 1440 ἴνα
3038 1387 3110 1457 μή
3141 1405 3193 1440 τι
3231 1389 3400 1444 κακὸν
3430 1389 3592 1452 αὐτὸς
3616 1389 3771 1460 παρά

2183 1479 2292 1532 τῶν
2329 1478 2678 1547 συκοφαντῶν
2736 1477 2919 1543 πάθοι,
2965 1478 2998 1548 ἢ
3029 1478 3119 1531 τὸν
3153 1478 3369 1549 ἔλεγχον
3403 1479 3644 1548 ἄφυκτον
3675 1478 3769 1534 τοῦ

2184 1570 2460 1640 δράματος
2489 1569 2789 1632 συνιδόντες
2831 1571 2911 1632 εἰς
2956 1568 3247 1639 ὑπέρθεσιν
3285 1570 3344 1623 τὸ
3373 1570 3631 1642 ἔγκλημα
3656 1570 3771 1624 δια-

2185 1656 2247 1710 λύ
2256 1674 2438 1710 σωσιν.

2256 1748 2306 1801 7.
2371 1746 2735 1818 Ἀθροίζουσιν
2781 1742 2872 1800 οὗν
2930 1747 2991 1800 τὸ
3047 1748 3354 1820 συνέδριον·
3411 1752 3507 1804 καὶ
3571 1753 3770 1825 πρώτη

2187 1834 2538 1904 συκοφαντία,
2589 1835 2807 1904 γύναιον
2855 1834 3003 1908 αὐτῷ
3051 1837 3601 1910 ἐπαφιᾶσιίμοιχείαν
3631 1843 3768 1896 ἀνα-

517 1957 797 2015 Clamabat
826 1973 987 2027 porro
1014 1957 1295 2027 impudens
1325 1953 1660 2019 muliercula,
1692 1952 1791 2006 sibi
1821 1961 1986 2006 noctu
2019 1951 2084 2004 ab

2192 1927 2541 1998 καλούμενον.
2573 1927 2730 1980 Ἐϐόα
2758 1927 2814 1980 δὲ
2841 1927 2902 1980 τὸ
2928 1928 3136 1991 ἀναιδὲς
3166 1931 3338 1982 ἐκεῖνο
3365 1933 3459 1985 καὶ
3496 1933 3776 2004 μεμισθω-

516 2052 854 2118 irrumpente
893 2049 1187 2101 Athanasio
1225 2045 1411 2100 vitium
1449 2044 1687 2098 oblatum
1719 2041 1906 2097 fuisse.
1937 2042 2082 2096 Ade-

515 2148 602 2195 rat
627 2154 791 2209 porro
823 2137 894 2192 illi
930 2137 1251 2208 virginitatis
1279 2134 1504 2190 amatori
1535 2143 1590 2188 et
1623 2133 1939 2186 Timotheus
1967 2129 2084 2198 ejus

514 2232 820 2302 presbyter,
851 2243 1061 2298 unaque
1085 2229 1370 2284 consilium
1400 2223 2080 2293 ineuntsapientissimum,

516 2325 627 2379 imo
664 2337 695 2376 a
743 2321 853 2376 Deo
891 2321 1006 2390 ipso
1050 2319 1394 2388 inspiratum,
1440 2331 1548 2386 quo
1594 2315 1748 2369 mala:
1797 2314 2081 2384 impiorum

518 2423 685 2478 artes,
709 2412 869 2467 facile
891 2409 1179 2467 confutatae
1203 2409 1400 2463 forent.
1419 2406 1552 2463 Cum
1579 2406 1721 2460 enim
1749 2419 1935 2460 coram
1966 2418 2085 2458 mu-

518 2505 655 2560 liere
698 2503 914 2559 adducti
959 2510 1160 2565 essent,
1212 2500 1300 2570 qui
1349 2505 1636 2553 accusatus
1681 2496 1854 2550 fuerat
1903 2495 2084 2564 quiete

521 2598 689 2650 Deum
738 2592 1082 2662 precabatur.
1134 2588 1450 2644 Timotheus
1491 2595 1694 2650 autem,
1748 2584 1953 2638 furiosa
1995 2583 2083 2636 illa

521 2685 748 2740 muliere
798 2681 1136 2748 impudenter
1191 2687 1403 2750 agente,
1457 2684 1512 2731 et
1563 2674 1940 2739 Athanasium,
2005 2673 2084 2728 uti

521 2777 712 2832 edocta
753 2773 952 2837 fuerat,
992 2776 1360 2838 eorruptorem
1394 2776 1657 2833 vocante;
1694 2767 1805 2831 ille,
1839 2766 2082 2834 inquam,

521 2869 824 2942 presbyter,
855 2865 1006 2934 quasi
1039 2863 1367 2918 Athanasius
1399 2862 1514 2930 ipse
1557 2859 1766 2924 fuisset,
1799 2857 1896 2912 Dic
1929 2856 2083 2920 mihi,

522 2961 718 3031 inquit,
747 2957 961 3022 mulier,
983 2969 1148 3026 egone
1166 2953 1309 3022 apud
1337 2962 1387 3007 te
1413 2951 1618 3005 mansi?
1641 2959 1729 3002 aut
1754 2957 1808 3003 tu
1833 2963 1918 3002 me
1939 2947 2084 3001 domi

522 3051 805 3121 excepisti,
845 3064 912 3104 an
958 3056 1118 3102 noctu
1167 3055 1218 3100 te
1245 3042 1486 3098 violavi?
1518 3041 1630 3107 llla,
1661 3047 1847 3110 utpote
1884 3053 1951 3094 ex
1987 3053 2086 3107 pu-

520 3146 666 3201 blico
713 3140 959 3212 lupanari
991 3137 1203 3203 mulier,
1239 3136 1552 3206 impudente
1590 3133 1762 3198 vultu,
1807 3131 2086 3199 oculisque

522 3233 590 3286 ad
621 3229 959 3284 Timotheum
1004 3225 1258 3282 intentis:
1297 3225 1374 3278 Tu
1412 3239 1493 3290 es,
1526 3221 1814 3288 exclamat,
1853 3221 1944 3292 qui
1977 3221 2083 3274 vim

424 3302 437 3316 ⁸
523 3324 654 3378 mihi
689 3321 936 3387 intulisti,
975 3333 1170 3390 meque
1201 3327 1363 3371 noctu
1399 3314 1710 3384 corrupisti.
1743 3313 1809 3368 Et
1845 3313 1912 3367 ad
1942 3311 2086 3381 judi-

521 3431 615 3471 ccs
639 3427 922 3475 conversa,
955 3409 1238 3465 calumniis
1263 3407 1373 3462 suis
1401 3407 1671 3461 horrenda
1709 3405 1904 3474 adjecit
1927 3405 2080 3473 jura-

523 3516 726 3570 nlenta,
779 3505 1230 3571 Timotheumque
1263 3501 1431 3570 digito
1475 3500 1786 3565 ostendens,
1831 3498 2090 3566 illumque

525 3598 746 3652 trahens
788 3595 997 3650 dicebat
1043 3611 1056 3647 :
1109 3594 1158 3647 Is
1201 3601 1303 3657 est,
1354 3601 1408 3646 et
1456 3607 1561 3646 non
1607 3592 1766 3654 alius,
1808 3599 2090 3658 corruptor

525 3702 695 3742 meus.
730 3685 944 3741 Judices
970 3698 1131 3754 porro
1165 3698 1286 3739 cum
1337 3681 1660 3737 satellitibus
1690 3681 1888 3747 ridere,
1917 3681 2088 3736 Atha-

524 3777 769 3846 nasiique
796 3775 1136 3844 prudentiam
1174 3775 1380 3839 mirari,
1418 3775 1558 3843 quod
1593 3773 1675 3829 vel
1707 3772 1893 3840 silens,
1925 3787 2088 3828 accu-

525 3867 788 3921 sationem
817 3875 1004 3920 contra
1049 3881 1108 3920 se
1143 3864 1459 3919 intentatam
1493 3864 1546 3919 in
1581 3874 1927 3921 accusatores
1968 3880 2089 3920 ver-

525 3969 665 4018 tens.
703 3958 1199 4026 impudentissimos
1243 3972 1360 4013 esse
1388 3959 1750 4028 sycophantas
1787 3957 1964 4028 palam
2014 3955 2090 4014 fe-

523 4051 712 4104 cisset.
767 4050 837 4102 At
887 4049 960 4103 illi
998 4064 1334 4119 nequaquam
1379 4050 1651 4120 resipuere
1689 4043 2087 4120 nec’majorem

525 4140 665 4210 aequi
710 4141 942 4211 bonique
978 4142 1218 4197 habuere
1241 4155 1449 4196 curam.
1503 4144 1863 4198 Accusatores
1901 4144 2087 4214 igitur,

526 4249 668 4303 quos
722 4234 994 4305 ingemere
1029 4235 1330 4304 oportebat,
1380 4245 1436 4290 et
1473 4235 1658 4303 gratia:
1701 4235 1818 4290 loco
1861 4235 2088 4300 habere,

519 4327 669 4397 quod
695 4325 1060 4397 schphantia:
1081 4341 1270 4398 pmnas
1291 4343 1393 4383 non
1422 4327 1650 4392 luerent,
1675 4328 1909 4396 linguam
1939 4327 2092 4382 ador-

522 4428 659 4475 nant
685 4435 836 4475 suam
861 4420 928 4474 ad
953 4419 1273 4473 calumniam
1305 4421 1370 4475 de
1395 4419 1611 4474 Arsenii
1644 4435 1825 4486 manu,
1855 4419 2091 4474 crimen-

521 4527 632 4584 que
665 4507 828 4568 caedis
870 4521 924 4568 et
951 4512 1194 4567 veneficii
1238 4510 1355 4565 viro
1392 4510 1670 4566 ascribunt
1712 4509 1932 4579 pietatis
1965 4524 2091 4579 pro-

2189 2022 2348 2090 μένον
2398 2020 2619 2088 γύναιον
2683 2019 2901 2091 νύκτωρ
2955 2019 3163 2074 ἄκουσα
3212 2022 3418 2093 φθορὰν
3470 2025 3775 2098 ὑποστῆναι

2186 2114 2539 2176 ἐπιπεσόντος
2566 2114 2700 2183 αὐτῇ
2747 2111 3081 2166 Ἀθανασίου.
3113 2115 3283 2186 Συνῆν
3313 2115 3394 2186 τῷ
3422 2118 3523 2188 τῆς
3557 2117 3771 2190 παρθε-

2185 2205 2305 2267 νίας
2333 2206 2532 2278 ὲραστῇ
2566 2204 2660 2257 καὶ
2692 2203 2954 2274 Τιμόθεος
2981 2205 3008 2256 6
3040 2205 3205 2260 αὐτοῦ
3255 2207 3634 2279 πρεσϐύτερος
3680 2209 3784 2272 καὶ,

2187 2296 2382 2368 βουλὴν
2416 2298 2627 2366 σοφίας,
2667 2297 2867 2368 μᾶλλον
2896 2297 2954 2351 δὲ
2989 2299 3139 2363 θείας
3168 2301 3454 2362 ἐπιπνοίας
3485 2301 3776 2372 βουλεύον-

2183 2405 2295 2451 ται,
2339 2389 2405 2441 δι’
2446 2384 2514 2460 ἧς
2557 2387 2618 2441 τὸ
2667 2389 3048 2458 κακομήχανον
3088 2390 3196 2444 τῶν
3246 2390 3525 2445 δυσσεϐῶν
3575 2393 3779 2464 ῥᾳδίως

2185 2477 2407 2550 ἔμελλεν
2431 2478 2776 2534 ἀπαιτεῖσθαι
2804 2479 2893 2533 τὸν
2920 2480 3154 2552 ἔλεγχον.
3187 2483 3337 2535 Ἐπεὶ
3368 2483 3476 2555 γὰρ
3497 2485 3581 2547 εἰς
3610 2485 3782 2556 πρόσ-

2188 2589 2336 2626 ωπον
2381 2572 2624 2642 ἤχθησαν
2655 2570 2750 2624 τοῦ
2784 2573 3025 2640 γυναίου,
3070 2575 3098 2625 6
3143 2572 3240 2644 μὲν
3277 2574 3776 2646 κατηγορούμενος,

2191 2661 2369 2734 ἡσυχῆ
2414 2664 2544 2716 Θεὸν
2593 2663 2885 2716 ἐδυσώπει·
2929 2663 3189 2734 Τιμόθεος
3235 2665 3300 2730 δ’,
3347 2665 3778 2738 ἀναιδευομὲνης

2184 2755 2282 2825 τῆς
2301 2755 2576 2825 μαινάδος,
2599 2756 2802 2809 καὶτὸν
2831 2757 3162 2820 Ἀθανάσιον,
3181 2757 3256 2820 ὡς
3275 2757 3548 2832 ἐδιδάχθη,
3571 2761 3782 2832 φθορέα

2186 2845 2475 2916 καλούσης,
2513 2847 2540 2898 6
2567 2847 2958 2920 πρεσϐύτερος,
2979 2848 3054 2912 ὠς
3081 2848 3239 2919 δῆθεν
3274 2849 3614 2916 Ἀθανάσιος,
3641 2853 3780 2907 Εἰπέ

2189 2952 2299 3006 μοι,
2327 2930 2373 2989 ὧ
2411 2937 2591 3006 γύναι,
2625 2939 2809 3009 φησὶν,
2856 2938 2966 3008 ἐγὼ
2994 2939 3144 3010 παρά
3184 2939 3266 2993 σοὶ
3294 2940 3507 3011 ἔμεινα,
3537 2943 3570 3014 ἢ
3613 2943 3678 2996 σύ
3710 2961 3778 3015 με

2185 3028 2244 3080 ὲν
2273 3029 2405 3099 οἴκῳ
2449 3028 2526 3099 τῷ
2561 3029 2638 3101 σῷ
2689 3030 3015 3101 ὑπεδέξω,ἢ
3063 3030 3278 3103 νύκτωρ
3321 3033 3379 3085 σὲ
3426 3034 3777 3108 ὲϐιασάμην;

2198 3120 2264 3172 Ἥ
2279 3121 2357 3184 δὲ,
2384 3118 2470 3174 οἶα
2488 3122 2705 3190 γύναιον
2736 3126 2800 3177 ὲκ
2829 3125 3086 3194 δημοσίου
3115 3124 3323 3193 τέγους,
3359 3127 3569 3181 ἀναιδεῖ
3599 3146 3777 3201 προσ-

2190 3209 2322 3282 ώπῳ
2352 3212 2446 3265 καὶ
2490 3213 2734 3267 ἀτενέσιν
2772 3214 3068 3284 ὀφθαλμοῖς
3094 3216 3228 3287 πρὸς
3253 3217 3343 3268 τὸν
3357 3217 3624 3289 Τιμόθεον
3649 3223 3784 3274 ἀπο-

2191 3302 2449 3372 ϐλέψασα,
2491 3307 2563 3359 Σὺ
2598 3301 2648 3358 εἴ
2677 3308 2704 3359 6
2736 3306 2832 3377 τὴν
2864 3306 2983 3376 βίαν
3007 3313 3114 3378 ’μοι
3163 3308 3497 3377 ἐπενεγκὼν,
3549 3312 3646 3366 καὶ
3677 3313 3779 3383 τὴν

2190 3394 2394 3467 φθορὰν
2415 3395 2647 3470 νύκτωρ,
2662 3399 2857 3452 ἀνεϐόα
2874 3417 2886 3430 ο
2909 3399 3000 3453 καὶ
3020 3401 3155 3472 πρὸς
3175 3403 3298 3466 τοὺς
3315 3402 3509 3473 κριτὰς
3527 3405 3786 3477 ἐπιστρα-

2191 3489 2351 3555 φεῖσα
2378 3489 2502 3552 τοὺς
2533 3489 2921 3560 φρικτοτάτους
2945 3491 3140 3562 ὅρκους
3181 3495 3301 3556 ταῖς
3347 3493 3618 3558 διαϐολαῖς
3655 3512 3782 3549 συν-

2189 3578 2401 3647 ῆπτεν,
2445 3580 2518 3642 ὼς
2564 3573 2738 3645 οὗτος,
2779 3581 2868 3634 τὸν
2912 3581 3172 3653 Τιμόθεον
3221 3582 3381 3640 πάλιν
3432 3583 3784 3641 δακτυλοδεν-

2189 3668 2518 3725 κτοῦσακαὶ
2561 3671 2828 3725 ἕλκουσα·
2876 3667 3042 3736 Οὗτός
3083 3674 3216 3736 ἐστι,
3260 3678 3354 3730 καὶ
3395 3678 3497 3731 οὐκ
3545 3677 3704 3742 ἀλλος
3751 3679 3784 3731 δ

2191 3761 2323 3830 ἐμὸς
2356 3761 2606 3832 φθορεύς.
2645 3763 2707 3814 Οἱ
2738 3761 2793 3813 δὲ
2829 3764 3012 3833 κριταὶ
3055 3765 3151 3818 σὺν
3179 3768 3291 3830 τοῖς
3332 3767 3651 3840 δορυφόροις
3677 3769 3782 3838 τῆς

2195 3853 2462 3924 μαχλάδος
2485 3854 2582 3923 μὲν
2605 3853 2931 3922 κατεγέλων,
2964 3856 3280 3910 Ἀθανάσιον
3300 3857 3355 3911 δὲ
3381 3859 3482 3930 τῆς
3505 3859 3783 3924 συνέσεως

2194 3942 2523 4014 ἐθαύμαζον,
2563 3944 2709 4006 ὅπως
2753 3945 2919 4013 σιγῶν
2949 3946 3008 3998 τὸ
3037 3949 3156 4000 κατ’
3189 3949 3352 4002 αὐτοῦ
3399 3951 3654 4023 ἔγκλημα
3698 3954 3782 4015 εἰς

2190 4036 2314 4098 τοὺς
2338 4034 2675 4106 κατηγόρους
2697 4036 3048 4107 περιτρέψας,
3072 4040 3486 4107 ἀναιδεστάτους
3513 4043 3782 4114 συκοφάν-

2191 4142 2288 4188 τας
2318 4123 2614 4189 ἀπέδειξεν.
2641 4126 2804 4180 Antei.
2827 4127 2882 4180 δὲ
2909 4129 3114 4183 ἑαυτῶν
3141 4131 3292 4185 οὐδὲν
3322 4133 3578 4204 ἀμείνους
3609 4141 3692 4203 είς
3717 4140 3782 4194 τὸ

2194 4217 2473 4287 φροντίσαι
2525 4217 2617 4270 τοῦ
2651 4218 2856 4274 δικαίου
2889 4222 3197 4290 γεγόνασιν.
3247 4227 3307 4279 Oi
3349 4226 3405 4280 δὲ
3451 4230 3776 4302 κατήγοροι,

2191 4310 2310 4363 δέον
2352 4311 2558 4364 στένειν
2602 4311 2696 4364 καὶ
2745 4313 2903 4383 χάριν
2957 4314 3174 4380 εἰδέναι,
3220 4318 3272 4371 εί
3313 4334 3398 4381 τις
3452 4320 3653 4384 αὐτοὺς
3701 4323 3778 4394 μὴ

2193 4402 2444 4473 ἀπαιτοίη
2475 4403 2574 4475 τὴν
2601 4405 2701 4475 τῆς
2731 4405 3094 4474 συκοφαντίας
3121 4407 3295 4479 δίκην,
3327 4410 3376 4461 oi
3421 4409 3478 4462 δὲ
3509 4411 3604 4465 καὶ
3637 4411 3783 4482 πρὸς

2193 4497 2290 4568 τὴν
2345 4497 2618 4568 Ἀρσενίου
2664 4495 2844 4564 δεξιὰν
2891 4496 2988 4568 τὴν
3035 4498 3285 4567 γλῶσσαν
3335 4498 3640 4565 όπλίζουσι·
3681 4503 3783 4556 καὶ

437 4648 440 4649 ν
523 4606 831 4675 pugnatori.
861 4604 950 4659 Ille
991 4619 1124 4661 voce
1158 4620 1222 4660 ac
1250 4613 1430 4659 mente
1471 4601 1893 4672 imperterritus:
1934 4600 2087 4668 Quis,

2197 4591 2354 4660 φόνον
2387 4591 2501 4660 ἅμα
2534 4591 2626 4644 καὶ
2657 4595 2909 4662 γοητείαν
2938 4609 3016 4662 τῳ
3047 4595 3143 4662 τῆς
3176 4591 3456 4656 εὐσεϐείας
3497 4593 3781 4668 ἀγωνιστῇ

523 4699 720 4768 inquit,
747 4714 815 4753 ex
845 4697 1000 4753 vobis
1024 4700 1313 4754 Arsenium
1340 4699 1493 4754 novit
1519 4695 1605 4751 vel
1628 4697 1904 4751 dexteram
1937 4695 2092 4765 ejus?

525 4785 998 4854 Respondentibus
1033 4802 1102 4842 ex
1139 4802 1398 4843 consessu
1445 4802 1553 4842 non
1587 4785 1772 4855 paucis
1805 4787 1898 4856 qui
1937 4795 2093 4842 erant

517 4891 649 4931 cum
682 4878 1108 4942 accusatoribus,
1139 4893 1197 4933 se
1226 4881 1393 4948 probe
1427 4893 1588 4934 nosse
1611 4878 1901 4935 Arsenium
1930 4895 1945 4947 ;
1982 4888 2091 4935 tum

523 4967 853 5022 Athanasius
889 4984 900 5019 :
939 4966 1400 5037 Quandoquidem,
1430 4969 1528 5035 ait,
1558 4982 1616 5022 se
1649 4969 1815 5038 probe
1843 4976 1897 5022 et
1933 4983 2095 5024 accu-

523 5067 645 5115 rate
685 5072 847 5113 nosse
871 5058 1153 5113 Arsenium
1185 5060 1546 5123 confitentur;
1579 5059 1735 5115 adest
1763 5059 1872 5126 ille,
1912 5060 2094 5129 ingre-

523 5149 725 5206 diatur.
749 5150 866 5217 Quo
898 5150 1160 5222 ingresso,
1187 5167 1399 5208 rursum
1427 5150 1806 5221 interrogavit,
1835 5166 1900 5205 an
1940 5151 2089 5204 illum

523 5243 913 5308 introductum,
936 5255 1155 5300 nossent
1176 5261 1296 5301 esse
1317 5246 1628 5302 Arsenium.
1657 5244 1788 5299 Cum
1815 5244 1866 5298 id
1897 5259 2094 5313 negare

524 5347 630 5387 non
661 5341 882 5402 possent
921 5331 1021 5398 illi,
1062 5334 1327 5403 pertraliit
1369 5335 1515 5388 illum
1551 5336 1770 5404 propius
1816 5334 1882 5388 ad
1918 5335 2092 5388 tribuo

525 5425 634 5488 nal,
670 5425 930 5495 jubetque
962 5426 1193 5496 primum
1227 5437 1286 5482 ut
1320 5427 1598 5482 dexteram
1632 5428 1807 5494 erigat
1851 5441 2092 5490 manum,

525 5518 822 5589 deindeque
865 5519 1162 5576 sinistram.
1209 5518 1276 5573 Et
1324 5518 1646 5573 exclamavit
1688 5534 1702 5572 :
1753 5516 1893 5573 Ecce
1928 5516 2092 5573 Arse-

525 5609 692 5672 nium,
727 5611 830 5665 viri
869 5612 1034 5675 cives,
1075 5624 1203 5666 ecce
1240 5611 1426 5666 ambas
1457 5610 1578 5680 ejus
1617 5623 1829 5675 manus,
1863 5625 1896 5664 o
1925 5611 2096 5666 admi-

525 5701 678 5755 randi
720 5700 948 5770 jndiees.
987 5703 1177 5759 Dieant
1215 5719 1343 5773 ergo
1376 5712 1740 5766 accusatores,
1805 5703 1956 5774 cujus
2011 5714 2096 5760 est

527 5806 719 5847 manus
748 5793 954 5856 isthmc,
997 5803 1050 5848 et
1079 5811 1106 5850 a
1139 5810 1245 5866 quo
1276 5795 1422 5849 illam
1462 5793 1796 5849 resecuerint
1824 5811 1838 5850 :
1865 5809 1974 5865 quo
2005 5810 2096 5850 au-

530 5897 634 5942 tem
667 5887 846 5940 animo
875 5900 938 5941 ea
962 5885 1069 5942 sint
1095 5889 1201 5958 usi,
1230 5887 1433 5945 nemini
1464 5886 1810 5960 ambiguum;
1845 5902 2095 5947 resecue-

2197 4682 2604 4754 περιάπτουσιν.
2654 4682 2792 4736 Ἀλλ’
2828 4685 3032 4746 ἐκεῖνος
3057 4683 3113 4736 ἐν
3146 4681 3224 4752 τῷ
3251 4683 3512 4754 ἀταράχῳ
3544 4685 3642 4737 καὶ
3678 4685 3784 4756 τῆς

2198 4778 2378 4848 φωνῆς
2405 4779 2498 4832 καὶ
2527 4779 2631 4849 τῆς
2657 4776 2902 4848 γνώμης,
2932 4777 3042 4831 Καὶ
3067 4778 3154 4841 τίς
3183 4777 3292 4848 γάρ
3317 4779 3454 4840 ἐστι,
3489 4779 3677 4849 φησὶν,
3720 4779 3783 4845 ἐξ

2199 4870 2371 4940 ὑμῶν,
2398 4871 2426 4924 6
2453 4869 2733 4939 γινώσκων
2757 4869 2846 4923 τὸν
2885 4869 3158 4941 Ἀρσένιον
3183 4869 3215 4940 ἢ
3245 4869 3342 4940 τὴν
3373 4870 3538 4923 αὑτοῦ
3569 4870 3780 4938 δεξιάν;

2196 4963 2453 5032 Φαμένων
2501 4962 2544 5014 δ’
2576 4962 2674 5014 οὐκ
2720 4961 2915 5029 ὀλίγων
2963 4961 3054 5025 οὒς
3095 4956 3206 5031 εἶχε
3245 4959 3304 5013 τὺ
3353 4961 3634 5032 συνέδριον
3682 4962 3785 5016 σὺν

2195 5059 2304 5118 τοῖς
2339 5055 2684 5125 κατηγόροις,
2733 5053 2807 5116 ὡς
2855 5053 3042 5122 σαφῶς
3087 5053 3274 5106 εἰδεῖεν
3318 5053 3408 5106 τὸν
3465 5053 3780 5123 Ἀρσένιον-

2197 5150 2306 5202 Καὶ
2337 5149 2458 5201 ἐπεὶ
2495 5147 2726 5218 βεϐαίως
2759 5148 2853 5200 καὶ
2883 5145 3144 5217 ἀκριϐῶς,
3176 5147 3204 5197 6
3241 5144 3558 5210 Ἀθανάσιος
3585 5146 3782 5217 ἔφησε,

2199 5239 2487 5308 γινώσκειν
2530 5233 2674 5293 οὗτοι
2709 5239 3162 5310 συνωμολόγησαν
3191 5239 3280 5292 τὸν
3328 5239 3624 5310 Ἀρσένιον,
3659 5242 3688 5293 6
3724 5241 3783 5293 δὲ

2197 5333 2476 5404 πάρεστιν,
2518 5334 2716 5386 εἰσίτω.
2754 5331 3098 5395 Εἰσελθόντος
3137 5331 3214 5396 δὲ,
3247 5331 3405 5385 πάλιν
3438 5332 3701 5404 ἐπηρώτα
3731 5335 3783 5387 εί

2197 5427 2286 5478 τὸν
2316 5425 2634 5496 είσαχθέντα
2669 5424 2866 5487 ἴσασιν,
2904 5424 2978 5488 ὡς
3006 5423 3091 5494 εἴη
3124 5425 3409 5496 Ἀρσένιος.
3445 5426 3568 5480 Τῶν
3595 5427 3650 5480 δὲ
3683 5427 3782 5479 οὐκ

2198 5518 2427 5589 ἐχόντων
2465 5517 2821 5589 ἀρνήσασθαι,
2849 5515 2996 5569 ἕλκει
3027 5535 3086 5570 τε
3127 5518 3287 5571 αὐτὸν
3331 5517 3530 5588 μᾶλλον
3560 5517 3653 5570 τοῦ
3685 5517 3784 5589 βή-

2203 5628 2368 5682 ματος
2407 5610 2699 5681 ὲγγύτερον
2723 5628 2736 5640 ο
2773 5609 2863 5662 καὶ
2900 5610 3123 5681 πρώτην
3152 5611 3247 5681 τὴν
3289 5610 3467 5674 δεξιάν
3501 5599 3782 5664 ἀνατεῖναι

2198 5703 2458 5768 κελεύσας
2485 5707 2661 5775 χεῖρα,
2692 5700 2807 5755 εἶτα
2834 5702 2924 5755 καὶ
2955 5702 3060 5773 τὴν
3091 5703 3404 5773 ἀριστερὰν,
3436 5701 3742 5772 ἀνέκραγεν
3761 5718 3777 5732 ·

2208 5795 2340 5849 Ἰδοὺ
2379 5797 2672 5866 Ἀρσένι,ος,
2703 5794 2890 5864 ἄνδρες
2922 5795 3166 5847 πολῖται·
3229 5795 3336 5848 ἰδοὺ
3371 5794 3465 5846 καὶ
3499 5795 3556 5846 ai
3586 5793 3780 5846 τούτου

2204 5888 2294 5941 δύο
2323 5891 2523 5958 χεῖρες,
2558 5883 2602 5943 ὢ
2633 5887 2917 5956 θαυμάσιοι
2948 5887 3220 5941 δικασταί.
3253 5887 3576 5942 Είπάτωσαν
3611 5883 3704 5942 οὖν
3733 5889 3785 5941 oi
