3990 6520
1288 363 1343 417 S.
1385 361 1760 421 ATHANASH
1798 365 1957 423 VlTA
1991 367 2082 424 EX
2120 371 2392 429 PI-IOTIO.

3320 402 3417 444 CCX
3424 404 3470 444 ι’-ι

198 472 681 564 ωτήγοροιῷτίνος
715 479 874 532 ἐστὶν
905 481 936 552 ἡ
969 479 1088 552 χεὶρ
1131 481 1220 536 καὶ
1249 481 1391 544 τίνος
1420 481 1586 554 αὐτὴν
1617 483 1799 549 ἐξέκο-

1907 498 2033 544 runt
2061 490 2206 546 enim
2237 492 2302 546 ab
2331 492 2572 558 homine,
2605 499 2659 548 ut
2693 509 2789 550 nos
2829 494 3220 555 interficerent.
3251 501 3342 558 Sic
3374 503 3459 564 ite,

196 564 303 635 ύανς
337 568 422 634 ἐφ’
453 560 505 634 ᾧ
545 569 680 642 γὰρ
715 569 900 642 ταύτῃ
932 570 1245 642 ἐχρήσαντο,
1272 571 1371 624 ούκ
1397 572 1476 626 ἔτι
1501 572 1685 627 λοιπὸν
1709 575 1801 628 ού-

199 655 279 710 δενὶ
298 657 792 732 ἀμφισϐήτησις·
829 662 1253 734 έχειροκόπησαν
1282 663 1388 736 γὰρ
1412 664 1697 736 ἄνθρωπον
1728 667 1803 730 ώς

203 744 249 799 ἂν
283 747 425 818 ἡμᾶς
469 747 928 804 θανατώσωσιν.
989 752 1122 804 Ἀλλ’
1171 754 1198 805 ὀ
1263 754 1360 824 μὲν
1400 754 1542 808 οὕτω
1580 755 1650 808 τά
1694 756 1803 809 τῶν

206 839 486 893 ἀντιπάλων
526 843 735 895 πάντα
769 843 949 896 διέλυε
994 845 1385 916 μηχανήματαο
1420 847 1468 898 οἱ
1497 847 1552 898 δὲ
1595 848 1799 916 κριταὶ,

207 933 360 1001 τυφλοὶ
385 935 489 986 καὶ
513 936 719 1004 κωφοὶ
744 936 813 989 ἐκ
835 954 895 989 τε
917 937 1008 990 τοῦ
1035 937 1216 1008 ζητεῖν
1239 938 1494 1009 ἀρέσκειν
1517 939 1804 991 Κωνσταν-

210 1027 285 1098 τίῳ
305 1031 626 1095 γεγονότες,
655 1029 764 1081 καὶ
790 1028 852 1093 ἐξ
875 1023 948 1083 ὧν
974 1029 1259 1082 ἀπέκλινον
1281 1032 1393 1092 τοῖς
1419 1030 1800 1100 αἱρετίζουσιν,

215 1119 444 1176 ἀπέλιπον
475 1136 538 1172 τε
571 1120 640 1173 τὸ
678 1120 867 1192 βῆμα,
896 1122 988 1174 καὶ
1013 1125 1136 1193 σιγῇ
1164 1121 1448 1176 διδόναιτά
1471 1121 1802 1194 ἐληλεγμένα

217 1209 556 1282 ὲτεχνάζοντο.
628 1213 1154 1284 ’Υποχωρησάντων
1199 1213 1255 1268 δὲ
1304 1213 1539 1278 τούτων,
1591 1215 1804 1286 κίνησις

218 1303 296 1357 uix
319 1302 395 1357 ἔτι
413 1305 838 1373 συκοφαντιῶν,
858 1306 970 1358 ἀλλ’
986 1306 1216 1370 ἀναιδῶς
1243 1305 1316 1376 (n)
1337 1307 1648 1376 μιαιφονίας
1663 1307 1804 1361 κατὰ

220 1396 293 1450 τοῦ
323 1397 737 1468 τρισαριστέως
772 1399 1196 1470 ἀναῤῥήγνυται.
1241 1401 1352 1452 Και
1379 1401 1425 1452 oi
1465 1401 1563 1472 μὲν
1590 1401 1800 1469 λόγοις,

219 1487 258 1539 oi
277 1488 326 1541 δὲ
355 1488 447 1541 καὶ
477 1490 642 1558 χερσὶ
669 1489 774 1542 τὸν
803 1491 1031 1562 νικητὴν
1059 1491 1502 1563 προύπηλάκιζον
1522 1511 1534 1522 ·
1559 1494 1608 1546 οί
1635 1493 1691 1566 δὲ
1713 1495 1804 1547 καὶ

218 1581 292 1633 τὸν
317 1582 377 1633 ὲκ
402 1581 497 1633 τοῦ
534 1581 824 1652 βασιλέως
853 1585 1096 1637 ἐπέσειον
1127 1585 1377 1640 θάνατον.
1427 1587 1483 1638 'U
1512 1587 1568 1640 δὲ
1612 1567 1801 1660 Ἀρχέ-

215 1669 322 1734 λαος
357 1673 624 1743 μέλλοντα
660 1675 1004 1732 διασπᾶσθαι
1045 1677 1133 1729 τὸν
1175 1679 1318 1731 ὅσιον
1347 1678 1452 1731 ὑπὸ
1478 1678 1585 1731 τῶν
1616 1679 1806 1732 δυσσε-

217 1762 329 1834 ϐὦν,
362 1764 514 1834 μόλις
541 1765 648 1835 τῆς
684 1766 873 1830 οἰκίας
908 1768 1148 1833 καταϐὰς
1203 1771 1270 1840 (εί
1295 1771 1402 1840 γὰρ
1430 1770 1524 1822 καὶ⁵
1551 1771 1685 1840 πρὸς
1709 1770 1805 1841 τὴν

1907 595 2026 634 rum
2077 581 2166 636 ille
2199 583 2656 653 sycophantarum
2705 586 2978 644 machinas
3024 591 3221 647 evertit
3263 608 3471 650 omnes.

1905 671 1974 723 At
2011 670 2245 738 jndices,
2288 675 2417 728 caeci
2462 683 2621 744 atque
2662 677 2832 740 surdi,
2867 688 2976 732 tum
3013 683 3190 738 studio
3223 683 3471 752 placendi

1905 761 2243 828 Constantio,
2275 773 2386 818 tum
2416 780 2481 819 ex
2525 766 2708 821 animo
2751 767 2817 820 ad
2866 769 3149 825 haereticos
3180 787 3470 842 propenso,

1906 852 2179 909 tribunale
2214 855 2420 923 relicto,
2451 872 2562 912 rem
2597 867 2802 927 gestam
2833 859 3053 916 silentio
3083 877 3328 932 premere
3352 879 3466 919 mo-

1905 945 1984 1000 liti
2015 956 2160 1004 sunt.
2194 949 2603 1004 Discedentibus
2627 950 2750 1016 illis,
2786 966 2891 1005 non
2912 951 3023 1020 jam
3057 953 3260 1010 inimici
3296 955 3350 1008 in
3378 969 3472 1010 ca-

1906 1038 2160 1104 lumnias,
2192 1042 2284 1094 sed
2317 1041 2369 1094 in
2403 1043 2601 1096 caedem
2634 1045 2997 1099 strenuissimi
3029 1045 3131 1099 viri
3163 1033 3478 1116 erumpunt.

1905 1131 1974 1186 Et
2015 1130 2105 1186 alii
2152 1133 2332 1187 verbis
2368 1133 2458 1187 alii
2507 1134 2727 1188 vocibus
2774 1135 2993 1204 pulsant
3042 1137 3332 1204 victorem;
3380 1138 3470 1192 alii

1907 1231 2136 1276 mortem
2199 1225 2266 1279 ab
2315 1224 2640 1294 imperatore
2685 1227 2889 1280 illatum
2941 1227 3004 1280 iri
3053 1230 3472 1283 comminantur.

1904 1312 2204 1368 Archelaus
2247 1329 2409 1382 porro
2444 1325 2684 1392 sanctum
2716 1319 2888 1371 virum
2923 1316 3141 1387 jamjam
3197 1318 3265 1373 ab
3294 1319 3474 1388 impiis

1905 1403 2342 1473 discerpendum,
2368 1420 2488 1459 cum
2517 1406 2605 1459 vix
2635 1407 2794 1462 domo
2823 1409 3189 1464 descendisset
3218 1410 3474 1480 (tametsi

1905 1495 2048 1548 enim
2097 1495 2163 1549 ad
2194 1494 2397 1564 justum
2437 1493 2695 1564 judicium
2729 1512 2834 1552 non
2874 1498 3193 1568 respiceret,
3241 1499 3475 1553 naturali

1909 1592 2088 1638 tamen
2123 1587 2448 1640 verecundia
2484 1588 2824 1657 tenebatur),
2857 1604 2978 1644 cum
3020 1589 3338 1647 satellitibus
3369 1592 3476 1645 eri-

1907 1677 2024 1747 puit
2058 1677 2229 1745 illum,
2261 1680 2639 1752 occultamque
2664 1694 2723 1736 ut
2746 1669 2925 1753 fugam
2956 1682 3160 1739 faceret
3190 1685 3399 1740 monuit
3422 1698 3476 1750 et

1909 1771 2140 1825 curavit.
2183 1771 2334 1841 lmpii
2380 1783 2558 1829 autem
2589 1790 2711 1829 cum
2746 1790 2933 1830 rursus
2955 1791 3265 1833 consessum
3297 1777 3478 1832 venis-

217 1857 374 1926 κρίσιν
398 1857 497 1927 οὐχ
532 1858 710 1928 έώρα,
730 1859 852 1912 ἀλλ’
868 1855 960 1913 οὖν
978 1854 1089 1930 εἶχέ
1113 1878 1231 1914 τινα
1253 1862 1350 1932 τῆς
1377 1861 1591 1930 φύσεως
1625 1861 1800 1933 αίδώ),

1909 1873 2051 1928 sent,
2085 1866 2286 1919 nefaria
2309 1866 2536 1920 crimina
2562 1882 2589 1919 a
2617 1882 2676 1922 se
2701 1867 2928 1921 conficta
2951 1868 3147 1923 insonti
3181 1869 3475 1936 ascribunt,

217 1949 342 2016 μετά
387 1951 478 2002 καὶ
528 1951 642 2003 τῶν
694 1951 1016 2023 δορυφόρων
1059 1953 1375 2025 ἐξαρπάζει,
1428 1955 1523 2007 καὶ
1563 1953 1801 2025 δρασμὸν

214 2039 425 2111 κρύφιον
453 2043 608 2114 αύτῷ
643 2046 1085 2114 παρασκευάζει,
1133 2046 1226 2099 καὶ
1266 2045 1578 2099 ὑποτίθεται
1603 2063 1616 2076 υ
1647 2046 1708 2097 τὸ
1745 2045 1801 2098 δὲ

1909 1967 2142 2024 cumque
2178 1956 2228 2008 in
2258 1957 2424 2012 variis
2464 1957 2659 2013 libellis
2690 1959 2968 2012 mendacia
2999 1974 3094 2014 sua
3138 1970 3475 2025 exarassent,

1909 2045 2226 2099 Constantio
2260 2058 2420 2115 atque
2447 2048 2697 2102 universo
2726 2049 3098 2102 transmittunt
3125 2050 3280 2105 orbi.

211 2131 451 2198 δυσσεϐὲς
480 2137 951 2205 συνεδριάσαντες
980 2132 1133 2201 αὖθις
1156 2137 1426 2209 γράφουσί
1454 2155 1512 2190 τε
1555 2138 1644 2190 τὸν
1669 2137 1908 2191 ἀναίτιον
1940 2137 2139 2201 αίτίαις
2209 2139 2451 2205 ἀτόποις,
2521 2141 2586 2204 ἃς
2627 2142 2778 2194 αὐτοὶ
2825 2141 3192 2206 συνέπλασαν,
3235 2143 3439 2196 ἁλῶναι
3461 2160 3474 2172 ⁸

212 2228 294 2279 καὶ
321 2227 601 2302 διαφόροις
647 2227 938 2298 βιϐλιδίοις
983 2230 1408 2302 ὲγκαταθέμενοι
1465 2230 1534 2283 τὰ
1589 2230 1679 2283 τοῦ
1731 2229 1980 2299 ψεύδους,
2021 2231 2098 2302 τῷ
2127 2250 2183 2284 τε
2229 2234 2590 2304 Κωνσταντίῳ
2655 2235 2748 2286 καὶ
2789 2235 2937 2305 πάσῃ
2977 2235 3380 2305 διαπέμπονται
3411 2239 3477 2306 τῇ

212 2321 513 2391 οἰκουμένῃ.

272 2456 324 2511 8.
371 2457 483 2510 Καὶ
533 2455 758 2524 γίνεται
807 2455 886 2526 τῷ
936 2455 1221 2528 πολυάθλῳ
1271 2459 1420 2511 πᾶσα
1458 2457 1611 2529 χώρα
1662 2458 1806 2529 φυγὴ

212 2549 405 2620 σφόδρα
434 2547 787 2618 ζητουμένῳ.
819 2547 932 2600 Καὶ
958 2551 990 2620 ἡ
1018 2547 1244 2621 ζήτησις
1277 2553 1387 2614 τοῖς
1416 2551 1514 2621 μὲν
1544 2551 1806 2604 συνειδόσι

209 2641 296 2693 καὶ
327 2641 400 2711 μὴ
429 2638 866 2710 καταμηνύουσι
901 2638 1044 2711 ζωῆς
1084 2641 1369 2713 ἀφαίρεσιν
1403 2642 1666 2696 ἐπέϐαλλε
1712 2644 1808 2715 τὴν

209 2732 432 2802 ζημίαν·
488 2734 610 2793 τοῖς
643 2731 701 2783 δὲ
749 2732 1072 2801 κομίζουσιν
1122 2734 1154 2803 ἢ
1206 2730 1383 2796 ζῶντα
1432 2735 1464 2804 ἢ
1512 2735 1612 2806 τὴν
1644 2737 1806 2789 αὐτοῦ

207 2823 439 2894 κεφαλὴν
472 2823 684 2894 δωρεαὶ
713 2822 1096 2892 προύτείνοντο
1124 2825 1374 2896 μεγάλαι.
1418 2827 1485 2879 Ἀ
1525 2825 1749 2880 συνιδὼν
1777 2828 1807 2879 ὀ

206 2916 300 2986 τῆς
330 2917 616 2986 ὑπομονῆς
647 2915 893 2985 ἀδάμας,
933 2917 990 2968 ὲν
1021 2916 1207 2986 λάκκῳ
1229 2917 1372 2988 ὓδωρ
1407 2919 1480 2989 μὴ
1513 2918 1686 2988 ἔχοντι
1714 2920 1806 2971 ἐπὶ

207 3007 262 3072 ἒξ
285 3008 425 3062 ἔτεσι
447 3007 638 3061 λαθὼν
662 3008 981 3079 ἐκαρτέρει.
1017 3010 1102 3072 Ὠς
1121 3010 1176 3063 δὲ
1197 3011 1290 3064 καὶ
1313 3011 1372 3064 τὸ
1407 3013 1606 3090 χωρίον
1632 3015 1806 3066 έκεῖνο

206 3102 550 3170 προδίδοσθαι
586 3101 812 3172 ἔμελλε,
864 3101 1014 3165 θείας
1048 3101 1221 3172 ὅψεως
1263 3103 1362 3174 τὴν
1398 3103 1687 3174 προδοσίαν
1730 3102 1805 3172 τῷ
1833 3127 1874 3183 C

207 3193 490 3266 θεράποντι
540 3195 655 3266 πρὸ
706 3196 849 3264 μιᾶς
900 3195 1112 3267 ἡμέρας
1162 3197 1501 3268 μηνυσάσης,
1552 3196 1803 3251 κάκεῖθεν

207 3285 612 3360 ἀποδιδράσκει,
639 3287 740 3339 καὶ
766 3285 905 3357 πρὸς
932 3286 1029 3357 τὴν
1051 3287 1209 3340 Δύσιν
1241 3289 1491 3359 ἀπαίρει·
1523 3287 1618 3340 τοῦ
1650 3286 1805 3340 Κών-

211 3394 419 3442 σταντος
444 3379 546 3450 ἤδη
580 3378 688 3450 τὴν
719 3377 902 3448 ἀρχὴν
938 3376 1171 3446 ἔχοντος,
1201 3380 1260 3431 οὐ
1293 3379 1392 3451 τὴν
1425 3378 1639 3442 ἑαυτοῦ,
1672 3378 1806 3432 ἀλλά

208 3473 294 3526 καὶ
321 3472 414 3544 τὴν
449 3472 546 3526 τοῦ
589 3468 843 3539 ἀδελφοῦ
891 3470 1318 3524 Κωνσταντίνου.
1356 3473 1465 3523 Καὶ
1498 3470 1607 3541 γὰρ
1646 3469 1805 3524 αὐτὸν

208 3562 260 3615 τὸ
310 3565 742 3638 στρατιωτικὸν,
787 3562 1068 3633 τυραννίδι
1098 3563 1409 3634 ἐπιθέμενοι
1447 3564 1543 3634 (b),
1573 3563 1802 3617 ἀνεῖλον.

198 3657 438 3711 Διδάσκει
467 3655 790 3728 τοιγαροῦν
820 3654 912 3708 διὰ
941 3654 1245 3726 συνδρομῆς
1290 3655 1511 3707 Ἰουλίου
1541 3653 1632 3707 τοῦ
1673 3655 1806 3706 Ῥώ-

194 3765 294 3820 μης
320 3751 413 3804 τὸν
462 3749 716 3820 βασιλέα
765 3745 1101 3798 Κώνσταντα
1143 3746 1242 3808 τὰς
1293 3745 1563 3808 συσκευάς
1598 3745 1662 3808 ἃς
1702 3745 1805 3797 ύπὸ

192 3840 290 3894 τῶν
328 3841 640 3913 Ἀρειανῶν
686 3837 933 3906 ὑπέστη,
967 3835 1058 3888 καὶ
1089 3836 1188 3906 τὴν
1220 3834 1436 3888 σύνοδον
1468 3834 1565 3905 τὴν
1591 3836 1646 3887 ὲν
1685 3835 1803 3887 Ἀν-

192 3935 388 4004 τωχεία
413 3936 509 3986 ἐπὶ
543 3931 872 4001 διαστροφῇ
908 3927 1008 3997 τῆς
1041 3928 1275 3990 πίστεως
1305 3925 1764 3996 συγκροτηθεῖσαν
1789 3942 1802 3956 ·

202 4027 290 4077 καὶ
315 4027 387 4090 ὼς
413 4025 706 4097 Γεώργιον
742 4024 828 4084 είς
852 4020 942 4074 τὸν
973 4019 1136 4074 αὑτοῦ
1171 4018 1358 4090 θρόνον
1386 4019 1669 4089 ὲκθέσμως
1694 4035 1806 4088 χει-

214 4119 586 4187 ροτονήσαντες
624 4111 1042 4183 ὲγκαθίδρυσαν
1062 4127 1074 4140 ·
1105 4109 1198 4162 καὶ
1243 4111 1344 4162 ούκ
1388 4111 1592 4163 ἐκεῖνον
1622 4109 1802 4180 μόνον,

215 4206 340 4259 ἀλλά
372 4209 466 4261 καὶ
507 4207 618 4278 πρὸ
668 4203 892 4257 ἐκείνου
935 4200 1250 4272 Γρηγόριον.
1293 4200 1552 4264 Εὐσέϐιος
1600 4202 1802 4271 μέντοι,

218 4295 641 4369 διαπραξάμενος
691 4295 732 4349 ἃ
786 4290 1119 4370 ἐσπούδαζε,
1159 4291 1619 4362 ’διαπρεσϐεύεται
1670 4293 1805 4362 πρὸς

220 4387 302 4439 τόν
331 4389 469 4442 ὅσιον
524 4386 779 4449 Ἰούλιον,
827 4383 1081 4436 κοινωνὸν
1124 4381 1308 4434 λαϐεῖν
1345 4383 1443 4452 τῆς
1488 4382 1801 4435 Ἀθανασίου

221 4480 580 4551 κατακρίσεως
605 4475 1031 4550 μηχανώμενος.
1064 4477 1124 4527 'O
1142 4475 1199 4528 δὲ
1223 4474 1280 4540 ἐξ
1303 4467 1377 4528 ὧν
1404 4477 1608 4537 ἐκεῖνος
1641 4473 1803 4543 ἔγρα-

223 4584 332 4635 φεν,
359 4572 416 4624 ού
450 4571 813 4642 κατάκρισιν,
850 4565 1098 4620 ἀθώωσιν
1143 4566 1198 4620 δὲ
1246 4566 1442 4636 μᾶλλον
1482 4565 1798 4618 ’Δθανασίου

223 4661 467 4732 συνορῶν,
499 4663 804 4733 γράμμασι
849 4658 939 4711 τὸν
985 4657 1312 4728 ἠδικημένον
1354 4655 1688 4730 ἐπιρρώσας,
1722 4658 1800 4719 είς

231 4750 622 4826 Ἀλεξάνδρειαν
676 4748 1032 4806 ἀποστέλλει·
1083 4752 1139 4802 ὲν
1183 4745 1262 4814 οἷς
1330 4752 1422 4803 καὶ
1469 4751 1594 4811 τοὺς
1641 4749 1801 4802 αὑτὸν

219 4843 532 4910 καθελόντας
566 4844 760 4898 δικαία
795 4843 892 4895 καὶ
923 4841 984 4893 ού
1029 4842 1200 4912 μικρά
1239 4842 1444 4912 μέμψις
1479 4841 1798 4912 μετήρχετο.

233 4933 359 4989 ’ἀλλ’
380 4939 427 4991 oi
448 4939 550 5009 τῆς
581 4936 802 5007 Ἀρείου
824 4933 1050 5005 λύσσης,
1075 4933 1503 5006 ὑποφθείραντες
1527 4933 1619 4985 ἐπὶ
1641 4931 1800 4984 πλέον

219 5023 302 5078 τὸν
353 5028 761 5089 Κωνστάντιον,
822 5024 882 5078 ὃν
928 5025 1078 5076 αὐτοὶ
1134 5027 1610 5098 κεχειροτονήκασι
1653 5023 1798 5094 Γρη-

223 5116 406 5188 γόριον,
461 5121 555 5172 ἐπὶ
600 5119 705 5188 τὴν
777 5115 1179 5188 Ἀλεξάνδρειαν
1232 5119 1594 5188 στρατιωτικῇ
1655 5115 1798 5186 χειρὶ

223 5209 585 5284 ἐκπεμφθῆναι
614 5208 1097 5279 καταπράττονται
1130 5208 1410 5280 (Συριανὸς
1450 5206 1520 5281 ἦν
1561 5225 1796 5279 στρατη-

220 5284 433 5374 γὸξτῆς
479 5301 752 5371 τοιαύτης
801 5298 1202 5369 παρατάξεως),
1249 5299 1342 5352 καὶ
1375 5303 1402 5353 ὁ
1439 5299 1666 5368 στρατὸς
1717 5303 1796 5363 είς

214 5388 360 5443 πέντε
389 5393 642 5462 χιλιάδας
677 5387 1032 5460 ἀπηρτίζετο.
1059 5389 1350 5458 Διαφεύγει
1382 5390 1426 5442 δ’
1459 5385 1550 5443 οὖν
1578 5393 1605 5443 ὁ
1636 5389 1796 5460 σοφὸς

220 5480 527 5550 Ἀθανάσιος
558 5488 657 5539 τόν
704 5500 767 5536 τε
818 5485 1117 5554 στρατηγὸν
1157 5485 1248 5537 καὶ
1290 5486 1414 5549 τοὺς
1459 5485 1795 5557 στρατιώτας

201 5577 453 5644 πνέοντας
483 5577 613 5633 κατ’
653 5574 830 5628 αὐτού
860 5575 949 5629 τὸν
979 5576 1134 5644 φόνον
1153 5594 1164 5607 ι
1203 5578 1297 5629 καὶ
1328 5576 1388 5629 τὸ
1423 5576 1671 5649 δεύτερον
1704 5577 1795 5629 ἐπὶ

285 5736 336 5806 α)
376 5738 546 5795 Forte
586 5732 874 5794 ἀναιδοῦς.
907 5731 1061 5786 Εοιτ.
1090 5731 1330 5787 Ριτιιοι..

256 5735 334 5879 Ib)
370 5809 467 5879 Sic
503 5822 684 5879 supra
720 5803 918 5875 legitur
954 5803 1012 5857 τὸ
1040 5803 1295 5867 δυσσεϐὲς

1981 2456 2034 2511 8.
2076 2455 2320 2525 Tumque
2344 2456 2408 2510 de
2433 2455 2535 2509 alia
2569 2457 2620 2509 in
2645 2456 2804 2511 aliam
2830 2457 3102 2526 regionem
3135 2460 3370 2532 fugiebat
3399 2465 3482 2517 vir

1909 2560 2149 2615 sanctus,
2203 2549 2460 2602 aerumnis
2514 2547 2816 2612 confectus,
2869 2549 3069 2604 acriter
3118 2553 3477 2621 perquisitas;

1908 2644 2043 2699 adeo
2077 2641 2250 2710 utqui
2287 2641 2451 2696 sciret
2481 2641 2700 2696 ubinam
2733 2649 2898 2703 esset,
2933 2653 3032 2695 nec
3077 2643 3358 2708 indicaret,
3389 2659 3481 2699 ca-

1908 2735 2062 2805 pitali
2115 2733 2447 2804 plecteretur
2498 2747 2694 2802 poena;
2745 2733 2811 2787 iis
2861 2747 2991 2788 vero
3042 2735 3134 2803 qui
3179 2735 3482 2791 indicarent

1910 2827 1998 2882 ubi
2028 2827 2264 2896 degeret,
2295 2824 2378 2881 vel
2415 2833 2576 2892 caput
2610 2824 2725 2892 ejus
2759 2823 3036 2890 afferrent,
3070 2839 3259 2896 magna
3288 2841 3482 2895 propo-

1910 2927 2164 2974 nerentur
2209 2918 2445 2988 prtemia.
2495 2914 2732 2984 Quorum
2788 2931 2984 2988 gnarus
3033 2916 3305 2986 patientiae
3334 2919 3478 2972 Ada-

1908 3025 2047 3073 mas,
2081 3010 2134 3064 in
2165 3009 2317 3064 fovea
2352 3024 2490 3078 aqua
2529 3017 2753 3063 carente
2786 3017 2922 3062 totos
2945 3023 3036 3062 sex
3075 3023 3242 3063 annos
3272 3009 3481 3078 patien-

1910 3110 1992 3156 ter
2018 3101 2195 3174 latuit.
2225 3081 2408 3153 Pridie
2434 3115 2563 3153 vero
2589 3100 2703 3166 ejus
2727 3099 2830 3151 diei
2863 3113 2966 3168 qua
3003 3083 3312 3167 prodendus
3335 3099 3482 3154 locus

1908 3200 2048 3256 erat,
2085 3190 2264 3244 divina
2304 3191 2534 3258 quadam
2572 3189 2782 3241 visione
2811 3187 3120 3242 admonitus
3146 3197 3333 3243 servus
3361 3188 3478 3253 Dei,

1909 3282 2034 3337 inde
2061 3282 2287 3350 aufugit,
2314 3283 2478 3349 inque
2499 3279 2848 3336 Occidentem
2873 3278 3149 3336 contendit
3177 3297 3190 3332 :
3221 3295 3340 3334 cum
3366 3278 3479 3348 jam

1907 3375 2174 3430 Constans
2207 3373 2511 3443 imperium,
2540 3388 2644 3427 non
2670 3372 2830 3427 modo
2855 3389 3031 3436 suum,
3059 3373 3151 3428 sed
3179 3372 3342 3426 etiam
3367 3371 3479 3424 fra-

1909 3465 2005 3520 tris
2041 3464 2380 3520 Constantini
2414 3464 2718 3529 obtineret;
2753 3479 2875 3518 nam
2917 3463 3067 3518 illum
3100 3463 3373 3520 exercitus
3399 3474 3479 3535 ty-

1908 3557 2188 3612 rannidem
2245 3555 2588 3611 aﬂ‘ectantcm
2648 3555 3018 3613 interfecerat.
3074 3557 3240 3610 Docet
3296 3556 3477 3626 igitur,

1906 3649 2203 3720 Opitulante
2229 3647 2368 3704 Julio
2392 3648 2653 3709 Romano,
2689 3648 3096 3718 imperatorem,
3131 3662 3266 3716 quas
3289 3660 3480 3716 passus

1906 3750 2049 3795 esset
2094 3740 2520 3809 conspirationes
2569 3741 2634 3794 ab
2681 3740 2916 3806 Arianis,
2965 3754 3171 3794 necnon
3216 3737 3478 3808 synodum

1905 3831 2205 3887 Antiochiae
2251 3832 2317 3886 ad
2350 3832 2688 3886 eversionem
2739 3831 2859 3886 fidei
2913 3839 3264 3886 convocatam
3313 3843 3474 3884 esse:

1905 3935 2010 3991 qua
2057 3920 2268 3976 ratione
2309 3921 2438 3976 item
2477 3923 2763 3990 Georgium
2817 3921 3097 3992 illegitime
3135 3922 3187 3976 in
3230 3922 3478 3975 eamden:

1906 4013 2085 4068 sedem
2105 4013 2410 4068 ordinatum
2429 4013 2871 4080 constituissent;
2898 4030 2996 4069 nec
3019 4015 3167 4070 illum
3193 4015 3478 4080 duntaxat,

1905 4107 1998 4161 sed
2047 4107 2197 4176 prius
2233 4108 2395 4161 etiam
2445 4105 2787 4177 Gregorium.
2840 4108 3102 4163 Eusebius
3142 4123 3304 4178 porro
3353 4122 3478 4163 cum

1905 4214 2024 4268 qua:
2051 4200 2104 4254 in
2135 4182 2314 4255 animo
2339 4209 2493 4255 erant
2526 4201 2865 4271 perfecisset,
2898 4201 2963 4254 ad
2996 4212 3242 4255 sanetum
3274 4199 3477 4254 Julium

1906 4290 2227 4361 legationem
2260 4293 2445 4359 mittit,
2477 4293 2578 4347 hoc
2600 4308 2763 4363 agens
2789 4301 2846 4345 ut
2872 4292 3223 4346 Athanasium
3257 4291 3343 4345 ille
3369 4305 3478 4345 una

1907 4381 2211 4436 damnaret.
2249 4381 2341 4436 Ille
2365 4396 2494 4436 vero
2523 4397 2588 4437 ex
2620 4381 2838 4436 Eusebii
2869 4381 3086 4444 litteris,
3118 4380 3475 4434 Athanasium

1836 4475 1880 4534 D
1908 4487 2011 4526 non
2038 4471 2427 4536 damnandum,
2454 4473 2546 4528 sed
2568 4473 2746 4541 potius
2771 4472 3156 4526 absolvendum
3179 4471 3474 4540 judicavit;

1905 4567 2207 4637 litterisque
2232 4569 2496 4622 munitum
2529 4567 2639 4622 suis
2663 4567 2824 4620 mittit
2845 4565 3244 4619 Alexandriam.
3271 4563 3478 4630 Quibus

1902 4660 2098 4715 litteris
2130 4674 2224 4714 eos
2267 4659 2357 4729 qui
2401 4659 2746 4713 damnassent
2772 4659 2895 4728 jure
2947 4656 3137 4711 merito
3173 4657 3478 4725 acriterque

1905 4750 2170 4820 culpabat.
2215 4750 2319 4806 Sed
2341 4749 2526 4804 Ariani
2557 4748 2816 4814 furentes,
2844 4762 2964 4803 cum
2997 4736 3166 4818 magis
3204 4746 3479 4817 magisque

1905 4841 2280 4898 Constantium
2313 4842 2705 4910 corrupissent,
2742 4841 3050 4897 ordinatum
3096 4855 3124 4894 a
3175 4854 3233 4895 se
3267 4837 3474 4909 Grego-

1906 4935 2046 4989 rium
2094 4933 2476 4988 Alexandriam
2530 4947 2655 4988 eum
2706 4932 2921 4987 militari
2966 4947 3124 4986 manu
3180 4931 3516 4986 transmitti-

1904 5034 2093 5082 curant
2122 5024 2424 5096 (Syrianus
2452 5025 2729 5095 cepiarum
2755 5027 2862 5081 dux
2887 5024 3026 5096 erat)
3059 5033 3287 5094 eratque
3318 5038 3475 5079 exer-

1903 5119 2046 5174 citus
2069 5118 2304 5187 quinque
2329 5115 2552 5170 millium
2584 5117 2884 5172 hominum.
2909 5117 3067 5186 Fugit
3100 5130 3229 5184 ergo
3257 5115 3472 5181 sapiens

1903 5211 2232 5278 Athanasius
2261 5203 2450 5265 ducem
2480 5219 2643 5278 atque
2672 5211 2892 5275 milites,
2922 5209 3025 5264 sibi
3054 5223 3239 5263 necem
3272 5207 3474 5259 inferre

1901 5310 2279 5373 peroptantes,
2332 5302 2641 5369 iterumque
2678 5299 2907 5357 Romam
2957 5297 3228 5354 concedit.
3272 5295 3471 5362 Impius

1901 5407 2061 5464 porro
2075 5392 2370 5462 Gregorius
2387 5391 2629 5446 Alerand
2641 5393 2774 5448 riam
2796 5391 3100 5458 occupavit.
3125 5385 3468 5454 Populusquc

1902 5498 2013 5539 rem
2045 5499 2150 5539 non
2214 5483 2489 5540 terendam
2533 5492 2701 5549 ratus,
2744 5481 3024 5538 ecclesiam
3067 5477 3308 5532 incendit
3339 5476 3466 5528 Dio—

1904 5577 2040 5648 nysii
2081 5584 2463 5645 nuncupatam.
2506 5573 2690 5630 Roma:
2731 5574 2893 5643 igitur
2933 5583 3037 5624 una
3065 5575 3217 5623 erant
3256 5564 3470 5621 exsules

281 5793 334 5882 ὁ)
370 5793 470 5882 Sic
503 5793 684 5880 supra
720 5793 918 5875 legitur
954 5803 1012 5857 τὸ
1040 5803 1295 5867 δυσσεϐὲς
1341 5800 1639 5871 (collective
1679 5815 1776 5869 pro

1906 5797 2186 5860 Ξυσσεϐεῖς)
2216 5793 2770 5860 συνεδριάσαντεςλιι.
