3990 6512
495 400 700 442 CCXVIII

1865 382 2377 441 PROLECOMENA
2388 431 2400 443 .

497 500 840 555 venerandus
862 495 1196 553 Athanasius
1224 504 1279 552 et
1300 495 1522 563 Paulus,
1555 495 1851 567 aequalibus
1886 497 2058 551 ornati

2187 500 2263 572 τὴν
2313 499 2529 572 Ῥώμην
2578 498 2881 572 ἀνατρέχει.
2929 498 2987 553 Ὁ
3036 498 3093 553 δέ
3147 499 3411 572 δυσσεϐὴς
3453 500 3757 573 Γρηγόριος

499 594 890 650 certaminibus
926 601 981 648 et
1007 593 1221 664 palmis.

2178 592 2275 663 τῆς
2320 592 2706 663 Ἀλεξανδρέων
2748 593 3049 663 ἐκράτησε·
3121 594 3214 646 xui.
3252 594 3284 664 ἡ
3325 593 3494 657 πόλις,
3534 593 3597 645 τὸ
3629 608 3758 647 συν-

496 691 711 764 ενεχθὲν
743 691 842 743 οὐκ
875 693 932 744 ἐν
975 688 1054 759 τῷ
1101 686 1313 757 ἀνεκτῷ
1359 685 1558 757 θεμένη
1614 685 1711 756 τὴν
1755 684 2094 756 καλουμένην
2133 686 2404 737 Διονυσίου
2448 685 2739 755 ἐκκλησίαν
2781 684 3106 757 ἐνέπρησαν.
3178 684 3417 755 Συνῆσαν
3449 681 3541 738 οῦν
3588 683 3758 757 ἀλλή-

495 784 608 849 λοις
649 782 886 853 φυγάδες
927 782 1075 845 ὄντες
1109 782 1136 833 ὃ
1184 797 1243 833 τε
1290 779 1581 850 σεϐάσμιος
1631 778 1945 843 Ἀθανάσιος
1982 779 2074 831 καὶ
2113 777 2343 843 Παῦλος,
2374 780 2485 841 τοῖς
2521 777 2654 841 ἴσοις
2681 777 2970 849 ἀριστείοις
3000 777 3378 848 κοσμούμενοι.

574 877 629 930 9.
668 875 900 942 Scripsit
926 881 1103 927 autem
1132 872 1429 937 Constans,
1468 873 1725 926 incitante
1760 870 1902 925 Julio
1934 884 2068 939 pon-

501 968 667 1031 tifice,
704 966 857 1021 fratri
884 982 982 1020 suo
1020 965 1361 1029 Constantio,
1397 980 1620 1019 monens
1660 974 1717 1018 ut
1744 964 1834 1034 qui
1873 961 2070 1029 injuste

500 1059 613 1113 lmsi
650 1066 832 1113 essent
864 1057 977 1112 suis
1020 1056 1420 1126 episcopatibus
1464 1055 1896 1110 restituerentur.
1932 1053 2067 1107 Cum

500 1161 681 1209 autem
714 1150 845 1205 nihil
874 1150 1235 1218 impetrasset,
1270 1155 1461 1216 rogant
1502 1160 1623 1201 eum
1663 1145 1990 1200 Athanasius
2016 1153 2071 1198 et

501 1241 658 1308 socii,
690 1250 745 1294 ut
772 1241 823 1295 in
858 1239 1191 1294 (Bcnmenica
1222 1238 1447 1309 synodo,
1485 1251 1605 1290 cum
1649 1235 1714 1289 de
1742 1239 1903 1290 rebus
1932 1234 2069 1297 suis,

500 1343 615 1386 tum
653 1331 719 1385 de
751 1331 879 1385 laesa
915 1330 1020 1384 lide
1048 1329 1402 1400 judicaretur.
1438 1326 1714 1382 Consensu
1751 1326 1930 1393 itaque
1958 1338 2069 1376 am-

502 1421 701 1480 borum
744 1422 1127 1491 imperatorum
1178 1418 1415 1473 Sardicae
1447 1419 1705 1473 indicitur
1735 1415 2066 1473 meumenica

502 1517 759 1594 synodus,
789 1516 1078 1571 undecimo
1108 1527 1249 1566 anno
1290 1528 1319 1566 a
1366 1522 1540 1568 morte
1585 1509 1917 1567 Constantini
1966 1508 2069 1561 im.-

498 1614 814 1681 peratorum
877 1603 1067 1673 patris.
1125 1602 1200 1656 Ex
1255 1600 1548 1657 Occidente
1598 1609 1774 1654 autem
1830 1596 2066 1666 episcOpi

501 1709 803 1751 convenere
832 1694 950 1764 plus
984 1695 1238 1748 trecentis
1269 1712 1283 1747 :
1323 1710 1386 1748 ex
1411 1692 1631 1748 Oriente
1657 1698 1861 1742 tantum
1899 1700 1990 1741 sex
2017 1695 2070 1740 et

501 1787 873 1857 septuaginta,
925 1784 1121 1853 quibus
1182 1784 1643 1838 annumerabatur
1702 1781 1950 1852 lschyras
2012 1786 2070 1831 ut

501 1879 806 1947 episcopus.
834 1876 966 1929 Cum
1009 1876 1169 1946 igitur
1194 1874 1430 1929 Sardicm
1454 1872 1830 1926 convenissent
1859 1882 2066 1932 omnes,

501 1966 809 2023 Orientales
836 1965 891 2025 in
926 1975 1273 2034 conspectum
1309 1965 1493 2018 venire
1523 1961 1948 2017 Occidentalium
1985 1972 2072 2012 re-

503 2062 789 2125 cusabant,
848 2060 950 2116 nisi
1006 2059 1155 2130 prius
1203 2056 1561 2112 Athanasium
1616 2063 1670 2107 et
1726 2052 1951 2130 Paulum
2002 2065 2069 2105 ex

2243 872 2296 926 9.
2328 871 2536 941 Γράφει
2586 871 2643 923 δὲ
2689 869 2971 936 Κώνστας,
3022 870 3099 941 τῷ
3146 870 3357 941 ἀδελφῷ
3390 868 3759 940 Κωνσταντίῳ

2173 960 2676 1033 συμπαρορμῶντος
2707 962 2867 1014 αὐτὸν
2902 961 2996 1013 xui.
3038 960 3129 1013 τοῦ
3163 962 3461 1031 ἀρχιερέως
3507 959 3753 1025 Ἰουλίου,

2171 1052 2309 1104 ὥστε
2342 1050 2441 1113 τὰς
2480 1051 2613 1114 ἰδίας
2657 1050 2962 1114 ἐπισκοπὰς
2998 1049 3287 1103 ἀναλαϐεῖν
3326 1051 3452 1113 τοὺς
3486 1051 3758 1122 ἠδικημέ-

2170 1159 2311 1205 νους.
2374 1143 2460 1205 Ὠς
2506 1142 2563 1194 δὲ
2607 1141 2755 1194 οὐδὲν
2795 1143 2975 1210 ἤνυεν,
3025 1140 3262 1207 ἀξιοῦσιν
3313 1140 3474 1194 αὐτὸν
3526 1143 3576 1194 οἱ
3630 1140 3762 1212 περὶ

2184 1233 2499 1286 Ἀθανάσιον
2539 1235 2890 1303 οίκουμενικῇ
2936 1232 3138 1302 συνόδῳ
3182 1232 3249 1285 τὰ
3297 1229 3425 1303 περὶ
3464 1232 3664 1295 αὐτούς
3700 1248 3759 1284 τε

2172 1326 2267 1379 xui.
2293 1326 2394 1395 τῆς
2420 1326 2963 1398 συνεπηρεαζομένης
2993 1325 3225 1387 πίστεως
3249 1324 3596 1394 ἐπικριθῆναι
3617 1341 3631 1354 °
3666 1324 3763 1377 xui.

2171 1413 2504 1493 κηρύσσεται
2538 1414 2730 1486 γνώμῃ
2760 1414 2865 1467 τῶν
2898 1414 2990 1467 δύο
3026 1413 3287 1483 βασιλέων
3315 1414 3456 1466 κατά
3488 1413 3763 1484 Σαρδικὴν

2170 1506 2521 1578 οίκουμενικὴ
2557 1506 2793 1569 σύνοδος.
2836 1506 3153 1558 Ἐνδέκατον
3189 1506 3232 1558 δ’
3261 1502 3329 1575 ἦν
3360 1505 3479 1568 ἔτος
3525 1504 3636 1557 ἀπὸ
3664 1504 3763 1572 τῆς

2177 1599 2434 1668 τελευτῆς
2479 1599 2890 1652 Κωνσταντίνου
2926 1596 3019 1649 τοῦ
3071 1596 3277 1667 πατρὸς
3317 1596 3426 1649 τῶν
3473 1594 3762 1665 βασιλέων.

2183 1690 2276 1741 Ἐκ
2307 1687 2481 1765 μὲνδὴ
2502 1688 2600 1757 τῆς
2632 1688 2920 1757 Ἑσπερίας
2946 1688 3084 1757 ὑπὲρ
3109 1689 3233 1749 τοὺς
3260 1686 3609 1757 τριακοσίους
3640 1700 3767 1736 συν-

2171 1780 2332 1851 ῆλθον
2364 1780 2676 1843 ἐπίσκοποι,
2721 1779 2785 1831 ἐκ
2825 1778 2880 1831 δέ
2911 1779 3009 1848 τῆς
3051 1778 3340 1847 Ἀνατολῆς
3384 1777 3442 1843 ἓξ
3476 1777 3628 1847 μόνοι
3671 1775 3770 1829 καὶ

2172 1872 2578 1941 ἐϐδομήκοντα,
2625 1873 2680 1923 ἐν
2728 1868 2808 1934 οἷς
2837 1872 2929 1924 xui.
2973 1873 3001 1923 6
3034 1870 3126 1923 τοῦ
3158 1868 3460 1941 Μαρεώτου
3514 1868 3770 1940 Ἰσχύρας

2171 1962 2455 2033 ἠριθμεῖτο
2477 1962 2553 2024 ὡς
2576 1962 2888 2024 ἐπίσκοπος.
2931 1962 3017 2025 Ὠς
3049 1956 3139 2013 οὖν
3170 1962 3225 2012 ἐν
3258 1962 3322 2030 τῇ
3360 1958 3599 2028 Σαρδικῇ
3635 1972 3767 2009 συν-

2172 2054 2339 2125 ῄεσαν
2370 2054 2628 2117 ἅπαντες,
2658 2056 2705 2106 οἱ
2731 2053 2828 2123 τῆς
2856 2053 3150 2123 Ἀνατολῆς
3174 2054 3253 2115 είς
3273 2051 3393 2120 ὄψιν
3423 2050 3534 2103 τῶν
3570 2050 3770 2102 Ἑσπε-

501 2150 735 2209 concilio
762 2126 1048 2219 pellerent.
1072 2148 1207 2203 Tum
1238 2147 1570 2215 Protogenes
1593 2126 1832 2198 Sardicae
1855 2143 2068 2212 episco-

2187 2148 2310 2218 ρίων
2337 2146 2510 2200 ἐλθεῖν
2540 2146 2936 2218 ἀπηρέσκοντο,
2967 2146 3015 2197 εἰ
3054 2145 3127 2215 μὴ
3175 2144 3436 2214 πρότερον
3464 2143 3594 2200 τοὺς
3638 2141 3769 2215 περὶ

498 2257 621 2313 pus,
648 2241 844 2297 Hosius
870 2241 1133 2297 Cordubae
1174 2249 1228 2293 et
1265 2237 1454 2307 reliqui
1489 2235 1751 2305 episcopi,
1783 2248 1849 2287 ne
1888 2232 2077 2285 audire

503 2334 721 2403 quidem
750 2332 1002 2400 injustam
1030 2345 1217 2386 eorum
1237 2327 1652 2396 postulationem
1682 2324 1987 2389 voluerunt,
2019 2330 2076 2374 ut

505 2422 717 2480 scilicet
767 2422 915 2475 viros
963 2434 1061 2489 pro
1110 2418 1302 2487 quibus
1342 2416 1645 2485 judicandis
1686 2420 2071 2476 convenerant,

505 2516 715 2582 absque
734 2512 934 2581 praavio
960 2510 1166 2582 judicio
1193 2508 1618 2564 condemnarent
1646 2515 1697 2560 et
1722 2504 2070 2575 expellerent.

502 2604 643 2665 Hinc
678 2602 977 2659 Orientales
1010 2617 1132 2657 sese
1164 2616 1207 2673 ta
1258 2596 1668 2655 Sardicensibus
1706 2604 2071 2665 segregantes,

504 2694 866 2766 Philippopoli
902 2700 1338 2763 congregantur:
1389 2689 1567 2759 ibique
1600 2686 2075 2743 consubstantiali-

506 2794 694 2851 tatem,
714 2799 829 2850 non
850 2782 963 2853 jam
982 2782 1324 2837 clandestina
1350 2778 1636 2844 sententia,
1671 2778 1764 2833 sed
1799 2776 2074 2847 propalam

510 2877 705 2936 audaci
751 2876 934 2947 lingua
979 2875 1433 2941 condemnarunt,
1473 2869 2079 2938 dissimilitudinemque

511 2969 829 3027 substantiae
883 2968 1249 3023 declararunt.
1306 2965 1442 3020 Tum
1502 2963 1666 3033 impia
1724 2977 1821 3017 sua
1863 2962 2079 3016 decreta

508 3059 929 3117 transmiserunt
960 3058 1180 3128 ubique.
1226 3055 1585 3111 Sardicenses
1618 3060 1802 3109 autem
1846 3051 2080 3121 primum

511 3150 732 3221 quidem
765 3163 858 3205 eos
901 3150 990 3218 qui
1036 3148 1427 3204 abscessissent
1468 3145 1697 3200 desertae
1746 3157 1923 3197 causae
1950 3156 2079 3196 con-

508 3241 885 3297 demnarunt:
938 3238 1132 3294 deinde
1181 3245 1527 3292 accusatores
1584 3232 1868 3288 Athanasii
1922 3245 2081 3303 syco-

506 3333 743 3404 phantas
787 3343 909 3386 esse
963 3345 1086 3384 cum
1135 3327 1645 3398 deprebendissent,
1691 3323 1954 3394 dignitate
1986 3336 2082 3376 sua

504 3422 833 3493 Spoliarunt,
882 3435 946 3475 ac
980 3419 1327 3489 tertiumjam
1352 3417 1580 3472 Nicena:
1601 3414 1789 3487 synodi
1810 3415 2081 3469 decretum

512 3514 865 3577 confirmant,
911 3509 1536 3567 consubstantialitatem
1572 3506 1939 3577 promulgant,
1974 3506 2086 3561 dis-

511 3604 923 3665 similitudinem
968 3602 1288 3657 substantia:
1338 3600 1650 3668 reprobant.
1703 3597 1839 3652 Tum
1878 3598 2086 3653 litteras

508 3698 578 3755 ad
628 3698 907 3753 universas
959 3697 1108 3752 orbis
1156 3693 1425 3749 Ecclesias
1472 3694 1708 3748 mittunt.
1782 3690 2086 3762 Compertis

516 3805 648 3846 vero
672 3788 984 3845 Occidentis
1015 3788 1311 3857 imperator
1340 3787 1502 3842 rebus
1536 3786 1775 3840 Sardicaa
1803 3786 1990 3854 gestis,
2021 3785 2086 3838 de

514 3880 584 3934 iis
601 3877 787 3935 statim
814 3876 1040 3933 fratrem
1067 3877 1353 3931 certiorem
1377 3876 1525 3941 facit,
1554 3875 1874 3945 restituique
1899 3873 2082 3938 Paulo,

513 3968 816 4031 Athanasio
837 3976 894 4023 et
916 3966 1037 4021 aliis
1062 3967 1286 4023 thronos
1307 3982 1434 4022 suos
1459 3969 1655 4038 partim
1683 3968 1933 4023 hortatur
1962 3982 2087 4037 par-

514 4059 613 4119 tim
642 4059 841 4130 jubet;
878 4073 1111 4129 cumque
1142 4058 1474 4113 Athanasius
1509 4074 1720 4114 rursum
1755 4060 2084 4114 Arianorum

514 4150 732 4211 insidiis
783 4159 1076 4219 peteretur,
1129 4166 1191 4206 ac
1253 4150 1439 4211 Romae
1488 4151 1731 4221 degeret,
1779 4150 2087 4206 Occidentis

515 4240 820 4310 imperator
868 4254 1083 4294 rursum
1116 4238 1273 4294 fratri
1326 4238 1518 4295 litteris
1556 4240 1905 4308 signiﬁcavit,
1953 4254 2011 4295 se
2043 4239 2088 4294 si

514 4333 635 4402 ipse
663 4330 806 4387 bono
852 4331 1032 4387 animo
1065 4330 1425 4389 Athanasium
1464 4332 1707 4401 recipere
1737 4332 1920 4397 vellet,
1954 4332 2087 4401 ipsi-

514 4438 622 4495 que
652 4424 1013 4495 episcopalem
1058 4424 1307 4479 thronum
1345 4424 1651 4489 restituere,
1692 4432 1937 4493 paratum
1970 4438 2089 4478 esse

510 4516 582 4576 ad
632 4514 989 4570 Athanasium
1043 4528 1108 4568 eo
1159 4514 1517 4581 mittendum;
1569 4514 1614 4571 si
1662 4513 1848 4579 nollet,
1896 4527 1954 4571 se
1992 4527 2089 4571 suo

512 4615 691 4670 marte
726 4606 868 4677 juris
898 4621 963 4666 ac
990 4606 1215 4675 iustitiae
1248 4608 1521 4664 vindicem
1562 4606 1698 4662 fore.

2194 2239 2508 2293 Ἀθανάσιον
2556 2241 2649 2292 καί
2714 2238 2926 2291 Παῦλον
2972 2236 3065 2289 τοῦ
3115 2236 3370 2303 συλλόγου
3422 2234 3765 2287 ἀπελάσωσι.

2183 2331 2540 2401 Πρωτογένης
2586 2329 2643 2383 δὲ
2693 2331 2721 2382 6
2773 2328 3045 2399 Σαρδικῆς
3097 2327 3391 2389 ἐπίσκοπος
3437 2326 3533 2378 xui.
3584 2326 3773 2387 Ὀσιος

2183 2420 2556 2492 Κουδρούϐης,
2607 2422 2701 2473 xui.
2741 2420 2791 2472 oi
2823 2418 3000 2471 λοιποὶ
3028 2419 3285 2487 ἑπόμενοι
3323 2415 3430 2469 οὐδ’
3471 2417 3553 2478 εἰς
3600 2412 3771 2485 ἀκοὴν

2184 2513 2282 2584 τὴν
2316 2511 2580 2582 ἔκθεσμον
2623 2510 2801 2569 αὐτῶν
2848 2509 3070 2574 ἀξίωσιν
3116 2506 3500 2580 παρεδέξαντο,
3544 2505 3767 2576 ἄνδρας,

2185 2605 2280 2669 οὓς
2319 2605 2577 2675 συνῆλθον
2616 2608 2818 2677 κρῖναι,
2850 2604 3089 2675 ἀκρίτως
3125 2605 3455 2674 κατακρῖναι
3507 2603 3605 2655 xui
3634 2603 3772 2654 ἀπε-

2188 2696 2368 2750 λάσαι.
2403 2696 2491 2762 Ἐξ
2522 2691 2598 2750 ὧν
2623 2698 2672 2749 οί
2703 2695 2800 2765 μὲν
2825 2696 2923 2766 τῆς
2973 2694 3281 2763 Ἀνατολῆς,
3321 2692 3635 2763 σχισθέντες
3663 2689 3773 2743 τῶν

2189 2792 2246 2842 ἐν
2293 2789 2550 2859 Σαρδικῇ,
2594 2791 2650 2842 ἐν
2706 2792 2770 2859 τῇ
2813 2788 3077 2841 Φιλίππου
3135 2786 3286 2838 πόλει
3328 2784 3774 2855 συναθροίζονται

2184 2882 2276 2934 xui
2313 2881 2373 2935 τὸ
2404 2880 2687 2951 ὁμοούσιον
2724 2880 2823 2932 ούκ
2862 2878 2940 2931 ἔτι
2984 2876 3177 2949 γνώμῃ
3209 2875 3416 2946 ὑφάλῳ,
3453 2875 3569 2928 ἀλλ’
3606 2877 3779 2945 ἐμφα-

2182 2973 2413 3042 νεστάτη
2444 2972 2537 3025 xui.
2563 2970 2815 3040 γλώσσης
2840 2968 3138 3040 θρασύτητι
3168 2965 3650 3037 ἁναθεματίζουσι,
3683 2964 3779 3016 καὶ

2182 3064 2242 3117 τὸ
2277 3064 2528 3134 ἀνόμοιον
2558 3060 2941 3132 δογματίζουσι
2964 3060 3058 3113 xui.
3089 3057 3157 3110 τὰ
3183 3057 3417 3127 δυσσεϐῆ
3442 3056 3779 3127 ψηφίσματα

2186 3154 2462 3224 πανταχοῦ
2510 3152 2945 3222 διαπέμπονται’
2991 3151 3041 3203 οἱ
3081 3148 3138 3202 δὲ
3190 3150 3249 3201 ἐν
3288 3148 3527 3218 Σαρδικῇ
3559 3148 3779 3217 πρῶτον

2186 3247 2286 3317 μὲν
2312 3246 2418 3299 τῶν
2448 3242 2859 3313 ἀποσχισόωτων
2899 3242 3113 3313 ἐρήμην
3142 3237 3587 3309 κατεψηφίσαντο
3605 3255 3618 3267 ·
3657 3234 3782 3293 εἶτα

2182 3340 2310 3402 τοὺς
2362 3335 2679 3391 Ἀθανασίου
2719 3333 3082 3403 κατηγόρους,
3128 3329 3494 3399 συκοφαντίας
3522 3329 3775 3393 ἁλόντας,

2184 3427 2505 3498 καθαιροῦσι
2532 3426 2624 3479 τοῦ
2658 3424 2968 3495 ἀξιώματος
2992 3440 3004 3454 ⁸
3039 3423 3133 3475 xui.
3162 3424 3342 3494 τρίτον
3363 3423 3463 3492 τῆς
3494 3424 3553 3474 ἐν
3569 3419 3777 3491 Νικαίᾳ

2192 3519 2410 3575 συνόδου
2440 3516 2531 3570 τὸν
2573 3517 2697 3588 ὅρον
2728 3514 3076 3586 κρατύνουσι.
3115 3514 3209 3567 καὶ
3244 3511 3684 3583 ἀνακηρύττουσι
3719 3510 3787 3564 τὸ

2191 3610 2513 3679 ὀμοούσιον
2534 3607 2625 3660 ἐπὶ
2648 3609 2802 3671 πᾶσι,
2837 3607 2898 3659 τὸ
2927 3606 3208 3674 ἀνόμοιον
3220 3604 3278 3658 δέ
3312 3602 3780 3675 ἀποκηρύττουσι.

2191 3701 2301 3754 Καὶ
2329 3697 2633 3768 γράμματα
2666 3696 2802 3768 πρὸς
2831 3696 3009 3759 πάσας
3040 3696 3137 3760 τὰς
3174 3696 3500 3766 οἰκουμένης
3547 3694 3786 3766 Ἐκκλη-

2192 3790 2312 3853 σίας
2338 3789 2753 3859 διαπέμπονται.
2773 3788 2937 3852 Γνοὺς
2955 3787 2997 3841 δ’
3021 3788 3048 3839 6
3066 3786 3172 3839 τῶν
3204 3786 3507 3860 Ἐσπερίων
3524 3786 3784 3856 βασιλεὺς

2190 3882 2258 3936 τά
2303 3881 2444 3935 κατὰ
2485 3881 2584 3952 τὴν
2634 3881 2907 3953 Σαρδικὴν
2942 3877 3346 3950 συνενεχθέντα,
3404 3879 3649 3933 διδάσκει
3682 3878 3784 3951 μὲν

2191 3973 2506 4043 παραυτίκα
2537 3973 2629 4026 τὸν
2663 3973 2908 4041 ἀδελφὸν,
2958 3971 3285 4043 ἀποδοθῆναι
3320 3971 3375 4025 δὲ
3429 3971 3634 4041 Παύλῳ
3688 3971 3786 4027 καὶ

2204 4064 2504 4135 Ἀθανασίῳ
2537 4064 2631 4117 xui
2665 4067 2777 4127 τοῖς
2817 4065 2944 4135 περὶ
2978 4065 3175 4127 αὐτοὺς
3205 4063 3331 4127 τοὺς
3371 4064 3611 4126 οἰκείους
3659 4061 3786 4133 θρό-

2190 4173 2314 4217 νους
2362 4154 2478 4225 ἅμα
2517 4154 2617 4225 μὲν
2666 4155 2919 4227 παρῄνει,
2958 4154 3073 4225 ἅμα
3109 4154 3166 4207 δὲ
3201 4155 3293 4207 καὶ
3353 4154 3780 4225 παρεκελεύετο.

2190 4245 2300 4298 Καὶ
2360 4245 2677 4309 Ἀθανάσιος
2729 4246 2827 4316 μὲν
2876 4244 3230 4298 ὑπεστέλλετο
3278 4244 3379 4307 τὰς
3410 4244 3521 4298 τῶν
3569 4246 3787 4317 Ἀρεια-

2190 4338 2296 4392 νῶν
2328 4338 2641 4402 ἐπιϐουλὰς,
2674 4339 2768 4391 xui.
2796 4339 2860 4407 τῇ
2900 4336 3082 4407 Ῥώμῃ
3111 4335 3471 4408 προσέδρευεν
3495 4354 3507 4366 ·
3539 4339 3569 4390 6
3596 4337 3654 4391 δὲ
3682 4336 3785 4406 τῆς

2196 4428 2413 4491 Δύσεως
2450 4427 2701 4497 βασιλεὺς
2733 4428 2895 4481 πάλιν
2927 4427 3126 4497 γράφει
3156 4426 3422 4495 τάδελφῷ,
3460 4427 3558 4488 ὡς,
3596 4427 3647 4479 εί
3684 4424 3783 4495 μὲν

2197 4517 2495 4589 προθύμως
2524 4516 2871 4588 προσδέχοιτο
2897 4516 2989 4569 τὸν
3014 4516 3198 4586 ἄνδρα,
3225 4515 3320 4569 xui.
3345 4515 3438 4568 τὸν
3466 4514 3787 4586 ἀρχιερατι-

2196 4608 2291 4661 κὸν
2328 4607 2617 4663 ἀποδίδωσι
2651 4607 2859 4678 θρόνον,
2899 4607 3115 4677 ἕτοιμός
3151 4608 3296 4661 ἐστιν
3338 4606 3652 4678 ἐκπέμπειν
3691 4606 3785 4661 τὰν

525 4696 879 4760 ᾎθανάσιονο
908 4701 957 4751 εἰ
983 4698 1039 4752 δὲ
1072 4700 1145 4768 μὴ
1184 4698 1445 4769 βούλοιτο,
1481 4699 1643 4762 αὐτὸς
1675 4699 1742 4751 δι’
1778 4698 1970 4755 ἐαυτοῦ
2006 4699 2098 4753 τοῦ
2137 4699 2345 4754 δικαίου
2369 4702 2651 4772 γενήσοιτο
2676 4700 2934 4772 τιμωρός.

585 4790 683 4848 ω.
711 4789 956 4845 Metuens
988 4792 1169 4862 itaque
1194 4792 1564 4858 Constantius,
1600 4793 1797 4848 litteris
1830 4796 1945 4848 suis
1980 4809 2080 4849 non

2268 4796 2351 4851 10.
2397 4796 2733 4850 Καθίσταται
2758 4795 2822 4865 δὴ
2855 4796 2883 4846 6
2916 4794 3290 4857 Κωνστάντιος
3319 4795 3398 4857 είς
3431 4793 3549 4857 δέος
3578 4795 3672 4846 xu‘t
3693 4792 3784 4848 διὰ

514 4884 708 4948 semel,
740 4898 918 4952 neque
952 4884 1033 4940 his
1081 4894 1315 4953 tantum,
1347 4888 1441 4941 sed
1488 4899 1657 4954 usque
1690 4886 1869 4950 tertio.
1902 4887 2095 4955 perhu-

516 4974 755 5033 maniter
793 4983 957 5045 atque
1009 4977 1206 5032 blande
1258 4978 1325 5031 ad
1376 4992 1436 5031 se
1462 4986 1621 5031 vocat
1654 4978 2091 5033 strenuissimum

518 5064 898 5120 Athanasium.
942 5067 1112 5133 Quem
1145 5067 1455 5123 Occidentis
1487 5068 1780 5136 imperator
1807 5086 1927 5125 cum
1958 5069 2093 5123 mul—

514 5155 588 5221 tis
640 5158 970 5213 satellitibus
1018 5160 1204 5215 mittit.
1243 5158 1416 5214 Julius
1451 5159 1579 5213 item
1633 5158 1876 5228 pontifex
1930 5159 2093 5213 variis

521 5263 648 5306 eum
682 5250 926 5320 epistolis
955 5252 1108 5321 quasi
1137 5250 1336 5306 viatico
1364 5251 1736 5306 communivit.
1785 5250 2092 5305 Advenien-

519 5346 628 5397 tem
659 5354 823 5409 porro
851 5340 1207 5394 Constantius
1244 5339 1300 5393 iu
1336 5340 1614 5408 proprium
1650 5338 1893 5394 restituit
1944 5339 2093 5392 thro-

520 5444 674 5498 num,
716 5429 949 5489 comiter
1016 5430 1167 5497 prius
1240 5429 1763 5497 increpatum:Cuin
1818 5427 2093 5496 aufugisti,

477 5514 497 5540 θ’
521 5524 619 5585 ait,
652 5536 905 5591 magnam
943 5520 1076 5575 mihi
1127 5518 1383 5588 irrogasti
1431 5516 1846 5580 contumeliam,
1881 5517 2094 5573 tametsi

523 5627 579 5669 te
636 5613 952 5668 humaniter
1006 5620 1249 5666 tractare
1301 5610 1619 5680 cogitarem.
1668 5606 1867 5661 Verum
1932 5622 2094 5661 unam

519 5703 631 5774 jam
661 5705 795 5761 mihi
829 5703 1074 5760 conferto
1096 5704 1346 5774 gratiam.
1380 5702 1472 5756 Ille
1512 5716 1573 5756 se
1604 5699 1740 5755 dixit
1768 5714 1867 5768 pro
1893 5699 2096 5756 viribus

492 5834 493 5841 η
524 5793 843 5872 imperatori
874 5795 1148 5853 facturum
1184 5794 1339 5863 satis.
1364 5792 1502 5850 Tum
1532 5790 1878 5851 Constantius
1910 5802 2095 5871 postu-

2201 4887 2543 4958 γραμμάτων
2564 4886 2661 4956 οὺχ
2698 4884 2865 4951 ἅπαξ,
2892 4884 3028 4938 ἀλλά
3055 4884 3147 4937 xui.
3176 4884 3258 4947 δίς
3290 4886 3384 4937 xui.
3409 4886 3533 4954 τρὶς
3560 4885 3785 4938 σταλέν-

2198 4994 2326 5041 των,
2363 4977 2665 5045 ἐπαγωγῶν
2694 4993 2752 5029 τε
2785 4974 2879 5028 xui.
2911 4974 3263 5046 θελκτηρίων,
3296 4975 3451 5029 καλεῖ
3490 4977 3630 5047 πρὸς
3657 4979 3785 5031 ἐαυο

2197 5068 2289 5121 τὸν
2332 5069 2422 5120 τὸν
2472 5067 2768 5121 πολύαθλον
2827 5066 3174 5120 Ἀθανάσιονο
3233 5067 3326 5119 xui.
3379 5066 3520 5135 μετά
3576 5067 3783 5134 πολλῆς

2195 5157 2520 5230 δορυφορίας
2548 5159 2863 5212 ἀποστέλλει
2893 5156 3079 5210 τοῦτον
3108 5160 3135 5211 6
3177 5158 3276 5228 τῆς
3312 5159 3584 5228 Ἑσπέρας
3623 5159 3781 5228 βασιςα

2195 5249 2339 5312 λεὺς,
2384 5250 2478 5302 xui.
2523 5249 2740 5302 Ἰουλίου
2792 5248 2885 5301 τοῦ
2930 5249 3229 5319 ἀρχιερέως
3256 5249 3581 5318 γράμμασιν
3616 5249 3780 5303 αὐτὸν

2192 5340 2469 5410 διαφόροις
2504 5338 2904 5408 ἐφοδιάζοντος·
2942 5340 3315 5402 Κωνστάντιος
3355 5340 3411 5391 δὲ
3461 5356 3782 5410 παραγεγο-

2195 5431 2323 5485 νότα
2354 5433 2432 5493 είς
2456 5430 2547 5484 τὸν
2572 5432 2767 5483 οἰκεῖον
2798 5429 2983 5499 θρόνον
3015 5428 3461 5498 ἀποκαθίστησιν,
3495 5430 3777 5501 ὑφειμένῳ

2197 5522 2459 5592 πρότερον
2512 5518 2795 5591 ὀνειδισμῷ
2844 5519 3265 5574 καθυποϐαλών⁹
3323 5520 3591 5591 Ἀποδράς
3646 5522 3773 5593 γὰρ,

2202 5612 2375 5680 ἔλεγε,
2407 5611 2646 5683 μεγάλην
2693 5609 2825 5681 ἐμοῦ
2856 5610 3120 5682 λοιδορίαν
3154 5610 3439 5680 κατέχεας,
3488 5611 3667 5663 καίτοι
3708 5628 3777 5680 γε

2204 5705 2331 5773 περὶ
2362 5704 2454 5756 σοῦ
2496 5703 2845 5774 φιλάνθρωπα
2875 5703 3221 5774 μελετῶντος.
3248 5702 3391 5772 Πλὴν
3419 5702 3556 5755 ἀλλά
3577 5720 3641 5772 γε
3680 5702 3778 5758 νῦν

2206 5782 2330 5871 μίαν
2367 5810 2456 5867 μοι
2482 5793 2623 5847 δίδου
2649 5794 2827 5867 χάριν.
2862 5795 2921 5849 ‘O
2945 5794 3118 5865 δὲτὴν
3148 5793 3287 5849 κατά
3309 5792 3536 5869 δύναμιν
3559 5793 3778 5867 ἕτοιμος
