3990 6518
1256 386 1315 443 S.
1355 382 1729 440 ATHANASII
1776 382 1933 440 VITA
1976 384 2063 439 EX
2104 384 2381 441 PHOTIO.

3275 402 3429 442 CCXI!

191 514 312 571 εἶναι
330 514 662 584 διωμολόγει
690 511 1037 584 χαρίζεσθαι.
1067 509 1177 562 Kal.
1195 510 1222 562 ὁ
1242 507 1616 569 Κωνστάντιος
1644 506 1753 577 μίαη

1873 507 1948 562 lat
1980 523 2141 562 unam
2206 522 2270 563 ex
2325 506 2709 561 Alexandrinis
2758 506 3017 562 Ecclesiis
3064 505 3280 561 Arianis
3334 521 3431 575 pro

189 606 458 679 ἐκκλησίαν
498 606 616 659 τῶν
654 608 714 657 ὲν
742 603 1119 674 Ἀλεξανδρεία
1147 602 1396 671 ἐπιζητεῖ
1420 603 1529 663 τοῖς
1559 601 1767 671 Ἀρεια-

191 704 284 761 νσῖς
306 698 523 767 δοθῆναι
550 700 947 768 συνακτήριον.
974 697 1029 747 Ὀ
1050 695 1105 747 δὲ
1123 695 1222 747 ούκ
1238 695 1487 756 ἀπεῖπεν,
1509 692 1765 745 συνάπτει

189 792 235 845 δὲ
261 791 325 859 τῇ
351 788 658 842 καταθέσει
694 790 747 840 εἰ
783 791 878 841 καὶ
911 788 1283 847 Κωνστάντιος
1323 787 1380 836 ὲν
1419 785 1763 835 Κωνσταντι-

187 879 408 935 νουπὸλει
447 879 586 949 μίαν
618 882 740 941 τοῖς
776 878 1049 950 ὀμοδόξοις
1074 878 1139 946 ἢν
1170 876 1320 927 οὔπω
1352 870 1495 943 εἶχον
1530 873 1764 943 ἐγχειρί-

188 984 301 1022 σειε.
349 969 751 1032 Κωνστάντιος
786 967 843 1021 δὲ
881 966 1171 1038 προθύμως
1220 981 1280 1016 τε
1335 964 1428 1015 καὶ
1470 963 1565 1014 σὺν
1600 961 1760 1031 ἡδονῇ

186 1057 546 1128 ἐπηγγείλατο.
596 1058 829 1127 Ἦνγνόει
857 1057 912 1109 δὲ
945 1058 1049 1127 ἄρα
1076 1054 1258 1107 λυπῶν
1287 1054 1353 1107 τὰ
1384 1053 1613 1123 μέγιστα
1638 1052 1763 1113 τοὺς

183 1151 488 1221 ὁμόφρονας.
530 1150 691 1221 Πλὴν
745 1148 1119 1215 καταπλαγεὶς
1162 1146 1259 1216 τὴν
1306 1144 1399 1197 τοῦ
1445 1143 1760 1196 Ἀθανασίου

184 1243 371 1295 σύνεσίν
400 1258 461 1294 τε
485 1244 589 1295 καὶ
616 1242 931 1311 ἀγχίνοιαν,
956 1240 1029 1303 ὡς
1049 1239 1390 1309 προείρηται,
1417 1235 1554 1307 μετά
1580 1238 1761 1305 πάσης

180 1333 313 1403 δόξης
348 1335 440 1387 καὶ
488 1334 676 1403 τιμῆς
726 1333 1025 1403 ἐκπέμπει,
1069 1332 1293 1402 γράφων
1343 1330 1436 1382 καὶ
1485 1328 1620 1399 πρὸς
1669 1328 1759 1380 τὸν

180 1426 558 1495 Αύγουστάλιον
618 1426 693 1479 τά
727 1443 789 1478 τε
841 1425 973 1479 ἄλλα
1015 1422 1103 1476 διὰ
1147 1423 1570 1492 σεϐασμιότητος
1608 1420 1759 1489 ἄγειν

180 1518 333 1579 αὐτὸν,
367 1518 460 1569 καὶ
500 1518 697 1571 πάντα
728 1512 813 1579 οἷς
837 1516 996 1569 αὑτὸν
1025 1516 1182 1578 αὐτὸς
1214 1531 1270 1566 τε
1305 1513 1397 1565 καὶ⁸
1419 1514 1467 1564 oi
1492 1514 1588 1565 σὺν
1612 1511 1758 1581 αύτῷ

180 1608 626 1677 κατεῂφίσαντο,
665 1609 732 1660 τὸ
782 1608 984 1678 ἄκυρον
1032 1607 1122 1659 καὶ
1170 1606 1526 1675 ἀνενέργητον
1578 1605 1752 1674 ἔχειν’

315 1717 372 1766 γε
403 1700 468 1770 δὴ
507 1700 613 1752 καὶ
652 1699 753 1751 τὸν
803 1699 895 1751 ὑπ’
944 1698 1089 1768 αύτῷ
1122 1697 1322 1766 κλῆρον
1350 1696 1445 1766 τὴν
1490 1696 1756 1767 προτέραν

177 1794 309 1861 τιμὴν
340 1793 433 1844 καὶ
467 1792 671 1862 πάσης
704 1791 972 1861 δημοσίου
1004 1789 1303 1859 ὑπηρεσίας
1331 1787 1619 1841 ἀναλαϐεῖν
1653 1788 1753 1856 τὴν

1869 601 2221 654 conventibus
2255 599 2595 655 celebrandis
2628 599 2787 655 tradi.
2823 598 2933 654 Nec
2966 599 3152 654 abnuit
3185 598 3427 669 Athana-

1871 691 2021 757 sius,
2042 693 2364 759 adjecilque,
2399 691 2688 745 dummodo
2716 705 2875 743 unam
2906 688 3255 744 Constantius
3284 689 3428 742 Con-

1867 784 2239 853 stantinopoii,
2273 785 2339 838 iis
2368 786 2457 853 qui
2496 798 2677 837 secum
2709 783 2976 837 sentirent
3002 781 3296 834 Eeclesiam
3326 788 3433 832 tra-

1866 873 2037 937 deret,
2094 876 2183 929 ubi
2246 875 2389 927 nulla
2442 875 2808 944 potiebantur.
2867 872 3021 939 Quod
3086 872 3432 927 Constantius

1865 966 2093 1021 libenter
2128 982 2189 1020 ac
2222 976 2466 1035 prompte
2520 967 2769 1036 promisit
2814 967 3031 1037 ignarus
3081 981 3140 1021 se
3197 979 3290 1019 eos
3340 966 3431 1033 qui

1875 1072 2061 1111 secum
2118 1058 2383 1111 sentirent
2430 1072 2641 1112 summo
2674 1056 2883 1111 allicere
2930 1056 3131 1110 dolore.
3165 1054 3431 1109 Caeterum

1863 1163 2127 1201 summam
2184 1148 2463 1201 Athanasii
2500 1148 2839 1217 prudentiam
2864 1186 2878 1212 ,
2944 1148 3249 1217 ingeniique
3285 1148 3429 1201 acri-

1862 1239 2097 1293 moniam
2121 1239 2367 1303 miratus,
2398 1254 2541 1303 eum,
2568 1240 2643 1293 uti
2673 1240 2925 1305 diximus,
2951 1255 3159 1296 summa
3179 1256 3300 1294 cum
3320 1239 3433 1309 glo—

1861 1331 1939 1384 ria
1954 1339 2007 1384 et
2029 1332 2229 1386 honore
2251 1332 2472 1386 dimisit.
2502 1331 2719 1387 Litteris
2736 1332 3045 1402 Augustalio
3065 1332 3280 1400 jubens,
3305 1348 3431 1390 eum

1861 1437 1985 1477 cum
2028 1425 2374 1479 veneratione
2404 1425 2646 1485 tractari,
2678 1434 2839 1491 atque
2861 1426 3038 1480 omnia
3067 1441 3186 1494 quae
3213 1425 3294 1479 vel
3320 1426 3431 1495 ipse

1859 1512 2237 1581 Constantius,
2276 1515 2359 1569 vel
2407 1516 2489 1569 sui
2526 1516 2786 1569 adversus
2819 1530 2942 1568 eum
2990 1515 3430 1585 promulgassent

1860 1606 2015 1660 Irrita
2071 1607 2268 1673 forent,
2315 1621 2379 1660 ac
2419 1606 2623 1661 clerum
2664 1606 2805 1660 illius
2840 1607 3064 1675 pristino
3094 1607 3303 1663 restitui
3334 1606 3430 1659 ho-

1860 1697 2001 1761 nori,
2032 1697 2342 1767 publicique
2383 1698 2667 1751 ministerii
2708 1698 3109 1751 immunitatem
3162 1699 3429 1767 recipere.

1859 1788 1992 1843 Cum
2046 1790 2224 1858 itaque
2257 1790 2589 1845 Athanasius
2646 1790 3037 1860 Jerosolymam
3074 1788 3429 1860 pervenisset,

176 1844 479 1950 ἐλευθερίαν.
507 1844 874 1933 Καταλαϐὼν
900 1876 989 1931 οὖν
1014 1882 1041 1931 ὁ
1079 1844 1392 1939 ’Ᾰθανάσιος
1417 1876 1485 1928 τά
1528 1844 1753 1946 Ὶεροσύ-

1860 1879 2258 1950 Maximumque
2292 1882 2384 1935 Dei
2423 1882 2729 1950 pontificem
2781 1892 2835 1936 et
2865 1882 3231 1936 confessorem
3264 1881 3432 1933 adiis-

173 1970 311 2041 λυμα,
345 1974 439 2024 καὶ
467 1972 733 2041 Μαξίμῳ
775 1970 852 2039 τῷ
886 1972 1127 2040 ἀρχιερεῖ
1157 1968 1250 2021 τοῦ
1282 1967 1415 2020 Θεοῦ
1446 1968 1536 2019 καὶ
1561 1966 1752 2036 ὁμολο-

172 2065 285 2131 ττγτῇ
330 2062 612 2115 συνελθὼν
661 2064 751 2124 εἰς
800 2063 925 2131 ὄψιν
966 2079 1023 2114 τε
1057 2061 1150 2114 καὶ
1195 2059 1429 2129 ὁμιλίαν,
1474 2060 1543 2111 τά
1593 2074 1650 2111 τε
1696 2060 1753 2109 ἐν

170 2153 371 2223 Σαρδικῇ
396 2153 912 2225 διαπεπραγμένα,
932 2154 1023 2206 καὶ
1038 2153 1112 2214 ὡς
1133 2152 1267 2222 πρὸς
1285 2150 1444 2203 αὐτὸν
1463 2150 1748 2203 Κωνστάν-

170 2260 259 2305 stoc,
298 2245 509 2315 διετέθη
566 2240 1064 2313 ἀναδιδαξάμενος,
1112 2242 1325 2295 σύνοδον
1361 2241 1610 2312 ἀθροῖσαι
1661 2240 1753 2291 τὸν

169 2334 480 2405 ὁμολογητὴν
515 2334 1006 2405 καταπράττεται.
1050 2334 1158 2386 Καὶ
1187 2336 1218 2403 ἡ
1255 2332 1469 2395 σύνοδος
1510 2331 1589 2402 τῷ
1624 2330 1754 2383 θαυ-

172 2423 332 2492 μαστῷ
367 2424 695 2494 Ἀθανασίῳ
721 2425 823 2476 καὶ
846 2424 944 2495 τὴν
978 2424 1253 2476 κοινωνίαν
1290 2424 1383 2475 καὶ
1410 2422 1469 2475 τὸ
1495 2425 1753 2496 ἀρχιερα-

167 2515 290 2567 τικὸν
334 2516 559 2586 ἀξίωμα
630 2515 1055 2585 ὲπιψηφίζεται.
1112 2515 1221 2567 Καὶ
1278 2514 1476 2585 γράφει
1530 2521 1642 2577 τοῖς
1696 2518 1753 2569 ὲν

177 2604 529 2675 ’Δλεξανδρείᾳ
574 2606 683 2659 καὶ
720 2605 876 2677 πάσῃ
904 2608 967 2674 τῇ
1001 2621 1058 2656 τε
1103 2605 1362 2673 Αἰγύπτῳ
1392 2606 1485 2657 καὶ
1514 2604 1688 2677 Λιϐύῃ
1718 2604 1754 2659 ἃ

170 2698 271 2767 περὶ
324 2698 667 2753 Ἀθανασίου
727 2699 875 2766 ἔγνω
931 2715 989 2750 τε
1032 2699 1126 2751 καὶ
1175 2698 1517 2769 διεπράξατο.
1590 2700 1645 2751 Ὀ
1698 2699 1753 2752 δὲ

164 2794 379 2855 γενναῖος
429 2786 602 2854 οὗτος
652 2790 923 2860 ἀθλητὴς,
968 2794 1033 2860 τῇ
1090 2790 1463 2860 Ἀλεξανδρείᾳ
1505 2790 1750 2857 ἐπιστὰς,

164 2882 345 2948 καθίζει
377 2885 475 2937 καὶ
502 2883 691 2946 αὐτὸς
718 2882 1024 2953 ἀρχιερέων
1052 2882 1108 2947 ἐξ
1142 2882 1414 2949 Αἰγύπτου
1441 2900 1499 2934 τε
1527 2885 1619 2936 καὶ
1659 2884 1753 2935 Λι-

161 2972 274 3043 ϐύης
296 2975 559 3043 σύλλογον
582 2991 598 3004 ο
647 2973 752 3025 καὶ
773 2973 913 3043 αὐτὴ
947 2972 1133 3040 (α)τάς
1151 2973 1341 3041 ὁμοίας
1378 2973 1470 3027 κα)⁵
1502 2972 1751 3043 ἀπαραλ-

161 3063 362 3128 λάκτους
391 3067 631 3137 ψήφους
679 3067 806 3127 ταῖς
852 3066 909 3116 ὲν
948 3063 1179 3135 Σαρδικῇ
1212 3064 1304 3115 καὶ
1363 3062 1750 3133 Ἰεροσολύμοις

1857 1982 1959 2037 set,
1988 1972 2286 2027 collocutus
2317 1989 2438 2027 cum
2474 1989 2539 2027 eo
2572 1984 2653 2027 est
2688 1975 2752 2027 dc
2782 1976 2942 2028 rebus
2973 1973 3211 2028 Sardicae
3238 1974 3427 2041 gestis,

1855 2064 2025 2133 deque
2047 2065 2344 2119 Constantii
2364 2080 2487 2132 erga
2513 2080 2570 2120 se
2593 2063 2808 2130 affectu,
2834 2081 2895 2120 ac
2922 2064 3217 2120 confessori
3244 2073 3431 2117 auctor

1855 2153 1955 2207 fuit
1983 2155 2233 2224 cogendae
2257 2156 2467 2226 synodi.
2496 2155 2623 2220 Quae
2648 2157 2885 2227 synodus
2940 2157 3255 2209 admirando
3309 2155 3427 2208 viro

1855 2245 2148 2300 Athanasio
2181 2255 2236 2299 et
2269 2247 2701 2302 communionem
2748 2256 2802 2303 et
2860 2246 3220 2317 pontificalem
3250 2245 3429 2314 digni-

1856 2345 2016 2390 tatem
2050 2338 2262 2391 restitui
2311 2339 2570 2395 decrevit.
2604 2338 2838 2407 Scripsit
2876 2338 3004 2393 item
3043 2330 3426 2391 Alexandrinis

1854 2428 2105 2483 omnibus
2133 2443 2334 2497 perque
2349 2430 2639 2501 ASgypIum
2660 2439 2713 2484 et
2730 2429 2947 2499 Libyam
2964 2444 3051 2483 res
3068 2444 3096 2483 a
3115 2444 3171 2482 se
3187 2429 3428 2482 Albana-

1855 2518 1919 2572 sii
1954 2532 2118 2573 causa
2150 2528 2331 2587 gestas
2357 2529 2411 2575 et
2443 2529 2689 2574 statutas.
2719 2518 3026 2573 Generosus
3057 2526 3229 2571 autem
3258 2517 3427 2570 athle-

1856 2618 1933 2675 ta,
1970 2609 2351 2665 Alexandriam
2399 2626 2521 2665 cum
2568 2612 2838 2673 venisset,
2892 2610 3155 2679 synodum
3199 2617 3256 2663 et
3314 2610 3429 2677 ipse

1854 2709 2114 2755 convocat
2143 2702 2523 2771 episcoporum
2560 2702 2775 2773 Egypti
2811 2710 2864 2756 et
2894 2701 3096 2771 Libym.
3124 2702 3251 2767 Quae
3278 2702 3431 2755 sitni-

1855 2792 1923 2846 lia
1949 2793 2168 2849 omnino
2196 2794 2413 2850 decreta
2467 2796 2584 2849 tulit
2616 2796 2681 2849 iis
2706 2809 2826 2863 qua“:
2857 2792 3096 2848 Sardicae
3129 2805 3180 2847 et
3215 2792 3433 2848 Jeroso-

1853 2885 2011 2956 Iymis
2053 2894 2253 2940 statuta
2292 2887 2522 2941 fuerant.
2556 2888 2755 2943 Verum
2794 2902 2919 2941 cum
2971 2886 3309 2955 Magnentius
3352 2894 3433 2954 ly-

1856 2976 2136 3029 rannidem
2168 2984 2459 3043 occuparet
2521 2991 2585 3030 ac
2642 2975 3001 3029 interfecisset
3048 2976 3431 3043 imperatorem

1856 3065 2183 3130 Occidentis,
2213 3080 2429 3119 rursum
2478 3065 2662 3119 Ariani
2697 3064 2969 3134 pulverem
3020 3072 3253 3127 movent,
3286 3063 3427 3116 Con-

161 3158 369 3222 σννὸδοις
398 3158 754 3229 ψηφίζεται.
795 3154 954 3208 Ἀλλά
986 3155 1092 3225 γάρ
1120 3153 1452 3223 Μαγνεντίου
1481 3155 1751 3225 τυραννίδι

1859 3154 2115 3209 stantium
2149 3154 2377 3219 scilicet,
2420 3154 2680 3209 adversus
2711 3168 3030 3222 generosum
3071 3153 3428 3206 Athanasium

160 3248 478 3320 ἐπιθεμένου,
503 3251 615 3303 καὶ
642 3248 742 3301 τὸν
775 3246 1127 3316 βασιλεύοντα
1153 3247 1251 3316 τῆς
1275 3245 1489 3309 Δύσεως
1511 3246 1752 3315 διαφθεί-

161 3357 345 3408 ραντος,
378 3344 427 3396 οἱ
458 3341 522 3406 ἐξ
569 3339 805 3409 Ἀρείου
840 3338 997 3391 πάλιν
1026 3339 1115 3390 τὸν
1161 3338 1433 3407 κονιορτὸν
1468 3339 1759 3392 Κωνστάν-

158 3447 249 3485 τιον
283 3434 423 3487 κατὰ
461 3432 566 3486 τοῦ
617 3429 933 3483 πολυάθλου
969 3430 1417 3500 ἀναῤῥιπίζουσν
1460 3431 1553 3482 καὶ
1594 3430 1755 3483 πάλιν

156 3522 211 3575 τὲ
249 3526 343 3597 τῆς
382 3525 673 3586 ἀσεϐείας
721 3521 1051 3593 ψηφίσματα
1076 3562 1090 3586 ,
1133 3523 1227 3574 καὶ
1273 3522 1431 3575 πάλιν
1479 3523 1623 3593 φυγὴ
1659 3522 1753 3575 καὶ

156 3615 296 3668 πάλιν
336 3616 569 3687 ἔρευνα,
634 3614 739 3667 καὶ
776 3612 942 3667 πάλιν
991 3613 1342 3684 ἀναζήτησις.
1389 3615 1495 3667 Ναὶ
1543 3614 1606 3683 δὴ
1659 3614 1755 3667 καὶ

158 3703 191 3757 Γ
190 3704 403 3776 εώργιος
449 3709 481 3760 ὁ
514 3710 629 3777 τῆς
677 3704 1076 3775 Ἀλεξανδρέων
1110 3705 1316 3768 πόλεως
1364 3706 1616 3776 ἀρπάσας
1663 3705 1753 3758 τὸν

159 3794 321 3864 θρόνον
355 3800 477 3870 ἅμα
512 3799 645 3859 τοῖς
690 3796 830 3866 περὶ
868 3795 1115 3849 Ἀκάκιον
1164 3797 1258 3849 καὶ
1300 3796 1655 3866 Πατρόφιλον,
1706 3797 1753 3847 οἱ

156 3886 240 3957 τῆς
280 3888 491 3959 Ἀρείου
522 3887 812 3957 φατρίας,
845 3884 1215 3956 ὲξωθήσαντες
1257 3886 1639 3958 Ἰεροσολύμων
1667 3886 1756 3939 τὸν

155 3980 475 4053 ὁμολογητὴν
508 3980 816 4050 Μάξιμον,
855 3978 1229 4046 ἀντεισάγουσι
1272 3978 1559 4049 Κύριλλον.
1608 3978 1664 4031 Ὀ
1701 3978 1757 4032 δὲ

153 4072 391 4147 δυσσεϐὴς
424 4074 752 4144 Γεώργιος,
782 4069 1051 4122 τοσούτων
1077 4070 1176 4140 τὴν
1222 4070 1611 4141 Ἀλεξανδρέων
1665 4069 1752 4120 ὲν-

154 4164 336 4236 έπλησε
350 4166 577 4228 κακῶν,
598 4165 685 4226 ὡς
707 4163 781 4215 τά
798 4164 910 4224 τοῖς
934 4162 1154 4233 Ἕλλησι
1168 4162 1308 4215 κατὰ
1324 4160 1663 4233 Χριστιανῶν
1675 4177 1757 4212 το-

155 4251 406 4325 λμηθέντα
441 4252 894 4325 φιλανθρωπίαν
924 4252 1254 4321 νομίζεσθαι.
1295 4252 1554 4322 Αἰκισμοί
1585 4249 1757 4321 τεγάρ

154 4348 400 4415 σωμάτων
414 4350 652 4409 καιναῖς
672 4342 953 4405 ἐπινοίαις
965 4345 1270 4415 ἀφορήτους
1282 4345 1536 4414 φέροντες
1548 4343 1645 4405 τὰς
1666 4341 1759 4395 άλ-

1858 3244 2153 3299 concitant.
2203 3241 2340 3298 Ilinc
2393 3258 2609 3297 rursum
2671 3242 2836 3310 impia
2891 3243 3149 3308 decreta,
3211 3257 3428 3297 rursum

1858 3334 1984 3404 fuga
2019 3374 2034 3399 ,
2074 3335 2270 3388 iterum
2325 3334 2644 3404 perquisitio
2696 3341 2750 3388 et
2802 3333 3166 3402 investigatio.
3220 3334 3429 3388 Interea

1856 3424 2118 3494 Georgius
2141 3426 2393 3479 thronum
2426 3423 2682 3478 invadens
2710 3422 3279 3488 Alexandrinum,una
3306 3438 3429 3477 cum

1857 3516 2058 3572 Acacio
2088 3527 2142 3571 et
2186 3515 2501 3585 Patrophilo
2543 3516 2762 3570 Arianis
2795 3515 3127 3581 hominibus,
3159 3514 3432 3584 Jerosoly-

1856 3609 1958 3663 mis
1986 3609 2145 3679 pulso
2175 3610 2488 3662 cont‘cssorc
2525 3607 2780 3672 Maximo,
2816 3609 2869 3660 in
2902 3608 3019 3677 ejus
3047 3608 3221 3661 locum
3255 3606 3431 3675 Cyril-

1856 3703 1967 3757 lum
1993 3701 2349 3755 constituunt.
2389 3700 2589 3768 Impius
2611 3715 2740 3754 vero
2764 3699 3025 3767 Georgius
3051 3707 3126 3752 tot
3158 3698 3430 3765 tantisque

1857 3792 2239 3848 Alexandriam
2274 3790 2499 3860 replevit
2533 3790 2709 3856 malis,
2743 3800 2800 3843 ut
2823 3790 3120 3843 commissa
3155 3804 3184 3842 a
3216 3788 3431 3857 gentili-

1858 3884 1960 3940 bus
1992 3883 2045 3937 in
2080 3881 2424 3938 Christianos
2456 3880 2721 3946 facinora,
2752 3882 2988 3937 humana
3017 3879 3333 3934 viderentur
3364 3880 3431 3933 iis

1859 3984 2193 4046 comparata.
2244 3974 2407 4027 Nova:
2458 3974 2603 4027 enim
2657 3975 2826 4044 plagae
2874 3989 3063 4029 recens
3116 3972 3433 4039 excogitatae

1860 4066 2184 4134 corporibus
2216 4064 2552 4133 inlliguntur,
2588 4078 2705 4131 qua:
2749 4062 3143 4117 intolerandum
3174 4060 3433 4115 afferrent

1861 4158 2125 4214 dolorem.
2152 4156 2296 4227 Ignis
2323 4157 2478 4210 nudis
2509 4157 2805 4225 virginibus
2837 4156 3103 4208 admotus.
3132 4154 3272 4209 Mors
3302 4169 3439 4207 vero.

1864 4248 2066 4303 multos
2083 4248 2205 4301 vita:
2222 4257 2271 4301 et
2288 4246 2566 4316 suppliciis
2580 4246 2793 4315 eripuit.
2810 4244 2944 4298 Tum
2968 4246 3019 4298 in
3056 4244 3245 4298 exsilio
3292 4243 3437 4312 pulsi

1865 4346 1992 4393 sunt
2024 4337 2337 4391 sacerdotes
2385 4346 2437 4389 et
2461 4336 2695 4404 episcopi
2730 4336 2781 4388 in
2804 4335 3034 4405 Egypto
3063 4335 3276 4400 triginta
3300 4334 3425 4387 duo.

150 4441 358 4511 γηδὸνας
376 4442 753 4505 κατέξαινον,
771 4438 869 4490 καὶ
886 4437 994 4508 πῦρ
1014 4455 1081 4503 γυ
1090 4442 1245 4508 μναῖς
1255 4441 1373 4501 ταῖς
1387 4437 1673 4508 παρθένοις
1694 4433 2079 4504 προσεφέρετο·
2105 4432 2197 4485 καὶ
2213 4432 2438 4492 Θάνατος
2456 4429 2680 4491 πολλοὺς
2699 4429 2887 4492 ἄλλους
2901 4430 2990 4481 καὶ
3002 4428 3095 4480 τοῦ
3113 4426 3209 4497 ζῇν
3226 4428 3317 4478 καὶ
3330 4425 3431 4495 τῆς

148 4538 398 4606 τιμωρίας
416 4532 750 4605 ἐξήρπαξε.
788 4531 1049 4599 Γεγόνασι
1085 4533 1177 4584 καὶ
1210 4532 1495 4603 ύπερορίαι
1508 4532 1615 4585 τῶν
1638 4528 1777 4584 κατὰ
1792 4528 1889 4599 τὴν
1908 4524 2181 4593 Αἴγυπτον
2216 4524 2409 4595 ἱερέων
2421 4539 2477 4573 τε
2494 4521 2585 4572 καὶ
2601 4522 2897 4591 ἀρχιερέων
2911 4519 3001 4571 δύο
3014 4518 3427 4588 καιτριάκοντα.

207 4628 288 4683 li.
328 4631 387 4683 Ὀ
414 4632 477 4683 δὲ
511 4626 938 4686 Κωνστάντιος,
969 4624 1287 4695 προσλαϐὼν
1314 4626 1405 4678 καὶ
1439 4625 1534 4696 τὴν
1568 4626 1753 4679 τάδελ-

1931 4620 2019 4674 II.
2056 4620 2410 4674 Constantius
2462 4630 2591 4668 vero
2638 4621 2885 4681 suscepto
2938 4611 3121 4664 fratris
3178 4611 3427 4680 imperio,

148 4722 235 4788 φοῦ
259 4724 460 4794 ἀρχὴν,
486 4723 593 4773 καὶ
609 4716 1085 4787 τοὺςἘσπερίους
1111 4717 1436 4780 ἐπισκόπους
1466 4718 1749 4787 μεθέλκειν

148 4810 215 4874 εἷς
244 4829 302 4864 τε
330 4813 432 4883 τὴν
484 4808 835 4863 Ἀθανασίου
869 4808 1207 4877 κατάκρισιν,
1245 4808 1339 4860 καὶ
1372 4809 1449 4870 εἰς
1476 4807 1573 4878 τὴν
1611 4808 1749 4860 ἰδίαν

149 4904 469 4968 ἐσπούδαζεν
508 4904 759 4973 αἵρεσιν.
793 4898 885 4950 Διὸ
923 4899 1014 4950 καὶ
1050 4898 1262 4951 σύνοδον
1290 4898 1375 4951 διά
1407 4898 1578 4952 ταῦτα
1606 4898 1747 4953 κατὰ

149 4995 462 5049 Μεδιόλανον
516 4993 685 5046 πόλιν
735 4990 840 5059 τῆς
890 4990 1113 5053 Ἰταλίας
1146 4990 1415 5060 ἀθροίζει,
1468 4990 1563 5042 καὶ
1590 4989 1746 5051 τινὰς

148 5088 232 5154 μὲν
258 5088 396 5159 πρὸς
446 5088 672 5140 οἰκεῖον
721 5080 1039 5148 διαστρέφει
1074 5080 1342 5149 βούλημαο
1380 5080 1651 5145 Διονύσιος
1690 5080 1747 5133 δὲ

148 5177 227 5229 καὶ
269 5178 551 5237 Εὐσέϐιος
595 5174 699 5227 καὶ
746 5171 1009 5233 Ῥοδανὸς,
1050 5171 1310 5233 Παυλῖνος
1336 5188 1394 5223 τε
1426 5172 1517 5223 καὶ
1545 5171 1743 5225 Λουκί-

145 5287 250 5338 φερ,
276 5272 338 5323 τὸ
368 5270 593 5323 οἰκεῖον
626 5264 729 5317 καὶ
761 5262 863 5330 τῆς
897 5262 1173 5323 εὐσεϐείας
1213 5262 1286 5330 μὴ
1316 5262 1748 5331 καθυϐρίσαντες

144 5362 407 5431 φρόνημα,
446 5361 553 5413 καὶ
601 5356 721 5409 οὐδ’
767 5352 1084 5404 ’Δθανασίου
1127 5353 1469 5419 καταγνῶναι
1517 5352 1751 5423 ἀνασχό-

144 5468 279 5518 μενοι
328 5454 597 5523 (ᾔδεισαν
640 5446 759 5515 γάρ
796 5443 893 5512 τὴν
939 5444 1252 5496 Ἀθανασίου
1288 5444 1611 5514 κατάκρισιν
1642 5444 1743 5511 τὴν

141 5541 228 5609 τῇς
257 5544 508 5603 πίστεως
557 5532 1025 5609 προοιμιάζεσθαι
1076 5532 1429 5603 καθαίρεσιν),
1485 5536 1542 5585 ἐν
1601 5535 1746 5603 Ἀρι-

143 5633 286 5704 μήνῳ
324 5632 799 5704 ύπερορίζονται-
833 5626 992 5683 Γνοὺς
1038 5626 1090 5678 δὲ
1134 5628 1160 5678 ὁ
1192 5625 1285 5677 τοῦ
1325 5626 1460 5677 Θεοῦ
1491 5627 1745 5697 θεράπων

150 5720 488 5789 ’Δθανάσιος,
516 5723 602 5784 ὼς
631 5718 809 5772 πάλιν
851 5715 968 5767 κατ’
1001 5715 1159 5768 αὐτοῦ
1199 5716 1519 5787 πικρότερον
1547 5734 1606 5769 τε
1651 5716 1747 5768 καὶ

1858 4710 2260 4778 Occidentales,
2293 4723 2416 4764 cum
2456 4706 2521 4760 ad
2569 4704 2849 4759 Athanasii
2899 4702 3427 4767 condemnationem,

1860 4819 1973 4861 tum
2005 4803 2071 4858 ad
2112 4818 2265 4856 suam
2317 4798 2545 4855 haeresin
2584 4798 2900 4866 pertrahere
2928 4794 3224 4863 satagebat.
3252 4796 3430 4860 Quare

1857 4899 2122 4969 synodum
2149 4896 2203 4949 in
2236 4894 2401 4949 Italiae
2434 4892 2654 4946 civitate
2682 4888 2984 4943 Mediolano
3009 4895 3331 4955 congregat,
3364 4901 3428 4941 ac

1857 4990 2120 5059 quosdam
2159 4988 2229 5042 ibi
2283 4988 2347 5041 ad
2384 5000 2531 5039 suam
2581 4984 2803 5038 abduxit
2840 4982 3191 5036 voluntatem.
3227 4980 3431 5050 Diony-

1857 5084 1971 5137 sius
2000 5097 2152 5146 vero,
2184 5076 2801 5143 Eusebius,Rhodanus,
2828 5074 3085 5130 Paulinus
3106 5083 3158 5129 et
3192 5072 3427 5135 Lucifer,

1857 5173 1947 5240 qui
1983 5188 2135 5226 suam
2170 5171 2426 5238 piamque
2476 5169 2791 5237 religionem
2850 5180 3188 5233 nequaquam
3235 5172 3432 5218 contu-

1862 5264 2019 5317 melia
2055 5260 2311 5326 affecere,
2342 5275 2514 5327 neque
2560 5260 2916 5313 Athanasium
2946 5259 3306 5311 condemnare
3337 5266 3429 5306 vo-

1857 5356 2074 5409 luerunt
2123 5355 2391 5423 (Sciebant
2434 5352 2577 5406 enim
2610 5350 2891 5404 Athanasii
2927 5344 3424 5402 condemnationem

1853 5460 1975 5501 esse
2019 5444 2145 5499 fidei
2198 5442 2667 5500 condentnationis
2711 5441 2863 5510 quasi
2916 5434 3430 5507 prommiurn),Ari-

1855 5536 2063 5590 minum
2104 5535 2395 5588 mittuntur
2450 5534 2501 5586 in
2554 5532 2827 5585 exsilium.
2863 5530 2995 5584 Cum
3047 5532 3229 5579 nosset
3263 5536 3426 5591 porro

1856 5625 1953 5678 Dei
1988 5641 2181 5680 servus
2227 5624 2580 5685 Athanasius,
2621 5624 2925 5676 haireticam
2962 5629 3191 5672 turmam
3234 5616 3423 5669 iterum

1859 5718 2152 5774 adversum
2201 5735 2260 5776 se
2307 5717 2551 5774 acerbius
2605 5730 2665 5769 ac
2730 5710 3006 5768 crudelius
3055 5706 3431 5773 commoveri,

195 5836 275 5919 (α)
318 5838 461 5911 Leg.
489 5836 699 5899 αὐτὸς,
732 5829 964 5891 refertur
1000 5832 1139 5889 enim
1171 5833 1233 5888 ad
1263 5832 1537 5901 σύλλογος.
1564 5831 1747 5906 Enn.”

1859 5844 2000 5887 ῖηοι.
