  <div class='ocr_page' id='page_1' title='image "/cluster/home/n/w/nwhite01/storage/ocr_20150623/25/hvd.32044004972428/229.png"; bbox 0 0 3990 6512; ppageno 0'>
   <div class='ocr_carea' id='block_1_1' title="bbox 1941 361 2474 422">
    <p class='ocr_par' dir='ltr' id='par_1_1' title="bbox 1941 361 2474 422">
     <span class='ocr_line' id='line_1_1' title="bbox 1941 361 2474 422; baseline -0.002 -4"><span class='ocrx_word' id='word_1_1' title='bbox 1941 361 2474 422; x_wconf 78' lang='lat' dir='ltr'><strong>PBOLEGOMENA.</strong></span> 
     </span>
    </p>
   </div>
   <div class='ocr_carea' id='block_1_2' title="bbox 559 477 2117 553">
    <p class='ocr_par' dir='ltr' id='par_1_2' title="bbox 559 478 2111 553">
     <span class='ocr_line' id='line_1_2' title="bbox 559 478 2111 553; baseline -0.005 -13"><span class='ocrx_word' id='word_1_2' title='bbox 559 484 704 540; x_wconf 85' lang='lat' dir='ltr'><strong>clam</strong></span> <span class='ocrx_word' id='word_1_3' title='bbox 727 484 979 539; x_wconf 84' lang='lat' dir='ltr'><strong>omnibus</strong></span> <span class='ocrx_word' id='word_1_4' title='bbox 1004 484 1094 553; x_wconf 89' lang='lat' dir='ltr'><strong>qui</strong></span> <span class='ocrx_word' id='word_1_5' title='bbox 1129 483 1185 537; x_wconf 94' lang='lat' dir='ltr'><strong>in</strong></span> <span class='ocrx_word' id='word_1_6' title='bbox 1219 484 1354 536; x_wconf 85' lang='lat' dir='ltr'><strong>urbe</strong></span> <span class='ocrx_word' id='word_1_7' title='bbox 1378 488 1537 536; x_wconf 90' lang='lat' dir='ltr'><strong>erant</strong></span> <span class='ocrx_word' id='word_1_8' title='bbox 1559 479 1625 534; x_wconf 86' lang='lat' dir='ltr'><strong>ad</strong></span> <span class='ocrx_word' id='word_1_9' title='bbox 1657 478 1922 550; x_wconf 73' lang='lat' dir='ltr'><strong>virginem</strong></span> <span class='ocrx_word' id='word_1_10' title='bbox 1949 492 2111 548; x_wconf 81' lang='lat' dir='ltr'><strong>quam</strong></span> 
     </span>
    </p>
   </div>
   <div class='ocr_carea' id='block_1_3' title="bbox 2222 477 3824 553">
    <p class='ocr_par' dir='ltr' id='par_1_3' title="bbox 2245 477 3824 551">
     <span class='ocr_line' id='line_1_3' title="bbox 2245 477 3824 551; baseline 0.005 -20"><span class='ocrx_word' id='word_1_11' title='bbox 2245 477 2603 550; x_wconf 79' lang='grc' dir='ltr'><strong>φονικώτερον</strong></span> <span class='ocrx_word' id='word_1_12' title='bbox 2629 478 2689 530; x_wconf 84' lang='grc' dir='ltr'><strong>τὸ</strong></span> <span class='ocrx_word' id='word_1_13' title='bbox 2712 478 2986 549; x_wconf 82' lang='grc' dir='ltr'>αιρετικδν</span> <span class='ocrx_word' id='word_1_14' title='bbox 3019 478 3376 550; x_wconf 70' lang='grc' dir='ltr'><strong>παροξύνεται</strong></span> <span class='ocrx_word' id='word_1_15' title='bbox 3404 484 3611 551; x_wconf 78' lang='grc' dir='ltr'>στῖφος,</span> <span class='ocrx_word' id='word_1_16' title='bbox 3643 481 3824 539; x_wconf 81' lang='grc' dir='ltr'>λαθὼν</span> 
     </span>
    </p>
   </div>
   <div class='ocr_carea' id='block_1_4' title="bbox 536 569 2117 646">
    <p class='ocr_par' dir='ltr' id='par_1_4' title="bbox 536 573 2117 646">
     <span class='ocr_line' id='line_1_4' title="bbox 536 573 2117 646; baseline -0.004 -15"><span class='ocrx_word' id='word_1_17' title='bbox 536 576 689 631; x_wconf 68' lang='lat' dir='ltr'><strong>~dam</strong></span> <span class='ocrx_word' id='word_1_18' title='bbox 727 576 885 646; x_wconf 75' lang='lat' dir='ltr'><strong>fugit,</strong></span> <span class='ocrx_word' id='word_1_19' title='bbox 924 585 983 630; x_wconf 90' lang='lat' dir='ltr'><strong>ut</strong></span> <span class='ocrx_word' id='word_1_20' title='bbox 1031 576 1097 629; x_wconf 86' lang='lat' dir='ltr'><strong>ad</strong></span> <span class='ocrx_word' id='word_1_21' title='bbox 1142 574 1318 629; x_wconf 92' lang='lat' dir='ltr'><strong>locum</strong></span> <span class='ocrx_word' id='word_1_22' title='bbox 1353 573 1658 627; x_wconf 73' lang='lat' dir='ltr'><strong>nullatenus</strong></span> <span class='ocrx_word' id='word_1_23' title='bbox 1692 580 1997 641; x_wconf 88' lang='lat' dir='ltr'><strong>suspectum</strong></span> <span class='ocrx_word' id='word_1_24' title='bbox 2030 584 2117 626; x_wconf 83' lang='lat' dir='ltr'><strong>nor</strong></span> 
     </span>
    </p>
   </div>
   <div class='ocr_carea' id='block_1_5' title="bbox 2222 569 3823 646">
    <p class='ocr_par' dir='ltr' id='par_1_5' title="bbox 2238 569 3823 643">
     <span class='ocr_line' id='line_1_5' title="bbox 2238 569 3823 643; baseline 0.003 -19"><span class='ocrx_word' id='word_1_25' title='bbox 2238 570 2481 632; x_wconf 76' lang='grc' dir='ltr'>ἅπαντας</span> <span class='ocrx_word' id='word_1_26' title='bbox 2505 569 2630 631; x_wconf 82' lang='grc' dir='ltr'>τοὺς</span> <span class='ocrx_word' id='word_1_27' title='bbox 2674 570 2731 621; x_wconf 81' lang='grc' dir='ltr'>ὲν</span> <span class='ocrx_word' id='word_1_28' title='bbox 2758 572 2824 640; x_wconf 85' lang='grc' dir='ltr'>τῇ</span> <span class='ocrx_word' id='word_1_29' title='bbox 2866 569 3039 635; x_wconf 84' lang='grc' dir='ltr'>πόλει,</span> <span class='ocrx_word' id='word_1_30' title='bbox 3073 571 3326 642; x_wconf 84' lang='grc' dir='ltr'>παρθένῳ</span> <span class='ocrx_word' id='word_1_31' title='bbox 3349 574 3456 627; x_wconf 78' lang='grc' dir='ltr'>τινὶ</span> <span class='ocrx_word' id='word_1_32' title='bbox 3486 575 3823 643; x_wconf 77' lang='grc' dir='ltr'><strong>καταφεύγει</strong></span> 
     </span>
    </p>
   </div>
   <div class='ocr_carea' id='block_1_6' title="bbox 560 660 2117 739">
    <p class='ocr_par' dir='ltr' id='par_1_6' title="bbox 560 662 2117 739">
     <span class='ocr_line' id='line_1_6' title="bbox 560 662 2117 739; baseline -0.004 -18"><span class='ocrx_word' id='word_1_33' title='bbox 560 669 996 739; x_wconf 80' lang='lat' dir='ltr'><strong>perquirerctur.</strong></span> <span class='ocrx_word' id='word_1_34' title='bbox 1044 668 1175 722; x_wconf 86' lang='lat' dir='ltr'><strong>Erat</strong></span> <span class='ocrx_word' id='word_1_35' title='bbox 1210 667 1355 721; x_wconf 89' lang='lat' dir='ltr'><strong>enim</strong></span> <span class='ocrx_word' id='word_1_36' title='bbox 1400 662 1800 734; x_wconf 80' lang='lat' dir='ltr'><strong>speciosissima</strong></span> <span class='ocrx_word' id='word_1_37' title='bbox 1845 663 2041 734; x_wconf 88' lang='lat' dir='ltr'><strong>puclla,</strong></span> <span class='ocrx_word' id='word_1_38' title='bbox 2077 677 2117 717; x_wconf 70' lang='lat' dir='ltr'><strong>u:</strong></span> 
     </span>
    </p>
   </div>
   <div class='ocr_carea' id='block_1_7' title="bbox 2222 660 3823 739">
    <p class='ocr_par' dir='ltr' id='par_1_7' title="bbox 2234 660 3823 738">
     <span class='ocr_line' id='line_1_7' title="bbox 2234 660 3823 738; baseline 0.004 -25"><span class='ocrx_word' id='word_1_39' title='bbox 2234 660 2314 731; x_wconf 81' lang='grc' dir='ltr'>τῷ</span> <span class='ocrx_word' id='word_1_40' title='bbox 2357 660 2652 730; x_wconf 83' lang='grc' dir='ltr'>ἀνυπόπτῳ</span> <span class='ocrx_word' id='word_1_41' title='bbox 2680 661 2777 732; x_wconf 78' lang='grc' dir='ltr'>τῆς</span> <span class='ocrx_word' id='word_1_42' title='bbox 2824 662 2991 733; x_wconf 82' lang='grc' dir='ltr'>κόρης</span> <span class='ocrx_word' id='word_1_43' title='bbox 3032 662 3278 717; x_wconf 87' lang='grc' dir='ltr'>κλέπτων</span> <span class='ocrx_word' id='word_1_44' title='bbox 3317 664 3414 736; x_wconf 81' lang='grc' dir='ltr'>τὴν</span> <span class='ocrx_word' id='word_1_45' title='bbox 3447 665 3669 737; x_wconf 75' lang='grc' dir='ltr'>εὕρεσιν</span> <span class='ocrx_word' id='word_1_46' title='bbox 3694 683 3709 697; x_wconf 75' lang='grc' dir='ltr'><strong><em>ο</em></strong></span> <span class='ocrx_word' id='word_1_47' title='bbox 3753 663 3823 738; x_wconf 78' lang='grc' dir='ltr'>ἦν</span> 
     </span>
    </p>
   </div>
   <div class='ocr_carea' id='block_1_8' title="bbox 558 752 2117 829">
    <p class='ocr_par' dir='ltr' id='par_1_8' title="bbox 558 758 2117 829">
     <span class='ocr_line' id='line_1_8' title="bbox 558 758 2117 829; baseline -0.001 -16"><span class='ocrx_word' id='word_1_48' title='bbox 558 773 751 815; x_wconf 87' lang='lat' dir='ltr'><strong>omnes</strong></span> <span class='ocrx_word' id='word_1_49' title='bbox 776 770 985 815; x_wconf 90' lang='lat' dir='ltr'><strong>eertum</strong></span> <span class='ocrx_word' id='word_1_50' title='bbox 1018 769 1276 829; x_wconf 73' lang='lat' dir='ltr'><strong>putarent</strong></span> <span class='ocrx_word' id='word_1_51' title='bbox 1330 760 1503 813; x_wconf 85' lang='lat' dir='ltr'><strong>virum</strong></span> <span class='ocrx_word' id='word_1_52' title='bbox 1554 758 1783 821; x_wconf 90' lang='lat' dir='ltr'><strong>nullum,</strong></span> <span class='ocrx_word' id='word_1_53' title='bbox 1817 759 2013 812; x_wconf 84' lang='lat' dir='ltr'><strong>nedum</strong></span> <span class='ocrx_word' id='word_1_54' title='bbox 2046 772 2117 812; x_wconf 91' lang='lat' dir='ltr'><strong>ar-</strong></span> 
     </span>
    </p>
   </div>
   <div class='ocr_carea' id='block_1_9' title="bbox 2222 752 3821 829">
    <p class='ocr_par' dir='ltr' id='par_1_9' title="bbox 2235 752 3821 829">
     <span class='ocr_line' id='line_1_9' title="bbox 2235 752 3821 829; baseline 0.002 -22"><span class='ocrx_word' id='word_1_55' title='bbox 2235 753 2343 822; x_wconf 82' lang='grc' dir='ltr'>γὰρ</span> <span class='ocrx_word' id='word_1_56' title='bbox 2369 753 2401 823; x_wconf 85' lang='grc' dir='ltr'>ἡ</span> <span class='ocrx_word' id='word_1_57' title='bbox 2429 754 2607 815; x_wconf 84' lang='grc' dir='ltr'>νεᾶνις</span> <span class='ocrx_word' id='word_1_58' title='bbox 2630 752 2723 805; x_wconf 75' lang='grc' dir='ltr'>καὶ</span> <span class='ocrx_word' id='word_1_59' title='bbox 2750 752 2845 822; x_wconf 81' lang='grc' dir='ltr'><strong>τὴν</strong></span> <span class='ocrx_word' id='word_1_60' title='bbox 2886 752 3007 823; x_wconf 71' lang='grc' dir='ltr'>ὕψιν</span> <span class='ocrx_word' id='word_1_61' title='bbox 3034 754 3233 824; x_wconf 85' lang='grc' dir='ltr'>ὡραία,</span> <span class='ocrx_word' id='word_1_62' title='bbox 3265 756 3359 808; x_wconf 74' lang='grc' dir='ltr'><strong>καὶ</strong></span> <span class='ocrx_word' id='word_1_63' title='bbox 3386 761 3658 810; x_wconf 81' lang='grc' dir='ltr'>συνοικεῖν</span> <span class='ocrx_word' id='word_1_64' title='bbox 3684 760 3821 829; x_wconf 78' lang='grc' dir='ltr'>αὐτῇ</span> 
     </span>
    </p>
   </div>
   <div class='ocr_carea' id='block_1_10' title="bbox 557 843 2117 923">
    <p class='ocr_par' dir='ltr' id='par_1_10' title="bbox 557 850 2117 923">
     <span class='ocr_line' id='line_1_10' title="bbox 557 850 2117 923; baseline -0.001 -18"><span class='ocrx_word' id='word_1_65' title='bbox 557 851 970 922; x_wconf 88' lang='lat' dir='ltr'><strong>ehiepiscopum</strong></span> <span class='ocrx_word' id='word_1_66' title='bbox 1025 851 1171 923; x_wconf 85' lang='lat' dir='ltr'><strong>apud</strong></span> <span class='ocrx_word' id='word_1_67' title='bbox 1198 911 1203 915; x_wconf 62' lang='grc'><strong>,</strong></span> <span class='ocrx_word' id='word_1_68' title='bbox 1232 850 1375 906; x_wconf 87' lang='lat' dir='ltr'><strong>illam</strong></span> <span class='ocrx_word' id='word_1_69' title='bbox 1403 852 1734 905; x_wconf 76' lang='lat' dir='ltr'><strong>diversatum</strong></span> <span class='ocrx_word' id='word_1_70' title='bbox 1769 850 1858 906; x_wconf 92' lang='lat' dir='ltr'><strong>iri.</strong></span> <span class='ocrx_word' id='word_1_71' title='bbox 1900 850 2117 918; x_wconf 82' lang='lat' dir='ltr'><strong>Eratqnt</strong></span> 
     </span>
    </p>
   </div>
   <div class='ocr_carea' id='block_1_11' title="bbox 2222 843 3821 923">
    <p class='ocr_par' dir='ltr' id='par_1_11' title="bbox 2238 843 3821 920">
     <span class='ocr_line' id='line_1_11' title="bbox 2238 843 3821 920; baseline 0.003 -23"><span class='ocrx_word' id='word_1_72' title='bbox 2238 844 2372 915; x_wconf 78' lang='grc' dir='ltr'>μηδὲ</span> <span class='ocrx_word' id='word_1_73' title='bbox 2400 843 2491 897; x_wconf 87' lang='grc' dir='ltr'><strong>τόν</strong></span> <span class='ocrx_word' id='word_1_74' title='bbox 2516 845 2744 914; x_wconf 82' lang='grc' dir='ltr'><strong>τυχόντα</strong></span> <span class='ocrx_word' id='word_1_75' title='bbox 2760 845 2946 912; x_wconf 76' lang='grc' dir='ltr'>ἄνδρα,</span> <span class='ocrx_word' id='word_1_76' title='bbox 2970 848 3165 917; x_wconf 82' lang='grc' dir='ltr'>μήτιγε</span> <span class='ocrx_word' id='word_1_77' title='bbox 3183 848 3466 919; x_wconf 82' lang='grc' dir='ltr'>ἀρχιερέα,</span> <span class='ocrx_word' id='word_1_78' title='bbox 3492 850 3697 920; x_wconf 79' lang='grc' dir='ltr'>πολλὴν</span> <span class='ocrx_word' id='word_1_79' title='bbox 3723 851 3821 903; x_wconf 66' lang='grc' dir='ltr'>καὶ</span> 
     </span>
    </p>
   </div>
   <div class='ocr_carea' id='block_1_12' title="bbox 557 936 2117 1012">
    <p class='ocr_par' dir='ltr' id='par_1_12' title="bbox 557 940 2117 1012">
     <span class='ocr_line' id='line_1_12' title="bbox 557 940 2117 1012; baseline -0.003 -14"><span class='ocrx_word' id='word_1_80' title='bbox 557 957 734 998; x_wconf 80' lang='lat' dir='ltr'><strong>annos</strong></span> <span class='ocrx_word' id='word_1_81' title='bbox 775 955 901 997; x_wconf 89' lang='lat' dir='ltr'><strong>nata</strong></span> <span class='ocrx_word' id='word_1_82' title='bbox 948 943 1155 1012; x_wconf 75' lang='lat' dir='ltr'><strong>Viginti.</strong></span> <span class='ocrx_word' id='word_1_83' title='bbox 1186 942 1589 998; x_wconf 85' lang='lat' dir='ltr'><strong>Commemorat</strong></span> <span class='ocrx_word' id='word_1_84' title='bbox 1637 952 1817 996; x_wconf 91' lang='lat' dir='ltr'><strong>autem</strong></span> <span class='ocrx_word' id='word_1_85' title='bbox 1859 940 1959 1010; x_wconf 87' lang='lat' dir='ltr'><strong>ipsi</strong></span> <span class='ocrx_word' id='word_1_86' title='bbox 1990 940 2117 994; x_wconf 87' lang='lat' dir='ltr'><strong>veri-</strong></span> 
     </span>
    </p>
   </div>
   <div class='ocr_carea' id='block_1_13' title="bbox 2222 936 3821 1012">
    <p class='ocr_par' dir='ltr' id='par_1_13' title="bbox 2233 936 3821 1011">
     <span class='ocr_line' id='line_1_13' title="bbox 2233 936 3821 1011; baseline 0.003 -21"><span class='ocrx_word' id='word_1_87' title='bbox 2233 937 2453 1007; x_wconf 85' lang='grc' dir='ltr'>βεϐαίαν</span> <span class='ocrx_word' id='word_1_88' title='bbox 2497 936 2596 1007; x_wconf 83' lang='grc' dir='ltr'>τὴν</span> <span class='ocrx_word' id='word_1_89' title='bbox 2639 936 3010 1009; x_wconf 78' lang='grc' dir='ltr'>πληροφορίαν</span> <span class='ocrx_word' id='word_1_90' title='bbox 3046 941 3377 1010; x_wconf 83' lang='grc' dir='ltr'>παρέχουσα.</span> <span class='ocrx_word' id='word_1_91' title='bbox 3427 941 3590 1004; x_wconf 90' lang='grc' dir='ltr'>Ἔτος</span> <span class='ocrx_word' id='word_1_92' title='bbox 3622 941 3681 993; x_wconf 81' lang='grc' dir='ltr'><strong>δὲ</strong></span> <span class='ocrx_word' id='word_1_93' title='bbox 3720 942 3821 1011; x_wconf 79' lang='grc' dir='ltr'>τῆς</span> 
     </span>
    </p>
   </div>
   <div class='ocr_carea' id='block_1_14' title="bbox 560 1027 2117 1104">
    <p class='ocr_par' dir='ltr' id='par_1_14' title="bbox 560 1034 2117 1104">
     <span class='ocr_line' id='line_1_14' title="bbox 560 1034 2117 1104; baseline -0.002 -16"><span class='ocrx_word' id='word_1_94' title='bbox 560 1034 688 1089; x_wconf 88' lang='lat' dir='ltr'><strong>tatis</strong></span> <span class='ocrx_word' id='word_1_95' title='bbox 715 1034 805 1088; x_wconf 92' lang='lat' dir='ltr'><strong>ille</strong></span> <span class='ocrx_word' id='word_1_96' title='bbox 832 1034 1090 1103; x_wconf 75' lang='lat' dir='ltr'><strong>magister</strong></span> <span class='ocrx_word' id='word_1_97' title='bbox 1111 1044 1165 1089; x_wconf 90' lang='lat' dir='ltr'><strong>et</strong></span> <span class='ocrx_word' id='word_1_98' title='bbox 1186 1045 1371 1090; x_wconf 91' lang='lat' dir='ltr'><strong>custos</strong></span> <span class='ocrx_word' id='word_1_99' title='bbox 1401 1049 1522 1103; x_wconf 72' lang='lat' dir='ltr'><strong>quae</strong></span> <span class='ocrx_word' id='word_1_100' title='bbox 1546 1049 1604 1089; x_wconf 90' lang='lat' dir='ltr'><strong>se</strong></span> <span class='ocrx_word' id='word_1_101' title='bbox 1626 1042 1959 1104; x_wconf 86' lang='lat' dir='ltr'><strong>spectarent,</strong></span> <span class='ocrx_word' id='word_1_102' title='bbox 1988 1047 2117 1102; x_wconf 78' lang='lat' dir='ltr'><strong>qum</strong></span> 
     </span>
    </p>
   </div>
   <div class='ocr_carea' id='block_1_15' title="bbox 2222 1027 3819 1104">
    <p class='ocr_par' dir='ltr' id='par_1_15' title="bbox 2229 1027 3819 1101">
     <span class='ocr_line' id='line_1_15' title="bbox 2229 1027 3819 1101; baseline 0.002 -21"><span class='ocrx_word' id='word_1_103' title='bbox 2229 1029 2443 1100; x_wconf 82' lang='grc' dir='ltr'>ἡλικίας</span> <span class='ocrx_word' id='word_1_104' title='bbox 2475 1027 2717 1081; x_wconf 76' lang='grc' dir='ltr'>εἰκοστὸν</span> <span class='ocrx_word' id='word_1_105' title='bbox 2747 1028 2940 1098; x_wconf 74' lang='grc' dir='ltr'>ἠνύετο</span> <span class='ocrx_word' id='word_1_106' title='bbox 2967 1030 3102 1101; x_wconf 73' lang='grc' dir='ltr'>αὐτῇ</span> <span class='ocrx_word' id='word_1_107' title='bbox 3143 1030 3249 1083; x_wconf 85' lang='grc' dir='ltr'>ἀπὸ</span> <span class='ocrx_word' id='word_1_108' title='bbox 3275 1031 3563 1099; x_wconf 85' lang='grc' dir='ltr'>γενέσεως.</span> <span class='ocrx_word' id='word_1_109' title='bbox 3605 1030 3819 1083; x_wconf 82' lang='grc' dir='ltr'>’Δνατί-</span> 
     </span>
    </p>
   </div>
   <div class='ocr_carea' id='block_1_16' title="bbox 559 1114 2117 1191">
    <p class='ocr_par' dir='ltr' id='par_1_16' title="bbox 559 1123 2117 1180">
     <span class='ocr_line' id='line_1_16' title="bbox 559 1123 2117 1180; baseline -0.001 -3"><span class='ocrx_word' id='word_1_110' title='bbox 559 1124 770 1180; x_wconf 86' lang='lat' dir='ltr'><strong>scilicet</strong></span> <span class='ocrx_word' id='word_1_111' title='bbox 797 1124 863 1179; x_wconf 89' lang='lat' dir='ltr'><strong>ad</strong></span> <span class='ocrx_word' id='word_1_112' title='bbox 902 1126 985 1180; x_wconf 89' lang='lat' dir='ltr'><strong>sui</strong></span> <span class='ocrx_word' id='word_1_113' title='bbox 1016 1127 1218 1180; x_wconf 73' lang='lat' dir='ltr'><strong>caedem</strong></span> <span class='ocrx_word' id='word_1_114' title='bbox 1264 1141 1384 1180; x_wconf 89' lang='lat' dir='ltr'><strong>sese</strong></span> <span class='ocrx_word' id='word_1_115' title='bbox 1412 1127 1745 1180; x_wconf 87' lang='lat' dir='ltr'><strong>instruerent</strong></span> <span class='ocrx_word' id='word_1_116' title='bbox 1775 1124 2033 1179; x_wconf 69' lang='lat' dir='ltr'><strong>hmrelici.</strong></span> <span class='ocrx_word' id='word_1_117' title='bbox 2066 1123 2117 1177; x_wconf 75' lang='lat' dir='ltr'><strong>Et</strong></span> 
     </span>
    </p>
   </div>
   <div class='ocr_carea' id='block_1_17' title="bbox 2222 1114 3820 1191">
    <p class='ocr_par' dir='ltr' id='par_1_17' title="bbox 2231 1114 3820 1191">
     <span class='ocr_line' id='line_1_17' title="bbox 2231 1114 3820 1191; baseline 0.001 -18"><span class='ocrx_word' id='word_1_118' title='bbox 2231 1119 2388 1189; x_wconf 87' lang='grc' dir='ltr'>θησιν</span> <span class='ocrx_word' id='word_1_119' title='bbox 2413 1114 2504 1172; x_wconf 78' lang='grc' dir='ltr'><strong>οὖν</strong></span> <span class='ocrx_word' id='word_1_120' title='bbox 2537 1119 2670 1189; x_wconf 77' lang='grc' dir='ltr'>αὐτῇ</span> <span class='ocrx_word' id='word_1_121' title='bbox 2697 1121 2725 1171; x_wconf 99' lang='lat'><strong>6</strong></span> <span class='ocrx_word' id='word_1_122' title='bbox 2748 1119 2846 1189; x_wconf 79' lang='grc' dir='ltr'>τῆς</span> <span class='ocrx_word' id='word_1_123' title='bbox 2886 1119 3183 1191; x_wconf 81' lang='grc' dir='ltr'>παρθενίας</span> <span class='ocrx_word' id='word_1_124' title='bbox 3220 1121 3315 1174; x_wconf 76' lang='grc' dir='ltr'><strong>καὶ</strong></span> <span class='ocrx_word' id='word_1_125' title='bbox 3358 1120 3681 1184; x_wconf 80' lang='grc' dir='ltr'>διδάσκαλος</span> <span class='ocrx_word' id='word_1_126' title='bbox 3722 1122 3820 1175; x_wconf 74' lang='grc' dir='ltr'><strong>καὶ</strong></span> 
     </span>
    </p>
   </div>
   <div class='ocr_carea' id='block_1_18' title="bbox 562 374 703 417">
    <p class='ocr_par' dir='ltr' id='par_1_18' title="bbox 562 374 703 417">
     <span class='ocr_line' id='line_1_18' title="bbox 562 374 703 417; baseline 0 -4"><span class='ocrx_word' id='word_1_127' title='bbox 562 374 703 417; x_wconf 62' lang='grc' dir='ltr'>αλιι</span> 
     </span>
    </p>
   </div>
   <div class='ocr_carea' id='block_1_19' title="bbox 554 1215 2124 1284">
    <p class='ocr_par' dir='ltr' id='par_1_19' title="bbox 554 1215 2124 1284">
     <span class='ocr_line' id='line_1_19' title="bbox 554 1215 2124 1284; baseline 0.003 -21"><span class='ocrx_word' id='word_1_128' title='bbox 554 1215 701 1283; x_wconf 76' lang='lat' dir='ltr'><strong>quod</strong></span> <span class='ocrx_word' id='word_1_129' title='bbox 725 1215 906 1270; x_wconf 86' lang='lat' dir='ltr'><strong>omnia</strong></span> <span class='ocrx_word' id='word_1_130' title='bbox 931 1230 1049 1283; x_wconf 71' lang='lat' dir='ltr'><strong>quae</strong></span> <span class='ocrx_word' id='word_1_131' title='bbox 1072 1224 1227 1270; x_wconf 75' lang='lat' dir='ltr'><strong>extra</strong></span> <span class='ocrx_word' id='word_1_132' title='bbox 1258 1217 1449 1271; x_wconf 88' lang='lat' dir='ltr'><strong>urbem</strong></span> <span class='ocrx_word' id='word_1_133' title='bbox 1472 1224 1661 1271; x_wconf 85' lang='lat' dir='ltr'><strong>essent</strong></span> <span class='ocrx_word' id='word_1_134' title='bbox 1689 1217 2124 1284; x_wconf 82' lang='lat' dir='ltr'><strong>vestigarentur:</strong></span> 
     </span>
    </p>
   </div>
   <div class='ocr_carea' id='block_1_20' title="bbox 557 1304 2128 1374">
    <p class='ocr_par' dir='ltr' id='par_1_20' title="bbox 557 1304 2128 1374">
     <span class='ocr_line' id='line_1_20' title="bbox 557 1304 2128 1374; baseline 0.003 -18"><span class='ocrx_word' id='word_1_135' title='bbox 557 1305 811 1374; x_wconf 88' lang='lat' dir='ltr'><strong>quodque</strong></span> <span class='ocrx_word' id='word_1_136' title='bbox 844 1321 908 1360; x_wconf 84' lang='lat' dir='ltr'><strong>ex</strong></span> <span class='ocrx_word' id='word_1_137' title='bbox 951 1307 1283 1362; x_wconf 81' lang='lat' dir='ltr'><strong>revelatione</strong></span> <span class='ocrx_word' id='word_1_138' title='bbox 1333 1307 1427 1361; x_wconf 87' lang='lat' dir='ltr'><strong>Dei</strong></span> <span class='ocrx_word' id='word_1_139' title='bbox 1460 1307 1623 1360; x_wconf 87' lang='lat' dir='ltr'><strong>saluti</strong></span> <span class='ocrx_word' id='word_1_140' title='bbox 1651 1321 1765 1361; x_wconf 76' lang='lat' dir='ltr'><strong>sua:</strong></span> <span class='ocrx_word' id='word_1_141' title='bbox 1794 1304 2128 1360; x_wconf 79' lang='lat' dir='ltr'><strong>consulentis</strong></span> 
     </span>
    </p>
   </div>
   <div class='ocr_carea' id='block_1_21' title="bbox 555 1396 2124 1468">
    <p class='ocr_par' dir='ltr' id='par_1_21' title="bbox 555 1396 2124 1468">
     <span class='ocr_line' id='line_1_21' title="bbox 555 1396 2124 1468; baseline -0.002 -16"><span class='ocrx_word' id='word_1_142' title='bbox 555 1400 623 1452; x_wconf 81' lang='lat' dir='ltr'><strong>ad</strong></span> <span class='ocrx_word' id='word_1_143' title='bbox 650 1398 823 1468; x_wconf 85' lang='lat' dir='ltr'><strong>ipsam</strong></span> <span class='ocrx_word' id='word_1_144' title='bbox 853 1400 1113 1455; x_wconf 89' lang='lat' dir='ltr'><strong>venisset.</strong></span> <span class='ocrx_word' id='word_1_145' title='bbox 1152 1399 1240 1453; x_wconf 89' lang='lat' dir='ltr'><strong>Illa</strong></span> <span class='ocrx_word' id='word_1_146' title='bbox 1270 1414 1391 1453; x_wconf 93' lang='lat' dir='ltr'><strong>cum</strong></span> <span class='ocrx_word' id='word_1_147' title='bbox 1434 1397 1696 1453; x_wconf 78' lang='lat' dir='ltr'><strong>ineﬂ‘abili</strong></span> <span class='ocrx_word' id='word_1_148' title='bbox 1726 1397 1925 1468; x_wconf 87' lang='lat' dir='ltr'><strong>gaudio</strong></span> <span class='ocrx_word' id='word_1_149' title='bbox 1953 1396 2124 1451; x_wconf 86' lang='lat' dir='ltr'><strong>virum</strong></span> 
     </span>
    </p>
   </div>
   <div class='ocr_carea' id='block_1_22' title="bbox 556 1491 2125 1562">
    <p class='ocr_par' dir='ltr' id='par_1_22' title="bbox 556 1491 2125 1562">
     <span class='ocr_line' id='line_1_22' title="bbox 556 1491 2125 1562; baseline -0.002 -14"><span class='ocrx_word' id='word_1_150' title='bbox 556 1491 754 1561; x_wconf 75' lang='lat' dir='ltr'><strong>recipit</strong></span> <span class='ocrx_word' id='word_1_151' title='bbox 778 1502 831 1546; x_wconf 90' lang='lat' dir='ltr'><strong>et</strong></span> <span class='ocrx_word' id='word_1_152' title='bbox 861 1507 954 1562; x_wconf 88' lang='lat' dir='ltr'><strong>per</strong></span> <span class='ocrx_word' id='word_1_153' title='bbox 989 1507 1083 1546; x_wconf 79' lang='lat' dir='ltr'><strong>sex</strong></span> <span class='ocrx_word' id='word_1_154' title='bbox 1112 1507 1285 1546; x_wconf 88' lang='lat' dir='ltr'><strong>annos</strong></span> <span class='ocrx_word' id='word_1_155' title='bbox 1319 1491 1577 1557; x_wconf 88' lang='lat' dir='ltr'><strong>occultat,</strong></span> <span class='ocrx_word' id='word_1_156' title='bbox 1615 1493 1786 1546; x_wconf 89' lang='lat' dir='ltr'><strong>donec</strong></span> <span class='ocrx_word' id='word_1_157' title='bbox 1816 1491 2125 1547; x_wconf 81' lang='lat' dir='ltr'><strong>Constantii</strong></span> 
     </span>
    </p>
   </div>
   <div class='ocr_carea' id='block_1_23' title="bbox 554 1582 2125 1639">
    <p class='ocr_par' dir='ltr' id='par_1_23' title="bbox 554 1582 2125 1639">
     <span class='ocr_line' id='line_1_23' title="bbox 554 1582 2125 1639; baseline 0.001 -5"><span class='ocrx_word' id='word_1_158' title='bbox 554 1597 704 1637; x_wconf 82' lang='lat' dir='ltr'><strong>mors</strong></span> <span class='ocrx_word' id='word_1_159' title='bbox 741 1582 902 1639; x_wconf 85' lang='lat' dir='ltr'><strong>linem</strong></span> <span class='ocrx_word' id='word_1_160' title='bbox 963 1582 1183 1638; x_wconf 67' lang='lat' dir='ltr'><strong>aﬂerrct</strong></span> <span class='ocrx_word' id='word_1_161' title='bbox 1232 1583 1477 1638; x_wconf 85' lang='lat' dir='ltr'><strong>latebris.</strong></span> <span class='ocrx_word' id='word_1_162' title='bbox 1533 1583 1586 1637; x_wconf 92' lang='lat' dir='ltr'><strong>ln</strong></span> <span class='ocrx_word' id='word_1_163' title='bbox 1648 1583 1897 1639; x_wconf 78' lang='lat' dir='ltr'><strong>omnibus</strong></span> <span class='ocrx_word' id='word_1_164' title='bbox 1948 1590 2125 1637; x_wconf 90' lang='lat' dir='ltr'><strong>autem</strong></span> 
     </span>
    </p>
   </div>
   <div class='ocr_carea' id='block_1_24' title="bbox 554 1675 2127 1745">
    <p class='ocr_par' dir='ltr' id='par_1_24' title="bbox 554 1675 2127 1745">
     <span class='ocr_line' id='line_1_24' title="bbox 554 1675 2127 1745; baseline -0.001 -16"><span class='ocrx_word' id='word_1_165' title='bbox 554 1676 815 1730; x_wconf 73' lang='lat' dir='ltr'><strong>aiacriter</strong></span> <span class='ocrx_word' id='word_1_166' title='bbox 847 1676 1021 1745; x_wconf 82' lang='lat' dir='ltr'><strong>virgo,</strong></span> <span class='ocrx_word' id='word_1_167' title='bbox 1050 1685 1107 1731; x_wconf 86' lang='lat' dir='ltr'><strong>et</strong></span> <span class='ocrx_word' id='word_1_168' title='bbox 1148 1690 1272 1730; x_wconf 89' lang='lat' dir='ltr'><strong>cum</strong></span> <span class='ocrx_word' id='word_1_169' title='bbox 1306 1679 1611 1731; x_wconf 80' lang='lat' dir='ltr'><strong>reverentia</strong></span> <span class='ocrx_word' id='word_1_170' title='bbox 1652 1687 1841 1732; x_wconf 89' lang='lat' dir='ltr'><strong>sancto</strong></span> <span class='ocrx_word' id='word_1_171' title='bbox 1880 1676 1997 1729; x_wconf 91' lang='lat' dir='ltr'><strong>viro</strong></span> <span class='ocrx_word' id='word_1_172' title='bbox 2026 1675 2127 1729; x_wconf 84' lang='lat' dir='ltr'><strong>mi-</strong></span> 
     </span>
    </p>
   </div>
   <div class='ocr_carea' id='block_1_25' title="bbox 552 1765 2121 1839">
    <p class='ocr_par' dir='ltr' id='par_1_25' title="bbox 552 1765 2121 1839">
     <span class='ocr_line' id='line_1_25' title="bbox 552 1765 2121 1839; baseline -0.004 -14"><span class='ocrx_word' id='word_1_173' title='bbox 552 1768 845 1836; x_wconf 79' lang='lat' dir='ltr'><strong>nistrabat,</strong></span> <span class='ocrx_word' id='word_1_174' title='bbox 882 1769 1026 1839; x_wconf 88' lang='lat' dir='ltr'><strong>quod</strong></span> <span class='ocrx_word' id='word_1_175' title='bbox 1074 1769 1126 1823; x_wconf 93' lang='lat' dir='ltr'><strong>in</strong></span> <span class='ocrx_word' id='word_1_176' title='bbox 1160 1769 1379 1823; x_wconf 81' lang='lat' dir='ltr'><strong>civitate</strong></span> <span class='ocrx_word' id='word_1_177' title='bbox 1427 1770 1576 1837; x_wconf 88' lang='lat' dir='ltr'><strong>parvi</strong></span> <span class='ocrx_word' id='word_1_178' title='bbox 1618 1776 1672 1822; x_wconf 93' lang='lat' dir='ltr'><strong>et</strong></span> <span class='ocrx_word' id='word_1_179' title='bbox 1720 1767 1924 1836; x_wconf 80' lang='lat' dir='ltr'><strong>magni,</strong></span> <span class='ocrx_word' id='word_1_180' title='bbox 1963 1765 2121 1820; x_wconf 87' lang='lat' dir='ltr'><strong>amici</strong></span> 
     </span>
    </p>
   </div>
   <div class='ocr_carea' id='block_1_26' title="bbox 550 1857 2123 1933">
    <p class='ocr_par' dir='ltr' id='par_1_26' title="bbox 550 1857 2123 1933">
     <span class='ocr_line' id='line_1_26' title="bbox 550 1857 2123 1933; baseline -0.002 -18"><span class='ocrx_word' id='word_1_181' title='bbox 550 1871 607 1915; x_wconf 86' lang='lat' dir='ltr'><strong>et</strong></span> <span class='ocrx_word' id='word_1_182' title='bbox 662 1870 1039 1932; x_wconf 84' lang='lat' dir='ltr'><strong>persecutores</strong></span> <span class='ocrx_word' id='word_1_183' title='bbox 1094 1862 1246 1933; x_wconf 79' lang='lat' dir='ltr'><strong>juxta</strong></span> <span class='ocrx_word' id='word_1_184' title='bbox 1314 1860 1659 1932; x_wconf 84' lang='lat' dir='ltr'><strong>ignorabant.</strong></span> <span class='ocrx_word' id='word_1_185' title='bbox 1738 1857 1906 1914; x_wconf 75' lang='lat' dir='ltr'><strong>Iussit</strong></span> <span class='ocrx_word' id='word_1_186' title='bbox 1959 1872 2123 1926; x_wconf 93' lang='lat' dir='ltr'><strong>porro</strong></span> 
     </span>
    </p>
   </div>
   <div class='ocr_carea' id='block_1_27' title="bbox 548 1949 2123 2024">
    <p class='ocr_par' dir='ltr' id='par_1_27' title="bbox 548 1949 2123 2024">
     <span class='ocr_line' id='line_1_27' title="bbox 548 1949 2123 2024; baseline -0.003 -16"><span class='ocrx_word' id='word_1_187' title='bbox 548 1953 900 2009; x_wconf 83' lang='lat' dir='ltr'><strong>Constantius</strong></span> <span class='ocrx_word' id='word_1_188' title='bbox 942 1963 1000 2009; x_wconf 92' lang='lat' dir='ltr'><strong>ut</strong></span> <span class='ocrx_word' id='word_1_189' title='bbox 1033 1963 1301 2024; x_wconf 87' lang='lat' dir='ltr'><strong>quotquot</strong></span> <span class='ocrx_word' id='word_1_190' title='bbox 1342 1954 1395 2007; x_wconf 91' lang='lat' dir='ltr'><strong>in</strong></span> <span class='ocrx_word' id='word_1_191' title='bbox 1432 1954 1583 2007; x_wconf 86' lang='lat' dir='ltr'><strong>ltalia</strong></span> <span class='ocrx_word' id='word_1_192' title='bbox 1636 1952 1873 2022; x_wconf 85' lang='lat' dir='ltr'><strong>episcopi</strong></span> <span class='ocrx_word' id='word_1_193' title='bbox 1919 1949 2123 2004; x_wconf 90' lang='lat' dir='ltr'><strong>nollent</strong></span> 
     </span>
    </p>
   </div>
   <div class='ocr_carea' id='block_1_28' title="bbox 544 2043 2121 2112">
    <p class='ocr_par' dir='ltr' id='par_1_28' title="bbox 544 2043 2121 2112">
     <span class='ocr_line' id='line_1_28' title="bbox 544 2043 2121 2112; baseline -0.003 -11"><span class='ocrx_word' id='word_1_194' title='bbox 544 2046 761 2101; x_wconf 72' lang='lat' dir='ltr'><strong>Arianae</strong></span> <span class='ocrx_word' id='word_1_195' title='bbox 786 2046 978 2101; x_wconf 60' lang='lat' dir='ltr'><strong>haeresi</strong></span> <span class='ocrx_word' id='word_1_196' title='bbox 1008 2047 1372 2111; x_wconf 87' lang='lat' dir='ltr'><strong>subscribere,</strong></span> <span class='ocrx_word' id='word_1_197' title='bbox 1411 2047 1522 2100; x_wconf 91' lang='lat' dir='ltr'><strong>suis</strong></span> <span class='ocrx_word' id='word_1_198' title='bbox 1547 2046 1892 2112; x_wconf 73' lang='lat' dir='ltr'><strong>exigerentur</strong></span> <span class='ocrx_word' id='word_1_199' title='bbox 1934 2043 2121 2097; x_wconf 86' lang='lat' dir='ltr'><strong>Eccle-</strong></span> 
     </span>
    </p>
   </div>
   <div class='ocr_carea' id='block_1_29' title="bbox 541 2136 2119 2206">
    <p class='ocr_par' dir='ltr' id='par_1_29' title="bbox 541 2136 2119 2206">
     <span class='ocr_line' id='line_1_29' title="bbox 541 2136 2119 2206; baseline -0.001 -14"><span class='ocrx_word' id='word_1_200' title='bbox 541 2137 667 2202; x_wconf 79' lang='lat' dir='ltr'><strong>siis,</strong></span> <span class='ocrx_word' id='word_1_201' title='bbox 693 2152 991 2206; x_wconf 89' lang='lat' dir='ltr'><strong>eorumque</strong></span> <span class='ocrx_word' id='word_1_202' title='bbox 1038 2138 1157 2194; x_wconf 91' lang='lat' dir='ltr'><strong>loco</strong></span> <span class='ocrx_word' id='word_1_203' title='bbox 1205 2138 1594 2193; x_wconf 85' lang='lat' dir='ltr'><strong>ordinarentur</strong></span> <span class='ocrx_word' id='word_1_204' title='bbox 1650 2137 1799 2205; x_wconf 91' lang='lat' dir='ltr'><strong>impii</strong></span> <span class='ocrx_word' id='word_1_205' title='bbox 1852 2136 2119 2191; x_wconf 91' lang='lat' dir='ltr'><strong>homines.</strong></span> 
     </span>
    </p>
   </div>
   <div class='ocr_carea' id='block_1_30' title="bbox 542 2224 2119 2297">
    <p class='ocr_par' dir='ltr' id='par_1_30' title="bbox 542 2224 2119 2297">
     <span class='ocr_line' id='line_1_30' title="bbox 542 2224 2119 2297; baseline -0.001 -16"><span class='ocrx_word' id='word_1_206' title='bbox 542 2224 829 2282; x_wconf 79' lang='lat' dir='ltr'><strong>Exsulavit</strong></span> <span class='ocrx_word' id='word_1_207' title='bbox 855 2239 984 2283; x_wconf 89' lang='lat' dir='ltr'><strong>tunc</strong></span> <span class='ocrx_word' id='word_1_208' title='bbox 1011 2230 1173 2283; x_wconf 89' lang='lat' dir='ltr'><strong>etiam</strong></span> <span class='ocrx_word' id='word_1_209' title='bbox 1215 2229 1487 2292; x_wconf 87' lang='lat' dir='ltr'><strong>Liberius,</strong></span> <span class='ocrx_word' id='word_1_210' title='bbox 1517 2228 1605 2296; x_wconf 89' lang='lat' dir='ltr'><strong>qui</strong></span> <span class='ocrx_word' id='word_1_211' title='bbox 1636 2237 1756 2297; x_wconf 89' lang='lat' dir='ltr'><strong>post</strong></span> <span class='ocrx_word' id='word_1_212' title='bbox 1780 2226 1980 2280; x_wconf 82' lang='lat' dir='ltr'><strong>Julium</strong></span> <span class='ocrx_word' id='word_1_213' title='bbox 2008 2226 2119 2280; x_wconf 82' lang='lat' dir='ltr'><strong>Ro-</strong></span> 
     </span>
    </p>
   </div>
   <div class='ocr_carea' id='block_1_31' title="bbox 541 2317 2117 2389">
    <p class='ocr_par' dir='ltr' id='par_1_31' title="bbox 541 2317 2117 2389">
     <span class='ocr_line' id='line_1_31' title="bbox 541 2317 2117 2389; baseline -0.002 -16"><span class='ocrx_word' id='word_1_214' title='bbox 541 2333 764 2373; x_wconf 78' lang='lat' dir='ltr'><strong>manum</strong></span> <span class='ocrx_word' id='word_1_215' title='bbox 812 2320 1115 2389; x_wconf 84' lang='lat' dir='ltr'><strong>occupabat</strong></span> <span class='ocrx_word' id='word_1_216' title='bbox 1152 2319 1429 2381; x_wconf 89' lang='lat' dir='ltr'><strong>thronum,</strong></span> <span class='ocrx_word' id='word_1_217' title='bbox 1462 2318 1614 2386; x_wconf 85' lang='lat' dir='ltr'><strong>cujus</strong></span> <span class='ocrx_word' id='word_1_218' title='bbox 1668 2318 1787 2371; x_wconf 91' lang='lat' dir='ltr'><strong>loco</strong></span> <span class='ocrx_word' id='word_1_219' title='bbox 1832 2317 2117 2372; x_wconf 89' lang='lat' dir='ltr'><strong>ordinatur</strong></span> 
     </span>
    </p>
   </div>
   <div class='ocr_carea' id='block_1_32' title="bbox 542 2406 2117 2478">
    <p class='ocr_par' dir='ltr' id='par_1_32' title="bbox 542 2406 2117 2478">
     <span class='ocr_line' id='line_1_32' title="bbox 542 2406 2117 2478; baseline -0.001 -15"><span class='ocrx_word' id='word_1_220' title='bbox 542 2406 722 2473; x_wconf 78' lang='lat' dir='ltr'><strong>Felix,</strong></span> <span class='ocrx_word' id='word_1_221' title='bbox 771 2409 864 2478; x_wconf 89' lang='lat' dir='ltr'><strong>qui</strong></span> <span class='ocrx_word' id='word_1_222' title='bbox 901 2409 1190 2464; x_wconf 80' lang='lat' dir='ltr'><strong>confestim</strong></span> <span class='ocrx_word' id='word_1_223' title='bbox 1237 2408 1497 2465; x_wconf 84' lang='lat' dir='ltr'><strong>divinitus</strong></span> <span class='ocrx_word' id='word_1_224' title='bbox 1556 2408 1804 2464; x_wconf 83' lang='lat' dir='ltr'><strong>immissa</strong></span> <span class='ocrx_word' id='word_1_225' title='bbox 1871 2407 2117 2462; x_wconf 81' lang='lat' dir='ltr'><strong>caecitate</strong></span> 
     </span>
    </p>
   </div>
   <div class='ocr_carea' id='block_1_33' title="bbox 539 2500 2118 2570">
    <p class='ocr_par' dir='ltr' id='par_1_33' title="bbox 539 2500 2118 2570">
     <span class='ocr_line' id='line_1_33' title="bbox 539 2500 2118 2570; baseline 0.001 -15"><span class='ocrx_word' id='word_1_226' title='bbox 539 2513 735 2569; x_wconf 76' lang='lat' dir='ltr'><strong>pmnas</strong></span> <span class='ocrx_word' id='word_1_227' title='bbox 781 2500 906 2565; x_wconf 83' lang='lat' dir='ltr'><strong>luit,</strong></span> <span class='ocrx_word' id='word_1_228' title='bbox 936 2516 999 2555; x_wconf 89' lang='lat' dir='ltr'><strong>ac.</strong></span> <span class='ocrx_word' id='word_1_229' title='bbox 1032 2502 1289 2569; x_wconf 81' lang='lat' dir='ltr'><strong>deinceps</strong></span> <span class='ocrx_word' id='word_1_230' title='bbox 1322 2500 1601 2570; x_wconf 89' lang='lat' dir='ltr'><strong>pestilenti</strong></span> <span class='ocrx_word' id='word_1_231' title='bbox 1640 2500 1831 2555; x_wconf 92' lang='lat' dir='ltr'><strong>morbo</strong></span> <span class='ocrx_word' id='word_1_232' title='bbox 1871 2500 2118 2556; x_wconf 88' lang='lat' dir='ltr'><strong>sublatus</strong></span> 
     </span>
    </p>
   </div>
   <div class='ocr_carea' id='block_1_34' title="bbox 540 2590 2115 2663">
    <p class='ocr_par' dir='ltr' id='par_1_34' title="bbox 540 2590 2115 2663">
     <span class='ocr_line' id='line_1_34' title="bbox 540 2590 2115 2663; baseline 0.002 -19"><span class='ocrx_word' id='word_1_233' title='bbox 540 2600 651 2645; x_wconf 85' lang='lat' dir='ltr'><strong>est.</strong></span> <span class='ocrx_word' id='word_1_234' title='bbox 684 2590 757 2645; x_wconf 79' lang='lat' dir='ltr'><strong>Ea</strong></span> <span class='ocrx_word' id='word_1_235' title='bbox 804 2591 919 2662; x_wconf 88' lang='lat' dir='ltr'><strong>ipsa</strong></span> <span class='ocrx_word' id='word_1_236' title='bbox 952 2592 1202 2648; x_wconf 83' lang='lat' dir='ltr'><strong>Meletius</strong></span> <span class='ocrx_word' id='word_1_237' title='bbox 1230 2592 1540 2647; x_wconf 67' lang='lat' dir='ltr'><strong>Antiochiae</strong></span> <span class='ocrx_word' id='word_1_238' title='bbox 1571 2593 1859 2663; x_wconf 88' lang='lat' dir='ltr'><strong>episcopus</strong></span> <span class='ocrx_word' id='word_1_239' title='bbox 1890 2593 2115 2662; x_wconf 90' lang='lat' dir='ltr'><strong>patitur,</strong></span> 
     </span>
    </p>
   </div>
   <div class='ocr_carea' id='block_1_35' title="bbox 539 2678 2119 2751">
    <p class='ocr_par' dir='ltr' id='par_1_35' title="bbox 539 2678 2119 2751">
     <span class='ocr_line' id='line_1_35' title="bbox 539 2678 2119 2751; baseline 0.003 -16"><span class='ocrx_word' id='word_1_240' title='bbox 539 2678 769 2751; x_wconf 77' lang='lat' dir='ltr'><strong>ejusque</strong></span> <span class='ocrx_word' id='word_1_241' title='bbox 795 2681 912 2737; x_wconf 92' lang='lat' dir='ltr'><strong>loco</strong></span> <span class='ocrx_word' id='word_1_242' title='bbox 946 2684 1167 2738; x_wconf 77' lang='lat' dir='ltr'><strong>haeresis</strong></span> <span class='ocrx_word' id='word_1_243' title='bbox 1199 2680 1461 2741; x_wconf 75' lang='lat' dir='ltr'><strong>Euzoium</strong></span> <span class='ocrx_word' id='word_1_244' title='bbox 1490 2685 1807 2749; x_wconf 91' lang='lat' dir='ltr'><strong>constituit,</strong></span> <span class='ocrx_word' id='word_1_245' title='bbox 1850 2684 2119 2739; x_wconf 81' lang='lat' dir='ltr'><strong>Constan-</strong></span> 
     </span>
    </p>
   </div>
   <div class='ocr_carea' id='block_1_36' title="bbox 541 2772 2118 2846">
    <p class='ocr_par' dir='ltr' id='par_1_36' title="bbox 541 2772 2118 2846">
     <span class='ocr_line' id='line_1_36' title="bbox 541 2772 2118 2846; baseline -0.001 -16"><span class='ocrx_word' id='word_1_246' title='bbox 541 2772 771 2843; x_wconf 86' lang='lat' dir='ltr'><strong>tinopoli</strong></span> <span class='ocrx_word' id='word_1_247' title='bbox 812 2788 943 2828; x_wconf 86' lang='lat' dir='ltr'><strong>vero</strong></span> <span class='ocrx_word' id='word_1_248' title='bbox 986 2773 1310 2840; x_wconf 81' lang='lat' dir='ltr'><strong>Eudoxium,</strong></span> <span class='ocrx_word' id='word_1_249' title='bbox 1359 2776 1506 2831; x_wconf 87' lang='lat' dir='ltr'><strong>viros</strong></span> <span class='ocrx_word' id='word_1_250' title='bbox 1553 2776 1747 2846; x_wconf 87' lang='lat' dir='ltr'><strong>impios</strong></span> <span class='ocrx_word' id='word_1_251' title='bbox 1795 2776 2118 2846; x_wconf 85' lang='lat' dir='ltr'><strong>dignamque</strong></span> 
     </span>
    </p>
   </div>
   <div class='ocr_carea' id='block_1_37' title="bbox 541 2865 1323 2937">
    <p class='ocr_par' dir='ltr' id='par_1_37' title="bbox 541 2865 1323 2937">
     <span class='ocr_line' id='line_1_37' title="bbox 541 2865 1323 2937; baseline -0.003 -13"><span class='ocrx_word' id='word_1_252' title='bbox 541 2865 738 2924; x_wconf 58' lang='lat' dir='ltr'><strong>haeresi</strong></span> <span class='ocrx_word' id='word_1_253' title='bbox 766 2879 862 2920; x_wconf 90' lang='lat' dir='ltr'><strong>sua</strong></span> <span class='ocrx_word' id='word_1_254' title='bbox 887 2866 1051 2920; x_wconf 91' lang='lat' dir='ltr'><strong>vitam</strong></span> <span class='ocrx_word' id='word_1_255' title='bbox 1080 2877 1323 2937; x_wconf 81' lang='lat' dir='ltr'><strong>agentes.</strong></span> 
     </span>
    </p>
   </div>
   <div class='ocr_carea' id='block_1_38' title="bbox 2229 1210 3820 1284">
    <p class='ocr_par' dir='ltr' id='par_1_38' title="bbox 2229 1210 3820 1284">
     <span class='ocr_line' id='line_1_38' title="bbox 2229 1210 3820 1284; baseline 0.003 -21"><span class='ocrx_word' id='word_1_256' title='bbox 2229 1211 2402 1280; x_wconf 80' lang='grc' dir='ltr'>φύλαξ</span> <span class='ocrx_word' id='word_1_257' title='bbox 2446 1212 2515 1265; x_wconf 86' lang='grc' dir='ltr'>τὰ</span> <span class='ocrx_word' id='word_1_258' title='bbox 2547 1210 2669 1264; x_wconf 90' lang='grc' dir='ltr'>καθ’</span> <span class='ocrx_word' id='word_1_259' title='bbox 2713 1212 2923 1275; x_wconf 78' lang='grc' dir='ltr'>ἑαυτὸν,</span> <span class='ocrx_word' id='word_1_260' title='bbox 2967 1214 3049 1267; x_wconf 89' lang='grc' dir='ltr'>ὃτι</span> <span class='ocrx_word' id='word_1_261' title='bbox 3093 1213 3230 1284; x_wconf 82' lang='grc' dir='ltr'>πρὸς</span> <span class='ocrx_word' id='word_1_262' title='bbox 3284 1213 3595 1283; x_wconf 81' lang='grc' dir='ltr'>μιαιφονίαν</span> <span class='ocrx_word' id='word_1_263' title='bbox 3648 1214 3820 1267; x_wconf 79' lang='grc' dir='ltr'>αὑτοῦ</span> 
     </span>
    </p>
   </div>
   <div class='ocr_carea' id='block_1_39' title="bbox 2225 1302 3818 1376">
    <p class='ocr_par' dir='ltr' id='par_1_39' title="bbox 2225 1302 3818 1376">
     <span class='ocr_line' id='line_1_39' title="bbox 2225 1302 3818 1376; baseline 0.021 -18"><span class='ocrx_word' id='word_1_264' title='bbox 2225 1302 2559 1367; x_wconf 74' lang='grc' dir='ltr'>ἑξοπλίζοιτο</span> <span class='ocrx_word' id='word_1_265' title='bbox 2590 1304 2652 1357; x_wconf 85' lang='grc' dir='ltr'><strong>τὸ</strong></span> <span class='ocrx_word' id='word_1_266' title='bbox 2674 1305 2948 1375; x_wconf 89' lang='grc' dir='ltr'>αἱρετικόν</span> <span class='ocrx_word' id='word_1_267' title='bbox 2973 1321 2986 1334; x_wconf 91' lang='grc'><strong>·</strong></span> <span class='ocrx_word' id='word_1_268' title='bbox 3022 1307 3115 1358; x_wconf 75' lang='grc' dir='ltr'>καὶ</span> <span class='ocrx_word' id='word_1_269' title='bbox 3152 1304 3227 1369; x_wconf 80' lang='grc' dir='ltr'>ὡς</span> <span class='ocrx_word' id='word_1_270' title='bbox 3261 1306 3437 1359; x_wconf 76' lang='grc' dir='ltr'>πάντα</span> <span class='ocrx_word' id='word_1_271' title='bbox 3461 1305 3532 1359; x_wconf 68' lang='grc' dir='ltr'><strong>τὰ</strong></span> <span class='ocrx_word' id='word_1_272' title='bbox 3574 1306 3683 1370; x_wconf 66' lang='grc' dir='ltr'><strong>ἔξω</strong></span> <span class='ocrx_word' id='word_1_273' title='bbox 3714 1305 3818 1376; x_wconf 69' lang='grc' dir='ltr'><strong>τῆς</strong></span> 
     </span>
    </p>
   </div>
   <div class='ocr_carea' id='block_1_40' title="bbox 2229 1394 3819 1469">
    <p class='ocr_par' dir='ltr' id='par_1_40' title="bbox 2229 1394 3819 1469">
     <span class='ocr_line' id='line_1_40' title="bbox 2229 1394 3819 1469; baseline 0.002 -21"><span class='ocrx_word' id='word_1_274' title='bbox 2229 1394 2439 1461; x_wconf 88' lang='grc' dir='ltr'>πόλεως</span> <span class='ocrx_word' id='word_1_275' title='bbox 2469 1396 2937 1467; x_wconf 82' lang='grc' dir='ltr'>προκατείληπται</span> <span class='ocrx_word' id='word_1_276' title='bbox 2970 1397 3251 1469; x_wconf 81' lang='grc' dir='ltr'>ὲρεύναις·</span> <span class='ocrx_word' id='word_1_277' title='bbox 3288 1398 3383 1452; x_wconf 77' lang='grc' dir='ltr'>καὶ</span> <span class='ocrx_word' id='word_1_278' title='bbox 3420 1398 3517 1462; x_wconf 85' lang='grc' dir='ltr'>ὡς,</span> <span class='ocrx_word' id='word_1_279' title='bbox 3554 1399 3621 1450; x_wconf 85' lang='grc' dir='ltr'>ὲκ</span> <span class='ocrx_word' id='word_1_280' title='bbox 3664 1397 3819 1462; x_wconf 80' lang='grc' dir='ltr'>Θείας</span> 
     </span>
    </p>
   </div>
   <div class='ocr_carea' id='block_1_41' title="bbox 2226 1487 3817 1561">
    <p class='ocr_par' dir='ltr' id='par_1_41' title="bbox 2226 1487 3817 1561">
     <span class='ocr_line' id='line_1_41' title="bbox 2226 1487 3817 1561; baseline 0.003 -22"><span class='ocrx_word' id='word_1_281' title='bbox 2226 1487 2400 1557; x_wconf 72' lang='grc' dir='ltr'>ὅψεως</span> <span class='ocrx_word' id='word_1_282' title='bbox 2442 1488 2540 1558; x_wconf 79' lang='grc' dir='ltr'><strong>τὴν</strong></span> <span class='ocrx_word' id='word_1_283' title='bbox 2576 1488 2847 1559; x_wconf 79' lang='grc' dir='ltr'>σωτηρίαν</span> <span class='ocrx_word' id='word_1_284' title='bbox 2874 1488 3022 1559; x_wconf 84' lang='grc' dir='ltr'><strong>αὺτῷ</strong></span> <span class='ocrx_word' id='word_1_285' title='bbox 3060 1489 3521 1561; x_wconf 72' lang='grc' dir='ltr'>πρυτανευούσης,</span> <span class='ocrx_word' id='word_1_286' title='bbox 3550 1490 3691 1561; x_wconf 84' lang='grc' dir='ltr'>πρὸς</span> <span class='ocrx_word' id='word_1_287' title='bbox 3716 1492 3817 1544; x_wconf 79' lang='grc' dir='ltr'>αὐ-</span> 
     </span>
    </p>
   </div>
   <div class='ocr_carea' id='block_1_42' title="bbox 2224 1579 3820 1651">
    <p class='ocr_par' dir='ltr' id='par_1_42' title="bbox 2224 1579 3820 1651">
     <span class='ocr_line' id='line_1_42' title="bbox 2224 1579 3820 1651; baseline 0.006 -21"><span class='ocrx_word' id='word_1_288' title='bbox 2224 1580 2324 1650; x_wconf 75' lang='grc' dir='ltr'><strong>τὴν</strong></span> <span class='ocrx_word' id='word_1_289' title='bbox 2356 1580 2500 1649; x_wconf 77' lang='grc' dir='ltr'>ἥκοι.</span> <span class='ocrx_word' id='word_1_290' title='bbox 2541 1580 2603 1631; x_wconf 80' lang='grc' dir='ltr'><strong>Ἠ</strong></span> <span class='ocrx_word' id='word_1_291' title='bbox 2639 1579 2695 1632; x_wconf 84' lang='grc' dir='ltr'>δὲ</span> <span class='ocrx_word' id='word_1_292' title='bbox 2726 1580 2863 1649; x_wconf 80' lang='grc' dir='ltr'>μετὰ</span> <span class='ocrx_word' id='word_1_293' title='bbox 2892 1582 3064 1650; x_wconf 80' lang='grc' dir='ltr'>χαρᾶς</span> <span class='ocrx_word' id='word_1_294' title='bbox 3094 1581 3460 1651; x_wconf 75' lang='grc' dir='ltr'>ἀνεκλαλήτου</span> <span class='ocrx_word' id='word_1_295' title='bbox 3494 1584 3591 1636; x_wconf 76' lang='grc' dir='ltr'><strong>καὶ</strong></span> <span class='ocrx_word' id='word_1_296' title='bbox 3624 1584 3820 1640; x_wconf 79' lang='grc' dir='ltr'>ὑποδέ-</span> 
     </span>
    </p>
   </div>
   <div class='ocr_carea' id='block_1_43' title="bbox 2226 1670 3819 1743">
    <p class='ocr_par' dir='ltr' id='par_1_43' title="bbox 2226 1670 3819 1743">
     <span class='ocr_line' id='line_1_43' title="bbox 2226 1670 3819 1743; baseline 0.005 -22"><span class='ocrx_word' id='word_1_297' title='bbox 2226 1686 2378 1740; x_wconf 82' lang='grc' dir='ltr'>χεται</span> <span class='ocrx_word' id='word_1_298' title='bbox 2406 1671 2500 1723; x_wconf 71' lang='grc' dir='ltr'><strong>καὶ</strong></span> <span class='ocrx_word' id='word_1_299' title='bbox 2534 1670 2625 1725; x_wconf 76' lang='grc' dir='ltr'>ἐπὶ</span> <span class='ocrx_word' id='word_1_300' title='bbox 2656 1670 2714 1736; x_wconf 79' lang='grc' dir='ltr'><strong>ἒξ</strong></span> <span class='ocrx_word' id='word_1_301' title='bbox 2740 1672 2832 1742; x_wconf 76' lang='grc' dir='ltr'><strong>ἐτη</strong></span> <span class='ocrx_word' id='word_1_302' title='bbox 2862 1672 3269 1743; x_wconf 83' lang='grc' dir='ltr'>κατακρύπτει·</span> <span class='ocrx_word' id='word_1_303' title='bbox 3308 1674 3400 1727; x_wconf 79' lang='grc' dir='ltr'>καὶ</span> <span class='ocrx_word' id='word_1_304' title='bbox 3436 1676 3469 1742; x_wconf 84' lang='grc' dir='ltr'>ὴ</span> <span class='ocrx_word' id='word_1_305' title='bbox 3518 1676 3819 1729; x_wconf 88' lang='grc' dir='ltr'>Κωνσταν-</span> 
     </span>
    </p>
   </div>
   <div class='ocr_carea' id='block_1_44' title="bbox 2225 1762 3817 1837">
    <p class='ocr_par' dir='ltr' id='par_1_44' title="bbox 2225 1762 3817 1837">
     <span class='ocr_line' id='line_1_44' title="bbox 2225 1762 3817 1837; baseline 0.005 -22"><span class='ocrx_word' id='word_1_306' title='bbox 2225 1763 2340 1815; x_wconf 88' lang='grc' dir='ltr'>τίου</span> <span class='ocrx_word' id='word_1_307' title='bbox 2366 1762 2589 1833; x_wconf 85' lang='grc' dir='ltr'>τελευτὴ</span> <span class='ocrx_word' id='word_1_308' title='bbox 2627 1762 2778 1827; x_wconf 82' lang='grc' dir='ltr'>λύσις</span> <span class='ocrx_word' id='word_1_309' title='bbox 2809 1764 3015 1831; x_wconf 88' lang='grc' dir='ltr'>γίνεται</span> <span class='ocrx_word' id='word_1_310' title='bbox 3040 1765 3139 1835; x_wconf 80' lang='grc' dir='ltr'>τῆς</span> <span class='ocrx_word' id='word_1_311' title='bbox 3167 1767 3509 1837; x_wconf 79' lang='grc' dir='ltr'>ἀποκρυϐἦς.</span> <span class='ocrx_word' id='word_1_312' title='bbox 3558 1769 3652 1820; x_wconf 86' lang='grc' dir='ltr'>Ἐν</span> <span class='ocrx_word' id='word_1_313' title='bbox 3677 1771 3817 1823; x_wconf 83' lang='grc' dir='ltr'>πᾶσι</span> 
     </span>
    </p>
   </div>
   <div class='ocr_carea' id='block_1_45' title="bbox 2156 1838 3815 1932">
    <p class='ocr_par' dir='ltr' id='par_1_45' title="bbox 2156 1838 3815 1932">
     <span class='ocr_line' id='line_1_45' title="bbox 2156 1838 3815 1932; baseline 0.005 -25"><span class='ocrx_word' id='word_1_314' title='bbox 2156 1838 2196 1891; x_wconf 76' lang='grc' dir='ltr'><strong>Β</strong></span> <span class='ocrx_word' id='word_1_315' title='bbox 2224 1854 2280 1907; x_wconf 77' lang='grc' dir='ltr'>δὲ</span> <span class='ocrx_word' id='word_1_316' title='bbox 2309 1852 2601 1923; x_wconf 82' lang='grc' dir='ltr'>προθύμως</span> <span class='ocrx_word' id='word_1_317' title='bbox 2634 1856 2725 1906; x_wconf 70' lang='grc' dir='ltr'><strong>καὶ</strong></span> <span class='ocrx_word' id='word_1_318' title='bbox 2771 1854 3081 1925; x_wconf 85' lang='grc' dir='ltr'>σεϐασμίως</span> <span class='ocrx_word' id='word_1_319' title='bbox 3112 1859 3144 1927; x_wconf 84' lang='grc' dir='ltr'>ἠ</span> <span class='ocrx_word' id='word_1_320' title='bbox 3177 1855 3442 1927; x_wconf 82' lang='grc' dir='ltr'>παρθένος</span> <span class='ocrx_word' id='word_1_321' title='bbox 3481 1858 3815 1932; x_wconf 76' lang='grc' dir='ltr'>ὲξυπηρέτει</span> 
     </span>
    </p>
   </div>
   <div class='ocr_carea' id='block_1_46' title="bbox 2226 1945 3816 2021">
    <p class='ocr_par' dir='ltr' id='par_1_46' title="bbox 2226 1945 3816 2021">
     <span class='ocr_line' id='line_1_46' title="bbox 2226 1945 3816 2021; baseline 0.006 -25"><span class='ocrx_word' id='word_1_322' title='bbox 2226 1946 2315 1997; x_wconf 75' lang='grc' dir='ltr'><strong>τὸν</strong></span> <span class='ocrx_word' id='word_1_323' title='bbox 2343 1945 2508 2009; x_wconf 81' lang='grc' dir='ltr'>ὅσιον,</span> <span class='ocrx_word' id='word_1_324' title='bbox 2554 1946 2759 2008; x_wconf 80' lang='grc' dir='ltr'>πάντας</span> <span class='ocrx_word' id='word_1_325' title='bbox 2803 1947 2928 2008; x_wconf 76' lang='grc' dir='ltr'>τοὺς</span> <span class='ocrx_word' id='word_1_326' title='bbox 2966 1947 3022 1998; x_wconf 79' lang='grc' dir='ltr'>ὲν</span> <span class='ocrx_word' id='word_1_327' title='bbox 3060 1949 3125 2018; x_wconf 84' lang='grc' dir='ltr'><strong>τῇ</strong></span> <span class='ocrx_word' id='word_1_328' title='bbox 3170 1948 3322 2001; x_wconf 82' lang='grc' dir='ltr'>πόλει</span> <span class='ocrx_word' id='word_1_329' title='bbox 3367 1950 3603 2021; x_wconf 87' lang='grc' dir='ltr'>μικρούς</span> <span class='ocrx_word' id='word_1_330' title='bbox 3626 1968 3688 2004; x_wconf 89' lang='grc' dir='ltr'><strong>τε</strong></span> <span class='ocrx_word' id='word_1_331' title='bbox 3717 1951 3816 2006; x_wconf 73' lang='grc' dir='ltr'><strong>καὶ</strong></span> 
     </span>
    </p>
   </div>
   <div class='ocr_carea' id='block_1_47' title="bbox 2231 2037 3816 2109">
    <p class='ocr_par' dir='ltr' id='par_1_47' title="bbox 2231 2037 3816 2109">
     <span class='ocr_line' id='line_1_47' title="bbox 2231 2037 3816 2109; baseline 0.005 -20"><span class='ocrx_word' id='word_1_332' title='bbox 2231 2038 2519 2109; x_wconf 77' lang='grc' dir='ltr'>μεγάλους,</span> <span class='ocrx_word' id='word_1_333' title='bbox 2548 2039 2790 2100; x_wconf 71' lang='grc' dir='ltr'>καὶτοὺς</span> <span class='ocrx_word' id='word_1_334' title='bbox 2816 2037 3101 2106; x_wconf 72' lang='grc' dir='ltr'>φιλοῦντας</span> <span class='ocrx_word' id='word_1_335' title='bbox 3143 2040 3236 2093; x_wconf 76' lang='grc' dir='ltr'>καὶ</span> <span class='ocrx_word' id='word_1_336' title='bbox 3276 2041 3399 2103; x_wconf 77' lang='grc' dir='ltr'>τοὺς</span> <span class='ocrx_word' id='word_1_337' title='bbox 3433 2040 3673 2105; x_wconf 86' lang='grc' dir='ltr'>διώκτας</span> <span class='ocrx_word' id='word_1_338' title='bbox 3699 2044 3816 2097; x_wconf 88' lang='grc' dir='ltr'>δια-</span> 
     </span>
    </p>
   </div>
   <div class='ocr_carea' id='block_1_48' title="bbox 2228 2124 3815 2198">
    <p class='ocr_par' dir='ltr' id='par_1_48' title="bbox 2228 2124 3815 2198">
     <span class='ocr_line' id='line_1_48' title="bbox 2228 2124 3815 2198; baseline 0.007 -21"><span class='ocrx_word' id='word_1_339' title='bbox 2228 2126 2583 2181; x_wconf 87' lang='grc' dir='ltr'>λανθάνουσα.</span> <span class='ocrx_word' id='word_1_340' title='bbox 2629 2128 2959 2198; x_wconf 86' lang='grc' dir='ltr'>Προστάττει</span> <span class='ocrx_word' id='word_1_341' title='bbox 3010 2128 3052 2180; x_wconf 90' lang='grc' dir='ltr'>δ’</span> <span class='ocrx_word' id='word_1_342' title='bbox 3087 2124 3179 2183; x_wconf 81' lang='grc' dir='ltr'><strong>οῦν</strong></span> <span class='ocrx_word' id='word_1_343' title='bbox 3207 2132 3235 2182; x_wconf 91' lang='lat'><strong>6</strong></span> <span class='ocrx_word' id='word_1_344' title='bbox 3270 2131 3654 2197; x_wconf 85' lang='grc' dir='ltr'>Κωνστάντιος</span> <span class='ocrx_word' id='word_1_345' title='bbox 3686 2136 3815 2198; x_wconf 81' lang='grc' dir='ltr'>τοὺς</span> 
     </span>
    </p>
   </div>
   <div class='ocr_carea' id='block_1_49' title="bbox 2232 2218 3813 2298">
    <p class='ocr_par' dir='ltr' id='par_1_49' title="bbox 2232 2218 3813 2298">
     <span class='ocr_line' id='line_1_49' title="bbox 2232 2218 3813 2298; baseline 0.005 -27"><span class='ocrx_word' id='word_1_346' title='bbox 2232 2219 2306 2290; x_wconf 82' lang='grc' dir='ltr'><strong>μὴ</strong></span> <span class='ocrx_word' id='word_1_347' title='bbox 2333 2218 2688 2290; x_wconf 77' lang='grc' dir='ltr'>βουλομένους</span> <span class='ocrx_word' id='word_1_348' title='bbox 2710 2219 2817 2272; x_wconf 82' lang='grc' dir='ltr'><strong>τῶν</strong></span> <span class='ocrx_word' id='word_1_349' title='bbox 2846 2220 2984 2274; x_wconf 81' lang='grc' dir='ltr'>κατὰ</span> <span class='ocrx_word' id='word_1_350' title='bbox 3006 2221 3105 2293; x_wconf 81' lang='grc' dir='ltr'>τὴν</span> <span class='ocrx_word' id='word_1_351' title='bbox 3149 2222 3378 2275; x_wconf 82' lang='grc' dir='ltr'>Ἰταλίαν</span> <span class='ocrx_word' id='word_1_352' title='bbox 3408 2224 3717 2295; x_wconf 83' lang='grc' dir='ltr'>ἀρχιερέων</span> <span class='ocrx_word' id='word_1_353' title='bbox 3740 2229 3813 2298; x_wconf 70' lang='grc' dir='ltr'>τῇ</span> 
     </span>
    </p>
   </div>
   <div class='ocr_carea' id='block_1_50' title="bbox 2234 2310 3811 2387">
    <p class='ocr_par' dir='ltr' id='par_1_50' title="bbox 2234 2310 3811 2387">
     <span class='ocr_line' id='line_1_50' title="bbox 2234 2310 3811 2387; baseline 0.003 -22"><span class='ocrx_word' id='word_1_354' title='bbox 2234 2312 2442 2381; x_wconf 83' lang='grc' dir='ltr'>Ἀρείου</span> <span class='ocrx_word' id='word_1_355' title='bbox 2475 2310 2918 2379; x_wconf 81' lang='grc' dir='ltr'>καθυπογράφειν</span> <span class='ocrx_word' id='word_1_356' title='bbox 2954 2312 3269 2376; x_wconf 75' lang='grc' dir='ltr'>ἐξωθεῖσθαι</span> <span class='ocrx_word' id='word_1_357' title='bbox 3295 2314 3402 2366; x_wconf 87' lang='grc' dir='ltr'><strong>τῶν</strong></span> <span class='ocrx_word' id='word_1_358' title='bbox 3443 2316 3811 2387; x_wconf 85' lang='grc' dir='ltr'>Ἐκκλησιῶν,</span> 
     </span>
    </p>
   </div>
   <div class='ocr_carea' id='block_1_51' title="bbox 2220 2404 3814 2482">
    <p class='ocr_par' dir='ltr' id='par_1_51' title="bbox 2220 2404 3814 2482">
     <span class='ocr_line' id='line_1_51' title="bbox 2220 2404 3814 2482; baseline 0.003 -25"><span class='ocrx_word' id='word_1_359' title='bbox 2220 2404 2334 2457; x_wconf 76' lang='grc' dir='ltr'>ἀντ’</span> <span class='ocrx_word' id='word_1_360' title='bbox 2363 2404 2585 2457; x_wconf 75' lang='grc' dir='ltr'>ἐκείνων</span> <span class='ocrx_word' id='word_1_361' title='bbox 2630 2404 2755 2467; x_wconf 77' lang='grc' dir='ltr'>τοὺς</span> <span class='ocrx_word' id='word_1_362' title='bbox 2798 2404 3075 2468; x_wconf 79' lang='grc' dir='ltr'>δυσσεϐεῖς</span> <span class='ocrx_word' id='word_1_363' title='bbox 3114 2406 3565 2473; x_wconf 83' lang='grc' dir='ltr'>ὲγκαθίστασθαι.</span> <span class='ocrx_word' id='word_1_364' title='bbox 3609 2406 3814 2482; x_wconf 73' lang='grc' dir='ltr'>’Υπερο</span> 
     </span>
    </p>
   </div>
   <div class='ocr_carea' id='block_1_52' title="bbox 2221 2494 3813 2574">
    <p class='ocr_par' dir='ltr' id='par_1_52' title="bbox 2221 2494 3813 2574">
     <span class='ocr_line' id='line_1_52' title="bbox 2221 2494 3813 2574; baseline 0.006 -26"><span class='ocrx_word' id='word_1_365' title='bbox 2221 2494 2448 2566; x_wconf 77' lang='grc' dir='ltr'>ωρίζετο</span> <span class='ocrx_word' id='word_1_366' title='bbox 2496 2497 2589 2549; x_wconf 66' lang='grc' dir='ltr'><strong>καὶ</strong></span> <span class='ocrx_word' id='word_1_367' title='bbox 2641 2495 2890 2565; x_wconf 83' lang='grc' dir='ltr'>Λιϐἐριος</span> <span class='ocrx_word' id='word_1_368' title='bbox 2918 2497 3037 2549; x_wconf 88' lang='grc' dir='ltr'>τότε</span> <span class='ocrx_word' id='word_1_369' title='bbox 3074 2499 3208 2569; x_wconf 82' lang='grc' dir='ltr'>μετὰ</span> <span class='ocrx_word' id='word_1_370' title='bbox 3250 2499 3467 2554; x_wconf 80' lang='grc' dir='ltr'>Ἰούλιον</span> <span class='ocrx_word' id='word_1_371' title='bbox 3494 2503 3589 2555; x_wconf 84' lang='grc' dir='ltr'><strong>τὸν</strong></span> <span class='ocrx_word' id='word_1_372' title='bbox 3617 2502 3813 2574; x_wconf 82' lang='grc' dir='ltr'>θρόνον</span> 
     </span>
    </p>
   </div>
   <div class='ocr_carea' id='block_1_53' title="bbox 2233 2587 3813 2662">
    <p class='ocr_par' dir='ltr' id='par_1_53' title="bbox 2233 2587 3813 2662">
     <span class='ocr_line' id='line_1_53' title="bbox 2233 2587 3813 2662; baseline 0.004 -20"><span class='ocrx_word' id='word_1_373' title='bbox 2233 2588 2450 2660; x_wconf 85' lang='grc' dir='ltr'>Ῥώμης</span> <span class='ocrx_word' id='word_1_374' title='bbox 2478 2587 2670 2642; x_wconf 82' lang='grc' dir='ltr'>ἰθύνων</span> <span class='ocrx_word' id='word_1_375' title='bbox 2692 2607 2703 2618; x_wconf 93' lang='grc'><strong>·</strong></span> <span class='ocrx_word' id='word_1_376' title='bbox 2744 2589 2835 2644; x_wconf 73' lang='grc' dir='ltr'><strong>καὶ</strong></span> <span class='ocrx_word' id='word_1_377' title='bbox 2868 2590 3374 2662; x_wconf 84' lang='grc' dir='ltr'>ἀντιχειροτονεῖται</span> <span class='ocrx_word' id='word_1_378' title='bbox 3399 2592 3573 2660; x_wconf 83' lang='grc' dir='ltr'>Φὶλιξ,</span> <span class='ocrx_word' id='word_1_379' title='bbox 3603 2595 3664 2658; x_wconf 79' lang='grc' dir='ltr'>ὃς</span> <span class='ocrx_word' id='word_1_380' title='bbox 3705 2613 3813 2648; x_wconf 89' lang='grc' dir='ltr'>πα-</span> 
     </span>
    </p>
   </div>
   <div class='ocr_carea' id='block_1_54' title="bbox 2225 2681 3813 2758">
    <p class='ocr_par' dir='ltr' id='par_1_54' title="bbox 2225 2681 3813 2758">
     <span class='ocr_line' id='line_1_54' title="bbox 2225 2681 3813 2758; baseline 0.003 -24"><span class='ocrx_word' id='word_1_381' title='bbox 2225 2682 2483 2751; x_wconf 80' lang='grc' dir='ltr'>ραχρῆμα</span> <span class='ocrx_word' id='word_1_382' title='bbox 2516 2682 2611 2751; x_wconf 84' lang='grc' dir='ltr'><strong>μὲν</strong></span> <span class='ocrx_word' id='word_1_383' title='bbox 2654 2684 2810 2753; x_wconf 84' lang='grc' dir='ltr'>ποινῇ</span> <span class='ocrx_word' id='word_1_384' title='bbox 2850 2681 3092 2754; x_wconf 73' lang='grc' dir='ltr'>θεηλάτῳ</span> <span class='ocrx_word' id='word_1_385' title='bbox 3120 2686 3185 2754; x_wconf 81' lang='grc' dir='ltr'>τῇ</span> <span class='ocrx_word' id='word_1_386' title='bbox 3219 2684 3326 2738; x_wconf 77' lang='grc' dir='ltr'><strong>τῶν</strong></span> <span class='ocrx_word' id='word_1_387' title='bbox 3368 2685 3669 2756; x_wconf 80' lang='grc' dir='ltr'>ὀφθαλμῶν</span> <span class='ocrx_word' id='word_1_388' title='bbox 3704 2703 3813 2758; x_wconf 81' lang='grc' dir='ltr'><strong>πη-</strong></span> 
     </span>
    </p>
   </div>
   <div class='ocr_carea' id='block_1_55' title="bbox 2227 2772 3811 2852">
    <p class='ocr_par' dir='ltr' id='par_1_55' title="bbox 2227 2772 3811 2852">
     <span class='ocr_line' id='line_1_55' title="bbox 2227 2772 3811 2852; baseline 0.006 -27"><span class='ocrx_word' id='word_1_389' title='bbox 2227 2772 2390 2847; x_wconf 79' lang='grc' dir='ltr'>ρώσει</span> <span class='ocrx_word' id='word_1_390' title='bbox 2439 2773 2819 2835; x_wconf 76' lang='grc' dir='ltr'>ὑποϐάλλεται,</span> <span class='ocrx_word' id='word_1_391' title='bbox 2869 2774 3092 2845; x_wconf 76' lang='grc' dir='ltr'>ὕστερον</span> <span class='ocrx_word' id='word_1_392' title='bbox 3131 2776 3188 2830; x_wconf 83' lang='grc' dir='ltr'>δὲ</span> <span class='ocrx_word' id='word_1_393' title='bbox 3236 2777 3330 2830; x_wconf 75' lang='grc' dir='ltr'><strong>καὶ</strong></span> <span class='ocrx_word' id='word_1_394' title='bbox 3381 2778 3607 2850; x_wconf 82' lang='grc' dir='ltr'>λοιμικῇ</span> <span class='ocrx_word' id='word_1_395' title='bbox 3664 2781 3811 2852; x_wconf 79' lang='grc' dir='ltr'>νόσῳ</span> 
     </span>
    </p>
   </div>
   <div class='ocr_carea' id='block_1_56' title="bbox 2222 2865 3811 2937">
    <p class='ocr_par' dir='ltr' id='par_1_56' title="bbox 2222 2865 3811 2937">
     <span class='ocr_line' id='line_1_56' title="bbox 2222 2865 3811 2937; baseline 0.005 -19"><span class='ocrx_word' id='word_1_396' title='bbox 2222 2865 2576 2934; x_wconf 72' lang='grc' dir='ltr'>κατασχεθεὶς</span> <span class='ocrx_word' id='word_1_397' title='bbox 2623 2866 3012 2937; x_wconf 79' lang='grc' dir='ltr'>διαφθείρεται.</span> <span class='ocrx_word' id='word_1_398' title='bbox 3042 2869 3122 2921; x_wconf 82' lang='grc' dir='ltr'>Τὰ</span> <span class='ocrx_word' id='word_1_399' title='bbox 3146 2868 3285 2922; x_wconf 73' lang='grc' dir='ltr'>αὐτὰ</span> <span class='ocrx_word' id='word_1_400' title='bbox 3323 2868 3378 2923; x_wconf 84' lang='grc' dir='ltr'>δὲ</span> <span class='ocrx_word' id='word_1_401' title='bbox 3403 2872 3499 2923; x_wconf 74' lang='grc' dir='ltr'><strong>καὶ</strong></span> <span class='ocrx_word' id='word_1_402' title='bbox 3540 2872 3811 2936; x_wconf 82' lang='grc' dir='ltr'>Μελέτιος</span> 
     </span>
    </p>
   </div>
   <div class='ocr_carea' id='block_1_57' title="bbox 538 2956 3811 3053">
    <p class='ocr_par' dir='ltr' id='par_1_57' title="bbox 538 2956 3811 3053">
     <span class='ocr_line' id='line_1_57' title="bbox 538 2956 3811 3053; baseline 0.003 -44"><span class='ocrx_word' id='word_1_403' title='bbox 538 2956 569 3009; x_wconf 75' lang='grc' dir='ltr'><strong>ι</strong></span> <span class='ocrx_word' id='word_1_404' title='bbox 607 2956 932 3027; x_wconf 84' lang='grc' dir='ltr'>Ἀντιοχείας</span> <span class='ocrx_word' id='word_1_405' title='bbox 976 2958 1285 3025; x_wconf 75' lang='grc' dir='ltr'>ὑφίσταται,</span> <span class='ocrx_word' id='word_1_406' title='bbox 1316 2961 1409 3013; x_wconf 72' lang='grc' dir='ltr'><strong>καὶ</strong></span> <span class='ocrx_word' id='word_1_407' title='bbox 1439 2959 1789 3030; x_wconf 82' lang='grc' dir='ltr'>ἀντικαθιστᾷ</span> <span class='ocrx_word' id='word_1_408' title='bbox 1833 2962 1865 3031; x_wconf 74' lang='grc' dir='ltr'>ἡ</span> <span class='ocrx_word' id='word_1_409' title='bbox 1906 2962 2116 3031; x_wconf 72' lang='grc' dir='ltr'>αἵρεσις</span> <span class='ocrx_word' id='word_1_410' title='bbox 2153 2959 2243 3011; x_wconf 79' lang='grc' dir='ltr'><strong>τὸν</strong></span> <span class='ocrx_word' id='word_1_411' title='bbox 2300 2958 2555 3025; x_wconf 78' lang='grc' dir='ltr'>Εύζώῖον,</span> <span class='ocrx_word' id='word_1_412' title='bbox 2618 2960 2676 3012; x_wconf 82' lang='grc' dir='ltr'>ὲν</span> <span class='ocrx_word' id='word_1_413' title='bbox 2712 2961 3271 3015; x_wconf 87' lang='grc' dir='ltr'>Κωνσταντινουπόλει</span> <span class='ocrx_word' id='word_1_414' title='bbox 3308 2962 3363 3017; x_wconf 80' lang='grc' dir='ltr'>δὲ</span> <span class='ocrx_word' id='word_1_415' title='bbox 3400 2963 3493 3017; x_wconf 83' lang='grc' dir='ltr'>τὸν</span> <span class='ocrx_word' id='word_1_416' title='bbox 3531 2965 3811 3053; x_wconf 57' lang='grc' dir='ltr'>Εύδόξιον,</span> 
     </span>
    </p>
   </div>
   <div class='ocr_carea' id='block_1_58' title="bbox 536 3046 2113 3123">
    <p class='ocr_par' dir='ltr' id='par_1_58' title="bbox 536 3046 2113 3123">
     <span class='ocr_line' id='line_1_58' title="bbox 536 3046 2113 3123; baseline 0.004 -24"><span class='ocrx_word' id='word_1_417' title='bbox 536 3046 737 3119; x_wconf 60' lang='grc' dir='ltr'>ἄνδρας</span> <span class='ocrx_word' id='word_1_418' title='bbox 758 3048 1038 3113; x_wconf 78' lang='grc' dir='ltr'>δυσσεϐεῖς</span> <span class='ocrx_word' id='word_1_419' title='bbox 1067 3051 1158 3104; x_wconf 78' lang='grc' dir='ltr'><strong>καὶ</strong></span> <span class='ocrx_word' id='word_1_420' title='bbox 1181 3051 1273 3103; x_wconf 80' lang='grc' dir='ltr'><strong>τὸν</strong></span> <span class='ocrx_word' id='word_1_421' title='bbox 1300 3050 1412 3120; x_wconf 84' lang='grc' dir='ltr'>βίον</span> <span class='ocrx_word' id='word_1_422' title='bbox 1433 3052 1688 3117; x_wconf 82' lang='grc' dir='ltr'>ὲπαξίους</span> <span class='ocrx_word' id='word_1_423' title='bbox 1712 3052 1812 3122; x_wconf 79' lang='grc' dir='ltr'><strong>τῆς</strong></span> <span class='ocrx_word' id='word_1_424' title='bbox 1834 3052 2113 3123; x_wconf 85' lang='grc' dir='ltr'>αίρέσεως.</span> 
     </span>
    </p>
   </div>
   <div class='ocr_carea' id='block_1_59' title="bbox 610 3140 2176 3213">
    <p class='ocr_par' dir='ltr' id='par_1_59' title="bbox 610 3140 2176 3213">
     <span class='ocr_line' id='line_1_59' title="bbox 610 3140 2176 3213; baseline 0.001 -19"><span class='ocrx_word' id='word_1_425' title='bbox 610 3140 695 3194; x_wconf 74' lang='grc'><strong>12.</strong></span> <span class='ocrx_word' id='word_1_426' title='bbox 736 3141 936 3195; x_wconf 84' lang='lat' dir='ltr'><strong>Eodem</strong></span> <span class='ocrx_word' id='word_1_427' title='bbox 963 3151 1204 3213; x_wconf 87' lang='lat' dir='ltr'><strong>tempore</strong></span> <span class='ocrx_word' id='word_1_428' title='bbox 1234 3142 1507 3197; x_wconf 71' lang='lat' dir='ltr'><strong>lulianum</strong></span> <span class='ocrx_word' id='word_1_429' title='bbox 1539 3144 1891 3199; x_wconf 87' lang='lat' dir='ltr'><strong>Constantius</strong></span> <span class='ocrx_word' id='word_1_430' title='bbox 1923 3145 2100 3199; x_wconf 66' lang='lat' dir='ltr'><strong>Caesa-</strong></span> <span class='ocrx_word' id='word_1_431' title='bbox 2134 3149 2176 3205; x_wconf 86' lang='lat' dir='ltr'><strong>C</strong></span> 
     </span>
    </p>
   </div>
   <div class='ocr_carea' id='block_1_60' title="bbox 537 3232 2111 3302">
    <p class='ocr_par' dir='ltr' id='par_1_60' title="bbox 537 3232 2111 3302">
     <span class='ocr_line' id='line_1_60' title="bbox 537 3232 2111 3302; baseline 0.002 -18"><span class='ocrx_word' id='word_1_432' title='bbox 537 3244 653 3285; x_wconf 79' lang='lat' dir='ltr'><strong>rem</strong></span> <span class='ocrx_word' id='word_1_433' title='bbox 689 3232 1013 3302; x_wconf 86' lang='lat' dir='ltr'><strong>proclamat,</strong></span> <span class='ocrx_word' id='word_1_434' title='bbox 1045 3244 1098 3289; x_wconf 89' lang='lat' dir='ltr'><strong>et</strong></span> <span class='ocrx_word' id='word_1_435' title='bbox 1134 3235 1187 3289; x_wconf 89' lang='lat' dir='ltr'><strong>in</strong></span> <span class='ocrx_word' id='word_1_436' title='bbox 1217 3233 1430 3290; x_wconf 79' lang='lat' dir='ltr'><strong>Callias</strong></span> <span class='ocrx_word' id='word_1_437' title='bbox 1467 3236 1653 3290; x_wconf 89' lang='lat' dir='ltr'><strong>mittit.</strong></span> <span class='ocrx_word' id='word_1_438' title='bbox 1690 3234 1895 3289; x_wconf 81' lang='lat' dir='ltr'><strong>Novam</strong></span> <span class='ocrx_word' id='word_1_439' title='bbox 1933 3244 2111 3289; x_wconf 88' lang='lat' dir='ltr'><strong>autem</strong></span> 
     </span>
    </p>
   </div>
   <div class='ocr_carea' id='block_1_61' title="bbox 535 3323 2111 3396">
    <p class='ocr_par' dir='ltr' id='par_1_61' title="bbox 535 3323 2111 3396">
     <span class='ocr_line' id='line_1_61' title="bbox 535 3323 2111 3396; baseline -0.001 -16"><span class='ocrx_word' id='word_1_440' title='bbox 535 3323 823 3380; x_wconf 74' lang='lat' dir='ltr'><strong>ecclesiam</strong></span> <span class='ocrx_word' id='word_1_441' title='bbox 876 3340 906 3379; x_wconf 90' lang='lat' dir='ltr'><strong>a</strong></span> <span class='ocrx_word' id='word_1_442' title='bbox 956 3340 1013 3380; x_wconf 91' lang='lat' dir='ltr'><strong>se</strong></span> <span class='ocrx_word' id='word_1_443' title='bbox 1046 3325 1514 3396; x_wconf 87' lang='lat' dir='ltr'><strong>Constantinopoli</strong></span> <span class='ocrx_word' id='word_1_444' title='bbox 1566 3334 1959 3388; x_wconf 88' lang='lat' dir='ltr'><strong>constructam,</strong></span> <span class='ocrx_word' id='word_1_445' title='bbox 2012 3324 2111 3393; x_wconf 87' lang='lat' dir='ltr'><strong>ipsi</strong></span> 
     </span>
    </p>
   </div>
   <div class='ocr_carea' id='block_1_62' title="bbox 535 3413 2113 3485">
    <p class='ocr_par' dir='ltr' id='par_1_62' title="bbox 535 3413 2113 3485">
     <span class='ocr_line' id='line_1_62' title="bbox 535 3413 2113 3485; baseline 0.001 -16"><span class='ocrx_word' id='word_1_446' title='bbox 535 3414 632 3469; x_wconf 86' lang='lat' dir='ltr'><strong>Dei</strong></span> <span class='ocrx_word' id='word_1_447' title='bbox 679 3413 970 3482; x_wconf 77' lang='lat' dir='ltr'><strong>Sapientia:</strong></span> <span class='ocrx_word' id='word_1_448' title='bbox 1013 3416 1390 3485; x_wconf 80' lang='lat' dir='ltr'><strong>cognominem</strong></span> <span class='ocrx_word' id='word_1_449' title='bbox 1427 3417 1719 3472; x_wconf 85' lang='lat' dir='ltr'><strong>dedicavit.</strong></span> <span class='ocrx_word' id='word_1_450' title='bbox 1753 3417 1888 3471; x_wconf 89' lang='lat' dir='ltr'><strong>Tmn</strong></span> <span class='ocrx_word' id='word_1_451' title='bbox 1919 3417 2113 3479; x_wconf 88' lang='lat' dir='ltr'><strong>impius</strong></span> 
     </span>
    </p>
   </div>
   <div class='ocr_carea' id='block_1_63' title="bbox 536 3505 2111 3565">
    <p class='ocr_par' dir='ltr' id='par_1_63' title="bbox 536 3505 2111 3565">
     <span class='ocr_line' id='line_1_63' title="bbox 536 3505 2111 3565; baseline 0.002 -6"><span class='ocrx_word' id='word_1_452' title='bbox 536 3505 818 3560; x_wconf 74' lang='lat' dir='ltr'><strong>Eudoxius</strong></span> <span class='ocrx_word' id='word_1_453' title='bbox 846 3507 899 3560; x_wconf 87' lang='lat' dir='ltr'><strong>in</strong></span> <span class='ocrx_word' id='word_1_454' title='bbox 932 3506 1073 3563; x_wconf 80' lang='lat' dir='ltr'><strong>festo</strong></span> <span class='ocrx_word' id='word_1_455' title='bbox 1119 3508 1497 3562; x_wconf 66' lang='lat' dir='ltr'><strong>Encteniorum</strong></span> <span class='ocrx_word' id='word_1_456' title='bbox 1533 3511 1586 3563; x_wconf 91' lang='lat' dir='ltr'><strong>in</strong></span> <span class='ocrx_word' id='word_1_457' title='bbox 1619 3511 1815 3565; x_wconf 88' lang='lat' dir='ltr'><strong>throno</strong></span> <span class='ocrx_word' id='word_1_458' title='bbox 1845 3510 2111 3563; x_wconf 85' lang='lat' dir='ltr'><strong>constitu-</strong></span> 
     </span>
    </p>
   </div>
   <div class='ocr_carea' id='block_1_64' title="bbox 536 3598 2110 3671">
    <p class='ocr_par' dir='ltr' id='par_1_64' title="bbox 536 3598 2110 3671">
     <span class='ocr_line' id='line_1_64' title="bbox 536 3598 2110 3671; baseline 0.002 -19"><span class='ocrx_word' id='word_1_459' title='bbox 536 3606 648 3663; x_wconf 72' lang='lat' dir='ltr'><strong>tus,</strong></span> <span class='ocrx_word' id='word_1_460' title='bbox 682 3598 913 3667; x_wconf 90' lang='lat' dir='ltr'><strong>primam</strong></span> <span class='ocrx_word' id='word_1_461' title='bbox 946 3599 1090 3653; x_wconf 88' lang='lat' dir='ltr'><strong>illam</strong></span> <span class='ocrx_word' id='word_1_462' title='bbox 1149 3602 1410 3654; x_wconf 89' lang='lat' dir='ltr'><strong>audacem</strong></span> <span class='ocrx_word' id='word_1_463' title='bbox 1456 3602 1943 3670; x_wconf 87' lang='lat' dir='ltr'><strong>stnltissimamque</strong></span> <span class='ocrx_word' id='word_1_464' title='bbox 1982 3616 2110 3671; x_wconf 88' lang='lat' dir='ltr'><strong>pro-</strong></span> 
     </span>
    </p>
   </div>
   <div class='ocr_carea' id='block_1_65' title="bbox 539 3690 2111 3763">
    <p class='ocr_par' dir='ltr' id='par_1_65' title="bbox 539 3690 2111 3763">
     <span class='ocr_line' id='line_1_65' title="bbox 539 3690 2111 3763; baseline 0.002 -19"><span class='ocrx_word' id='word_1_465' title='bbox 539 3690 665 3745; x_wconf 75' lang='lat' dir='ltr'><strong>tulit</strong></span> <span class='ocrx_word' id='word_1_466' title='bbox 699 3705 883 3746; x_wconf 84' lang='lat' dir='ltr'><strong>vocem</strong></span> <span class='ocrx_word' id='word_1_467' title='bbox 914 3709 928 3746; x_wconf 90' lang='lat'><strong>:</strong></span> <span class='ocrx_word' id='word_1_468' title='bbox 961 3690 1122 3745; x_wconf 84' lang='lat' dir='ltr'><strong>Pater</strong></span> <span class='ocrx_word' id='word_1_469' title='bbox 1164 3692 1380 3759; x_wconf 79' lang='lat' dir='ltr'><strong>impius,</strong></span> <span class='ocrx_word' id='word_1_470' title='bbox 1433 3691 1608 3747; x_wconf 79' lang='lat' dir='ltr'><strong>Filius</strong></span> <span class='ocrx_word' id='word_1_471' title='bbox 1652 3694 1796 3763; x_wconf 78' lang='lat' dir='ltr'><strong>pius.</strong></span> <span class='ocrx_word' id='word_1_472' title='bbox 1856 3693 2111 3747; x_wconf 88' lang='lat' dir='ltr'><strong>Tumultu</strong></span> 
     </span>
    </p>
   </div>
   <div class='ocr_carea' id='block_1_66' title="bbox 539 3782 2114 3851">
    <p class='ocr_par' dir='ltr' id='par_1_66' title="bbox 539 3782 2114 3851">
     <span class='ocr_line' id='line_1_66' title="bbox 539 3782 2114 3851; baseline 0.002 -14"><span class='ocrx_word' id='word_1_473' title='bbox 539 3791 721 3837; x_wconf 81' lang='lat' dir='ltr'><strong>autem</strong></span> <span class='ocrx_word' id='word_1_474' title='bbox 744 3782 869 3851; x_wconf 80' lang='lat' dir='ltr'><strong>jure</strong></span> <span class='ocrx_word' id='word_1_475' title='bbox 903 3783 1028 3836; x_wconf 89' lang='lat' dir='ltr'><strong>inde</strong></span> <span class='ocrx_word' id='word_1_476' title='bbox 1072 3784 1286 3847; x_wconf 88' lang='lat' dir='ltr'><strong>oborto,</strong></span> <span class='ocrx_word' id='word_1_477' title='bbox 1313 3784 1457 3838; x_wconf 91' lang='lat' dir='ltr'><strong>malo</strong></span> <span class='ocrx_word' id='word_1_478' title='bbox 1483 3786 1682 3839; x_wconf 92' lang='lat' dir='ltr'><strong>malum</strong></span> <span class='ocrx_word' id='word_1_479' title='bbox 1730 3788 1921 3842; x_wconf 87' lang='lat' dir='ltr'><strong>sedare</strong></span> <span class='ocrx_word' id='word_1_480' title='bbox 1950 3800 2114 3841; x_wconf 84' lang='lat' dir='ltr'><strong>cona-</strong></span> 
     </span>
    </p>
   </div>
   <div class='ocr_carea' id='block_1_67' title="bbox 538 3872 2116 3944">
    <p class='ocr_par' dir='ltr' id='par_1_67' title="bbox 538 3872 2116 3944">
     <span class='ocr_line' id='line_1_67' title="bbox 538 3872 2116 3944; baseline 0.001 -13"><span class='ocrx_word' id='word_1_481' title='bbox 538 3884 629 3931; x_wconf 71' lang='lat' dir='ltr'><strong>tus</strong></span> <span class='ocrx_word' id='word_1_482' title='bbox 662 3882 745 3927; x_wconf 88' lang='lat' dir='ltr'><strong>est</strong></span> <span class='ocrx_word' id='word_1_483' title='bbox 777 3887 790 3922; x_wconf 74' lang='grc' dir='ltr'><strong>ε</strong></span> <span class='ocrx_word' id='word_1_484' title='bbox 824 3872 967 3927; x_wconf 80' lang='lat' dir='ltr'><strong>Nihil</strong></span> <span class='ocrx_word' id='word_1_485' title='bbox 998 3873 1049 3927; x_wconf 88' lang='lat' dir='ltr'><strong>id</strong></span> <span class='ocrx_word' id='word_1_486' title='bbox 1088 3888 1203 3937; x_wconf 86' lang='lat' dir='ltr'><strong>vos,</strong></span> <span class='ocrx_word' id='word_1_487' title='bbox 1242 3874 1435 3944; x_wconf 88' lang='lat' dir='ltr'><strong>inquit,</strong></span> <span class='ocrx_word' id='word_1_488' title='bbox 1462 3877 1770 3943; x_wconf 90' lang='lat' dir='ltr'><strong>conturbet,</strong></span> <span class='ocrx_word' id='word_1_489' title='bbox 1805 3892 1928 3932; x_wconf 90' lang='lat' dir='ltr'><strong>nam</strong></span> <span class='ocrx_word' id='word_1_490' title='bbox 1954 3877 2116 3932; x_wconf 85' lang='lat' dir='ltr'><strong>Pater</strong></span> 
     </span>
    </p>
   </div>
   <div class='ocr_carea' id='block_1_68' title="bbox 540 3963 2110 4037">
    <p class='ocr_par' dir='ltr' id='par_1_68' title="bbox 540 3963 2110 4037">
     <span class='ocr_line' id='line_1_68' title="bbox 540 3963 2110 4037; baseline 0.004 -22"><span class='ocrx_word' id='word_1_491' title='bbox 540 3963 762 4033; x_wconf 89' lang='lat' dir='ltr'><strong>impius,</strong></span> <span class='ocrx_word' id='word_1_492' title='bbox 797 3965 922 4032; x_wconf 88' lang='lat' dir='ltr'><strong>quia</strong></span> <span class='ocrx_word' id='word_1_493' title='bbox 952 3964 1220 4019; x_wconf 91' lang='lat' dir='ltr'><strong>neminem</strong></span> <span class='ocrx_word' id='word_1_494' title='bbox 1267 3967 1355 4034; x_wconf 88' lang='lat' dir='ltr'><strong>pie</strong></span> <span class='ocrx_word' id='word_1_495' title='bbox 1380 3967 1545 4033; x_wconf 86' lang='lat' dir='ltr'><strong>colit;</strong></span> <span class='ocrx_word' id='word_1_496' title='bbox 1584 3968 1755 4023; x_wconf 89' lang='lat' dir='ltr'><strong>Filius</strong></span> <span class='ocrx_word' id='word_1_497' title='bbox 1800 3982 1929 4023; x_wconf 84' lang='lat' dir='ltr'><strong>vero</strong></span> <span class='ocrx_word' id='word_1_498' title='bbox 1971 3968 2110 4037; x_wconf 86' lang='lat' dir='ltr'><strong>pius,</strong></span> 
     </span>
    </p>
   </div>
   <div class='ocr_carea' id='block_1_69' title="bbox 540 4053 2114 4125">
    <p class='ocr_par' dir='ltr' id='par_1_69' title="bbox 540 4053 2114 4125">
     <span class='ocr_line' id='line_1_69' title="bbox 540 4053 2114 4125; baseline 0.003 -17"><span class='ocrx_word' id='word_1_499' title='bbox 540 4054 668 4125; x_wconf 77' lang='lat' dir='ltr'><strong>quia</strong></span> <span class='ocrx_word' id='word_1_500' title='bbox 703 4053 919 4109; x_wconf 81' lang='lat' dir='ltr'><strong>Patrem</strong></span> <span class='ocrx_word' id='word_1_501' title='bbox 955 4056 1040 4125; x_wconf 90' lang='lat' dir='ltr'><strong>pie</strong></span> <span class='ocrx_word' id='word_1_502' title='bbox 1077 4057 1226 4111; x_wconf 89' lang='lat' dir='ltr'><strong>colit.</strong></span> <span class='ocrx_word' id='word_1_503' title='bbox 1285 4056 1397 4113; x_wconf 82' lang='lat' dir='ltr'><strong>Hoc</strong></span> <span class='ocrx_word' id='word_1_504' title='bbox 1446 4058 1648 4115; x_wconf 80' lang='lat' dir='ltr'><strong>furiose</strong></span> <span class='ocrx_word' id='word_1_505' title='bbox 1707 4060 1906 4115; x_wconf 88' lang='lat' dir='ltr'><strong>dictmn</strong></span> <span class='ocrx_word' id='word_1_506' title='bbox 1940 4060 1992 4113; x_wconf 93' lang='lat' dir='ltr'><strong>in</strong></span> <span class='ocrx_word' id='word_1_507' title='bbox 2022 4075 2114 4115; x_wconf 90' lang='lat' dir='ltr'><strong>ea-</strong></span> 
     </span>
    </p>
   </div>
   <div class='ocr_carea' id='block_1_70' title="bbox 541 4146 2114 4213">
    <p class='ocr_par' dir='ltr' id='par_1_70' title="bbox 541 4146 2114 4213">
     <span class='ocr_line' id='line_1_70' title="bbox 541 4146 2114 4213; baseline 0.001 -10"><span class='ocrx_word' id='word_1_508' title='bbox 541 4146 776 4203; x_wconf 80' lang='lat' dir='ltr'><strong>ehinnos</strong></span> <span class='ocrx_word' id='word_1_509' title='bbox 813 4158 864 4201; x_wconf 91' lang='lat' dir='ltr'><strong>et</strong></span> <span class='ocrx_word' id='word_1_510' title='bbox 908 4147 1053 4202; x_wconf 88' lang='lat' dir='ltr'><strong>risus</strong></span> <span class='ocrx_word' id='word_1_511' title='bbox 1098 4149 1385 4206; x_wconf 82' lang='lat' dir='ltr'><strong>tumultum</strong></span> <span class='ocrx_word' id='word_1_512' title='bbox 1432 4151 1612 4213; x_wconf 84' lang='lat' dir='ltr'><strong>vertit,</strong></span> <span class='ocrx_word' id='word_1_513' title='bbox 1650 4152 1726 4204; x_wconf 91' lang='lat' dir='ltr'><strong>ita</strong></span> <span class='ocrx_word' id='word_1_514' title='bbox 1760 4158 1819 4204; x_wconf 88' lang='lat' dir='ltr'><strong>ut</strong></span> <span class='ocrx_word' id='word_1_515' title='bbox 1862 4151 2013 4203; x_wconf 90' lang='lat' dir='ltr'><strong>multi</strong></span> <span class='ocrx_word' id='word_1_516' title='bbox 2046 4150 2114 4204; x_wconf 87' lang='lat' dir='ltr'><strong>ab</strong></span> 
     </span>
    </p>
   </div>
   <div class='ocr_carea' id='block_1_71' title="bbox 540 4237 2112 4297">
    <p class='ocr_par' dir='ltr' id='par_1_71' title="bbox 540 4237 2112 4297">
     <span class='ocr_line' id='line_1_71' title="bbox 540 4237 2112 4297; baseline 0.003 -4"><span class='ocrx_word' id='word_1_517' title='bbox 540 4237 770 4294; x_wconf 88' lang='lat' dir='ltr'><strong>ecclesia</strong></span> <span class='ocrx_word' id='word_1_518' title='bbox 842 4240 1204 4297; x_wconf 87' lang='lat' dir='ltr'><strong>discederent.</strong></span> <span class='ocrx_word' id='word_1_519' title='bbox 1271 4240 1443 4296; x_wconf 85' lang='lat' dir='ltr'><strong>Porro</strong></span> <span class='ocrx_word' id='word_1_520' title='bbox 1500 4240 1744 4297; x_wconf 85' lang='lat' dir='ltr'><strong>Julianus</strong></span> <span class='ocrx_word' id='word_1_521' title='bbox 1798 4244 1849 4297; x_wconf 95' lang='lat' dir='ltr'><strong>in</strong></span> <span class='ocrx_word' id='word_1_522' title='bbox 1921 4242 2112 4297; x_wconf 82' lang='lat' dir='ltr'><strong>Galliis</strong></span> 
     </span>
    </p>
   </div>
   <div class='ocr_carea' id='block_1_72' title="bbox 539 4332 2112 4402">
    <p class='ocr_par' dir='ltr' id='par_1_72' title="bbox 539 4332 2112 4402">
     <span class='ocr_line' id='line_1_72' title="bbox 539 4332 2112 4402; baseline -0.001 -16"><span class='ocrx_word' id='word_1_523' title='bbox 539 4343 726 4400; x_wconf 79' lang='lat' dir='ltr'><strong>agens,</strong></span> <span class='ocrx_word' id='word_1_524' title='bbox 751 4332 995 4387; x_wconf 86' lang='lat' dir='ltr'><strong>victoriis</strong></span> <span class='ocrx_word' id='word_1_525' title='bbox 1020 4342 1214 4387; x_wconf 91' lang='lat' dir='ltr'><strong>contra</strong></span> <span class='ocrx_word' id='word_1_526' title='bbox 1254 4333 1516 4388; x_wconf 87' lang='lat' dir='ltr'><strong>barbaros</strong></span> <span class='ocrx_word' id='word_1_527' title='bbox 1548 4334 1866 4402; x_wconf 88' lang='lat' dir='ltr'><strong>reportatis,</strong></span> <span class='ocrx_word' id='word_1_528' title='bbox 1912 4348 1941 4386; x_wconf 92' lang='lat' dir='ltr'><strong>a</strong></span> <span class='ocrx_word' id='word_1_529' title='bbox 1972 4333 2112 4386; x_wconf 90' lang='lat' dir='ltr'><strong>mili-</strong></span> 
     </span>
    </p>
   </div>
   <div class='ocr_carea' id='block_1_73' title="bbox 492 4410 2110 4492">
    <p class='ocr_par' dir='ltr' id='par_1_73' title="bbox 492 4410 2110 4492">
     <span class='ocr_line' id='line_1_73' title="bbox 492 4410 2110 4492; baseline 0 -15"><span class='ocrx_word' id='word_1_530' title='bbox 492 4410 501 4412; x_wconf 50' lang='grc'><strong><em>“</em></strong></span> <span class='ocrx_word' id='word_1_531' title='bbox 541 4423 684 4477; x_wconf 84' lang='lat' dir='ltr'><strong>tibus</strong></span> <span class='ocrx_word' id='word_1_532' title='bbox 723 4420 1020 4492; x_wconf 89' lang='lat' dir='ltr'><strong>imperator</strong></span> <span class='ocrx_word' id='word_1_533' title='bbox 1063 4420 1391 4478; x_wconf 87' lang='lat' dir='ltr'><strong>declaratur.</strong></span> <span class='ocrx_word' id='word_1_534' title='bbox 1424 4422 1713 4491; x_wconf 80' lang='lat' dir='ltr'><strong>Comperta</strong></span> <span class='ocrx_word' id='word_1_535' title='bbox 1757 4422 2110 4477; x_wconf 87' lang='lat' dir='ltr'><strong>Constantius</strong></span> 
     </span>
    </p>
   </div>
   <div class='ocr_carea' id='block_1_74' title="bbox 2283 3140 3811 3214">
    <p class='ocr_par' dir='ltr' id='par_1_74' title="bbox 2283 3140 3811 3214">
     <span class='ocr_line' id='line_1_74' title="bbox 2283 3140 3811 3214; baseline 0.005 -21"><span class='ocrx_word' id='word_1_536' title='bbox 2283 3141 2368 3193; x_wconf 68' lang='grc'><strong>12.</strong></span> <span class='ocrx_word' id='word_1_537' title='bbox 2386 3140 2521 3195; x_wconf 80' lang='grc' dir='ltr'>Κατ’</span> <span class='ocrx_word' id='word_1_538' title='bbox 2534 3142 2710 3214; x_wconf 62' lang='grc' dir='ltr'>έκεῖνο</span> <span class='ocrx_word' id='word_1_539' title='bbox 2732 3141 2924 3211; x_wconf 85' lang='grc' dir='ltr'>καιροῦ</span> <span class='ocrx_word' id='word_1_540' title='bbox 2948 3142 3041 3196; x_wconf 79' lang='grc' dir='ltr'>καὶ</span> <span class='ocrx_word' id='word_1_541' title='bbox 3082 3142 3364 3196; x_wconf 81' lang='grc' dir='ltr'>Ἰουλιανδν</span> <span class='ocrx_word' id='word_1_542' title='bbox 3381 3144 3811 3211; x_wconf 58' lang='grc' dir='ltr'>ὁΚωνστάντικ</span> 
     </span>
    </p>
   </div>
   <div class='ocr_carea' id='block_1_75' title="bbox 2216 3232 3805 3309">
    <p class='ocr_par' dir='ltr' id='par_1_75' title="bbox 2216 3232 3805 3309">
     <span class='ocr_line' id='line_1_75' title="bbox 2216 3232 3805 3309; baseline 0.007 -24"><span class='ocrx_word' id='word_1_543' title='bbox 2216 3232 2531 3303; x_wconf 82' lang='grc' dir='ltr'>ἀναγορεύει</span> <span class='ocrx_word' id='word_1_544' title='bbox 2548 3233 2818 3303; x_wconf 87' lang='grc' dir='ltr'>Καίσαρα,</span> <span class='ocrx_word' id='word_1_545' title='bbox 2838 3235 2931 3287; x_wconf 77' lang='grc' dir='ltr'><strong>καὶ</strong></span> <span class='ocrx_word' id='word_1_546' title='bbox 2953 3234 3091 3304; x_wconf 75' lang='grc' dir='ltr'>πρὸς</span> <span class='ocrx_word' id='word_1_547' title='bbox 3112 3235 3208 3297; x_wconf 78' lang='grc' dir='ltr'>τὰς</span> <span class='ocrx_word' id='word_1_548' title='bbox 3226 3235 3482 3299; x_wconf 87' lang='grc' dir='ltr'>Γαλλίους</span> <span class='ocrx_word' id='word_1_549' title='bbox 3500 3239 3805 3309; x_wconf 76' lang='grc' dir='ltr'>ἐκπέμπει,</span> 
     </span>
    </p>
   </div>
   <div class='ocr_carea' id='block_1_76' title="bbox 2228 3321 3805 3399">
    <p class='ocr_par' dir='ltr' id='par_1_76' title="bbox 2228 3321 3805 3399">
     <span class='ocr_line' id='line_1_76' title="bbox 2228 3321 3805 3399; baseline 0.006 -24"><span class='ocrx_word' id='word_1_550' title='bbox 2228 3322 2464 3391; x_wconf 87' lang='grc' dir='ltr'>Ἐγκαινί</span> <span class='ocrx_word' id='word_1_551' title='bbox 2469 3321 2548 3386; x_wconf 82' lang='grc' dir='ltr'>ζει</span> <span class='ocrx_word' id='word_1_552' title='bbox 2564 3322 2618 3375; x_wconf 77' lang='grc' dir='ltr'>δὲ</span> <span class='ocrx_word' id='word_1_553' title='bbox 2630 3323 2720 3375; x_wconf 79' lang='grc' dir='ltr'><strong>καὶ</strong></span> <span class='ocrx_word' id='word_1_554' title='bbox 2731 3323 2827 3394; x_wconf 77' lang='grc' dir='ltr'>τὴν</span> <span class='ocrx_word' id='word_1_555' title='bbox 2842 3326 2896 3376; x_wconf 83' lang='grc' dir='ltr'><strong>ὲν</strong></span> <span class='ocrx_word' id='word_1_556' title='bbox 2910 3325 3034 3377; x_wconf 83' lang='grc' dir='ltr'>Κων</span> <span class='ocrx_word' id='word_1_557' title='bbox 3041 3341 3314 3378; x_wconf 84' lang='grc' dir='ltr'>σταντινου</span> <span class='ocrx_word' id='word_1_558' title='bbox 3321 3325 3471 3379; x_wconf 89' lang='grc' dir='ltr'>πόλει</span> <span class='ocrx_word' id='word_1_559' title='bbox 3490 3330 3625 3399; x_wconf 82' lang='grc' dir='ltr'>παρ’</span> <span class='ocrx_word' id='word_1_560' title='bbox 3636 3330 3805 3385; x_wconf 77' lang='grc' dir='ltr'>αὑτοῦ</span> 
     </span>
    </p>
   </div>
   <div class='ocr_carea' id='block_1_77' title="bbox 2214 3414 3806 3489">
    <p class='ocr_par' dir='ltr' id='par_1_77' title="bbox 2214 3414 3806 3489">
     <span class='ocr_line' id='line_1_77' title="bbox 2214 3414 3806 3489; baseline 0.005 -23"><span class='ocrx_word' id='word_1_561' title='bbox 2214 3414 2631 3485; x_wconf 80' lang='grc' dir='ltr'>νεουργηθείσαν</span> <span class='ocrx_word' id='word_1_562' title='bbox 2654 3414 2948 3483; x_wconf 73' lang='grc' dir='ltr'>ἐκκλησίαν</span> <span class='ocrx_word' id='word_1_563' title='bbox 2966 3432 2979 3445; x_wconf 87' lang='grc'><strong>·</strong></span> <span class='ocrx_word' id='word_1_564' title='bbox 3021 3415 3305 3487; x_wconf 82' lang='grc' dir='ltr'>ἐπώνυμον</span> <span class='ocrx_word' id='word_1_565' title='bbox 3331 3418 3467 3488; x_wconf 76' lang='grc' dir='ltr'>αὐτῇ</span> <span class='ocrx_word' id='word_1_566' title='bbox 3492 3420 3639 3489; x_wconf 81' lang='grc' dir='ltr'>ἡτοῦ</span> <span class='ocrx_word' id='word_1_567' title='bbox 3667 3420 3806 3473; x_wconf 77' lang='grc' dir='ltr'>Θεοῦ</span> 
     </span>
    </p>
   </div>
   <div class='ocr_carea' id='block_1_78' title="bbox 2214 3504 3806 3577">
    <p class='ocr_par' dir='ltr' id='par_1_78' title="bbox 2214 3504 3806 3577">
     <span class='ocr_line' id='line_1_78' title="bbox 2214 3504 3806 3577; baseline 0.004 -18"><span class='ocrx_word' id='word_1_568' title='bbox 2214 3504 2399 3572; x_wconf 78' lang='grc' dir='ltr'>Σοφία.</span> <span class='ocrx_word' id='word_1_569' title='bbox 2433 3506 2540 3559; x_wconf 82' lang='grc' dir='ltr'><strong>Καὶ</strong></span> <span class='ocrx_word' id='word_1_570' title='bbox 2580 3506 2608 3557; x_wconf 90' lang='lat'><strong>6</strong></span> <span class='ocrx_word' id='word_1_571' title='bbox 2659 3504 2922 3575; x_wconf 80' lang='grc' dir='ltr'>δυσσεϐὴς</span> <span class='ocrx_word' id='word_1_572' title='bbox 2955 3506 3205 3572; x_wconf 77' lang='grc' dir='ltr'>Εὑδόξιος</span> <span class='ocrx_word' id='word_1_573' title='bbox 3252 3506 3396 3559; x_wconf 77' lang='grc' dir='ltr'>κατὰ</span> <span class='ocrx_word' id='word_1_574' title='bbox 3427 3507 3498 3560; x_wconf 77' lang='grc' dir='ltr'>τὰ</span> <span class='ocrx_word' id='word_1_575' title='bbox 3541 3509 3806 3577; x_wconf 72' lang='grc' dir='ltr'>ὲγκαίνια</span> 
     </span>
    </p>
   </div>
   <div class='ocr_carea' id='block_1_79' title="bbox 2219 3594 3810 3671">
    <p class='ocr_par' dir='ltr' id='par_1_79' title="bbox 2219 3594 3810 3671">
     <span class='ocr_line' id='line_1_79' title="bbox 2219 3594 3810 3671; baseline 0.005 -24"><span class='ocrx_word' id='word_1_576' title='bbox 2219 3594 2613 3665; x_wconf 74' lang='grc' dir='ltr'>ἐνθρονισθεὶς,</span> <span class='ocrx_word' id='word_1_577' title='bbox 2662 3596 2884 3668; x_wconf 81' lang='grc' dir='ltr'>πρώτην</span> <span class='ocrx_word' id='word_1_578' title='bbox 2948 3598 3164 3669; x_wconf 79' lang='grc' dir='ltr'>ἐκείνην</span> <span class='ocrx_word' id='word_1_579' title='bbox 3224 3598 3321 3670; x_wconf 76' lang='grc' dir='ltr'>τὴν</span> <span class='ocrx_word' id='word_1_580' title='bbox 3377 3600 3665 3671; x_wconf 71' lang='grc' dir='ltr'>τολμηρὰν</span> <span class='ocrx_word' id='word_1_581' title='bbox 3710 3604 3810 3655; x_wconf 82' lang='grc' dir='ltr'>καὶ</span> 
     </span>
    </p>
   </div>
   <div class='ocr_carea' id='block_1_80' title="bbox 2215 3688 3809 3763">
    <p class='ocr_par' dir='ltr' id='par_1_80' title="bbox 2215 3688 3809 3763">
     <span class='ocr_line' id='line_1_80' title="bbox 2215 3688 3809 3763; baseline 0.004 -23"><span class='ocrx_word' id='word_1_582' title='bbox 2215 3688 2618 3759; x_wconf 83' lang='grc' dir='ltr'>ἀφρονεστάτην</span> <span class='ocrx_word' id='word_1_583' title='bbox 2661 3689 2839 3759; x_wconf 82' lang='grc' dir='ltr'>ἀφῆκε</span> <span class='ocrx_word' id='word_1_584' title='bbox 2873 3692 3089 3761; x_wconf 84' lang='grc' dir='ltr'>φωνήν·</span> <span class='ocrx_word' id='word_1_585' title='bbox 3126 3708 3143 3741; x_wconf 83' lang='grc' dir='ltr'><strong>ι</strong></span> <span class='ocrx_word' id='word_1_586' title='bbox 3168 3690 3224 3744; x_wconf 85' lang='grc' dir='ltr'><strong>Ὀ</strong></span> <span class='ocrx_word' id='word_1_587' title='bbox 3248 3690 3437 3761; x_wconf 85' lang='grc' dir='ltr'>Πατὴρ</span> <span class='ocrx_word' id='word_1_588' title='bbox 3492 3693 3732 3763; x_wconf 82' lang='grc' dir='ltr'>ἀσεϐὴς,</span> <span class='ocrx_word' id='word_1_589' title='bbox 3778 3695 3809 3747; x_wconf 87' lang='lat'><strong>6</strong></span> 
     </span>
    </p>
   </div>
   <div class='ocr_carea' id='block_1_81' title="bbox 2217 3779 3811 3857">
    <p class='ocr_par' dir='ltr' id='par_1_81' title="bbox 2217 3779 3811 3857">
     <span class='ocr_line' id='line_1_81' title="bbox 2217 3779 3811 3857; baseline 0.006 -27"><span class='ocrx_word' id='word_1_590' title='bbox 2217 3779 2343 3842; x_wconf 79' lang='grc' dir='ltr'>Υἱὸς</span> <span class='ocrx_word' id='word_1_591' title='bbox 2374 3779 2621 3847; x_wconf 84' lang='grc' dir='ltr'>εὐσεϐής.</span> <span class='ocrx_word' id='word_1_592' title='bbox 2652 3798 2669 3831; x_wconf 76' lang='grc' dir='ltr'><strong>ι</strong></span> <span class='ocrx_word' id='word_1_593' title='bbox 2708 3780 2948 3850; x_wconf 83' lang='grc' dir='ltr'>Θορύϐου</span> <span class='ocrx_word' id='word_1_594' title='bbox 2983 3780 3039 3835; x_wconf 84' lang='grc' dir='ltr'><strong>δὲ</strong></span> <span class='ocrx_word' id='word_1_595' title='bbox 3069 3781 3276 3835; x_wconf 87' lang='grc' dir='ltr'>δικαίου</span> <span class='ocrx_word' id='word_1_596' title='bbox 3310 3781 3370 3835; x_wconf 83' lang='grc' dir='ltr'><strong>τὸ</strong></span> <span class='ocrx_word' id='word_1_597' title='bbox 3406 3783 3615 3853; x_wconf 78' lang='grc' dir='ltr'>πλῆθος</span> <span class='ocrx_word' id='word_1_598' title='bbox 3650 3801 3811 3857; x_wconf 84' lang='grc' dir='ltr'>περι-</span> 
     </span>
    </p>
   </div>
   <div class='ocr_carea' id='block_1_82' title="bbox 2218 3871 3807 3941">
    <p class='ocr_par' dir='ltr' id='par_1_82' title="bbox 2218 3871 3807 3941">
     <span class='ocr_line' id='line_1_82' title="bbox 2218 3871 3807 3941; baseline 0.003 -18"><span class='ocrx_word' id='word_1_599' title='bbox 2218 3871 2491 3936; x_wconf 80' lang='grc' dir='ltr'>λαϐόντος,</span> <span class='ocrx_word' id='word_1_600' title='bbox 2527 3871 2681 3941; x_wconf 88' lang='grc' dir='ltr'>κακῷ</span> <span class='ocrx_word' id='word_1_601' title='bbox 2702 3871 2762 3923; x_wconf 87' lang='grc' dir='ltr'><strong>τὸ</strong></span> <span class='ocrx_word' id='word_1_602' title='bbox 2793 3871 2963 3925; x_wconf 77' lang='grc' dir='ltr'>κακὸν</span> <span class='ocrx_word' id='word_1_603' title='bbox 3005 3873 3215 3927; x_wconf 74' lang='grc' dir='ltr'>ἐπενόει</span> <span class='ocrx_word' id='word_1_604' title='bbox 3250 3874 3609 3938; x_wconf 75' lang='grc' dir='ltr'>κατευνάζειν</span> <span class='ocrx_word' id='word_1_605' title='bbox 3633 3892 3647 3907; x_wconf 71' lang='grc'><strong>”</strong></span> <span class='ocrx_word' id='word_1_606' title='bbox 3684 3875 3807 3937; x_wconf 68' lang='grc' dir='ltr'>καὶ,</span> 
     </span>
    </p>
   </div>
   <div class='ocr_carea' id='block_1_83' title="bbox 2217 3963 3806 4040">
    <p class='ocr_par' dir='ltr' id='par_1_83' title="bbox 2217 3963 3806 4040">
     <span class='ocr_line' id='line_1_83' title="bbox 2217 3963 3806 4040; baseline 0.004 -24"><span class='ocrx_word' id='word_1_607' title='bbox 2217 3963 2417 4033; x_wconf 73' lang='grc' dir='ltr'>Μηδὲν,</span> <span class='ocrx_word' id='word_1_608' title='bbox 2444 3964 2595 4034; x_wconf 78' lang='grc' dir='ltr'>φησὶ,</span> <span class='ocrx_word' id='word_1_609' title='bbox 2626 3965 2971 4035; x_wconf 83' lang='grc' dir='ltr'>ταραττέτω·</span> <span class='ocrx_word' id='word_1_610' title='bbox 3007 3966 3036 4017; x_wconf 90' lang='lat'><strong>6</strong></span> <span class='ocrx_word' id='word_1_611' title='bbox 3072 3965 3171 4035; x_wconf 85' lang='grc' dir='ltr'><strong>μὲν</strong></span> <span class='ocrx_word' id='word_1_612' title='bbox 3200 3965 3307 4036; x_wconf 82' lang='grc' dir='ltr'><strong>γὰρ</strong></span> <span class='ocrx_word' id='word_1_613' title='bbox 3341 3967 3547 4038; x_wconf 73' lang='grc' dir='ltr'>ἀσεϐὴς</span> <span class='ocrx_word' id='word_1_614' title='bbox 3586 3968 3806 4040; x_wconf 76' lang='grc' dir='ltr'>Πατὴρ,</span> 
     </span>
    </p>
   </div>
   <div class='ocr_carea' id='block_1_84' title="bbox 2214 4052 3812 4126">
    <p class='ocr_par' dir='ltr' id='par_1_84' title="bbox 2214 4052 3812 4126">
     <span class='ocr_line' id='line_1_84' title="bbox 2214 4052 3812 4126; baseline 0.004 -22"><span class='ocrx_word' id='word_1_615' title='bbox 2214 4052 2297 4104; x_wconf 77' lang='grc' dir='ltr'>ὅτι</span> <span class='ocrx_word' id='word_1_616' title='bbox 2329 4052 2515 4105; x_wconf 78' lang='grc' dir='ltr'>ούδένα</span> <span class='ocrx_word' id='word_1_617' title='bbox 2563 4052 2734 4105; x_wconf 73' lang='grc' dir='ltr'>σέϐειο</span> <span class='ocrx_word' id='word_1_618' title='bbox 2767 4056 2796 4107; x_wconf 90' lang='lat'><strong>6</strong></span> <span class='ocrx_word' id='word_1_619' title='bbox 2824 4054 2881 4107; x_wconf 85' lang='grc' dir='ltr'>δὲ</span> <span class='ocrx_word' id='word_1_620' title='bbox 2914 4054 3039 4117; x_wconf 85' lang='grc' dir='ltr'>Υἱὸς</span> <span class='ocrx_word' id='word_1_621' title='bbox 3075 4055 3333 4126; x_wconf 83' lang='grc' dir='ltr'>εὐσεϐὴς,</span> <span class='ocrx_word' id='word_1_622' title='bbox 3382 4057 3463 4109; x_wconf 83' lang='grc' dir='ltr'>ὅτι</span> <span class='ocrx_word' id='word_1_623' title='bbox 3518 4057 3669 4110; x_wconf 84' lang='grc' dir='ltr'>σέϐει</span> <span class='ocrx_word' id='word_1_624' title='bbox 3713 4058 3812 4111; x_wconf 77' lang='grc' dir='ltr'><strong>τὸν</strong></span> 
     </span>
    </p>
   </div>
   <div class='ocr_carea' id='block_1_85' title="bbox 2215 4141 3811 4215">
    <p class='ocr_par' dir='ltr' id='par_1_85' title="bbox 2215 4141 3811 4215">
     <span class='ocr_line' id='line_1_85' title="bbox 2215 4141 3811 4215; baseline 0.005 -21"><span class='ocrx_word' id='word_1_625' title='bbox 2215 4141 2453 4212; x_wconf 83' lang='grc' dir='ltr'>Πατέρα.</span> <span class='ocrx_word' id='word_1_626' title='bbox 2479 4141 2662 4198; x_wconf 83' lang='grc' dir='ltr'>Ταῦτα</span> <span class='ocrx_word' id='word_1_627' title='bbox 2692 4142 2788 4195; x_wconf 86' lang='grc' dir='ltr'><strong>τοῦ</strong></span> <span class='ocrx_word' id='word_1_628' title='bbox 2814 4142 3107 4207; x_wconf 85' lang='grc' dir='ltr'>δυσσεϐοῦς</span> <span class='ocrx_word' id='word_1_629' title='bbox 3155 4146 3328 4199; x_wconf 77' lang='grc' dir='ltr'>εἰπεῖν</span> <span class='ocrx_word' id='word_1_630' title='bbox 3361 4146 3746 4215; x_wconf 84' lang='grc' dir='ltr'>ὲπιμανέντος,</span> <span class='ocrx_word' id='word_1_631' title='bbox 3778 4148 3811 4202; x_wconf 96' lang='lat'><strong>6</strong></span> 
     </span>
    </p>
   </div>
   <div class='ocr_carea' id='block_1_86' title="bbox 2215 4232 3813 4307">
    <p class='ocr_par' dir='ltr' id='par_1_86' title="bbox 2215 4232 3813 4307">
     <span class='ocr_line' id='line_1_86' title="bbox 2215 4232 3813 4307; baseline 0.004 -22"><span class='ocrx_word' id='word_1_632' title='bbox 2215 4232 2444 4303; x_wconf 87' lang='grc' dir='ltr'>θόρυϐος</span> <span class='ocrx_word' id='word_1_633' title='bbox 2476 4233 2556 4295; x_wconf 86' lang='grc' dir='ltr'><strong>είς</strong></span> <span class='ocrx_word' id='word_1_634' title='bbox 2605 4232 2803 4303; x_wconf 82' lang='grc' dir='ltr'>χλεύην</span> <span class='ocrx_word' id='word_1_635' title='bbox 2833 4235 2927 4286; x_wconf 75' lang='grc' dir='ltr'>καὶ</span> <span class='ocrx_word' id='word_1_636' title='bbox 2969 4236 3347 4307; x_wconf 84' lang='grc' dir='ltr'>μυκτηρισμὸν</span> <span class='ocrx_word' id='word_1_637' title='bbox 3375 4236 3651 4303; x_wconf 75' lang='grc' dir='ltr'>ὲκλυθεὶς,</span> <span class='ocrx_word' id='word_1_638' title='bbox 3678 4239 3813 4301; x_wconf 75' lang='grc' dir='ltr'>τοὺς</span> 
     </span>
    </p>
   </div>
   <div class='ocr_carea' id='block_1_87' title="bbox 2215 4324 3813 4399">
    <p class='ocr_par' dir='ltr' id='par_1_87' title="bbox 2215 4324 3813 4399">
     <span class='ocr_line' id='line_1_87' title="bbox 2215 4324 3813 4399; baseline 0.003 -21"><span class='ocrx_word' id='word_1_639' title='bbox 2215 4324 2444 4388; x_wconf 82' lang='grc' dir='ltr'>πολλοὺς</span> <span class='ocrx_word' id='word_1_640' title='bbox 2481 4324 2590 4377; x_wconf 87' lang='grc' dir='ltr'>τῶν</span> <span class='ocrx_word' id='word_1_641' title='bbox 2639 4325 3067 4396; x_wconf 84' lang='grc' dir='ltr'>συνειλεγμένων</span> <span class='ocrx_word' id='word_1_642' title='bbox 3107 4325 3421 4381; x_wconf 86' lang='grc' dir='ltr'>διεσκέδασε</span> <span class='ocrx_word' id='word_1_643' title='bbox 3468 4328 3572 4397; x_wconf 78' lang='grc' dir='ltr'>τῆς</span> <span class='ocrx_word' id='word_1_644' title='bbox 3604 4329 3813 4399; x_wconf 77' lang='grc' dir='ltr'>ὲκκληο</span> 
     </span>
    </p>
   </div>
   <div class='ocr_carea' id='block_1_88' title="bbox 2218 4416 3810 4488">
    <p class='ocr_par' dir='ltr' id='par_1_88' title="bbox 2218 4416 3810 4488">
     <span class='ocr_line' id='line_1_88' title="bbox 2218 4416 3810 4488; baseline 0.005 -18"><span class='ocrx_word' id='word_1_645' title='bbox 2218 4417 2358 4481; x_wconf 85' lang='grc' dir='ltr'>σίας.</span> <span class='ocrx_word' id='word_1_646' title='bbox 2401 4417 2458 4469; x_wconf 82' lang='grc' dir='ltr'>Ὀ</span> <span class='ocrx_word' id='word_1_647' title='bbox 2493 4416 2741 4488; x_wconf 86' lang='grc' dir='ltr'>μέντοιγε</span> <span class='ocrx_word' id='word_1_648' title='bbox 2776 4417 3059 4480; x_wconf 79' lang='grc' dir='ltr'>Ἰουλιανὸς</span> <span class='ocrx_word' id='word_1_649' title='bbox 3088 4418 3230 4478; x_wconf 75' lang='grc' dir='ltr'>κατὰ</span> <span class='ocrx_word' id='word_1_650' title='bbox 3269 4420 3367 4483; x_wconf 82' lang='grc' dir='ltr'>τὰς</span> <span class='ocrx_word' id='word_1_651' title='bbox 3393 4420 3656 4485; x_wconf 86' lang='grc' dir='ltr'>Γαλλίους</span> <span class='ocrx_word' id='word_1_652' title='bbox 3688 4423 3810 4478; x_wconf 69' lang='lat' dir='ltr'><strong>61a-</strong></span> 
     </span>
    </p>
   </div>
   <div class='ocr_carea' id='block_1_89' title="bbox 537 4503 2117 4583">
    <p class='ocr_par' dir='ltr' id='par_1_89' title="bbox 537 4510 2106 4582">
     <span class='ocr_line' id='line_1_89' title="bbox 537 4510 2106 4582; baseline -0.001 -17"><span class='ocrx_word' id='word_1_653' title='bbox 537 4510 656 4580; x_wconf 83' lang='lat' dir='ltr'><strong>ejus</strong></span> <span class='ocrx_word' id='word_1_654' title='bbox 686 4511 1127 4582; x_wconf 87' lang='lat' dir='ltr'><strong>inauguratione,</strong></span> <span class='ocrx_word' id='word_1_655' title='bbox 1156 4512 1468 4582; x_wconf 86' lang='lat' dir='ltr'><strong>baptizatur</strong></span> <span class='ocrx_word' id='word_1_656' title='bbox 1492 4512 1655 4580; x_wconf 86' lang='lat' dir='ltr'><strong>impia</strong></span> <span class='ocrx_word' id='word_1_657' title='bbox 1705 4513 1891 4566; x_wconf 85' lang='lat' dir='ltr'><strong>Euzoii</strong></span> <span class='ocrx_word' id='word_1_658' title='bbox 1926 4529 2106 4581; x_wconf 87' lang='lat' dir='ltr'><strong>manu,</strong></span> 
     </span>
    </p>
   </div>
   <div class='ocr_carea' id='block_1_90' title="bbox 2222 4503 3805 4583">
    <p class='ocr_par' dir='ltr' id='par_1_90' title="bbox 2222 4508 3805 4583">
     <span class='ocr_line' id='line_1_90' title="bbox 2222 4508 3805 4583; baseline 0.003 -22"><span class='ocrx_word' id='word_1_659' title='bbox 2222 4509 2438 4580; x_wconf 85' lang='grc' dir='ltr'>τρίϐων,</span> <span class='ocrx_word' id='word_1_660' title='bbox 2485 4510 2580 4562; x_wconf 71' lang='grc' dir='ltr'><strong>καὶ</strong></span> <span class='ocrx_word' id='word_1_661' title='bbox 2624 4508 2777 4571; x_wconf 87' lang='grc' dir='ltr'>νίκας</span> <span class='ocrx_word' id='word_1_662' title='bbox 2828 4509 3234 4580; x_wconf 81' lang='grc' dir='ltr'>ἀναδησάμενος</span> <span class='ocrx_word' id='word_1_663' title='bbox 3290 4510 3431 4563; x_wconf 84' lang='grc' dir='ltr'>κατὰ</span> <span class='ocrx_word' id='word_1_664' title='bbox 3482 4511 3805 4583; x_wconf 80' lang='grc' dir='ltr'>βαρϐάρων,</span> 
     </span>
    </p>
   </div>
   <div class='ocr_carea' id='block_1_91' title="bbox 538 4605 2113 4675">
    <p class='ocr_par' dir='ltr' id='par_1_91' title="bbox 538 4605 2113 4675">
     <span class='ocr_line' id='line_1_91' title="bbox 538 4605 2113 4675; baseline -0.002 -14"><span class='ocrx_word' id='word_1_665' title='bbox 538 4613 891 4675; x_wconf 82' lang='lat' dir='ltr'><strong>armalurque</strong></span> <span class='ocrx_word' id='word_1_666' title='bbox 934 4617 1126 4661; x_wconf 86' lang='lat' dir='ltr'><strong>contra</strong></span> <span class='ocrx_word' id='word_1_667' title='bbox 1175 4606 1570 4660; x_wconf 85' lang='lat' dir='ltr'><strong>adversarium.</strong></span> <span class='ocrx_word' id='word_1_668' title='bbox 1618 4605 1863 4675; x_wconf 84' lang='lat' dir='ltr'><strong>Cumque</strong></span> <span class='ocrx_word' id='word_1_669' title='bbox 1898 4605 2113 4675; x_wconf 82' lang='lat' dir='ltr'><strong>Mopsu-</strong></span> 
     </span>
    </p>
   </div>
   <div class='ocr_carea' id='block_1_92' title="bbox 538 4698 2114 4768">
    <p class='ocr_par' dir='ltr' id='par_1_92' title="bbox 538 4698 2114 4768">
     <span class='ocr_line' id='line_1_92' title="bbox 538 4698 2114 4768; baseline 0.001 -17"><span class='ocrx_word' id='word_1_670' title='bbox 538 4710 758 4751; x_wconf 86' lang='lat' dir='ltr'><strong>crenem</strong></span> <span class='ocrx_word' id='word_1_671' title='bbox 807 4699 1167 4765; x_wconf 76' lang='lat' dir='ltr'><strong>pervenisset,</strong></span> <span class='ocrx_word' id='word_1_672' title='bbox 1201 4698 1404 4753; x_wconf 63' lang='lat' dir='ltr'><strong>Ciliciae</strong></span> <span class='ocrx_word' id='word_1_673' title='bbox 1434 4699 1770 4768; x_wconf 83' lang='lat' dir='ltr'><strong>oppidulum,</strong></span> <span class='ocrx_word' id='word_1_674' title='bbox 1806 4699 1931 4753; x_wconf 84' lang='lat' dir='ltr'><strong>belli</strong></span> <span class='ocrx_word' id='word_1_675' title='bbox 1963 4699 2114 4754; x_wconf 85' lang='lat' dir='ltr'><strong>solli-</strong></span> 
     </span>
    </p>
   </div>
   <div class='ocr_carea' id='block_1_93' title="bbox 539 4788 2113 4859">
    <p class='ocr_par' dir='ltr' id='par_1_93' title="bbox 539 4788 2113 4859">
     <span class='ocr_line' id='line_1_93' title="bbox 539 4788 2113 4859; baseline 0.003 -18"><span class='ocrx_word' id='word_1_676' title='bbox 539 4788 872 4842; x_wconf 87' lang='lat' dir='ltr'><strong>citudinibus</strong></span> <span class='ocrx_word' id='word_1_677' title='bbox 929 4789 1001 4843; x_wconf 87' lang='lat' dir='ltr'><strong>ita</strong></span> <span class='ocrx_word' id='word_1_678' title='bbox 1056 4788 1348 4856; x_wconf 87' lang='lat' dir='ltr'><strong>laboravit,</strong></span> <span class='ocrx_word' id='word_1_679' title='bbox 1400 4801 1456 4842; x_wconf 94' lang='lat' dir='ltr'><strong>ut</strong></span> <span class='ocrx_word' id='word_1_680' title='bbox 1507 4791 1785 4858; x_wconf 77' lang='lat' dir='ltr'><strong>apoplexia</strong></span> <span class='ocrx_word' id='word_1_681' title='bbox 1829 4801 2113 4859; x_wconf 87' lang='lat' dir='ltr'><strong>correptus</strong></span> 
     </span>
    </p>
   </div>
   <div class='ocr_carea' id='block_1_94' title="bbox 539 4879 2111 4952">
    <p class='ocr_par' dir='ltr' id='par_1_94' title="bbox 539 4879 2111 4952">
     <span class='ocr_line' id='line_1_94' title="bbox 539 4879 2111 4952; baseline 0.002 -19"><span class='ocrx_word' id='word_1_682' title='bbox 539 4879 739 4945; x_wconf 88' lang='lat' dir='ltr'><strong>obiret,</strong></span> <span class='ocrx_word' id='word_1_683' title='bbox 779 4894 978 4934; x_wconf 88' lang='lat' dir='ltr'><strong>annum</strong></span> <span class='ocrx_word' id='word_1_684' title='bbox 1017 4896 1183 4951; x_wconf 88' lang='lat' dir='ltr'><strong>agens</strong></span> <span class='ocrx_word' id='word_1_685' title='bbox 1237 4897 1267 4935; x_wconf 89' lang='lat' dir='ltr'><strong>a</strong></span> <span class='ocrx_word' id='word_1_686' title='bbox 1323 4882 1609 4936; x_wconf 78' lang='lat' dir='ltr'><strong>nativitate</strong></span> <span class='ocrx_word' id='word_1_687' title='bbox 1640 4882 2111 4952; x_wconf 85' lang='lat' dir='ltr'><strong>quadragesimum</strong></span> 
     </span>
    </p>
   </div>
   <div class='ocr_carea' id='block_1_95' title="bbox 538 4972 2111 5043">
    <p class='ocr_par' dir='ltr' id='par_1_95' title="bbox 538 4972 2111 5043">
     <span class='ocr_line' id='line_1_95' title="bbox 538 4972 2111 5043; baseline 0.001 -18"><span class='ocrx_word' id='word_1_688' title='bbox 538 4972 813 5042; x_wconf 83' lang='lat' dir='ltr'><strong>quintum,</strong></span> <span class='ocrx_word' id='word_1_689' title='bbox 862 4972 1072 5041; x_wconf 85' lang='lat' dir='ltr'><strong>imperii</strong></span> <span class='ocrx_word' id='word_1_690' title='bbox 1098 4989 1128 5027; x_wconf 87' lang='lat' dir='ltr'><strong>a</strong></span> <span class='ocrx_word' id='word_1_691' title='bbox 1168 4983 1345 5028; x_wconf 90' lang='lat' dir='ltr'><strong>morte</strong></span> <span class='ocrx_word' id='word_1_692' title='bbox 1394 4974 1569 5043; x_wconf 89' lang='lat' dir='ltr'><strong>patris</strong></span> <span class='ocrx_word' id='word_1_693' title='bbox 1601 4974 1919 5028; x_wconf 78' lang='lat' dir='ltr'><strong>vicesimum</strong></span> <span class='ocrx_word' id='word_1_694' title='bbox 1950 4975 2111 5042; x_wconf 84' lang='lat' dir='ltr'><strong>quin-</strong></span> 
     </span>
    </p>
   </div>
   <div class='ocr_carea' id='block_1_96' title="bbox 540 5064 2115 5134">
    <p class='ocr_par' dir='ltr' id='par_1_96' title="bbox 540 5064 2115 5134">
     <span class='ocr_line' id='line_1_96' title="bbox 540 5064 2115 5134; baseline 0 -16"><span class='ocrx_word' id='word_1_695' title='bbox 540 5074 677 5119; x_wconf 89' lang='lat' dir='ltr'><strong>tum.</strong></span> <span class='ocrx_word' id='word_1_696' title='bbox 705 5064 970 5134; x_wconf 86' lang='lat' dir='ltr'><strong>Georgius</strong></span> <span class='ocrx_word' id='word_1_697' title='bbox 1005 5078 1185 5120; x_wconf 89' lang='lat' dir='ltr'><strong>autem</strong></span> <span class='ocrx_word' id='word_1_698' title='bbox 1224 5066 1567 5121; x_wconf 69' lang='lat' dir='ltr'><strong>Alexandria:</strong></span> <span class='ocrx_word' id='word_1_699' title='bbox 1604 5067 1862 5133; x_wconf 87' lang='lat' dir='ltr'><strong>templum</strong></span> <span class='ocrx_word' id='word_1_700' title='bbox 1897 5065 2115 5121; x_wconf 66' lang='lat' dir='ltr'><strong>Graeco-</strong></span> 
     </span>
    </p>
   </div>
   <div class='ocr_carea' id='block_1_97' title="bbox 538 5153 2111 5226">
    <p class='ocr_par' dir='ltr' id='par_1_97' title="bbox 538 5153 2111 5226">
     <span class='ocr_line' id='line_1_97' title="bbox 538 5153 2111 5226; baseline 0.001 -18"><span class='ocrx_word' id='word_1_701' title='bbox 538 5167 659 5208; x_wconf 86' lang='lat' dir='ltr'><strong>rum</strong></span> <span class='ocrx_word' id='word_1_702' title='bbox 693 5153 929 5207; x_wconf 90' lang='lat' dir='ltr'><strong>dirutum</strong></span> <span class='ocrx_word' id='word_1_703' title='bbox 985 5155 1035 5209; x_wconf 90' lang='lat' dir='ltr'><strong>in</strong></span> <span class='ocrx_word' id='word_1_704' title='bbox 1075 5171 1182 5225; x_wconf 89' lang='lat' dir='ltr'><strong>quo</strong></span> <span class='ocrx_word' id='word_1_705' title='bbox 1212 5155 1339 5209; x_wconf 91' lang='lat' dir='ltr'><strong>olim</strong></span> <span class='ocrx_word' id='word_1_706' title='bbox 1389 5154 1560 5209; x_wconf 70' lang='lat' dir='ltr'><strong>Graeci</strong></span> <span class='ocrx_word' id='word_1_707' title='bbox 1609 5154 1817 5210; x_wconf 64' lang='lat' dir='ltr'><strong>Mithrae</strong></span> <span class='ocrx_word' id='word_1_708' title='bbox 1852 5156 2111 5226; x_wconf 86' lang='lat' dir='ltr'><strong>mysteria</strong></span> 
     </span>
    </p>
   </div>
   <div class='ocr_carea' id='block_1_98' title="bbox 538 5243 2112 5312">
    <p class='ocr_par' dir='ltr' id='par_1_98' title="bbox 538 5243 2112 5312">
     <span class='ocr_line' id='line_1_98' title="bbox 538 5243 2112 5312; baseline 0.001 -14"><span class='ocrx_word' id='word_1_709' title='bbox 538 5244 792 5312; x_wconf 80' lang='lat' dir='ltr'><strong>agebant,</strong></span> <span class='ocrx_word' id='word_1_710' title='bbox 827 5243 975 5299; x_wconf 78' lang='lat' dir='ltr'><strong>viros</strong></span> <span class='ocrx_word' id='word_1_711' title='bbox 1004 5244 1401 5308; x_wconf 82' lang='lat' dir='ltr'><strong>sacriﬁcantes,</strong></span> <span class='ocrx_word' id='word_1_712' title='bbox 1433 5258 1630 5312; x_wconf 89' lang='lat' dir='ltr'><strong>pueros</strong></span> <span class='ocrx_word' id='word_1_713' title='bbox 1659 5245 1787 5298; x_wconf 87' lang='lat' dir='ltr'><strong>item</strong></span> <span class='ocrx_word' id='word_1_714' title='bbox 1821 5254 1872 5299; x_wconf 91' lang='lat' dir='ltr'><strong>et</strong></span> <span class='ocrx_word' id='word_1_715' title='bbox 1918 5244 2112 5299; x_wconf 57' lang='lat' dir='ltr'><strong>mulie~</strong></span> 
     </span>
    </p>
   </div>
   <div class='ocr_carea' id='block_1_99' title="bbox 538 5335 2111 5404">
    <p class='ocr_par' dir='ltr' id='par_1_99' title="bbox 538 5335 2111 5404">
     <span class='ocr_line' id='line_1_99' title="bbox 538 5335 2111 5404; baseline -0.001 -14"><span class='ocrx_word' id='word_1_716' title='bbox 538 5348 625 5390; x_wconf 85' lang='lat' dir='ltr'><strong>res</strong></span> <span class='ocrx_word' id='word_1_717' title='bbox 653 5344 712 5388; x_wconf 89' lang='lat' dir='ltr'><strong>ut</strong></span> <span class='ocrx_word' id='word_1_718' title='bbox 743 5349 933 5389; x_wconf 89' lang='lat' dir='ltr'><strong>eorum</strong></span> <span class='ocrx_word' id='word_1_719' title='bbox 971 5336 1115 5389; x_wconf 82' lang='lat' dir='ltr'><strong>extis</strong></span> <span class='ocrx_word' id='word_1_720' title='bbox 1158 5335 1468 5389; x_wconf 83' lang='lat' dir='ltr'><strong>divinarent</strong></span> <span class='ocrx_word' id='word_1_721' title='bbox 1492 5374 1506 5394; x_wconf 87' lang='lat'><strong>,</strong></span> <span class='ocrx_word' id='word_1_722' title='bbox 1542 5335 1663 5396; x_wconf 90' lang='lat' dir='ltr'><strong>hoc,</strong></span> <span class='ocrx_word' id='word_1_723' title='bbox 1693 5336 1937 5404; x_wconf 86' lang='lat' dir='ltr'><strong>inquam,</strong></span> <span class='ocrx_word' id='word_1_724' title='bbox 1975 5344 2111 5390; x_wconf 88' lang='lat' dir='ltr'><strong>tem-</strong></span> 
     </span>
    </p>
   </div>
   <div class='ocr_carea' id='block_1_100' title="bbox 539 5425 2110 5497">
    <p class='ocr_par' dir='ltr' id='par_1_100' title="bbox 539 5425 2110 5497">
     <span class='ocr_line' id='line_1_100' title="bbox 539 5425 2110 5497; baseline 0.003 -20"><span class='ocrx_word' id='word_1_725' title='bbox 539 5425 688 5497; x_wconf 86' lang='lat' dir='ltr'><strong>plum</strong></span> <span class='ocrx_word' id='word_1_726' title='bbox 732 5427 1030 5483; x_wconf 87' lang='lat' dir='ltr'><strong>emundare</strong></span> <span class='ocrx_word' id='word_1_727' title='bbox 1057 5442 1349 5497; x_wconf 80' lang='lat' dir='ltr'><strong>aggressus</strong></span> <span class='ocrx_word' id='word_1_728' title='bbox 1396 5436 1501 5493; x_wconf 90' lang='lat' dir='ltr'><strong>est,</strong></span> <span class='ocrx_word' id='word_1_729' title='bbox 1534 5437 1593 5482; x_wconf 90' lang='lat' dir='ltr'><strong>ut</strong></span> <span class='ocrx_word' id='word_1_730' title='bbox 1640 5428 1751 5483; x_wconf 91' lang='lat' dir='ltr'><strong>illic</strong></span> <span class='ocrx_word' id='word_1_731' title='bbox 1814 5428 2110 5482; x_wconf 85' lang='lat' dir='ltr'><strong>oratorium</strong></span> 
     </span>
    </p>
   </div>
   <div class='ocr_carea' id='block_1_101' title="bbox 537 5517 2117 5589">
    <p class='ocr_par' dir='ltr' id='par_1_101' title="bbox 537 5517 2117 5589">
     <span class='ocr_line' id='line_1_101' title="bbox 537 5517 2117 5589; baseline 0 -15"><span class='ocrx_word' id='word_1_732' title='bbox 537 5517 826 5577; x_wconf 66' lang='lat' dir='ltr'><strong>excitaret.</strong></span> <span class='ocrx_word' id='word_1_733' title='bbox 878 5519 1015 5573; x_wconf 90' lang='lat' dir='ltr'><strong>Dum</strong></span> <span class='ocrx_word' id='word_1_734' title='bbox 1074 5528 1487 5589; x_wconf 78' lang='lat' dir='ltr'><strong>expurgarebtr,</strong></span> <span class='ocrx_word' id='word_1_735' title='bbox 1539 5520 1722 5573; x_wconf 83' lang='lat' dir='ltr'><strong>multae</strong></span> <span class='ocrx_word' id='word_1_736' title='bbox 1774 5520 2117 5588; x_wconf 84' lang='lat' dir='ltr'><strong>reperiuntur</strong></span> 
     </span>
    </p>
   </div>
   <div class='ocr_carea' id='block_1_102' title="bbox 540 5609 2113 5684">
    <p class='ocr_par' dir='ltr' id='par_1_102' title="bbox 540 5609 2113 5684">
     <span class='ocr_line' id='line_1_102' title="bbox 540 5609 2113 5684; baseline 0.003 -22"><span class='ocrx_word' id='word_1_737' title='bbox 540 5609 796 5667; x_wconf 66' lang='lat' dir='ltr'><strong>calvariae</strong></span> <span class='ocrx_word' id='word_1_738' title='bbox 849 5612 1339 5684; x_wconf 88' lang='lat' dir='ltr'><strong>occisorum,quas</strong></span> <span class='ocrx_word' id='word_1_739' title='bbox 1371 5612 1668 5668; x_wconf 90' lang='lat' dir='ltr'><strong>Christiani</strong></span> <span class='ocrx_word' id='word_1_740' title='bbox 1711 5613 1825 5667; x_wconf 87' lang='lat' dir='ltr'><strong>zelo</strong></span> <span class='ocrx_word' id='word_1_741' title='bbox 1882 5612 2113 5681; x_wconf 88' lang='lat' dir='ltr'><strong>permoti</strong></span> 
     </span>
    </p>
   </div>
   <div class='ocr_carea' id='block_1_103' title="bbox 545 5699 2113 5770">
    <p class='ocr_par' dir='ltr' id='par_1_103' title="bbox 545 5699 2113 5770">
     <span class='ocr_line' id='line_1_103' title="bbox 545 5699 2113 5770; baseline 0.012 -19"><span class='ocrx_word' id='word_1_742' title='bbox 545 5699 872 5769; x_wconf 79' lang='lat' dir='ltr'><strong>eduxerunt,</strong></span> <span class='ocrx_word' id='word_1_743' title='bbox 904 5711 964 5758; x_wconf 91' lang='lat' dir='ltr'><strong>ut</strong></span> <span class='ocrx_word' id='word_1_744' title='bbox 1001 5703 1311 5761; x_wconf 68' lang='lat' dir='ltr'><strong>Graecorum</strong></span> <span class='ocrx_word' id='word_1_745' title='bbox 1360 5707 1618 5770; x_wconf 75' lang='lat' dir='ltr'><strong>mvstcria</strong></span> <span class='ocrx_word' id='word_1_746' title='bbox 1673 5707 2017 5768; x_wconf 69' lang='lat' dir='ltr'><strong>traducerent</strong></span> <span class='ocrx_word' id='word_1_747' title='bbox 2055 5714 2113 5763; x_wconf 68' lang='lat' dir='ltr'><strong>ei</strong></span> 
     </span>
    </p>
   </div>
   <div class='ocr_carea' id='block_1_104' title="bbox 546 5785 2112 5867">
    <p class='ocr_par' dir='ltr' id='par_1_104' title="bbox 546 5785 2112 5867">
     <span class='ocr_line' id='line_1_104' title="bbox 546 5785 2112 5867; baseline 0.004 -19"><span class='ocrx_word' id='word_1_748' title='bbox 546 5791 716 5848; x_wconf 86' lang='lat' dir='ltr'><strong>risum</strong></span> <span class='ocrx_word' id='word_1_749' title='bbox 755 5791 946 5864; x_wconf 86' lang='lat' dir='ltr'><strong>populo</strong></span> <span class='ocrx_word' id='word_1_750' title='bbox 976 5800 1275 5849; x_wconf 80' lang='lat' dir='ltr'><strong>moverent.</strong></span> <span class='ocrx_word' id='word_1_751' title='bbox 1314 5791 1463 5849; x_wconf 84' lang='lat' dir='ltr'><strong>lianc</strong></span> <span class='ocrx_word' id='word_1_752' title='bbox 1489 5793 1716 5867; x_wconf 76' lang='lat' dir='ltr'><strong>gentiles</strong></span> <span class='ocrx_word' id='word_1_753' title='bbox 1746 5810 1848 5851; x_wconf 85' lang='lat' dir='ltr'><strong>non</strong></span> <span class='ocrx_word' id='word_1_754' title='bbox 1880 5785 2112 5855; x_wconf 66' lang='grc' dir='ltr'>(οιτῐιΐσι</span> 
     </span>
    </p>
   </div>
   <div class='ocr_carea' id='block_1_105' title="bbox 2219 4599 3809 4672">
    <p class='ocr_par' dir='ltr' id='par_1_105' title="bbox 2219 4599 3809 4672">
     <span class='ocr_line' id='line_1_105' title="bbox 2219 4599 3809 4672; baseline 0.002 -19"><span class='ocrx_word' id='word_1_755' title='bbox 2219 4601 2322 4653; x_wconf 84' lang='grc' dir='ltr'><strong>ὑπὸ</strong></span> <span class='ocrx_word' id='word_1_756' title='bbox 2363 4599 2472 4653; x_wconf 86' lang='grc' dir='ltr'><strong>τῶν</strong></span> <span class='ocrx_word' id='word_1_757' title='bbox 2506 4600 2851 4669; x_wconf 81' lang='grc' dir='ltr'>στρατιωτῶν</span> <span class='ocrx_word' id='word_1_758' title='bbox 2892 4600 3323 4672; x_wconf 84' lang='grc' dir='ltr'>ἁνακηρύττεται</span> <span class='ocrx_word' id='word_1_759' title='bbox 3372 4601 3649 4671; x_wconf 82' lang='grc' dir='ltr'>βασιλεύς.</span> <span class='ocrx_word' id='word_1_760' title='bbox 3693 4605 3809 4659; x_wconf 74' lang='grc' dir='ltr'><strong>Καὶ</strong></span> 
     </span>
    </p>
   </div>
   <div class='ocr_carea' id='block_1_106' title="bbox 2216 4691 3806 4764">
    <p class='ocr_par' dir='ltr' id='par_1_106' title="bbox 2216 4691 3806 4764">
     <span class='ocr_line' id='line_1_106' title="bbox 2216 4691 3806 4764; baseline 0.001 -15"><span class='ocrx_word' id='word_1_761' title='bbox 2216 4692 2622 4755; x_wconf 74' lang='grc' dir='ltr'>Κωνστάντιος,</span> <span class='ocrx_word' id='word_1_762' title='bbox 2676 4691 2860 4762; x_wconf 87' lang='grc' dir='ltr'>μαθὼν</span> <span class='ocrx_word' id='word_1_763' title='bbox 2915 4692 3013 4762; x_wconf 84' lang='grc' dir='ltr'>τὴν</span> <span class='ocrx_word' id='word_1_764' title='bbox 3084 4694 3407 4764; x_wconf 73' lang='grc' dir='ltr'>ἀνάρρησιν,</span> <span class='ocrx_word' id='word_1_765' title='bbox 3470 4691 3806 4762; x_wconf 80' lang='grc' dir='ltr'>βαπτίζεται</span> 
     </span>
    </p>
   </div>
   <div class='ocr_carea' id='block_1_107' title="bbox 2221 4783 3807 4857">
    <p class='ocr_par' dir='ltr' id='par_1_107' title="bbox 2221 4783 3807 4857">
     <span class='ocr_line' id='line_1_107' title="bbox 2221 4783 3807 4857; baseline 0.003 -21"><span class='ocrx_word' id='word_1_766' title='bbox 2221 4784 2318 4853; x_wconf 80' lang='grc' dir='ltr'>μὲν</span> <span class='ocrx_word' id='word_1_767' title='bbox 2349 4788 2416 4857; x_wconf 79' lang='grc' dir='ltr'>τῇ</span> <span class='ocrx_word' id='word_1_768' title='bbox 2450 4784 2702 4856; x_wconf 85' lang='grc' dir='ltr'>θεομάχῳ</span> <span class='ocrx_word' id='word_1_769' title='bbox 2736 4786 2876 4856; x_wconf 59' lang='grc' dir='ltr'><strong>χειρὶ⁸</strong></span> <span class='ocrx_word' id='word_1_770' title='bbox 2910 4784 3173 4848; x_wconf 77' lang='grc' dir='ltr'>Εύζωῖου,</span> <span class='ocrx_word' id='word_1_771' title='bbox 3198 4783 3537 4849; x_wconf 76' lang='grc' dir='ltr'>ὲξοπλίζεται</span> <span class='ocrx_word' id='word_1_772' title='bbox 3570 4786 3629 4839; x_wconf 85' lang='grc' dir='ltr'>δὲ</span> <span class='ocrx_word' id='word_1_773' title='bbox 3659 4786 3807 4840; x_wconf 81' lang='grc' dir='ltr'>κατὰ</span> 
     </span>
    </p>
   </div>
   <div class='ocr_carea' id='block_1_108' title="bbox 2216 4876 3803 4951">
    <p class='ocr_par' dir='ltr' id='par_1_108' title="bbox 2216 4876 3803 4951">
     <span class='ocr_line' id='line_1_108' title="bbox 2216 4876 3803 4951; baseline 0.003 -22"><span class='ocrx_word' id='word_1_774' title='bbox 2216 4877 2310 4930; x_wconf 88' lang='grc' dir='ltr'><strong>τοῦ</strong></span> <span class='ocrx_word' id='word_1_775' title='bbox 2359 4878 2778 4941; x_wconf 75' lang='grc' dir='ltr'>ἐπαναστάντος.</span> <span class='ocrx_word' id='word_1_776' title='bbox 2844 4878 3137 4945; x_wconf 85' lang='grc' dir='ltr'>Γενόμενος</span> <span class='ocrx_word' id='word_1_777' title='bbox 3183 4876 3239 4929; x_wconf 85' lang='grc' dir='ltr'>δὲ</span> <span class='ocrx_word' id='word_1_778' title='bbox 3285 4878 3340 4929; x_wconf 82' lang='grc' dir='ltr'>ὲν</span> <span class='ocrx_word' id='word_1_779' title='bbox 3394 4877 3585 4947; x_wconf 71' lang='grc' dir='ltr'>Μόψου</span> <span class='ocrx_word' id='word_1_780' title='bbox 3620 4880 3803 4951; x_wconf 80' lang='grc' dir='ltr'>κρήνῃ</span> 
     </span>
    </p>
   </div>
   <div class='ocr_carea' id='block_1_109' title="bbox 2218 4965 3805 5039">
    <p class='ocr_par' dir='ltr' id='par_1_109' title="bbox 2218 4965 3805 5039">
     <span class='ocr_line' id='line_1_109' title="bbox 2218 4965 3805 5039; baseline 0.003 -20"><span class='ocrx_word' id='word_1_781' title='bbox 2218 4967 2509 5038; x_wconf 85' lang='grc' dir='ltr'>(πολίχνιον</span> <span class='ocrx_word' id='word_1_782' title='bbox 2554 4969 2611 5021; x_wconf 81' lang='grc' dir='ltr'><strong>δὲ</strong></span> <span class='ocrx_word' id='word_1_783' title='bbox 2650 4968 2807 5023; x_wconf 79' lang='grc' dir='ltr'>τοῦτο</span> <span class='ocrx_word' id='word_1_784' title='bbox 2843 4967 2940 5037; x_wconf 82' lang='grc' dir='ltr'>τῆς</span> <span class='ocrx_word' id='word_1_785' title='bbox 2990 4965 3299 5035; x_wconf 86' lang='grc' dir='ltr'>Κιλικίας),</span> <span class='ocrx_word' id='word_1_786' title='bbox 3347 4968 3449 5020; x_wconf 83' lang='grc' dir='ltr'>ὑπὸ</span> <span class='ocrx_word' id='word_1_787' title='bbox 3501 4970 3805 5039; x_wconf 82' lang='grc' dir='ltr'>φροντίδων</span> 
     </span>
    </p>
   </div>
   <div class='ocr_carea' id='block_1_110' title="bbox 2216 5056 3805 5131">
    <p class='ocr_par' dir='ltr' id='par_1_110' title="bbox 2216 5056 3805 5131">
     <span class='ocr_line' id='line_1_110' title="bbox 2216 5056 3805 5131; baseline -0.008 -19"><span class='ocrx_word' id='word_1_788' title='bbox 2216 5056 2305 5123; x_wconf 81' lang='grc' dir='ltr'>αἶς</span> <span class='ocrx_word' id='word_1_789' title='bbox 2348 5061 2507 5115; x_wconf 76' lang='grc' dir='ltr'>αὐτὸν</span> <span class='ocrx_word' id='word_1_790' title='bbox 2552 5062 2580 5112; x_wconf 90' lang='lat'><strong>6</strong></span> <span class='ocrx_word' id='word_1_791' title='bbox 2616 5059 2848 5129; x_wconf 81' lang='grc' dir='ltr'>πόλεμος</span> <span class='ocrx_word' id='word_1_792' title='bbox 2882 5062 3123 5128; x_wconf 79' lang='grc' dir='ltr'>συνεῖχεν</span> <span class='ocrx_word' id='word_1_793' title='bbox 3182 5057 3493 5130; x_wconf 77' lang='grc' dir='ltr'>ἀποπληξίᾳ</span> <span class='ocrx_word' id='word_1_794' title='bbox 3540 5060 3805 5131; x_wconf 54' lang='grc' dir='ltr'><strong>ληφθεὶς⁹</strong></span> 
     </span>
    </p>
   </div>
   <div class='ocr_carea' id='block_1_111' title="bbox 2214 5151 3806 5222">
    <p class='ocr_par' dir='ltr' id='par_1_111' title="bbox 2214 5151 3806 5222">
     <span class='ocr_line' id='line_1_111' title="bbox 2214 5151 3806 5222; baseline 0.001 -19"><span class='ocrx_word' id='word_1_795' title='bbox 2214 5151 2460 5222; x_wconf 83' lang='grc' dir='ltr'>τελευτᾷ,</span> <span class='ocrx_word' id='word_1_796' title='bbox 2505 5152 2621 5213; x_wconf 79' lang='grc' dir='ltr'>ἔτος</span> <span class='ocrx_word' id='word_1_797' title='bbox 2651 5151 2748 5220; x_wconf 83' lang='grc' dir='ltr'><strong>μὲν</strong></span> <span class='ocrx_word' id='word_1_798' title='bbox 2780 5151 2925 5217; x_wconf 81' lang='grc' dir='ltr'>ἄγων</span> <span class='ocrx_word' id='word_1_799' title='bbox 2959 5151 3066 5203; x_wconf 77' lang='grc' dir='ltr'>ἀπὸ</span> <span class='ocrx_word' id='word_1_800' title='bbox 3106 5151 3371 5219; x_wconf 83' lang='grc' dir='ltr'>γενέσεως</span> <span class='ocrx_word' id='word_1_801' title='bbox 3419 5152 3671 5221; x_wconf 82' lang='grc' dir='ltr'>πέμπτον</span> <span class='ocrx_word' id='word_1_802' title='bbox 3707 5156 3806 5207; x_wconf 76' lang='grc' dir='ltr'><strong>καὶ</strong></span> 
     </span>
    </p>
   </div>
   <div class='ocr_carea' id='block_1_112' title="bbox 2216 5241 3808 5316">
    <p class='ocr_par' dir='ltr' id='par_1_112' title="bbox 2216 5241 3808 5316">
     <span class='ocr_line' id='line_1_112' title="bbox 2216 5241 3808 5316; baseline 0.001 -21"><span class='ocrx_word' id='word_1_803' title='bbox 2216 5242 2649 5313; x_wconf 84' lang='grc' dir='ltr'>τεσσαρακοστὸν</span> <span class='ocrx_word' id='word_1_804' title='bbox 2670 5282 2684 5306; x_wconf 95' lang='grc'><strong>,</strong></span> <span class='ocrx_word' id='word_1_805' title='bbox 2728 5241 3053 5311; x_wconf 79' lang='grc' dir='ltr'>βασιλεύσας</span> <span class='ocrx_word' id='word_1_806' title='bbox 3081 5242 3138 5301; x_wconf 80' lang='grc' dir='ltr'>δὲ</span> <span class='ocrx_word' id='word_1_807' title='bbox 3178 5242 3314 5312; x_wconf 79' lang='grc' dir='ltr'>μετὰ</span> <span class='ocrx_word' id='word_1_808' title='bbox 3342 5243 3441 5314; x_wconf 79' lang='grc' dir='ltr'><strong>τὴν</strong></span> <span class='ocrx_word' id='word_1_809' title='bbox 3462 5243 3558 5296; x_wconf 85' lang='grc' dir='ltr'><strong>τοῦ</strong></span> <span class='ocrx_word' id='word_1_810' title='bbox 3590 5246 3808 5316; x_wconf 74' lang='grc' dir='ltr'>πατρὸς</span> 
     </span>
    </p>
   </div>
   <div class='ocr_carea' id='block_1_113' title="bbox 2215 5333 3806 5403">
    <p class='ocr_par' dir='ltr' id='par_1_113' title="bbox 2215 5333 3806 5403">
     <span class='ocr_line' id='line_1_113' title="bbox 2215 5333 3806 5403; baseline 0.001 -16"><span class='ocrx_word' id='word_1_811' title='bbox 2215 5334 2469 5403; x_wconf 76' lang='grc' dir='ltr'>τελευτὴν</span> <span class='ocrx_word' id='word_1_812' title='bbox 2520 5333 2612 5402; x_wconf 79' lang='grc' dir='ltr'><strong>ἔτη</strong></span> <span class='ocrx_word' id='word_1_813' title='bbox 2653 5333 2812 5385; x_wconf 84' lang='grc' dir='ltr'>πέντε</span> <span class='ocrx_word' id='word_1_814' title='bbox 2862 5334 2956 5385; x_wconf 76' lang='grc' dir='ltr'><strong>καὶ</strong></span> <span class='ocrx_word' id='word_1_815' title='bbox 3012 5333 3203 5389; x_wconf 79' lang='grc' dir='ltr'>εἴκοσι.</span> <span class='ocrx_word' id='word_1_816' title='bbox 3262 5333 3533 5403; x_wconf 84' lang='grc' dir='ltr'>Γεώργιος</span> <span class='ocrx_word' id='word_1_817' title='bbox 3579 5335 3636 5387; x_wconf 86' lang='grc' dir='ltr'><strong>δὲ</strong></span> <span class='ocrx_word' id='word_1_818' title='bbox 3670 5338 3699 5387; x_wconf 89' lang='lat'><strong>6</strong></span> <span class='ocrx_word' id='word_1_819' title='bbox 3742 5339 3806 5389; x_wconf 84' lang='grc' dir='ltr'>ὲν</span> 
     </span>
    </p>
   </div>
   <div class='ocr_carea' id='block_1_114' title="bbox 2227 5425 3805 5498">
    <p class='ocr_par' dir='ltr' id='par_1_114' title="bbox 2227 5425 3805 5498">
     <span class='ocr_line' id='line_1_114' title="bbox 2227 5425 3805 5498; baseline 0.003 -21"><span class='ocrx_word' id='word_1_820' title='bbox 2227 5425 2600 5497; x_wconf 77' lang='grc' dir='ltr'>Ἀλεξανδρεία</span> <span class='ocrx_word' id='word_1_821' title='bbox 2650 5425 2776 5477; x_wconf 81' lang='grc' dir='ltr'>ναὸν</span> <span class='ocrx_word' id='word_1_822' title='bbox 2839 5426 3148 5497; x_wconf 78' lang='grc' dir='ltr'>Ἑλληνικὸν</span> <span class='ocrx_word' id='word_1_823' title='bbox 3197 5426 3260 5496; x_wconf 86' lang='grc' dir='ltr'>δὴ</span> <span class='ocrx_word' id='word_1_824' title='bbox 3311 5429 3805 5498; x_wconf 81' lang='grc' dir='ltr'>κατηρειπωμένον</span> 
     </span>
    </p>
   </div>
   <div class='ocr_carea' id='block_1_115' title="bbox 2216 5512 3805 5589">
    <p class='ocr_par' dir='ltr' id='par_1_115' title="bbox 2216 5512 3805 5589">
     <span class='ocr_line' id='line_1_115' title="bbox 2216 5512 3805 5589; baseline 0.001 -19"><span class='ocrx_word' id='word_1_825' title='bbox 2216 5516 2295 5589; x_wconf 78' lang='grc' dir='ltr'>(ὲν</span> <span class='ocrx_word' id='word_1_826' title='bbox 2332 5512 2374 5585; x_wconf 81' lang='grc' dir='ltr'>ᾧ</span> <span class='ocrx_word' id='word_1_827' title='bbox 2420 5518 2481 5570; x_wconf 88' lang='grc' dir='ltr'><strong>τὸ</strong></span> <span class='ocrx_word' id='word_1_828' title='bbox 2537 5517 2763 5581; x_wconf 70' lang='grc' dir='ltr'>παλαιὸν</span> <span class='ocrx_word' id='word_1_829' title='bbox 2805 5519 2852 5570; x_wconf 76' lang='lat' dir='ltr'><strong>ei</strong></span> <span class='ocrx_word' id='word_1_830' title='bbox 2888 5518 3148 5588; x_wconf 79' lang='grc' dir='ltr'>’Έλληνες</span> <span class='ocrx_word' id='word_1_831' title='bbox 3191 5518 3411 5580; x_wconf 83' lang='grc' dir='ltr'>τελετὰς</span> <span class='ocrx_word' id='word_1_832' title='bbox 3456 5519 3674 5572; x_wconf 77' lang='grc' dir='ltr'>ἐτέλουν</span> <span class='ocrx_word' id='word_1_833' title='bbox 3721 5520 3805 5589; x_wconf 76' lang='grc' dir='ltr'><strong>τῷ</strong></span> 
     </span>
    </p>
   </div>
   <div class='ocr_carea' id='block_1_116' title="bbox 2214 5609 3801 5682">
    <p class='ocr_par' dir='ltr' id='par_1_116' title="bbox 2214 5609 3801 5682">
     <span class='ocr_line' id='line_1_116' title="bbox 2214 5609 3801 5682; baseline -0.001 -18"><span class='ocrx_word' id='word_1_834' title='bbox 2214 5610 2399 5682; x_wconf 72' lang='grc' dir='ltr'>Μίθρᾳ</span> <span class='ocrx_word' id='word_1_835' title='bbox 2433 5609 2652 5671; x_wconf 87' lang='grc' dir='ltr'>θύοντές</span> <span class='ocrx_word' id='word_1_836' title='bbox 2678 5627 2737 5661; x_wconf 91' lang='grc' dir='ltr'><strong>τε</strong></span> <span class='ocrx_word' id='word_1_837' title='bbox 2763 5610 2984 5680; x_wconf 83' lang='grc' dir='ltr'>ἄνδρας,</span> <span class='ocrx_word' id='word_1_838' title='bbox 3016 5611 3110 5663; x_wconf 72' lang='grc' dir='ltr'><strong>καὶ</strong></span> <span class='ocrx_word' id='word_1_839' title='bbox 3136 5611 3349 5673; x_wconf 74' lang='grc' dir='ltr'>παῖδας,</span> <span class='ocrx_word' id='word_1_840' title='bbox 3387 5611 3483 5663; x_wconf 76' lang='grc' dir='ltr'><strong>καὶ</strong></span> <span class='ocrx_word' id='word_1_841' title='bbox 3508 5612 3801 5677; x_wconf 82' lang='grc' dir='ltr'>γυναῖκας,</span> 
     </span>
    </p>
   </div>
   <div class='ocr_carea' id='block_1_117' title="bbox 2218 5700 3804 5771">
    <p class='ocr_par' dir='ltr' id='par_1_117' title="bbox 2218 5700 3804 5771">
     <span class='ocr_line' id='line_1_117' title="bbox 2218 5700 3804 5771; baseline 0 -17"><span class='ocrx_word' id='word_1_842' title='bbox 2218 5702 2306 5754; x_wconf 72' lang='grc' dir='ltr'>καὶ</span> <span class='ocrx_word' id='word_1_843' title='bbox 2346 5703 2455 5765; x_wconf 85' lang='grc' dir='ltr'>τοῖς</span> <span class='ocrx_word' id='word_1_844' title='bbox 2513 5700 2838 5769; x_wconf 82' lang='grc' dir='ltr'>σπλάγχνοις</span> <span class='ocrx_word' id='word_1_845' title='bbox 2886 5700 3067 5754; x_wconf 83' lang='grc' dir='ltr'>αὐτῶν</span> <span class='ocrx_word' id='word_1_846' title='bbox 3124 5702 3555 5771; x_wconf 82' lang='grc' dir='ltr'>μαντευόμενοι),</span> <span class='ocrx_word' id='word_1_847' title='bbox 3606 5701 3804 5754; x_wconf 75' lang='grc' dir='ltr'>τοῦτον</span> 
     </span>
    </p>
   </div>
   <div class='ocr_carea' id='block_1_118' title="bbox 2216 5790 3800 5871">
    <p class='ocr_par' dir='ltr' id='par_1_118' title="bbox 2216 5790 3800 5871">
     <span class='ocr_line' id='line_1_118' title="bbox 2216 5790 3800 5871; baseline -0.005 -18"><span class='ocrx_word' id='word_1_848' title='bbox 2216 5793 2599 5871; x_wconf 75' lang='grc' dir='ltr'>ἀνακαθαίρειν</span> <span class='ocrx_word' id='word_1_849' title='bbox 2638 5790 2951 5869; x_wconf 67' lang='grc' dir='ltr'>ἐπεμελεῖτο</span> <span class='ocrx_word' id='word_1_850' title='bbox 2997 5794 3086 5847; x_wconf 79' lang='grc' dir='ltr'>ἐπὶ</span> <span class='ocrx_word' id='word_1_851' title='bbox 3132 5795 3192 5855; x_wconf 83' lang='grc' dir='ltr'><strong>τὸ</strong></span> <span class='ocrx_word' id='word_1_852' title='bbox 3244 5792 3660 5871; x_wconf 78' lang='grc' dir='ltr'>ἀνοικοδομῆσαι</span> <span class='ocrx_word' id='word_1_853' title='bbox 3702 5793 3800 5854; x_wconf 63' lang='grc' dir='ltr'><strong>σὺ·</strong></span> 
     </span>
    </p>
   </div>
  </div>
