3990 6566
1281 403 1340 458 S.
1383 402 1762 465 ATHANASH
1802 403 1963 460 VITA
2003 400 2097 458 EX
2137 396 2411 455 PHOTIO.

3318 418 3478 461 CCXXI

198 513 419 586 ιτήριον.
476 500 1043 589 Ᾰνακαθαιρομενου
1071 514 1147 581 δὲ,
1198 492 1428 588 εὓρηται
1464 517 1634 571 πολλά
1676 535 1781 587 κρα

1911 518 2320 583 contumeliam,
2373 515 2541 588 impia
2610 517 2845 574 ducente
2902 517 2983 573 ira
3041 518 3095 574 in
3142 517 3481 578 Christianos

203 608 275 661 via
297 605 401 659 τῶν
434 605 873 678 ἀνῃρημένων⁸
926 608 1021 663 καί⁵
1069 607 1177 663 τῶν
1233 607 1574 678 Χριστιανῶν
1613 610 1660 660 οἱ
1703 604 1800 678 ζη-

205 699 345 752 λωταὶ
392 699 877 767 ὲκπομπεύοντες
936 700 1006 753 τά
1051 699 1157 752 τῶν
1202 698 1466 775 Ἑλλήνων
1522 699 1800 769 μυστήρια

209 794 272 853 είς
312 789 530 858 γέλωτα
594 790 686 861 τῷ
728 792 901 863 δήμῳ
941 792 1035 846 καὶ
1079 790 1281 861 χλεύην
1317 790 1385 843 τά
1426 789 1622 861 κρανία
1664 805 1800 859 προ-

211 884 392 949 άγουσι.
420 881 498 934 Τὸ
530 882 594 935 δὲ
633 884 986 954 Ἑλληνικὸν,
1011 883 1106 955 τὴν
1141 882 1297 955 ὕϐριν
1327 884 1426 936 οὐκ
1458 882 1800 951 ἐνεγκόντες,

213 974 356 1045 ὀργῆς
380 974 571 1038 αὐτοῖς
602 974 780 1028 ἀθέου
814 975 1246 1048 στρατηγούσης,
1276 976 1489 1047 ὁρμῶσι
1521 974 1662 1028 κατὰ
1692 973 1801 1028 τῶν

1906 602 2242 679 irrumpunt:
2271 620 2325 665 et
2356 609 2492 665 alios
2521 608 2734 680 gladiis,
2762 610 2895 665 alios
2921 609 3186 678 fustibus,
3216 596 3477 683 quosdam

1906 703 2197 771 lapidibus,
2226 718 2291 758 ac
2318 702 2511 772 quovis
2541 702 2742 771 passim
2767 713 3090 759 occurrente
3114 706 3478 773 trucidarunt,

1907 794 2191 849 nonnullos
2233 795 2396 850 etiam
2446 794 2790 851 crueiﬁxere.
2824 792 3115 863 Georgium
3148 807 3329 851 autem
3381 812 3477 852 ec-

1906 885 2068 940 clesia
2122 895 2452 951 extractum,
2520 885 2837 954 eameloque
2892 885 3178 955 illigatum,
3235 901 3357 941 cum
3412 901 3478 943 co

1906 986 2064 1046 pacto
2090 976 2526 1047 discerpsissent,
2560 975 2909 1044 coniecerunt
2936 978 2987 1030 in
3018 977 3217 1047 ignem.

214 1069 527 1140 Χριστιανῶν
551 1087 565 1099 ·
608 1070 711 1123 καὶ
739 1071 873 1134 τοὺς
909 1071 1007 1140 μὲν
1047 1069 1244 1139 ξίφεσι,
1283 1071 1407 1133 τοὺς
1444 1070 1500 1123 δὲ
1540 1070 1813 1139 ῥοπάλοις,
1851 1070 2004 1135 τινὰς
2038 1070 2093 1124 δὲ
2144 1070 2333 1135 λίθοις,
2395 1070 2589 1134 ἄλλους
2630 1070 2686 1123 δὲ
2732 1071 2845 1133 τοῖς
2892 1068 3294 1142 παρατυχοῦσιν
3340 1070 3475 1123 ἀπέ-

217 1176 429 1223 κτειναν,
475 1161 665 1225 ἐνίους
695 1162 754 1215 δὲ
787 1162 971 1216 αὐτῶν
1034 1163 1127 1217 καὶ
1199 1163 1647 1233 ἀνεσταύρωσανσ
1678 1164 1769 1219 τὸν
1806 1164 1862 1216 δὲ
1902 1162 2193 1237 Γεῶργιον,
2236 1164 2337 1234 τῆς
2382 1164 2676 1236 ἐκκλησίας
2721 1162 3127 1243 ἐξελκύσαντες,
3156 1163 3385 1236 καμήλῳ
3415 1181 3477 1217 τε

218 1253 559 1323 προσέδησαν,
613 1254 714 1309 καὶ
780 1255 1257 1326 διασπαραχθέντα
1308 1257 1403 1309 σὺν
1454 1257 1592 1328 αὐτῇ
1657 1258 1790 1327 πυρὶ
1830 1256 2152 1327 παρέδοσαν.
2550 1275 2556 1279 ‘

276 1346 352 1399 15.
405 1346 705 1410 Ἰουλιανός
745 1365 813 1416 γε
858 1350 964 1419 μὴν
1010 1350 1071 1402 τὺ
1118 1350 1217 1418 τῆς
1275 1349 1550 1420 βασιλείας
1598 1349 1799 1421 κράτος

218 1438 403 1503 λαϐὼν,
443 1438 516 1493 τὰ
560 1440 662 1509 μὲν
711 1440 987 1512 Ἑλλήνων
1055 1440 1421 1505 ἐσπούδαζενο
1464 1441 1499 1496 ἃ
1546 1442 1602 1496 δὲ
1639 1445 1797 1496 Κων-

220 1530 427 1601 σταντίῳ
485 1530 634 1584 κατὰ
692 1531 810 1584 τῶν
850 1532 944 1585 τοῦ
997 1532 1129 1586 Θεοῦ
1185 1534 1486 1604 ἀρχιερέων
1539 1534 1797 1606 πεπαρῲ·

219 1637 347 1689 νητο,
388 1621 641 1691 στέργειν
670 1622 734 1674 ού
767 1626 1081 1695 προῃρεῖτο.
1108 1624 1199 1677 Διὸ
1233 1625 1356 1688 τοὺς
1388 1627 1445 1677 ζ’ν
1478 1625 1796 1696 ὑπερορίαις

216 1711 403 1775 πάντας
454 1715 666 1780 φωναῖς
724 1714 1132 1785 φιλανθρώποις
1177 1717 1560 1771 ἀνεκαλέσατο.
1600 1718 1689 1784 Ἐξ
1731 1710 1792 1770 οὗ

215 1804 295 1856 καὶ
326 1802 644 1865 Ἀθανάσιος
689 1802 982 1874 θαρρήσας
1016 1805 1179 1869 ἔξεισι
1239 1806 1339 1876 μὲν
1386 1807 1486 1876 τῆς
1531 1808 1708 1871 οίκίας
1738 1810 1796 1862 ὲν

214 1891 242 1968 ᾗ
275 1895 682 1965 κατεκρύπτετο
710 1896 819 1965 τῆς
854 1897 1125 1967 παρθένου
1144 1914 1157 1928 ⁶
1197 1897 1338 1950 κατὰ
1367 1897 1533 1952 νύκτα
1560 1899 1616 1951 δὲ
1647 1900 1794 1954 ἔνδον

214 1986 351 2057 ὤφθη
406 1986 509 2055 τῆς
576 1986 919 2055 ἐκκλησίαςο
968 1988 1061 2041 καὶ
1106 1989 1134 2041 6
1190 1987 1579 2060 ’Δλεξανδρέων
1626 1990 1795 2060 δῆμος

212 2078 447 2147 ἁσμένως
475 2078 658 2139 αὐτὸν,
697 2079 798 2130 καὶ
839 2079 917 2142 ὡς
948 2080 1010 2131 ἐκ
1038 2079 1243 2150 νεκρῶν
1274 2079 1472 2145 ζῶντα,
1504 2082 1641 2135 κατὰ
1682 2084 1794 2153 ἐορ-

211 2168 298 2235 τῆς
339 2167 677 2237 φαιδρότητα
740 2168 1093 2232 ὑπεδέξαντο.
1145 2170 1309 2224 Ὅσον
1357 2171 1414 2223 δὲ
1459 2172 1791 2243 Ἀρειανίζον

209 2259 259 2311 ιν
291 2262 354 2330 τῇ
414 2259 568 2312 πόλει
617 2260 955 2335 ὑπελείπετο
1013 2262 1093 2325 είς
1156 2263 1248 2315 τὸν
1317 2263 1588 2334 Γεωργίου
1630 2265 1791 2319 τόπον

210 2349 427 2403 Λούκιον
498 2350 977 2421 προχειρίζονται.
1056 2353 1343 2417 Ἰουλιανὸς
1405 2355 1462 2407 δὲ
1518 2356 1789 2426 πανταχοῦ

206 2439 348 2492 ἐσεϐε
385 2440 457 2494 τὰ
493 2440 804 2512 Ἑλλήνων⁹
864 2442 984 2495 ἔθυε
1032 2443 1088 2495 δὲ
1140 2443 1282 2495 κατὰ
1321 2443 1417 2514 τὴν
1450 2447 1792 2499 Κωνσταντι-

205 2529 441 2582 νούπολιν
492 2530 735 2601 δημοσίᾳ
771 2530 855 2600 τῷ
902 2534 1000 2601 τῇς
1041 2531 1221 2603 Τύχης
1269 2533 1576 2604 ἀγάλματι·
1628 2537 1791 2606 ήνίκα

210 2620 292 2672 καὶ
337 2621 518 2690 Μάρις
545 2623 575 2673 6
616 2619 972 2690 Χαλκηδόνος
1022 2623 1524 2693 χειραγωγούμενος
1555 2621 1641 2696 (ἦν
1681 2626 1788 2697 γάρ

204 2710 297 2763 ὑπὸ
324 2711 417 2763 τοῦ
448 2712 640 2783 γήρως
681 2712 954 2781 ύττόχυσιν
991 2712 1128 2782 ἔχων
1168 2716 1224 2767 ὲν
1270 2717 1381 2778 τοῖς
1421 2716 1745 2790 ὀφθαλμοῖς)
1768 2760 1782 2783 ,

206 2801 361 2855 πολλὰ
404 2803 499 2855 τὸν
561 2804 891 2872 ἀποστάτην
937 2803 1209 2868 ἐκάκιζεν.
1255 2804 1315 2857 '0
1353 2806 1408 2858 δὲ
1455 2806 1651 2876 τυφλὸν
1694 2810 1786 2864 καὶ

203 2895 425 2965 πονηρὸν
464 2893 920 2964 ἀντελοιδορεῖτο,
962 2896 1054 2947 καὶ
1098 2896 1173 2958 ὡς
1218 2898 1269 2949 6,
1293 2897 1569 2962 Γαλιλαῖος
1620 2902 1782 2955 αὐτοῦ

1978 1349 2071 1403 l3.
2121 1347 2368 1403 Julianus
2400 1356 2580 1405 autem
2633 1359 2861 1418 accepto
2906 1349 3156 1417 imperio,
3198 1347 3477 1417 gentilium

1904 1440 2122 1509 quidem
2155 1439 2475 1510 religionem
2508 1438 2714 1504 coluit;
2750 1454 2891 1508 quas
2919 1448 3099 1494 autem
3123 1438 3478 1494 Constantius

1905 1531 1999 1586 Dei
2026 1532 2376 1601 pontiﬁcibus
2394 1530 2734 1585 calamitates
2766 1530 3041 1598 intulerat,
3082 1530 3253 1585 noluit
3278 1544 3476 1599 appro-

1901 1623 2052 1677 bare.
2086 1622 2266 1690 Quare
2297 1630 2566 1693 quotquot
2599 1622 2652 1675 in
2690 1621 2885 1676 exsilio
2911 1620 3195 1690 degebant,
3220 1621 3474 1676 humani-

1901 1722 1983 1767 ter
2014 1714 2310 1780 revocavit,
2339 1728 2448 1782 quo
2480 1712 2680 1767 factum
2733 1720 2793 1765 ut
2844 1712 3200 1776 Athanasius,
3254 1720 3475 1780 accepta

1897 1803 2094 1858 ﬁducia
2130 1805 2291 1859 domo
2343 1804 2693 1873 egrederetur
2735 1803 2966 1873 virginis
3002 1803 3053 1856 in
3086 1818 3189 1873 qua
3223 1802 3472 1872 degebat.

1895 1893 2065 1949 Noctu
2108 1905 2287 1949 autem
2322 1896 2376 1950 in
2408 1894 2639 1949 ecclesia
2682 1894 3008 1961 comparuit,
3043 1894 3476 1949 Alexandrinus-

1893 2000 1996 2056 que
2026 1986 2255 2057 populus
2284 1986 2515 2041 libenter
2546 1985 2719 2049 illum,
2743 1984 2897 2054 quasi
2933 1985 3197 2039 viventem
3231 1999 3294 2037 ex
3324 1999 3471 2037 mor-

1894 2075 2000 2130 tuis
2036 2076 2230 2129 festum
2265 2089 2429 2142 agens
2465 2076 2699 2143 excepit.
2752 2074 3029 2141 Quotquot
3062 2083 3239 2126 autem
3282 2072 3472 2127 Ariani

1892 2164 1946 2217 in
1984 2164 2117 2217 urbe
2177 2164 2376 2218 residui
2437 2172 2617 2227 erant,
2652 2162 2705 2215 in
2746 2161 2961 2230 Georgii
3008 2161 3182 2215 locum
3244 2160 3469 2214 Lucium

1890 2255 2306 2309 constituerunt.
2343 2253 2593 2309 Julianus
2622 2268 2752 2308 vero
2784 2254 2986 2322 ubique
3015 2253 3260 2307 locorum
3291 2252 3469 2321 genti-

1889 2345 2018 2400 lium
2059 2346 2316 2415 mysteria
2354 2347 2570 2401 colebat
2608 2364 2622 2400 :
2654 2344 3229 2413 Constantinopolique
3288 2344 3466 2415 palam

1892 2436 2120 2491 fortunae
2177 2436 2320 2492 idolo
2381 2438 2707 2492 sacriﬁcavit
2767 2454 2781 2491 :
2836 2450 2942 2504 quo
3008 2445 3253 2505 tempore
3302 2436 3467 2489 Maris

1887 2527 2245 2582 Chalcedonis
2308 2530 2592 2598 episcopus
2640 2543 2802 2582 manu
2884 2529 3079 2581 ductus
3141 2526 3468 2594 (laborabat

1887 2618 2029 2672 enim
2064 2631 2173 2686 pra:
2220 2626 2496 2672 senecwte
2542 2618 2821 2673 oculorum
2867 2618 3243 2688 hebetudine),
3283 2617 3466 2674 multis

1886 2717 2185 2778 apostatam
2240 2711 2500 2763 conviciis
2559 2710 2855 2766 lacessivit.
2895 2709 2990 2767 Ille
3023 2727 3222 2765 caecum
3264 2712 3465 2780 impro-

1884 2799 2116 2869 butnque
2175 2811 2362 2856 contra
2420 2804 2808 2871 nuncupabat,
2862 2802 3259 2873 exprobratque
3321 2803 3464 2872 quod

1884 2888 2136 2945 Galilreus
2180 2890 2319 2946 Deus
2374 2906 2479 2945 non
2524 2892 2697 2960 ipsum
2746 2903 2981 2947 curaret.
3018 2893 3114 2948 Cui
3162 2893 3326 2947 Maris
3353 2910 3366 2945 :
3397 2892 3464 2947 Et

201 2985 323 3049 Θεὸς
367 2987 429 3038 ού
481 2986 888 3057 θεραπεύσειεν
951 2989 1135 3052 αὑτὸν,
1188 2991 1584 3056 κατωνείδιζεν.
1626 2995 1683 3047 Ὀ
1727 2996 1781 3048 δὲ

1884 2981 2005 3034 ideo
2066 2982 2334 3036 maximas
2363 2998 2464 3052 ago
2493 2983 2601 3037 Deo
2633 2986 2855 3054 gratias,
2889 2986 2979 3054 qui
3032 3001 3117 3040 me
3170 2986 3462 3039 excaecavit

199 3079 403 3151 Μάρις·
444 3079 620 3131 Τοῦτό
672 3096 743 3149 με
798 3080 938 3151 πρὸς
983 3081 1079 3151 τὴν
1122 3083 1382 3155 μεγίστην
1436 3086 1781 3155 εὐχαριστίαν

1888 3086 1953 3127 ne
2014 3072 2378 3142 impudentem
2432 3084 2580 3128 tuum
2646 3084 2703 3129 et
2769 3076 3048 3145 impietate
3105 3078 3457 3132 obscuratum

198 3172 328 3224 κινεῖ
354 3170 449 3223 τοῦ
494 3170 661 3234 Θεοῦ,
709 3171 797 3223 ὅτι
854 3188 921 3240 με
984 3174 1179 3242 τυφλὸν
1238 3176 1411 3242 ἔθετο,
1447 3178 1532 3230 ἴνα
1591 3180 1651 3231 τὸ
1692 3181 1781 3234 σὸν

1887 3164 2089 3220 vultum
2120 3166 2516 3234 conspicerem.
2550 3166 2683 3219 Tum
2716 3182 2846 3220 vero
2894 3170 3155 3236 temporis
3202 3168 3462 3224 Jovianus

197 3260 395 3324 ἀναιδὲς
430 3260 579 3315 οὕτω
611 3262 680 3314 δι’
724 3261 985 3326 ἀσεϐείας
1018 3266 1341 3337 ἀμαυρωθὲν
1378 3270 1452 3341 μὴ
1496 3270 1781 3342 θεάσωμαι

196 3350 495 3419 πρόσωπον.
545 3351 685 3403 Τότε
720 3350 789 3420 δή
823 3351 943 3403 τότε
978 3354 1071 3405 καὶ
1113 3354 1381 3419 Ἰωὸιανὸς
1412 3358 1505 3411 καὶ
1545 3358 1779 3411 Οὐαλεν-

196 3439 412 3502 τινιανδς
458 3441 511 3492 οἱ
552 3441 698 3509 μετὰ
733 3438 911 3493 ταῦτα
943 3442 1083 3495 κατὰ
1130 3444 1379 3515 διαδοχὴν
1427 3446 1780 3520 βασιλεύσαν-

198 3548 297 3595 τες,
322 3532 589 3596 λύσαντες
623 3533 814 3587 αὐτῶν
844 3535 941 3597 τὰς
975 3534 1167 3599 ζώνας,
1200 3536 1277 3606 τῷ
1315 3538 1564 3608 τυράννῳ
1612 3558 1782 3610 προσ-

198 3621 429 3693 έρριψαν,
485 3642 504 3673 t
532 3625 706 3693 Ἔχε,
746 3623 1018 3692 λέγοντες,
1059 3626 1267 3690 καὶτὰς
1321 3628 1497 3693 ζώνας
1549 3633 1645 3685 καὶ
1680 3633 1781 3697 τὰς

198 3710 374 3778 τιμάς·
408 3730 425 3762 ι
469 3712 519 3763 εί
576 3711 768 3780 βούλει
813 3711 869 3764 δὲ
924 3713 1018 3764 καὶ
1051 3715 1318 3781 κολάζειν,
1360 3718 1654 3791 προθύμως
1698 3740 1778 3776 σοι

199 3805 487 3876 παρέχομεν
515 3810 613 3861 καὶ
636 3808 709 3861 τὰ
740 3808 989 3878 σώματα.
1009 3810 1065 3862 Ὀ
1102 3811 1281 3880 μέντοι
1316 3814 1650 3886 Ἀποστάτης
1682 3819 1778 3870 σὺν

201 3896 298 3955 τοῖς
328 3896 594 3967 ὁμόφροσι
646 3896 851 3968 βουλὴν
887 3898 1227 3967 βουλεύονται
1266 3901 1578 3958 Ἀθανάσιον
1610 3907 1776 3958 ἐκποι-

203 3979 295 4034 δὼν
325 3985 565 4056 ποιῆσαι,
606 3986 989 4056 ἐννοούμενος,
1017 3987 1114 4053 ὡς,
1158 3989 1315 4062 εἴπερ
1358 3994 1389 4063 ἠ
1431 3994 1775 4066 Ἀλεξάνδρου

208 4074 341 4139 πόλις
394 4079 609 4131 ἐκείνου
662 4077 1049 4150 ἀπαλλαγείη,
1106 4081 1303 4152 ῥᾳδίως
1354 4069 1479 4148 τοὺς
1533 4087 1591 4139 ὲν
1637 4087 1774 4158 αὐτῇ

207 4165 540 4236 Χριστιανοὺς
575 4172 660 4233 είς
708 4170 774 4223 τὸ
822 4173 1019 4224 οίκεῖον
1066 4173 1385 4243 μεθελκύσει
1436 4177 1772 4249 δυσσέϐημα.

209 4257 285 4313 Διὸ
310 4259 461 4314 πάλιν
506 4261 887 4329 συκοφάνται,
940 4263 1033 4315 καὶ
1084 4263 1244 4317 πάλιν
1300 4268 1629 4337 στρατηγὸς,
1684 4269 1775 4321 καὶ

209 4345 348 4399 eam
375 4350 626 4420 στρατὸς,
675 4350 775 4404 καὶ
809 4350 971 4405 πάλιν
1016 4352 1326 4417 Ἀθανάσιος
1355 4354 1769 4427 ἐκζητούμενος,

210 4439 291 4489 καὶ
318 4439 467 4494 πάλιν
502 4442 675 4511 φυγή.
712 4442 823 4493 Καὶ
853 4440 951 4510 τῆς
978 4443 1270 4512 ἐκκλησίας
1301 4446 1519 4516 διαδρὰς
1552 4447 1773 4511 ὁλκάδος

210 4524 487 4590 ἐπιϐαίνει,
544 4530 643 4582 καὶ
707 4530 803 4581 ἐπὶ
854 4528 951 4600 τὴν
1006 4531 1247 4602 Θηϐαΐδα
1301 4534 1555 4591 ἰθύνεται.
1597 4537 1705 4589 Καὶ
1743 4537 1772 4588 6

211 4616 471 4689 σατράπης
515 4618 746 4672 ὄπισθεν
790 4619 1147 4673 καταδιώκειο
1181 4622 1275 4675 καὶ
1316 4624 1575 4693 μηνύεται
1620 4624 1773 4676 τοῦτο

210 4705 609 4778 ὀδιωκόμενος·
660 4709 759 4764 καὶ
807 4709 928 4779 ὄψις
965 4712 1126 4766 αὐτὸν
1177 4712 1295 4767 θεία
1342 4716 1772 4786 παρακελεύεται

209 4796 539 4869 ἀντιστρέψαι
578 4801 642 4854 τὸ
692 4800 900 4865 πλοῖον,
956 4804 1049 4856 καὶ
1100 4804 1197 4874 τὴν
1252 4806 1499 4860 ἐναντίαν
1538 4807 1769 4871 πλωῒζε-

212 4886 334 4945 σθαι.
358 4892 475 4945 Τῶν
518 4893 577 4946 δὲ
625 4892 898 4946 συνόντων
937 4896 1249 4951 κωλυόντων
1276 4899 1336 4950 οὐ
1379 4897 1555 4966 λόγοις
1591 4900 1769 4970 μόνον,

210 4978 325 5034 ἀλλὰ
363 4984 453 5035 καὶ
483 4984 747 5056 δάκρυσι,
801 4986 922 5056 μηδ’
956 4988 1036 5050 είς
1068 4988 1288 5060 ὄλεθρον
1320 4990 1461 5043 οὕτω
1521 4992 1769 5061 προφανῆ

210 5070 371 5127 ἑαυτόν
414 5092 472 5127 τε
507 5076 804 5139 κάκείνους
852 5077 1130 5141 ἐκδοῦναι,
1178 5080 1440 5153 ἐθάρρυνε
1481 5101 1540 5135 τε
1571 5084 1644 5155 μὴ
1686 5085 1770 5142 δεο

210 5160 370 5227 ὂιὲιαι,
397 5166 489 5218 καὶ
518 5165 893 5229 ἀνεδίδασκεν,
930 5167 1004 5230 ὼς
1035 5169 1095 5221 τὸ
1123 5168 1275 5221 Θείον
1309 5172 1489 5235 αὐτοῖς
1520 5172 1603 5243 εἴη
1639 5172 1773 5244 σύμ-

215 5268 377 5321 μαχον.
413 5257 505 5323 Ἐξ
548 5257 908 5326 ὑποστροφῆς
938 5255 1030 5312 οὖν
1066 5261 1202 5332 πρὸς
1235 5262 1331 5332 τὴν
1368 5262 1769 5335 Ἀλεξάνδρειαν

209 5340 534 5416 ἀναγομένοις
590 5346 930 5399 συναντῶσιν
962 5352 1009 5403 οἱ
1056 5350 1370 5417 διώκοντες,
1420 5355 1512 5407 καὶ
1559 5357 1769 5426 ἐπερω-

203 5430 373 5500 τῶσιν,
416 5436 471 5488 εἴ
522 5453 629 5489 που
694 5434 853 5489 ἴδοιεν
896 5438 1207 5496 Ἀθανάσιον
1264 5445 1550 5511 φεύγοντα.
1600 5448 1661 5499 Οί
1711 5447 1767 5501 δὲ

200 5522 460 5597 ἠμείϐοντο
488 5531 591 5583 καὶ
641 5529 776 5581 ίδεῖν
805 5530 987 5595 αὑτὸν,
1019 5535 1111 5587 καὶ
1144 5535 1241 5599 ὡς,
1271 5538 1318 5588 εί
1366 5538 1763 5609 ὲπιταχύνειαν,

197 5617 361 5673 τοῦτον
410 5619 857 5691 καταλήψεσθαι.
902 5624 1010 5675 Καὶ
1066 5625 1287 5690 τούτους
1340 5628 1438 5698 μὲν
1484 5630 1767 5701 πλανωμέ-

196 5723 298 5775 νους
340 5712 687 5784 ἀπέπεμπον
709 5728 721 5742 ο
771 5713 923 5765 αὐτοὶ
953 5716 1007 5767 δὲ
1043 5716 1237 5771 θᾶττον
1270 5721 1348 5783 είς
1385 5721 1483 5791 τὴν
1523 5721 1766 5787 Ἀλεξάν-

193 5799 301 5880 ὅρου
342 5805 734 5883 κατήχθησαν.
767 5805 875 5861 Καὶ
907 5807 1109 5886 βραχὺν
1150 5811 1339 5888 χρόνον
1384 5814 1712 5891 άποκρυϐεὶς
1739 5817 1765 5870 ό

1883 3266 1940 3310 et
1975 3256 2413 3321 Valentinianus,
2473 3257 2563 3325 qui
2632 3267 2821 3327 postea
2874 3258 3232 3326 imperarunt,
3284 3259 3460 3315 soluta

1882 3347 2095 3418 cingula
2151 3363 2246 3402 sua
2304 3356 2535 3419 tyranno
2583 3348 2954 3417 proiecerunt,
2988 3348 3186 3402 habeto
3227 3349 3347 3413 tibi,
3377 3349 3464 3403 di-

1882 3448 2084 3504 centes,
2116 3439 2330 3508 ciugula
2359 3448 2411 3494 et
2442 3440 2676 3493 honores
2703 3457 2717 3505 ;
2758 3438 2900 3507 quod
2933 3439 2975 3492 si
3013 3438 3142 3492 velis
3178 3453 3364 3507 prunas
3394 3439 3461 3494 de

1882 3530 2038 3585 nobis
2066 3542 2304 3594 sumere,
2347 3528 2576 3582 libenter
2603 3528 2717 3589 tibi,
2767 3526 2969 3599 (aiunt,
3004 3526 3219 3581 Juliano
3264 3542 3460 3597 appro-

1880 3620 2250 3690 pinquantes),
2300 3634 2529 3688 corpora
2589 3628 2774 3673 nostra
2832 3617 3136 3674 oﬁ‘erimus.
3195 3620 3461 3688 Apostata

1881 3725 2009 3767 vero
2038 3725 2160 3765 cum
2199 3711 2328 3766 viris
2360 3726 2543 3765 secum
2575 3711 2939 3767 sentientibus
2968 3712 3235 3766 deliberat
3287 3713 3460 3766 Atha-

1880 3801 2089 3854 nasium
2117 3799 2185 3855 de
2218 3800 2397 3854 medio
2430 3800 2643 3865 tollere,
2698 3810 2870 3865 ratus,
2901 3801 2946 3855 si
2984 3799 3349 3855 Alexandrina
3381 3803 3460 3856 ci-

1878 3892 2017 3945 vitas
2069 3891 2161 3945 illo
2213 3891 2560 3958 liberaretur,
2610 3890 2771 3947 facile
2826 3892 3169 3948 Christianos
3222 3893 3368 3948 cives
3401 3894 3456 3947 in

1878 3998 2029 4038 suam
2062 3984 2452 4052 pertrahendos
2477 3984 2832 4052 impietatem.
2865 3984 3231 4051 Quamobrem
3256 3986 3458 4040 iterum

1877 4072 2246 4142 sycophantae.
2281 4072 2480 4127 iterum
2518 4074 2646 4139 dux,
2680 4075 2877 4129 iterum
2928 4077 3227 4140 exercitus,
3260 4078 3454 4131 iterum

1875 4164 2203 4219 Athanasius
2228 4166 2560 4235 quterituret
2589 4166 2747 4236 fugit.
2778 4166 2985 4222 Furtim
3016 4170 3197 4239 itaque
3224 4185 3290 4223 ex
3324 4170 3457 4225 urbe

1877 4254 2086 4326 fugiens
2121 4258 2442 4311 conscendit
2475 4258 2526 4310 in
2564 4258 2889 4326 naviculam,
2926 4268 2980 4312 et
3024 4262 3091 4313 ad
3122 4260 3452 4315 Thebaidem

1874 4362 2092 4400 cursum
2144 4348 2437 4402 convertit.
2490 4346 2754 4417 Satrapes
2803 4348 2953 4403 illum
2983 4365 3012 4403 a
3047 4359 3205 4420 tergo
3236 4362 3457 4407 secutus

1803 4427 1846 4480 Ι)
1876 4448 1981 4505 est,
2012 4439 2156 4508 quod
2188 4438 2276 4493 ille
2304 4455 2430 4493 cum
2466 4440 2747 4495 didicisset
2781 4439 2964 4494 divina
2996 4441 3204 4495 visione
3230 4442 3453 4510 jubetur

1879 4536 2095 4584 cursum
2147 4541 2468 4585 convertere
2507 4540 2560 4584 et
2617 4541 2767 4585 retro
2814 4534 3092 4601 navigare.
3127 4533 3278 4598 Quod
3327 4548 3449 4585 cum

1873 4622 2225 4690 prohiberent
2264 4622 2354 4691 qui
2399 4638 2522 4676 cum
2580 4621 2672 4675 illo
2703 4631 2879 4686 erant,
2908 4638 3014 4675 non
3051 4621 3210 4675 modo
3242 4622 3451 4687 verbis,

1874 4718 1968 4772 sed
2025 4716 2189 4771 etiam
2243 4717 2496 4786 laerymis
2550 4725 2851 4781 monentes,
2901 4731 2968 4770 ne
3006 4731 3065 4771 se
3115 4730 3351 4785 suosque
3394 4716 3450 4773 in

1874 4819 2120 4878 apertum
2157 4808 2454 4878 conjiceret
2497 4809 2800 4863 interitum.
2833 4808 3119 4863 Conlidere
3154 4808 3316 4878 jussit
3348 4809 3448 4865 ho-

1874 4899 2069 4964 mines,
2116 4913 2216 4952 nec
2260 4898 2640 4961 reformidare.
2678 4901 2969 4969 docuitque
2999 4903 3163 4957 Deum
3204 4904 3308 4958 sibi
3332 4903 3449 4973 opi-

1877 4991 2055 5045 tulari.
2106 4991 2524 5046 Revertentibus
2559 4993 2945 5048 Alexandriam
2992 5004 3289 5049 occurrunt
3319 5011 3446 5064 pcr-

1871 5095 2172 5147 seeutores,
2204 5093 2390 5153 rogant
2416 5099 2539 5136 num
2573 5082 2865 5153 fugientem
2894 5086 3252 5142 Athanasium
3279 5086 3447 5141 vidis-

1874 5183 2011 5228 sent.
2046 5174 2393 5243 Respondent
2428 5176 2500 5230 illi
2533 5187 2585 5229 et
2611 5192 2669 5230 se
2696 5177 2917 5243 vidisse,
2952 5179 3073 5233 etsi
3111 5187 3447 5231 maturarent

1871 5266 1979 5319 cito
2022 5267 2400 5335 comprehendi
2448 5282 2621 5335 posse.
2660 5268 2751 5323 Sic
2796 5270 2976 5337 itaque
3020 5278 3264 5322 errantes
3322 5268 3441 5321 illos

1870 5354 2209 5414 dimiserunt.
2261 5357 2339 5411 Illi
2393 5368 2574 5413 autem
2621 5360 2731 5413 cito
2793 5359 3178 5414 Alexandriam
3233 5357 3446 5427 appule-

1872 5456 2015 5501 runt.
2040 5447 2119 5502 Ac
2152 5463 2271 5502 cum
2302 5450 2449 5505 brevi
2494 5459 2735 5518 tempore
2778 5450 3043 5505 latitasset
3087 5448 3440 5511 Athanasius,

1869 5549 2155 5608 postquam
2210 5539 2458 5596 Juiianus
2494 5542 2755 5611 Apostata
2808 5544 2949 5611 apud
2999 5541 3196 5593 Persas
3250 5553 3442 5607 patrias

1871 5629 2127 5697 dedisset,
2179 5640 2289 5685 tum
2344 5632 2432 5686 ille
2488 5632 2656 5686 libere
2708 5646 2770 5685 ae
2798 5628 3140 5685 conﬁdenter
3184 5628 3323 5697 egit,
3367 5642 3434 5685 ac

1872 5720 2172 5776 Salvatoris
2210 5723 2289 5777 sui
2326 5725 2483 5777 fidem
2514 5722 2695 5777 docuit
2731 5731 2781 5775 et
2811 5720 3138 5789 przedicavit.
3186 5719 3436 5774 Julianus

1870 5824 2028 5883 porro
2079 5810 2130 5867 in
2180 5811 2397 5869 Perside
2453 5812 2770 5870 interfectus
2814 5818 2926 5879 est;
2975 5808 3095 5866 aliis
3143 5824 3329 5866 necem
3368 5811 3437 5866 ad
