3990 6528
508 377 689 421 CCXXII

1885 368 2421 427 PROLEGOMENA.

508 476 843 544 transfugam
887 473 1108 531 Persam
1160 474 1546 539 referentibus.
1576 478 1699 534 aliis
1727 482 1794 534 ad
1838 481 2071 551 aliquem

2178 482 2486 545 Θεσπέσιος,
2525 480 2810 534 Ἰουλιανοῦ
2862 479 2955 535 τοῦ
3007 480 3331 536 Ἀποστάτου
3363 482 3465 554 τὴν
3493 484 3655 555 δίκην
3701 485 3759 539 ἐν

504 583 571 622 ex
608 568 888 622 militibus.
926 568 1056 634 Qua:
1088 584 1215 623 vero
1250 569 1609 638 plurimorum
1645 580 1749 636 est,
1788 582 1842 627 et
1878 575 2074 628 verisi-

505 658 685 712 milior
706 658 908 727 Opinio,
936 658 1093 712 docet
1115 673 1235 713 eum
1261 659 1519 714 divinitus
1549 660 1693 715 illata
1729 676 1859 716 nece
1892 663 2075 717 subla-

509 757 621 801 tum
653 748 839 803 fuisse.
871 748 1049 803 Vitam
1096 750 1258 818 igitur
1292 751 1424 804 obiit
1468 767 1589 805 cum
1632 767 1804 807 annos
1849 755 2075 809 vixisset

505 840 728 909 triginta
777 852 830 895 et
886 858 1073 906 unum,
1126 843 1389 897 vicesimo
1438 843 1559 898 initi
1618 846 1826 914 imperii
1864 859 2072 912 mense,

504 932 923 1001 Romanumque
978 935 1264 1003 imperium
1324 936 1491 990 totius
1555 937 1824 992 exercitus
1873 938 2078 992 calculo

505 1024 709 1090 excipit
744 1021 1025 1090 Jovianus,
1052 1023 1203 1093 cujus
1240 1026 1399 1093 paulo
1436 1035 1562 1082 ante
1590 1029 1949 1085 meminimus.
1974 1030 2078 1085 Sed

504 1115 596 1171 ille
645 1130 767 1170 cum
819 1127 941 1171 octo
991 1124 1197 1169 tantum
1235 1133 1447 1174 menses
1488 1119 1773 1188 imperium
1816 1121 2081 1176 tenuisset

506 1206 565 1259 in
596 1204 854 1275 Bithynia
882 1206 1038 1260 obiit.
1076 1206 1206 1261 Post
1235 1208 1381 1262 illum
1434 1220 1613 1266 autem
1644 1210 2076 1279 Valentinianus,

505 1297 611 1360 vir,
648 1306 707 1351 ut
734 1298 985 1352 decessor
1031 1297 1200 1366 illius,
1238 1300 1488 1355 veritatis
1532 1314 1924 1373 propugnator,
1970 1303 2079 1357 Ro-

508 1391 765 1459 manique
795 1390 993 1461 sceptri
1039 1398 1345 1447 consortem
1376 1394 1536 1463 (quod
1569 1396 1773 1448 utinam
1806 1408 2075 1462 nunquam

506 1478 735 1551 factum)
768 1482 1006 1535 admittit
1042 1482 1320 1537 Valentem
1367 1482 1610 1539 fratrem.
1656 1484 1898 1553 Cumque
1930 1500 2077 1538 men-

508 1586 625 1627 sem
660 1588 824 1627 unum
856 1573 1322 1643 Constantinopoli
1358 1577 1611 1644 degisset,
1646 1577 1853 1631 Valenti
1882 1574 2073 1630 Orien-

508 1671 638 1727 tem,
665 1665 877 1730 sibique
912 1665 1223 1721 Occidentis
1250 1666 1537 1735 imperium
1570 1669 1886 1722 reservavit.

2182 573 2418 645 Πέρσαις
2448 572 2864 643 ἀπαιηθέντος,
2902 574 3343 645 ἐπαρρησιάσατό
3374 593 3455 641 τε,
3515 575 3613 629 καὶ
3660 576 3761 647 τὴν

2179 661 2273 713 τοῦ
2306 662 2607 724 σεσωκότος
2638 662 2820 714 πίστιν
2861 661 3179 732 ὲδογμάτιζε
3224 665 3318 718 καὶ
3364 666 3756 736 ἀνεκήρυττεν.

2193 752 2351 805 Ἀλλά
2385 752 2495 823 γὰρ
2536 752 2821 815 Ἰουλιανὸς
2858 753 2954 822 μὲν
2998 756 3055 807 ἐν
3088 755 3306 826 Περσίδι
3351 756 3618 827 ἀνῃρέθη,
3652 756 3759 809 τῶν

2183 843 2281 913 μὲν
2311 845 2391 906 εἰς
2430 844 2644 913 Πέρσην
2674 843 2797 897 τινά
2834 844 2941 898 τῶν
2979 846 3291 916 αὐτομόλων
3332 848 3430 918 τὴν
3473 848 3760 919 ἀναίρεσιν

2178 935 2349 1003 ἀναφε
2360 935 2575 1005 ρόντων,
2603 934 2712 987 τῶν
2739 935 2796 987 δὲ
2821 938 2900 1000 εἰς
2925 937 3044 990 τι.νά
3066 937 3171 990 τῶν
3195 939 3466 992 ὑποτελῶν
3492 957 3760 1010 στρατιω-

2179 1026 2306 1080 τῶν.
2345 1028 2399 1079 '0
2428 1027 2483 1079 δὲ
2512 1027 2676 1090 πολὺς
2711 1029 2922 1099 καὶτῆς
2955 1030 3211 1100 ἀληθείας
3248 1032 3542 1103 ὲγγύτερος
3575 1032 3756 1099 λόγος,

2181 1119 2436 1189 θεήλατον
2469 1122 2631 1175 αὐτὸν
2680 1124 2977 1193 ὑποστῆναι
3023 1123 3121 1195 τὴν
3157 1125 3389 1195 σφαγὴν,
3423 1126 3755 1179 ἐκδιδάσκει.

2180 1214 2560 1283 Καταστρέφει
2593 1214 2723 1283 γοῦν
2752 1217 2842 1269 τὸν
2891 1215 3004 1285 βίον
3037 1216 3093 1268 ἓν
3129 1217 3219 1269 καὶ
3266 1218 3591 1287 τριακοστὸν
3644 1218 3759 1270 δια-

2179 1302 2330 1366 ϐιοὺς
2367 1304 2512 1369 ἔτος,
2560 1307 2617 1359 ὲν
2658 1306 2713 1359 δὲ
2764 1309 2828 1377 τῇ
2888 1305 3132 1378 βασιλείᾳ
3187 1309 3359 1378 μῆνας
3405 1309 3603 1362 εἴκοσι.
3648 1311 3757 1362 Καὶ

2176 1393 2475 1464 διαδέχεται
2508 1396 2605 1468 τὴν
2639 1399 2949 1469 Ῥωμαϊκὴν
2994 1399 3265 1469 βασιλείαν
3303 1401 3467 1471 ψήφῳ
3494 1401 3590 1454 τοῦ
3624 1418 3759 1454 παν-

2176 1485 2269 1549 τὸς
2306 1487 2710 1557 στρατεύματος
2748 1489 3038 1553 Ἰωϐιανὸς,
3068 1481 3128 1542 οὗ
3170 1492 3262 1543 καὶ
3298 1493 3518 1562 μνήμην
3541 1493 3570 1544 6
3600 1491 3759 1559 λόγος

2177 1576 2334 1647 ἔσχεν
2377 1578 2702 1649 ἔμπροσθεν.
2743 1579 2879 1632 Ἀλλ’
2918 1576 3106 1643 οὗτος,
3154 1581 3297 1635 ὀκτὼ
3342 1583 3517 1652 μῆνας
3560 1583 3758 1653 μόνους

2177 1672 2233 1723 ὲν
2265 1674 2330 1743 τῇ
2369 1672 2611 1742 βασιλείᾳ
2652 1674 2962 1745 διαρκέσας,
3004 1678 3146 1731 κατὰ
3179 1677 3429 1731 Βιθυνίαν
3463 1680 3757 1737 ἀπολείπει

505 1754 577 1808 τὰ
605 1758 937 1829 ἀνθρώπινα.
967 1761 1099 1812 Μετ’
1121 1761 1323 1813 ἐκεῖνον
1351 1760 1406 1813 δὲ
1434 1761 1889 1826 Οὐαλεντινιανὸς,
1918 1761 2077 1833 ἀνὴρ,
2116 1762 2303 1834 ὥσπερ
2353 1767 2381 1816 6
2420 1765 2524 1836 πρὸ
2569 1768 2754 1834 αὐτοῦ,
2814 1768 2912 1839 τῆς
2957 1770 3231 1834 εὐσεϐείας
3273 1772 3624 1842 ὑπέρμαχος”
3665 1768 3759 1824 καὶ

507 1845 775 1919 λαμϐάνει
843 1853 1093 1905 κοινωνὸν
1149 1853 1242 1921 (ὡς
1292 1852 1402 1904 εἴθε
1449 1854 1522 1923 μὴ
1572 1853 1817 1923 ῶφελεί)
1885 1854 1994 1907 τῶν
2044 1855 2365 1926 Ῥωμαϊκῶν
2405 1860 2697 1928 σκήπτρων
2731 1858 3004 1914 Οὐάλεντα
3037 1861 3127 1914 τὸν
3172 1860 3415 1928 ἀδελφόν.
3457 1863 3570 1915 Καὶ
3616 1863 3758 1932 μῆνα

507 1943 733 2014 ἡμερῶν
773 1946 830 1998 ἐν
860 1944 1428 1998 Κωνσταντινουπόλει
1470 1946 1778 2016 διατρίψας,
1819 1946 2066 2017 ἀφορίζει
2109 1946 2204 2016 μὲν
2225 1946 2484 2001 Οὐάλεντι
2518 1948 2615 2019 τὴν
2654 1950 2960 2021 Ἀνατολὴν,
2983 1948 3133 2019 αὐτῷ
3153 1950 3207 2002 δὲ
3230 1949 3401 2003 λείπει
3422 1951 3522 2021 τῆς
3541 1952 3759 2015 Δύσεως

505 2032 605 2106 τὴν
636 2034 828 2103 ἀρχήν.

2705 2120 2733 2147 1'

576 2123 671 2177 14.
705 2124 837 2178 Cum
867 2124 919 2177 in
950 2122 1298 2180 Occidentem
1334 2125 1609 2195 profectus
1645 2136 1810 2190 esset,
1838 2127 1930 2196 qui
1963 2126 2074 2180 fra-

2250 2128 2335 2180 14.
2392 2128 2543 2180 Ἐπεὶ
2586 2126 2642 2179 δὲ
2677 2122 2828 2189 οὗτος
2867 2126 2948 2189 εἰς
2985 2124 3146 2179 Δύσιν
3199 2126 3431 2196 ἀπῆρεν,
3469 2129 3498 2180 6
3526 2127 3759 2197 ἀδελφὸς

506 2224 592 2271 ter
615 2215 734 2285 ejus
769 2225 885 2270 erat
914 2217 1155 2273 uterinus
1177 2258 1194 2285 ,
1225 2219 1318 2275 sed
1351 2220 1576 2273 minime
1628 2218 1815 2285 frater,
1847 2220 1955 2272 imo
1985 2221 2081 2273 ad-

503 2308 805 2371 versarius,
838 2308 999 2362 tidem
1043 2310 1187 2378 quod
1246 2313 1550 2380 spectabat,
1578 2309 1773 2364 bellum
1822 2309 2082 2379 implaca-

505 2398 616 2455 bile
644 2399 904 2454 adversus
937 2398 1258 2464 Ecclesiam,
1290 2415 1383 2455 seu
1416 2401 1681 2455 adversus
1716 2402 2079 2456 orthodoxam

505 2489 667 2543 fidem
726 2492 1039 2544 concitavit.
1071 2492 1150 2545 Ac
1205 2492 1380 2561 primo
1433 2494 1649 2563 quidem
1704 2494 2078 2549 admirandum

505 2580 781 2635 Meletium
812 2597 840 2635 a
870 2580 1081 2636 Juliano
1120 2593 1455 2649 revocatum,
1501 2600 1564 2639 ac
1616 2584 1837 2654 proprio
1884 2585 2080 2639 throno

505 2672 841 2737 restitutum,
872 2673 925 2726 in
960 2674 1209 2727 exsilium
1253 2674 1524 2745 ablegavit
1564 2690 1685 2729 cum
1744 2676 1930 2730 multis
1960 2676 2080 2732 aliis

504 2763 778 2831 episcopis
807 2773 861 2817 et
890 2780 954 2818 ex
986 2764 1128 2819 clero
1156 2766 1464 2834 praecipuis.
1495 2765 1699 2821 Deinde
1723 2767 1884 2821 etiam
1908 2767 2077 2838 Egy-

504 2866 657 2925 ptum
697 2857 997 2925 perturbat,
1024 2873 1086 2912 ac
1120 2860 1415 2913 seditiones
1456 2860 1830 2927 tumultusque
1878 2874 2079 2929 prazce-

508 2947 760 3002 dentibus
811 2950 1086 3019 graviores
1148 2950 1527 3004 Alexandriam
1582 2951 1912 3007 invaserunt.
1965 2949 2078 3005 Me-

508 3048 664 3094 tuens
695 3055 858 3109 porro
891 3042 974 3094 vir
1002 3041 1118 3105 Dei,
1143 3056 1212 3096 ne
1248 3042 1299 3095 in
1330 3056 1491 3097 causa
1540 3043 1654 3112 ipse
1684 3052 1825 3098 esset
1857 3043 2080 3112 popula-

508 3131 581 3184 ris
610 3131 891 3196 tumultus,
932 3141 1072 3187 totos
1104 3144 1342 3203 quatuor
1374 3149 1589 3189 menses
1620 3136 1672 3188 in
1704 3145 1932 3205 paterno
1983 3136 2078 3191 de-

503 3217 652 3274 lituit
680 3221 945 3289 sepulcro.
985 3221 1245 3278 Tatianus
1278 3234 1453 3278 autem
1486 3222 1790 3294 praefectus,
1828 3226 1920 3294 qui
1960 3241 2067 3280 ca:-

505 3311 663 3366 dibus
693 3312 985 3384 Egyptum
1020 3314 1305 3381 aﬂlixerat,
1339 3318 1597 3371 divinitus
1624 3318 1850 3372 ctedium
1883 3330 1937 3372 et
1974 3319 2079 3371 im-

505 3396 723 3471 pietatis
762 3420 953 3473 poenas
980 3406 1149 3460 dedit.
1189 3406 1320 3461 Nam
1351 3407 1613 3476 dignitate
1637 3408 1788 3476 juxta
1817 3420 1871 3463 et
1895 3409 2077 3463 multis

505 3493 709 3548 divitiis
733 3471 960 3560 excidit,
993 3496 1065 3549 ita
1105 3505 1164 3550 ut
1187 3498 1382 3565 stipem
1409 3471 1539 3563 ipse
1562 3471 1798 3567 cogeret,
1837 3508 1890 3553 et
1913 3500 2079 3552 amis-
2103 3471 2146 3529 δ

504 3582 581 3637 sis
610 3583 799 3647 oculis,
834 3584 941 3636 vita
996 3585 1301 3639 miserrime
1346 3595 1399 3640 ct
1446 3589 1677 3656 turpiter
1724 3587 1940 3644 functus
1971 3600 2074 3645 est.

503 3672 638 3728 Cum
676 3683 855 3728 autem
890 3675 1054 3729 tantis
1087 3676 1320 3730 matibus
1342 3678 1521 3731 omnia
1552 3676 1890 3745 fluctuarent,
1919 3689 2077 3736 terra:

503 3771 683 3818 motus
723 3763 1036 3833 supervenit
1088 3764 1329 3819 omnium
1360 3767 1450 3835 qui
1486 3776 1633 3821 retro
1660 3768 1873 3823 fuerant
1923 3770 2077 3841 longe

504 3856 798 3919 maximus,
823 3856 914 3924 qui
944 3855 1140 3909 multas
1170 3858 1364 3911 evertit
1387 3858 1546 3913 urbes
1575 3875 1588 3910 :
1620 3867 1865 3929 totasque
1891 3863 2073 3916 decem

504 3948 559 4001 in
588 3947 751 4001 Creta
801 3949 963 4003 urbes
999 3948 1112 4004 solo
1144 3949 1395 4017 aequavit.
1449 3950 1582 4005 Tum
1632 3967 1781 4007 mare
1830 3954 2074 4024 praprios

503 4039 771 4094 excedens
814 4040 1095 4105 terminos,
1146 4042 1373 4096 multam
1421 4044 1785 4100 continentem
1841 4046 2075 4099 reddidit

504 4145 705 4184 novum
733 4145 905 4196 mare,
939 4130 1157 4185 multam
1211 4134 1337 4188 item
1399 4144 1599 4189 terram
1649 4144 1776 4190 ante
1809 4150 1946 4206 aqua
1978 4151 2073 4191 co-

502 4232 747 4293 opertam
786 4235 970 4280 aratro
1020 4227 1271 4297 subjecit.
1317 4228 1423 4284 Sed
1472 4230 1608 4284 nihil
1648 4245 1835 4285 eorum
1873 4228 2072 4285 Valen-

505 4326 612 4371 tem
652 4317 719 4371 ad
753 4319 945 4373 bonam
979 4318 1186 4389 frugem
1221 4323 1455 4375 reduxit.
1487 4322 1622 4376 Cum
1657 4338 1819 4391 porro
1847 4322 2073 4376 Alexan-

502 4410 691 4465 drinus
740 4412 987 4481 populus,
1021 4411 1291 4467 desiderio
1346 4414 1584 4482 pastoris
1633 4413 1715 4467 sui
1773 4414 2069 4467 tumultua-

500 4512 668 4569 rctur,
689 4518 745 4558 se
773 4504 980 4559 scilicet
1004 4518 1172 4559 naves
1196 4505 1441 4559 vehendo
1463 4504 1740 4559 frumento
1764 4503 2069 4572 deputatas,

499 4592 715 4661 publica
770 4594 895 4647 item
945 4595 1141 4649 horrea
1194 4596 1599 4660 combusturos,
1634 4593 1737 4648 nisi
1794 4594 2068 4647 doctorem

499 4684 810 4752 reciperent
866 4700 1045 4741 suum.
1080 4686 1174 4740 llis
1226 4685 1424 4742 auditis
1460 4685 1656 4753 impius
1689 4682 1903 4747 Valens,
1934 4684 2072 4738 litte-

2188 2221 2285 2291 μὲν
2317 2222 2437 2282 ταῖς
2492 2221 2781 2290 μητρικαῖς
2823 2218 3025 2281 ὠδῖσιν,
3076 2217 3174 2270 οὐκ
3226 2218 3451 2287 ἀδελφὸς
3497 2218 3584 2283 δὲ,
3622 2218 3761 2271 ἀλλὰ

2183 2312 2276 2364 καὶ
2315 2310 2607 2373 ἀντίπαλος
2642 2309 2739 2379 τὴν
2776 2308 2975 2373 πίστιν,
3029 2308 3260 2378 πόλεμον
3301 2308 3564 2361 ἄσπονδον
3616 2308 3761 2361 κατά

2179 2403 2278 2472 τῆς
2318 2401 2676 2472 Ἐκκλησίας,
2719 2401 2883 2469 ἤγουν
2929 2400 3027 2469 τῆς
3070 2398 3407 2471 ὀρθοδοξίας,
3448 2404 3609 2457 κινεῖ.
3655 2400 3760 2453 Καὶ

2181 2494 2395 2564 πρῶτον
2433 2493 2529 2562 μὲν
2559 2492 2650 2544 τὸν
2683 2491 2991 2561 θαυμαστὸν
3023 2489 3284 2545 Μελέτιον
3319 2490 3423 2543 ὐπὸ
3462 2491 3756 2545 Ἰουλιανοῦ

2180 2583 2588 2653 ἀνακληθέντα,
2637 2582 2732 2634 καὶ⁸
2782 2582 2871 2634 τὸν
2924 2582 3117 2634 οἰκεῖον
3172 2580 3511 2651 ἀπειληφότα
3542 2581 3755 2651 θρόνον,

2179 2674 2493 2747 ὑπερορίζει
2540 2674 2678 2745 μετά
2730 2674 2822 2727 καὶ
2876 2671 3082 2727 πολλῶν
3131 2671 3305 2726 ἄλλων
3350 2672 3655 2743 ἀρχιερέων
3698 2690 3757 2725 τε

2180 2770 2273 2822 καὶ
2306 2768 2413 2821 τῶν
2454 2768 2510 2820 ὲν
2544 2767 2730 2838 κλήρῳ
2762 2767 3028 2835 λογάδων·
3071 2765 3258 2817 ἔπειτα
3301 2764 3357 2817 δὲ
3388 2766 3482 2818 καὶ
3523 2765 3623 2836 τὴν
3665 2766 3761 2817 Αἰ-

2180 2876 2381 2928 γυπτον
2415 2858 2773 2928 ὲκταράσσει,
2822 2859 2915 2909 καὶ
2960 2857 3175 2919 στάσεις
3218 2856 3310 2908 καὶ
3341 2855 3560 2925 θόρυϐοι
3600 2856 3763 2925 χαλε-

2182 2951 2413 3022 πώτεροι
2449 2950 2555 3003 τῶν
2602 2949 2918 3018 φθασάντων
2966 2948 3188 3001 διέσειον
3223 2947 3321 3019 τὴν
3356 2947 3761 3020 Ἀλεξανδρέων

2181 3037 2353 3091 πόλιν.
2400 3034 2593 3099 Δεδιὼς
2636 3036 2692 3087 δὲ
2724 3036 2751 3087 ὁ
2786 3036 3106 3105 θεόληπτος,
3156 3037 3229 3108 μὴ
3277 3036 3383 3106 ἄρα
3431 3038 3532 3107 τῆς
3577 3039 3638 3089 ἐν
3683 3037 3763 3107 τῷ

2181 3129 2374 3199 πλήθει
2423 3128 2661 3189 στάσεως
2700 3126 2859 3189 αὐτὸς
2903 3126 3002 3196 τὴν
3044 3126 3219 3178 αἰτίαν
3250 3126 3434 3191 λάϐοι,
3483 3127 3763 3198 τέσσαρας

2180 3222 2330 3285 ὅλους
2366 3225 2539 3293 μῆνας
2571 3219 2757 3273 ἑαυτὸν
2784 3221 2841 3272 ὲν
2874 3218 3108 3291 πατρῴῳ
3151 3219 3304 3289 τάφῳ
3355 3218 3760 3290 κατακρύπτει.

2193 3314 2249 3365 Ὀ
2273 3313 2328 3365 δὲ
2360 3314 2484 3375 τοὺς
2509 3312 2650 3365 κατὰ
2678 3313 2776 3381 τὴν
2808 3312 3075 3379 Αἴγυπτον
3110 3310 3300 3378 φόνους
3330 3309 3761 3380 παλαμώμενος,

2181 3406 2443 3469 Τατιανὺς
2482 3402 2549 3476 ἦν
2577 3408 2605 3457 6
2630 3405 2835 3474 ταύτης
2865 3404 3128 3474 ἔπαρχος,
3164 3403 3281 3473 ὃνή
3328 3401 3447 3455 θεία
3493 3403 3617 3474 δίκη
3662 3403 3764 3477 καὶ

2180 3497 2277 3566 τῆς
2311 3495 2621 3566 μιαιφονίας
2650 3496 2743 3548 καὶ¹
2774 3495 2874 3564 τῆς
2907 3493 3221 3557 δυσσεϐείας
3253 3492 3444 3546 θᾶττον
3484 3494 3723 3565 μετῆλθε
3745 3512 3760 3525 ·

2179 3590 2270 3642 τοῦ
2323 3607 2382 3643 τε
2423 3587 2528 3660 γὰρ
2574 3586 2882 3659 ἀξιώματος
2942 3586 3033 3638 καί⁵
3074 3585 3180 3639 τῶν
3225 3585 3431 3639 πολλῶν
3500 3587 3764 3640 ἐκπίπτει

2179 3682 2492 3753 χρημάτων,
2522 3682 2615 3734 καὶ
2646 3683 2745 3751 τῆς
2773 3680 2977 3751 τροφῆς
3006 3678 3174 3747 αὐτῆς
3208 3678 3436 3748 ἐπαίτης
3462 3674 3553 3748 ἦν.
3592 3679 3763 3732 Ἀλλά

2179 3766 2271 3825 καὶ
2296 3774 2420 3835 τοὺς
2450 3771 2759 3841 ὀφθαλμοὺς
2790 3767 3097 3834 ἀποϐαλὼν,
3123 3768 3214 3822 τὸν
3250 3769 3363 3839 βίον
3395 3769 3664 3839 ἀλγεινῶς
3701 3789 3762 3824 τε

2178 3859 2270 3912 καὶ
2303 3859 2541 3931 αἰσχρῶς
2581 3859 2967 3930 καταστρέφει.
3008 3860 3093 3913 Ἐν
3123 3858 3330 3922 τούτοις
3369 3859 3446 3925 δὲ,
3493 3878 3765 3930 κυμαινο-

2182 3951 2357 4021 μένων
2385 3951 2490 4004 τῶν
2537 3950 2693 4013 ὅλων,
2740 3950 2979 4020 σκηπτὸς
3008 3951 3333 4021 ἐπισκήπτει
3379 3950 3492 4003 τῶν
3534 3950 3761 4004 πώποτε

2176 4044 2553 4113 γεγενημένων
2592 4046 2620 4096 ό
2666 4042 2953 4113 μέγιστος,
2992 4042 3086 4094 καὶ
3136 4041 3337 4105 πολλὰς
3370 4043 3613 4111 ἐδαφίζει
3650 4045 3762 4097 τῶν

2176 4135 2416 4188 πόλεων·
2451 4136 2588 4206 ἀτάρ
2630 4135 2693 4205 δὴ
2725 4136 2819 4187 καὶ
2857 4135 2958 4203 τῆς
2992 4134 3215 4204 Κρήτης
3254 4132 3352 4196 τὰς
3392 4134 3526 4188 δέκα
3571 4135 3764 4198 πόλεις

2176 4228 2589 4299 κατηρείπωσε’
2654 4228 2746 4281 καὶ
2803 4229 2836 4298 ἡ
2891 4227 3167 4291 θάλασσα,
3223 4227 3331 4280 τῶν
3397 4227 3541 4281 ἰδίων
3617 4229 3760 4297 ὅρων

2175 4318 2557 4390 ὑπερχυθεῖσα,
2600 4316 2801 4387 πολλὴν
2832 4318 2929 4387 μὲν
2956 4317 3055 4387 τῆς
3093 4316 3320 4388 ἠπείρου
3366 4318 3757 4389 ἀποτεμομένη

2174 4411 2445 4465 θάλασσαν
2494 4407 2619 4460 νέαν
2667 4406 2865 4473 ἔδειξε,
2915 4407 3112 4477 πολλὴν
3162 4407 3219 4460 δὲ
3270 4408 3367 4474 τῆς
3421 4407 3757 4478 ὑποϐρυχίου

2172 4499 2386 4569 ἀρότρῳ
2440 4494 2731 4565 ὑπέθηκεν.
2783 4495 2922 4547 Ἀλλ’
2967 4495 3117 4549 οὐδὲν
3169 4495 3372 4550 τούτων
3422 4496 3757 4567 ἐσωφρόνισε

2171 4587 2261 4641 τὸν
2300 4586 2596 4640 Οὐάλεντα.
2639 4585 2791 4636 Ἐπεὶ
2821 4585 2876 4637 δὲ
2908 4588 2935 4637 ό
2974 4585 3363 4657 Ἀλεξανδρέων
3397 4587 3570 4658 δῆμος
3605 4589 3757 4659 πόθῳ

2173 4680 2266 4732 καὶ
2302 4679 2480 4731 πίστει
2524 4676 2618 4731 τοῦ
2682 4678 2938 4745 ποιμένος
2987 4678 3273 4743 ἐστασίαζέ
3321 4696 3381 4732 τε
3434 4680 3528 4733 καὶ
3576 4681 3755 4734 πάντα

500 4777 580 4830 ris
629 4778 742 4832 suis
800 4778 1100 4833 Athanasio
1152 4779 1421 4846 integram
1477 4779 1572 4833 dat
1626 4777 1950 4843 libertatem,
2013 4788 2069 4833 ut

2178 4770 2403 4841 πράξειν
2446 4771 2679 4840 ἠπείλει,
2719 4770 2812 4821 καὶ
2847 4770 2917 4821 τά
2943 4786 3001 4821 τε
3036 4770 3229 4839 σιτηγά
3271 4771 3376 4823 τῶν
3405 4771 3628 4837 πλοίων,
3661 4773 3755 4827 καὶ

500 4866 773 4921 Ecclesias
830 4868 1254 4924 administraret.
1311 4870 1444 4924 Cum
1483 4880 1665 4924 autem
1724 4869 2068 4925 Antiochiam

498 4956 844 5025 profecturus
873 4970 1033 5022 esset,
1065 4961 1191 5029 quia
1224 4961 1501 5016 Eudoxius
1538 4961 1743 5017 Christi
1794 4961 2071 5023 inimicus,

499 5056 789 5116 postquam
835 5050 1205 5104 novemdecim
1238 5051 1396 5105 annis
1428 5052 1690 5104 adversus
1740 5050 2072 5104 orthodoxos

502 5140 845 5209 implacabile
884 5143 1078 5197 bellum
1116 5145 1392 5213 gessisset,
1426 5144 1727 5197 exstinctus
1765 5143 1957 5206 fuerat,
1991 5142 2076 5195 Ni-

501 5234 757 5288 comediae
772 5236 1035 5290 substitit.
1062 5238 1357 5307 Arianique
1382 5237 1751 5304 Demophilum
1777 5237 2027 5289 ordinant
2055 5250 2069 5286 :

498 5327 590 5394 qui
667 5335 848 5381 autem
929 5327 1543 5383 consubstantialitatem
1607 5333 2065 5395 propugnarant,

499 5418 787 5486 Evagrium
819 5421 1129 5490 quemdam.
1164 5422 1247 5474 cui
1288 5422 1475 5474 beatus
1517 5417 1832 5472 EuStathius
1877 5431 2067 5470 manus

500 5510 850 5578 imposuerat.
907 5512 1008 5579 Qui
1069 5512 1383 5567 Eustathius
1430 5526 1554 5565 cum
1622 5518 1743 5562 ante
1797 5507 2081 5561 Meletium

494 5594 893 5655 Antiochenam
944 5609 1154 5671 regeret
1194 5598 1511 5665 Ecclesiam,
1571 5597 1637 5652 ab
1691 5594 1907 5650 Arianis
1937 5595 2071 5650 insi-

572 5798 651 5874 (α)
684 5804 715 5859 1.
739 5806 888 5862 δέκα.

2175 4865 2372 4927 αὐτοὺς
2419 4865 2544 4928 τοὺς
2577 4862 2866 4933 δημοσίους
2914 4862 3295 4925 σιτοϐολῶνας,
3342 4865 3389 4915 εἰ
3432 4866 3505 4936 μὴ
3544 4866 3639 4919 τὸν
3676 4867 3755 4919 δι-

2173 4958 2436 5011 δάσκαλον
2463 4956 2845 5027 ἀπολήψοιντο,
2881 4956 3012 5025 πυρὶ
3046 4954 3375 5025 παραδοῦναι
3404 4955 3750 5010 διετείνοντοο

2174 5051 2335 5117 γνοὺς
2379 5049 2549 5102 ταῦτα
2597 5050 2624 5100 ό
2671 5047 2934 5117 δυσσεϐὴς
2980 5047 3227 5118 Οὐάλης,
3275 5046 3361 5099 διά
3406 5049 3753 5118 γραμμάτων

2172 5142 2384 5194 δίδωσιν
2444 5138 2745 5208 Ἀθανασίῳ
2805 5140 2984 5190 πᾶσαν
3047 5136 3228 5189 ἄδειαν
3288 5137 3386 5199 τὰς
3428 5139 3755 5209 Ἐκκλησίας

2177 5234 2391 5287 ἰθύνειν.
2432 5232 2696 5302 Ἐξορμᾷν
2741 5230 2795 5283 δὲ
2837 5229 3045 5299 μέλλων
3096 5232 3177 5292 εἰς
3225 5230 3575 5299 Ἀντιόχειαν,
3632 5232 3755 5283 ἐπεὶ

2175 5325 2420 5389 Εὐδόξιος
2459 5327 2487 5378 6
2533 5324 2895 5395 μισόχριστος,
2938 5321 3142 5375 δώδεκα
3177 5321 3251 5392 (α)
3306 5323 3399 5375 καὶ
3452 5323 3609 5375 ἐννέα
3657 5323 3750 5392 ἐτη

2176 5415 2316 5468 κατά
2372 5414 2476 5469 τῶν
2534 5413 2771 5467 εὐσεϐῶν
2829 5414 3091 5466 ἄσπονδον
3143 5413 3377 5483 πόλεμον
3441 5414 3750 5477 ἀναλαϐὼν,

2177 5504 2497 5575 ἀπεφθάρη,
2541 5506 2639 5573 τῆς
2689 5502 2991 5573 ὁδοιπορίας
3045 5503 3184 5557 κατὰ
3234 5504 3332 5575 τὴν
3382 5505 3753 5574 Νικομήδειαν

2177 5598 2464 5670 ἐπεσχέθη.
2497 5598 2602 5650 Καὶ
2634 5594 2682 5648 οἱ
2734 5594 2833 5664 μὲν
2871 5593 2928 5659 ἐξ
2965 5596 3172 5669 Ἀρείου
3214 5598 3517 5667 Δημόφιλον
3568 5611 3752 5668 χειρο-
