3990 6508
1049 370 1215 426 ἫἸἈ
1254 372 1313 429 S.
1353 368 1731 426 ATHANASII
1767 370 1862 424 EX
1895 369 2432 427 METAPHRASTE.

137 496 372 553 τονοῦσιν·
404 494 453 547 oi
477 493 536 548 δὲ
578 494 647 548 τὸ
676 494 968 565 ὀμοούσιον
1012 494 1404 567 πρεσϐεύοντες
1429 495 1698 566 Εύάγριόν

1820 495 2040 549 uulatus
2079 494 2277 560 fuerat,
2324 505 2486 563 atque
2516 493 2707 549 exsilio
2735 504 3021 552 revocatus
3050 511 3116 552 ex
3145 498 3366 551 decreto

138 605 232 642 τινα
260 584 345 639 τοῦ
375 585 655 655 μακαρίου
688 585 992 639 Εὐσταθίου
1026 585 1123 655 τὴν
1155 586 1557 657 τελεσιουργίαν
1588 602 1692 655 χει-

1820 589 1866 640 ill
1904 586 2140 651 Joviani,
2168 584 2634 653 Constantinopoli
2673 585 2919 654 degebat.
2968 586 3170 655 Impius
3201 586 3368 656 igitur

145 680 411 753 ρισαμὲνου,
438 677 495 740 ὃς
532 677 648 747 πρὸ
678 678 950 731 Μελετίου
977 677 1072 749 τὴν
1108 678 1421 747 Ἀντιοχέων
1466 678 1693 747 Ἐκκλη-

1820 675 1992 730 lalens
2027 676 2317 743 compertis
2342 674 2409 729 iis
2446 690 2564 743 qua!
2597 683 2743 744 gesta
2774 674 3009 740 fuerant,
3040 676 3365 729 Arianorum

144 769 235 821 σίαν
274 765 574 835 ποιμαίνων
618 766 699 837 (a)
742 766 852 817 ὑπὸ
897 766 1002 818 τῶν
1057 767 1346 834 Ἀρειανῶν
1402 784 1691 820 συνεσκευ-

1820 771 2015 840 ιιιὶἀοιη
2061 770 2201 824 facta
2232 786 2354 823 cum
2394 769 2588 839 gaudio
2618 770 2886 839 probavit.
2919 769 2998 823 Ex
3027 770 3367 836 przeconihus

143 858 380 927 ἁςθη,κα“ι
423 858 523 927 τῆς
577 858 896 928 ὑπερορίας
938 858 1246 928 ψηφίσματι
1298 858 1392 910 τοῦ
1440 859 1695 921 εὐσεϐοῦς

1820 871 1977 915 intem
2027 862 2129 928 piae
2178 860 2454 930 religionis
2509 860 2878 924 Eustathium,
2914 862 3004 928 qui
3036 860 3365 922 ordinasset,

153 943 378 999 Ἰωϐιανοῦ
407 945 775 1015 ἀνακληθεὶς,
810 947 868 997 ὲν
900 946 1463 999 Κωνσταντινουπόλει
1496 947 1697 1016 διέτρι-

1820 967 1920 1006 tum
1951 952 2172 1005 militari
2214 968 2372 1005 manu
2404 952 2551 1005 misit
2588 952 2818 1022 Birzyen
2849 950 3098 1005 Thracire
3149 951 3364 1014 urbem,

146 1035 229 1087 ὗεν.
259 1034 310 1086 Ὀ
344 1034 397 1085 δὲ
431 1034 716 1105 δυσσεϐὴς
752 1036 989 1107 Οὐάλης,
1033 1035 1218 1106 μαθὼν
1249 1038 1317 1090 τά
1358 1037 1693 1107 πραχθέντα,

1820 1044 2084 1113 Evagrium
2136 1054 2315 1097 autem
2367 1044 2677 1097 ordinatum
2709 1045 2760 1097 in
2792 1044 2936 1097 aliud
2960 1041 3070 1112 egit
3098 1041 3368 1095 exsilium.

146 1123 204 1186 οἷς
228 1125 311 1193 μὲν
332 1124 378 1175 οἱ
408 1123 467 1188 ἐξ
503 1124 731 1196 Ἀρείου
780 1125 1021 1195 ἔπραξαν
1058 1125 1296 1199 συνῆσθα]
1324 1144 1383 1178 τε
1430 1126 1524 1179 καὶ
1556 1124 1694 1195 rmi-

1820 1136 1867 1190 Ξι
1903 1136 1988 1189 his
2022 1134 2189 1203 gestis
2223 1134 2419 1200 impius
2455 1135 2562 1197 ille,
2593 1135 2939 1189 Antiochiam
2968 1134 3242 1197 concedit,
3277 1134 3370 1187 uhi

146 1234 271 1286 τηε-ε,
298 1216 397 1269 τῶν
430 1216 488 1268 δὲ
525 1217 803 1287 κηρύκων
836 1218 934 1289 τῆς
964 1217 1242 1282 εὐσεϐείας
1274 1218 1571 1273 Εὐστάθιον
1602 1218 1698 1288 μὲν

1820 1228 1987 1280 radem
2016 1226 2129 1295 ipsa
2155 1225 2415 1279 adversus
2445 1225 2778 1280 orthodoxos
2806 1224 3140 1294 perpetravit
3166 1233 3219 1277 et
3254 1239 3369 1277 ma-

146 1314 211 1364 τὸν
241 1312 691 1381 χειροτονήσαντα
726 1312 820 1365 διὰ
866 1314 1258 1383 στρατιωτικῆς
1296 1312 1475 1383 χειρὸς
1511 1312 1568 1363 ὲν
1613 1310 1701 1363 Βι-

1820 1317 2053 1370 :liinatus
2098 1324 2210 1381 est;
2272 1316 2379 1367 imo
2406 1314 2577 1368 multo
2622 1315 2803 1383 pejora
2837 1332 2853 1371 :7
2880 1316 3049 1369 variis
3079 1315 3221 1370 enim
3255 1329 3375 1382 sup-

148 1403 223 1473 ζῦη
252 1401 387 1453 πόλει
427 1400 533 1470 τῆς
569 1401 810 1472 Θρᾴκης
845 1401 1175 1474 περιορίζει⁵
1213 1402 1481 1473 Εὐάγριον
1510 1402 1568 1454 δὲ
1611 1401 1699 1454 τὸν

1820 1405 2082 1458 )Ιίρίοι·ιιηι
2142 1403 2429 1472 generibus
2489 1403 2634 1471 ipsos
2696 1403 2987 1466 interfecit,
3018 1405 3159 1473 quod
3204 1405 3373 1473 magis

147 1492 545 1562 χειφτονηθέντα
579 1493 728 1563 ἄλλη
758 1497 1001 1564 συνεῖχεν
1052 1493 1335 1564 ὑπερορία.
1376 1494 1484 1545 Καὶ
1532 1493 1702 1545 ταῦτα

1820 1506 1981 1550 tutem
2014 1496 2064 1548 in
2099 1506 2351 1564 promptu
2383 1504 2501 1549 erat
2544 1494 2617 1547 illi
2666 1494 2731 1548 ad
2792 1496 3034 1549 homines
3077 1496 3143 1549 de
3194 1498 3372 1550 medio

146 1582 314 1653 πράξας
354 1584 382 1633 6
414 1583 699 1653 δυσσεϐὴς
722 1628 736 1649 ,
771 1586 865 1637 ἐπὶ
906 1585 1004 1654 τὴν
1039 1582 1308 1652 Ἀντιόχου
1358 1584 1697 1650 ἀφικνεῖται,

1820 1587 2086 1654 .ollendos,
2130 1584 2360 1640 Orontes
2400 1593 2515 1639 erat
2548 1585 2763 1639 ﬂuvius.
2817 1585 2951 1637 Dum
2988 1586 3169 1653 itaque
3223 1595 3372 1641 tanta

148 1676 197 1725 τὰ
228 1674 347 1726 αὑτά
388 1674 533 1728 κατὰ
589 1674 708 1729 τῶν
763 1676 1128 1729 εὐσεϐούντων
1175 1676 1268 1727 καὶ
1322 1674 1574 1745 πράττων
1608 1674 1703 1726 καὶ

1820 1678 2069 1741 :onfusio,
2108 1688 2291 1732 tantus
2325 1677 2582 1731 tumultus
2619 1678 2931 1731 universum
2963 1678 3151 1732 orbem
3178 1678 3373 1733 misce-

147 1765 501 1835 διανοούμενος·
562 1767 784 1837 μᾶλλον
826 1768 882 1819 δὲ
926 1767 1100 1837 πολλῷ
1148 1768 1398 1838 χείρονα·
1446 1766 1540 1819 καὶ
1593 1765 1703 1833 γὰρ

1820 1781 1909 1831 -οι,
1936 1777 2057 1838 post
2096 1778 2173 1822 tot
2214 1776 2364 1820 tanta
2396 1778 2616 1833 tamque
2664 1767 2917 1820 diuturna
2966 1781 3064 1835 pro
3114 1768 3199 1835 pia
3251 1767 3377 1820 reli-

146 1834 370 1925 διαφόροις
416 1834 689 1921 θανάτοις
743 1859 875 1922 τοὺς
921 1834 1275 1921 εὐσεϐοῦντανς
1338 1858 1547 1928 ὐπῆγεο
1598 1857 1701 1927 μά-

1820 1861 1963 1928 ;ione
2002 1844 2325 1920 certamina,
2354 1864 2474 1925 post
2526 1866 2602 1909 tot
2653 1856 2889 1921 labores,
2927 1858 2992 1910 ad
3035 1872 3375 1911 communem

146 1946 265 1999 ima
286 1947 337 2000 δὲ
365 1949 472 2003 τῶν
505 1952 698 2019 φόνων
734 1950 887 2019 αύτῷ
919 1950 978 2003 τὸ
1010 1949 1428 2019 προχειρότατον
1459 1946 1702 2017 ποταμὸς

1820 1965 1961 2016 ιιιειη
1992 1949 2257 2003 dilexerat
2300 1950 2582 2003 Dominum
2642 1950 2796 2017 cujus
2824 1963 2986 2005 causa
3037 1963 3226 2017 passus
3259 1950 3377 2004 fne-

145 2041 164 2091 6
192 2041 434 2110 Ὀρόντης.
467 2042 590 2112 Τῆς
626 2044 953 2113 συγχύσεως
981 2038 1072 2095 οὖν
1102 2042 1196 2093 καὶ
1222 2039 1467 2109 ταραχῆς
1502 2037 1703 2106 ταύτης

1820 2050 1910 2104 'at,
1944 2039 2185 2107 gaudens
2205 2040 2407 2093 athleta
2442 2040 2694 2107 migravit
2724 2039 2938 2109 prtemia
2962 2049 3371 2103 consecuturus,

144 2133 215 2203 τήν
254 2135 571 2204 οἰκουμένην
631 2132 1058 2205 ἀνατρεπούσης
1116 2132 1254 2203 μετά
1300 2134 1425 2193 τούς
1479 2130 1704 2191 πολλοὺς

1820 2145 1928 2184 :um
1971 2145 2144 2184 annos
2176 2131 2230 2184 in
2269 2132 2605 2201 episcopatu,
2643 2132 2750 2186 imo
2784 2132 2960 2200 potius
2988 2132 3037 2184 in
3068 2132 3375 2186 certamini-

143 2228 212 2278 καὶ
234 2226 460 2296 μακροὺς
492 2226 651 2297 ὑπὲρ
695 2225 803 2294 τῆς
837 2223 1117 2286 εὐσεϐείας
1164 2223 1360 2285 ἄθλους
1400 2223 1491 2274 καὶ
1527 2219 1707 2289 καμά-

1820 2235 1904 2274 )US
1934 2222 2135 2291 egisset
2159 2223 2539 2291 quadraginta.

140 2336 236 2383 τους
268 2322 338 2384 είς
386 2321 476 2373 τὸν
511 2320 708 2375 κοινὸν
740 2320 1056 2389 [Δεσπότην,
1100 2318 1158 2371 ὃν
1220 2318 1413 2386 ἐφίλει,
1462 2317 1555 2370 καὶ
1602 2315 1741 2386 ὑπὲρ
1778 2309 1838 2369 οὗ
1877 2315 2102 2385 ἔπασχε,
2168 2316 2369 2386 χαίρων
2418 2318 2446 2368 6
2493 2316 2749 2388 ἀθλητὴς,
2792 2318 2877 2370 ἵνα
2910 2316 3047 2388 τύχῃ
3094 2315 3200 2369 τῶν
3238 2315 3373 2371 ὲπά-

144 2417 263 2481 Θλων,
284 2417 673 2487 ἀπεδήμησεν,
702 2416 803 2486 ἐτη
837 2415 1122 2487 διαρκέσας
1158 2416 1216 2467 ὲν
1244 2417 1309 2485 τῇ
1346 2414 1699 2488 ἀρχιερατικῇ
1740 2411 1951 2482 τελετῇ,
1992 2411 2193 2482 μᾶλλον
2257 2412 2313 2465 δὲ
2357 2414 2414 2465 ὲν
2445 2415 2557 2475 τοῖς
2625 2414 2764 2484 ὑπὲρ
2799 2412 2967 2483 αὐτῆς
3001 2410 3371 2482 ἀγωνίσμασι,

3158 374 3362 427 ccum

143 2512 521 2582 τεσσαράκοντα.

191 2607 292 2659 Ὀτι
326 2610 358 2678 η
393 2606 711 2678 συγγραφὴ
755 2605 817 2672 ἐξ
864 2600 932 2677 ἧς
975 2608 1007 2678 ὴ
1052 2604 1385 2678 προκειμένη
1429 2602 1696 2674 προῆλθεν

140 2700 294 2770 ἐκλογὴ
344 2700 547 2771 μᾶλλον
598 2700 703 2753 ἐπὶ
747 2700 812 2751 τὸ
852 2698 1257 2770 ὴμελημένονῆ
1307 2696 1693 2767 τοδιηκριϐω-

142 2791 262 2859 μένον
292 2792 398 2861 ἔχει
428 2792 531 2865 τὴν
564 2792 757 2863 ῥοπήν
780 2808 793 2821 ·
835 2791 1064 2861 μάλιστα
1089 2790 1133 2842 δ’
1160 2791 1217 2841 ἐν
1252 2792 1316 2859 τῇ
1351 2788 1459 2839 τῶν
1492 2786 1699 2856 νοημά-

138 2898 219 2935 των
243 2884 514 2955 οἰκονομίᾳ
554 2886 625 2935 ὲν
665 2882 885 2944 πολλοῖς
928 2881 1239 2951 κεφαλαίοις
1277 2880 1370 2933 καὶ
1413 2879 1699 2934 καινότερα

139 2975 256 3045 παρὰ
279 2978 395 3040 τοὺς
422 2976 641 3039 ἄλλους
673 2975 899 3045 ἱστορεῖ.

1867 2598 2029 2652 Liber
2058 2597 2196 2651 unde
2243 2596 2356 2650 haec
2382 2592 2751 2662 excerpsimus
2780 2590 3159 2660 negligentiam
3196 2589 3376 2659 potius

1799 2690 2004 2746 redolet
2055 2702 2217 2757 quam
2271 2685 2650 2756 diligentiam;
2710 2684 2943 2736 maxime
2997 2691 3173 2735 autem
3233 2680 3375 2749 quod

1798 2782 2030 2852 pertinet
2064 2780 2131 2833 ad
2161 2777 2514 2833 utconomiam
2543 2774 2800 2828 orationis
2818 2773 3277 2829 etsententiarnrl
3324 2772 3373 2824 iu

1801 2871 1984 2926 multis
2008 2870 2301 2938 capitibus,
2336 2866 2504 2920 multa
2535 2866 2660 2919 item
2686 2879 2822 2919 nova
2850 2872 3069 2920 enarrat
3088 2876 3205 2933 qua:
3237 2862 3378 2931 apud

1801 2966 1933 3021 alios
1962 2980 2065 3019 non
2097 2964 2438 3033 reperiuntur

172 3113 3331 3149 __________________________.__.___—_

516 3289 828 3387 VITA
898 3289 991 3378 S‘.
1067 3281 1718 3375 ATHANASII

139 3616 279 3669 81οΣ
307 3617 486 3670 HTOI
538 3612 887 3669 ΑΘΛΗΣῙΣ
920 3613 1061 3666 ΤΟΥ
1084 3611 1182 3663 ΕΝ
1218 3611 1475 3662 ΑΓΙΟῘΣ
1503 3608 1777 3669 ΗΜΩΝΟ
1819 3603 1990 3659 γιτΑ

188 3689 460 3739 ΠΑΤΡΟΣ
495 3684 965 3743 ΑΘΑΝΑΣΙΟΥ,
1012 3681 1443 3733 ΕΠΙΣΚΟΠΟΥ
1480 3680 1704 3731 TENU-

189 3758 428 3809 ΜΕΝοΥ
462 3753 1077 3811 ΑΛΕΞΑΝΔΡΕΙΑΣ.
1692 3772 1697 3777 τ

192 3846 235 3899 l.
269 3847 457 3902 Πολλοὶ⁸
498 3846 607 3917 μὲν
639 3844 750 3896 τῶν
787 3842 978 3911 ἁγίων,
1010 3840 1086 3910 τῷ
1128 3839 1362 3911 οὐρανίῳ
1395 3839 1543 3908 πόθῳ
1572 3854 1713 3907 τρω-

136 3934 305 4001 θέντες,
337 3939 435 3991 καὶ
466 3940 608 3997 ταῖς
646 3935 1043 4005 μαρμαρυγαῖς
1070 3931 1159 3983 τού
1204 3929 1538 3998 ἀγωνοθέτου
1579 3930 1712 3997 Χρι-

140 4028 239 4081 στοῦ
270 4030 695 4089 ὲνατενίσαντες
741 4023 1015 4095 ἀκριϐῶς,
1058 4023 1151 4076 καὶ
1185 4022 1290 4073 ὐπὸ
1319 4021 1410 4074 τοῦ
1457 4017 1709 4090 ἀληθινοῦ

135 4123 596 4189 καταυγασθέντες
629 4118 843 4188 φωτὸς,
879 4116 1036 4187 μέχρι
1062 4114 1291 4168 θανάτου
1325 4113 1462 4183 ὑπὲρ
1485 4110 1578 4165 τοῦ
1611 4130 1711 4181 κη-

140 4211 382 4281 ρύγματος
414 4211 527 4266 τοῦ
563 4206 955 4277 εὐαγγελικοῦ,
992 4206 1083 4259 καὶ
1115 4206 1215 4275 τῆς
1240 4205 1519 4268 εὐσεϐείας
1549 4204 1713 4275 ἀθλή-

139 4320 319 4369 σαντες,
355 4306 449 4359 τὸν
508 4302 771 4372 οὐράνιον
826 4299 1082 4367 στέφανον
1128 4297 1474 4367 ἀνεδήσαντο,
1523 4313 1712 4368 προτιο

142 4396 380 4462 μήσαντες
407 4395 531 4450 τῶν
565 4391 786 4464 ὁρατῶν
821 4390 888 4443 τὰ
920 4390 1145 4459 ἀόρατα,
1175 4389 1267 4441 καὶ
1296 4388 1395 4458 τῆς
1435 4387 1713 4457 παρούσης

137 4484 258 4555 ζωῆς
286 4487 383 4557 τὴν
419 4485 766 4557 μέλλουσαν,
811 4482 904 4535 καὶ
943 4480 1050 4533 τῶν
1092 4482 1150 4533 ἐν
1196 4481 1381 4551 χερσὶν
1430 4480 1597 4532 όντων
1644 4476 1713 4531 τὰ

141 4575 199 4643 μὴ
234 4577 554 4648 βλεπόμενα
574 4594 587 4605 ·
629 4572 929 4646 ἐξαιρέτως
955 4573 1011 4625 δὲ
1042 4573 1069 4624 6
1092 4572 1189 4642 τῆς
1226 4570 1587 4641 ἀποπολικῆς
1617 4569 1713 4639 χά-

137 4684 260 4736 ριτος
303 4672 550 4740 μέτοχος
592 4668 882 4737 ὑπάρχων,
923 4666 951 4717 6
996 4664 1169 4734 μέγας
1206 4662 1537 4725 Ἀθανάσιος,
1586 4664 1614 4714 6
1656 4664 1713 4714 ἐν

138 4760 227 4820 τοῖς
278 4758 618 4818 ἐπισκόποις
668 4757 773 4823 τῆς
852 4752 1240 4823 μεγαλωνύμου
1306 4750 1711 4820 Ἀλεξανδρείας

136 4844 298 4919 ῶσπερ
348 4847 718 4920 μαργαρίτης
759 4844 1054 4914 διαφανὴς,
1102 4844 1195 4896 καὶ
1248 4841 1383 4907 ζέων
1431 4842 1507 4912 τῷ
1548 4843 1712 4894 πνεύη

140 4952 264 5000 tua,
292 4940 388 4993 καὶ
436 4935 755 5007 πτερωθεὶς
790 4933 867 5003 τῷ
907 4934 1139 5002 οὐρανίῳ
1187 4932 1355 5001 πόθῳ,
1399 4933 1458 4984 ἐν
1503 4931 1713 4991 πολλοῖς

139 5027 316 5099 σφόδρα
342 5029 570 5099 χρόνοις
605 5025 705 5077 καὶ
736 5023 1015 5092 βασιλεῦσι
1058 5020 1348 5090 πολεμοῦσι
1376 5024 1440 5091 τῇ
1466 5019 1715 5090 εὐσεϐείᾳ

138 5119 451 5187 μαχόμενος,
478 5118 575 5171 καὶ
605 5113 688 5184 τῷ
725 5111 882 5182 ὲσμῷ
922 5112 1027 5165 τῶν
1056 5111 1343 5181 αἱρετικῶν
1374 5114 1429 5163 ἐν
1470 5112 1617 5183 πάσῃ
1649 5114 1714 5181 τῇ

139 5206 350 5279 ύφηὶέῳ,
380 5211 560 5279 ἡρατο
593 5208 760 5275 νίκην
792 5203 871 5273 τῷ
897 5204 1129 5275 οὐρανίῳ
1159 5202 1333 5255 σθένει
1362 5202 1502 5255 κατὰ
1536 5203 1715 5272 πάσης

132 5300 217 5367 τῆς
265 5300 581 5365 κακοὸόξων
640 5294 994 5366 όμηγύρεως.
1050 5287 1273 5355 υύτινος
1324 5294 1450 5355 τοὺς
1499 5292 1715 5359 ἀγῶνας

137 5388 222 5454 μὲν
249 5391 508 5451 ἐκθέσθαι
544 5388 646 5442 καὶ
674 5388 777 5456 τὴν
817 5385 1063 5456 ποικίλην
1098 5384 1258 5438 αὐτοῦ
1289 5386 1344 5435 ὲν
1377 5387 1440 5454 τῇ
1468 5384 1721 5437 διδασκα-

131 5479 212 5551 λίᾳ
248 5483 360 5535 τῶν
402 5472 562 5535 θείων
608 5478 815 5545 λογίων
847 5478 1057 5545 σοφίαν,
1083 5477 1203 5546 ἥτις
1238 5478 1329 5528 καὶ
1354 5475 1441 5527 διὰ
1481 5476 1586 5528 τῶν
1618 5493 1715 5528 κα-

133 5572 521 5643 ταλειφθέντων
568 5572 711 5642 παρ’
738 5568 905 5623 αὐτοῦ
956 5568 1398 5641 συγγραμμάτων
1434 5566 1717 5639 τηλαυγῶς

197 5774 271 5835 (al
306 5776 371 5833 In
405 5776 560 5835 editis
586 5768 928 5833 ποιμαίνειν.

1797 3279 1958 3368 EX
2036 3271 2941 3366 METAPHRASTE.

2061 3601 2203 3657 SEU
2274 3600 2701 3657 CERTAMINA
2780 3597 3042 3654 SANCTI
3123 3592 3384 3648 PATRIS

1910 3673 2184 3727 NOSTRI
2262 3670 2673 3726 ATIIANASII
2760 3668 2940 3723 OLIM
3033 3662 3381 3721 EPISCOPI

1903 3741 2450 3798 ALEXANDRINI.

1883 3834 1936 3889 l.
1967 3833 2116 3888 Multi
2170 3842 2481 3889 sanctorum
2520 3831 2725 3887 caelesti
2777 3828 3044 3885 desiderio
3096 3824 3383 3891 vulnerati,

1812 3936 1866 3983 et
1904 3926 2281 3994 splendoribus
2309 3924 2545 3987 Christi,
2579 3923 2899 3978 certantium
2943 3918 3383 3983 remuneratoris,

1812 4016 2051 4070 studiose
2103 4016 2320 4079 intenti,
2367 4024 2525 4083 atque
2587 4030 2615 4067 a
2659 4028 2784 4067 vera
2845 4011 2964 4066 luce
3014 4010 3290 4073 illustrati,
3320 4011 3386 4063 ad

1815 4115 2042 4161 mortem
2096 4121 2261 4176 usque
2307 4122 2403 4177 pro
2455 4105 2733 4174 Evangelii
2782 4103 3180 4173 pra‘dicatione,
3210 4110 3259 4155 et
3290 4114 3388 4168 pro

1812 4214 1937 4254 vera
2000 4199 2257 4269 religione
2331 4205 2635 4261 certantes,
2680 4195 2889 4249 C(Blesti
2949 4208 3144 4248 corona
3206 4190 3387 4245 donati

1814 4290 1985 4354 fuere,
2013 4292 2153 4359 quod
2208 4288 2494 4344 invisibilia
2527 4287 2848 4352 visibilibus,
2884 4285 3130 4354 prtesenti
3160 4283 3278 4335 vita:
3302 4282 3386 4334 fu-

1816 4394 2010 4445 turam,
2045 4384 2396 4452 prmsentibus
2430 4396 2490 4435 ea
2519 4396 2636 4449 qua:
2676 4381 2727 4433 in
2762 4388 3052 4447 conspectu
3087 4392 3191 4430 non
3231 4383 3388 4429 erant

1813 4476 2209 4530 antetulissent.
2237 4475 2291 4527 ln
2334 4475 2521 4543 primis
2557 4486 2683 4525 vero
2711 4471 3018 4541 apostolicae
3050 4467 3237 4538 gratiae
3267 4482 3389 4531 par.

1813 4570 2000 4636 titeps,
2032 4584 2259 4637 magnus
2291 4567 2378 4620 ille
2417 4566 2762 4626 Athanasius,
2800 4563 2889 4631 qui
2930 4562 3069 4614 inter
3105 4559 3386 4626 episcopos

1814 4660 2178 4715 celeberrimae
2238 4657 2575 4712 Alexandriae
2621 4656 2783 4709 veluti
2831 4653 3118 4720 margarita
3171 4652 3387 4719 conspi-

1818 4764 1973 4813 cuus,
2011 4747 2227 4801 fervens
2259 4746 2467 4813 spiritu,
2501 4745 2672 4797 alatus
2693 4744 2959 4797 desiderio
2984 4741 3211 4806 caelesti,
3244 4739 3392 4794 mul-

1817 4842 1885 4893 lis
1914 4839 2071 4893 annis
2100 4847 2286 4892 contra
2318 4839 2667 4902 imperatores
2692 4836 2790 4905 pia:
2824 4834 3070 4901 religioni
3105 4833 3392 4887 adversan-

1818 4941 1916 4994 tes,
1941 4946 2145 4985 necnon
2178 4938 2364 4983 contra
2400 4935 2595 4981 emtum
2639 4927 3012 4980 hatreticorum
3044 4924 3097 4978 iu
3126 4932 3236 4977 toto
3262 4926 3392 4978 orbe

1824 5024 2105 5087 dimicans,
2144 5023 2341 5076 virtute
2375 5020 2579 5075 caalesti
2622 5022 2897 5075 victoriam
2940 5019 3121 5073 retulit
3169 5018 3234 5072 de
3280 5024 3392 5071 toto

1824 5128 1986 5182 prave
2041 5114 2387 5167 sentientium
2444 5121 2736 5166 conventu.
2767 5111 2929 5178 Cujus
2963 5108 3259 5164 certamina
3299 5122 3392 5160 va-

1825 5206 2068 5273 riamque
2101 5206 2217 5274 ejus
2246 5206 2298 5259 in
2332 5220 2606 5259 sacrorum
2655 5204 2986 5271 eloquiornm
3029 5201 3269 5255 doctrina
3301 5214 3393 5251 sa-

1821 5298 2073 5365 pientiam
2116 5312 2256 5365 quae,
2316 5311 2380 5350 ex
2413 5296 2628 5359 scriptis
2666 5297 2731 5350 ab
2768 5309 2831 5349 eo
2885 5294 3106 5355 relictis,
3141 5288 3391 5345 omnibus

1820 5390 2103 5459 perspicue
2137 5400 2261 5443 nota
2314 5397 2417 5453 est,
2455 5404 2711 5443 enarrare
2766 5403 2921 5441 nemo
2970 5387 3125 5454 digne
3172 5381 3386 5450 poterit,

1822 5482 2031 5537 etiamsi
2065 5482 2223 5536 fuerit
2250 5482 2461 5536 dicendi
2487 5480 2858 5551 peritissimus.
2888 5476 2996 5530 Nos
3038 5487 3181 5536 vero,
3215 5472 3391 5540 quoad

1828 5572 1965 5628 feret
2009 5572 2257 5641 facultas,
2306 5582 2453 5645 gesta
2518 5571 2632 5641 ejus
2697 5567 3111 5625 recensebimus.
3167 5562 3391 5632 Oporttt
