3990 6512
595 339 788 384 εοιιιν

1941 326 2470 386 PROLEGOMENA.

593 451 772 500 autem
820 445 1074 516 primum,
1105 463 1274 519 pauca
1303 451 1370 505 de
1417 450 1520 506 viri
1561 465 1591 504 a
1622 465 1791 522 puero
1822 450 2147 507 institutione

2263 451 2396 502 πᾶσι
2441 449 2785 522 γνωρίζεται,
2832 451 2997 519 ἀξίως
3029 453 3128 508 οὑκ
3182 455 3249 511 ἄν
3291 473 3375 523 τις
3424 459 3757 532 δυνήσηται,
3790 465 3840 517 el

592 550 871 591 enarrare.
892 537 1070 609 Nuper
1101 541 1470 610 igiturlsancto
1495 542 1800 598 Alexandro
1819 543 2159 600 Alexandriae

594 623 848 695 episcopo
877 627 944 682 ad
968 628 1333 700 episcopatum
1372 641 1640 701 promoto,
1670 642 1791 700 post
1817 634 1985 687 sancti
2012 633 2157 688 Petri

593 725 917 770 conventum
945 719 1038 788 qui
1068 729 1226 774 antea
1260 722 1519 791 martyrio
1551 721 1772 778 allectus
1800 723 1998 789 fuerat,
2035 741 2156 780 cum

592 798 681 856 ille
707 805 775 857 ad
805 808 1108 861 convivium
1133 811 1426 866 invitasset
1461 813 1689 878 clerum,
1715 825 2159 887 exspectaretque

590 892 765 948 donec
789 909 1093 966 cogeretur,
1122 916 1241 954 cum
1269 902 1320 956 in
1349 903 1465 959 loco
1487 916 1654 962 staret
1693 907 1989 980 inaspecto,
2023 913 2157 968 vidit

589 993 789 1053 pueros
811 989 1234 1047 ecclesiasticam
1271 994 1423 1062 juxta
1457 1013 1721 1068 normam,
1760 1001 1941 1058 ludum
1977 1020 2157 1075 quem-

588 1074 731 1143 piam
767 1077 1052 1146 agitantes.
1083 1078 1210 1137 Erat
1239 1084 1380 1138 enim
1443 1085 1631 1142 domus
1663 1090 1730 1143 ad
1758 1105 1906 1146 mare
1932 1074 2156 1149 conver-

588 1179 669 1229 sa,
721 1167 788 1220 ad
835 1169 988 1237 cujus
1035 1171 1185 1228 littus
1237 1174 1492 1232 ludebant
1548 1169 1902 1240 sacratissimi
1958 1188 2153 1256 pueri,

588 1269 816 1322 quorum
854 1261 1132 1330 episcopus
1161 1275 1278 1319 erat
1300 1269 1656 1338 Athanasius,
1685 1285 1739 1329 et
1765 1275 1854 1329 alii
1904 1293 2155 1333 convena:

587 1349 891 1420 presbyteri
917 1363 970 1406 et
1013 1356 1253 1420 diaconi,
1293 1361 1383 1427 qui
1431 1363 1772 1421 adducebant
1817 1367 1917 1436 ipsi
1960 1384 2155 1438 pueros

589 1439 1028 1510 catechumenos,
1080 1455 1138 1498 ut
1181 1449 1480 1518 baptizaret
1531 1455 1668 1510 illos.
1709 1455 1852 1522 Quos
1877 1457 2032 1526 juxta
2066 1474 2155 1514 ec-

585 1524 942 1584 clesiasticum
971 1533 1132 1588 ritum
1170 1537 1469 1607 baptizatos
1527 1543 1723 1614 alloqui
1757 1524 1985 1601 volebat.
2021 1548 2150 1604 Rem

585 1615 769 1686 itaque
813 1620 1040 1678 miratus
1071 1626 1395 1698 Alexander,
1419 1646 1612 1700 pueros
1655 1635 1720 1687 ad
1751 1649 1810 1690 se
1831 1636 1952 1690 duci
1975 1637 2148 1707 jubet,

585 1712 986 1781 compertisque
1039 1717 1106 1771 iis
1152 1722 1399 1776 omnibus
1447 1739 1566 1792 quae
1612 1737 1761 1794 gesta
1797 1727 2047 1793 fuissent,
2083 1745 2149 1784 ex

582 1799 900 1857 clericorum
925 1811 1188 1864 sententia
1223 1826 1416 1879 pueros
1467 1814 1765 1883 baptizatos
1802 1820 1978 1882 unxit,
2009 1821 2157 1890 sigil-

581 1891 742 1960 loque
792 1894 842 1948 in
871 1895 1096 1953 Domino
1129 1902 1468 1958 conﬁrmavit
1502 1908 1848 1978 :vocatisque
1873 1910 2154 1967 Athanasii

580 1988 913 2054 parentibus,
959 1993 1298 2049 commendat
1323 2010 1571 2064 puerum,
1606 1999 1801 2055 litteris
1836 2001 2039 2058 institui
2069 2005 2158 2069 ju-

579 2074 735 2141 bens,
766 2090 819 2131 et
845 2078 898 2132 in
954 2081 1176 2136 Domino
1212 2085 1516 2154 prolicere;
1550 2089 1787 2146 adultum
1830 2107 1960 2148 vero
2006 2096 2153 2150 reddi

578 2164 708 2232 sibi,
739 2184 834 2223 seu
889 2173 1066 2240 potius
1096 2173 1372 2244 Ecclesia,
1409 2191 1468 2232 ut
1512 2181 1690 2245 Anna,
1718 2183 1816 2248 ait,
1848 2184 2153 2242 Samuelem

574 2255 792 2312 obtulit.
819 2259 954 2313 Cum
993 2263 1298 2318 advenisset
1340 2280 1472 2335 ergo
1523 2278 1753 2338 tempus,
1795 2282 2045 2340 parentes
2075 2276 2154 2332 of-

577 2341 760 2401 ferunt
796 2351 895 2418 ipsi
955 2353 1346 2422 Athanasium,
1397 2361 1686 2429 statimque
1723 2361 2029 2419 Alexander
2067 2381 2154 2421 sa-

577 2439 850 2493 cerdotale
887 2442 985 2509 ipsi
1027 2443 1214 2513 Ephod
1247 2447 1502 2516 imponit;
1537 2467 1730 2506 novum
1763 2451 2065 2511 Samuelem
2101 2459 2150 2513 in

578 2529 818 2585 Ecclesia
869 2548 1223 2605 promovens,
1273 2541 1338 2594 ad
1389 2543 1645 2598 ultionem
1701 2547 2148 2619 alienigenarum.

578 2617 789 2676 Etenim
822 2627 982 2680 multa
1027 2631 1095 2681 ab
1141 2631 1433 2689 baeresibus
1465 2652 1654 2705 passus
1692 2650 1774 2695 est
1807 2646 2101 2698 certamina
2132 2663 2146 2711 ;

578 2713 653 2767 ita
688 2723 745 2767 ut
774 2715 840 2769 de
881 2717 969 2772 illo
1008 2720 1204 2775 dixerit
1255 2723 1513 2780 Dominus
1574 2738 1754 2784 noster
1800 2750 1812 2784 :
1849 2732 1959 2801 Ego
2011 2738 2148 2789 enim

577 2804 844 2857 ostendam
871 2806 952 2858 illi
988 2820 1182 2873 quanta
1222 2825 1452 2881 aporleat
1480 2816 1626 2871 illum
1660 2836 1755 2886 pro
1793 2823 2000 2877 nomine
2036 2842 2146 2881 meo

574 2891 686 2959 pati
709 2893 748 2950 ¹.
784 2893 1059 2964 Siquidem
1092 2900 1143 2952 in
1174 2901 1319 2956 illum
1346 2907 1740 2977 conspirarunt,
1772 2927 1877 2966 non
1911 2916 2148 2984 quadra-

577 2982 722 3051 ginta
751 2985 872 3052 viri,
907 2989 1000 3042 sed
1031 2998 1170 3045 totus
1207 2993 1474 3051 haereseos
1509 3009 1680 3055 coetus
1716 3015 1810 3071 per
1833 2982 2144 3062 universum

2261 541 2353 593 καὶ
2385 541 2567 621 ἱκανὸς
2601 544 2728 614 περὶ
2762 545 2822 595 τὸ
2854 543 3034 612 λέγειν
3066 546 3329 621 ὑπάρχον
3367 552 3528 621 ἡμεῖς
3560 553 3640 616 δὲ,
3669 555 3746 618 ὡς
3773 555 3843 609 ἂν

2258 625 2368 684 οἶόν
2398 632 2458 684 τέ
2487 633 2623 696 ἐστι,
2667 633 2735 685 τὰ
2767 633 2887 686 κατ’
2911 635 3071 689 αὑτὸν
3105 636 3241 707 δῆλα
3286 641 3584 713 ποιήσομεν
3615 643 3705 697 διὰ
3743 645 3842 716 τῆς

2260 722 2604 793 ὑφηγήσεως.
2643 725 2778 796 “Χρὴ
2831 725 2887 777 δὲ
2942 727 3156 799 πρῶτον
3207 729 3411 801 βραχέα
3456 734 3588 804 περὶ
3638 735 3736 805 τῆς
3775 739 3842 790 ἐκ

2258 813 2444 878 παιδὸς
2484 815 2773 887 ἀναγωγῆς
2810 817 2902 870 τοῦ
2940 819 3134 890 ἀνδρὸς
3174 821 3416 876 διελθεῖν.
3453 827 3614 895 Ἀρτι
3661 827 3842 881 τοίνυν

2255 905 2376 958 τότε
2408 905 2503 958 τοῦ
2528 905 2684 974 ἁγίου
2721 907 3090 983 Ἀλεξάνδρου,
3121 911 3212 964 τοῦ
3249 914 3546 968 ἐπισκόπου
3585 917 3842 985 Ἀλεξαν-

2255 995 2459 1066 δρείας,
2487 997 2584 1068 τὴν
2627 999 2922 1072 ἱερωσύνην
2971 1003 3399 1074 ἐγχειρισθέντος
3433 1008 3572 1077 μετά
3609 1009 3712 1079 τὴν
3739 1011 3838 1063 τοῦ

2256 1085 2412 1153 ἁγίου
2456 1087 2666 1160 Πέτρου
2697 1090 2934 1157 σύναξιν,
2970 1093 3063 1146 τοῦ
3096 1093 3202 1165 πρὸ
3239 1096 3401 1149 αὑτοῦ
3441 1101 3840 1171 μαρτυρήσαν-

2255 1194 2377 1242 τος,
2412 1180 2504 1232 καὶ
2553 1181 2644 1234 τὸν
2690 1182 2888 1255 κλῆρον
2931 1187 3011 1248 είς
3061 1187 3302 1241 ἑστίασιν
3357 1191 3838 1262 προτρεψαμένου,

2255 1267 2348 1320 καὶ
2377 1271 2789 1340 περιμένοντος,
2831 1274 2934 1338 ἕως
2969 1275 3033 1328 ἂν
3085 1277 3561 1348 ωναθροισθῶσιν.
3604 1281 3663 1348 ἐξ
3700 1284 3841 1336 ἀπύ-

2255 1374 2390 1410 πτου
2417 1359 2585 1425 ἑστὼς
2611 1365 2713 1434 ὁρᾷ
2759 1354 2951 1429 παῖδας
2998 1365 3439 1439 ἐκκλησιαστικῷ
3471 1371 3661 1424 κανόνι
3704 1373 3838 1426 παί-

2255 1464 2403 1516 γνιον
2453 1451 2796 1517 ὑπελθόντας.
2837 1451 2945 1509 Ἦν
3000 1455 3104 1528 γὰρ
3159 1454 3307 1521 οἶκος
3353 1459 3487 1531 πρὸς
3553 1459 3838 1518 Θάλασσαν

2251 1541 2647 1610 τετραμμένος,
2695 1540 2763 1614 ἧς
2810 1545 2959 1618 παρά
2991 1547 3086 1610 τὰς
3119 1549 3284 1618 ὄχθας
3335 1551 3556 1616 ἔπαιζον
3591 1558 3640 1606 οἶ
3679 1555 3840 1626 ἱερώ-

2251 1646 2400 1682 τατοι
2450 1632 2654 1696 παῖδες,
2685 1636 2742 1687 ὲν
2771 1630 2852 1700 οἷς
2897 1633 2965 1708 ἦν
3012 1638 3307 1705 ἐπίσκοπος
3343 1642 3690 1708 Ἀθανάσιος,
3740 1646 3842 1701 καὶ

2256 1719 2404 1772 ἄλλοι
2451 1723 2738 1793 συνήλυδες
2784 1727 3140 1800 πρεσϐύτεροι
3187 1731 3281 1784 καὶ
3326 1732 3598 1800 διάκονοι,
3642 1736 3694 1787 οἳ
3739 1753 3839 1790 και

2263 1812 2533 1882 προσῆγον
2558 1814 2704 1885 αὐτῷ
2737 1819 2932 1883 παῖδας
2964 1823 3397 1895 κατηχουμένους
3426 1828 3508 1889 είς
3538 1828 3601 1880 τὸ
3633 1828 3837 1898 βαπτί-

2259 1902 2392 1967 ζειν,
2422 1903 2516 1968 οὓς
2561 1907 2720 1960 παντὶ
2759 1910 2908 1982 τόπῳ
2955 1911 3184 1986 [τρόπῳ]
3240 1917 3682 1990 ἐκκλησιαστικῷ
3731 1921 3836 1990 βα-

2258 1993 2487 2060 πτίσας,
2531 1998 2780 2053 ἐϐούλετο
2816 2002 2970 2072 λόγον
3021 2006 3204 2070 αὐτοῖς
3249 2009 3560 2080 παρελθεῖν.
3601 2012 3840 2078 Ἐκστὰς

2257 2082 2348 2139 οὖν
2378 2088 2468 2140 ἐπὶ
2498 2091 2608 2152 τοῖς
2638 2092 2939 2162 γινομένοις
2968 2098 2996 2148 ό
3031 2097 3391 2171 Ἀλέξανδρος,
3427 2100 3661 2169 ἄγεσθαι
3696 2103 3839 2174 πρὸς

2255 2175 2418 2228 αὐτὸν
2463 2177 2670 2230 κελεύει
2714 2181 2840 2244 τοὺς
2893 2183 3114 2248 παῖδαςο
3164 2189 3255 2240 καὶ
3301 2191 3557 2258 ἐπιγνοὺς
3615 2186 3838 2248 ἅπαντα

2254 2265 2353 2318 ὅσα
2408 2267 2654 2334 ἐγένετο,
2707 2272 2900 2345 γνώμῃ
2950 2276 3056 2329 τῶν
3110 2279 3488 2349 συγκληρικῶν
3546 2285 3676 2348 τοὺς
3732 2286 3837 2355 μὲν

2255 2353 2446 2420 παῖδας
2496 2360 2622 2422 τοὺς
2662 2362 3054 2432 βαπτισθέντας
3101 2371 3410 2442 ἐπιχρίσας,
3441 2377 3507 2445 τῇ
3548 2377 3607 2428 ἐν
3639 2353 3838 2448 Κυρίῳ

2255 2451 2507 2520 σφραγῖδι
2536 2452 2813 2509 ἐτελείωσε
2836 2475 2848 2487 °
2895 2461 3021 2522 τοὺς
3051 2461 3105 2514 δὲ
3137 2465 3506 2535 γεννήσαντας
3533 2467 3628 2520 τὸν
3667 2470 3834 2524 Ἀθα-

2253 2536 2434 2591 νάσιον
2464 2541 2820 2609 συγκαλέσας,
2854 2547 3118 2617 παρέθετο
3148 2551 3307 2604 αὑτὸν
3335 2554 3538 2617 αὐτοῖς,
3567 2556 3833 2623 κελεύσας

2251 2628 2535 2683 παιδεῦσαι
2567 2633 2869 2706 γράμματα
2911 2638 3092 2704 αὐτὸν,
3128 2642 3221 2696 καὶ
3260 2644 3316 2695 ἐν
3349 2642 3423 2714 (α)
3468 2646 3662 2718 Κυρίῳ
3696 2666 3833 2721 προ-

2251 2719 2520 2785 ϐιϐάζειν·
2552 2723 2769 2794 ἡϐῶντα
2797 2728 2852 2780 δὲ
2895 2729 3041 2800 αύτῷ
3089 2732 3400 2797 ἀποδοῦναι,
3435 2736 3638 2806 μᾶλλον
3671 2740 3726 2792 δὲ
3758 2745 3830 2812 τῇ

2244 2807 2585 2881 ⁷Ἐκκλησία,
2627 2814 2702 2877 ὡς
2748 2817 2999 2886 ἡἊννα,
3050 2823 3218 2892 φησι,
3266 2825 3356 2876 τὸν
3390 2827 3648 2900 Σαμουὴλ
3681 2807 3832 2884 ἐποίζ

2249 2916 2399 2969 ησεν.
2431 2902 2737 2973 Προϐἀντος
2767 2902 2858 2959 οὖν
2900 2909 2993 2962 τοῦ
3027 2911 3241 2983 καιροῦ,
3277 2917 3324 2968 οί
3367 2920 3542 2984 γονεῖς
3589 2922 3834 2992 προσφέ-

2253 3006 2432 3057 ρουσιν
2478 2994 2627 3065 αύτῷ
2666 2998 2757 3050 τὸν
2810 3000 3140 3069 Ἀθανάσιον,
3178 3007 3271 3058 καὶ
3313 3007 3474 3072 εὐθὺς
3507 3013 3536 3063 ό
3582 3012 3833 3077 Ἀλέξαν-

574 3075 780 3141 orbem,
828 3078 1130 3135 Athanasio
1164 3100 1289 3138 cum
1337 3087 1537 3143 Davide
1577 3093 1839 3159 psallente
1877 3098 1983 3159 {Si
2025 3115 2141 3154 con-

2252 3079 2365 3151 Βρος
2394 3083 2453 3136 τὸ
2488 3085 2758 3157 ίερατικὸν
2790 3091 2939 3162 αὐτῷ
2985 3095 3146 3162 ἐφοίιδ
3179 3099 3521 3171 περιτίθησι,
3569 3104 3692 3157 νέον
3720 3075 3828 3159 Ea-

572 3167 761 3219 sistant
787 3169 1062 3222 adversum
1095 3187 1174 3226 me
1218 3184 1411 3241 castra,
1436 3193 1537 3232 non
1569 3182 1764 3236 timebit
1807 3201 1898 3237 cor
1925 3201 2141 3240 meum:

571 3259 618 3312 si
655 3273 897 3331 exsurgat
941 3264 1214 3319 adversum
1257 3283 1336 3321 me
1379 3269 1643 3337 proelium,
1673 3274 1726 3327 in
1767 3276 1865 3328 hoc
1889 3294 1981 3345 ego
2027 3296 2145 3348 spe-

572 3349 763 3414 rabo’,
794 3367 878 3406 me
923 3354 1126 3408 scilicet
1175 3370 1426 3411 coronam
1475 3361 1657 3426 gloriae
1701 3379 2139 3425 consecuturum.

573 3440 838 3504 Quoniam
869 3442 1031 3510 igitur
1060 3444 1224 3498 multa
1261 3460 1379 3514 qua:
1414 3447 1487 3500 illi
1534 3451 1785 3506 accidunt
1817 3469 2144 3513 commemo-

571 3545 699 3596 rare
725 3532 1002 3596 constitui,
1029 3534 1235 3588 infinita
1271 3551 1502 3605 namque
1542 3541 1592 3593 in
1628 3545 1998 3608 persecutione
2023 3564 2144 3617 per-

571 3635 766 3691 pessus
789 3631 890 3686 est,
915 3623 1296 3694 insignioribns
1326 3627 1491 3696 gestis
1513 3630 1628 3698 ejus
1656 3637 1888 3690 contenti
1916 3638 2137 3709 erimus,

572 3727 692 3782 quae
716 3714 854 3782 apud
886 3729 1073 3768 OlllllCS
1114 3717 1229 3770 viro
1275 3716 1568 3774 familiares
1597 3732 1717 3776 nota
1763 3736 1906 3781 sunt.
1944 3729 2140 3800 Impius

573 3805 760 3872 itaque
780 3805 940 3860 Arius
968 3806 1189 3860 minime
1221 3807 1552 3876 quiescebat,
1581 3813 1674 3867 sed
1715 3815 1766 3869 in
1796 3819 1985 3876 exsilio
2016 3838 2138 3878 cum

572 3905 716 3950 esset
741 3897 914 3965 potuit
965 3896 1261 3965 piissimum
1313 3900 1690 3970 imperatorem
1727 3906 2136 3970 Constantinum

571 3986 965 4042 circumvenire
991 4005 1005 4052 ;
1031 4003 1259 4058 cumque
1287 3991 1339 4046 id
1378 4004 1497 4048 arte
1533 4011 1630 4050 sua
1671 3997 1940 4058 ell‘ecisset
1965 4014 2020 4059 ut
2048 4022 2138 4062 ar-

570 4089 876 4135 cesseretur
912 4080 977 4134 ad
1028 4080 1200 4150 ipsum
1254 4083 1658 4156 imperatorem,
1693 4093 1959 4166 ﬁdemque
1983 4113 2136 4155 suam

571 4168 816 4225 adhibito
866 4171 1173 4239 iuramento
1205 4175 1532 4246 descriptam
1576 4183 1932 4256 exhibuisset,
1976 4191 2139 4247 verbo

569 4261 788 4330 quidem
822 4271 975 4318 tenus
1007 4275 1198 4321 nostra:
1238 4267 1358 4323 lidci
1400 4271 1653 4340 similem,
1695 4293 1882 4334 revera
1933 4291 2135 4351 autem,

566 4353 795 4412 multum
819 4354 885 4411 ab
915 4371 976 4411 ea
1001 4357 1416 4428 discrepantem,
1450 4365 1500 4418 in
1545 4368 1954 4426 admirationem
1992 4376 2136 4432 cadit

2250 3174 2421 3244 μουὴλ
2461 3179 2526 3248 τῇ
2583 3179 2875 3253 Ἐκκλησία
2929 3185 3272 3256 προϐιϐάζων
3326 3194 3406 3256 είς
3461 3194 3678 3263 ἄμυναν
3716 3199 3831 3251 τῶν

2246 3265 2575 3335 ἀλλοφύλων.
2606 3273 2714 3325 Καὶ
2747 3273 2853 3344 γάρ
2885 3278 3108 3344 πολλοὺς
3137 3283 3351 3351 ἀγῶνας
3385 3287 3683 3358 ὑπέμεινεν
3716 3293 3828 3347 ἀπὸ

2245 3355 2354 3409 τῶν
2384 3359 2645 3430 αἱρέσεων
2665 3379 2678 3391 °
2713 3362 2851 3417 ὥστε
2878 3369 2971 3420 καὶ
2997 3371 3074 3434 είς
3106 3375 3268 3428 αὑτὸν
3290 3377 3461 3444 είπεῖν
3499 3380 3591 3432 τὸν
3621 3383 3830 3455 Κύριον

2245 3448 2433 3518 ἡμῶνο
2474 3469 2492 3502 ι
2533 3452 2673 3521 Ἐγὼ
2720 3457 2826 3527 γάρ
2864 3461 3008 3531 αύτῴ
3054 3464 3333 3531 ὑποδείξω,
3383 3470 3485 3522 ὅσα
3536 3472 3620 3525 δεῖ
3663 3475 3830 3528 αὑτὸν

2245 3539 2385 3611 ὑπὲρ
2410 3541 2500 3594 τοῦ
2548 3543 2805 3616 ὀνόματός
2835 3568 2935 3619 μου
2970 3553 3177 3610 παθεῖν.
3207 3576 3224 3610 ι
3260 3560 3381 3612 Ὀτι
3425 3563 3520 3615 καὶ
3573 3568 3830 3637 συνωμό-

2245 3647 2357 3685 σιον
2387 3632 2461 3705 (ὁ)
2486 3637 2546 3688 οὐ
2575 3641 2980 3711 τεσσαράκοντα
3003 3645 3198 3718 ,ἄνδρες
3229 3653 3347 3717 κατ’
3369 3653 3535 3706 αὐτοῦ
3578 3657 3825 3722 ἐποίουν,

2242 3723 2376 3778 ἀλλά
2409 3727 2515 3780 πᾶν
2541 3728 2602 3781 τὸ
2630 3731 2832 3802 πλῆθος
2857 3738 2955 3806 τῆς
2987 3738 3249 3808 αἱρέσεως
3280 3742 3341 3794 τὸ
3372 3743 3475 3797 ἀνὰ
3511 3748 3697 3801 πᾶσαν
3725 3750 3828 3822 τὴν

2241 3817 2585 3891 οἰκουμένην,
2627 3823 2722 3877 τοῦ
2779 3825 3095 3883 Ἀθανασίου
3149 3833 3286 3902 μετά
3335 3834 3428 3887 τοῦ
3474 3839 3642 3892 Δαυῒδ
3688 3817 3829 3910 ψαλ-

2241 3906 2422 3972 λοντος
2441 3926 2455 3940 ·
2500 3929 2518 3962 ι
2563 3913 2688 3965 Ἐὰν
2716 3918 3093 3988 παρατάξηται
3124 3922 3209 3974 ἐπ’
3237 3923 3334 3992 ἐμὲ
3376 3906 3726 4000 παρεμϐολὴ,
3760 3934 3825 3985 οὐ

2242 3998 2610 4071 φοϐηθήσεται
2642 4006 2674 4074 ἡ
2716 4007 2910 4076 καρδία
2955 4027 3090 4080 μου·
3123 4014 3215 4065 καὶ
3260 4013 3355 4066 ἐὰν
3406 3998 3700 4091 ἐπαναστῇ-
3733 4022 3827 4074 ἐπ’

2239 4093 2340 4162 ἐμὲ
2375 4095 2630 4164 πόλεμος,
2656 4099 2712 4151 ἐν
2743 4101 2914 4172 ταύτῃ
2943 4102 3051 4170 ἐγὼ
3078 4103 3300 4168 ἐλπίζω,
3326 4125 3342 4156 ι
3379 4108 3645 4175 στέφανον
3666 4114 3823 4182 νίκης

2242 4186 2560 4257 περιθέσθαι
2589 4188 2810 4262 δηλαδή.
2849 4193 3062 4265 Ἐπειδὴ
3100 4191 3192 4249 οὖν
3230 4196 3298 4250 τά
3332 4199 3502 4252 πολλὰ
3537 4201 3650 4254 τῶν
3680 4220 3822 4275 συμ-

2241 4276 2448 4330 ϐάντων
2498 4280 2645 4350 αύτῷ
2708 4281 2978 4337 διευθῢναι
3034 4286 3397 4360 διεταξάμην’
3451 4293 3660 4365 ἄπειρα
3711 4299 3824 4366 γὰρ

2240 4367 2445 4440 ὑπέστη
2480 4369 2838 4441 διωκόμενος·
2873 4379 2992 4439 ταῖς
3027 4379 3452 4452 ἐπισημοτέραις
3483 4385 3653 4439 αὑτοῦ
3688 4388 3823 4459 πρά-

566 4445 885 4516 imperator,
941 4449 1229 4518 statimque
1281 4468 1402 4508 eum
1453 4455 1840 4514 Alexandriam
1899 4465 2124 4524 remisit.

2252 4461 2377 4523 ίεσιν
2419 4461 2890 4534 ἀρκεσθησώμεθα
2936 4467 3037 4532 (c),
3083 4469 3139 4522 αῖ
3179 4445 3284 4524 καὶ
3330 4445 3481 4543 παρὰ
3524 4479 3660 4530 πᾶσι
3705 4445 3820 4544 τοῖς

565 4537 702 4595 Cum
733 4539 942 4594 veniret
973 4539 1134 4610 igitur
1164 4542 1566 4612 Alexandriam,
1598 4560 1818 4607 sanctus
1840 4552 2142 4612 Alexander

2252 4551 2532 4623 γνωρίμοις
2576 4554 2670 4608 τοῦ
2711 4555 2908 4628 ἀνδρὸς
2955 4559 3192 4629 ᾅδονται.
3231 4537 3438 4635 Ἀρείου
3486 4569 3673 4623 τοίνυν
3723 4537 3820 4626 τού

567 4627 964 4689 Alexandrinus
1019 4633 1299 4704 episcopus
1321 4672 1338 4700 ,
1371 4649 1490 4690 eum
1525 4639 1745 4696 minime
1784 4647 1986 4714 recepit
2013 4666 2026 4702 :
2057 4648 2141 4702 in-

2252 4641 2522 4707 ῐυσσεϐοὗς
2558 4645 2632 4714 μὴ
2667 4627 3050 4716 ὴσυχάζοντος,
3092 4650 3224 4704 ἀλλὰ
3263 4627 3356 4706 καὶ
3391 4655 3450 4706 ἐν
3493 4654 3683 4730 ἐξορία
3731 4661 3820 4714 ὃν-

565 4721 804 4788 stigante
830 4731 992 4788 atque
1027 4721 1284 4778 incitante
1317 4738 1506 4782 sancto
1535 4730 1856 4800 Athanasio,
1899 4745 2006 4790 tum
2046 4753 2136 4791 ar-

2252 4750 2354 4796 τος,
2407 4735 2500 4788 καὶ
2569 4736 2887 4806 δυνηθέντος
2949 4739 3038 4793 διὰ
3098 4742 3205 4795 τῶν
3269 4721 3600 4816 όμοφρὸνων
3651 4721 3819 4803 αὑτοῦ

565 4806 927 4866 chidiacono:
959 4827 1080 4866 eum
1110 4829 1342 4886 namque
1389 4822 1543 4888 quasi
1581 4837 1692 4876 rem
1724 4825 2136 4883 abominandam

2252 4827 2577 4897 ςυναρπάσαι
2629 4828 2721 4882 τὸν
2763 4830 3151 4886 εὐσεϐέστατον
3199 4833 3426 4902 βασιλέα
3471 4841 3824 4894 Κωνσταντῖ-

564 4903 1129 4972 exsecrabatur,quod
1156 4907 1348 4964 iterum
1383 4913 1539 4968 vellet
1569 4915 1814 4970 haeresim
1836 4919 2132 4974 concitare.

2252 4933 2345 4980 ιον,
2379 4918 2472 4990 καὶ
2511 4917 2880 4988 ἀνακληθῆναι
2927 4921 3062 4991 πρὸς
3092 4922 3252 4974 αὑτὸν
3300 4924 3409 4976 ἀπὸ
3447 4926 3559 4994 στῆς
3603 4928 3824 5000 ἐξορίας

565 4993 646 5051 Ex
690 4996 793 5048 boc
842 4993 1005 5064 igitur
1053 4995 1247 5052 iterum
1301 5001 1566 5073 Egyptus
1603 5007 1942 5060 turbabatur.
1995 5007 2133 5062 Tum

2252 5007 2774 5076 παρασκευάσαντος,
2810 5010 2904 5063 καὶ
2938 5013 3222 5082 ἐνωμότως
3252 5016 3344 5067 καὶ
3393 4993 3826 5088 ἐγγράφως-αύ-

566 5084 832 5147 Eusebius
886 5085 1306 5148 Nicomediensis
1361 5094 1570 5150 litteras
1620 5098 1800 5163 misit,
1837 5098 2129 5168 imperato-

2252 5099 2328 5152 τοῦ
2383 5101 2673 5170 ἐκθεμένου
2729 5102 2826 5172 τὴν
2878 5105 3079 5166 πίστιν,
3132 5104 3307 5172 λόγοις
3349 5107 3449 5177 μὲν
3497 5084 3701 5164 ἐοικόσι
3749 5117 3821 5184 τῇ

563 5190 787 5244 remque
816 5176 881 5230 ad
921 5179 1260 5238 scribendum
1293 5187 1600 5241 concitavit.

2252 5190 2476 5262 ιιμετέριίι
2501 5192 2678 5246 πίστει
2704 5193 2799 5263 (d),
2831 5196 2950 5257 ταῖς
2978 5196 3034 5248 δὲ
3061 5176 3524 5270 ἀληθείαιςνπαρὰ
3552 5203 3692 5257 πολὺ
3719 5176 3826 5258 διελ

561 5275 782 5338 στῶσιν,
827 5277 907 5338 είς
952 5275 1204 5334 ἔκστασιν
1241 5283 1332 5335 τὸν
1368 5284 1590 5352 βασιλέα
1629 5288 1964 5355 περιπεσεῖν,
2034 5285 2174 5338 ὥστε
2243 5286 2444 5350 εὐθέως
2513 5290 2604 5342 καὶ
2666 5291 3006 5360 παραχρῆμα
3057 5293 3137 5355 είς
3207 5293 3613 5366 Ἀλεξάνδρειαν
3682 5301 3824 5368 μετά

557 5369 726 5442 τιμῆς
761 5371 922 5426 αὐτὸν
968 5374 1264 5443 ἐκπέμψαι.
1309 5375 1695 5433 Καταλαϐόντα
1738 5372 1830 5428 οὖν
1869 5375 2029 5430 αὑτὸν
2078 5375 2177 5446 τὴν
2229 5375 2660 5447 Ἀλεξάνδρειαν,
2710 5379 2855 5440 ὅσιος
2915 5380 3260 5446 Ἀλέξανδρος
3311 5384 3341 5434 ό
3401 5387 3504 5456 τῆς
3567 5388 3824 5457 Ἀλεξαν.

635 5491 654 5523 ⁸
685 5493 810 5549 Act.
837 5511 914 5559 lx,
960 5494 1044 5547 l6.
1121 5497 1140 5526 ³
1167 5494 1310 5549 Psal.
1335 5511 1481 5560 xth,
1515 5496 1569 5552 ὅ.

635 5611 709 5682 (o)
737 5607 933 5676 Palat...
956 5617 1285 5687 γεννήτορας
1310 5617 1402 5669 τοῦ
1433 5616 1813 5672 Ἀθα-λασίου...
1853 5615 2132 5671 παιδεῦσαι

565 5683 876 5756 γράμμασι,
913 5686 1007 5737 καὶ¹
1030 5683 1116 5740 ἐν.⁷
1187 5683 1197 5687 ⁷
2245 5704 2281 5756 μ

638 5752 710 5821 (ἔρ)
738 5753 906 5810 Palat.
917 5795 930 5822 ,
966 5757 1386 5828 συννομοθέσιον.

2296 5613 2383 5702 '(r)
2409 5614 2599 5677 Palat.,
2631 5613 3108 5687 ἀρκεσθησόμεθα.
3136 5616 3272 5671 Infra
3303 5619 3443 5675 idem
3463 5619 3560 5675 τοῦ
3587 5620 3822 5686 ἀσεϐοῦς

2286 5704 2390 5826 ut?!)
2417 5754 2504 5809 Sic
2540 5754 2734 5818 Palat”
2771 5753 3047 5828 ἡμετέραν
3077 5754 3281 5810 πίστίν“
3333 5803 3336 5808 ·
