3990 6542
46 0 519 251 [Μ’-’μη-
598 16 609 17 γ

68 428 71 465 l

1149 510 1312 567 V'ITA
1353 512 1411 568 S.
1454 512 1829 568 ATHANASII
1869 512 1959 567 EX
2003 512 2541 574 METAPHRASTE.
3274 542 3445 585 ccxxv

165 621 291 693 δρὲων
318 619 684 685 ἐπίσκοπος,
738 624 853 677 οὐκ
909 623 1140 689 ἐδέξατο,
1210 626 1600 697 παρορμῶντος
1669 626 1830 680 αὑτὸν
1866 627 1957 681 καὶ
2000 629 2355 702 διεγείροντος
2402 632 2536 704 πρὸς
2570 633 2724 686 τοῦτο
2770 633 2860 687 τοῦ
2911 636 3065 703 ἁγίου
3102 638 3444 711 Ἀθανασίου,

169 716 253 769 τέκε
275 714 416 776 δντος
466 713 905 783 ἀρχιδιακόνου
928 734 941 747 ·
1011 715 1085 779 ὡς

1158 716 1327 786 μῦσος
1374 718 1480 790 γὰρ
1556 718 1716 771 αὑτὸν
1767 719 2087 791 ἐξετρέπετο
2144 719 2297 786 αὖθις
2362 725 2637 777 ἀνακινεῖν
2689 728 3068 797 ἐπιχειροῦντα
3139 733 3237 802 τὴν
3290 736 3443 806 αἴρε-

172 826 242 861 σιν.
276 805 356 857 Ἐκ
393 804 611 859 τούτου
658 804 769 861 οὖν
816 808 983 866 πάλιν
1022 810 1054 880 ἡ
1095 808 1368 877 Αἴγυπτος
1408 812 1750 881 ἐταράττετο.
1794 812 1925 864 Τότε
1970 814 2033 885 δὴ
2075 817 2167 869 καὶ
2196 817 2243 868 οἱ
2300 819 2429 890 περὶ
2478 818 2735 873 Εὑσέϐιον
2778 820 2869 875 τὸν
2925 824 3243 897 Νικομηδέα
3290 804 3444 882 αύτοί

170 917 208 951 τε
239 897 478 969 ἔγραφον,
528 897 641 951 καὶ
693 900 801 952 τὸν
857 900 1081 970 βασιλέα
1128 901 1360 973 γράφειν
1415 904 1843 974 παρεσκεύαζον.

216 993 257 1045 2.
293 990 630 1055 Ἀθανάσιος
670 996 784 1065 μὲν
820 992 916 1049 οὖν
957 996 1128 1067 πάντη
1158 996 1249 1049 τοῦ
1278 996 1533 1061 δέξασθαι
1558 998 1737 1061 αὐτοὺς

1923 998 1977 1053 2.
2020 1002 2349 1060 Athanasius
2382 1021 2566 1075 porro,
2596 1022 2660 1064 ne
2694 1011 3066 1081 reciperentur
3100 1016 3441 1084 prohibebat,

172 1086 445 1155 ἀπηγόρευε,
502 1086 617 1138 καὶ
670 1088 831 1158 πρὸς
868 1089 960 1142 τὸν
1013 1087 1233 1158 βασιλέα
1265 1089 1491 1159 γράφων
1542 1090 1637 1143 σὺν
1679 1089 1755 1161 τῷ

172 1177 393 1246 ὲπισκόπῳ
436 1177 826 1249 Ἀλεξάνδρῳ
858 1180 1131 1233 ἐδίδασκεν
1166 1176 1301 1233 εἶναι
1329 1182 1453 1244 τοὺς
1486 1182 1629 1248 ἅπαξ
1656 1184 1755 1254 τὴν

172 1272 298 1323 τέττιν
323 1269 770 1340 ἀθετήσαντας,
808 1274 908 1325 καὶ
942 1272 1467 1343 ἁναθεματισθέντας
1492 1270 1647 1337 αὖθις
1696 1274 1756 1339 ἐξ

170 1362 459 1431 ὑτιοστρορῆς
524 1363 614 1432 μὴ
655 1364 1210 1435 προσλαμϐάνεσθαι.
1253 1366 1385 1418 Τότε
1411 1368 1438 1419 ό
1478 1367 1749 1436 βασιλεὺς,

166 1454 318 1523 βαρέως
354 1454 741 1521 ύπενεγκὼν,
774 1455 889 1507 ὑπὸ
919 1456 1025 1508 τῶν
1056 1458 1180 1527 περὶ
1210 1457 1466 1510 Εὐσέϐιον
1504 1458 1637 1529 πρὸς
1663 1459 1754 1529 ὀρ-

163 1546 230 1616 γὴν
252 1544 507 1614 κινηθεὶς,
551 1544 706 1597 τάδε
730 1546 819 1616 τῷ
842 1546 983 1617 ἁγίῳ
1029 1547 1327 1619 Ἀθανασίῳ
1354 1551 1578 1619 γράφων
1605 1550 1756 1621 ἠπεί-

157 1653 289 1705 inm.

152 1730 294 1799 Μέρος
320 1730 705 1799 ἐπιστολῆς
745 1730 864 1805 τοῦ
890 1732 1193 1805 βασιλέως
1247 1734 1397 1801 πρὸς
1454 1736 1560 1789 τὸν
1582 1736 1753 1805 ἄτιον

776 1802 1045 1855 Ἀθανιίσ.
1061 1820 1149 1855 ον.

203 1895 399 1963 «Ἐχων
422 1893 637 1947 τοίνυν
669 1894 783 1965 τῆς
803 1894 949 1964 ἐμῆς
979 1893 1172 1963 βουλῆς
1200 1895 1262 1947 τὸ
1288 1896 1593 1969 γνώρισμα,
1617 1900 1750 1953 πᾶσι

150 1989 228 2048 τοῖς
250 1986 616 2056 βουλομένοις
675 1987 767 2048 είς
792 1986 897 2055 τὴν
955 1985 1275 2054 Ἐκκλησίαν
1314 1988 1572 2041 εἰσελθεῖν
1608 1989 1750 2045 ἀκώ-

147 2079 260 2131 λυτον
289 2080 596 2149 παράσχου
630 2078 743 2149 τὴν
782 2078 1013 2131 εἴσοδον,
1052 2080 1174 2131 Ἐάν
1202 2079 1310 2149 γὰρ
1342 2078 1473 2131 ὡσεὶ
1513 2080 1750 2133 κεκώλυ-

148 2172 220 2232 xi;
242 2187 379 2232 τινας
403 2170 611 2222 αὐτῶν
650 2170 764 2239 τῆς
807 2169 1677 2240 Ἐκκλησίας..μεταποιουμένουθ
1712 2171 1744 2241 ἢ

146 2263 360 2333 ἀπείρξας
395 2263 503 2333 τῆς
534 2261 801 2324 εἰσόδου,
838 2262 1123 2313 ἀποστελῶ
1146 2262 1482 2333 παραχρῆμα
1510 2263 1601 2315 τὸν
1653 2264 1747 2317 καὶ

1862 1093 2147 1164 missisque
2180 1111 2300 1150 cum
2342 1100 2592 1169 episcopo
2617 1102 2924 1157 Alexandro
2958 1106 3024 1159 ad
3060 1106 3443 1176 imperatorem

1861 1184 2077 1251 litteris,
2112 1188 2292 1242 docuit
2323 1189 2599 1255 illtttn,eos
2631 1194 2718 1261 qui
2744 1194 2909 1250 semel
2936 1197 3093 1251 iidem
3130 1211 3443 1269 negassent,

1860 1286 1914 1332 et
1957 1279 2301 1335 anathemate
2348 1286 2585 1351 percussi
2641 1298 2844 1352 essent,
2890 1290 3173 1345 redeuntes
3215 1293 3440 1349 minime

1859 1382 1980 1423 esse
2013 1371 2369 1439 recipiendos.
2397 1370 2530 1426 Tum
2590 1374 2904 1444 imperator,
2940 1394 3049 1432 rem
3103 1380 3322 1451 indigne
3359 1383 3438 1437 fe-

1860 1477 2006 1528 rens,
2047 1464 2115 1517 ab
2168 1464 2399 1520 Eusebio
2437 1480 2738 1523 commotus
2778 1472 2845 1524 ad
2894 1471 3049 1540 iram,
3105 1474 3219 1529 haec
3250 1488 3441 1531 sancto

1857 1556 2155 1611 Athanasio
2182 1558 2432 1614 scribens
2462 1560 2699 1615 minatus
2736 1571 2837 1615 est.

1861 1735 1996 1791 Pars
2026 1737 2259 1808 epistola:
2288 1740 2621 1808 imperatoris
2662 1742 2732 1795 ad
2777 1752 3022 1797 sanctum
3068 1744 3437 1803 Athanasium.

1937 1916 1955 1948 ι
1980 1897 2113 1951 Cum
2132 1898 2310 1966 itaque
2329 1897 2658 1951 voluntatem
2678 1913 2849 1953 meam
2871 1911 3198 1969 compertam
3216 1902 3436 1970 habeas,

1855 1988 2106 2042 omnibus
2122 1988 2210 2055 qui
2246 1988 2297 2041 iu
2328 1989 2608 2043 ecclesiam
2652 1989 2856 2058 ingredi
2883 1991 3173 2057 voluerint,
3202 1993 3433 2049 liberum

1856 2077 2155 2147 permittito
2183 2076 2407 2131 aditum.
2446 2078 2597 2146 Quod
2626 2080 2669 2132 si
2716 2080 2998 2147 quospiam
3041 2081 3295 2136 Ecclesia:
3326 2083 3427 2137 ad-

1848 2169 1999 2237 juugi
2026 2169 2263 2223 volentes
2301 2169 2629 2236 coltibueris,
2670 2170 2980 2239 aditumque
3017 2171 3121 2226 illis
3166 2172 3428 2228 interclu-

1854 2263 2015 2327 seris,
2040 2261 2248 2315 mittam
2286 2263 2737 2332 quamplurimum
2761 2263 2849 2332 qui
2884 2273 2938 2317 te
2972 2264 3124 2330 jussu
3177 2280 3299 2321 meo
3330 2268 3427 2321 de-

147 2355 517 2426 καοιιρήσοντά
554 2372 624 2407 σε
657 2355 725 2417 ἐξ
750 2355 901 2424 ἐμῆς
926 2353 1239 2417 κελεύσεως,
1264 2356 1355 2407 καὶ
1378 2354 1467 2407 τὸν
1493 2355 1654 2408 τόπον
1689 2373 1737 2409 σε

1850 2363 2033 2425 p0nal,
2063 2362 2117 2409 et
2150 2368 2216 2409 ex
2249 2355 2467 2411 sedibus
2494 2354 2782 2409 transferat
2807 2355 2931 2410 tuis.
2978 2374 2996 2407 ι

149 2448 547 2518 μεταστήσοντα.
600 2466 623 2498 ι

206 2538 412 2607 Ὁμοίως
441 2538 503 2590 δὲ
535 2537 649 2590 καὶ
691 2536 1095 2607 τῷ-οὲπισκόπῳ
1141 2537 1471 2610 Ἀλεξάνδρῳ
1506 2539 1595 2593 ίσα
1617 2540 1743 2612 περὶ

157 2629 326 2700 ’Ᾱρεὶου
369 2631 626 2701 ἔγραφε.
687 2628 947 2682 Τοιαῦτα
1008 2631 1104 2699 μὲν
1151 2630 1387 2701 ἔγραφεν
1416 2635 1443 2685 ό
1490 2633 1741 2702 βασιλεὺς

148 2722 215 2773 τοῦ
228 2722 535 2785 λυσιτελοῦς
557 2722 899 2791 γινόμενος,
923 2722 1017 2773 καὶ
1053 2720 1127 2791 μὴ
1155 2721 1474 2793 βουλόμενος
1494 2725 1591 2795 τὴν
1621 2726 1743 2778 Ἑκ-

149 2813 334 2883 κλησίαν
371 2812 763 2867 διασπᾶσθαιο
804 2815 935 2876 τοὺς
968 2814 1074 2884 γὰρ
1114 2815 1316 2879 πάντας
1360 2818 1452 2868 ἐπὶ
1486 2817 1581 2888 τὴν
1612 2819 1740 2889 ὀμό-

150 2923 265 2958 νοιαν
295 2906 447 2974 ἄγειν
484 2905 839 2969 ἐσπούδαζε.
874 2906 1173 2975 Δεξάμενος
1219 2905 1273 2956 δὲ
1310 2908 1337 2959 ὁ
1394 2908 1740 2981 ’Λλέξανδρος

150 3002 270 3071 παρὰ
285 3002 373 3055 τοῦ
404 3002 692 3071 βασιλέως
729 3002 805 3054 τὰ
832 3004 1155 3072 γράμματα,
1185 3006 1278 3058 καὶ
1302 3006 1482 3073 ὀλίγον
1517 3008 1742 3060 ἐπιϐιώ-

154 3113 227 3159 σας
264 3099 470 3168 χρόνον,
515 3097 796 3169 μακαρίῳ
849 3097 991 3149 τέλει
1051 3098 1401 3167 μεταλλάττει
1460 3100 1550 3153 τὸν
1601 3100 1735 3171 βίον.

162 3188 446 3254 Ἀθανάσιος
476 3192 537 3243 δὲ
555 3191 665 3260 τῆς
700 3189 1011 3262 ἱερωσύνης
1044 3191 1141 3262 τὴν
1175 3192 1513 3263 λειτουργίαν
1540 3194 1733 3246 ὑπεδέ-

155 3281 275 3344 ξατο.
309 3278 430 3345 Οἴος
486 3283 548 3335 δὲ
582 3278 657 3352 ἦν
692 3280 979 3351 νουνεχείᾳ
1027 3282 1116 3333 καὶ
1141 3284 1204 3352 τῇ
1242 3284 1491 3354 εὐσεϐείᾳ
1524 3284 1615 3336 καὶ
1667 3288 1731 3355 τῇ

154 3372 270 3424 κατὰ
292 3374 386 3443 τὴν
419 3372 771 3443 Ἐκκλησίαν
826 3370 1181 3435 διατυπώσει,
1208 3374 1275 3427 τὰ
1320 3373 1445 3443 ἑᾶς
1481 3374 1729 3445 δηλώσει.

155 3467 264 3536 Παρ⁹
289 3460 438 3534 ᾦκαὶ
470 3467 754 3538 αἱρετικοὶ
782 3466 1133 3535 ἐπιγνόντες,
1154 3468 1232 3519 ὅτι
1254 3466 1471 3539 ἐξάρχει
1496 3469 1593 3539 τῆς
1622 3470 1735 3522 Ἐκ-

151 3558 374 3628 κλησέας,
402 3560 472 3613 τὰ
504 3561 607 3630 μὲν
639 3559 846 3632 πρῶτα
900 3559 1211 3612 συνέπεσον·
1256 3556 1410 3623 αὖθις
1455 3560 1510 3612 δὲ
1563 3559 1735 3625 οὕτως

150 3650 277 3719 αύτῷ
312 3655 407 3723 μιᾷ
436 3652 637 3722 γνώμῃ
666 3650 1094 3722 συμϐάλλουσιν,
1122 3651 1283 3714 ὥστε,
1315 3653 1360 3703 εἰ
1396 3652 1498 3723 χρὴ
1531 3651 1729 3719 λέγειν,

1913 2553 2178 2623 Episcopo
2213 2554 2337 2609 item
2378 2553 2688 2611 Alexandro
2726 2559 2877 2626 paria
2919 2559 2984 2614 de
3012 2559 3142 2614 Ario
3183 2560 3422 2631 scripsit.

1843 2642 1908 2699 Et
1941 2645 2242 2713 hujusmodi
2274 2648 2488 2716 quidem
2524 2649 2816 2719 imperator
2841 2653 3058 2721 Scripsit
3079 2653 3196 2707 utili
3228 2668 3426 2723 propo-

1841 2738 1965 2800 sito,
1999 2738 2139 2807 quod
2173 2739 2337 2793 nollet
2363 2740 2659 2795 Eetlesiam
2695 2743 2921 2798 distrahi
2952 2762 2965 2797 :
2999 2761 3189 2802 omnes
3223 2747 3424 2819 quippe

1841 2830 1907 2882 ad
1962 2830 2309 2884 concordiam
2367 2846 2529 2901 agerc
2574 2834 2913 2903 peroptabat.
2955 2836 3088 2891 Cum
3124 2840 3429 2909 accepisset

1839 2919 2144 2975 Alexander
2189 2921 2256 2974 ab
2305 2922 2628 2989 imperatore
2673 2925 2906 2994 litteras,
2951 2943 3122 2996 pauco
3182 2940 3427 2999 tempore
3482 2939 3484 2943 '

1840 3022 2114 3081 superstes
2148 3013 2305 3067 beato
2334 3013 2438 3069 line
2472 3016 2637 3069 vitam
2670 3018 2881 3072 clausit.
2927 3020 3257 3077 Athanasius
3293 3040 3423 3080 vero

1838 3102 2125 3155 sacerdotii
2160 3103 2521 3157 ministerium
2561 3108 2792 3175 excepit.
2827 3108 3010 3174 Qualis
3041 3126 3201 3180 porro
3235 3113 3419 3179 luerit,

1837 3190 2148 3259 prudentia,
2188 3192 2422 3260 pietate,
2463 3193 2717 3269 Ecclesiae
2766 3197 3273 3267 administratione,
3326 3217 3413 3257 se-

1837 3284 2055 3353 quentia
2089 3284 2461 3342 declarabunt.
2494 3285 2741 3341 [heretici
2775 3302 2937 3356 porro
2967 3305 3088 3344 cum
3125 3305 3421 3361 cognosce-

1841 3384 1960 3429 rent
1988 3374 2241 3428 Ecclesiae
2264 3373 2411 3427 illum
2436 3389 2686 3443 praeesse,
2717 3375 2945 3444 primum
2967 3377 3146 3432 animo
3168 3379 3420 3434 concide-

1838 3476 1977 3521 runt.
2000 3467 2197 3521 Deinde
2218 3481 2344 3521 vero
2363 3466 2508 3521 illum
2526 3482 2634 3521 uno
2647 3468 2826 3522 animo
2847 3469 3086 3539 aggressi
3106 3471 3417 3539 suntquasl.

1836 3568 1895 3613 ut
1938 3561 2007 3613 ita
2043 3554 2239 3625 dicam,
2270 3560 2585 3613 memoriam
2619 3559 2763 3613 illius
2814 3559 2879 3614 de
2916 3569 3059 3614 terra
3108 3561 3296 3617 tollere
3323 3577 3418 3617 cu-

1839 3660 2042 3716 rarent,
2067 3650 2516 3720 quemadmodum
2544 3649 2712 3705 Judaei
2745 3660 2933 3705 contra
2976 3651 3257 3705 Dominum
3298 3669 3417 3707 mo-

148 3744 197 3795 τὲ
239 3745 583 3815 μνημόσυνον
631 3744 804 3798 αὑτοῦ
849 3744 915 3795 ἐκ
954 3743 1048 3812 τῆς
1082 3743 1185 3812 γῆς
1217 3744 1507 3813 περιελεῖν,
1552 3742 1733 3806 καθὼς

1844 3744 1913 3798 liti
1951 3754 2095 3799 sunt.
2138 3742 2332 3797 Statim
2390 3758 2625 3807 namque
2673 3742 2761 3796 ille
2807 3741 3060 3797 Ecclesia:
3096 3744 3418 3813 praepositus

142 3836 186 3887 οἱ
222 3838 457 3891 Ἰουδαῖοι
514 3838 661 3892 κατὰ
702 3836 800 3890 τοῦ
847 3837 1051 3907 Κυρίου
1080 3838 1408 3905 ἐλογίσαντο.
1433 3840 1569 3909 Παρ’
1596 3837 1733 3892 αὐτὰ

141 3928 239 3998 γὰρ
284 3929 445 3992 εὐθὺς
498 3929 849 3999 προστάντος
904 3927 1067 3980 αὑτοῦ
1122 3928 1220 3997 τῆς
1290 3927 1635 3999 Ἐκκλησίας,
1685 3928 1733 3980 οἱ

142 4020 260 4089 περὶ
314 4020 597 4084 Εὑσέδιον,
645 4018 911 4089 ἀπεχθῶς
963 4019 1098 4089 πρὸς
1140 4018 1454 4071 Ἀθανάσιον
1499 4018 1731 4089 ἔχοντες,

136 4109 230 4160 οὐκ
250 4110 497 4179 ἠρέμουν
556 4110 655 4180 (u)°
696 4110 825 4161 τότε
857 4108 923 4177 δὴ
964 4108 1155 4177 καιρὸν
1188 4107 1440 4179 εὔκαιρον
1484 4108 1581 4179 τὴν
1640 4110 1731 4163 τοῦ

136 4199 395 4268 βασιλέως
438 4202 621 4268 λύπην
666 4200 949 4271 ὑπουργὸν
992 4199 1293 4270 ἐλάμϐανον
1320 4200 1415 4253 τοῦ
1454 4201 1581 4254 ίδίου
1612 4218 1734 4253 σκο-

136 4292 257 4347 7605'
297 4297 392 4348 καὶ
419 4294 511 4347 διὰ
553 4293 714 4346 τοῦτο
743 4293 930 4345 πάντα
954 4292 1185 4357 ἐκίνουν,
1215 4294 1543 4364 ἀποκινῆσαι
1572 4293 1733 4347 αὑτὸν

138 4384 231 4455 τῆς
286 4387 596 4456 ἐπισκοπῆς
643 4385 1065 4449 σπουδάζοντες»
1115 4385 1190 4449 ὡς
1244 4385 1497 4451 ἀναξίωςν
1548 4386 1731 4456 φησὶν,

138 4478 435 4532 ὑπελθόντα
484 4478 650 4531 αὐτὸν
692 4478 796 4548 τὴν
861 4475 1180 4546 ἱερωσύνην.
1229 4476 1384 4529 Οὕτω
1419 4476 1528 4546 γὰρ
1576 4477 1733 4547 μόνον

139 4568 363 4637 ἦλπιζον
392 4570 493 4641 τὴν
542 4568 833 4641 Ἀρειανὴν
869 4566 1027 4631 δόξαν
1059 4570 1376 4639 κρατήσειν,
1415 4568 1731 4621 Ἀθανασίου

139 4663 380 4715 ἐκπώὼν
422 4665 742 4735 γενομένου.
806 4658 1369 4731 Συμφράττονταιοῦν
1419 4663 1540 4715 κατ’
1568 4661 1731 4715 αὑτοῦ

141 4755 187 4804 οἱ
219 4757 344 4827 περὶ
374 4756 635 4811 Εὐσέϐιον
676 4757 770 4809 τὸν
803 4754 1138 4824 Νικομηδέα,
1180 4757 1275 4809 καὶ
1302 4754 1618 4826 μισθοῦνται
1649 4771 1731 4807 τι-

140 4864 235 4911 νας
272 4852 367 4922 τῆς
387 4852 652 4906 Μελετίου
679 4849 974 4922 αἱρέσεως,
1006 4848 1217 4912 Ἰσίονα,
1245 4849 1567 4920 Εὐδαίμονα,
1588 4848 1733 4902 Καλ-

142 4937 354 5008 λίνικον,
389 4946 480 4998 καὶ
508 4945 809 5015 διαφόρους
850 4940 991 4994 κατὰ
1039 4941 1354 4995 Ἀθανασίου
1396 4943 1733 5012 κατηγορίας

1837 3836 1957 3903 fuit,
1991 3836 2253 3891 Eusebius
2296 3845 2351 3889 et
2398 3835 2550 3898 socii,
2596 3834 2826 3889 invisum
2875 3833 3135 3889 habentes
3176 3835 3419 3890 Athana-

1837 3930 1998 3993 sium,
2048 3942 2387 3995 nequaquam
2438 3926 2809 3996 quiescebant,
2864 3925 2958 3980 sed
3007 3933 3217 3994 tempus
3269 3925 3417 3981 nacti

1834 4030 2195 4091 opportunum
2250 4018 2597 4087 imperatoris
2645 4018 2779 4071 iram
2814 4016 3028 4072 consilii
3069 4017 3153 4072 sui
3187 4016 3419 4071 admini-

1836 4119 2007 4163 Stram
2066 4107 2453 4172 adhibuerunt,
2485 4106 2771 4175 omniaque
2801 4121 3022 4162 movere
3066 4115 3123 4161 ut
3150 4122 3274 4163 eum
3301 4108 3420 4176 epi-

1836 4208 2058 4269 scopatu
2091 4200 2374 4269 pellcrent,
2404 4198 2555 4269 quasi
2599 4198 2836 4267 indigne,
2885 4208 2946 4254 ut
2984 4199 3225 4264 aiebant,
3254 4200 3414 4253 talem

1835 4273 2155 4363 occupasset
2176 4294 2521 4363 dignitatem;
2558 4293 2628 4347 ita
2660 4294 2803 4347 enim
2827 4291 3090 4345 duntaxat
3119 4291 3417 4362 prtevalere

1836 4399 1994 4453 posse
2030 4384 2291 4453 putabant
2318 4385 2631 4438 Arianicam
2659 4381 2985 4448 doctrinam,
3018 4381 3059 4435 si
3082 4381 3418 4436 Athanasius

1837 4477 2117 4531 tolleretur
2146 4476 2211 4531 de
2242 4477 2438 4531 medio.
2472 4474 2783 4529 Deliberant
2810 4473 2991 4541 itaque
3018 4470 3281 4526 Eusebius
3322 4471 3415 4524 Ni-

1835 4569 2191 4625 comediensis
2219 4579 2273 4622 et
2320 4569 2451 4623 socii
2506 4569 2766 4621 adversus
2812 4565 2959 4619 illum
3003 4580 3019 4628 ;
3058 4579 3120 4618 ac
3166 4565 3416 4619 mercede

1834 4662 2141 4716 conducunt
2173 4660 2459 4714 nonnullos
2490 4658 2784 4713 Meletiana:
2822 4658 3120 4721 hereseos,
3151 4656 3408 4719 lsionem,

1836 4752 2233 4816 Eudaemonem,
2264 4751 2605 4814 Callinicum,
2632 4750 2918 4819 variasque
2956 4749 3007 4803 in
3034 4749 3413 4817 Athanasium

1834 4845 2203 4901 accusationes
2256 4844 2763 4900 comminiscuntur.
2820 4842 2899 4895 Ac
2954 4840 3131 4911 primo
3196 4838 3414 4909 quidem

1834 4940 2189 4996 Athanasium
2226 4953 2350 4994 cum
2384 4936 2688 5004 irrepsisset
2730 4935 2782 4989 in
2815 4934 3213 5004 episcopatum,
3242 4930 3418 5003 Egy-

144 5032 410 5105 ἐκίνησαν.
445 5039 556 5092 Καὶ
589 5036 820 5108 πρῶτον
856 5033 977 5104 μὲν,
1008 5034 1088 5086 ὅτι
1147 5034 1480 5097 ’Δθανάσιος,
1539 5037 1723 5106 φησὶν,

1844 5034 1957 5105 otiis
1980 5032 2288 5099 mandasse,
2329 5040 2386 5083 ut
2416 5029 2611 5084 lineam
2659 5037 2865 5083 vestem
2904 5025 3283 5081 Alexandrina:
3322 5024 3419 5078 Ec-

138 5122 462 5183 ὖπεισελθὼν
508 5135 577 5202 τῇ
610 5129 895 5197 ἐπισκοπῇ
953 5126 1101 5198 λινῆν
1145 5128 1344 5197 ἐσθῆτα
1385 5127 1560 5181 τελεῖν
1600 5131 1727 5192 τοὺς

146 5219 458 5287 Αἰγυπτίους
518 5225 585 5293 τῇ
634 5217 1039 5288 Ἀλεξανδρέων
1108 5218 1402 5289 Ἐκκλησία
1449 5219 1721 5273 ἐκέλευσε.

144 5314 394 5387 Δευτέραν
418 5315 907 5387 ἐπισυῤῥάπτουσι
939 5310 1188 5382 διαϐολὴν
1212 5309 1388 5381 πολλῷ
1413 5310 1511 5380 τῆς
1535 5311 1728 5383 προτέ-

138 5421 232 5475 ρας
265 5412 491 5483 χείρονα,
547 5411 628 5474 ὡς
680 5409 797 5479 ἄρα
846 5405 1181 5470 Ἀθανάσιος,
1231 5404 1591 5459 ἐπιϐουλεύων
1613 5409 1726 5470 τοῖς

132 5501 219 5554 τοῦ
240 5504 495 5573 βασιλέως
517 5506 850 5577 πράγμασι,
869 5500 1022 5551 Φιλου
1032 5501 1174 5571 μένῳ
1190 5502 1293 5554 τινὶ
1320 5500 1529 5569 πέμψαι
1550 5501 1725 5569 γλωσ-

126 5595 347 5669 σόκομον
382 5602 593 5672 πλῆρες
622 5594 888 5669 χρυσίου.
931 5594 1144 5664 Τρίτον,
1189 5594 1435 5663 ’ἰσχυρᾶς
1472 5594 1545 5663 (b)
1580 5593 1723 5646 οὕτω

120 5690 442 5766 καλούμενος
493 5696 752 5766 πρᾶγμα
793 5686 961 5739 ὑπέδυ
1000 5685 1206 5739 πολλῶν
1256 5685 1499 5740 θανάτων
1548 5684 1718 5753 ἄξιον.

171 5875 247 5941 (α)
283 5876 399 5930 Οὐκ
430 5875 701 5945 ἠρέμουν
737 5866 898 5918 deest
931 5863 982 5916 in
1016 5862 1189 5916 Palat.

1830 5129 2005 5185 clesize
2044 5127 2401 5199 pensitarent.
2444 5124 2747 5180 Secundam
2797 5124 2923 5177 item
2973 5127 3185 5177 struunt
3214 5118 3417 5172 calum-

1832 5222 1997 5286 niam,
2032 5219 2198 5291 priori
2234 5218 2403 5273 multo
2432 5216 2732 5286 gravibrem
2765 5232 2777 5267 :
2822 5213 3179 5269 Athanasium
3204 5212 3427 5287 scilicet.

1833 5312 2176 5384 imperatoris
2232 5311 2395 5366 rebus
2451 5308 2817 5372 insidiantem,
2848 5305 3170 5359 Philumeno
3201 5302 3416 5355 cuidam

1833 5406 2046 5462 misisse
2079 5403 2413 5473 marsupium
2437 5400 2552 5456 auri
2591 5400 2827 5470 plenum.
2866 5396 3129 5459 Tertiam,
3165 5393 3415 5461 lschyras

1831 5500 2078 5569 suscipit,
2132 5496 2407 5567 negotium
2470 5492 2746 5563 multiplici
2798 5504 2931 5545 nece
2987 5489 3228 5557 dignum.
3276 5483 3413 5539 Cum

1830 5590 1973 5645 enim
1999 5603 2279 5657 nunquam
2325 5583 2686 5641 sacerdotium
2729 5578 3054 5647 accepisset‘,
3085 5587 3279 5659 nomen
3311 5573 3412 5627 sibi

1832 5679 2135 5753 presbyteri
2189 5680 2511 5743 attribuens,
2559 5678 2610 5731 in
2647 5674 2779 5728 vicis
2829 5670 3079 5724 Mareota:
3124 5668 3287 5722 ausus
3330 5674 3411 5721 est

171 5926 243 6017 ili),
274 5926 493 6013 ῥάιάιϊξ
528 5926 811 6012 ’ἱσχύρας
863 5948 986 5990 cum
1023 5940 1251 5989 accentu
1294 5933 1344 5989 in
1400 5929 1611 6002 penult.
1651 5929 1737 5985 hic

1861 5926 2025 5981 infra.
