3990 6516
596 447 786 493 ccxxv:
1964 416 2498 475 PROLEGOMENA.

596 546 892 607 sacerdotis
927 544 1107 598 munia
1132 542 1283 598 obire
1310 558 1324 594 :
1349 542 1550 597 interea
1590 553 1715 594 vero
1745 548 1965 592 sanctus
1990 537 2156 591 Atha-

2263 535 2531 588 Οὐδέποτε
2561 532 2669 604 γάρ
2697 532 2996 603 ἱερωσύνης
3030 528 3228 602 τυχὼν,
3262 530 3325 585 τὺ
3344 531 3437 586 τοῦ
3473 532 3856 605 πρεσϐυτέρου

596 640 779 696 nasius
796 638 848 690 in
867 635 1137 689 Mareotcn
1157 633 1335 699 venit;
1355 642 1409 685 ut
1432 630 1721 701 paraaciam
1741 628 1885 682 illam
1905 630 2156 683 visitaret.

2263 627 2432 696 ὄνομα
2459 623 2634 694 ἑαυτῷ
2672 622 3046 693 περιθέμενος,
3092 623 3157 675 τὰ
3186 623 3374 693 ἱερέως
3402 623 3664 695 πράττειν
3704 622 3860 675 ἐτόλ-

561 716 568 771 Ῡ
596 733 671 787 Ac
704 734 769 786 de
795 729 1027 799 Ischyrae
1061 729 1225 797 gestis
1261 726 1458 780 certior
1483 724 1673 789 factus,
1702 721 1850 776 misit
1873 720 2156 774 Macarium

2266 734 2438 788 μησεν
2468 719 2525 767 ὲν
2556 716 2676 777 ταῖς
2705 713 2916 783 κώμαις
2946 712 3040 765 τοῦ
3066 712 3357 783 λεγομένου
3398 712 3721 786 Μαρεώτου.
3764 712 3860 767 Ἑν

566 798 989 894 ’ριἐεὺγιετιιῐη,
1017 819 1431 889 exploraturum.
1466 831 1532 868 an
1582 829 1643 868 ea
1676 827 1799 867 vere
1837 812 2156 866 dicerentur.

2263 807 2434 877 τούτῳ
2462 806 2523 874 δὴ
2555 805 2689 857 καὶό
2718 805 2868 871 ἆγιος
2907 802 3243 869 Ἀθανάσιος,
3269 804 3591 858 καταλαϐὼν
3621 806 3712 857 τὸν
3728 807 3859 860 Μαι

597 916 776 982 Quare
808 914 1171 982 deprehensus
1210 907 1476 978 lschyras,
1516 906 1715 960 isthinc
1751 918 1808 958 se
1840 903 1962 973 fuga
1999 901 2156 971 prori-

2268 896 2492 970 ρεὼτην,
2525 897 2623 965 τῆς
2644 897 2761 948 ἐκεῖ
2792 895 3083 966 παροικίας
3108 896 3493 949 ἐπεσκέπτετοε
3521 896 3635 949 Καὶ
3666 894 3862 965 μαθὼν

595 1010 714 1077 puit
764 1004 1152 1067 Nicomediam,
1187 1010 1241 1053 et
1288 1000 1357 1053 ad
1404 998 1731 1051 Eusebianos
1775 994 2029 1064 confugit.
2064 992 2156 1059 Qui

2263 987 2476 1056 τάπερὶ
2498 985 2588 1040 τοῦ
2627 987 2866 1056 Ἰσχυρᾶ,
2903 984 3221 1038 ἀποστέλλει
3250 985 3534 1057 Μακάρων
3584 984 3677 1037 τὸν
3722 1002 3863 1055 πρε-ο

595 1069 721 1151 odio
753 1093 1049 1155 Athanasii,
1094 1091 1239 1143 illum
1274 1088 1489 1157 quidem
1528 1085 1795 1155 recipiunt
1826 1094 1886 1138 ut
1940 1083 2156 1153 presby-

2267 1077 2524 1148 σϐύτερον
2573 1073 2997 1138 ὲποπτεύσοντα,
3042 1075 3091 1125 εἰ
3139 1073 3313 1143 ἀληθῆ
3346 1072 3430 1143 εἴη
3459 1071 3530 1123 τὰ
3560 1069 3858 1140 λεγόμενα.

597 1197 798 1250 terum,
833 1184 1266 1253 promittuntque
1303 1176 1663 1247 episcopalem
1708 1175 1781 1229 illi
1827 1174 2156 1243 dignitatem1

2268 1169 2431 1221 Ὅθεν
2464 1167 2734 1237 φωραθεὶς
2766 1167 2794 1217 ὁ
2823 1166 3089 1236 Ἰσχυρᾶς,
3120 1164 3361 1236 ἀποδρὰς
3387 1162 3618 1225 ἐκεῖθεν,
3642 1162 3739 1216 καὶ
3759 1179 3865 1215 κα-

595 1280 640 1334 si
672 1275 1217 1330 velitaccusationem
1252 1273 1303 1325 in
1350 1272 1562 1325 beatum
1602 1267 1956 1323 Athanasium
2001 1263 2156 1319 susci-

2263 1259 2515 1313 ταλαϐὼν
2547 1260 2646 1329 τὴν
2670 1258 3057 1327 Νικομήδειαν,
3083 1256 3413 1326 προσφεύγει
3447 1260 3560 1319 τοῖς
3589 1256 3720 1326 περὶ
3751 1256 3861 1308 Εὐ-

592 1384 745 1438 pere.
798 1367 889 1422 ille
935 1380 1098 1435 porro
1153 1364 1269 1417 haec
1314 1370 1649 1417 commentus
1700 1367 1784 1414 est
1830 1356 2156 1411 :Macarius.

2270 1353 2467 1407 σέϐιον.
2499 1353 2561 1406 Οἱ
2593 1352 2650 1404 δὲ
2681 1352 2827 1422 μίσει
2854 1350 2931 1419 τῷ
2962 1350 3098 1420 πρὸς
3142 1349 3455 1403 Ἀθανάσιον
3488 1348 3735 1419 δέχονται
3758 1347 3865 1418 μὲν

593 1460 791 1525 aiebat,
830 1456 1133 1528 presbyter,
1180 1453 1377 1506 missus
1427 1450 1502 1504 ab
1530 1448 1846 1511 Athanasio,
1875 1444 2156 1514 irruptiont

2272 1446 2434 1499 αὑτὸν
2463 1443 2537 1506 ὡς
2581 1442 2968 1513 πρεσϐύτερον’
3018 1442 3447 1509 ἐπαγγέλλονται
3486 1442 3546 1494 δὲ
3603 1442 3699 1494 καὶ
3755 1440 3865 1511 τῆς

594 1552 733 1607 facta
762 1553 814 1604 in
847 1548 1128 1603 ecclesiam
1157 1554 1415 1605 nostram,
1438 1542 1491 1595 in
1519 1542 1689 1595 altare
1720 1538 1923 1602 insiliit,
1957 1551 2156 1591 sacram

2272 1536 2575 1604 ἐπισκοπῆς
2602 1533 2728 1603 ἀξίᾳ⁸
2761 1533 3009 1604 τιμῆσαι,
3046 1534 3092 1585 εί
3130 1533 3461 1604 κατηγορίαν
3495 1532 3867 1602 ὲνστήσεσθαι

593 1642 858 1699 subvertit
916 1652 1192 1700 mensam,
1243 1635 1525 1703 mysticum
1584 1629 1846 1698 confregit
1899 1628 2156 1692 calicem;

2269 1629 2411 1682 κατὰ
2453 1626 2546 1679 τοῦ
2588 1625 2860 1697 μακαρίου
2920 1625 3237 1677 Ἀθανασίου
3273 1624 3620 1695 ἀναδέξηται.
3653 1625 3752 1688 Ὃς
3806 1625 3867 1677 δὲ

592 1751 779 1791 sacros
808 1734 973 1787 libros
1006 1728 1319 1785 combussit.

2268 1714 2489 1768 καττύει
2516 1713 2589 1783 (η)
2621 1712 2941 1766 ταῦτα’Ὄτι
2965 1713 3249 1783 Μακάριος
3273 1715 3301 1765 ὁ
3322 1711 3698 1784 πρεσϐύτερος
3724 1712 3869 1765 ἀπο-

596 1827 828 1890 σταλεὶς,
851 1824 1002 1895 φησι,
1025 1821 1174 1892 παρὰ
1198 1816 1535 1877 Ἀθανασίου,
1569 1814 1753 1883 ἔφοδον
1770 1812 2003 1883 ποιήσας
2024 1812 2089 1880 τῇ
2119 1806 2412 1878 Ἐκκλησία
2429 1806 2609 1876 ἡμῶν,
2629 1804 2722 1858 καὶ
2738 1804 3072 1874 εἰσπηδήσας
3098 1806 3178 1868 είς
3198 1806 3257 1857 τὺ
3292 1805 3701 1877 θυσιαστήριον,
3729 1805 3871 1858 ἁνα-

591 1920 785 1991 τρέψαι
814 1917 908 1987 μὲν
929 1916 1025 1985 τὴν
1044 1912 1317 1982 τράπεζαν
1332 1909 1427 1978 τὴν
1460 1908 1639 1974 ἁγίαν,
1666 1908 1758 1959 καὶ
1798 1906 2055 1975 ποτήριον
2085 1903 2140 1954 δὲ
2164 1898 2421 1962 κατεάξαι
2441 1898 2718 1967 μυστικόν·
2752 1898 2846 1950 καὶ¹
2874 1896 3038 1949 ὄτιτὰ
3057 1897 3177 1968 ἱερὰ
3212 1897 3389 1967 βιϐλία
3416 1898 3787 1952 κατέκαυσεν.

664 2011 717 2063 5.
757 2008 879 2062 llaec
906 2016 961 2060 et
984 2006 1108 2058 talia
1147 2001 1433 2057 Eusebiani
1478 2001 1863 2068 imperatorem
1912 1998 2156 2057 edocent,

2336 1991 2388 2045 5.
2424 1990 2611 2043 Ταῦτα
2633 1991 2725 2045 καὶ
2761 1990 2829 2043 τὰ
2860 1989 3081 2043 τοιαῦτα
3107 1991 3195 2042 τὸν
3215 1989 3439 2058 βασιλέα
3466 1989 3871 2043 ἀναδιδάσκω-

496 2144 499 2147 -
591 2104 839 2170 iramque
863 2098 1003 2151 illius
1037 2095 1338 2151 accendunt
1377 2095 1431 2146 in
1473 2088 1871 2145 Athanasium:
1906 2086 2156 2142 addentes

2269 2100 2353 2137 σιν
2388 2083 2437 2135 οἱ
2463 2084 2591 2153 περὶ
2620 2082 2897 2146 Εὑσέϐιον,
2916 2082 2995 2145 εἰς
3014 2083 3182 2152 ὀργὴν
3198 2081 3473 2145 κινοῦντες
3503 2081 3673 2135 αὐτὸν
3717 2082 3871 2134 κατὰ

590 2188 741 2251 item,
768 2186 937 2249 illum,
968 2183 1160 2237 divinis
1208 2181 1443 2250 acceptis
1486 2178 1717 2242 litteris,
1758 2177 1890 2231 nihil
1923 2192 2156 2241 curasse,

2281 2174 2621 2239 Ἀθανασίου,
2659 2176 2752 2227 καὶ
2770 2176 2851 2227 ὅτι
2884 2174 2942 2227 τὸ
2962 2173 3101 2227 θεῖον
3130 2174 3362 2245 γράμμα
3383 2172 3565 2226 λαϐὼν
3604 2174 3666 2226 ού
3692 2191 3872 2246 προσ-

592 2291 768 2345 neque
798 2274 1079 2327 admisisse
1104 2271 1321 2334 Arium;
1347 2286 1376 2323 a
1405 2270 1505 2323 deo
1529 2277 1586 2320 ut
1630 2267 1926 2336 imperator
1963 2266 2161 2320 auditis

591 2369 659 2423 iis
687 2376 875 2422 contra
904 2362 1258 2418 Athanasium
1305 2359 1771 2415 criminationibus
1793 2398 1807 2422 ,
1840 2358 1893 2413 in
1925 2357 2160 2413 furorem

593 2469 767 2526 actus,
802 2457 1038 2526 iuberet,
1082 2464 1143 2510 ut
1172 2454 1408 2525 synodus
1446 2453 1639 2507 iterum
1686 2462 1987 2522 cogeretur.
2014 2450 2163 2505 Licet

596 2554 739 2608 enim
774 2551 861 2606 ille
884 2551 1093 2604 ftrmum
1119 2564 1217 2618 pro
1245 2550 1330 2619 pia
1363 2546 1622 2616 religione
1654 2547 1888 2601 studium
1919 2546 2156 2611 foveret;

597 2648 673 2698 at'
692 2658 810 2698 cum
836 2648 1047 2710 putaret
1068 2639 1184 2693 laedi
1214 2638 1775 2706 adversarios,utpote
1799 2634 1976 2705 justus
1997 2632 2161 2702 iudex

595 2736 741 2792 illam
771 2736 945 2790 denuo
978 2731 1099 2786 tulit
1119 2729 1586 2785 molestiam.Cum
1608 2738 1784 2784 autem
1815 2727 1882 2782 ad
1911 2727 2160 2782 Encaznia

592 2827 1047 2897 Jerosnlymorum
1090 2838 1275 2879 omnes
1322 2823 1488 2878 ferme
1538 2818 1914 2877 convenissent
1954 2820 2163 2889 episco-

596 2920 891 2993 pi,scripto
926 2918 1108 2988 jussit,
1142 2926 1199 2969 ut
1232 2916 1671 2970 examinarenlur
1704 2914 2076 2968 accusationes
2106 2912 2159 2966 in

591 3012 946 3070 Athanasium
969 3009 1183 3064 allatae:
1215 3008 1462 3062 similiter
1498 3014 1679 3062 monet
1707 3005 1773 3060 de
1805 3006 1957 3069 Ario,
1989 3014 2047 3057 ut
2072 3019 2162 3058 ac-

594 3116 778 3162 curate
803 3104 1126 3173 expendant,
1147 3098 1755 3169 num,quemadmodutn
1773 3096 1952 3150 aiebat
1976 3094 2156 3156 Arius,

594 3213 715 3253 cum
750 3198 800 3253 iu
841 3207 986 3252 recta
1033 3204 1201 3249 staret
1233 3194 1355 3259 fide,
1414 3192 1615 3246 invidia
1650 3199 1929 3259 separatus
1960 3197 2017 3242 et
2051 3187 2161 3257 eje-

594 3301 712 3346 ctus
765 3289 973 3344 fuisset.
1013 3288 1076 3341 Et
1104 3288 1147 3342 si
1183 3285 1402 3356 quidem
1456 3283 1654 3338 invidia
1688 3283 1741 3336 in
1789 3296 1953 3337 causa
1992 3288 2155 3343 esset,

2269 2267 2459 2337 ήκατο,
2493 2267 2587 2319 καὶ
2621 2268 2835 2339 Ἀρειον
2870 2266 2968 2318 οὐκ
3006 2262 3219 2329 ἐδέξατο
3241 2282 3254 2295 ·
3294 2265 3371 2329 ὡς
3402 2264 3726 2335 ἀκούσαντα.
3769 2265 3869 2319 τὸν

2271 2355 2492 2426 βασιλέα
2523 2357 2590 2409 τά
2622 2355 2763 2409 κατὰ
2816 2354 3129 2407 Ἀθανασίου
3170 2353 3438 2423 λεγόμενα
3484 2355 3565 2417 εἰς
3598 2353 3867 2406 ἔκστασιν

2270 2449 2606 2519 περιπεσεῖν,
2634 2446 2772 2500 ὥστε
2794 2445 3267 2517 προστάξαιπάλιν
3302 2445 3518 2499 σύνοδον
3549 2462 3870 2516 συγκροτης-

2270 2536 2448 2606 θῆναι.
2475 2536 2613 2599 Τοὺς
2636 2535 2708 2606 (b)
2729 2536 2857 2606 γὰρ,
2896 2538 2943 2588 εἰ
2977 2536 3069 2588 καὶ
3100 2536 3190 2588 τὸν
3226 2535 3507 2599 εὐσεϐείας
3532 2535 3690 2588 τόνον
3714 2532 3872 2608 εἶχεν

2268 2628 2599 2699 ἁχαύνωτον,
2649 2626 2784 2680 ἀλλὰ
2835 2625 2922 2680 διὰ
2980 2626 3042 2680 τὺ
3089 2625 3328 2697 νομίζειν
3382 2627 3691 2682 ἀδικεῖσθαι
3730 2630 3872 2693 τοὺς

2268 2721 2563 2783 ἐναντίους,
2594 2720 2670 2784 ὡς
2710 2719 2901 2791 κριτὴς
2928 2719 3131 2783 δίκαιος
3163 2721 3419 2789 ἠνέσχετο
3456 2719 3623 2772 πάλιν
3651 2718 3868 2792 ταύτης

2268 2815 2366 2884 τῆς
2424 2813 2717 2876 σκύλσεως.
2769 2812 2852 2875 Ὠς
2889 2812 2945 2865 δὲ
3011 2813 3101 2865 ἐπὶ
3147 2812 3395 2881 ἐγκαίνια
3458 2812 3870 2884 Ἰεροσολύμων

2269 2906 2453 2975 σχεδὸν
2488 2906 2687 2969 πάντες
2717 2903 2965 2957 συνίεσαν
2980 2907 3027 2957 οἱ
3057 2905 3361 2969 ἐπίσκοποι,
3380 2906 3585 2976 γράφει
3612 2905 3708 2958 καὶ
3730 2923 3802 2958 πε
3812 2906 3871 2977 ρὶ

2265 2998 2360 3052 τοῦ
2390 2997 2769 3068 γυμνασθῆναι
2814 2995 2878 3049 τά
2908 2995 3049 3048 κατὰ
3076 2995 3168 3049 τοῦ
3207 2996 3363 3064 ἁγίου
3402 2995 3725 3050 Ἀθανασίου
3772 2996 3868 3049 λεο

2267 3089 2490 3159 γόμενα·
2519 3086 2718 3157 ὁμοίως
2750 3084 2821 3155 (c)
2853 3083 2909 3137 δὲ
2939 3085 3065 3154 περὶ
3127 3076 3334 3155 Ἀρείού
3388 3085 3866 3157 ὑπομιμνήσκων,

2268 3180 2353 3233 ἵνα
2370 3177 2609 3250 ἀκριϐῶς
2631 3178 3012 3248 ἐπιστήσωσιν,
3039 3177 3118 3239 είς
3132 3176 3187 3240 ἃ,
3205 3175 3387 3240 καθὼς
3408 3177 3584 3246 λέγει,
3602 3179 3869 3249 όἊρειος

2268 3272 2368 3341 τῆς
2394 3272 2560 3344 ὀρθῆς
2584 3270 2732 3333 ἐντὸς
2748 3269 2823 3322 ὢν
2844 3270 3096 3337 πίστεως,
3115 3269 3291 3341 φθόνῳ
3306 3270 3405 3341 τὴν
3434 3270 3708 3342 διαίρεσιν
3754 3274 3868 3325 ὑπ-

594 3395 847 3441 curarent
876 3385 1016 3438 inter
1051 3392 1341 3451 utrumque
1366 3395 1561 3449 pacem
1590 3378 1898 3432 conciliare.
1932 3376 2084 3443 Quod
2113 3376 2156 3430 si

2264 3363 2415 3435 έστη·
2454 3363 2548 3416 καὶ
2588 3364 2636 3416 εἰ
2692 3362 2789 3431 μὲν
2834 3364 2863 3415 ὁ
2895 3361 3085 3431 φθόνος
3115 3363 3283 3427 αἴτιος
3308 3359 3398 3433 ἦν,
3422 3362 3509 3417 ἵνα
3538 3363 3873 3451 σπουδάσίω·

595 3477 822 3532 conficta
856 3474 1169 3545 poenitentia
1198 3487 1329 3526 usus
1377 3479 1522 3525 esset
1554 3469 1738 3533 Arius,
1776 3468 2157 3523 Alexandriam

592 3568 935 3630 concederet,
972 3576 1131 3632 atque
1176 3563 1336 3618 isthic
1361 3562 1428 3616 de
1482 3576 1544 3615 ea
1594 3575 1754 3615 causa
1807 3559 2155 3627 judicaretur.

595 3659 888 3729 Episcopus
924 3656 1104 3724 itaque
1152 3653 1366 3723 paulum
1415 3668 1444 3706 a
1478 3654 1563 3707 via
1612 3652 1978 3717 deﬂectentes,
2009 3652 2160 3721 jubet

594 3750 908 3819 imperator,
942 3745 1071 3817 Tyri
1114 3752 1352 3810 coactos,
1386 3758 1603 3797 causam
1647 3742 1925 3797 Athanasii
1956 3752 2011 3798 et
2045 3744 2157 3798 Arii

594 3837 919 3908 expendere,
938 3844 995 3887 ut
1021 3849 1051 3888 e
1080 3832 1257 3887 medio
1282 3832 1487 3886 sublata
1518 3831 1661 3885 omni
1688 3831 1979 3898 simultate,
2005 3847 2160 3901 paca-

600 3927 706 3980 tius
738 3923 980 3979 ccclesiae
1019 3922 1408 3977 dedicationem
1454 3920 1810 3988 celebrarent,
1836 3936 2161 3976 consecran-

596 4024 679 4069 tes
714 4028 831 4069 eam
858 4013 984 4066 Deo.
1015 4010 1338 4065 Tricesimus
1371 4011 1416 4065 is
1436 4019 1553 4065 erat
1576 4026 1748 4065 annus
1775 3995 1985 4080 imperii
2018 4010 2159 4066 Con-

595 4104 837 4161 stantini.
871 4101 996 4174 Tyri
1030 4102 1257 4157 aderant
1299 4117 1364 4157 ex
1421 4102 1584 4156 variis
1639 4102 1860 4157 urbibus
1920 4102 2159 4173 episcOpi

594 4194 907 4262 sexaginta,
962 4192 1211 4262 Dionysio
1278 4191 1548 4245 consulari
1606 4199 1967 4259 congregante
2018 4191 2155 4246 illos.

596 4287 900 4341 Ducebatur
938 4294 1114 4337 autem
1156 4281 1424 4336 Macarius
1457 4282 1745 4352 presbyter
1770 4281 2096 4336 Alexandria
2126 4297 2155 4335 a

594 4373 813 4428 militari
843 4388 1025 4436 manu,
1054 4372 1262 4426 vinctus
1286 4372 1508 4437 catenis,
1537 4371 1695 4426 simul
1719 4372 1987 4426 assidente
2019 4370 2157 4425 illius

592 4465 884 4531 provinciae
913 4461 1188 4532 praefecto,
1217 4461 1445 4530 aliisque
1473 4461 1841 4530 compluribus
1874 4461 2159 4531 magistra-

592 4554 753 4609 tibus.
796 4552 962 4607 Paulo
998 4562 1121 4624 post
1168 4555 1401 4607 accitum
1459 4553 1816 4609 Athanasium
1856 4568 1886 4608 a
1931 4554 2155 4624 synodo,

589 4651 882 4713 presentes
911 4642 1519 4712 sycophantre,prituum
1547 4643 1611 4698 de
1637 4642 1776 4697 linea
1808 4652 1956 4698 veste
1995 4659 2155 4698 accu-

2270 3472 2353 3507 σιν
2400 3454 2594 3516 αὐτοὺς
2624 3453 2917 3523 ἑκατέρους
2957 3453 3092 3524 πρὸς
3149 3455 3369 3525 εἰρήνην
3411 3455 3671 3524 συνάψαι*
3700 3459 3753 3508 εί
3783 3439 3871 3509 ’δὲ

2268 3544 2476 3615 πλαστῇ
2508 3561 2613 3596 τινι
2670 3543 2997 3615 μεταμελείᾳ
3038 3544 3299 3616 κέχρηται
3336 3545 3365 3596 ὁ
3398 3547 3641 3617 Ἀρειος,
3690 3565 3873 3601 κατα-

2265 3635 2418 3689 λάϐοι
2453 3636 2550 3706 τὴν
2585 3633 3003 3707 Ἀλεξάνδρειαν,
3040 3637 3200 3689 κάκεῖ
3222 3636 3570 3708 περὶτούτων
3591 3639 3867 3710 κρίνοιτο.

2280 3727 2428 3779 ὐδοῦ
2453 3723 2544 3780 οὖν
2569 3727 2843 3799 πάρεργον
2870 3728 3129 3800 πρότερον
3163 3730 3219 3780 ἐν
3268 3731 3332 3799 τῇ
3369 3729 3530 3803 Τύρῳ
3556 3731 3867 3801 συναχθέν-

2266 3836 2364 3882 τας
2391 3821 2515 3883 τοὺς
2547 3821 2894 3884 ἐπισκόπους,
2936 3820 3003 3873 τὰ
3037 3820 3176 3874 κατὰ
3210 3821 3300 3875 τὸν
3334 3822 3490 3890 ἆγιον
3531 3823 3868 3879 Ἀθανάσιον

2265 3908 2667 3980 γυμνασθῆναι,
2702 3910 2795 3963 καὶ
2823 3911 2890 3963 τὰ
2920 3911 3061 3979 κατὰ
3088 3910 3301 3981 Ἀρειον
3328 3911 3869 3982 προσέταξεν,δπως

2253 4000 2353 4066 ἂν,
2382 4000 2623 4055 ἐκποδὼν
2651 4002 2945 4073 γενομένης
2992 4002 3170 4073 πάσης
3189 4002 3520 4073 ὲρεσχελέας,
3557 4006 3868 4076 εἰρηνικώ-

2265 4111 2423 4165 τερον
2466 4094 2533 4146 τά
2559 4094 2890 4165 ὲπιϐατήρια
2950 4097 3049 4165 τῆς
3085 4094 3409 4165 Ἐκκλησίας
3435 4097 3866 4165 ἐπιτελέσωσιν,

2264 4185 2644 4255 καθιεροῦντες
2667 4186 2833 4257 αὐτὴν
2854 4187 2929 4258 τῷ
2958 4185 3096 4257 Θεῷ.
3126 4188 3458 4258 Τριακοστὸν
3509 4189 3570 4242 δὲ
3591 4185 3661 4261 ἧν
3692 4191 3868 4247 τοῦτο

2265 4276 2382 4339 ἔτος
2411 4276 2510 4346 τῆς
2549 4276 2823 4345 βασιλείας
2858 4276 3283 4330 Κωνσταντίνου.
3335 4278 3598 4349 Παρῆσαν
3649 4280 3707 4333 δὲ
3764 4282 3867 4335 ἐπὶ

2263 4369 2359 4440 τὴν
2392 4369 2565 4440 Τύρον
2610 4373 2674 4423 ὲκ
2698 4370 2966 4441 διαφόρων
2998 4370 3205 4423 πόλεων
3237 4369 3524 4423 ἐπίσκοποι
3556 4371 3863 4443 ἐξήκοντα,

2263 4462 2531 4515 Διονυσίου
2562 4461 2657 4517 τοῦ
2688 4462 2951 4516 ὑπατικοῦ
2976 4464 3372 4535 συναγαγόντος
3393 4464 3614 4528 αὐτούς.
3642 4467 3866 4536 Ἤγετο

2262 4552 2317 4605 δὲ
2351 4554 2633 4624 Μακάριος
2678 4556 2706 4607 ό
2762 4552 3128 4625 πρεσϐύτερος
3169 4555 3233 4606 ὲκ
3285 4554 3386 4624 τῆς
3431 4553 3863 4629 Ἀλεξανδρείας

2266 4646 2669 4717 σιδηροδέσμιος
2726 4646 2813 4699 διά
2863 4644 3257 4716 στρατιωτικῆς
3306 4647 3507 4715 χειρὸς,
3562 4648 3863 4719 συνεδριά-

590 4742 799 4788 sarunt.
833 4731 937 4785 Sed
957 4747 1073 4785 eam
1117 4730 1442 4785 calumniam
1469 4733 1596 4801 Apis
1641 4742 1694 4787 et
1736 4732 1999 4788 Macarius
2032 4748 2155 4803 pre-

2264 4755 2453 4801 σαντος
2504 4740 2597 4792 καὶ
2643 4738 2737 4791 τοῦ
2776 4738 3030 4808 ἄρχοντος
3075 4739 3175 4808 τῆς
3210 4738 3612 4809 ὲπαρχίας,καὶ
3640 4741 3862 4813 ἑτέρων

588 4823 792 4893 sbyteri
809 4820 1176 4884 Alexandrini,
1194 4821 1283 4889 qui
1298 4820 1619 4876 Nicomedia:
1633 4833 1806 4888 erant,
1822 4824 2151 4889 exstinxere,

590 4906 970 4975 imperatorem
1024 4907 1277 4961 docentes
1313 4907 1446 4961 falsa
1493 4908 1582 4962 illa
1623 4924 1744 4965 esse
1795 4927 1914 4980 quas
1963 4922 2150 4968 contra

589 5001 939 5055 Athanasium
963 5001 1287 5056 dicerentur.
1307 5002 1484 5068 Quare
1499 5014 1840 5059 accusatores
1859 5005 2151 5075 imperator

590 5092 785 5147 litteris
840 5092 954 5145 suis
1006 5094 1339 5162 perstrinxit,
1382 5094 1646 5164 jussitque
1695 5096 2049 5151 Athanasium
2092 5112 2151 5152 se

588 5184 760 5241 adire.
785 5182 977 5238 Statim
1004 5199 1134 5254 ergo
1160 5186 1260 5240 sub
1306 5188 1516 5240 initium
1549 5187 1955 5257 disquisitionis,
1985 5189 2154 5243 tradi-

589 5275 656 5330 tis
703 5275 1069 5345 imperialibus
1101 5277 1317 5342 litteris,
1347 5277 1458 5332 Deo
1505 5293 1615 5332 rem
1668 5279 1741 5331 ita
1785 5278 2153 5346 dispensante,“

587 5366 637 5419 iu
671 5367 997 5420 anxietatem
1050 5366 1310 5419 Eusebius
1337 5376 1391 5421 et
1410 5367 1541 5420 socii
1593 5365 1795 5420 redacti
1828 5375 1972 5420 sunt.
2017 5368 2148 5422 Cum

584 5457 749 5525 igitur
778 5457 880 5511 hac
916 5457 968 5511 in
1016 5465 1169 5526 parte
1201 5456 1531 5511 excidissent
1563 5463 1925 5519 accusatores,
1960 5458 2023 5510 ad
2053 5472 2144 5510 ac-

583 5547 890 5603 cusationes
915 5558 1099 5602 contra
1136 5546 1429 5601 Macarium
1461 5553 1757 5601 vertuntur.

655 5728 729 5803 (tt)
752 5730 952 5803 Palat.,
984 5731 1340 5803 κρατύνειρ-
1368 5732 1485 5790 Mox
1534 5732 1637 5803 leg.
1665 5731 1990 5803 ἀνέτρεψε...
2050 5753 2147 5788 κα-

584 5798 761 5863 τέαξε.
796 5802 954 5854 Ευιτ.
983 5798 1222 5856 Ρλτιιοι.

654 5869 726 5941 (b)
762 5868 868 5938 ch
917 5868 1095 5931 αύτός.
1128 5872 1178 5922 In

2264 4828 2519 4880 πλειόνων
2553 4830 2610 4881 ὲν
2647 4828 2789 4881 τέλει
2809 4828 2997 4883 ὄντων.
3028 4830 3161 4882 Μετ’
3182 4830 3242 4882 ού
3272 4829 3406 4882 πολὺ
3432 4830 3684 4885 ἐκαλεῖτο
3706 4835 3863 4905 πρὸς

2258 4919 2358 4989 τῆς
2383 4920 2595 4973 συνόδου
2629 4920 2959 4985 Ἀθανάσιος,
2998 4923 3090 4975 καὶ
3109 4922 3371 4993 παρόντες
3397 4925 3447 4977 oi
3478 4927 3857 4995 συκοφάνται,

2261 5010 2473 5081 πρῶτον
2518 5010 2614 5081 μὲν
2659 5011 2727 5064 τὰ
2773 5012 2898 5083 περὶ
2950 5012 3049 5082 τῆς
3091 5012 3242 5081 λινῆς
3275 5012 3503 5083 ἐσθῆτος
3535 5015 3857 5074 διέϐαλλον.

2268 5100 2426 5153 Ἀλλὰ
2451 5101 2652 5172 ταύτην
2679 5101 2777 5173 μὲν
2803 5102 2899 5173 τὴν
2932 5102 3179 5173 διαϐολὴν
3206 5105 3413 5167 Ἀππις
3438 5104 3528 5156 καὶ
3549 5107 3860 5179 Μακάριος

2254 5191 2612 5264 πρεσϐύτεροι
2647 5193 2748 5264 τῆς
2792 5192 3176 5264 Ἀλεξανδρέων
3207 5194 3432 5256 πόλεως,
3464 5197 3533 5265 τῇ
3588 5197 3857 5271 Νικομη-

2252 5278 2369 5349 δείᾳ
2411 5280 2530 5333 τότε
2563 5282 2816 5354 τυχηρῶς
2856 5282 3266 5353 ἐπιδημοῦντες,
3302 5283 3638 5351 άπέσϐεσαν,
3667 5286 3854 5363 ψευδῆ

2248 5370 2316 5422 τὰ
2344 5371 2599 5443 λεχθέντα
2619 5374 2762 5427 κατὰ
2787 5374 2881 5428 τοῦ
2912 5376 3066 5443 ἁγίου
3105 5377 3418 5429 Ἀθανασίου
3441 5372 3585 5432 εἶναι
3619 5381 3711 5433 τὸν
3744 5383 3856 5453 βα..

2254 5460 2403 5514 σιλέα
2427 5463 2750 5529 διδάξαντες.
2782 5466 2871 5519 Διὸ
2896 5466 3004 5520 τῶν
3041 5469 3137 5538 μὲν
3169 5468 3491 5540 κατηγόρων
3511 5471 3541 5522 ὁ
3580 5471 3857 5541 βασιλεὺς

2249 5552 2336 5608 διὰ
2372 5557 2707 5626 γραμμάτων
2756 5557 3055 5627 καθήψατο·
3103 5558 3414 5613 Ἀθανάσιον
3458 5561 3516 5614 δὲ
3560 5563 3696 5634 πρὸς
3739 5567 3856 5620 αὐ-

2333 5740 2401 5801 (t‘)
2440 5738 2631 5801 Palal.,

2252 5740 2417 5859 ὖντίιῖλ
2440 5740 2899 5859 ῐέἒξμέἰυεόεξίως
2953 5743 3063 5796 καί.
3102 5742 3243 5798 Infra
3294 5743 3460 5809 idem,
3519 5744 3625 5816 τῆς
3662 5744 3851 5819 όρθὶος

2284 5825 2417 5870 ντως
2452 5810 2684 5872 πίστεως
2726 5810 2818 5863 ὢν.
