  <div class='ocr_page' id='page_1' title='image "/cluster/home/n/w/nwhite01/storage/ocr_20150623/25/hvd.32044004972428/236.png"; bbox 0 0 3990 6510; ppageno 0'>
   <div class='ocr_carea' id='block_1_1' title="bbox 1109 391 2483 476">
    <p class='ocr_par' dir='ltr' id='par_1_1' title="bbox 1109 391 2483 476">
     <span class='ocr_line' id='line_1_1' title="bbox 1109 391 2483 476; baseline -0.005 0"><span class='ocrx_word' id='word_1_1' title='bbox 1109 391 1271 476; x_wconf 76' lang='lat' dir='ltr'><strong>vtTA</strong></span> <span class='ocrx_word' id='word_1_2' title='bbox 1308 417 1365 473; x_wconf 90' lang='lat' dir='ltr'><strong>s.</strong></span> <span class='ocrx_word' id='word_1_3' title='bbox 1405 413 1781 472; x_wconf 78' lang='lat' dir='ltr'><strong>ATHANASII</strong></span> <span class='ocrx_word' id='word_1_4' title='bbox 1817 414 1912 470; x_wconf 81' lang='lat' dir='ltr'><strong>EX</strong></span> <span class='ocrx_word' id='word_1_5' title='bbox 1951 411 2483 470; x_wconf 78' lang='lat' dir='ltr'><strong>METAPHRASTE.</strong></span> 
     </span>
    </p>
   </div>
   <div class='ocr_carea' id='block_1_2' title="bbox 158 527 3412 619">
    <p class='ocr_par' dir='ltr' id='par_1_2' title="bbox 158 527 3412 619">
     <span class='ocr_line' id='line_1_2' title="bbox 158 527 3412 619; baseline -0.005 -17"><span class='ocrx_word' id='word_1_6' title='bbox 158 552 230 607; x_wconf 64' lang='grc' dir='ltr'>τὸν</span> <span class='ocrx_word' id='word_1_7' title='bbox 261 546 332 619; x_wconf 83' lang='grc' dir='ltr'><strong>(α)</strong></span> <span class='ocrx_word' id='word_1_8' title='bbox 364 545 541 599; x_wconf 79' lang='grc' dir='ltr'>ἐλθεῖν</span> <span class='ocrx_word' id='word_1_9' title='bbox 572 551 986 616; x_wconf 61' lang='grc' dir='ltr'>προετρέψατο.</span> <span class='ocrx_word' id='word_1_10' title='bbox 1017 537 1234 600; x_wconf 78' lang='grc' dir='ltr'><strong>Εὐθέως</strong></span> <span class='ocrx_word' id='word_1_11' title='bbox 1253 531 1348 590; x_wconf 79' lang='grc' dir='ltr'><strong>οὖν</strong></span> <span class='ocrx_word' id='word_1_12' title='bbox 1371 536 1429 588; x_wconf 88' lang='grc' dir='ltr'><strong>ἐν</strong></span> <span class='ocrx_word' id='word_1_13' title='bbox 1466 534 1607 604; x_wconf 82' lang='grc' dir='ltr'>ἀρχῇ</span> <span class='ocrx_word' id='word_1_14' title='bbox 1636 532 1734 602; x_wconf 82' lang='grc' dir='ltr'>τῆς</span> <span class='ocrx_word' id='word_1_15' title='bbox 1769 530 2103 602; x_wconf 85' lang='grc' dir='ltr'>ἀκροάσεως,</span> <span class='ocrx_word' id='word_1_16' title='bbox 2139 530 2247 582; x_wconf 82' lang='grc' dir='ltr'><strong>τῶν</strong></span> <span class='ocrx_word' id='word_1_17' title='bbox 2273 527 2563 598; x_wconf 82' lang='grc' dir='ltr'><strong>βασιλικῶν</strong></span> <span class='ocrx_word' id='word_1_18' title='bbox 2615 527 2955 598; x_wconf 79' lang='grc' dir='ltr'><strong>γραμμάτων</strong></span> <span class='ocrx_word' id='word_1_19' title='bbox 3016 529 3412 596; x_wconf 79' lang='grc' dir='ltr'>ἀποδοθεντων,</span> 
     </span>
    </p>
   </div>
   <div class='ocr_carea' id='block_1_3' title="bbox 158 619 3414 706">
    <p class='ocr_par' dir='ltr' id='par_1_3' title="bbox 158 619 3414 706">
     <span class='ocr_line' id='line_1_3' title="bbox 158 619 3414 706; baseline -0.009 -10"><span class='ocrx_word' id='word_1_20' title='bbox 158 643 234 696; x_wconf 74' lang='grc' dir='ltr'><strong>τοῦ</strong></span> <span class='ocrx_word' id='word_1_21' title='bbox 262 637 388 692; x_wconf 84' lang='grc' dir='ltr'>Θεοῦ</span> <span class='ocrx_word' id='word_1_22' title='bbox 434 635 620 689; x_wconf 74' lang='grc' dir='ltr'>ταῦτα</span> <span class='ocrx_word' id='word_1_23' title='bbox 696 632 1247 706; x_wconf 88' lang='grc' dir='ltr'>προευτρεπίσαντος,</span> <span class='ocrx_word' id='word_1_24' title='bbox 1300 629 1381 689; x_wconf 79' lang='grc' dir='ltr'><strong>είς</strong></span> <span class='ocrx_word' id='word_1_25' title='bbox 1434 625 1672 694; x_wconf 89' lang='grc' dir='ltr'>ἀγωνίαν</span> <span class='ocrx_word' id='word_1_26' title='bbox 1706 625 1755 676; x_wconf 76' lang='grc' dir='ltr'>οἱ</span> <span class='ocrx_word' id='word_1_27' title='bbox 1795 623 1920 694; x_wconf 74' lang='grc' dir='ltr'>περὶ</span> <span class='ocrx_word' id='word_1_28' title='bbox 1959 621 2216 674; x_wconf 83' lang='grc' dir='ltr'>Εὑσέϐιον</span> <span class='ocrx_word' id='word_1_29' title='bbox 2271 621 2366 674; x_wconf 73' lang='grc' dir='ltr'><strong>καὶ</strong></span> <span class='ocrx_word' id='word_1_30' title='bbox 2411 622 2457 673; x_wconf 79' lang='lat' dir='ltr'><strong>oi</strong></span> <span class='ocrx_word' id='word_1_31' title='bbox 2505 621 2599 672; x_wconf 83' lang='grc' dir='ltr'><strong>σὺν</strong></span> <span class='ocrx_word' id='word_1_32' title='bbox 2633 619 2780 689; x_wconf 81' lang='grc' dir='ltr'>αὐτῷ</span> <span class='ocrx_word' id='word_1_33' title='bbox 2820 622 3250 692; x_wconf 82' lang='grc' dir='ltr'>φρατριάσαντες</span> <span class='ocrx_word' id='word_1_34' title='bbox 3277 641 3414 679; x_wconf 79' lang='grc' dir='ltr'>κατ-</span> 
     </span>
    </p>
   </div>
   <div class='ocr_carea' id='block_1_4' title="bbox 160 712 3416 802">
    <p class='ocr_par' dir='ltr' id='par_1_4' title="bbox 160 712 3416 802">
     <span class='ocr_line' id='line_1_4' title="bbox 160 712 3416 802; baseline -0.004 -15"><span class='ocrx_word' id='word_1_35' title='bbox 160 735 381 802; x_wconf 79' lang='grc' dir='ltr'>έστησαν.</span> <span class='ocrx_word' id='word_1_36' title='bbox 416 728 633 781; x_wconf 79' lang='grc' dir='ltr'>Τούτου</span> <span class='ocrx_word' id='word_1_37' title='bbox 688 724 785 782; x_wconf 77' lang='grc' dir='ltr'>οὖν</span> <span class='ocrx_word' id='word_1_38' title='bbox 826 727 921 781; x_wconf 76' lang='grc' dir='ltr'><strong>τοῦ</strong></span> <span class='ocrx_word' id='word_1_39' title='bbox 958 726 1152 798; x_wconf 83' lang='grc' dir='ltr'>μέρους</span> <span class='ocrx_word' id='word_1_40' title='bbox 1202 719 1527 782; x_wconf 73' lang='grc' dir='ltr'><strong>ἐκπεσόντες</strong></span> <span class='ocrx_word' id='word_1_41' title='bbox 1571 720 1620 771; x_wconf 78' lang='lat' dir='ltr'><strong>oi</strong></span> <span class='ocrx_word' id='word_1_42' title='bbox 1659 717 1978 788; x_wconf 87' lang='grc' dir='ltr'>κατήγοροι,</span> <span class='ocrx_word' id='word_1_43' title='bbox 2029 717 2121 768; x_wconf 78' lang='grc' dir='ltr'><strong>ἐπὶ</strong></span> <span class='ocrx_word' id='word_1_44' title='bbox 2160 718 2280 779; x_wconf 87' lang='grc' dir='ltr'>ταῖς</span> <span class='ocrx_word' id='word_1_45' title='bbox 2356 712 2499 768; x_wconf 88' lang='grc' dir='ltr'><strong>κατά</strong></span> <span class='ocrx_word' id='word_1_46' title='bbox 2565 712 2659 765; x_wconf 81' lang='grc' dir='ltr'>τοῦ</span> <span class='ocrx_word' id='word_1_47' title='bbox 2722 714 3008 786; x_wconf 87' lang='grc' dir='ltr'>Μακαρίου</span> <span class='ocrx_word' id='word_1_48' title='bbox 3059 719 3416 791; x_wconf 78' lang='grc' dir='ltr'><strong>κατηγορίαις</strong></span> 
     </span>
    </p>
   </div>
   <div class='ocr_carea' id='block_1_5' title="bbox 163 831 440 880">
    <p class='ocr_par' dir='ltr' id='par_1_5' title="bbox 163 831 440 880">
     <span class='ocr_line' id='line_1_5' title="bbox 163 831 440 880; baseline -0.014 0"><span class='ocrx_word' id='word_1_49' title='bbox 163 831 440 880; x_wconf 79' lang='grc' dir='ltr'>ἐτρέποντο.</span> 
     </span>
    </p>
   </div>
   <div class='ocr_carea' id='block_1_6' title="bbox 213 826 1747 986">
    <p class='ocr_par' dir='ltr' id='par_1_6' title="bbox 213 826 1736 986">
     <span class='ocr_line' id='line_1_6' title="bbox 269 841 440 876; baseline 0 0"><span class='ocrx_word' id='word_1_50' title='bbox 269 841 440 876; x_wconf 82' lang='grc' dir='ltr'>ποντο.</span> 
     </span>
     <span class='ocr_line' id='line_1_7' title="bbox 213 826 1736 986; baseline -0.01 -16"><span class='ocrx_word' id='word_1_51' title='bbox 213 826 388 972; x_wconf 54' lang='grc' dir='ltr'><strong>ίῗιίαλ.</strong></span> <span class='ocrx_word' id='word_1_52' title='bbox 430 915 661 986; x_wconf 84' lang='grc' dir='ltr'>πρῶτον</span> <span class='ocrx_word' id='word_1_53' title='bbox 699 915 802 986; x_wconf 83' lang='grc' dir='ltr'><strong>μὲν</strong></span> <span class='ocrx_word' id='word_1_54' title='bbox 849 911 1162 974; x_wconf 80' lang='grc' dir='ltr'>Ἀθανάσιος</span> <span class='ocrx_word' id='word_1_55' title='bbox 1201 911 1229 962; x_wconf 87' lang='grc' dir='ltr'>ὁ</span> <span class='ocrx_word' id='word_1_56' title='bbox 1277 908 1449 979; x_wconf 80' lang='grc' dir='ltr'><strong>μέγας</strong></span> <span class='ocrx_word' id='word_1_57' title='bbox 1490 903 1736 975; x_wconf 76' lang='grc' dir='ltr'><strong>νομίμως</strong></span> 
     </span>
    </p>
   </div>
   <div class='ocr_carea' id='block_1_7' title="bbox 1854 826 3416 986">
    <p class='ocr_par' dir='ltr' id='par_1_7' title="bbox 1909 890 3416 964">
     <span class='ocr_line' id='line_1_8' title="bbox 1909 890 3416 964; baseline -0.007 -12"><span class='ocrx_word' id='word_1_58' title='bbox 1909 899 1965 952; x_wconf 73' lang='grc'><strong>4.</strong></span> <span class='ocrx_word' id='word_1_59' title='bbox 1991 896 2051 950; x_wconf 83' lang='grc' dir='ltr'>Ει</span> <span class='ocrx_word' id='word_1_60' title='bbox 2070 894 2300 964; x_wconf 84' lang='lat' dir='ltr'><strong>primum</strong></span> <span class='ocrx_word' id='word_1_61' title='bbox 2320 891 2536 962; x_wconf 88' lang='lat' dir='ltr'><strong>quidem</strong></span> <span class='ocrx_word' id='word_1_62' title='bbox 2555 891 2881 945; x_wconf 77' lang='lat' dir='ltr'><strong>Athanasius</strong></span> <span class='ocrx_word' id='word_1_63' title='bbox 2901 890 2986 945; x_wconf 89' lang='lat' dir='ltr'><strong>ille</strong></span> <span class='ocrx_word' id='word_1_64' title='bbox 3004 907 3228 962; x_wconf 74' lang='lat' dir='ltr'><strong>magnus</strong></span> <span class='ocrx_word' id='word_1_65' title='bbox 3246 895 3416 954; x_wconf 75' lang='lat' dir='ltr'><strong>Ense.</strong></span> 
     </span>
    </p>
   </div>
   <div class='ocr_carea' id='block_1_8' title="bbox 3195 430 3405 473">
    <p class='ocr_par' dir='ltr' id='par_1_8' title="bbox 3195 430 3405 473">
     <span class='ocr_line' id='line_1_9' title="bbox 3195 430 3405 473; baseline -0.01 0"><span class='ocrx_word' id='word_1_66' title='bbox 3195 430 3405 473; x_wconf 74' lang='lat' dir='ltr'><strong>CCXXVII</strong></span> 
     </span>
    </p>
   </div>
   <div class='ocr_carea' id='block_1_9' title="bbox 164 995 1736 1080">
    <p class='ocr_par' dir='ltr' id='par_1_9' title="bbox 164 995 1736 1080">
     <span class='ocr_line' id='line_1_10' title="bbox 164 995 1736 1080; baseline -0.013 -15"><span class='ocrx_word' id='word_1_67' title='bbox 164 1014 264 1074; x_wconf 67' lang='grc' dir='ltr'>τοὺς</span> <span class='ocrx_word' id='word_1_68' title='bbox 293 1009 414 1080; x_wconf 72' lang='grc' dir='ltr'>περὶ</span> <span class='ocrx_word' id='word_1_69' title='bbox 444 1008 722 1061; x_wconf 85' lang='grc' dir='ltr'>Εύσέϐιον</span> <span class='ocrx_word' id='word_1_70' title='bbox 765 1007 844 1069; x_wconf 86' lang='grc' dir='ltr'>ὠς</span> <span class='ocrx_word' id='word_1_71' title='bbox 859 1004 1081 1077; x_wconf 77' lang='grc' dir='ltr'>ἐχθροὺς</span> <span class='ocrx_word' id='word_1_72' title='bbox 1109 999 1512 1072; x_wconf 68' lang='grc' dir='ltr'>παρεγράφετο*</span> <span class='ocrx_word' id='word_1_73' title='bbox 1548 995 1736 1048; x_wconf 77' lang='grc' dir='ltr'>ἔπειτα</span> 
     </span>
    </p>
   </div>
   <div class='ocr_carea' id='block_1_10' title="bbox 165 1085 1741 1169">
    <p class='ocr_par' dir='ltr' id='par_1_10' title="bbox 165 1085 1741 1169">
     <span class='ocr_line' id='line_1_11' title="bbox 165 1085 1741 1169; baseline -0.012 -13"><span class='ocrx_word' id='word_1_74' title='bbox 165 1099 454 1161; x_wconf 77' lang='grc' dir='ltr'>δείκνυσθαι,</span> <span class='ocrx_word' id='word_1_75' title='bbox 480 1100 531 1150; x_wconf 91' lang='grc' dir='ltr'><strong>εί</strong></span> <span class='ocrx_word' id='word_1_76' title='bbox 563 1101 594 1152; x_wconf 87' lang='grc' dir='ltr'><strong>ό</strong></span> <span class='ocrx_word' id='word_1_77' title='bbox 637 1099 953 1169; x_wconf 85' lang='grc' dir='ltr'>κατήγορος</span> <span class='ocrx_word' id='word_1_78' title='bbox 991 1093 1238 1164; x_wconf 75' lang='grc' dir='ltr'>’ἰσχυρᾶς</span> <span class='ocrx_word' id='word_1_79' title='bbox 1267 1089 1484 1161; x_wconf 86' lang='grc' dir='ltr'>ἀληθῶς</span> <span class='ocrx_word' id='word_1_80' title='bbox 1508 1085 1741 1158; x_wconf 86' lang='grc' dir='ltr'>πρεσϐύ-</span> 
     </span>
    </p>
   </div>
   <div class='ocr_carea' id='block_1_11' title="bbox 166 1180 1741 1263">
    <p class='ocr_par' dir='ltr' id='par_1_11' title="bbox 166 1180 1741 1263">
     <span class='ocr_line' id='line_1_12' title="bbox 166 1180 1741 1263; baseline -0.008 -19"><span class='ocrx_word' id='word_1_81' title='bbox 166 1209 292 1263; x_wconf 65' lang='lat' dir='ltr'><strong>rapo;</strong></span> <span class='ocrx_word' id='word_1_82' title='bbox 324 1191 423 1260; x_wconf 74' lang='grc' dir='ltr'>εἴη.</span> <span class='ocrx_word' id='word_1_83' title='bbox 459 1188 628 1242; x_wconf 80' lang='grc' dir='ltr'>Οὖτω</span> <span class='ocrx_word' id='word_1_84' title='bbox 666 1188 781 1259; x_wconf 89' lang='grc' dir='ltr'><strong>γάρ</strong></span> <span class='ocrx_word' id='word_1_85' title='bbox 829 1187 923 1240; x_wconf 72' lang='grc' dir='ltr'><strong>καὶ</strong></span> <span class='ocrx_word' id='word_1_86' title='bbox 955 1187 1010 1237; x_wconf 86' lang='grc' dir='ltr'><strong>ἐν</strong></span> <span class='ocrx_word' id='word_1_87' title='bbox 1034 1186 1100 1254; x_wconf 81' lang='grc' dir='ltr'>τῇ</span> <span class='ocrx_word' id='word_1_88' title='bbox 1122 1181 1426 1253; x_wconf 72' lang='grc' dir='ltr'>κατηγορίᾳ</span> <span class='ocrx_word' id='word_1_89' title='bbox 1447 1180 1741 1252; x_wconf 83' lang='grc' dir='ltr'>ἐνεγέγρα-</span> 
     </span>
    </p>
   </div>
   <div class='ocr_carea' id='block_1_12' title="bbox 168 1271 1739 1346">
    <p class='ocr_par' dir='ltr' id='par_1_12' title="bbox 168 1271 1739 1346">
     <span class='ocr_line' id='line_1_13' title="bbox 168 1271 1739 1346; baseline -0.008 -10"><span class='ocrx_word' id='word_1_90' title='bbox 168 1301 263 1336; x_wconf 81' lang='grc' dir='ltr'>πτο.</span> <span class='ocrx_word' id='word_1_91' title='bbox 294 1281 505 1334; x_wconf 79' lang='grc' dir='ltr'>Τούτων</span> <span class='ocrx_word' id='word_1_92' title='bbox 534 1280 594 1332; x_wconf 84' lang='grc' dir='ltr'>δὲ</span> <span class='ocrx_word' id='word_1_93' title='bbox 619 1279 826 1332; x_wconf 77' lang='grc' dir='ltr'>οὐδένα</span> <span class='ocrx_word' id='word_1_94' title='bbox 850 1278 1005 1346; x_wconf 88' lang='grc' dir='ltr'>λόγον</span> <span class='ocrx_word' id='word_1_95' title='bbox 1019 1277 1068 1328; x_wconf 81' lang='grc' dir='ltr'>οἱ</span> <span class='ocrx_word' id='word_1_96' title='bbox 1096 1275 1281 1346; x_wconf 71' lang='grc' dir='ltr'>κριταὶ</span> <span class='ocrx_word' id='word_1_97' title='bbox 1302 1272 1598 1326; x_wconf 83' lang='grc' dir='ltr'>ἐποιοῦντο·</span> <span class='ocrx_word' id='word_1_98' title='bbox 1624 1271 1739 1326; x_wconf 80' lang='grc' dir='ltr'>ἀλλ’</span> 
     </span>
    </p>
   </div>
   <div class='ocr_carea' id='block_1_13' title="bbox 169 1365 1740 1444">
    <p class='ocr_par' dir='ltr' id='par_1_13' title="bbox 169 1365 1740 1444">
     <span class='ocr_line' id='line_1_14' title="bbox 169 1365 1740 1444; baseline -0.006 -17"><span class='ocrx_word' id='word_1_99' title='bbox 169 1373 356 1444; x_wconf 77' lang='grc' dir='ltr'><strong>εἰσήχθη</strong></span> <span class='ocrx_word' id='word_1_100' title='bbox 389 1374 488 1443; x_wconf 85' lang='grc' dir='ltr'><strong>μὲν</strong></span> <span class='ocrx_word' id='word_1_101' title='bbox 523 1375 560 1443; x_wconf 78' lang='grc' dir='ltr'>ἡ</span> <span class='ocrx_word' id='word_1_102' title='bbox 622 1372 774 1425; x_wconf 85' lang='grc' dir='ltr'><strong>κατά</strong></span> <span class='ocrx_word' id='word_1_103' title='bbox 803 1371 1089 1441; x_wconf 86' lang='grc' dir='ltr'>Μακαρίου</span> <span class='ocrx_word' id='word_1_104' title='bbox 1115 1369 1260 1438; x_wconf 86' lang='grc' dir='ltr'>δίκη·</span> <span class='ocrx_word' id='word_1_105' title='bbox 1289 1365 1668 1436; x_wconf 84' lang='grc' dir='ltr'>ἀτονησάντων</span> <span class='ocrx_word' id='word_1_106' title='bbox 1683 1365 1740 1418; x_wconf 83' lang='grc' dir='ltr'><strong>δὲ</strong></span> 
     </span>
    </p>
   </div>
   <div class='ocr_carea' id='block_1_14' title="bbox 167 1456 1738 1535">
    <p class='ocr_par' dir='ltr' id='par_1_14' title="bbox 167 1456 1738 1535">
     <span class='ocr_line' id='line_1_15' title="bbox 167 1456 1738 1535; baseline -0.006 -16"><span class='ocrx_word' id='word_1_107' title='bbox 167 1466 251 1519; x_wconf 84' lang='grc' dir='ltr'><strong>τῶν</strong></span> <span class='ocrx_word' id='word_1_108' title='bbox 273 1465 526 1534; x_wconf 81' lang='grc' dir='ltr'>ἐλέγχων,</span> <span class='ocrx_word' id='word_1_109' title='bbox 570 1463 884 1535; x_wconf 80' lang='grc' dir='ltr'>ὑπέρθεσιν</span> <span class='ocrx_word' id='word_1_110' title='bbox 929 1461 1287 1532; x_wconf 78' lang='grc' dir='ltr'>ἐλάμϐανενὴ</span> <span class='ocrx_word' id='word_1_111' title='bbox 1339 1459 1622 1528; x_wconf 85' lang='grc' dir='ltr'>ἀκρόασις,</span> <span class='ocrx_word' id='word_1_112' title='bbox 1653 1456 1738 1524; x_wconf 81' lang='grc' dir='ltr'><strong>ἐφ’</strong></span> 
     </span>
    </p>
   </div>
   <div class='ocr_carea' id='block_1_15' title="bbox 169 1549 1738 1629">
    <p class='ocr_par' dir='ltr' id='par_1_15' title="bbox 169 1549 1738 1629">
     <span class='ocr_line' id='line_1_16' title="bbox 169 1549 1738 1629; baseline -0.007 -17"><span class='ocrx_word' id='word_1_113' title='bbox 169 1555 271 1628; x_wconf 78' lang='grc' dir='ltr'><strong>ᾧτε</strong></span> <span class='ocrx_word' id='word_1_114' title='bbox 286 1557 699 1629; x_wconf 74' lang='grc' dir='ltr'>παραγενέσθαι</span> <span class='ocrx_word' id='word_1_115' title='bbox 731 1558 831 1609; x_wconf 71' lang='grc' dir='ltr'>ἐπὶ</span> <span class='ocrx_word' id='word_1_116' title='bbox 858 1555 950 1608; x_wconf 83' lang='grc' dir='ltr'><strong>τὸν</strong></span> <span class='ocrx_word' id='word_1_117' title='bbox 978 1552 1284 1625; x_wconf 85' lang='grc' dir='ltr'>Μαρεώτην</span> <span class='ocrx_word' id='word_1_118' title='bbox 1318 1551 1489 1613; x_wconf 81' lang='grc' dir='ltr'>τινάς,</span> <span class='ocrx_word' id='word_1_119' title='bbox 1523 1551 1612 1603; x_wconf 87' lang='grc' dir='ltr'><strong>ἵνα</strong></span> <span class='ocrx_word' id='word_1_120' title='bbox 1646 1549 1738 1602; x_wconf 74' lang='grc' dir='ltr'><strong>ἐπὶ</strong></span> 
     </span>
    </p>
   </div>
   <div class='ocr_carea' id='block_1_16' title="bbox 169 1639 1740 1718">
    <p class='ocr_par' dir='ltr' id='par_1_16' title="bbox 169 1639 1740 1718">
     <span class='ocr_line' id='line_1_17' title="bbox 169 1639 1740 1718; baseline -0.007 -17"><span class='ocrx_word' id='word_1_121' title='bbox 169 1651 237 1702; x_wconf 74' lang='grc' dir='ltr'><strong>τὸν</strong></span> <span class='ocrx_word' id='word_1_122' title='bbox 276 1649 428 1700; x_wconf 82' lang='grc' dir='ltr'>τόπον</span> <span class='ocrx_word' id='word_1_123' title='bbox 483 1646 769 1718; x_wconf 79' lang='grc' dir='ltr'>ζητηθείη</span> <span class='ocrx_word' id='word_1_124' title='bbox 827 1646 898 1698; x_wconf 78' lang='grc' dir='ltr'>τὰ</span> <span class='ocrx_word' id='word_1_125' title='bbox 937 1643 1232 1714; x_wconf 74' lang='grc' dir='ltr'>ἀμφίϐολα.</span> <span class='ocrx_word' id='word_1_126' title='bbox 1289 1641 1374 1704; x_wconf 82' lang='grc' dir='ltr'>Ὠς</span> <span class='ocrx_word' id='word_1_127' title='bbox 1419 1641 1476 1692; x_wconf 84' lang='grc' dir='ltr'>δὲ</span> <span class='ocrx_word' id='word_1_128' title='bbox 1515 1641 1542 1692; x_wconf 88' lang='grc' dir='ltr'>ὁ</span> <span class='ocrx_word' id='word_1_129' title='bbox 1585 1639 1740 1707; x_wconf 75' lang='grc' dir='ltr'>ἅγιος</span> 
     </span>
    </p>
   </div>
   <div class='ocr_carea' id='block_1_17' title="bbox 177 1731 1737 1809">
    <p class='ocr_par' dir='ltr' id='par_1_17' title="bbox 177 1731 1737 1809">
     <span class='ocr_line' id='line_1_18' title="bbox 177 1731 1737 1809; baseline -0.008 -15"><span class='ocrx_word' id='word_1_130' title='bbox 177 1740 455 1802; x_wconf 80' lang='grc' dir='ltr'>Ἀθανάσιος</span> <span class='ocrx_word' id='word_1_131' title='bbox 499 1738 912 1809; x_wconf 85' lang='grc' dir='ltr'>πεμπομένους</span> <span class='ocrx_word' id='word_1_132' title='bbox 965 1733 1130 1799; x_wconf 78' lang='grc' dir='ltr'>εἶδεν,</span> <span class='ocrx_word' id='word_1_133' title='bbox 1186 1732 1279 1796; x_wconf 78' lang='grc' dir='ltr'><strong>οὓς</strong></span> <span class='ocrx_word' id='word_1_134' title='bbox 1327 1731 1737 1803; x_wconf 69' lang='grc' dir='ltr'>παρεγράψατο,</span> 
     </span>
    </p>
   </div>
   <div class='ocr_carea' id='block_1_18' title="bbox 167 1823 1736 1904">
    <p class='ocr_par' dir='ltr' id='par_1_18' title="bbox 167 1823 1736 1904">
     <span class='ocr_line' id='line_1_19' title="bbox 167 1823 1736 1904; baseline -0.007 -18"><span class='ocrx_word' id='word_1_135' title='bbox 167 1834 396 1901; x_wconf 84' lang='grc' dir='ltr'>Θεόγνιον,</span> <span class='ocrx_word' id='word_1_136' title='bbox 433 1832 652 1904; x_wconf 78' lang='grc' dir='ltr'>Μάριν,</span> <span class='ocrx_word' id='word_1_137' title='bbox 681 1831 985 1902; x_wconf 83' lang='grc' dir='ltr'>Θεόδωρον,</span> <span class='ocrx_word' id='word_1_138' title='bbox 1028 1826 1378 1886; x_wconf 81' lang='grc' dir='ltr'>Μακεδόνων,</span> <span class='ocrx_word' id='word_1_139' title='bbox 1411 1823 1736 1895; x_wconf 84' lang='grc' dir='ltr'>υύρσάκιον,</span> 
     </span>
    </p>
   </div>
   <div class='ocr_carea' id='block_1_19' title="bbox 168 1915 1738 1995">
    <p class='ocr_par' dir='ltr' id='par_1_19' title="bbox 168 1915 1738 1995">
     <span class='ocr_line' id='line_1_20' title="bbox 168 1915 1738 1995; baseline -0.008 -16"><span class='ocrx_word' id='word_1_140' title='bbox 168 1926 268 1979; x_wconf 75' lang='grc' dir='ltr'>ἐϐόα</span> <span class='ocrx_word' id='word_1_141' title='bbox 317 1925 628 1995; x_wconf 84' lang='grc' dir='ltr'>σκαιωρίαν</span> <span class='ocrx_word' id='word_1_142' title='bbox 662 1920 812 1976; x_wconf 76' lang='grc' dir='ltr'>εἶναι</span> <span class='ocrx_word' id='word_1_143' title='bbox 842 1924 937 1975; x_wconf 78' lang='grc' dir='ltr'><strong>καὶ</strong></span> <span class='ocrx_word' id='word_1_144' title='bbox 984 1921 1132 1975; x_wconf 83' lang='grc' dir='ltr'>δόλον</span> <span class='ocrx_word' id='word_1_145' title='bbox 1161 1919 1252 1995; x_wconf 62' lang='grc' dir='ltr'><strong>τξὶιΔ</strong></span> <span class='ocrx_word' id='word_1_146' title='bbox 1280 1919 1540 1988; x_wconf 89' lang='grc' dir='ltr'>γινόμενα</span> <span class='ocrx_word' id='word_1_147' title='bbox 1567 1933 1582 1948; x_wconf 73' lang='grc' dir='ltr'><strong>ο</strong></span> <span class='ocrx_word' id='word_1_148' title='bbox 1616 1915 1738 1968; x_wconf 79' lang='grc' dir='ltr'>οὐδὲ</span> 
     </span>
    </p>
   </div>
   <div class='ocr_carea' id='block_1_20' title="bbox 168 1993 1740 2087">
    <p class='ocr_par' dir='ltr' id='par_1_20' title="bbox 168 1993 1740 2087">
     <span class='ocr_line' id='line_1_21' title="bbox 168 1993 1740 2087; baseline -0.007 -18"><span class='ocrx_word' id='word_1_149' title='bbox 168 2018 252 2087; x_wconf 75' lang='grc' dir='ltr'>γὰρ</span> <span class='ocrx_word' id='word_1_150' title='bbox 275 2016 472 2070; x_wconf 84' lang='grc' dir='ltr'>δίκαιον</span> <span class='ocrx_word' id='word_1_151' title='bbox 506 2012 660 2069; x_wconf 79' lang='grc' dir='ltr'>εἶναι</span> <span class='ocrx_word' id='word_1_152' title='bbox 693 2013 991 2084; x_wconf 64' lang='grc' dir='ltr'>Μακάρων</span> <span class='ocrx_word' id='word_1_153' title='bbox 1026 2011 1122 2082; x_wconf 79' lang='grc' dir='ltr'><strong>μὲν</strong></span> <span class='ocrx_word' id='word_1_154' title='bbox 1157 1993 1252 2064; x_wconf 73' lang='grc' dir='ltr'>τὸν</span> <span class='ocrx_word' id='word_1_155' title='bbox 1278 2007 1648 2080; x_wconf 80' lang='grc' dir='ltr'>πρεσϐύτερον</span> <span class='ocrx_word' id='word_1_156' title='bbox 1683 2008 1740 2059; x_wconf 86' lang='grc' dir='ltr'><strong>ἐν</strong></span> 
     </span>
    </p>
   </div>
   <div class='ocr_carea' id='block_1_21' title="bbox 167 2098 1741 2178">
    <p class='ocr_par' dir='ltr' id='par_1_21' title="bbox 167 2098 1741 2178">
     <span class='ocr_line' id='line_1_22' title="bbox 167 2098 1741 2178; baseline -0.008 -17"><span class='ocrx_word' id='word_1_157' title='bbox 167 2109 344 2178; x_wconf 79' lang='grc' dir='ltr'>δεσμοῖς</span> <span class='ocrx_word' id='word_1_158' title='bbox 393 2105 556 2171; x_wconf 76' lang='grc' dir='ltr'>εἶναι,</span> <span class='ocrx_word' id='word_1_159' title='bbox 617 2107 715 2160; x_wconf 73' lang='grc' dir='ltr'>τὸν</span> <span class='ocrx_word' id='word_1_160' title='bbox 751 2105 1156 2174; x_wconf 43' lang='grc' dir='ltr'>δὲνκατήγορον</span> <span class='ocrx_word' id='word_1_161' title='bbox 1204 2101 1320 2172; x_wconf 73' lang='grc' dir='ltr'><strong>ἅμα</strong></span> <span class='ocrx_word' id='word_1_162' title='bbox 1370 2103 1482 2162; x_wconf 88' lang='grc' dir='ltr'>τοῖς</span> <span class='ocrx_word' id='word_1_163' title='bbox 1528 2098 1741 2169; x_wconf 86' lang='grc' dir='ltr'>ἐχθροῖς</span> 
     </span>
    </p>
   </div>
   <div class='ocr_carea' id='block_1_22' title="bbox 167 2188 1740 2270">
    <p class='ocr_par' dir='ltr' id='par_1_22' title="bbox 167 2188 1740 2270">
     <span class='ocr_line' id='line_1_23' title="bbox 167 2188 1740 2270; baseline -0.008 -16"><span class='ocrx_word' id='word_1_164' title='bbox 167 2202 364 2265; x_wconf 77' lang='grc' dir='ltr'>ἀπιέναι,</span> <span class='ocrx_word' id='word_1_165' title='bbox 415 2202 500 2270; x_wconf 79' lang='grc' dir='ltr'><strong>ἐφ’</strong></span> <span class='ocrx_word' id='word_1_166' title='bbox 528 2194 580 2268; x_wconf 83' lang='grc' dir='ltr'><strong>ᾧ</strong></span> <span class='ocrx_word' id='word_1_167' title='bbox 609 2218 670 2252; x_wconf 90' lang='grc' dir='ltr'><strong>τε</strong></span> <span class='ocrx_word' id='word_1_168' title='bbox 705 2201 774 2252; x_wconf 81' lang='grc' dir='ltr'><strong>ἐκ</strong></span> <span class='ocrx_word' id='word_1_169' title='bbox 819 2195 1150 2268; x_wconf 65' lang='grc' dir='ltr'>μοινομεροῦς</span> <span class='ocrx_word' id='word_1_170' title='bbox 1180 2193 1377 2265; x_wconf 78' lang='grc' dir='ltr'>πρᾶξιν</span> <span class='ocrx_word' id='word_1_171' title='bbox 1411 2188 1740 2262; x_wconf 82' lang='grc' dir='ltr'>ὑπομνημά-</span> 
     </span>
    </p>
   </div>
   <div class='ocr_carea' id='block_1_23' title="bbox 170 2281 1744 2365">
    <p class='ocr_par' dir='ltr' id='par_1_23' title="bbox 170 2281 1744 2365">
     <span class='ocr_line' id='line_1_24' title="bbox 170 2281 1744 2365; baseline -0.009 -17"><span class='ocrx_word' id='word_1_172' title='bbox 170 2313 252 2348; x_wconf 69' lang='grc' dir='ltr'><strong>ιων</strong></span> <span class='ocrx_word' id='word_1_173' title='bbox 277 2296 343 2365; x_wconf 86' lang='lat' dir='ltr'><strong>(b)</strong></span> <span class='ocrx_word' id='word_1_174' title='bbox 378 2293 756 2365; x_wconf 79' lang='grc' dir='ltr'>ποιήσασθαι.</span> <span class='ocrx_word' id='word_1_175' title='bbox 795 2289 981 2356; x_wconf 71' lang='grc' dir='ltr'>Ταῦτα</span> <span class='ocrx_word' id='word_1_176' title='bbox 1017 2288 1248 2359; x_wconf 82' lang='grc' dir='ltr'>βοῶντος</span> <span class='ocrx_word' id='word_1_177' title='bbox 1271 2285 1362 2340; x_wconf 75' lang='grc' dir='ltr'><strong>τοῦ</strong></span> <span class='ocrx_word' id='word_1_178' title='bbox 1396 2286 1550 2353; x_wconf 81' lang='grc' dir='ltr'>ἁγίου</span> <span class='ocrx_word' id='word_1_179' title='bbox 1586 2281 1744 2334; x_wconf 84' lang='grc' dir='ltr'>Ἀθα-</span> 
     </span>
    </p>
   </div>
   <div class='ocr_carea' id='block_1_24' title="bbox 164 2374 1740 2457">
    <p class='ocr_par' dir='ltr' id='par_1_24' title="bbox 164 2374 1740 2457">
     <span class='ocr_line' id='line_1_25' title="bbox 164 2374 1740 2457; baseline -0.009 -18"><span class='ocrx_word' id='word_1_180' title='bbox 164 2388 329 2451; x_wconf 68' lang='lat' dir='ltr'><strong>vectae,</strong></span> <span class='ocrx_word' id='word_1_181' title='bbox 347 2388 440 2442; x_wconf 74' lang='grc' dir='ltr'><strong>καὶ</strong></span> <span class='ocrx_word' id='word_1_182' title='bbox 460 2387 758 2457; x_wconf 76' lang='grc' dir='ltr'>διαμαρτυ</span> <span class='ocrx_word' id='word_1_183' title='bbox 769 2381 1032 2455; x_wconf 83' lang='grc' dir='ltr'>ρουμένου</span> <span class='ocrx_word' id='word_1_184' title='bbox 1059 2380 1118 2433; x_wconf 81' lang='grc' dir='ltr'><strong>τὸ</strong></span> <span class='ocrx_word' id='word_1_185' title='bbox 1144 2378 1322 2433; x_wconf 81' lang='grc' dir='ltr'>κοινὸν</span> <span class='ocrx_word' id='word_1_186' title='bbox 1371 2376 1470 2446; x_wconf 78' lang='grc' dir='ltr'>τῆς</span> <span class='ocrx_word' id='word_1_187' title='bbox 1500 2374 1740 2436; x_wconf 84' lang='grc' dir='ltr'>συνόδου,</span> 
     </span>
    </p>
   </div>
   <div class='ocr_carea' id='block_1_25' title="bbox 161 2466 1744 2538">
    <p class='ocr_par' dir='ltr' id='par_1_25' title="bbox 161 2466 1744 2538">
     <span class='ocr_line' id='line_1_26' title="bbox 161 2466 1744 2538; baseline -0.008 -6"><span class='ocrx_word' id='word_1_188' title='bbox 161 2482 231 2532; x_wconf 74' lang='grc' dir='ltr'><strong>καὶ</strong></span> <span class='ocrx_word' id='word_1_189' title='bbox 267 2479 552 2533; x_wconf 65' lang='grc' dir='ltr'>Διονύσιοι)</span> <span class='ocrx_word' id='word_1_190' title='bbox 601 2478 696 2530; x_wconf 75' lang='grc' dir='ltr'><strong>τὸν</strong></span> <span class='ocrx_word' id='word_1_191' title='bbox 742 2473 1034 2535; x_wconf 79' lang='grc' dir='ltr'>ὑπατικὸν,</span> <span class='ocrx_word' id='word_1_192' title='bbox 1073 2471 1149 2534; x_wconf 84' lang='grc' dir='ltr'>ὡς</span> <span class='ocrx_word' id='word_1_193' title='bbox 1177 2467 1279 2523; x_wconf 81' lang='grc' dir='ltr'>εἶδε</span> <span class='ocrx_word' id='word_1_194' title='bbox 1339 2467 1541 2538; x_wconf 78' lang='grc' dir='ltr'>μηδένα</span> <span class='ocrx_word' id='word_1_195' title='bbox 1587 2466 1744 2535; x_wconf 89' lang='grc' dir='ltr'>λόγον</span> 
     </span>
    </p>
   </div>
   <div class='ocr_carea' id='block_1_26' title="bbox 162 2556 1745 2630">
    <p class='ocr_par' dir='ltr' id='par_1_26' title="bbox 162 2556 1745 2630">
     <span class='ocr_line' id='line_1_27' title="bbox 162 2556 1745 2630; baseline -0.008 -8"><span class='ocrx_word' id='word_1_196' title='bbox 162 2572 322 2623; x_wconf 72' lang='grc' dir='ltr'>τούτων</span> <span class='ocrx_word' id='word_1_197' title='bbox 348 2569 674 2630; x_wconf 63' lang='grc' dir='ltr'>ποιεῖς-θαι,</span> <span class='ocrx_word' id='word_1_198' title='bbox 709 2565 914 2627; x_wconf 76' lang='grc' dir='ltr'>αὐτοὺς</span> <span class='ocrx_word' id='word_1_199' title='bbox 942 2560 1200 2616; x_wconf 86' lang='grc' dir='ltr'>διαλιπὼν</span> <span class='ocrx_word' id='word_1_200' title='bbox 1243 2557 1582 2630; x_wconf 83' lang='grc' dir='ltr'>ἀνεχώρησε,</span> <span class='ocrx_word' id='word_1_201' title='bbox 1651 2556 1745 2610; x_wconf 73' lang='grc' dir='ltr'><strong>καὶ</strong></span> 
     </span>
    </p>
   </div>
   <div class='ocr_carea' id='block_1_27' title="bbox 164 2644 1744 2732">
    <p class='ocr_par' dir='ltr' id='par_1_27' title="bbox 164 2644 1744 2732">
     <span class='ocr_line' id='line_1_28' title="bbox 164 2644 1744 2732; baseline -0.01 -18"><span class='ocrx_word' id='word_1_202' title='bbox 164 2660 269 2732; x_wconf 71' lang='grc' dir='ltr'>πρὸς</span> <span class='ocrx_word' id='word_1_203' title='bbox 290 2661 369 2713; x_wconf 72' lang='grc' dir='ltr'><strong>τὸν</strong></span> <span class='ocrx_word' id='word_1_204' title='bbox 402 2659 655 2730; x_wconf 78' lang='grc' dir='ltr'>βασιλέα</span> <span class='ocrx_word' id='word_1_205' title='bbox 696 2655 1024 2725; x_wconf 89' lang='grc' dir='ltr'>ἀνέδραμεν.</span> <span class='ocrx_word' id='word_1_206' title='bbox 1052 2653 1112 2706; x_wconf 88' lang='grc' dir='ltr'><strong>Οἱ</strong></span> <span class='ocrx_word' id='word_1_207' title='bbox 1148 2650 1247 2722; x_wconf 81' lang='grc' dir='ltr'>μὲν</span> <span class='ocrx_word' id='word_1_208' title='bbox 1281 2644 1373 2702; x_wconf 78' lang='grc' dir='ltr'><strong>οὖν</strong></span> <span class='ocrx_word' id='word_1_209' title='bbox 1409 2647 1744 2724; x_wconf 86' lang='grc' dir='ltr'>ἀποσταλέν-</span> 
     </span>
    </p>
   </div>
   <div class='ocr_carea' id='block_1_28' title="bbox 164 2739 1746 2820">
    <p class='ocr_par' dir='ltr' id='par_1_28' title="bbox 164 2739 1746 2820">
     <span class='ocr_line' id='line_1_29' title="bbox 164 2739 1746 2820; baseline -0.009 -13"><span class='ocrx_word' id='word_1_210' title='bbox 164 2771 234 2817; x_wconf 83' lang='grc' dir='ltr'><strong>τες</strong></span> <span class='ocrx_word' id='word_1_211' title='bbox 280 2755 350 2816; x_wconf 84' lang='grc' dir='ltr'><strong>είς</strong></span> <span class='ocrx_word' id='word_1_212' title='bbox 388 2753 480 2805; x_wconf 81' lang='grc' dir='ltr'><strong>τὸν</strong></span> <span class='ocrx_word' id='word_1_213' title='bbox 554 2748 895 2820; x_wconf 86' lang='grc' dir='ltr'>Μαρεώτην,</span> <span class='ocrx_word' id='word_1_214' title='bbox 948 2747 1268 2816; x_wconf 82' lang='grc' dir='ltr'>ποιήσαντες</span> <span class='ocrx_word' id='word_1_215' title='bbox 1307 2745 1369 2795; x_wconf 80' lang='grc' dir='ltr'>ἐκ</span> <span class='ocrx_word' id='word_1_216' title='bbox 1414 2739 1746 2812; x_wconf 76' lang='grc' dir='ltr'>μονομεροῦς</span> 
     </span>
    </p>
   </div>
   <div class='ocr_carea' id='block_1_29' title="bbox 165 2831 1747 2917">
    <p class='ocr_par' dir='ltr' id='par_1_29' title="bbox 165 2831 1747 2917">
     <span class='ocr_line' id='line_1_30' title="bbox 165 2831 1747 2917; baseline -0.009 -21"><span class='ocrx_word' id='word_1_217' title='bbox 165 2846 494 2917; x_wconf 76' lang='grc' dir='ltr'>ὑπομνήματα.</span> <span class='ocrx_word' id='word_1_218' title='bbox 531 2841 723 2905; x_wconf 83' lang='grc' dir='ltr'>καθὼς</span> <span class='ocrx_word' id='word_1_219' title='bbox 783 2839 1095 2909; x_wconf 71' lang='grc' dir='ltr'><strong>⁴ὴϐούλοντο,</strong></span> <span class='ocrx_word' id='word_1_220' title='bbox 1134 2837 1320 2907; x_wconf 75' lang='grc' dir='ltr'>ᾔεσαν·</span> <span class='ocrx_word' id='word_1_221' title='bbox 1367 2835 1400 2904; x_wconf 80' lang='grc' dir='ltr'>ἠ</span> <span class='ocrx_word' id='word_1_222' title='bbox 1444 2832 1500 2884; x_wconf 82' lang='grc' dir='ltr'>δὲ</span> <span class='ocrx_word' id='word_1_223' title='bbox 1533 2831 1747 2893; x_wconf 87' lang='grc' dir='ltr'>σύνοδος</span> 
     </span>
    </p>
   </div>
   <div class='ocr_carea' id='block_1_30' title="bbox 165 2920 1748 3007">
    <p class='ocr_par' dir='ltr' id='par_1_30' title="bbox 165 2920 1748 3007">
     <span class='ocr_line' id='line_1_31' title="bbox 165 2920 1748 3007; baseline -0.009 -21"><span class='ocrx_word' id='word_1_224' title='bbox 165 2935 340 3004; x_wconf 73' lang='grc' dir='ltr'>πρῶτον</span> <span class='ocrx_word' id='word_1_225' title='bbox 368 2937 465 3007; x_wconf 77' lang='grc' dir='ltr'><strong>μὲν</strong></span> <span class='ocrx_word' id='word_1_226' title='bbox 502 2936 739 3006; x_wconf 78' lang='grc' dir='ltr'>ἐρήμην</span> <span class='ocrx_word' id='word_1_227' title='bbox 767 2929 864 2984; x_wconf 79' lang='grc' dir='ltr'>τοῦ</span> <span class='ocrx_word' id='word_1_228' title='bbox 887 2929 1042 2998; x_wconf 84' lang='grc' dir='ltr'>ἁγίου</span> <span class='ocrx_word' id='word_1_229' title='bbox 1085 2925 1400 2979; x_wconf 83' lang='grc' dir='ltr'>Ἀθανασίου</span> <span class='ocrx_word' id='word_1_230' title='bbox 1427 2920 1748 2991; x_wconf 76' lang='grc' dir='ltr'>κατεδιῄτη-</span> 
     </span>
    </p>
   </div>
   <div class='ocr_carea' id='block_1_31' title="bbox 169 3015 1740 3094">
    <p class='ocr_par' dir='ltr' id='par_1_31' title="bbox 169 3015 1740 3094">
     <span class='ocr_line' id='line_1_32' title="bbox 169 3015 1740 3094; baseline -0.01 -15"><span class='ocrx_word' id='word_1_231' title='bbox 169 3045 254 3080; x_wconf 84' lang='grc' dir='ltr'>σεν·</span> <span class='ocrx_word' id='word_1_232' title='bbox 280 3029 346 3092; x_wconf 80' lang='grc' dir='ltr'>ὡς</span> <span class='ocrx_word' id='word_1_233' title='bbox 375 3029 430 3082; x_wconf 82' lang='grc' dir='ltr'>δὲ</span> <span class='ocrx_word' id='word_1_234' title='bbox 457 3028 572 3082; x_wconf 77' lang='grc' dir='ltr'><strong>καὶ</strong></span> <span class='ocrx_word' id='word_1_235' title='bbox 602 3025 674 3078; x_wconf 78' lang='grc' dir='ltr'>τὰ</span> <span class='ocrx_word' id='word_1_236' title='bbox 717 3026 783 3084; x_wconf 66' lang='grc' dir='ltr'>ὲν</span> <span class='ocrx_word' id='word_1_237' title='bbox 801 3023 880 3094; x_wconf 82' lang='grc' dir='ltr'>τῷ</span> <span class='ocrx_word' id='word_1_238' title='bbox 908 3020 1179 3093; x_wconf 82' lang='grc' dir='ltr'>Μαρεὼτῃ</span> <span class='ocrx_word' id='word_1_239' title='bbox 1226 3015 1593 3088; x_wconf 83' lang='grc' dir='ltr'>πεπραγμένα</span> <span class='ocrx_word' id='word_1_240' title='bbox 1621 3029 1740 3066; x_wconf 86' lang='grc' dir='ltr'>συν-</span> 
     </span>
    </p>
   </div>
   <div class='ocr_carea' id='block_1_32' title="bbox 169 3105 1747 3190">
    <p class='ocr_par' dir='ltr' id='par_1_32' title="bbox 169 3105 1747 3190">
     <span class='ocr_line' id='line_1_33' title="bbox 169 3105 1747 3190; baseline -0.01 -18"><span class='ocrx_word' id='word_1_241' title='bbox 169 3121 354 3189; x_wconf 66' lang='grc' dir='ltr'>ἐφθασε,</span> <span class='ocrx_word' id='word_1_242' title='bbox 390 3121 740 3190; x_wconf 81' lang='grc' dir='ltr'>καθαίρεσιν</span> <span class='ocrx_word' id='word_1_243' title='bbox 766 3115 1100 3186; x_wconf 70' lang='grc' dir='ltr'>ἐψηφίσαντο</span> <span class='ocrx_word' id='word_1_244' title='bbox 1131 3110 1471 3172; x_wconf 85' lang='grc' dir='ltr'>Ἀθανασίου,</span> <span class='ocrx_word' id='word_1_245' title='bbox 1497 3105 1666 3160; x_wconf 86' lang='grc' dir='ltr'>πολλά</span> <span class='ocrx_word' id='word_1_246' title='bbox 1691 3106 1747 3157; x_wconf 85' lang='grc' dir='ltr'><strong>ἐν</strong></span> 
     </span>
    </p>
   </div>
   <div class='ocr_carea' id='block_1_33' title="bbox 165 3200 1746 3286">
    <p class='ocr_par' dir='ltr' id='par_1_33' title="bbox 165 3200 1746 3286">
     <span class='ocr_line' id='line_1_34' title="bbox 165 3200 1746 3286; baseline -0.009 -21"><span class='ocrx_word' id='word_1_247' title='bbox 165 3217 251 3277; x_wconf 66' lang='lat' dir='ltr'><strong>rei;</strong></span> <span class='ocrx_word' id='word_1_248' title='bbox 268 3214 686 3286; x_wconf 83' lang='grc' dir='ltr'>καθαιρετικοῖς</span> <span class='ocrx_word' id='word_1_249' title='bbox 709 3210 878 3264; x_wconf 80' lang='grc' dir='ltr'>αὑτὸν</span> <span class='ocrx_word' id='word_1_250' title='bbox 916 3207 984 3278; x_wconf 87' lang='lat' dir='ltr'><strong>(c)</strong></span> <span class='ocrx_word' id='word_1_251' title='bbox 1009 3205 1440 3276; x_wconf 82' lang='grc' dir='ltr'>λοιδορήσαντες.</span> <span class='ocrx_word' id='word_1_252' title='bbox 1475 3200 1650 3263; x_wconf 68' lang='lat' dir='ltr'><strong>meo;</strong></span> <span class='ocrx_word' id='word_1_253' title='bbox 1687 3216 1746 3252; x_wconf 90' lang='grc' dir='ltr'><strong>τε</strong></span> 
     </span>
    </p>
   </div>
   <div class='ocr_carea' id='block_1_34' title="bbox 165 3291 1750 3377">
    <p class='ocr_par' dir='ltr' id='par_1_34' title="bbox 165 3291 1750 3377">
     <span class='ocr_line' id='line_1_35' title="bbox 165 3291 1750 3377; baseline -0.008 -21"><span class='ocrx_word' id='word_1_254' title='bbox 165 3305 222 3369; x_wconf 76' lang='grc' dir='ltr'>ὡς</span> <span class='ocrx_word' id='word_1_255' title='bbox 243 3302 370 3377; x_wconf 81' lang='grc' dir='ltr'>εἶχον</span> <span class='ocrx_word' id='word_1_256' title='bbox 407 3311 478 3360; x_wconf 86' lang='grc' dir='ltr'><strong>ἐκ</strong></span> <span class='ocrx_word' id='word_1_257' title='bbox 503 3306 616 3375; x_wconf 78' lang='grc' dir='ltr'><strong>τῆς</strong></span> <span class='ocrx_word' id='word_1_258' title='bbox 644 3302 830 3373; x_wconf 87' lang='grc' dir='ltr'>Τύρου</span> <span class='ocrx_word' id='word_1_259' title='bbox 851 3299 1150 3360; x_wconf 83' lang='grc' dir='ltr'>σπουδαίως</span> <span class='ocrx_word' id='word_1_260' title='bbox 1175 3296 1266 3348; x_wconf 78' lang='grc' dir='ltr'><strong>ἐπὶ</strong></span> <span class='ocrx_word' id='word_1_261' title='bbox 1297 3294 1364 3348; x_wconf 84' lang='grc' dir='ltr'>τὰ</span> <span class='ocrx_word' id='word_1_262' title='bbox 1402 3291 1750 3364; x_wconf 83' lang='grc' dir='ltr'>Ἱεροσόλυμα</span> 
     </span>
    </p>
   </div>
   <div class='ocr_carea' id='block_1_35' title="bbox 168 3383 1746 3470">
    <p class='ocr_par' dir='ltr' id='par_1_35' title="bbox 168 3383 1746 3470">
     <span class='ocr_line' id='line_1_36' title="bbox 168 3383 1746 3470; baseline -0.011 -19"><span class='ocrx_word' id='word_1_263' title='bbox 168 3398 454 3470; x_wconf 72' lang='grc' dir='ltr'>ἐπορεύοντο</span> <span class='ocrx_word' id='word_1_264' title='bbox 477 3399 582 3453; x_wconf 84' lang='grc' dir='ltr'><strong>ἐπὶ</strong></span> <span class='ocrx_word' id='word_1_265' title='bbox 614 3399 683 3467; x_wconf 84' lang='grc' dir='ltr'>τῇ</span> <span class='ocrx_word' id='word_1_266' title='bbox 711 3393 1041 3463; x_wconf 78' lang='grc' dir='ltr'>καθιερώσει</span> <span class='ocrx_word' id='word_1_267' title='bbox 1069 3391 1168 3459; x_wconf 82' lang='grc' dir='ltr'>τῆς</span> <span class='ocrx_word' id='word_1_268' title='bbox 1212 3387 1337 3451; x_wconf 81' lang='grc' dir='ltr'>νέας</span> <span class='ocrx_word' id='word_1_269' title='bbox 1375 3383 1746 3456; x_wconf 86' lang='grc' dir='ltr'>Ἰερουσαλήμ·</span> 
     </span>
    </p>
   </div>
   <div class='ocr_carea' id='block_1_36' title="bbox 165 3474 1752 3555">
    <p class='ocr_par' dir='ltr' id='par_1_36' title="bbox 165 3474 1752 3555">
     <span class='ocr_line' id='line_1_37' title="bbox 165 3474 1752 3555; baseline -0.013 -9"><span class='ocrx_word' id='word_1_270' title='bbox 165 3490 350 3545; x_wconf 77' lang='grc' dir='ltr'>ἐλθόντα</span> <span class='ocrx_word' id='word_1_271' title='bbox 399 3510 464 3545; x_wconf 87' lang='grc' dir='ltr'><strong>τε</strong></span> <span class='ocrx_word' id='word_1_272' title='bbox 506 3491 701 3543; x_wconf 87' lang='grc' dir='ltr'>ἐκεῖσε</span> <span class='ocrx_word' id='word_1_273' title='bbox 758 3485 1006 3555; x_wconf 85' lang='grc' dir='ltr'>δέχονται</span> <span class='ocrx_word' id='word_1_274' title='bbox 1039 3481 1130 3534; x_wconf 80' lang='grc' dir='ltr'><strong>τὸν</strong></span> <span class='ocrx_word' id='word_1_275' title='bbox 1165 3481 1381 3551; x_wconf 79' lang='grc' dir='ltr'>Ἀρειον</span> <span class='ocrx_word' id='word_1_276' title='bbox 1425 3478 1474 3530; x_wconf 87' lang='grc' dir='ltr'><strong>οί</strong></span> <span class='ocrx_word' id='word_1_277' title='bbox 1527 3477 1622 3529; x_wconf 74' lang='grc' dir='ltr'><strong>καὶ</strong></span> <span class='ocrx_word' id='word_1_278' title='bbox 1661 3474 1752 3526; x_wconf 70' lang='grc' dir='ltr'><strong>ἐπὶ</strong></span> 
     </span>
    </p>
   </div>
   <div class='ocr_carea' id='block_1_37' title="bbox 166 3567 1442 3652">
    <p class='ocr_par' dir='ltr' id='par_1_37' title="bbox 166 3567 1442 3652">
     <span class='ocr_line' id='line_1_38' title="bbox 166 3567 1442 3652; baseline -0.014 -15"><span class='ocrx_word' id='word_1_279' title='bbox 166 3582 242 3652; x_wconf 75' lang='grc' dir='ltr'>τῆς</span> <span class='ocrx_word' id='word_1_280' title='bbox 260 3583 388 3636; x_wconf 85' lang='grc' dir='ltr'><strong>κατά</strong></span> <span class='ocrx_word' id='word_1_281' title='bbox 407 3582 668 3635; x_wconf 80' lang='grc' dir='ltr'>Νίκαιαν</span> <span class='ocrx_word' id='word_1_282' title='bbox 698 3573 926 3648; x_wconf 74' lang='grc' dir='ltr'>συνόδου</span> <span class='ocrx_word' id='word_1_283' title='bbox 951 3567 1331 3642; x_wconf 57' lang='grc' dir='ltr'>προσποιητιῖκ</span> <span class='ocrx_word' id='word_1_284' title='bbox 1363 3568 1442 3630; x_wconf 84' lang='grc' dir='ltr'>εἰς</span> 
     </span>
    </p>
   </div>
   <div class='ocr_carea' id='block_1_38' title="bbox 167 3654 1753 3746">
    <p class='ocr_par' dir='ltr' id='par_1_38' title="bbox 167 3654 1753 3746">
     <span class='ocr_line' id='line_1_39' title="bbox 167 3654 1753 3746; baseline -0.012 -21"><span class='ocrx_word' id='word_1_285' title='bbox 167 3689 276 3727; x_wconf 72' lang='lat' dir='ltr'><strong>mor</strong></span> <span class='ocrx_word' id='word_1_286' title='bbox 299 3673 760 3746; x_wconf 68' lang='grc' dir='ltr'>ὑπογράψαντεςσ</span> <span class='ocrx_word' id='word_1_287' title='bbox 797 3666 942 3736; x_wconf 72' lang='grc' dir='ltr'>φημὶ</span> <span class='ocrx_word' id='word_1_288' title='bbox 970 3665 1025 3716; x_wconf 84' lang='grc' dir='ltr'><strong>δὲ</strong></span> <span class='ocrx_word' id='word_1_289' title='bbox 1054 3666 1102 3715; x_wconf 78' lang='grc' dir='ltr'>οἱ</span> <span class='ocrx_word' id='word_1_290' title='bbox 1132 3661 1259 3732; x_wconf 78' lang='grc' dir='ltr'>περὶ</span> <span class='ocrx_word' id='word_1_291' title='bbox 1310 3660 1398 3712; x_wconf 74' lang='grc' dir='ltr'>τὸν</span> <span class='ocrx_word' id='word_1_292' title='bbox 1438 3654 1753 3726; x_wconf 82' lang='grc' dir='ltr'>Νικομηδέα</span> 
     </span>
    </p>
   </div>
   <div class='ocr_carea' id='block_1_39' title="bbox 167 3749 1751 3832">
    <p class='ocr_par' dir='ltr' id='par_1_39' title="bbox 167 3749 1751 3832">
     <span class='ocr_line' id='line_1_40' title="bbox 167 3749 1751 3832; baseline -0.011 -16"><span class='ocrx_word' id='word_1_293' title='bbox 167 3765 412 3820; x_wconf 73' lang='grc' dir='ltr'>Εὖσέϐιον.</span> <span class='ocrx_word' id='word_1_294' title='bbox 467 3767 539 3819; x_wconf 82' lang='grc' dir='ltr'><strong>Οἱ</strong></span> <span class='ocrx_word' id='word_1_295' title='bbox 573 3763 635 3817; x_wconf 83' lang='grc' dir='ltr'>δὲ</span> <span class='ocrx_word' id='word_1_296' title='bbox 665 3764 769 3832; x_wconf 77' lang='grc' dir='ltr'><strong>τῆς</strong></span> <span class='ocrx_word' id='word_1_297' title='bbox 823 3757 988 3829; x_wconf 84' lang='grc' dir='ltr'>ὀρθῆς</span> <span class='ocrx_word' id='word_1_298' title='bbox 1040 3754 1272 3815; x_wconf 88' lang='grc' dir='ltr'>πίστεως</span> <span class='ocrx_word' id='word_1_299' title='bbox 1325 3749 1751 3817; x_wconf 78' lang='grc' dir='ltr'>ἀπεστράφησαν</span> 
     </span>
    </p>
   </div>
   <div class='ocr_carea' id='block_1_40' title="bbox 169 3840 1752 3930">
    <p class='ocr_par' dir='ltr' id='par_1_40' title="bbox 169 3840 1752 3930">
     <span class='ocr_line' id='line_1_41' title="bbox 169 3840 1752 3930; baseline -0.015 -16"><span class='ocrx_word' id='word_1_300' title='bbox 169 3858 240 3908; x_wconf 72' lang='grc' dir='ltr'><strong>τδν</strong></span> <span class='ocrx_word' id='word_1_301' title='bbox 284 3861 531 3930; x_wconf 80' lang='grc' dir='ltr'>Ἀρειον,</span> <span class='ocrx_word' id='word_1_302' title='bbox 589 3854 885 3923; x_wconf 83' lang='grc' dir='ltr'>ὁρίσαντες</span> <span class='ocrx_word' id='word_1_303' title='bbox 928 3849 1019 3900; x_wconf 76' lang='grc' dir='ltr'><strong>ἐπὶ</strong></span> <span class='ocrx_word' id='word_1_304' title='bbox 1048 3849 1111 3917; x_wconf 84' lang='grc' dir='ltr'>τῇ</span> <span class='ocrx_word' id='word_1_305' title='bbox 1166 3844 1308 3898; x_wconf 79' lang='grc' dir='ltr'>κατὰ</span> <span class='ocrx_word' id='word_1_306' title='bbox 1349 3840 1752 3910; x_wconf 83' lang='grc' dir='ltr'>Ἀλεξάνδρειαν</span> 
     </span>
    </p>
   </div>
   <div class='ocr_carea' id='block_1_41' title="bbox 168 3929 1755 4021">
    <p class='ocr_par' dir='ltr' id='par_1_41' title="bbox 168 3929 1755 4021">
     <span class='ocr_line' id='line_1_42' title="bbox 168 3929 1755 4021; baseline -0.013 -20"><span class='ocrx_word' id='word_1_307' title='bbox 168 3929 554 4021; x_wconf 13' lang='grc' dir='ltr'>συνλιδῳγαὺτὸν</span> <span class='ocrx_word' id='word_1_308' title='bbox 609 3946 685 4016; x_wconf 86' lang='lat' dir='ltr'><strong>(d)</strong></span> <span class='ocrx_word' id='word_1_309' title='bbox 716 3938 1179 4010; x_wconf 84' lang='grc' dir='ltr'>ἀκουσθήσεσθαι,</span> <span class='ocrx_word' id='word_1_310' title='bbox 1225 3938 1280 3988; x_wconf 89' lang='grc' dir='ltr'><strong>ἐν</strong></span> <span class='ocrx_word' id='word_1_311' title='bbox 1383 3934 1476 3986; x_wconf 75' lang='grc' dir='ltr'>καὶ</span> <span class='ocrx_word' id='word_1_312' title='bbox 1510 3947 1755 4001; x_wconf 89' lang='grc' dir='ltr'>παραγε-</span> 
     </span>
    </p>
   </div>
   <div class='ocr_carea' id='block_1_42' title="bbox 168 4024 1754 4110">
    <p class='ocr_par' dir='ltr' id='par_1_42' title="bbox 168 4024 1754 4110">
     <span class='ocr_line' id='line_1_43' title="bbox 168 4024 1754 4110; baseline -0.016 -13"><span class='ocrx_word' id='word_1_313' title='bbox 168 4042 354 4110; x_wconf 68' lang='grc' dir='ltr'>νόμενος</span> <span class='ocrx_word' id='word_1_314' title='bbox 383 4042 554 4096; x_wconf 73' lang='grc' dir='ltr'>ἑάλω.</span> <span class='ocrx_word' id='word_1_315' title='bbox 587 4037 817 4091; x_wconf 87' lang='grc' dir='ltr'>Τούτων</span> <span class='ocrx_word' id='word_1_316' title='bbox 846 4033 903 4086; x_wconf 82' lang='grc' dir='ltr'><strong>δὲ</strong></span> <span class='ocrx_word' id='word_1_317' title='bbox 940 4031 1105 4083; x_wconf 76' lang='grc' dir='ltr'>ὄντων</span> <span class='ocrx_word' id='word_1_318' title='bbox 1133 4031 1190 4082; x_wconf 85' lang='grc' dir='ltr'><strong>ἐν</strong></span> <span class='ocrx_word' id='word_1_319' title='bbox 1224 4026 1454 4088; x_wconf 82' lang='grc' dir='ltr'>τούτοις,</span> <span class='ocrx_word' id='word_1_320' title='bbox 1491 4024 1754 4076; x_wconf 77' lang='grc' dir='ltr'>ἐπικατα·</span> 
     </span>
    </p>
   </div>
   <div class='ocr_carea' id='block_1_43' title="bbox 165 4113 1976 4207">
    <p class='ocr_par' dir='ltr' id='par_1_43' title="bbox 165 4113 1976 4207">
     <span class='ocr_line' id='line_1_44' title="bbox 165 4113 1976 4207; baseline -0.015 -16"><span class='ocrx_word' id='word_1_321' title='bbox 165 4138 406 4207; x_wconf 74' lang='grc' dir='ltr'>λαμϐάνει</span> <span class='ocrx_word' id='word_1_322' title='bbox 471 4137 647 4206; x_wconf 72' lang='grc' dir='ltr'>ἕτερα</span> <span class='ocrx_word' id='word_1_323' title='bbox 723 4130 1038 4202; x_wconf 85' lang='grc' dir='ltr'>γράμματα</span> <span class='ocrx_word' id='word_1_324' title='bbox 1092 4123 1188 4177; x_wconf 72' lang='grc' dir='ltr'>τοῦ</span> <span class='ocrx_word' id='word_1_325' title='bbox 1267 4121 1529 4192; x_wconf 88' lang='grc' dir='ltr'>βασιλέως</span> <span class='ocrx_word' id='word_1_326' title='bbox 1561 4157 1576 4182; x_wconf 97' lang='grc'><strong>,</strong></span> <span class='ocrx_word' id='word_1_327' title='bbox 1641 4113 1976 4186; x_wconf 81' lang='grc' dir='ltr'>σημαίνοντα</span> 
     </span>
    </p>
   </div>
   <div class='ocr_carea' id='block_1_44' title="bbox 1843 982 3414 1053">
    <p class='ocr_par' dir='ltr' id='par_1_44' title="bbox 1843 982 3414 1053">
     <span class='ocr_line' id='line_1_45' title="bbox 1843 982 3414 1053; baseline -0.003 -8"><span class='ocrx_word' id='word_1_328' title='bbox 1843 991 1990 1046; x_wconf 86' lang='lat' dir='ltr'><strong>bium</strong></span> <span class='ocrx_word' id='word_1_329' title='bbox 2013 998 2066 1042; x_wconf 90' lang='lat' dir='ltr'><strong>et</strong></span> <span class='ocrx_word' id='word_1_330' title='bbox 2089 986 2298 1049; x_wconf 88' lang='lat' dir='ltr'><strong>socios,</strong></span> <span class='ocrx_word' id='word_1_331' title='bbox 2327 993 2511 1053; x_wconf 90' lang='lat' dir='ltr'><strong>utpote</strong></span> <span class='ocrx_word' id='word_1_332' title='bbox 2539 983 2640 1038; x_wconf 87' lang='lat' dir='ltr'><strong>sibi</strong></span> <span class='ocrx_word' id='word_1_333' title='bbox 2668 983 2936 1050; x_wconf 75' lang='lat' dir='ltr'><strong>inimicos,</strong></span> <span class='ocrx_word' id='word_1_334' title='bbox 2955 982 3077 1053; x_wconf 88' lang='lat' dir='ltr'><strong>jure</strong></span> <span class='ocrx_word' id='word_1_335' title='bbox 3110 986 3414 1041; x_wconf 79' lang='lat' dir='ltr'><strong>recusabat.</strong></span> 
     </span>
    </p>
   </div>
   <div class='ocr_carea' id='block_1_45' title="bbox 1844 1078 3418 1152">
    <p class='ocr_par' dir='ltr' id='par_1_45' title="bbox 1844 1078 3418 1152">
     <span class='ocr_line' id='line_1_46' title="bbox 1844 1078 3418 1152; baseline -0.002 -13"><span class='ocrx_word' id='word_1_336' title='bbox 1844 1085 1982 1140; x_wconf 82' lang='lat' dir='ltr'><strong>llinc</strong></span> <span class='ocrx_word' id='word_1_337' title='bbox 2009 1080 2316 1152; x_wconf 75' lang='lat' dir='ltr'><strong>postulabat</strong></span> <span class='ocrx_word' id='word_1_338' title='bbox 2344 1078 2703 1148; x_wconf 83' lang='lat' dir='ltr'><strong>comprobari,</strong></span> <span class='ocrx_word' id='word_1_339' title='bbox 2723 1093 2851 1132; x_wconf 84' lang='lat' dir='ltr'><strong>num</strong></span> <span class='ocrx_word' id='word_1_340' title='bbox 2871 1088 3153 1134; x_wconf 77' lang='lat' dir='ltr'><strong>accusator</strong></span> <span class='ocrx_word' id='word_1_341' title='bbox 3171 1079 3418 1150; x_wconf 84' lang='lat' dir='ltr'><strong>lschyras</strong></span> 
     </span>
    </p>
   </div>
   <div class='ocr_carea' id='block_1_46' title="bbox 1845 1167 3416 1245">
    <p class='ocr_par' dir='ltr' id='par_1_46' title="bbox 1845 1167 3416 1245">
     <span class='ocr_line' id='line_1_47' title="bbox 1845 1167 3416 1245; baseline -0.004 -16"><span class='ocrx_word' id='word_1_342' title='bbox 1845 1174 2128 1245; x_wconf 76' lang='lat' dir='ltr'><strong>presbyter</strong></span> <span class='ocrx_word' id='word_1_343' title='bbox 2153 1178 2314 1224; x_wconf 85' lang='lat' dir='ltr'><strong>esset.</strong></span> <span class='ocrx_word' id='word_1_344' title='bbox 2337 1167 2413 1222; x_wconf 89' lang='lat' dir='ltr'><strong>lta</strong></span> <span class='ocrx_word' id='word_1_345' title='bbox 2444 1167 2585 1222; x_wconf 91' lang='lat' dir='ltr'><strong>enim</strong></span> <span class='ocrx_word' id='word_1_346' title='bbox 2609 1169 2954 1222; x_wconf 88' lang='lat' dir='ltr'><strong>accusatione</strong></span> <span class='ocrx_word' id='word_1_347' title='bbox 2970 1170 3225 1238; x_wconf 84' lang='lat' dir='ltr'><strong>scriptum</strong></span> <span class='ocrx_word' id='word_1_348' title='bbox 3251 1179 3367 1224; x_wconf 91' lang='lat' dir='ltr'><strong>erat</strong></span> <span class='ocrx_word' id='word_1_349' title='bbox 3401 1186 3416 1222; x_wconf 92' lang='lat'><strong>:</strong></span> 
     </span>
    </p>
   </div>
   <div class='ocr_carea' id='block_1_47' title="bbox 1844 1260 3420 1324">
    <p class='ocr_par' dir='ltr' id='par_1_47' title="bbox 1844 1260 3420 1324">
     <span class='ocr_line' id='line_1_48' title="bbox 1844 1260 3420 1324; baseline -0.004 -2"><span class='ocrx_word' id='word_1_350' title='bbox 1844 1267 1938 1324; x_wconf 88' lang='lat' dir='ltr'><strong>sed</strong></span> <span class='ocrx_word' id='word_1_351' title='bbox 1967 1263 2186 1320; x_wconf 79' lang='lat' dir='ltr'><strong>Macarii</strong></span> <span class='ocrx_word' id='word_1_352' title='bbox 2217 1276 2381 1317; x_wconf 87' lang='lat' dir='ltr'><strong>causa</strong></span> <span class='ocrx_word' id='word_1_353' title='bbox 2415 1261 2467 1314; x_wconf 89' lang='lat' dir='ltr'><strong>in</strong></span> <span class='ocrx_word' id='word_1_354' title='bbox 2495 1260 2731 1315; x_wconf 89' lang='lat' dir='ltr'><strong>medium</strong></span> <span class='ocrx_word' id='word_1_355' title='bbox 2762 1261 2990 1316; x_wconf 85' lang='lat' dir='ltr'><strong>adducta</strong></span> <span class='ocrx_word' id='word_1_356' title='bbox 3026 1269 3130 1316; x_wconf 86' lang='lat' dir='ltr'><strong>est.</strong></span> <span class='ocrx_word' id='word_1_357' title='bbox 3161 1261 3294 1317; x_wconf 91' lang='lat' dir='ltr'><strong>Cum</strong></span> <span class='ocrx_word' id='word_1_358' title='bbox 3324 1276 3420 1316; x_wconf 89' lang='lat' dir='ltr'><strong>au-</strong></span> 
     </span>
    </p>
   </div>
   <div class='ocr_carea' id='block_1_48' title="bbox 1846 1352 3422 1421">
    <p class='ocr_par' dir='ltr' id='par_1_48' title="bbox 1846 1352 3422 1421">
     <span class='ocr_line' id='line_1_49' title="bbox 1846 1352 3422 1421; baseline -0.004 -7"><span class='ocrx_word' id='word_1_359' title='bbox 1846 1370 1950 1414; x_wconf 90' lang='lat' dir='ltr'><strong>tem</strong></span> <span class='ocrx_word' id='word_1_360' title='bbox 1977 1357 2194 1411; x_wconf 87' lang='lat' dir='ltr'><strong>infirma</strong></span> <span class='ocrx_word' id='word_1_361' title='bbox 2226 1361 2542 1421; x_wconf 83' lang='lat' dir='ltr'><strong>argumenta</strong></span> <span class='ocrx_word' id='word_1_362' title='bbox 2568 1361 2771 1414; x_wconf 85' lang='lat' dir='ltr'><strong>essent,</strong></span> <span class='ocrx_word' id='word_1_363' title='bbox 2801 1352 3105 1407; x_wconf 87' lang='lat' dir='ltr'><strong>intermissa</strong></span> <span class='ocrx_word' id='word_1_364' title='bbox 3133 1352 3234 1406; x_wconf 91' lang='lat' dir='ltr'><strong>fuit</strong></span> <span class='ocrx_word' id='word_1_365' title='bbox 3257 1353 3422 1407; x_wconf 86' lang='lat' dir='ltr'><strong>inter-</strong></span> 
     </span>
    </p>
   </div>
   <div class='ocr_carea' id='block_1_49' title="bbox 1843 1441 3423 1519">
    <p class='ocr_par' dir='ltr' id='par_1_49' title="bbox 1843 1441 3423 1519">
     <span class='ocr_line' id='line_1_50' title="bbox 1843 1441 3423 1519; baseline -0.006 -14"><span class='ocrx_word' id='word_1_366' title='bbox 1843 1448 2085 1519; x_wconf 77' lang='lat' dir='ltr'><strong>rogatio,</strong></span> <span class='ocrx_word' id='word_1_367' title='bbox 2126 1454 2186 1500; x_wconf 90' lang='lat' dir='ltr'><strong>ut</strong></span> <span class='ocrx_word' id='word_1_368' title='bbox 2230 1445 2447 1514; x_wconf 90' lang='lat' dir='ltr'><strong>quidam</strong></span> <span class='ocrx_word' id='word_1_369' title='bbox 2500 1443 2551 1498; x_wconf 93' lang='lat' dir='ltr'><strong>in</strong></span> <span class='ocrx_word' id='word_1_370' title='bbox 2606 1443 2897 1496; x_wconf 84' lang='lat' dir='ltr'><strong>Mareotem</strong></span> <span class='ocrx_word' id='word_1_371' title='bbox 2954 1441 3336 1510; x_wconf 87' lang='lat' dir='ltr'><strong>concederent,</strong></span> <span class='ocrx_word' id='word_1_372' title='bbox 3363 1452 3423 1496; x_wconf 90' lang='lat' dir='ltr'><strong>ut</strong></span> 
     </span>
    </p>
   </div>
   <div class='ocr_carea' id='block_1_50' title="bbox 1845 1532 3421 1610">
    <p class='ocr_par' dir='ltr' id='par_1_50' title="bbox 1845 1532 3421 1610">
     <span class='ocr_line' id='line_1_51' title="bbox 1845 1532 3421 1610; baseline -0.006 -14"><span class='ocrx_word' id='word_1_373' title='bbox 1845 1541 1959 1610; x_wconf 92' lang='lat' dir='ltr'><strong>ipso</strong></span> <span class='ocrx_word' id='word_1_374' title='bbox 1989 1540 2042 1594; x_wconf 93' lang='lat' dir='ltr'><strong>in</strong></span> <span class='ocrx_word' id='word_1_375' title='bbox 2088 1538 2204 1593; x_wconf 92' lang='lat' dir='ltr'><strong>loco</strong></span> <span class='ocrx_word' id='word_1_376' title='bbox 2255 1535 2503 1605; x_wconf 77' lang='lat' dir='ltr'><strong>ambigua</strong></span> <span class='ocrx_word' id='word_1_377' title='bbox 2547 1533 2932 1604; x_wconf 86' lang='lat' dir='ltr'><strong>disquirerenl.</strong></span> <span class='ocrx_word' id='word_1_378' title='bbox 2967 1532 3038 1589; x_wconf 89' lang='lat' dir='ltr'><strong>Ut</strong></span> <span class='ocrx_word' id='word_1_379' title='bbox 3078 1533 3206 1588; x_wconf 84' lang='lat' dir='ltr'><strong>vidit</strong></span> <span class='ocrx_word' id='word_1_380' title='bbox 3241 1541 3421 1587; x_wconf 88' lang='lat' dir='ltr'><strong>autem</strong></span> 
     </span>
    </p>
   </div>
   <div class='ocr_carea' id='block_1_51' title="bbox 1841 1621 3422 1694">
    <p class='ocr_par' dir='ltr' id='par_1_51' title="bbox 1841 1621 3422 1694">
     <span class='ocr_line' id='line_1_52' title="bbox 1841 1621 3422 1694; baseline -0.006 -9"><span class='ocrx_word' id='word_1_381' title='bbox 1841 1629 2170 1685; x_wconf 78' lang='lat' dir='ltr'><strong>Athanasius</strong></span> <span class='ocrx_word' id='word_1_382' title='bbox 2206 1626 2322 1681; x_wconf 91' lang='lat' dir='ltr'><strong>illos</strong></span> <span class='ocrx_word' id='word_1_383' title='bbox 2375 1625 2538 1690; x_wconf 89' lang='lat' dir='ltr'><strong>mitti,</strong></span> <span class='ocrx_word' id='word_1_384' title='bbox 2583 1639 2718 1694; x_wconf 91' lang='lat' dir='ltr'><strong>quos</strong></span> <span class='ocrx_word' id='word_1_385' title='bbox 2765 1630 3039 1676; x_wconf 85' lang='lat' dir='ltr'><strong>recusaret</strong></span> <span class='ocrx_word' id='word_1_386' title='bbox 3072 1622 3208 1690; x_wconf 90' lang='lat' dir='ltr'><strong>ipse,</strong></span> <span class='ocrx_word' id='word_1_387' title='bbox 3238 1621 3422 1676; x_wconf 71' lang='lat' dir='ltr'><strong>Theo-</strong></span> 
     </span>
    </p>
   </div>
   <div class='ocr_carea' id='block_1_52' title="bbox 1843 1712 3421 1796">
    <p class='ocr_par' dir='ltr' id='par_1_52' title="bbox 1843 1712 3421 1796">
     <span class='ocr_line' id='line_1_53' title="bbox 1843 1712 3421 1796; baseline -0.01 -16"><span class='ocrx_word' id='word_1_388' title='bbox 1843 1726 2048 1796; x_wconf 83' lang='lat' dir='ltr'><strong>gnium,</strong></span> <span class='ocrx_word' id='word_1_389' title='bbox 2073 1723 2261 1786; x_wconf 83' lang='lat' dir='ltr'><strong>Marin,</strong></span> <span class='ocrx_word' id='word_1_390' title='bbox 2290 1719 2659 1782; x_wconf 86' lang='lat' dir='ltr'><strong>Theodorum,</strong></span> <span class='ocrx_word' id='word_1_391' title='bbox 2694 1715 3089 1781; x_wconf 82' lang='lat' dir='ltr'><strong>Macedonium,</strong></span> <span class='ocrx_word' id='word_1_392' title='bbox 3114 1712 3421 1779; x_wconf 85' lang='lat' dir='ltr'><strong>Ursacium,</strong></span> 
     </span>
    </p>
   </div>
   <div class='ocr_carea' id='block_1_53' title="bbox 1843 1805 3424 1878">
    <p class='ocr_par' dir='ltr' id='par_1_53' title="bbox 1843 1805 3424 1878">
     <span class='ocr_line' id='line_1_54' title="bbox 1843 1805 3424 1878; baseline -0.008 -7"><span class='ocrx_word' id='word_1_393' title='bbox 1843 1813 2184 1878; x_wconf 84' lang='lat' dir='ltr'><strong>exclamavit,</strong></span> <span class='ocrx_word' id='word_1_394' title='bbox 2208 1811 2332 1866; x_wconf 90' lang='lat' dir='ltr'><strong>dolo</strong></span> <span class='ocrx_word' id='word_1_395' title='bbox 2363 1809 2656 1877; x_wconf 86' lang='lat' dir='ltr'><strong>fraudeque</strong></span> <span class='ocrx_word' id='word_1_396' title='bbox 2697 1821 2783 1861; x_wconf 88' lang='lat' dir='ltr'><strong>res</strong></span> <span class='ocrx_word' id='word_1_397' title='bbox 2817 1805 3024 1876; x_wconf 75' lang='lat' dir='ltr'><strong>peragi,</strong></span> <span class='ocrx_word' id='word_1_398' title='bbox 3074 1819 3173 1858; x_wconf 90' lang='lat' dir='ltr'><strong>nec</strong></span> <span class='ocrx_word' id='word_1_399' title='bbox 3213 1817 3424 1872; x_wconf 67' lang='lat' dir='ltr'><strong>aequum</strong></span> 
     </span>
    </p>
   </div>
   <div class='ocr_carea' id='block_1_54' title="bbox 1842 1894 3424 1970">
    <p class='ocr_par' dir='ltr' id='par_1_54' title="bbox 1842 1894 3424 1970">
     <span class='ocr_line' id='line_1_55' title="bbox 1842 1894 3424 1970; baseline -0.011 -8"><span class='ocrx_word' id='word_1_400' title='bbox 1842 1903 2066 1970; x_wconf 85' lang='lat' dir='ltr'><strong>esse,in</strong></span> <span class='ocrx_word' id='word_1_401' title='bbox 2122 1900 2354 1956; x_wconf 84' lang='lat' dir='ltr'><strong>vinculis</strong></span> <span class='ocrx_word' id='word_1_402' title='bbox 2399 1912 2621 1952; x_wconf 88' lang='lat' dir='ltr'><strong>manere</strong></span> <span class='ocrx_word' id='word_1_403' title='bbox 2674 1895 2967 1954; x_wconf 81' lang='lat' dir='ltr'><strong>Macarium</strong></span> <span class='ocrx_word' id='word_1_404' title='bbox 3022 1894 3424 1964; x_wconf 89' lang='lat' dir='ltr'><strong>presbyterum,</strong></span> 
     </span>
    </p>
   </div>
   <div class='ocr_carea' id='block_1_55' title="bbox 1843 1989 3424 2052">
    <p class='ocr_par' dir='ltr' id='par_1_55' title="bbox 1843 1989 3424 2052">
     <span class='ocr_line' id='line_1_56' title="bbox 1843 1989 3424 2052; baseline -0.009 0"><span class='ocrx_word' id='word_1_405' title='bbox 1843 1998 1968 2052; x_wconf 89' lang='lat' dir='ltr'><strong>dum</strong></span> <span class='ocrx_word' id='word_1_406' title='bbox 1997 2004 2285 2050; x_wconf 84' lang='lat' dir='ltr'><strong>accusator</strong></span> <span class='ocrx_word' id='word_1_407' title='bbox 2322 1998 2462 2048; x_wconf 82' lang='lat' dir='ltr'><strong>&#39;cum</strong></span> <span class='ocrx_word' id='word_1_408' title='bbox 2516 1989 2750 2044; x_wconf 83' lang='lat' dir='ltr'><strong>inimicis</strong></span> <span class='ocrx_word' id='word_1_409' title='bbox 2799 1990 2994 2052; x_wconf 85' lang='lat' dir='ltr'><strong>abiret,</strong></span> <span class='ocrx_word' id='word_1_410' title='bbox 3035 2002 3146 2040; x_wconf 90' lang='lat' dir='ltr'><strong>rem</strong></span> <span class='ocrx_word' id='word_1_411' title='bbox 3183 1995 3238 2041; x_wconf 92' lang='lat' dir='ltr'><strong>et</strong></span> <span class='ocrx_word' id='word_1_412' title='bbox 3269 2001 3424 2041; x_wconf 90' lang='lat' dir='ltr'><strong>com-</strong></span> 
     </span>
    </p>
   </div>
   <div class='ocr_carea' id='block_1_56' title="bbox 1843 2075 3428 2151">
    <p class='ocr_par' dir='ltr' id='par_1_56' title="bbox 1843 2075 3428 2151">
     <span class='ocr_line' id='line_1_57' title="bbox 1843 2075 3428 2151; baseline -0.011 -5"><span class='ocrx_word' id='word_1_413' title='bbox 1843 2091 2136 2148; x_wconf 89' lang='lat' dir='ltr'><strong>mentarios</strong></span> <span class='ocrx_word' id='word_1_414' title='bbox 2191 2088 2358 2143; x_wconf 89' lang='lat' dir='ltr'><strong>altera</strong></span> <span class='ocrx_word' id='word_1_415' title='bbox 2396 2085 2618 2140; x_wconf 89' lang='lat' dir='ltr'><strong>absente</strong></span> <span class='ocrx_word' id='word_1_416' title='bbox 2668 2092 2821 2151; x_wconf 90' lang='lat' dir='ltr'><strong>parte</strong></span> <span class='ocrx_word' id='word_1_417' title='bbox 2879 2078 3131 2134; x_wconf 89' lang='lat' dir='ltr'><strong>edituris.</strong></span> <span class='ocrx_word' id='word_1_418' title='bbox 3165 2076 3290 2132; x_wconf 56' lang='lat' dir='ltr'><strong>Haec</strong></span> <span class='ocrx_word' id='word_1_419' title='bbox 3316 2075 3428 2130; x_wconf 87' lang='lat' dir='ltr'><strong>cla-</strong></span> 
     </span>
    </p>
   </div>
   <div class='ocr_carea' id='block_1_57' title="bbox 1843 2168 3424 2239">
    <p class='ocr_par' dir='ltr' id='par_1_57' title="bbox 1843 2168 3424 2239">
     <span class='ocr_line' id='line_1_58' title="bbox 1843 2168 3424 2239; baseline -0.012 -1"><span class='ocrx_word' id='word_1_420' title='bbox 1843 2191 2023 2238; x_wconf 86' lang='lat' dir='ltr'><strong>mante</strong></span> <span class='ocrx_word' id='word_1_421' title='bbox 2062 2188 2247 2235; x_wconf 90' lang='lat' dir='ltr'><strong>sancto</strong></span> <span class='ocrx_word' id='word_1_422' title='bbox 2291 2175 2608 2239; x_wconf 83' lang='lat' dir='ltr'><strong>Athanasio,</strong></span> <span class='ocrx_word' id='word_1_423' title='bbox 2638 2187 2702 2227; x_wconf 92' lang='lat' dir='ltr'><strong>ac</strong></span> <span class='ocrx_word' id='word_1_424' title='bbox 2748 2185 3088 2226; x_wconf 86' lang='lat' dir='ltr'><strong>communem</strong></span> <span class='ocrx_word' id='word_1_425' title='bbox 3136 2168 3424 2239; x_wconf 84' lang='lat' dir='ltr'><strong>synodum,</strong></span> 
     </span>
    </p>
   </div>
   <div class='ocr_carea' id='block_1_58' title="bbox 1845 2259 3428 2342">
    <p class='ocr_par' dir='ltr' id='par_1_58' title="bbox 1845 2259 3428 2342">
     <span class='ocr_line' id='line_1_59' title="bbox 1845 2259 3428 2342; baseline -0.011 -13"><span class='ocrx_word' id='word_1_426' title='bbox 1845 2282 1899 2329; x_wconf 88' lang='lat' dir='ltr'><strong>et</strong></span> <span class='ocrx_word' id='word_1_427' title='bbox 1936 2270 2250 2342; x_wconf 75' lang='lat' dir='ltr'><strong>Dioaysium</strong></span> <span class='ocrx_word' id='word_1_428' title='bbox 2303 2265 2578 2321; x_wconf 88' lang='lat' dir='ltr'><strong>consulem</strong></span> <span class='ocrx_word' id='word_1_429' title='bbox 2629 2264 2681 2316; x_wconf 89' lang='lat' dir='ltr'><strong>in</strong></span> <span class='ocrx_word' id='word_1_430' title='bbox 2716 2271 2880 2317; x_wconf 86' lang='lat' dir='ltr'><strong>testes</strong></span> <span class='ocrx_word' id='word_1_431' title='bbox 2927 2259 3326 2328; x_wconf 88' lang='lat' dir='ltr'><strong>compellante;</strong></span> <span class='ocrx_word' id='word_1_432' title='bbox 3367 2265 3428 2311; x_wconf 84' lang='lat' dir='ltr'><strong>ut</strong></span> 
     </span>
    </p>
   </div>
   <div class='ocr_carea' id='block_1_59' title="bbox 1846 2350 3424 2425">
    <p class='ocr_par' dir='ltr' id='par_1_59' title="bbox 1846 2350 3424 2425">
     <span class='ocr_line' id='line_1_60' title="bbox 1846 2350 3424 2425; baseline -0.01 -5"><span class='ocrx_word' id='word_1_433' title='bbox 1846 2365 2103 2424; x_wconf 85' lang='lat' dir='ltr'><strong>advertit,</strong></span> <span class='ocrx_word' id='word_1_434' title='bbox 2156 2361 2356 2416; x_wconf 89' lang='lat' dir='ltr'><strong>nullam</strong></span> <span class='ocrx_word' id='word_1_435' title='bbox 2406 2372 2500 2412; x_wconf 87' lang='lat' dir='ltr'><strong>eos</strong></span> <span class='ocrx_word' id='word_1_436' title='bbox 2549 2365 2825 2425; x_wconf 81' lang='lat' dir='ltr'><strong>gestorum</strong></span> <span class='ocrx_word' id='word_1_437' title='bbox 2877 2352 3145 2407; x_wconf 88' lang='lat' dir='ltr'><strong>rationem</strong></span> <span class='ocrx_word' id='word_1_438' title='bbox 3200 2350 3424 2413; x_wconf 86' lang='lat' dir='ltr'><strong>habere,</strong></span> 
     </span>
    </p>
   </div>
   <div class='ocr_carea' id='block_1_60' title="bbox 1848 2445 3429 2514">
    <p class='ocr_par' dir='ltr' id='par_1_60' title="bbox 1848 2445 3429 2514">
     <span class='ocr_line' id='line_1_61' title="bbox 1848 2445 3429 2514; baseline -0.011 -3"><span class='ocrx_word' id='word_1_439' title='bbox 1848 2458 1954 2512; x_wconf 91' lang='lat' dir='ltr'><strong>illis</strong></span> <span class='ocrx_word' id='word_1_440' title='bbox 1984 2455 2190 2510; x_wconf 90' lang='lat' dir='ltr'><strong>relictis</strong></span> <span class='ocrx_word' id='word_1_441' title='bbox 2220 2450 2507 2514; x_wconf 88' lang='lat' dir='ltr'><strong>abscessit,</strong></span> <span class='ocrx_word' id='word_1_442' title='bbox 2538 2460 2593 2503; x_wconf 91' lang='lat' dir='ltr'><strong>et</strong></span> <span class='ocrx_word' id='word_1_443' title='bbox 2639 2448 2705 2500; x_wconf 91' lang='lat' dir='ltr'><strong>ad</strong></span> <span class='ocrx_word' id='word_1_444' title='bbox 2757 2445 3140 2514; x_wconf 81' lang='lat' dir='ltr'><strong>imperatorem</strong></span> <span class='ocrx_word' id='word_1_445' title='bbox 3177 2454 3429 2510; x_wconf 86' lang='lat' dir='ltr'><strong>propera-</strong></span> 
     </span>
    </p>
   </div>
   <div class='ocr_carea' id='block_1_61' title="bbox 1847 2531 3429 2616">
    <p class='ocr_par' dir='ltr' id='par_1_61' title="bbox 1847 2531 3429 2616">
     <span class='ocr_line' id='line_1_62' title="bbox 1847 2531 3429 2616; baseline -0.011 -14"><span class='ocrx_word' id='word_1_446' title='bbox 1847 2549 1943 2602; x_wconf 92' lang='lat' dir='ltr'><strong>vit.</strong></span> <span class='ocrx_word' id='word_1_447' title='bbox 1974 2548 2074 2615; x_wconf 86' lang='lat' dir='ltr'><strong>Qui</strong></span> <span class='ocrx_word' id='word_1_448' title='bbox 2105 2559 2266 2616; x_wconf 90' lang='lat' dir='ltr'><strong>porro</strong></span> <span class='ocrx_word' id='word_1_449' title='bbox 2289 2541 2436 2598; x_wconf 89' lang='lat' dir='ltr'><strong>missi</strong></span> <span class='ocrx_word' id='word_1_450' title='bbox 2470 2541 2522 2596; x_wconf 94' lang='lat' dir='ltr'><strong>in</strong></span> <span class='ocrx_word' id='word_1_451' title='bbox 2573 2539 2865 2594; x_wconf 85' lang='lat' dir='ltr'><strong>Mareotem</strong></span> <span class='ocrx_word' id='word_1_452' title='bbox 2914 2535 3150 2601; x_wconf 89' lang='lat' dir='ltr'><strong>fuerant,</strong></span> <span class='ocrx_word' id='word_1_453' title='bbox 3179 2547 3302 2588; x_wconf 91' lang='lat' dir='ltr'><strong>cum</strong></span> <span class='ocrx_word' id='word_1_454' title='bbox 3351 2531 3429 2586; x_wconf 83' lang='lat' dir='ltr'><strong>al-</strong></span> 
     </span>
    </p>
   </div>
   <div class='ocr_carea' id='block_1_62' title="bbox 1850 2621 3424 2702">
    <p class='ocr_par' dir='ltr' id='par_1_62' title="bbox 1850 2621 3424 2702">
     <span class='ocr_line' id='line_1_63' title="bbox 1850 2621 3424 2702; baseline -0.012 -9"><span class='ocrx_word' id='word_1_455' title='bbox 1850 2648 1964 2692; x_wconf 90' lang='lat' dir='ltr'><strong>tera</strong></span> <span class='ocrx_word' id='word_1_456' title='bbox 2018 2638 2242 2691; x_wconf 88' lang='lat' dir='ltr'><strong>absente</strong></span> <span class='ocrx_word' id='word_1_457' title='bbox 2289 2641 2466 2702; x_wconf 89' lang='lat' dir='ltr'><strong>parte,</strong></span> <span class='ocrx_word' id='word_1_458' title='bbox 2502 2628 2767 2684; x_wconf 85' lang='lat' dir='ltr'><strong>arbitratu</strong></span> <span class='ocrx_word' id='word_1_459' title='bbox 2818 2640 2918 2680; x_wconf 92' lang='lat' dir='ltr'><strong>suo</strong></span> <span class='ocrx_word' id='word_1_460' title='bbox 2959 2639 3072 2679; x_wconf 89' lang='lat' dir='ltr'><strong>rem</strong></span> <span class='ocrx_word' id='word_1_461' title='bbox 3109 2621 3424 2692; x_wconf 76' lang='lat' dir='ltr'><strong>gessissent,</strong></span> 
     </span>
    </p>
   </div>
   <div class='ocr_carea' id='block_1_63' title="bbox 1851 2713 3428 2800">
    <p class='ocr_par' dir='ltr' id='par_1_63' title="bbox 1851 2713 3428 2800">
     <span class='ocr_line' id='line_1_64' title="bbox 1851 2713 3428 2800; baseline -0.011 -16"><span class='ocrx_word' id='word_1_462' title='bbox 1851 2730 2211 2800; x_wconf 77' lang='lat' dir='ltr'><strong>remigrarunt</strong></span> <span class='ocrx_word' id='word_1_463' title='bbox 2255 2741 2269 2778; x_wconf 90' lang='lat'><strong>:</strong></span> <span class='ocrx_word' id='word_1_464' title='bbox 2318 2722 2556 2796; x_wconf 88' lang='lat' dir='ltr'><strong>synodus</strong></span> <span class='ocrx_word' id='word_1_465' title='bbox 2604 2734 2735 2774; x_wconf 91' lang='lat' dir='ltr'><strong>vero</strong></span> <span class='ocrx_word' id='word_1_466' title='bbox 2788 2717 3021 2788; x_wconf 89' lang='lat' dir='ltr'><strong>primum</strong></span> <span class='ocrx_word' id='word_1_467' title='bbox 3073 2713 3428 2768; x_wconf 82' lang='lat' dir='ltr'><strong>Athanasium</strong></span> 
     </span>
    </p>
   </div>
   <div class='ocr_carea' id='block_1_64' title="bbox 1849 2810 3426 2877">
    <p class='ocr_par' dir='ltr' id='par_1_64' title="bbox 1849 2810 3426 2877">
     <span class='ocr_line' id='line_1_65' title="bbox 1849 2810 3426 2877; baseline -0.012 1"><span class='ocrx_word' id='word_1_468' title='bbox 1849 2824 2076 2877; x_wconf 64' lang='lat' dir='ltr'><strong>desertae</strong></span> <span class='ocrx_word' id='word_1_469' title='bbox 2105 2833 2282 2873; x_wconf 71' lang='lat' dir='ltr'><strong>causa:</strong></span> <span class='ocrx_word' id='word_1_470' title='bbox 2316 2812 2612 2870; x_wconf 86' lang='lat' dir='ltr'><strong>damnavit.</strong></span> <span class='ocrx_word' id='word_1_471' title='bbox 2643 2810 2745 2866; x_wconf 90' lang='lat' dir='ltr'><strong>Ubi</strong></span> <span class='ocrx_word' id='word_1_472' title='bbox 2786 2817 2966 2864; x_wconf 87' lang='lat' dir='ltr'><strong>autem</strong></span> <span class='ocrx_word' id='word_1_473' title='bbox 2998 2821 3280 2862; x_wconf 85' lang='lat' dir='ltr'><strong>accessere</strong></span> <span class='ocrx_word' id='word_1_474' title='bbox 3304 2819 3426 2876; x_wconf 69' lang='lat' dir='ltr'><strong>qua:</strong></span> 
     </span>
    </p>
   </div>
   <div class='ocr_carea' id='block_1_65' title="bbox 1850 2896 3433 2979">
    <p class='ocr_par' dir='ltr' id='par_1_65' title="bbox 1850 2896 3433 2979">
     <span class='ocr_line' id='line_1_66' title="bbox 1850 2896 3433 2979; baseline -0.012 -10"><span class='ocrx_word' id='word_1_475' title='bbox 1850 2912 2164 2970; x_wconf 69' lang='lat' dir='ltr'><strong>inbiareote</strong></span> <span class='ocrx_word' id='word_1_476' title='bbox 2189 2917 2337 2979; x_wconf 75' lang='lat' dir='ltr'><strong>gesta</strong></span> <span class='ocrx_word' id='word_1_477' title='bbox 2381 2907 2616 2968; x_wconf 81' lang='lat' dir='ltr'><strong>fuerant,</strong></span> <span class='ocrx_word' id='word_1_478' title='bbox 2665 2911 2776 2956; x_wconf 88' lang='lat' dir='ltr'><strong>tum</strong></span> <span class='ocrx_word' id='word_1_479' title='bbox 2823 2898 3104 2954; x_wconf 86' lang='lat' dir='ltr'><strong>Athanasii</strong></span> <span class='ocrx_word' id='word_1_480' title='bbox 3151 2896 3433 2966; x_wconf 87' lang='lat' dir='ltr'><strong>depositio-</strong></span> 
     </span>
    </p>
   </div>
   <div class='ocr_carea' id='block_1_66' title="bbox 1849 2985 3432 3063">
    <p class='ocr_par' dir='ltr' id='par_1_66' title="bbox 1849 2985 3432 3063">
     <span class='ocr_line' id='line_1_67' title="bbox 1849 2985 3432 3063; baseline -0.013 -3"><span class='ocrx_word' id='word_1_481' title='bbox 1849 3019 1971 3060; x_wconf 90' lang='lat' dir='ltr'><strong>nem</strong></span> <span class='ocrx_word' id='word_1_482' title='bbox 1994 3003 2314 3063; x_wconf 88' lang='lat' dir='ltr'><strong>decernunt,</strong></span> <span class='ocrx_word' id='word_1_483' title='bbox 2334 2996 2516 3050; x_wconf 90' lang='lat' dir='ltr'><strong>multis</strong></span> <span class='ocrx_word' id='word_1_484' title='bbox 2549 3009 2672 3048; x_wconf 89' lang='lat' dir='ltr'><strong>cum</strong></span> <span class='ocrx_word' id='word_1_485' title='bbox 2704 2990 2966 3047; x_wconf 89' lang='lat' dir='ltr'><strong>conviciis</strong></span> <span class='ocrx_word' id='word_1_486' title='bbox 2999 2990 3050 3043; x_wconf 91' lang='lat' dir='ltr'><strong>in</strong></span> <span class='ocrx_word' id='word_1_487' title='bbox 3083 2988 3297 3056; x_wconf 88' lang='lat' dir='ltr'><strong>scriptis</strong></span> <span class='ocrx_word' id='word_1_488' title='bbox 3318 2985 3432 3042; x_wconf 90' lang='lat' dir='ltr'><strong>suis</strong></span> 
     </span>
    </p>
   </div>
   <div class='ocr_carea' id='block_1_67' title="bbox 1848 3077 3428 3154">
    <p class='ocr_par' dir='ltr' id='par_1_67' title="bbox 1848 3077 3428 3154">
     <span class='ocr_line' id='line_1_68' title="bbox 1848 3077 3428 3154; baseline -0.013 -5"><span class='ocrx_word' id='word_1_489' title='bbox 1848 3102 2160 3149; x_wconf 87' lang='lat' dir='ltr'><strong>onerantes.</strong></span> <span class='ocrx_word' id='word_1_490' title='bbox 2198 3089 2333 3142; x_wconf 86' lang='lat' dir='ltr'><strong>Tum</strong></span> <span class='ocrx_word' id='word_1_491' title='bbox 2359 3100 2520 3154; x_wconf 87' lang='lat' dir='ltr'><strong>quam</strong></span> <span class='ocrx_word' id='word_1_492' title='bbox 2557 3082 2840 3138; x_wconf 87' lang='lat' dir='ltr'><strong>celerrime</strong></span> <span class='ocrx_word' id='word_1_493' title='bbox 2867 3077 3261 3146; x_wconf 87' lang='lat' dir='ltr'><strong>Jerosolymam</strong></span> <span class='ocrx_word' id='word_1_494' title='bbox 3291 3091 3428 3130; x_wconf 90' lang='lat' dir='ltr'><strong>con-</strong></span> 
     </span>
    </p>
   </div>
   <div class='ocr_carea' id='block_1_68' title="bbox 1851 3165 3433 3245">
    <p class='ocr_par' dir='ltr' id='par_1_68' title="bbox 1851 3165 3433 3245">
     <span class='ocr_line' id='line_1_69' title="bbox 1851 3165 3433 3245; baseline -0.013 -5"><span class='ocrx_word' id='word_1_495' title='bbox 1851 3197 2088 3245; x_wconf 83' lang='lat' dir='ltr'><strong>cessere,</strong></span> <span class='ocrx_word' id='word_1_496' title='bbox 2113 3181 2178 3234; x_wconf 91' lang='lat' dir='ltr'><strong>ad</strong></span> <span class='ocrx_word' id='word_1_497' title='bbox 2219 3192 2368 3232; x_wconf 67' lang='lat' dir='ltr'><strong>nova:</strong></span> <span class='ocrx_word' id='word_1_498' title='bbox 2404 3172 2757 3242; x_wconf 52' lang='lat' dir='ltr'><strong>.l&#39;erosolymae</strong></span> <span class='ocrx_word' id='word_1_499' title='bbox 2789 3168 3210 3224; x_wconf 88' lang='lat' dir='ltr'><strong>dedicationem.</strong></span> <span class='ocrx_word' id='word_1_500' title='bbox 3251 3165 3433 3220; x_wconf 83' lang='lat' dir='ltr'><strong>lstltuc</strong></span> 
     </span>
    </p>
   </div>
   <div class='ocr_carea' id='block_1_69' title="bbox 1851 3257 3430 3347">
    <p class='ocr_par' dir='ltr' id='par_1_69' title="bbox 1851 3257 3430 3347">
     <span class='ocr_line' id='line_1_70' title="bbox 1851 3257 3430 3347; baseline -0.012 -16"><span class='ocrx_word' id='word_1_501' title='bbox 1851 3291 2012 3347; x_wconf 89' lang='lat' dir='ltr'><strong>porro</strong></span> <span class='ocrx_word' id='word_1_502' title='bbox 2042 3278 2421 3329; x_wconf 88' lang='lat' dir='ltr'><strong>occurrentem</strong></span> <span class='ocrx_word' id='word_1_503' title='bbox 2453 3266 2640 3320; x_wconf 86' lang='lat' dir='ltr'><strong>Arium</strong></span> <span class='ocrx_word' id='word_1_504' title='bbox 2675 3264 2986 3327; x_wconf 86' lang='lat' dir='ltr'><strong>admittunt,</strong></span> <span class='ocrx_word' id='word_1_505' title='bbox 3011 3260 3101 3330; x_wconf 89' lang='lat' dir='ltr'><strong>qui</strong></span> <span class='ocrx_word' id='word_1_506' title='bbox 3134 3259 3186 3314; x_wconf 94' lang='lat' dir='ltr'><strong>in</strong></span> <span class='ocrx_word' id='word_1_507' title='bbox 3211 3257 3430 3314; x_wconf 67' lang='lat' dir='ltr'><strong>Nicazna</strong></span> 
     </span>
    </p>
   </div>
   <div class='ocr_carea' id='block_1_70' title="bbox 1853 3349 3428 3440">
    <p class='ocr_par' dir='ltr' id='par_1_70' title="bbox 1853 3349 3428 3440">
     <span class='ocr_line' id='line_1_71' title="bbox 1853 3349 3428 3440; baseline -0.015 -16"><span class='ocrx_word' id='word_1_508' title='bbox 1853 3368 2100 3440; x_wconf 85' lang='lat' dir='ltr'><strong>synodo,</strong></span> <span class='ocrx_word' id='word_1_509' title='bbox 2139 3357 2585 3419; x_wconf 88' lang='lat' dir='ltr'><strong>consubstantiali</strong></span> <span class='ocrx_word' id='word_1_510' title='bbox 2645 3354 2901 3410; x_wconf 90' lang='lat' dir='ltr'><strong>simulate</strong></span> <span class='ocrx_word' id='word_1_511' title='bbox 2949 3349 3428 3418; x_wconf 84' lang='lat' dir='ltr'><strong>subscripserant;</strong></span> 
     </span>
    </p>
   </div>
   <div class='ocr_carea' id='block_1_71' title="bbox 1856 3437 3431 3513">
    <p class='ocr_par' dir='ltr' id='par_1_71' title="bbox 1856 3437 3431 3513">
     <span class='ocr_line' id='line_1_72' title="bbox 1856 3437 3431 3513; baseline -0.015 0"><span class='ocrx_word' id='word_1_512' title='bbox 1856 3437 2120 3513; x_wconf 73' lang='lat' dir='ltr'><strong>Eusebius</strong></span> <span class='ocrx_word' id='word_1_513' title='bbox 2162 3452 2418 3507; x_wconf 90' lang='lat' dir='ltr'><strong>videlicet</strong></span> <span class='ocrx_word' id='word_1_514' title='bbox 2447 3443 2879 3503; x_wconf 83' lang='lat' dir='ltr'><strong>Nicomediensis</strong></span> <span class='ocrx_word' id='word_1_515' title='bbox 2905 3450 2956 3496; x_wconf 92' lang='lat' dir='ltr'><strong>el</strong></span> <span class='ocrx_word' id='word_1_516' title='bbox 2991 3441 3147 3496; x_wconf 87' lang='lat' dir='ltr'><strong>socii.</strong></span> <span class='ocrx_word' id='word_1_517' title='bbox 3171 3437 3271 3505; x_wconf 85' lang='lat' dir='ltr'><strong>Qui</strong></span> <span class='ocrx_word' id='word_1_518' title='bbox 3300 3451 3431 3492; x_wconf 90' lang='lat' dir='ltr'><strong>vero</strong></span> 
     </span>
    </p>
   </div>
   <div class='ocr_carea' id='block_1_72' title="bbox 1469 3532 3433 3645">
    <p class='ocr_par' dir='ltr' id='par_1_72' title="bbox 1469 3532 3433 3645">
     <span class='ocr_line' id='line_1_73' title="bbox 1469 3532 3433 3645; baseline -0.018 -26"><span class='ocrx_word' id='word_1_519' title='bbox 1469 3565 1528 3618; x_wconf 84' lang='grc' dir='ltr'>τὸ</span> <span class='ocrx_word' id='word_1_520' title='bbox 1553 3563 1755 3632; x_wconf 81' lang='grc' dir='ltr'>όμοού-</span> <span class='ocrx_word' id='word_1_521' title='bbox 1781 3584 1827 3645; x_wconf 70' lang='lat' dir='ltr'><strong>C</strong></span> <span class='ocrx_word' id='word_1_522' title='bbox 1856 3551 2173 3607; x_wconf 69' lang='lat' dir='ltr'><strong>orthodoxae</strong></span> <span class='ocrx_word' id='word_1_523' title='bbox 2231 3545 2356 3598; x_wconf 83' lang='lat' dir='ltr'><strong>fidei</strong></span> <span class='ocrx_word' id='word_1_524' title='bbox 2417 3549 2594 3605; x_wconf 86' lang='lat' dir='ltr'><strong>erant,</strong></span> <span class='ocrx_word' id='word_1_525' title='bbox 2634 3537 2822 3592; x_wconf 89' lang='lat' dir='ltr'><strong>Arium</strong></span> <span class='ocrx_word' id='word_1_526' title='bbox 2863 3532 3142 3596; x_wconf 88' lang='lat' dir='ltr'><strong>aversati,</strong></span> <span class='ocrx_word' id='word_1_527' title='bbox 3192 3539 3433 3586; x_wconf 85' lang='lat' dir='ltr'><strong>statuere</strong></span> 
     </span>
     <span class='ocr_line' id='line_1_74' title="bbox 1953 3623 3431 3645; baseline -0.015 6"><span class='ocrx_word' id='word_1_528' title='bbox 1953 3643 1977 3645; x_wconf 22' lang='grc' dir='ltr'><strong>ν,</strong></span> <span class='ocrx_word' id='word_1_529' title='bbox 2075 3642 2085 3645; x_wconf 88' lang='grc'><strong>-</strong></span> <span class='ocrx_word' id='word_1_530' title='bbox 2573 3634 2586 3645; x_wconf 87' lang='grc'><strong>,</strong></span> <span class='ocrx_word' id='word_1_531' title='bbox 2686 3629 2736 3645; x_wconf 83' lang='grc'><strong>,,</strong></span> <span class='ocrx_word' id='word_1_532' title='bbox 3077 3623 3275 3645; x_wconf 28' lang='grc' dir='ltr'>,μμ-,Δ</span> <span class='ocrx_word' id='word_1_533' title='bbox 3328 3635 3431 3645; x_wconf 51' lang='grc' dir='ltr'><strong>,Μ</strong></span> 
     </span>
    </p>
   </div>
   <div class='ocr_carea' id='block_1_73' title="bbox 1858 3623 3434 3701">
    <p class='ocr_par' dir='ltr' id='par_1_73' title="bbox 1858 3623 3434 3701">
     <span class='ocr_line' id='line_1_75' title="bbox 1858 3623 3434 3701; baseline -0.016 -2"><span class='ocrx_word' id='word_1_534' title='bbox 1858 3642 2182 3701; x_wconf 85' lang='lat' dir='ltr'><strong>audiendum</strong></span> <span class='ocrx_word' id='word_1_535' title='bbox 2225 3636 2376 3690; x_wconf 91' lang='lat' dir='ltr'><strong>illum</strong></span> <span class='ocrx_word' id='word_1_536' title='bbox 2410 3647 2529 3689; x_wconf 91' lang='lat' dir='ltr'><strong>esse</strong></span> <span class='ocrx_word' id='word_1_537' title='bbox 2572 3634 2626 3687; x_wconf 90' lang='lat' dir='ltr'><strong>in</strong></span> <span class='ocrx_word' id='word_1_538' title='bbox 2672 3627 3037 3683; x_wconf 81' lang='lat' dir='ltr'><strong>Alexandrina</strong></span> <span class='ocrx_word' id='word_1_539' title='bbox 3076 3623 3301 3696; x_wconf 88' lang='lat' dir='ltr'><strong>synodo,</strong></span> <span class='ocrx_word' id='word_1_540' title='bbox 3325 3635 3434 3690; x_wconf 91' lang='lat' dir='ltr'><strong>quo</strong></span> 
     </span>
    </p>
   </div>
   <div class='ocr_carea' id='block_1_74' title="bbox 1861 3712 3431 3795">
    <p class='ocr_par' dir='ltr' id='par_1_74' title="bbox 1861 3712 3431 3795">
     <span class='ocr_line' id='line_1_76' title="bbox 1861 3712 3431 3795; baseline -0.017 -4"><span class='ocrx_word' id='word_1_541' title='bbox 1861 3737 2008 3791; x_wconf 89' lang='lat' dir='ltr'><strong>illum</strong></span> <span class='ocrx_word' id='word_1_542' title='bbox 2045 3730 2380 3788; x_wconf 91' lang='lat' dir='ltr'><strong>concessisse</strong></span> <span class='ocrx_word' id='word_1_543' title='bbox 2408 3725 2805 3795; x_wconf 83' lang='lat' dir='ltr'><strong>deprehensum</strong></span> <span class='ocrx_word' id='word_1_544' title='bbox 2831 3719 3028 3774; x_wconf 84' lang='lat' dir='ltr'><strong>fuerat.</strong></span> <span class='ocrx_word' id='word_1_545' title='bbox 3056 3716 3190 3770; x_wconf 88' lang='lat' dir='ltr'><strong>Cum</strong></span> <span class='ocrx_word' id='word_1_546' title='bbox 3215 3714 3331 3767; x_wconf 69' lang='lat' dir='ltr'><strong>hanc</strong></span> <span class='ocrx_word' id='word_1_547' title='bbox 3354 3712 3431 3766; x_wconf 89' lang='lat' dir='ltr'><strong>ita</strong></span> 
     </span>
    </p>
   </div>
   <div class='ocr_carea' id='block_1_75' title="bbox 1859 3801 3431 3887">
    <p class='ocr_par' dir='ltr' id='par_1_75' title="bbox 1859 3801 3431 3887">
     <span class='ocr_line' id='line_1_77' title="bbox 1859 3801 3431 3887; baseline -0.019 -2"><span class='ocrx_word' id='word_1_548' title='bbox 1859 3844 1918 3886; x_wconf 88' lang='lat' dir='ltr'><strong>se</strong></span> <span class='ocrx_word' id='word_1_549' title='bbox 1945 3827 2229 3887; x_wconf 85' lang='lat' dir='ltr'><strong>haberent,</strong></span> <span class='ocrx_word' id='word_1_550' title='bbox 2259 3819 2522 3875; x_wconf 89' lang='lat' dir='ltr'><strong>accedunt</strong></span> <span class='ocrx_word' id='word_1_551' title='bbox 2553 3814 2670 3868; x_wconf 68' lang='lat' dir='ltr'><strong>alia:</strong></span> <span class='ocrx_word' id='word_1_552' title='bbox 2709 3813 2903 3868; x_wconf 70' lang='lat' dir='ltr'><strong>litterae</strong></span> <span class='ocrx_word' id='word_1_553' title='bbox 2952 3805 3320 3876; x_wconf 85' lang='lat' dir='ltr'><strong>imperatoris,</strong></span> <span class='ocrx_word' id='word_1_554' title='bbox 3343 3801 3431 3870; x_wconf 82' lang='lat' dir='ltr'><strong>ju-</strong></span> 
     </span>
    </p>
   </div>
   <div class='ocr_carea' id='block_1_76' title="bbox 1859 3895 3427 3976">
    <p class='ocr_par' dir='ltr' id='par_1_76' title="bbox 1859 3895 3427 3976">
     <span class='ocr_line' id='line_1_78' title="bbox 1859 3895 3427 3976; baseline -0.018 0"><span class='ocrx_word' id='word_1_555' title='bbox 1859 3923 2049 3976; x_wconf 89' lang='lat' dir='ltr'><strong>benles</strong></span> <span class='ocrx_word' id='word_1_556' title='bbox 2089 3912 2444 3972; x_wconf 84' lang='lat' dir='ltr'><strong>Athanasium</strong></span> <span class='ocrx_word' id='word_1_557' title='bbox 2470 3908 2753 3970; x_wconf 84' lang='lat' dir='ltr'><strong>accedere,</strong></span> <span class='ocrx_word' id='word_1_558' title='bbox 2797 3905 3053 3972; x_wconf 88' lang='lat' dir='ltr'><strong>ipsosque</strong></span> <span class='ocrx_word' id='word_1_559' title='bbox 3107 3895 3427 3954; x_wconf 87' lang='lat' dir='ltr'><strong>Constanti-</strong></span> 
     </span>
    </p>
   </div>
   <div class='ocr_carea' id='block_1_77' title="bbox 1864 3990 3285 4078">
    <p class='ocr_par' dir='ltr' id='par_1_77' title="bbox 1864 3990 3285 4078">
     <span class='ocr_line' id='line_1_79' title="bbox 1864 3990 3285 4078; baseline -0.02 -9"><span class='ocrx_word' id='word_1_560' title='bbox 1864 4012 2099 4078; x_wconf 88' lang='lat' dir='ltr'><strong>nopolim</strong></span> <span class='ocrx_word' id='word_1_561' title='bbox 2145 4022 2308 4078; x_wconf 90' lang='lat' dir='ltr'><strong>quam</strong></span> <span class='ocrx_word' id='word_1_562' title='bbox 2345 4002 2661 4059; x_wconf 88' lang='lat' dir='ltr'><strong>maturrime</strong></span> <span class='ocrx_word' id='word_1_563' title='bbox 2690 4013 2748 4052; x_wconf 89' lang='lat' dir='ltr'><strong>se</strong></span> <span class='ocrx_word' id='word_1_564' title='bbox 2775 3995 3044 4052; x_wconf 85' lang='lat' dir='ltr'><strong>conferre.</strong></span> <span class='ocrx_word' id='word_1_565' title='bbox 3275 3990 3285 3998; x_wconf 82' lang='grc'><strong>“</strong></span> 
     </span>
    </p>
   </div>
   <div class='ocr_carea' id='block_1_78' title="bbox 2037 4081 3431 4169">
    <p class='ocr_par' dir='ltr' id='par_1_78' title="bbox 2037 4081 3431 4169">
     <span class='ocr_line' id='line_1_80' title="bbox 2037 4081 3431 4169; baseline -0.018 -9"><span class='ocrx_word' id='word_1_566' title='bbox 2037 4103 2352 4160; x_wconf 80' lang='grc' dir='ltr'>Ἀθανάσιον</span> <span class='ocrx_word' id='word_1_567' title='bbox 2405 4098 2502 4169; x_wconf 82' lang='grc' dir='ltr'><strong>μὲν</strong></span> <span class='ocrx_word' id='word_1_568' title='bbox 2562 4095 2720 4166; x_wconf 69' lang='grc' dir='ltr'>ἥκειν</span> <span class='ocrx_word' id='word_1_569' title='bbox 2779 4089 2915 4162; x_wconf 84' lang='grc' dir='ltr'>πρὸς</span> <span class='ocrx_word' id='word_1_570' title='bbox 2974 4085 3138 4140; x_wconf 75' lang='grc' dir='ltr'>αὑτὸν</span> <span class='ocrx_word' id='word_1_571' title='bbox 3168 4123 3184 4150; x_wconf 91' lang='grc'><strong>,</strong></span> <span class='ocrx_word' id='word_1_572' title='bbox 3237 4081 3431 4144; x_wconf 78' lang='grc' dir='ltr'>αὐτοὺς</span> 
     </span>
    </p>
   </div>
   <div class='ocr_carea' id='block_1_79' title="bbox 167 4205 1942 4302">
    <p class='ocr_par' dir='ltr' id='par_1_79' title="bbox 167 4205 1942 4302">
     <span class='ocr_line' id='line_1_81' title="bbox 167 4205 1942 4302; baseline -0.017 -16"><span class='ocrx_word' id='word_1_573' title='bbox 167 4230 212 4283; x_wconf 74' lang='grc' dir='ltr'>δὲ</span> <span class='ocrx_word' id='word_1_574' title='bbox 265 4234 523 4302; x_wconf 82' lang='grc' dir='ltr'>παρεῖναι</span> <span class='ocrx_word' id='word_1_575' title='bbox 595 4227 672 4290; x_wconf 82' lang='grc' dir='ltr'>ὡς</span> <span class='ocrx_word' id='word_1_576' title='bbox 734 4222 975 4292; x_wconf 78' lang='grc' dir='ltr'>τάχιστα</span> <span class='ocrx_word' id='word_1_577' title='bbox 1038 4221 1118 4281; x_wconf 85' lang='grc' dir='ltr'><strong>είς</strong></span> <span class='ocrx_word' id='word_1_578' title='bbox 1189 4217 1288 4288; x_wconf 83' lang='grc' dir='ltr'>τὴν</span> <span class='ocrx_word' id='word_1_579' title='bbox 1351 4205 1942 4268; x_wconf 80' lang='grc' dir='ltr'>Κωνσταντινούπολιν.</span> 
     </span>
    </p>
   </div>
   <div class='ocr_carea' id='block_1_80' title="bbox 543 4353 1366 4426">
    <p class='ocr_par' dir='ltr' id='par_1_80' title="bbox 543 4353 1366 4426">
     <span class='ocr_line' id='line_1_82' title="bbox 543 4353 1366 4426; baseline -0.015 -8"><span class='ocrx_word' id='word_1_580' title='bbox 543 4359 879 4426; x_wconf 78' lang='grc' dir='ltr'>Ἐπιστολὴ</span> <span class='ocrx_word' id='word_1_581' title='bbox 911 4357 1016 4411; x_wconf 83' lang='grc' dir='ltr'>τοῦ</span> <span class='ocrx_word' id='word_1_582' title='bbox 1038 4353 1366 4420; x_wconf 76' lang='grc' dir='ltr'>βασιλέως.</span> 
     </span>
    </p>
   </div>
   <div class='ocr_carea' id='block_1_81' title="bbox 233 4442 1757 4532">
    <p class='ocr_par' dir='ltr' id='par_1_81' title="bbox 233 4442 1757 4532">
     <span class='ocr_line' id='line_1_83' title="bbox 233 4442 1757 4532; baseline -0.014 -18"><span class='ocrx_word' id='word_1_583' title='bbox 233 4461 518 4532; x_wconf 78' lang='grc' dir='ltr'>ι’Νικητὴς</span> <span class='ocrx_word' id='word_1_584' title='bbox 541 4454 987 4514; x_wconf 85' lang='grc' dir='ltr'>Κωνσταντῖνος,</span> <span class='ocrx_word' id='word_1_585' title='bbox 1015 4447 1301 4509; x_wconf 85' lang='grc' dir='ltr'>Σεϐαστὸς,</span> <span class='ocrx_word' id='word_1_586' title='bbox 1335 4447 1448 4509; x_wconf 86' lang='grc' dir='ltr'>τοῖς</span> <span class='ocrx_word' id='word_1_587' title='bbox 1489 4443 1558 4514; x_wconf 68' lang='grc' dir='ltr'>ἐν]</span> <span class='ocrx_word' id='word_1_588' title='bbox 1596 4442 1757 4514; x_wconf 85' lang='grc' dir='ltr'>Τύρῳ</span> 
     </span>
    </p>
   </div>
   <div class='ocr_carea' id='block_1_82' title="bbox 172 4547 878 4608">
    <p class='ocr_par' dir='ltr' id='par_1_82' title="bbox 172 4547 878 4608">
     <span class='ocr_line' id='line_1_84' title="bbox 172 4547 878 4608; baseline -0.011 -3"><span class='ocrx_word' id='word_1_589' title='bbox 172 4554 492 4608; x_wconf 72' lang='grc' dir='ltr'>συνελθοῦσιν</span> <span class='ocrx_word' id='word_1_590' title='bbox 521 4547 878 4607; x_wconf 85' lang='grc' dir='ltr'>ἐπισκόποις.</span> 
     </span>
    </p>
   </div>
   <div class='ocr_carea' id='block_1_83' title="bbox 234 4628 1757 4716">
    <p class='ocr_par' dir='ltr' id='par_1_83' title="bbox 234 4628 1757 4716">
     <span class='ocr_line' id='line_1_85' title="bbox 234 4628 1757 4716; baseline -0.014 -16"><span class='ocrx_word' id='word_1_591' title='bbox 234 4667 250 4699; x_wconf 79' lang='grc' dir='ltr'><strong>ι</strong></span> <span class='ocrx_word' id='word_1_592' title='bbox 279 4646 421 4716; x_wconf 82' lang='grc' dir='ltr'>Ἐγὼ</span> <span class='ocrx_word' id='word_1_593' title='bbox 452 4644 557 4715; x_wconf 79' lang='grc' dir='ltr'><strong>μὲν</strong></span> <span class='ocrx_word' id='word_1_594' title='bbox 612 4637 804 4710; x_wconf 85' lang='grc' dir='ltr'>ἀγνοῶ</span> <span class='ocrx_word' id='word_1_595' title='bbox 831 4636 954 4688; x_wconf 88' lang='grc' dir='ltr'>τίνα</span> <span class='ocrx_word' id='word_1_596' title='bbox 981 4633 1096 4686; x_wconf 80' lang='grc' dir='ltr'>ἐστὶ</span> <span class='ocrx_word' id='word_1_597' title='bbox 1125 4632 1192 4686; x_wconf 81' lang='grc' dir='ltr'><strong>τὰ</strong></span> <span class='ocrx_word' id='word_1_598' title='bbox 1230 4630 1336 4684; x_wconf 86' lang='grc' dir='ltr'><strong>ὑπὸ</strong></span> <span class='ocrx_word' id='word_1_599' title='bbox 1364 4629 1462 4700; x_wconf 84' lang='grc' dir='ltr'>τῆς</span> <span class='ocrx_word' id='word_1_600' title='bbox 1483 4628 1757 4700; x_wconf 84' lang='grc' dir='ltr'>ὑμετέρας</span> 
     </span>
    </p>
   </div>
   <div class='ocr_carea' id='block_1_84' title="bbox 175 4719 1760 4812">
    <p class='ocr_par' dir='ltr' id='par_1_84' title="bbox 175 4719 1760 4812">
     <span class='ocr_line' id='line_1_86' title="bbox 175 4719 1760 4812; baseline -0.015 -18"><span class='ocrx_word' id='word_1_601' title='bbox 175 4744 367 4796; x_wconf 64' lang='grc' dir='ltr'>συνόδου</span> <span class='ocrx_word' id='word_1_602' title='bbox 410 4741 553 4812; x_wconf 86' lang='grc' dir='ltr'><strong>μετά</strong></span> <span class='ocrx_word' id='word_1_603' title='bbox 582 4734 826 4808; x_wconf 87' lang='grc' dir='ltr'>θορύϐου</span> <span class='ocrx_word' id='word_1_604' title='bbox 878 4729 972 4784; x_wconf 73' lang='grc' dir='ltr'><strong>καὶ</strong></span> <span class='ocrx_word' id='word_1_605' title='bbox 1004 4728 1269 4799; x_wconf 85' lang='grc' dir='ltr'>χειμῶνος</span> <span class='ocrx_word' id='word_1_606' title='bbox 1305 4721 1577 4795; x_wconf 83' lang='grc' dir='ltr'>κριθέντα·</span> <span class='ocrx_word' id='word_1_607' title='bbox 1610 4719 1760 4774; x_wconf 90' lang='grc' dir='ltr'>δοκεῖ</span> 
     </span>
    </p>
   </div>
   <div class='ocr_carea' id='block_1_85' title="bbox 175 4813 1757 4901">
    <p class='ocr_par' dir='ltr' id='par_1_85' title="bbox 175 4813 1757 4901">
     <span class='ocr_line' id='line_1_87' title="bbox 175 4813 1757 4901; baseline -0.015 -13"><span class='ocrx_word' id='word_1_608' title='bbox 175 4837 222 4890; x_wconf 83' lang='grc' dir='ltr'><strong>δέ</strong></span> <span class='ocrx_word' id='word_1_609' title='bbox 251 4856 361 4901; x_wconf 84' lang='grc' dir='ltr'><strong>πως</strong></span> <span class='ocrx_word' id='word_1_610' title='bbox 389 4835 498 4896; x_wconf 81' lang='grc' dir='ltr'><strong>ὑπό</strong></span> <span class='ocrx_word' id='word_1_611' title='bbox 525 4849 677 4894; x_wconf 88' lang='grc' dir='ltr'>τινος</span> <span class='ocrx_word' id='word_1_612' title='bbox 703 4823 1060 4898; x_wconf 80' lang='grc' dir='ltr'>ταραχώδους</span> <span class='ocrx_word' id='word_1_613' title='bbox 1084 4819 1308 4884; x_wconf 79' lang='grc' dir='ltr'>ἀταξίας</span> <span class='ocrx_word' id='word_1_614' title='bbox 1345 4819 1378 4887; x_wconf 84' lang='grc' dir='ltr'>ἡ</span> <span class='ocrx_word' id='word_1_615' title='bbox 1400 4815 1626 4886; x_wconf 80' lang='grc' dir='ltr'>ἀλήθεια</span> <span class='ocrx_word' id='word_1_616' title='bbox 1649 4813 1757 4866; x_wconf 87' lang='grc' dir='ltr'>διε-</span> 
     </span>
    </p>
   </div>
   <div class='ocr_carea' id='block_1_86' title="bbox 177 4902 1755 4998">
    <p class='ocr_par' dir='ltr' id='par_1_86' title="bbox 177 4902 1755 4998">
     <span class='ocr_line' id='line_1_88' title="bbox 177 4902 1755 4998; baseline -0.017 -18"><span class='ocrx_word' id='word_1_617' title='bbox 177 4928 426 4998; x_wconf 73' lang='grc' dir='ltr'>στράφθαι</span> <span class='ocrx_word' id='word_1_618' title='bbox 455 4926 546 4994; x_wconf 82' lang='grc' dir='ltr'><strong>ὑφ’</strong></span> <span class='ocrx_word' id='word_1_619' title='bbox 581 4920 767 4994; x_wconf 80' lang='grc' dir='ltr'>ὑμῶν,</span> <span class='ocrx_word' id='word_1_620' title='bbox 791 4914 992 4985; x_wconf 85' lang='grc' dir='ltr'>δηλαδὴ</span> <span class='ocrx_word' id='word_1_621' title='bbox 1018 4911 1107 4965; x_wconf 86' lang='grc' dir='ltr'><strong>διά</strong></span> <span class='ocrx_word' id='word_1_622' title='bbox 1147 4910 1244 4982; x_wconf 79' lang='grc' dir='ltr'>τὴν</span> <span class='ocrx_word' id='word_1_623' title='bbox 1272 4908 1418 4978; x_wconf 19' lang='grc' dir='ltr'>πρὸς,</span> <span class='ocrx_word' id='word_1_624' title='bbox 1444 4907 1570 4968; x_wconf 74' lang='grc' dir='ltr'>τοὺς</span> <span class='ocrx_word' id='word_1_625' title='bbox 1615 4902 1755 4972; x_wconf 89' lang='grc' dir='ltr'>πλη-</span> 
     </span>
    </p>
   </div>
   <div class='ocr_carea' id='block_1_87' title="bbox 177 4973 1747 5091">
    <p class='ocr_par' dir='ltr' id='par_1_87' title="bbox 177 4973 1747 5091">
     <span class='ocr_line' id='line_1_89' title="bbox 177 4973 1747 5091; baseline -0.015 -20"><span class='ocrx_word' id='word_1_626' title='bbox 177 4973 646 5091; x_wconf 57' lang='lat' dir='ltr'><strong>sit:</strong></span> <span class='ocrx_word' id='word_1_627' title='bbox 797 4973 1062 5079; x_wconf 64' lang='grc' dir='ltr'>ἀήττητον</span> <span class='ocrx_word' id='word_1_628' title='bbox 1087 5005 1153 5076; x_wconf 85' lang='lat' dir='ltr'><strong>(e)</strong></span> <span class='ocrx_word' id='word_1_629' title='bbox 1182 4973 1330 5056; x_wconf 40' lang='lat' dir='ltr'><strong>sivat&#39;</strong></span> <span class='ocrx_word' id='word_1_630' title='bbox 1350 4997 1605 5069; x_wconf 81' lang='grc' dir='ltr'>βούλεσθε</span> <span class='ocrx_word' id='word_1_631' title='bbox 1624 5038 1639 5063; x_wconf 90' lang='grc'><strong>,</strong></span> <span class='ocrx_word' id='word_1_632' title='bbox 1693 4994 1747 5048; x_wconf 71' lang='grc' dir='ltr'>τὸ</span> 
     </span>
    </p>
   </div>
   <div class='ocr_carea' id='block_1_88' title="bbox 1854 4973 2564 5091">
    <p class='ocr_par' dir='ltr' id='par_1_88' title="bbox 1867 4973 2564 5091">
     <span class='ocr_line' id='line_1_90' title="bbox 1867 4973 2564 5056; baseline -0.023 -16"><span class='ocrx_word' id='word_1_633' title='bbox 1867 4999 2027 5056; x_wconf 89' lang='lat' dir='ltr'><strong>quam</strong></span> <span class='ocrx_word' id='word_1_634' title='bbox 2075 4979 2329 5036; x_wconf 89' lang='lat' dir='ltr'><strong>invictam</strong></span> <span class='ocrx_word' id='word_1_635' title='bbox 2377 4973 2564 5037; x_wconf 87' lang='lat' dir='ltr'><strong>vultis,</strong></span> 
     </span>
     <span class='ocr_line' id='line_1_91' title="bbox 1999 5066 2564 5091; baseline -0.016 9"><span class='ocrx_word' id='word_1_636' title='bbox 1999 5089 2006 5091; x_wconf 90' lang='lat'><strong><em>-</em></strong></span> <span class='ocrx_word' id='word_1_637' title='bbox 2094 5075 2230 5091; x_wconf 41' lang='lat' dir='ltr'><strong>nn---</strong></span> <span class='ocrx_word' id='word_1_638' title='bbox 2307 5067 2411 5091; x_wconf 61' lang='grc' dir='ltr'><strong>ο.-)</strong></span> <span class='ocrx_word' id='word_1_639' title='bbox 2467 5066 2564 5091; x_wconf 67' lang='grc' dir='ltr'><strong>-..ιο</strong></span> 
     </span>
    </p>
   </div>
   <div class='ocr_carea' id='block_1_89' title="bbox 175 5086 1761 5184">
    <p class='ocr_par' dir='ltr' id='par_1_89' title="bbox 175 5086 1761 5184">
     <span class='ocr_line' id='line_1_92' title="bbox 175 5086 1761 5184; baseline -0.018 -18"><span class='ocrx_word' id='word_1_640' title='bbox 175 5113 241 5182; x_wconf 79' lang='grc' dir='ltr'>τῷ</span> <span class='ocrx_word' id='word_1_641' title='bbox 280 5086 383 5184; x_wconf 77' lang='grc' dir='ltr'><strong>Θεῷ</strong></span> <span class='ocrx_word' id='word_1_642' title='bbox 407 5086 720 5184; x_wconf 73' lang='grc' dir='ltr'>ἀρέσκοντα</span> <span class='ocrx_word' id='word_1_643' title='bbox 762 5101 840 5174; x_wconf 82' lang='grc' dir='ltr'>μὴ</span> <span class='ocrx_word' id='word_1_644' title='bbox 890 5097 1239 5169; x_wconf 82' lang='grc' dir='ltr'>συνορῶντες.</span> <span class='ocrx_word' id='word_1_645' title='bbox 1288 5091 1426 5145; x_wconf 79' lang='grc' dir='ltr'>Ἀλλ’</span> <span class='ocrx_word' id='word_1_646' title='bbox 1463 5089 1612 5142; x_wconf 76' lang='grc' dir='ltr'>ἔσται</span> <span class='ocrx_word' id='word_1_647' title='bbox 1661 5086 1761 5156; x_wconf 82' lang='grc' dir='ltr'>τῆς</span> 
     </span>
    </p>
   </div>
   <div class='ocr_carea' id='block_1_90' title="bbox 179 5178 1758 5278">
    <p class='ocr_par' dir='ltr' id='par_1_90' title="bbox 179 5178 1758 5278">
     <span class='ocr_line' id='line_1_93' title="bbox 179 5178 1758 5278; baseline -0.019 -18"><span class='ocrx_word' id='word_1_648' title='bbox 179 5178 318 5268; x_wconf 71' lang='grc' dir='ltr'>θείας</span> <span class='ocrx_word' id='word_1_649' title='bbox 336 5178 590 5278; x_wconf 79' lang='grc' dir='ltr'>προνοίας</span> <span class='ocrx_word' id='word_1_650' title='bbox 613 5199 809 5271; x_wconf 79' lang='grc' dir='ltr'>ἔργον,</span> <span class='ocrx_word' id='word_1_651' title='bbox 832 5193 926 5246; x_wconf 74' lang='grc' dir='ltr'>καὶ</span> <span class='ocrx_word' id='word_1_652' title='bbox 958 5190 1017 5243; x_wconf 79' lang='grc' dir='ltr'><strong>τὸ</strong></span> <span class='ocrx_word' id='word_1_653' title='bbox 1045 5190 1143 5258; x_wconf 77' lang='grc' dir='ltr'>τῆς</span> <span class='ocrx_word' id='word_1_654' title='bbox 1170 5183 1501 5256; x_wconf 82' lang='grc' dir='ltr'>φιλονεικίας</span> <span class='ocrx_word' id='word_1_655' title='bbox 1534 5178 1758 5247; x_wconf 89' lang='grc' dir='ltr'>ταύτης,</span> 
     </span>
    </p>
   </div>
   <div class='ocr_carea' id='block_1_91' title="bbox 179 5271 1758 5369">
    <p class='ocr_par' dir='ltr' id='par_1_91' title="bbox 179 5271 1758 5369">
     <span class='ocr_line' id='line_1_94' title="bbox 179 5271 1758 5369; baseline -0.019 -17"><span class='ocrx_word' id='word_1_656' title='bbox 179 5300 270 5351; x_wconf 74' lang='grc' dir='ltr'>καὶ</span> <span class='ocrx_word' id='word_1_657' title='bbox 289 5298 349 5352; x_wconf 76' lang='grc' dir='ltr'>τὰ</span> <span class='ocrx_word' id='word_1_658' title='bbox 378 5271 651 5369; x_wconf 44' lang='grc' dir='ltr'>’φανερῶς</span> <span class='ocrx_word' id='word_1_659' title='bbox 683 5288 887 5344; x_wconf 80' lang='grc' dir='ltr'>ἁλόντα</span> <span class='ocrx_word' id='word_1_660' title='bbox 919 5281 1287 5340; x_wconf 81' lang='grc' dir='ltr'>διασκεδάσαι,</span> <span class='ocrx_word' id='word_1_661' title='bbox 1324 5277 1415 5330; x_wconf 74' lang='grc' dir='ltr'><strong>καὶ</strong></span> <span class='ocrx_word' id='word_1_662' title='bbox 1451 5276 1580 5345; x_wconf 74' lang='grc' dir='ltr'>ἡμῖν</span> <span class='ocrx_word' id='word_1_663' title='bbox 1607 5271 1758 5341; x_wconf 63' lang='grc' dir='ltr'>διαρε</span> 
     </span>
    </p>
   </div>
   <div class='ocr_carea' id='block_1_92' title="bbox 183 5363 1750 5460">
    <p class='ocr_par' dir='ltr' id='par_1_92' title="bbox 183 5363 1750 5460">
     <span class='ocr_line' id='line_1_95' title="bbox 183 5363 1750 5460; baseline -0.018 -18"><span class='ocrx_word' id='word_1_664' title='bbox 183 5389 332 5460; x_wconf 77' lang='grc' dir='ltr'>ρήδην</span> <span class='ocrx_word' id='word_1_665' title='bbox 371 5363 664 5451; x_wconf 69' lang='grc' dir='ltr'>ἐπιδεῖξαι,</span> <span class='ocrx_word' id='word_1_666' title='bbox 721 5379 778 5433; x_wconf 75' lang='grc' dir='ltr'><strong>εί</strong></span> <span class='ocrx_word' id='word_1_667' title='bbox 806 5393 927 5430; x_wconf 88' lang='grc' dir='ltr'>τινα</span> <span class='ocrx_word' id='word_1_668' title='bbox 953 5375 1050 5444; x_wconf 80' lang='grc' dir='ltr'>τῆς</span> <span class='ocrx_word' id='word_1_669' title='bbox 1079 5369 1334 5440; x_wconf 87' lang='grc' dir='ltr'>ἀληθείας</span> <span class='ocrx_word' id='word_1_670' title='bbox 1363 5364 1548 5420; x_wconf 80' lang='grc' dir='ltr'>αὐτόθι</span> <span class='ocrx_word' id='word_1_671' title='bbox 1574 5363 1750 5417; x_wconf 88' lang='grc' dir='ltr'>συνελ-</span> 
     </span>
    </p>
   </div>
   <div class='ocr_carea' id='block_1_93' title="bbox 182 5455 1760 5551">
    <p class='ocr_par' dir='ltr' id='par_1_93' title="bbox 182 5455 1760 5551">
     <span class='ocr_line' id='line_1_96' title="bbox 182 5455 1760 5551; baseline -0.016 -18"><span class='ocrx_word' id='word_1_672' title='bbox 399 5475 742 5551; x_wconf 79' lang='grc' dir='ltr'>ἐποιήσασθε</span> <span class='ocrx_word' id='word_1_673' title='bbox 800 5466 1073 5551; x_wconf 85' lang='grc' dir='ltr'>φροντίδα,</span> <span class='ocrx_word' id='word_1_674' title='bbox 1108 5463 1202 5517; x_wconf 72' lang='grc' dir='ltr'><strong>καὶ</strong></span> <span class='ocrx_word' id='word_1_675' title='bbox 1232 5463 1281 5513; x_wconf 80' lang='grc' dir='ltr'>εἰ</span> <span class='ocrx_word' id='word_1_676' title='bbox 1331 5459 1400 5512; x_wconf 66' lang='grc' dir='ltr'>τὰ</span> <span class='ocrx_word' id='word_1_677' title='bbox 1461 5455 1760 5527; x_wconf 88' lang='grc' dir='ltr'>κεκριμένα</span> 
     </span>
    </p>
   </div>
   <div class='ocr_carea' id='block_1_94' title="bbox 183 5547 1764 5643">
    <p class='ocr_par' dir='ltr' id='par_1_94' title="bbox 183 5547 1764 5643">
     <span class='ocr_line' id='line_1_97' title="bbox 183 5547 1764 5643; baseline -0.019 -18"><span class='ocrx_word' id='word_1_678' title='bbox 183 5574 327 5643; x_wconf 77' lang='grc' dir='ltr'>χωρίς</span> <span class='ocrx_word' id='word_1_679' title='bbox 354 5591 499 5637; x_wconf 84' lang='grc' dir='ltr'>τινος</span> <span class='ocrx_word' id='word_1_680' title='bbox 530 5547 770 5643; x_wconf 74' lang='grc' dir='ltr'>χάριτος</span> <span class='ocrx_word' id='word_1_681' title='bbox 805 5549 901 5614; x_wconf 68' lang='grc' dir='ltr'><strong>καὶ</strong></span> <span class='ocrx_word' id='word_1_682' title='bbox 932 5555 1226 5626; x_wconf 89' lang='grc' dir='ltr'>ἀπεχθείας</span> <span class='ocrx_word' id='word_1_683' title='bbox 1249 5547 1764 5614; x_wconf 86' lang='grc' dir='ltr'>ἐκοίνατε.Τοιγαρ-</span> 
     </span>
    </p>
   </div>
   <div class='ocr_carea' id='block_1_95' title="bbox 169 5755 1437 5844">
    <p class='ocr_par' dir='ltr' id='par_1_95' title="bbox 169 5755 1437 5844">
     <span class='ocr_line' id='line_1_98' title="bbox 169 5755 1437 5844; baseline -0.017 -16"><span class='ocrx_word' id='word_1_684' title='bbox 169 5821 173 5828; x_wconf 92' lang='grc'>.</span> <span class='ocrx_word' id='word_1_685' title='bbox 241 5777 303 5844; x_wconf 77' lang='lat' dir='ltr'><strong>la)</strong></span> <span class='ocrx_word' id='word_1_686' title='bbox 339 5775 429 5832; x_wconf 89' lang='lat' dir='ltr'><strong>Sic</strong></span> <span class='ocrx_word' id='word_1_687' title='bbox 469 5764 846 5844; x_wconf 74' lang='lat' dir='ltr'><strong>Palat._Editi</strong></span> <span class='ocrx_word' id='word_1_688' title='bbox 885 5775 1038 5824; x_wconf 77' lang='lat' dir='ltr'><strong>vero,</strong></span> <span class='ocrx_word' id='word_1_689' title='bbox 1071 5760 1199 5844; x_wconf 74' lang='grc' dir='ltr'>παρ’</span> <span class='ocrx_word' id='word_1_690' title='bbox 1225 5755 1437 5844; x_wconf 46' lang='grc' dir='ltr'>ἐαρτιδν.</span> 
     </span>
    </p>
   </div>
   <div class='ocr_carea' id='block_1_96' title="bbox 239 5817 1758 5910">
    <p class='ocr_par' dir='ltr' id='par_1_96' title="bbox 239 5817 1758 5910">
     <span class='ocr_line' id='line_1_99' title="bbox 239 5817 1758 5910; baseline -0.021 -6"><span class='ocrx_word' id='word_1_691' title='bbox 331 5817 891 5910; x_wconf 57' lang='grc' dir='ltr'><strong>ἔὲῑεὶΪὲᾧὲξῖνᾜικ</strong></span> <span class='ocrx_word' id='word_1_692' title='bbox 932 5817 1249 5905; x_wconf 70' lang='grc' dir='ltr'>μνημάτων.</span> <span class='ocrx_word' id='word_1_693' title='bbox 1294 5825 1434 5881; x_wconf 88' lang='lat' dir='ltr'><strong>Infra</strong></span> <span class='ocrx_word' id='word_1_694' title='bbox 1483 5821 1654 5885; x_wconf 87' lang='lat' dir='ltr'><strong>idem,</strong></span> <span class='ocrx_word' id='word_1_695' title='bbox 1697 5817 1758 5872; x_wconf 74' lang='grc' dir='ltr'>τὸ</span> 
     </span>
    </p>
   </div>
   <div class='ocr_carea' id='block_1_97' title="bbox 187 5859 726 5989">
    <p class='ocr_par' dir='ltr' id='par_1_97' title="bbox 187 5859 726 5989">
     <span class='ocr_line' id='line_1_100' title="bbox 239 5859 726 5970; baseline -0.023 -66"><span class='ocrx_word' id='word_1_696' title='bbox 239 5859 301 5910; x_wconf 79' lang='lat' dir='ltr'><strong>l0)</strong></span> <span class='ocrx_word' id='word_1_697' title='bbox 331 5859 503 5901; x_wconf 69' lang='lat' dir='ltr'><strong>Palat.</strong></span> <span class='ocrx_word' id='word_1_698' title='bbox 538 5859 722 5970; x_wconf 47' lang='grc' dir='ltr'>ζτέαςι</span> 
     </span>
     <span class='ocr_line' id='line_1_101' title="bbox 187 5918 726 5989; baseline -0.013 -20"><span class='ocrx_word' id='word_1_699' title='bbox 187 5919 308 5973; x_wconf 72' lang='grc' dir='ltr'>κενὸν</span> <span class='ocrx_word' id='word_1_700' title='bbox 337 5918 436 5989; x_wconf 75' lang='grc' dir='ltr'>τῆς</span> <span class='ocrx_word' id='word_1_701' title='bbox 470 5933 535 5970; x_wconf 87' lang='grc' dir='ltr'><strong>συ</strong></span> <span class='ocrx_word' id='word_1_702' title='bbox 635 5930 726 5965; x_wconf 79' lang='grc' dir='ltr'>ου.</span> 
     </span>
    </p>
   </div>
   <div class='ocr_carea' id='block_1_98' title="bbox 2336 4324 2956 4402">
    <p class='ocr_par' dir='ltr' id='par_1_98' title="bbox 2336 4324 2956 4402">
     <span class='ocr_line' id='line_1_102' title="bbox 2336 4324 2956 4402; baseline -0.023 -13"><span class='ocrx_word' id='word_1_703' title='bbox 2336 4331 2576 4402; x_wconf 77' lang='lat' dir='ltr'><strong>Epistula</strong></span> <span class='ocrx_word' id='word_1_704' title='bbox 2606 4324 2956 4396; x_wconf 76' lang='lat' dir='ltr'><strong>imperatoris.</strong></span> 
     </span>
    </p>
   </div>
   <div class='ocr_carea' id='block_1_99' title="bbox 1943 4407 3523 4490">
    <p class='ocr_par' dir='ltr' id='par_1_99' title="bbox 1943 4407 3523 4490">
     <span class='ocr_line' id='line_1_103' title="bbox 1943 4407 3523 4490; baseline -0.02 1"><span class='ocrx_word' id='word_1_705' title='bbox 1943 4456 1960 4490; x_wconf 75' lang='grc' dir='ltr'><strong>ι</strong></span> <span class='ocrx_word' id='word_1_706' title='bbox 1991 4435 2178 4490; x_wconf 82' lang='lat' dir='ltr'><strong>Victor</strong></span> <span class='ocrx_word' id='word_1_707' title='bbox 2208 4425 2596 4486; x_wconf 88' lang='lat' dir='ltr'><strong>Constantinus</strong></span> <span class='ocrx_word' id='word_1_708' title='bbox 2648 4421 2920 4486; x_wconf 76' lang='lat' dir='ltr'><strong>Augustus</strong></span> <span class='ocrx_word' id='word_1_709' title='bbox 2978 4409 3247 4480; x_wconf 77' lang='lat' dir='ltr'><strong>episcopis</strong></span> <span class='ocrx_word' id='word_1_710' title='bbox 3303 4407 3434 4480; x_wconf 85' lang='lat' dir='ltr'><strong>Tyri</strong></span> <span class='ocrx_word' id='word_1_711' title='bbox 3518 4461 3523 4465; x_wconf 75' lang='grc'><strong>,</strong></span> 
     </span>
    </p>
   </div>
   <div class='ocr_carea' id='block_1_100' title="bbox 1862 4524 2221 4599">
    <p class='ocr_par' dir='ltr' id='par_1_100' title="bbox 1862 4524 2221 4599">
     <span class='ocr_line' id='line_1_104' title="bbox 1862 4524 2221 4599; baseline -0.028 -14"><span class='ocrx_word' id='word_1_712' title='bbox 1862 4524 2221 4599; x_wconf 78' lang='lat' dir='ltr'><strong>congregatis.</strong></span> 
     </span>
    </p>
   </div>
   <div class='ocr_carea' id='block_1_101' title="bbox 1944 4589 3434 4687">
    <p class='ocr_par' dir='ltr' id='par_1_101' title="bbox 1944 4589 3434 4687">
     <span class='ocr_line' id='line_1_105' title="bbox 1944 4589 3434 4687; baseline -0.019 -13"><span class='ocrx_word' id='word_1_713' title='bbox 1944 4589 2246 4687; x_wconf 42' lang='lat' dir='ltr'><strong>(Equidem</strong></span> <span class='ocrx_word' id='word_1_714' title='bbox 2283 4611 2473 4679; x_wconf 82' lang='lat' dir='ltr'><strong>ignoro</strong></span> <span class='ocrx_word' id='word_1_715' title='bbox 2515 4615 2763 4672; x_wconf 69' lang='lat' dir='ltr'><strong>quaenam</strong></span> <span class='ocrx_word' id='word_1_716' title='bbox 2796 4598 2906 4652; x_wconf 91' lang='lat' dir='ltr'><strong>sint</strong></span> <span class='ocrx_word' id='word_1_717' title='bbox 2949 4610 2977 4650; x_wconf 90' lang='lat' dir='ltr'><strong>a</strong></span> <span class='ocrx_word' id='word_1_718' title='bbox 3013 4603 3194 4649; x_wconf 89' lang='lat' dir='ltr'><strong>vestra</strong></span> <span class='ocrx_word' id='word_1_719' title='bbox 3226 4589 3434 4661; x_wconf 88' lang='lat' dir='ltr'><strong>synodo</strong></span> 
     </span>
    </p>
   </div>
   <div class='ocr_carea' id='block_1_102' title="bbox 1868 4681 3432 4768">
    <p class='ocr_par' dir='ltr' id='par_1_102' title="bbox 1868 4681 3432 4768">
     <span class='ocr_line' id='line_1_106' title="bbox 1868 4681 3432 4768; baseline -0.02 0"><span class='ocrx_word' id='word_1_720' title='bbox 1868 4681 2203 4768; x_wconf 77' lang='lat' dir='ltr'><strong>turbulenter</strong></span> <span class='ocrx_word' id='word_1_721' title='bbox 2233 4717 2296 4755; x_wconf 91' lang='lat' dir='ltr'><strong>ac</strong></span> <span class='ocrx_word' id='word_1_722' title='bbox 2324 4697 2651 4753; x_wconf 87' lang='lat' dir='ltr'><strong>tumultuose</strong></span> <span class='ocrx_word' id='word_1_723' title='bbox 2681 4690 2919 4758; x_wconf 81' lang='lat' dir='ltr'><strong>judtcata</strong></span> <span class='ocrx_word' id='word_1_724' title='bbox 2947 4704 2962 4740; x_wconf 89' lang='lat'>:</span> <span class='ocrx_word' id='word_1_725' title='bbox 2998 4685 3199 4740; x_wconf 89' lang='lat' dir='ltr'><strong>veritas</strong></span> <span class='ocrx_word' id='word_1_726' title='bbox 3231 4681 3432 4751; x_wconf 85' lang='lat' dir='ltr'><strong>quippe</strong></span> 
     </span>
    </p>
   </div>
   <div class='ocr_carea' id='block_1_103' title="bbox 1869 4771 3435 4856">
    <p class='ocr_par' dir='ltr' id='par_1_103' title="bbox 1869 4771 3435 4856">
     <span class='ocr_line' id='line_1_107' title="bbox 1869 4771 3435 4856; baseline -0.019 -1"><span class='ocrx_word' id='word_1_727' title='bbox 1869 4797 2098 4856; x_wconf 88' lang='lat' dir='ltr'><strong>tumultu</strong></span> <span class='ocrx_word' id='word_1_728' title='bbox 2129 4808 2192 4847; x_wconf 91' lang='lat' dir='ltr'><strong>ac</strong></span> <span class='ocrx_word' id='word_1_729' title='bbox 2218 4787 2535 4846; x_wconf 82' lang='lat' dir='ltr'><strong>confusione</strong></span> <span class='ocrx_word' id='word_1_730' title='bbox 2570 4782 2800 4852; x_wconf 90' lang='lat' dir='ltr'><strong>quadam</strong></span> <span class='ocrx_word' id='word_1_731' title='bbox 2851 4788 3109 4847; x_wconf 84' lang='lat' dir='ltr'><strong>Oppressa</strong></span> <span class='ocrx_word' id='word_1_732' title='bbox 3149 4771 3369 4827; x_wconf 89' lang='lat' dir='ltr'><strong>videtur</strong></span> <span class='ocrx_word' id='word_1_733' title='bbox 3401 4785 3435 4826; x_wconf 66' lang='grc' dir='ltr'><strong>ει</strong></span> 
     </span>
    </p>
   </div>
   <div class='ocr_carea' id='block_1_104' title="bbox 1865 4866 3433 4957">
    <p class='ocr_par' dir='ltr' id='par_1_104' title="bbox 1865 4866 3433 4957">
     <span class='ocr_line' id='line_1_108' title="bbox 1865 4866 3433 4957; baseline -0.02 -9"><span class='ocrx_word' id='word_1_734' title='bbox 1865 4894 2039 4957; x_wconf 86' lang='lat' dir='ltr'><strong>vobis,</strong></span> <span class='ocrx_word' id='word_1_735' title='bbox 2071 4886 2278 4943; x_wconf 90' lang='lat' dir='ltr'><strong>scilicet</strong></span> <span class='ocrx_word' id='word_1_736' title='bbox 2323 4882 2390 4937; x_wconf 91' lang='lat' dir='ltr'><strong>ob</strong></span> <span class='ocrx_word' id='word_1_737' title='bbox 2447 4888 2690 4933; x_wconf 88' lang='lat' dir='ltr'><strong>mutuam</strong></span> <span class='ocrx_word' id='word_1_738' title='bbox 2737 4882 2972 4928; x_wconf 88' lang='lat' dir='ltr'><strong>vestram</strong></span> <span class='ocrx_word' id='word_1_739' title='bbox 3005 4866 3433 4928; x_wconf 89' lang='lat' dir='ltr'><strong>contentionem,</strong></span> 
     </span>
    </p>
   </div>
   <div class='ocr_carea' id='block_1_105' title="bbox 2626 4957 3436 5040">
    <p class='ocr_par' dir='ltr' id='par_1_105' title="bbox 2626 4957 3436 5040">
     <span class='ocr_line' id='line_1_109' title="bbox 2626 4957 3436 5040; baseline -0.016 -19"><span class='ocrx_word' id='word_1_740' title='bbox 2626 4983 2747 5040; x_wconf 75' lang='lat' dir='ltr'><strong>qua:</strong></span> <span class='ocrx_word' id='word_1_741' title='bbox 2797 4967 2907 5020; x_wconf 89' lang='lat' dir='ltr'><strong>Deo</strong></span> <span class='ocrx_word' id='word_1_742' title='bbox 2956 4958 3170 5034; x_wconf 89' lang='lat' dir='ltr'><strong>placent</strong></span> <span class='ocrx_word' id='word_1_743' title='bbox 3214 4957 3436 5012; x_wconf 86' lang='lat' dir='ltr'><strong>minime</strong></span> 
     </span>
    </p>
   </div>
   <div class='ocr_carea' id='block_1_106' title="bbox 1863 5049 3435 5150">
    <p class='ocr_par' dir='ltr' id='par_1_106' title="bbox 1863 5049 3435 5150">
     <span class='ocr_line' id='line_1_110' title="bbox 1863 5049 3435 5150; baseline -0.022 -15"><span class='ocrx_word' id='word_1_744' title='bbox 1863 5049 2254 5150; x_wconf 73' lang='lat' dir='ltr'><strong>spectantibus.</strong></span> <span class='ocrx_word' id='word_1_745' title='bbox 2307 5067 2412 5124; x_wconf 87' lang='lat' dir='ltr'><strong>Sed</strong></span> <span class='ocrx_word' id='word_1_746' title='bbox 2464 5066 2570 5122; x_wconf 89' lang='lat' dir='ltr'><strong>erit</strong></span> <span class='ocrx_word' id='word_1_747' title='bbox 2640 5062 2769 5117; x_wconf 86' lang='lat' dir='ltr'><strong>illud</strong></span> <span class='ocrx_word' id='word_1_748' title='bbox 2835 5059 3030 5113; x_wconf 69' lang='lat' dir='ltr'><strong>divinae</strong></span> <span class='ocrx_word' id='word_1_749' title='bbox 3080 5049 3435 5125; x_wconf 72' lang='lat' dir='ltr'><strong>providentiae</strong></span> 
     </span>
    </p>
   </div>
   <div class='ocr_carea' id='block_1_107' title="bbox 1862 5143 3435 5240">
    <p class='ocr_par' dir='ltr' id='par_1_107' title="bbox 1862 5143 3435 5240">
     <span class='ocr_line' id='line_1_111' title="bbox 1862 5143 3435 5240; baseline -0.022 -14"><span class='ocrx_word' id='word_1_750' title='bbox 1862 5186 2017 5240; x_wconf 89' lang='lat' dir='ltr'><strong>opus,</strong></span> <span class='ocrx_word' id='word_1_751' title='bbox 2048 5163 2346 5223; x_wconf 86' lang='lat' dir='ltr'><strong>istiusmodi</strong></span> <span class='ocrx_word' id='word_1_752' title='bbox 2399 5157 2682 5215; x_wconf 70' lang='lat' dir='ltr'><strong>discordia:</strong></span> <span class='ocrx_word' id='word_1_753' title='bbox 2720 5152 2882 5216; x_wconf 89' lang='lat' dir='ltr'><strong>mala,</strong></span> <span class='ocrx_word' id='word_1_754' title='bbox 2925 5147 3212 5205; x_wconf 85' lang='lat' dir='ltr'><strong>manifesto</strong></span> <span class='ocrx_word' id='word_1_755' title='bbox 3244 5143 3435 5210; x_wconf 76' lang='lat' dir='ltr'><strong>depre~</strong></span> 
     </span>
    </p>
   </div>
   <div class='ocr_carea' id='block_1_108' title="bbox 1865 5231 3433 5326">
    <p class='ocr_par' dir='ltr' id='par_1_108' title="bbox 1865 5231 3433 5326">
     <span class='ocr_line' id='line_1_112' title="bbox 1865 5231 3433 5326; baseline -0.027 -6"><span class='ocrx_word' id='word_1_756' title='bbox 1865 5266 2030 5319; x_wconf 89' lang='lat' dir='ltr'><strong>bensa</strong></span> <span class='ocrx_word' id='word_1_757' title='bbox 2060 5259 2340 5326; x_wconf 84' lang='lat' dir='ltr'><strong>dissipare,</strong></span> <span class='ocrx_word' id='word_1_758' title='bbox 2385 5250 2650 5318; x_wconf 88' lang='lat' dir='ltr'><strong>nobisque</strong></span> <span class='ocrx_word' id='word_1_759' title='bbox 2687 5245 2862 5315; x_wconf 88' lang='lat' dir='ltr'><strong>palam</strong></span> <span class='ocrx_word' id='word_1_760' title='bbox 2905 5231 3085 5295; x_wconf 84' lang='lat' dir='ltr'><strong>facere</strong></span> <span class='ocrx_word' id='word_1_761' title='bbox 3121 5236 3165 5290; x_wconf 90' lang='lat' dir='ltr'><strong>si</strong></span> <span class='ocrx_word' id='word_1_762' title='bbox 3200 5245 3306 5301; x_wconf 91' lang='lat' dir='ltr'><strong>qua</strong></span> <span class='ocrx_word' id='word_1_763' title='bbox 3337 5243 3433 5280; x_wconf 89' lang='lat' dir='ltr'><strong>vo-</strong></span> 
     </span>
    </p>
   </div>
   <div class='ocr_carea' id='block_1_109' title="bbox 1866 5318 3434 5414">
    <p class='ocr_par' dir='ltr' id='par_1_109' title="bbox 1866 5318 3434 5414">
     <span class='ocr_line' id='line_1_113' title="bbox 1866 5318 3434 5414; baseline -0.027 -1"><span class='ocrx_word' id='word_1_764' title='bbox 1866 5359 1947 5414; x_wconf 89' lang='lat' dir='ltr'><strong>bis</strong></span> <span class='ocrx_word' id='word_1_765' title='bbox 1989 5353 2150 5409; x_wconf 80' lang='lat' dir='ltr'><strong>luerit</strong></span> <span class='ocrx_word' id='word_1_766' title='bbox 2175 5351 2336 5405; x_wconf 88' lang='lat' dir='ltr'><strong>isthic</strong></span> <span class='ocrx_word' id='word_1_767' title='bbox 2363 5341 2705 5414; x_wconf 80' lang='lat' dir='ltr'><strong>congregatis</strong></span> <span class='ocrx_word' id='word_1_768' title='bbox 2738 5335 2979 5392; x_wconf 86' lang='lat' dir='ltr'><strong>veritatis</strong></span> <span class='ocrx_word' id='word_1_769' title='bbox 3005 5343 3154 5392; x_wconf 87' lang='lat' dir='ltr'><strong>cura,</strong></span> <span class='ocrx_word' id='word_1_770' title='bbox 3197 5333 3250 5377; x_wconf 90' lang='lat' dir='ltr'><strong>et</strong></span> <span class='ocrx_word' id='word_1_771' title='bbox 3279 5318 3434 5414; x_wconf 75' lang='lat' dir='ltr'><strong>siju-</strong></span> 
     </span>
    </p>
   </div>
   <div class='ocr_carea' id='block_1_110' title="bbox 1871 5407 3432 5504">
    <p class='ocr_par' dir='ltr' id='par_1_110' title="bbox 1871 5407 3432 5504">
     <span class='ocr_line' id='line_1_114' title="bbox 1871 5407 3432 5504; baseline -0.028 -1"><span class='ocrx_word' id='word_1_772' title='bbox 1871 5448 2008 5504; x_wconf 79' lang='lat' dir='ltr'><strong>dicia</strong></span> <span class='ocrx_word' id='word_1_773' title='bbox 2058 5453 2234 5499; x_wconf 91' lang='lat' dir='ltr'><strong>vestra</strong></span> <span class='ocrx_word' id='word_1_774' title='bbox 2291 5439 2426 5494; x_wconf 85' lang='lat' dir='ltr'><strong>citra</strong></span> <span class='ocrx_word' id='word_1_775' title='bbox 2475 5434 2701 5504; x_wconf 77' lang='lat' dir='ltr'><strong>gratiam</strong></span> <span class='ocrx_word' id='word_1_776' title='bbox 2759 5427 2919 5482; x_wconf 87' lang='lat' dir='ltr'><strong>ullam</strong></span> <span class='ocrx_word' id='word_1_777' title='bbox 2968 5421 3052 5474; x_wconf 88' lang='lat' dir='ltr'><strong>vel</strong></span> <span class='ocrx_word' id='word_1_778' title='bbox 3103 5414 3285 5470; x_wconf 87' lang='lat' dir='ltr'><strong>odium</strong></span> <span class='ocrx_word' id='word_1_779' title='bbox 3319 5407 3432 5461; x_wconf 83' lang='lat' dir='ltr'><strong>lata</strong></span> 
     </span>
    </p>
   </div>
   <div class='ocr_carea' id='block_1_111' title="bbox 1872 5505 3431 5600">
    <p class='ocr_par' dir='ltr' id='par_1_111' title="bbox 1872 5505 3431 5600">
     <span class='ocr_line' id='line_1_115' title="bbox 1872 5505 3431 5600; baseline -0.028 -6"><span class='ocrx_word' id='word_1_780' title='bbox 1872 5538 2093 5593; x_wconf 85' lang='lat' dir='ltr'><strong>fuerint.</strong></span> <span class='ocrx_word' id='word_1_781' title='bbox 2119 5532 2385 5600; x_wconf 83' lang='lat' dir='ltr'><strong>Quocirca</strong></span> <span class='ocrx_word' id='word_1_782' title='bbox 2416 5542 2510 5583; x_wconf 90' lang='lat' dir='ltr'><strong>vos</strong></span> <span class='ocrx_word' id='word_1_783' title='bbox 2535 5537 2722 5581; x_wconf 90' lang='lat' dir='ltr'><strong>omnes</strong></span> <span class='ocrx_word' id='word_1_784' title='bbox 2749 5514 3146 5588; x_wconf 84' lang='lat' dir='ltr'><strong>quamprimum</strong></span> <span class='ocrx_word' id='word_1_785' title='bbox 3177 5505 3431 5574; x_wconf 70' lang='lat' dir='ltr'><strong>pietatﬂu</strong></span> 
     </span>
    </p>
   </div>
   <div class='ocr_carea' id='block_1_112' title="bbox 1958 5719 2903 5803">
    <p class='ocr_par' dir='ltr' id='par_1_112' title="bbox 1958 5719 2903 5803">
     <span class='ocr_line' id='line_1_116' title="bbox 1958 5719 2903 5803; baseline -0.024 -10"><span class='ocrx_word' id='word_1_786' title='bbox 1958 5743 2002 5803; x_wconf 89' lang='lat' dir='ltr'><strong>c)</strong></span> <span class='ocrx_word' id='word_1_787' title='bbox 2024 5738 2115 5790; x_wconf 87' lang='lat' dir='ltr'><strong>Sic</strong></span> <span class='ocrx_word' id='word_1_788' title='bbox 2158 5736 2325 5788; x_wconf 81' lang='lat' dir='ltr'><strong>Palat.</strong></span> <span class='ocrx_word' id='word_1_789' title='bbox 2357 5730 2501 5803; x_wconf 76' lang='lat' dir='ltr'><strong>Editi</strong></span> <span class='ocrx_word' id='word_1_790' title='bbox 2540 5741 2689 5790; x_wconf 83' lang='lat' dir='ltr'><strong>vero,</strong></span> <span class='ocrx_word' id='word_1_791' title='bbox 2723 5719 2903 5775; x_wconf 80' lang='grc' dir='ltr'>αὐτόν.</span> 
     </span>
    </p>
   </div>
   <div class='ocr_carea' id='block_1_113' title="bbox 1932 5742 2452 5882">
    <p class='ocr_par' dir='ltr' id='par_1_113' title="bbox 1932 5742 2452 5882">
     <span class='ocr_line' id='line_1_117' title="bbox 1958 5742 2452 5803; baseline -0.022 -10"><span class='ocrx_word' id='word_1_792' title='bbox 1958 5743 2002 5803; x_wconf 79' lang='grc' dir='ltr'>ε)</span> <span class='ocrx_word' id='word_1_793' title='bbox 2024 5742 2115 5790; x_wconf 86' lang='lat' dir='ltr'><strong>Sic</strong></span> <span class='ocrx_word' id='word_1_794' title='bbox 2159 5742 2325 5788; x_wconf 87' lang='lat' dir='ltr'><strong>Palat.</strong></span> <span class='ocrx_word' id='word_1_795' title='bbox 2358 5742 2452 5783; x_wconf 69' lang='lat' dir='ltr'><strong>Edt</strong></span> 
     </span>
     <span class='ocr_line' id='line_1_118' title="bbox 1932 5742 2452 5882; baseline -0.015 -21"><span class='ocrx_word' id='word_1_796' title='bbox 1932 5742 2010 5882; x_wconf 46' lang='grc' dir='ltr'><strong>ἑά)</strong></span> <span class='ocrx_word' id='word_1_797' title='bbox 2038 5806 2236 5882; x_wconf 59' lang='lat' dir='ltr'><strong>Ralat.,</strong></span> <span class='ocrx_word' id='word_1_798' title='bbox 2267 5800 2452 5882; x_wconf 70' lang='grc' dir='ltr'>αύτοῦ.</span> 
     </span>
    </p>
   </div>
   <div class='ocr_carea' id='block_1_114' title="bbox 1925 5851 3091 5953">
    <p class='ocr_par' dir='ltr' id='par_1_114' title="bbox 1925 5851 3091 5953">
     <span class='ocr_line' id='line_1_119' title="bbox 1925 5851 3091 5953; baseline -0.023 -19"><span class='ocrx_word' id='word_1_799' title='bbox 2040 5851 2792 5945; x_wconf 39' lang='grc' dir='ltr'>ίιξξξξ-ήννάήττητονιὰθευηι</span> <span class='ocrx_word' id='word_1_800' title='bbox 2828 5860 2882 5916; x_wconf 82' lang='lat' dir='ltr'><strong>in</strong></span> <span class='ocrx_word' id='word_1_801' title='bbox 2922 5851 3091 5914; x_wconf 83' lang='lat' dir='ltr'><strong>Palat.</strong></span> 
     </span>
    </p>
   </div>
  </div>
