3990 6516
558 465 794 507 CCXXVII!

1917 424 2429 484 PROLEGOMENA
2440 464 2452 477 .

559 576 799 627 nostram
850 563 1137 621 convenire
1174 561 1317 624 volo,
1368 568 1547 609 rerum
1594 566 1624 605 a
1664 549 1815 603 vobis
1842 556 2113 620 gestarum

2239 542 2309 596 νῦν
2336 542 2699 615 ἠπειγμένους
2729 540 2938 603 πάντας
2966 537 3111 607 ὑμᾶς
3137 536 3275 606 πρὸς
3301 534 3400 605 τὴν
3437 533 3578 605 ἐμὴν
3625 531 3810 587 ἐλθεῖν

558 668 807 719 accurate
837 658 1099 713 rationem
1126 666 1307 710 coram
1340 647 1665 711 reddituros,
1701 662 1721 694 ι
1752 650 1870 712 etc”

632 922 687 982 6.
741 921 836 977 Hae
879 920 1092 985 litterre,
1144 913 1391 971 homines
1442 911 1495 965 in
1550 909 1758 981 synodo
1804 913 2021 960 coactos
2051 904 2121 958 ad

563 1013 843 1083 angustias
873 1009 1148 1077 redegere.
1184 1002 1545 1070 Quamobrem
1574 998 1756 1066 plures
1784 996 2003 1050 domum
2036 1007 2121 1046 re-

563 1106 732 1177 gressi
789 1110 915 1158 sunt
962 1120 975 1155 :
1027 1096 1307 1159 Eusebius,
1342 1106 1492 1154 vero,
1529 1088 1799 1157 TheOgnis
1827 1096 1880 1141 et
1909 1084 2124 1153 reliqui,

562 1198 894 1264 aliquantum
919 1191 991 1246 ibi
1019 1187 1261 1244 cunctari
1286 1184 1467 1239 studio
1487 1180 1844 1236 extrahebant
1876 1188 2122 1246 tempus;

562 1288 753 1342 litteris
798 1295 973 1338 autem
1030 1281 1142 1336 suis
1185 1277 1432 1347 piissimo
1471 1272 1787 1341 imperatori
1844 1269 2126 1340 signiﬁca-

562 1387 708 1441 runt,
741 1376 939 1429 invitos
987 1388 1045 1428 se
1103 1369 1327 1425 detineri
1360 1366 1646 1435 quominus
1674 1365 1851 1433 ipsum
1888 1361 2122 1414 adirent.

562 1466 769 1520 Interea
802 1475 1005 1525 autem,
1056 1459 1199 1514 aliud
1241 1459 1517 1527 profertur
1548 1455 1755 1509 crimen
1794 1453 1858 1506 de
1889 1466 2023 1505 auro
2055 1448 2123 1502 ad

564 1554 940 1610 Philumenum
990 1550 1177 1604 misso.
1227 1548 1462 1602 Sanetus
1502 1544 1833 1598 Athanasius
1878 1540 2025 1595 sistit
2071 1552 2129 1593 se

566 1646 619 1699 in
664 1650 1011 1710 conspectum
1067 1636 1411 1707 imperatoris
1442 1636 1493 1688 iu
1530 1630 1894 1699 Psammatliia
1938 1631 2132 1684 subur-

563 1736 704 1789 bano
747 1732 1090 1788 Nicomediae.
1154 1730 1332 1796 Quare
1386 1724 1763 1781 cunctantibus
1812 1721 2131 1777 Eusebianis

565 1843 689 1882 cum
724 1827 930 1880 honore
965 1824 1115 1877 illum
1168 1820 1553 1875 Alexandriam
1606 1815 1835 1880 remisit,
1882 1815 2128 1869 scribens

564 1916 945 1971 Alexandrina:
989 1912 1243 1967 Ecclesiae
1289 1909 1603 1978 episcopum
1649 1919 1838 1959 eorum
1882 1904 2127 1958 Athana-

564 2007 703 2061 sium
738 2004 875 2057 falso
910 2003 1075 2056 fuisse
1118 2009 1451 2055 accusatum.
1502 1997 1635 2052 Cum
1667 2005 1848 2051 autem
1881 1993 2133 2048 advenis~

563 2108 647 2151 set
692 2094 1076 2150 Alexandriam
1131 2102 1354 2147 sanctus
1403 2088 1758 2152 Athanasius,
1790 2085 2133 2157 congregati-

562 2202 667 2258 que
704 2194 885 2241 essent
919 2186 1007 2255 qui
1038 2184 1169 2238 Ario
1205 2183 1473 2244 faverent,
1510 2180 1763 2248 frequens
1802 2186 1920 2232 erat
1952 2174 2131 2245 populi

562 2292 885 2343 concursus,
914 2286 968 2331 et
994 2290 1139 2345 spes,
1174 2275 1319 2328 circa
1353 2273 1471 2343 ejus
1497 2272 1697 2342 negotii
1731 2270 1976 2325 exitum:
2011 2281 2131 2320 cum

562 2371 801 2426 maxime
852 2369 1105 2423 viderent
1150 2382 1211 2421 ea
1247 2382 1367 2434 quae
1412 2381 1439 2417 a
1487 2372 1565 2417 tot
1610 2362 1880 2431 episcOpis
1916 2361 2134 2414 decreta

564 2470 752 2516 essent
789 2458 1054 2513 divexari.
1095 2456 1232 2510 Cum
1262 2470 1425 2525 porro
1458 2454 1762 2507 adverteret
1806 2449 2135 2504 Athanasius

565 2553 765 2606 iterum
808 2546 1039 2605 tumultu
1078 2546 1271 2617 repleri
1312 2544 1697 2602 Alexandriam
1735 2542 2137 2613 Egyptumque

567 2652 763 2703 totam,
808 2655 913 2695 non
968 2640 1207 2702 reticuit,
1242 2638 1336 2692 sed
1369 2638 1435 2691 ad
1478 2635 1819 2704 imperatoris
1867 2648 2025 2688 aures
2051 2647 2139 2689 re-

569 2734 710 2788 tulit.
760 2733 893 2788 Cum
928 2740 1107 2784 autem
1157 2730 1455 2799 imperator
1502 2728 1818 2788 audivisset,
1868 2725 1982 2779 Arii
2015 2738 2137 2779 sen-

556 2826 790 2887 ‘tentiam
819 2824 1012 2878 iterum
1040 2836 1203 2891 prave
1238 2821 1505 2875 detortam
1541 2818 1728 2881 fuisse,
1779 2816 2013 2871 accitum
2041 2814 2138 2870 de-

566 2930 676 2971 nuo
702 2915 851 2968 illum
882 2912 1402 2979 Constantinopolim
1433 2910 1616 2964 venire
1640 2908 1824 2976 jussit,
1871 2907 2135 2961 rationem

566 3006 901 3062 redditurum
935 3004 1000 3059 de
1030 3004 1095 3059 iis
1122 3019 1240 3071 qua:
1268 3016 1609 3057 commovere
1643 3013 1931 3069 aggressus
1971 3005 2134 3054 esset.

565 3099 727 3155 Arius
762 3112 891 3152 vero
920 3111 1042 3151 eum
1076 3094 1402 3149 Alexandria
1450 3094 1515 3147 ad
1559 3092 1875 3146 comitatum
1908 3092 2135 3145 ducere-

2224 638 2505 694 εὐλάϐειαν
2563 635 2842 705 βούλομαι,
2894 633 2983 687 ῖνα
3042 629 3149 683 τῶν
3205 627 3617 700 πεπραγμένων
3677 627 3808 696 ὑμῖν

2223 729 2505 801 ἀκρίϐειαν
2554 727 2619 778 δι’
2670 725 2822 796 ὑμῶν
2867 723 3045 777 αὐτῶν
3093 723 3519 793 παραστήσητε,
3560 737 3579 770 ι
3614 717 3711 770 καὶ
3740 716 3815 770 τὰ

2225 822 2372 892 ἑξῆς.

2296 914 2347 967 5.
2380 912 2563 965 Ταῦτα
2584 910 2649 962 τὰ
2672 907 2972 977 γράμματα
2999 905 3078 967 εἰς
3108 901 3296 971 ἀγῶνα
3346 902 3471 965 τοὺς
3500 902 3559 955 ἐν
3590 902 3659 972 τῇ
3689 917 3816 954 συν·-

2228 1005 2334 1075 όδῳ
2385 1002 2706 1071 κατέστησε.
2740 998 2830 1050 Διὸ
2873 997 2922 1049 οί
2974 995 3071 1065 μὲν
3127 993 3342 1056 πλείους
3375 994 3466 1046 ἐπὶ
3503 993 3573 1045 τά
3602 990 3816 1046 ἑαυτῶν

2226 1094 2592 1166 ἀνεχώρησαν·
2629 1094 2677 1144 οἱ
2710 1090 2767 1143 δὲ
2812 1088 2939 1159 περὶ
2968 1086 3226 1139 Εὐσέϐιον
3258 1086 3353 1138 καὶ
3392 1084 3671 1152 Θεόγνιον,
3719 1084 3818 1137 καὶ

2226 1188 2350 1249 τοὺς
2392 1185 2612 1247 λοιποὺς
2640 1183 2776 1244 τέως
2812 1180 2887 1251 (α)
2910 1179 3184 1251 ἐχρόνιζον
3213 1177 3397 1230 αὐτόθι
3442 1176 3819 1247 παρέλκοντες

2228 1280 2404 1332 ἑκοντὶ
2433 1278 2522 1330 τὸν
2542 1277 2749 1344 καιρόν·
2785 1274 3020 1345 ἔγραφον
3054 1272 3110 1325 δὲ
3134 1271 3212 1341 τῷ
3241 1269 3619 1339 εὐσεϐεστάτῳ
3655 1268 3817 1338 βασιι

2227 1369 2325 1432 λεῖ,
2357 1369 2585 1428 ἄκοντας
2639 1364 2925 1434 ἐπέχεσθαι
2956 1362 3341 1432 ἐπειγομένους
3382 1360 3623 1430 ἐξορμᾷν
3675 1357 3819 1429 πρὸς

2228 1460 2407 1514 αὐτόν.
2450 1459 2537 1511 Ἐν
2566 1458 2622 1509 δὲ
2651 1456 2728 1526 τῷ
2785 1455 2988 1527 μεταξὺ
3037 1452 3326 1506 ἀποδύεται
3382 1452 3477 1503 καὶ
3516 1449 3578 1501 τὸ
3625 1449 3820 1519 ἓτερον

2230 1552 2481 1620 ἔγκλημα
2512 1550 2589 1610 τὸ,
2616 1550 2744 1620 περὶ
2792 1547 2886 1599 τοῦ
2918 1545 3139 1617 χρυσίου
3174 1543 3267 1597 τοῦ
3298 1542 3432 1613 πρὸς
3463 1540 3819 1610 Φιλούμενον.

2241 1645 2299 1697 ’0
2334 1638 3043 1711 ἆγιοςἈθανάσιος,συστὰς
3076 1634 3250 1704 ἐαυτῷ
3275 1632 3507 1703 (α)κατὰ
3522 1632 3823 1702 πρόσωπον

2228 1736 2322 1790 τοῦ
2340 1734 2597 1805 βασιλέως
2619 1735 2673 1785 ἐν
2696 1729 2963 1800 Ψαμαθίᾳ
2978 1727 3282 1801 προαστείῳ
3298 1726 3395 1795 τῆς
3422 1722 3822 1792 Νικομηδείας.

2232 1829 2321 1881 Διὸ
2361 1829 2456 1881 καὶ
2488 1825 2859 1897 βραδυνάντων
2902 1821 3009 1873 τῶν
3062 1820 3190 1889 περὶ
3222 1816 3501 1879 Εὑσέϐιον,
3548 1814 3692 1885 μετά
3744 1831 3827 1867 τι-

2237 1923 2341 1991 μῆς
2367 1920 2526 1972 αὑτὸν
2550 1914 2870 1986 ἀπέπεμψεν
2906 1912 2998 1966 ἐπδ⁹
3026 1910 3123 1981 τὴν
3152 1908 3579 1978 Ἀλεξάνδρειαν,
3603 1904 3828 1976 γράψας

2232 2012 2297 2079 τῇ
2341 2005 2731 2076 Ἀλεξανδρέων
2778 2001 3093 2072 Ἐκκλησία,
3128 2000 3208 2051 ὅτι
3236 2000 3265 2051 6
3308 1998 3607 2060 ἐπίσκοπος
3642 1994 3826 2047 αὐτῶν

2246 2100 2559 2161 Ἀθανάσιος
2584 2096 2791 2167 ψευδῶς
2822 2092 3187 2163 διαϐέϐληται.
3235 2092 3322 2143 Ἑν
3371 2090 3427 2142 δὲ
3460 2086 3539 2157 τῷ
3579 2102 3830 2157 παραγεσ

2234 2190 2418 2242 νέσθαι
2464 2189 2539 2258 (ὁ)
2572 2188 2660 2241 τὸν
2705 2188 2857 2255 ἅγιον
2906 2184 3219 2238 Ἀθανάσιον
3259 2179 3401 2234 κατὰ
3432 2180 3533 2250 τὴν
3577 2176 3831 2242 Ἀλεξάν-

2233 2282 2436 2351 δρειαν,
2480 2282 2573 2333 καὶ
2626 2276 3039 2348 συγκροτεῖσθαι
3089 2274 3157 2327 τὰ
3215 2272 3355 2327 κατὰ
3427 2271 3520 2323 τὸν
3580 2271 3826 2342 Ἀρειον,

2235 2370 2400 2441 πολλή
2451 2387 2534 2432 τις
2580 2364 2646 2439 ἦν
2674 2369 2768 2420 καὶ
2791 2366 2883 2419 τοῦ
2920 2363 3155 2435 πλήθους
3181 2360 3493 2423 συνέλευσις
3526 2359 3625 2411 καὶ
3645 2358 3828 2421 ἐλπὶς,

2236 2464 2329 2518 ἐπὶ
2358 2459 2759 2531 ταλαντευούσῃ
2782 2457 3000 2510 ἐκϐάσει
3032 2452 3427 2526 περιαγομένηο
3458 2450 3700 2521 μάλιστα
3723 2451 3830 2503 πά-

2237 2555 2319 2609 λιν
2362 2552 2611 2625 ὁρώντων
2637 2550 2706 2603 τὰ
2737 2549 3011 2611 τοσούτοις
3069 2546 3384 2609 ἐπισκόποις
3424 2544 3691 2615 κριθέντα
3712 2545 3830 2598 δια-

2239 2645 2598 2715 σκυλλόμενα.
2647 2641 2815 2714 Ὁρῶν
2844 2641 2899 2693 δὲ
2932 2642 2959 2692 6
2987 2636 3139 2708 ἆγιος
3174 2638 3488 2701 Ἀθανάσιος
3518 2634 3679 2701 αὖθις
3728 2656 3829 2692 τα-

2240 2737 2576 2810 ραττομένην
2615 2735 2712 2805 τὴν
2752 2732 3155 2803 Ἀλεξάνδρειαν
3182 2730 3275 2784 καὶ
3305 2731 3488 2783 πᾶσαν
3518 2729 3825 2797 Αἴγυπτον,

2236 2830 2296 2881 οὐ
2354 2826 2813 2899 παρεσιώπησεν’
2872 2824 3007 2877 ἀλλά
3058 2822 3287 2893 φανερὸν
3328 2824 3453 2884 ταῖς
3510 2820 3830 2891 βασιλικαῖς

2240 2920 2430 2983 ἀκοαῖς
2486 2919 2837 2987 κατέστησεν.
2886 2917 2971 2979 Ὠς
3012 2915 3068 2968 δὲ
3102 2916 3129 2966 6
3169 2912 3420 2983 βασιλεὺς
3466 2912 3704 2966 ἐπύθετο
3753 2914 3831 2983 (ε)

2232 3012 2585 3083 διεστράφθαι
2618 3010 2775 3061 πάλιν
2797 3008 2893 3078 τὴν
2923 3007 3130 3079 Ἀρείου
3162 3004 3409 3076 γνώμην,
3444 3006 3833 3076 μεταπέμπων

2239 3099 2394 3165 αὖθις
2427 3104 2506 3165 είς
2534 3101 2631 3171 τὴν
2664 3097 3251 3160 Κωνσταντινούπολιν,
3301 3097 3458 3166 ἥκειν
3508 3094 3677 3148 αὐτὸν
3703 3094 3831 3147 ἐκέ-

568 3200 675 3251 tur,
713 3200 1037 3257 congressus
1081 3186 1339 3241 Cmsarea:
1371 3199 1491 3239 cum
1526 3182 1779 3249 Eusebio,
1830 3182 2131 3252 Theognio,

2239 3192 2587 3260 λευσε,λόγον
2611 3189 2848 3244 δώσοντα
2877 3207 2951 3244 ων
2987 3189 3259 3243 ἀνακινεῖν
3292 3187 3570 3259 ἐπεχείρει
3606 3186 3712 3256 (ά).
3739 3186 3830 3250 Ὦς

565 3280 699 3336 Mari
746 3289 802 3335 et
846 3280 1067 3349 reliquis
1111 3276 1353 3340 asseclis,
1414 3291 1537 3330 eum
1590 3283 1869 3328 narrasset
1907 3288 1969 3329 ea
2009 3288 2129 3343 quae

566 3387 687 3427 sese
713 3380 1038 3442 spectarent,
1087 3369 1438 3439 plurimisque
1490 3367 1681 3421 diebus
1710 3376 1962 3421 versatus
2006 3380 2128 3421 cum

568 3462 701 3527 illis,
727 3475 917 3515 eorum
955 3475 1085 3514 usus
1132 3458 1375 3512 consiliis
1403 3473 1417 3521 ;
1474 3456 1611 3509 alias
1651 3470 1757 3509 una
1788 3470 1909 3509 cum
1941 3453 2049 3508 illis
2077 3453 2131 3506 in

567 3551 927 3606 Athanasium
963 3562 1229 3603 consuere
1279 3547 1577 3619 calumnias
1614 3547 1665 3600 in
1695 3546 1937 3599 animum
1971 3544 2134 3598 indu-

567 3646 665 3699 xit.
697 3640 833 3698 Tum
864 3642 1177 3712 prmmissus
1200 3642 1267 3693 ab
1308 3640 1411 3694 illis
1440 3640 1507 3692 ad
1540 3641 1921 3709 imperatorem
1948 3638 2133 3702 Arius,

570 3736 845 3807 prolectus
895 3744 979 3788 est
1046 3748 1266 3787 causam
1332 3742 1787 3802 propugnaturus.
1844 3732 2134 3787 Eusebiani

569 3841 699 3881 vero
752 3824 1279 3894 Constantinopolim
1348 3824 1541 3878 iterum
1592 3824 1837 3895 profecti,
1891 3833 1947 3879 ut
1992 3826 2134 3895 pacti

570 3926 727 3972 erant
771 3926 961 3972 contra
1004 3918 1377 3981 Athanasium,
1409 3932 1625 3971 omnem
1657 3917 1887 3987 lapidem
1915 3932 2135 3972 movens

572 4020 677 4077 tes,
711 4011 854 4081 quod
902 4010 1115 4075 dicitur,
1150 4019 1208 4065 ut
1235 4009 1545 4078 episcopatu
1574 4024 1694 4064 eum
1722 4009 1997 4079 pellerent.
2030 4010 2134 4064 Ae-

570 4103 664 4159 citi
699 4118 932 4173 namque
965 4105 1033 4159 ab
1082 4104 1405 4171 imperatore
1430 4112 1483 4157 et
1514 4102 1831 4174 interrogati
1864 4103 1931 4159 ab
1973 4118 2038 4159 eo
2070 4104 2138 4159 de

572 4195 710 4251 actis
740 4194 792 4249 in
824 4197 1031 4266 synodo
1054 4235 1068 4259 ,
1106 4196 1433 4260 respondent
1462 4214 1475 4250 :
1510 4194 1625 4248 Non
1658 4204 1803 4249 tanta
1832 4196 2008 4262 nobis,
2037 4196 2141 4249 im-

575 4294 818 4355 perator,
869 4285 935 4340 de
987 4285 1255 4355 prioribus
1296 4284 1596 4339 Athanasio
1645 4284 1804 4338 illatis
1843 4299 1973 4340 cura
2018 4294 2133 4351 est,

571 4387 774 4448 quanta
807 4379 873 4433 de
903 4392 1059 4433 sacra
1102 4394 1285 4433 mensa
1314 4378 1573 4433 subversa
1598 4386 1653 4433 et
1696 4377 1762 4432 de
1788 4377 2016 4447 mystico
2041 4393 2137 4446 po-

570 4470 693 4525 culo
722 4470 1037 4535 confracto;
1078 4469 1406 4539 insuperque
1444 4470 1588 4539 quod
1653 4468 2034 4523 interminatus
2070 4470 2140 4524 sit

2241 3286 2296 3338 δὲ
2330 3286 2490 3355 ἤγετο
2521 3281 2679 3335 πάλιν
2719 3281 2825 3336 ἀπὸ
2849 3281 2947 3351 τῆς
2986 3279 3387 3349 Ἀλεξανδρείας
3414 3278 3507 3330 ἐπὶ
3540 3277 3637 3331 τὸν
3670 3293 3835 3347 κομι-

2240 3379 2397 3432 τάτον
2422 3380 2450 3430 6
2486 3376 2719 3446 Ἀρειος,
2773 3369 3064 3443 συμϐαλὼν
3092 3374 3148 3424 ἐν
3184 3369 3490 3440 Καισαρείᾳ
3525 3371 3641 3431 τοῖς
3699 3368 3837 3440 περὶ

2241 3466 2520 3531 Εὐσέϐιον,
2574 3466 2668 3519 καὶ
2713 3464 2982 3531 Θεόγνιον,
3031 3463 3230 3533 Μάριν,
3290 3463 3383 3515 καὶ
3426 3460 3555 3521 τοὺς
3603 3458 3838 3520 λοιποὺς

2243 3562 2533 3630 συνεργοὺς
2592 3559 2697 3631 (ε),
2736 3556 3129 3629 διηγησάμενος
3181 3553 3251 3607 τὰ
3306 3553 3425 3608 καθ’
3475 3551 3695 3617 ἐαυτὸν,
3738 3551 3840 3604 ἐπὶ

2245 3652 2459 3716 πλείους
2492 3669 2551 3704 τε
2586 3650 2797 3721 ἡμέρας
2834 3647 3249 3718 συμφατριάσας
3281 3645 3499 3709 αὐτοὺς,
3547 3643 3648 3697 καὶ
3692 3660 3840 3711 συίιρ

2244 3743 2456 3806 δούλοις
2483 3742 2824 3813 χρησάμενος
2873 3739 3055 3801 αὐτοῖς
3085 3738 3151 3809 (ί)
3178 3778 3190 3800 ,
3230 3736 3422 3807 ἑτέρας
3453 3735 3619 3788 πάλιν
3666 3750 3840 3787 συκο-

2245 3837 2472 3905 φαντίας
2487 3834 2629 3888 κατά
2663 3831 2975 3887 Ἀθανασίου
3012 3829 3235 3900 ῥάπτειν
3267 3826 3838 3899 προεθυμοῦντο.Καὶ

2247 3930 2629 4004 προπεμφθεὶς
2662 3928 2755 3984 ὑπ’
2790 3925 2967 3981 αὐτῶν
2992 3926 3021 3977 6
3056 3926 3272 3995 Ἀρειος
3298 3923 3433 3995 πρὸς
3466 3923 3561 3976 τὸν
3580 3920 3836 3993 βασιλέα,

2243 4025 2330 4096 ᾔει
2365 4019 3005 4094 ἀπολογησόμενος.οἱδὲ
3030 4019 3156 4090 περὶ
3186 4016 3440 4070 Εὐσέϐιον
3470 4011 3632 4079 αὖθις
3666 4016 3840 4068 ἐπαν-

2242 4116 2483 4178 ελθόντες
2515 4115 2606 4167 ἐπὶ
2642 4119 2739 4183 τὴν
2768 4109 3357 4173 Κωνσταντινούπολιν,
3402 4102 3493 4161 οἶα
3525 4107 3837 4161 συνέθεσαν

2245 4208 2385 4263 κατὰ
2448 4206 2784 4261 Ἀθανασίου·
2820 4204 2880 4257 τὸ
2902 4203 2965 4273 δὴ
2992 4202 3303 4272 λεγόμενον,
3350 4200 3531 4253 πάντα
3574 4198 3723 4252 λίθον
3748 4216 3839 4252 κι-

2244 4302 2478 4364 νοῦντες,
2535 4299 2629 4352 τοῦ
2681 4297 2975 4370 ἐξωσθῆναι
3011 4295 3083 4367 (g)
3141 4294 3302 4349 αὑτὸν
3347 4292 3447 4364 τῆς
3489 4292 3834 4364 ἐπισκοπῆς.

2244 4389 2684 4461 Μετακληθέντες
2706 4388 2813 4461 γὰρ
2859 4389 2962 4442 ὑπὸ
2986 4386 3079 4440 τοῦ
3110 4385 3388 4456 βασιλέως,
3413 4384 3507 4437 καὶ
3532 4382 3839 4455 ἐρωτώμε-

2244 4499 2323 4534 νοι
2352 4481 2441 4534 ὑπ’
2469 4478 2631 4533 αὐτοῦ
2670 4480 2798 4551 περὶ
2825 4480 2931 4533 τῶν
2965 4476 3366 4549 πεπραγμένων
3403 4477 3462 4527 ὲν
3494 4476 3563 4546 τῇ
3599 4475 3833 4545 συνόδῳ,

570 4578 630 4617 se
670 4563 1051 4632 impediturum
1104 4560 1361 4618 frumenti
1412 4570 1775 4617 commeatum
1804 4561 2132 4617 Alexandria

2240 4572 2464 4643 ἔφησανο
2510 4572 2621 4642 Οὐχ
2670 4570 2829 4633 οὕτω,
2900 4567 3152 4639 βασιλεῦ,
3189 4566 3421 4637 σπουδὴν
3470 4567 3836 4638 πεποιήμεθα

568 4654 1093 4725 Constantinopolim
1129 4655 1249 4710 vehi
1278 4655 1519 4709 solitum.
1568 4655 1800 4709 Aiebant
1830 4656 1942 4709 haec
1966 4654 2138 4708 Atha-

572 4747 709 4800 nasii
770 4748 909 4801 dicta
973 4748 1264 4813 audivisse,
1312 4746 1718 4812 Adamantium,
1772 4748 2135 4814 Anuhionem,

570 4834 921 4891 Arbetionem
974 4847 1027 4892 et
1067 4838 1286 4891 Petrum
1315 4840 1616 4908 episcOpos,
1654 4854 1684 4892 a
1712 4840 1909 4908 quibus
1943 4841 2134 4894 convi-

571 4932 713 4993 ctus,
751 4928 801 4980 in
827 4929 1078 4983 omnibus
1112 4944 1237 4985 reus
1288 4930 1678 5000 deprehensus,
1712 4930 1977 5000 judicium
2007 4929 2139 4984 sub-

574 5016 883 5087 terfugisset
907 5021 1253 5075 Athanasius.
1290 5020 1379 5076 Sic
1413 5023 1574 5091 igitur
1602 5024 2005 5077 circumventus
2038 5022 2139 5075 im-

572 5119 811 5177 perator,
875 5119 1038 5177 atque
1098 5110 1149 5163 in
1215 5112 1351 5165 iram
1406 5127 1638 5178 versus,
1688 5114 1879 5167 exsilio
1943 5112 2141 5167 multat

569 5200 948 5267 Athanasium,
1008 5203 1264 5259 Treviros
1314 5206 1365 5259 in
1428 5204 1631 5259 Gallias
1698 5206 1849 5260 abire
1901 5205 2135 5274 jussum.

570 5292 736 5347 Aiunt
764 5302 941 5348 autem
970 5295 1188 5365 quidam
1243 5296 1295 5350 id
1326 5297 1498 5366 egisse
1540 5297 1918 5367 imperatorem
1956 5297 2137 5353 animo

572 5388 719 5455 pacis
778 5389 1161 5445 ecclesiasticae
1217 5390 1572 5444 concilianda:
1624 5405 1639 5455 ;
1695 5387 2134 5458 quandoquidem

638 5500 717 5622 Σο)
750 5503 899 5567 Τέως
937 5505 1085 5560 deest
1121 5506 1176 5561 in
1222 5504 1391 5560 Palat.
1438 5503 1581 5561 Infra
1610 5505 1769 5571 idem,
1806 5505 1883 5576 τῷ
1916 5505 2137 5559 εὐλαϐε-

572 5585 635 5624 στ
672 5589 748 5623 τω
783 5572 903 5624 Bac.

731 5591 748 5623 λ
783 5591 903 5628 βασ.

646 5639 749 5723 (α’),
782 5639 1250 5723 Legit__interpr_'es
1302 5648 1577 5723 συστήσας
1627 5645 1839 5701 ἑαυτόν.
1874 5645 2137 5702 leerum

572 5708 782 5774 phrasis
816 5708 997 5768 mutila
1031 5708 1139 5769 est.
1171 5717 1326 5770 Eni'r.
1368 5708 1609 5772 ΡΑἱ-ιιοιι.

647 5777 717 5855 (ὁ)
753 5779 952 5855 Palat”
986 5785 1356 5855 περαίνεσθαι.

650 5846 717 5917 (c)
752 5848 840 5907 Sic
886 5846 1146 5910 Palatfet
1196 5858 1271 5910 sic
1314 5857 1436 5926 legit
1476 5864 1628 5911 vetns
1667 5856 1953 5927 interpres.
1994 5855 2136 5910 Editi

2242 4665 2369 4735 περὶ
2426 4663 2534 4715 τῶν
2570 4661 2870 4733 προτέρων,
2928 4654 3002 4713 ὧν
3047 4661 3270 4729 ἐνήγετο
3308 4657 3648 4721 Ἀθανάσιος,
3702 4657 3835 4711 ὅσον

2241 4755 2366 4825 περὶ
2403 4754 2501 4824 τῆς
2542 4754 2703 4821 ἁγίας
2760 4751 3036 4822 τραπέζης
3089 4751 3190 4818 τῆς
3238 4748 3674 4819 ἀνατραπείσης,
3736 4749 3837 4801 καὶ

2242 4846 2369 4917 περὶ
2400 4844 2493 4898 τοῦ
2526 4842 2785 4915 μυστικοῦ
2822 4842 3080 4912 ποτηρίου
3112 4840 3205 4893 τοῦ
3230 4840 3614 4907 κατεαγέντος,
3656 4839 3739 4893 ἔτι
3772 4858 3835 4895 τε

2242 4937 2337 4990 καὶ
2369 4936 2444 5000 ώς
2490 4935 2704 5006 ἠπείλει
2751 4932 3017 4987 κωλύσειν
3067 4930 3382 5002 πεμφθῆναι
3412 4931 3503 4985 τὸν
3536 4934 3686 4985 σῖτον
3737 4932 3835 4985 τὸν

2246 5026 2305 5091 ἐξ
2338 5027 2490 5090 έθους
2529 5029 2591 5079 ἐκ
2614 5025 2712 5095 τῆς
2734 5020 3133 5092 Ἀλεξανδρείας
3163 5023 3241 5083 είς
3262 5020 3361 5090 τὴν
3387 5020 3839 5074 Κωνσταντινού-

2246 5120 2398 5172 πολιν
2446 5118 2819 5188 κομιζόμενον.
2875 5116 2986 5169 Καὶ
3049 5112 3251 5166 τούτων
3298 5112 3614 5182 λεγομένων
3674 5114 3839 5187 παρά

2258 5210 2569 5263 Ἀθανασίου
2610 5208 2900 5278 ἀκηκοέναι
2932 5205 3299 5276 Ἀδαμάντιον,
3340 5202 3842 5275 Ἀνουϐίωνα,’Δρ-›

2246 5300 2491 5362 ϐεθίωνα,
2526 5300 2751 5370 Πέτρον,
2771 5300 2895 5360 τοὺς
2923 5296 3268 5357 ἐπισκόπους,
3290 5294 3379 5362 ὑφ’
3404 5286 3482 5345 ὧν
3520 5292 3834 5363 ἐλεγχθεὶς,

2245 5390 2512 5461 φωραθείς
2531 5390 2606 5460 (Ιι)
2628 5407 2688 5442 τε
2711 5390 2803 5442 ἐπὶ
2831 5390 3014 5454 πᾶσιν,
3042 5386 3246 5457 ἀπέδρα
3272 5384 3372 5455 τὴν
3403 5384 3588 5456 κρίσιν
3614 5386 3643 5438 6
3666 5382 3839 5438 Ἀθα-

2247 5520 2395 5568 vero,
2428 5504 2694 5558 ἐποίθετο.

2318 5577 2393 5643 (ά)
2426 5575 2618 5637 Palat.,
2653 5575 2936 5644 ἐπιχειρεῖ.

2318 5639 2385 5713 (ε)
2423 5639 2912 5715 Συνεργούςςίιεόει
2940 5642 2991 5694 in
3030 5639 3201 5715 Palat.

2421 5716 2497 5768 lla
2524 5708 2693 5768 Ρίιῖειι.
2722 5713 2861 5783 Ειιίῐί
2882 5727 3040 5783 Δνθεό,
3067 5708 3240 5774 αὖθις.

2320 5781 2391 5855 (g)
2428 5786 2615 5849 Palat.,
2639 5784 2747 5855 τοῦ,
2768 5781 3053 5855 ἐξωθ-ἧσαι.

2318 5850 2394 5925 (Ῐι)
2418 5854 2689 5925 Φωρξθείς
2723 5854 2871 5906 deest
2896 5850 2949 5905 in
2972 5850 3086 5904 Pal.
