3990 6510
1162 403 1319 460 \‘lTA
1358 400 1416 461 S.
1449 401 1827 463 ATHANASH
1871 402 1959 462 EX
2001 400 2541 463 METAPIIRASTE.

3263 424 3463 466 CCXXII

147 528 151 547 ‘
198 525 383 587 νάσιος.
422 518 583 577 Οὕτω
618 523 754 593 γοῦν
786 522 1155 594 συναρπαγεὶς
1208 524 1236 575 6
1264 521 1539 592 βασιλεὺς,
1580 523 1676 577 καὶ
1705 526 1772 587 εἰς

1887 522 2217 577 Athanasius
2262 520 2696 583 communionem
2762 539 2885 581 cum
2949 521 3169 581 Arianis
3238 539 3467 595 prorsus

204 606 351 690 ὀργῆν
385 613 665 678 ἐκπεσὼν,
708 614 894 686 ὲξορία
951 614 1238 666 ὑποϐάλλει
1294 614 1385 667 τὸν
1444 613 1783 679 Ἀθανάσιον,

205 709 286 771 τὰς
330 706 559 771 Γαλλίας
618 710 797 761 οἰκεῖν
839 708 896 759 ὲν
931 709 993 777 τῇ
1030 706 1109 777 (α)
1164 705 1364 778 Ίϐερία
1408 706 1781 771 διακελεύσαςι

1888 622 2259 667 aversaretur.
2294 610 2549 667 Tumuitu
2599 614 2781 682 itaque
2824 600 2887 668 ac
2921 613 3189 669 seditione
3219 630 3323 669 non
3359 615 3464 671 mi—

1888 704 2033 757 nima
2082 707 2378 771 concitata,
2428 720 2536 760 non
2588 704 2760 763 solum
2794 705 3140 765 Alexandriae
3171 708 3265 762 sed
3301 707 3464 762 etiam

204 800 320 851 Φασὶ
340 798 393 850 δέ
424 815 575 861 τινες
605 800 771 853 τοῦτο
803 800 1163 871 πεποιηκέναι
1196 800 1288 852 τὸν
1325 799 1549 869 βασιλέα
1599 799 1772 871 axem;

1886 810 1982 864 per
2013 797 2321 851 universam
2350 796 2668 868 Egyptum,
2701 799 2981 853 hominum
3025 799 3236 855 scilicet
3273 799 3465 869 lugen-

204 888 283 941 τοῦ
327 890 595 960 ὲνωΘῆναι
656 891 757 960 τὴν
821 892 1165 962 Ἐκκλησίαν·
1223 890 1409 961 ἐπειδὴ
1467 891 1772 954 Ἀθανάσιος

1891 889 2023 941 tium
2050 890 2375 959 episcopum
2397 906 2554 947 suum
2586 908 2600 957 ;
2629 908 2844 947 rursum
2876 891 3029 962 quasi
3054 907 3120 947 ex
3154 892 3461 948 recessibus

206 982 353 1052 πάντη
386 982 727 1053 κοινωνῆσαι
758 986 872 1046 τοῖς
914 984 1039 1055 περὶ
1069 976 1160 1035 τὸν
1193 984 1409 1053 ’Ἄρειον
1440 982 1772 1052 ὲξετρέπετο.

1880 990 2228 1051 emergentes
2265 978 2477 1044 Ariani,
2534 991 2699 1036 totam
2768 996 3111 1037 commovere
3166 982 3464 1050 civitatem,

204 1072 413 1141 Θορύϐου
452 1070 548 1127 οὖν
584 1077 684 1128 καὶ
722 1076 968 1139 στάσεως
985 1077 1044 1127 οὐ
1072 1076 1171 1145 τῆς
1197 1074 1469 1145 τυχούσης
1528 1074 1772 1146 κατειλη-

1881 1081 2197 1125 eminentes
2244 1072 2501 1141 pestifera
2541 1073 2629 1127 illa
2678 1084 2735 1135 et
2772 1074 3004 1129 exitiosa
3037 1074 3155 1129 Arii
3185 1075 3461 1145 dogmata,

207 1166 361 1234 φυίας,
392 1167 452 1219 οὐ
491 1167 662 1237 μόνον
695 1167 799 1239 τὴν
842 1167 1269 1239 Ἀλεξάνδρειαν,
1303 1166 1440 1220 ἀλλὰ
1483 1166 1575 1219 καὶ
1601 1167 1772 1219 πᾶσαν

1880 1173 2045 1232 atque
2074 1165 2244 1231 pestis
2274 1164 2444 1221 instar
2492 1166 2812 1237 iugi-nentes
2846 1164 3161 1229 hominibus
3200 1184 3228 1222 a
3272 1184 3330 1224 se
3364 1167 3465 1223 de-

204 1256 282 1324 τὴν
302 1256 593 1325 Αἴγυπτον,
632 1258 983 1328 ὀδυρομένων
1013 1256 1068 1310 δὲ
1093 1255 1223 1327 περὶ
1251 1254 1345 1308 τοῦ
1380 1270 1531 1323 σφων
1558 1254 1781 1307 ὲπισκό-
1877 1256 2069 1324 ceptis.

204 1369 304 1417 που,
333 1352 632 1423 ἀνεφύοντο
663 1336 855 1418 πάλιν,
884 1352 1071 1423 ὥσπερ
1105 1354 1168 1404 ὲκ
1212 1350 1396 1421 μυχῶν
1419 1365 1603 1412 τινων,
1642 1351 1690 1401 οἱ
1717 1349 1785 1402 τὰ
1839 1351 2050 1421 Ἀρείου
2102 1352 2451 1424 φρονοῦντες,
2500 1356 2594 1411 καὶ
2636 1355 2986 1427 διετάραττον
3017 1359 3198 1411 πᾶσαν
3230 1357 3328 1428 τὴν
3367 1357 3464 1410 πό-

201 1444 281 1507 λιν,
350 1444 735 1517 ὲξερευόμενοι
780 1446 851 1501 τὰ
917 1442 1219 1515 φθοροποιὰ
1272 1442 1367 1496 xa‘t
1420 1441 1771 1513 θανατηφόρα
1825 1444 2032 1497 Ἀρείου
2069 1444 2334 1513 δόγματα,
2379 1448 2471 1501 καὶ
2515 1447 2705 1518 λοιμοῦ
2731 1449 2886 1520 δίκην
2922 1451 3152 1515 ἐνιέντες
3202 1455 3315 1515 τοῖς
3368 1452 3467 1505 ὐπ’

204 1538 350 1593 αὒτῶν
381 1540 577 1605 ἀπατω
582 1538 660 1611 μέ
668 1555 804 1600 νοις.

256 1628 299 1682 6.
335 1628 492 1682 Ἀλλὰ
542 1627 770 1691 τούτοις
824 1625 1232 1697 ὲπινηχομένων
1272 1623 1381 1677 τῶν
1426 1622 1772 1695 ἀνθρωπίνων

1957 1621 2009 1676 6.
2041 1623 2174 1677 Dum
2205 1633 2387 1679 autem
2426 1624 2678 1680 ltnmana:
2713 1626 3076 1698 cogitationes
3109 1630 3161 1685 in
3194 1629 3343 1686 hi‘sce
3380 1649 3469 1689 re-

201 1722 436 1792 λογισμῶν
463 1721 564 1791 (b),
586 1723 621 1774 6
655 1722 1068 1781 Κωνσταντῖνος
1096 1717 1247 1780 τέλος
1271 1715 1530 1786 ὑπομένει
1549 1715 1643 1769 τοῦ
1660 1715 1772 1786 βίου

1886 1716 1989 1769 bus
2027 1715 2427 1782 incumberent,
2459 1718 2621 1771 tinem
2652 1719 2866 1774 vivendi
2913 1720 3045 1775 facit
3077 1721 3467 1781 Constantinus

201 1814 246 1867 ἐν
272 1831 367 1866 τινι
395 1806 723 1884 προαστείῳ
771 1809 1164 1881 Νικομηδείας,
1218 1807 1278 1861 ἓν
1322 1808 1414 1861 καὶ
1462 1807 1772 1879 τριακοστὸν

1884 1808 1941 1879 in
1969 1807 2206 1877 quodam
2237 1807 2567 1871 Nicomediae
2611 1810 2907 1879 suburbio,‘
2929 1828 3052 1868 cum
3086 1830 3259 1870 annos
3298 1832 3464 1873 unum

200 1906 294 1969 ἔτος
333 1905 632 1976 διαρκέσας
679 1904 777 1958 ἐπὶ
831 1902 930 1972 τῆς
974 1900 1271 1979 βασιλείας
1329 1900 1357 1951 6
1409 1899 1465 1952 δὲ
1524 1901 1633 1962 πᾶς
1683 1900 1772 1971 τῆς

1882 1915 2048 1969 supra
2100 1900 2317 1970 triginta
2370 1901 2658 1970 imperium
2707 1903 2984 1966 tenuisset,
3031 1913 3312 1975 tutumque
3343 1908 3464 1978 ejus

200 1994 319 2063 ζωῆς
334 1993 492 2047 αὐτοῦ
514 1994 722 2066 χρόνος
752 1993 812 2047 ὲν
842 1990 1271 2063 ὲξηκονταπέντε
1316 1988 1461 2042 ἔτεσι
1502 1988 1776 2061 διαλήξας⁸

198 2086 423 2156 διαδόχοις
461 2088 578 2147 τοῖς
620 2083 767 2136 υἱέσι
814 2081 1180 2153 χρησάμενος,
1231 2079 1506 2150 παραδοὺς
1533 2077 1632 2150 τὴν
1661 2079 1779 2133 διαο

199 2179 342 2249 θήκην
386 2176 760 2249 πρεσϐυτέρῳ
801 2175 911 2227 τινὶ
957 2173 1244 2243 ὲνδιαθέτῳ
1274 2172 1343 2224 τὰ
1382 2171 1592 2241 Ἀρείου
1651 2187 1780 2243 φρο-

197 2268 359 2333 νοῦντι,
394 2265 567 2320 εἰπὼν
598 2264 1009 2333 Κωνσταντίνῳ
1041 2261 1118 2333 τῷ
1144 2260 1419 2333 ὁμωνύμῳ
1450 2260 1779 2332 ἀποδοθῆναι

197 2362 352 2431 αὐτήν.
399 2359 633 2415 Πολλῶν
669 2356 810 2427 γοῦν
842 2355 1369 2426 διαπυνθανομένων
1399 2357 1445 2407 εί
1487 2356 1778 2426 πεποίηται

192 2449 437 2521 διαθήκην,
490 2448 898 2503 διανεϐάλλετο
942 2449 970 2500 6
1024 2446 1411 2518 πρεσϐύτερος,
1468 2446 1606 2517 ἔχων
1639 2464 1778 2517 συμ-

195 2541 363 2611 pia-ra;
390 2543 534 2605 τοὺς
562 2540 859 2610 εὐνούχους
891 2539 959 2609 (c)
986 2537 1078 2592 τοῦ
1109 2538 1251 2609 ίεροῦ
1294 2538 1567 2602 κοιτῶνος.
1596 2539 1779 2610 Παρα-

192 2633 360 2700 γίνεται
388 2634 441 2686 δὲ
479 2633 700 2705 μικρὸν
737 2630 967 2704 ὕστερον
995 2632 1023 2683 6
1072 2631 1471 2695 Ktuwotit‘moq,
1520 2631 1614 2683 καὶ
1653 2631 1780 2702 κρύ-

194 2724 299 2797 ϐδην
328 2725 465 2796 αὐτῷ
500 2725 700 2777 δίδωσι
760 2723 857 2775 τοῦ
898 2722 1103 2794 πατρὸς
1138 2720 1235 2792 τὴν
1285 2721 1547 2793 διαθήκην
1573 2723 1600 2774 6
1640 2739 1777 2794 πρε-

194 2816 432 2888 σϐύτερος,
458 2802 608 2887 μίαν
668 2814 836 2876 εὐθὺς
870 2812 1027 2884 χάριν
1066 2810 1213 2882 αὐτῷ
1244 2812 1430 2874 αἰτῶν,
1461 2812 1528 2865 τὰ
1569 2813 1775 2884 Ἀρείου

192 2910 387 2978 φρονεῖν.
426 2904 898 2975 Τελευτήσαντος
950 2900 1126 2963 τοίνυν
1158 2898 1252 2952 τοῦ
1290 2898 1554 2969 βασιλέως
1618 2901 1773 2951 Κων-

1882 1991 2011 2047 vita:
2056 1999 2281 2061 tempus
2314 1993 2597 2061 sexaginta
2637 1994 2879 2064 quinque
2931 1996 3090 2050 annis
3152 1997 3460 2053 absolutum

1882 2091 1987 2138 est.
2026 2080 2388 2139 Successores
2418 2083 2559 2139 lilios
2590 2084 2832 2154 reliquit,
2882 2088 3085 2141 tradito
3128 2096 3461 2144 testamento

1882 2184 2046 2244 atque
2073 2174 2127 2229 in
2163 2176 2413 2230 manibus
2442 2175 2690 2246 deposito
2720 2176 2939 2233 cuidam
2984 2179 3304 2250 presbytero
3334 2196 3458 2236 cum

1881 2267 2017 2321 Ario
2054 2267 2334 2333 sentienti,
2368 2267 2633 2322 mandans
2661 2276 2721 2323 ut
2743 2267 3109 2325 Constantino
3146 2272 3460 2341 cognomini

1884 2360 2126 2415 traderet
2155 2358 2306 2413 illud.
2343 2358 2527 2415 Multis
2558 2359 2724 2430 igitur
2748 2360 3118 2430 qumrentibus
3149 2379 3217 2423 an
3248 2364 3458 2420 edidis-

1882 2460 1967 2506 set
2014 2459 2400 2506 testamentum
2431 2489 2446 2515 ,
2508 2452 2865 2507 cunctabatur
2911 2453 3218 2524 presbyter,
3268 2464 3458 2513 nactus

1882 2541 2097 2597 consilii
2131 2542 2314 2597 socios
2348 2542 2626 2597 eunuchos
2671 2543 2811 2598 sacri
2860 2543 3112 2601 cubiculi.
3142 2542 3310 2603 Paulo
3338 2555 3462 2616 post

1882 2632 2106 2686 advenit
2136 2632 2509 2695 Constantius,
2546 2631 2793 2700 clamque
2837 2632 2939 2701 ipsi
2977 2632 3259 2704 presbyter
3292 2643 3461 2692 testa-

1880 2734 2123 2777 mentum
2160 2723 2351 2787 tradit,
2376 2738 2538 2778 unam
2573 2723 2761 2779 statim
2786 2724 2855 2780 ab
2881 2739 2948 2780 eo
2977 2740 3172 2795 rogans
3199 2727 3459 2797 gratiam,

1878 2826 1937 2867 ut
1982 2831 2108 2868 cum
2155 2814 2286 2869 Ario
2322 2814 2574 2870 sentiret.
2606 2814 2869 2871 Defuncto
2896 2816 3079 2888 itaque
3126 2818 3458 2888 imperatore

1875 2904 2250 2967 Constantino,
2282 2904 2545 2958 Eusebius
2568 2903 3001 2961 Nicomediensis
3044 2917 3099 2962 et
3130 2910 3289 2973 socii,
3324 2918 3463 2966 tem-

192 2998 451 3064 παντίνου,
504 2994 776 3056 Εὐσέϐιος
810 2994 837 3044 6
872 2990 1235 3062 Νικομηδείας
1266 2989 1383 3059 ἅμα
1414 2991 1527 3051 τοῖς
1555 2989 1650 3041 σὺν
1681 2989 1772 3041 αὐ-

1880 3007 1980 3063 pus
2023 3007 2083 3047 se
2117 3003 2311 3047 nactos
2359 3003 2720 3061 opportunum
2762 2995 2892 3057 rati,
2943 2994 3057 3048 Arii
3097 2996 3327 3050 hazresin
3357 2998 3459 3051 ﬁr-

190 3088 265 3159 τῷ.
289 3089 472 3161 καιροῦ
504 3083 808 3157 δεδράχθαι
833 3083 1091 3153 εὐκαίρου
1116 3080 1456 3151 νομίσαντες,
1479 3077 1547 3132 τὰ
1562 3076 1771 3149 Ἀρείου

191 3186 402 3254 συνιστᾷν
431 3177 789 3240 ἐσπούδαζον
817 3176 919 3247 (d).
956 3172 1309 3245 Περιέσεσθαι
1330 3170 1384 3223 δὲ
1406 3170 1597 3224 τούτου
1620 3169 1777 3238 ἤλπιι

189 3272 276 3337 ζον,
315 3275 401 3327 ἐὰν
447 3272 535 3344 μὴ
572 3268 918 3340 ἀναχωρήσῃ
960 3266 1059 3337 τῆς
1088 3262 1303 3335 ὲξορίας
1354 3264 1383 3315 6
1438 3261 1773 3321 ’Λθανάσιος.

188 3365 342 3418 Ταῦτα
380 3367 437 3419 δὲ
474 3360 901 3422 κατεσκεύαζον
924 3355 1171 3427 συνεργῷ
1216 3353 1491 3426 χρώμενοι
1525 3351 1604 3423 τῷ
1642 3368 1777 3422 πρε-

191 3456 424 3527 σϐυτέρῳ,
461 3457 528 3519 ὃς
555 3458 723 3526 χάριν
743 3452 846 3522 τῆς
863 3446 1127 3521 διαθήκης
1159 3447 1357 3508 ὐποδύς
1386 3445 1566 3508 πάλιν,
1591 3446 1647 3497 ὲν
1666 3446 1777 3506 τοῖς

190 3548 451 3618 βασιλείοις
498 3548 597 3599 τὸν
647 3543 1013 3616 πραιπόσιτον
1062 3539 1157 3592 τοῦ
1196 3537 1479 3609 βασιλέως,
1538 3533 1775 3605 τοῦνομα

187 3618 466 3702 Ε’ὐσέϐειον,
511 3632 815 3688 συνθέσθαι
843 3633 909 3701 τῇ
939 3629 1146 3701 Ἀρείου
1175 3628 1301 3699 δόξῃ
1331 3625 1663 3679 συνέπεισεν.
1683 3625 1776 3677 Ἐκ

185 3726 228 3779 δὲ
254 3729 432 3781 τούτου
465 3727 566 3780 καὶ
592 3726 645 3777 oi
674 3723 857 3777 λοιποὶ⁵
880 3722 986 3773 τῶν
1006 3718 1275 3789 εὐνούχων
1303 3718 1369 3771 τὰ
1390 3716 1530 3770 αὐτὰ
1559 3717 1775 3787 φρονεῖν

187 3819 456 3873 ἐπείθοντο.
498 3818 580 3870 Οὐ
617 3816 727 3887 μὴν
756 3813 897 3867 ἀλλὰ
937 3812 1031 3864 xa‘t
1058 3812 1091 3882 ἠ
1125 3812 1216 3863 τοῦ
1245 3808 1508 3885 βασιλέως
1533 3808 1769 3879 γαμετὴ,

184 3908 253 3962 διὰ
274 3912 372 3965 τῶν
421 3908 714 3979 εὐνούχων
759 3906 853 3958 καὶ
900 3902 995 3957 τοῦ
1033 3901 1402 3973 πρεσϐυτέρου
1454 3899 1771 3970 ἀποπλανη-

186 3998 331 4066 θεῖσα,
362 4004 431 4072 τῇ
453 4001 604 4069 αὐτῇ
632 3996 763 4070 δόξῃ
794 3994 1165 4066 προστίθεται.
1189 3992 1322 4046 Μετ’
1352 3993 1413 4045 οὐ
1441 3992 1575 4045 πολύ
1600 3990 1656 4044 δὲ
1678 3990 1773 4044 καὶ

184 4093 318 4157 αὐτὸς
337 4097 364 4147 6
402 4083 671 4162 βασιλεὺς
701 4087 923 4158 ὑπήχθη
944 4085 1021 4156 τῷ
1067 4084 1215 4154 αὐτῷ
1244 4084 1568 4155 φρονήματιο
1596 4100 1774 4153 παρα-

184 4185 344 4255 χρῆμά
366 4202 427 4237 τε
450 4180 674 4259 κελεύει
693 4179 762 4232 τὰ
787 4178 999 4249 Ἀρείου
1030 4176 1312 4247 συστῆναι,
1342 4177 1435 4229 καὶ
1461 4176 1691 4238 ἄκοντας
1703 4173 1771 4226 τὰ

184 4274 403 4346 δόγματα
428 4271 607 4327 αὐτοῦ
635 4272 767 4333 τούς
791 4268 1126 4346 ἐπισκόπους
1158 4270 1191 4339 ἡ
1201 4267 1318 4339 μῶν
1347 4266 1765 4332 καταδέξασθαι.

1883 3101 2031 3140 tutare
2075 3087 2385 3141 studebant.
2434 3085 2586 3152 Quod
2631 3101 2701 3140 ex
2750 3095 2870 3142 voto
2933 3101 3217 3143 cessurum
3271 3103 3463 3158 spern-

1881 3177 2027 3243 hant,
2077 3179 2203 3233 dum
2250 3178 2319 3231 ab
2362 3176 2553 3232 exsilio
2594 3177 2927 3233 Athanasius
2956 3194 3063 3233 non
3110 3180 3457 3249 remigraret.

1878 3266 2003 3322 Haec
2029 3277 2209 3323 autem
2234 3268 2595 3324 moliebantur
2631 3284 2795 3338 opera
2836 3270 2916 3327 usi
2951 3269 3254 3342 presbyteri
3288 3272 3454 3339 illius,

1878 3362 1969 3428 qni
2030 3360 2342 3414 testamenti
2389 3360 2570 3413 traditi
2613 3359 2900 3425 beneﬁcio,
2949 3377 3070 3418 sese
3115 3364 3372 3434 ingerens
3404 3368 3458 3423 in

1878 3448 2160 3519 palatium,
2220 3449 2565 3519 imperatoris
2595 3452 2967 3520 pta-positum,
3021 3455 3240 3510 nomine
3283 3456 3457 3513 Euse-

1879 3539 2053 3605 bium,
2092 3539 2329 3606 induxit,
2363 3540 2546 3595 utArii
2582 3541 2883 3596 doctrinam
2919 3553 3179 3600 tueretur.
3212 3547 3457 3607 Hincalii

1876 3629 2114 3684 eunuchi
2165 3630 2231 3684 ad
2280 3630 2468 3685 eadem
2519 3633 2806 3687 sentienda
2856 3634 3275 3693 inducebantur.
3308 3640 3449 3707 Quin

1877 3720 1986 3774 imo
2020 3718 2130 3789 ipsa
2169 3720 2513 3789 imperatoris
2537 3736 2678 3776 uxor
2702 3737 2798 3792 per
2826 3727 3108 3783 eunuchos
3133 3743 3199 3783 ac
3219 3733 3448 3803 presby-

1877 3822 2050 3866 terum
2103 3812 2351 3882 decepta,
2404 3813 2583 3867 eidem
2638 3815 2901 3870 doctrina:
2949 3818 3282 3889 adjungitur.
3341 3820 3452 3877 Nec

1876 3904 2102 3958 multum
2130 3914 2318 3975 postea
2376 3906 2491 3975 ipse
2538 3906 2843 3976 imperator
2868 3911 2920 3964 in
2955 3914 3201 3968 eamdem
3232 3928 3454 3972 senten-

1877 3995 2007 4048 tiam
2041 3996 2307 4051 deductus
2351 4004 2477 4051 est:
2525 4012 2588 4052 ac
2617 3998 2801 4056 statim
2842 4003 3086 4069 mandat,
3116 4013 3174 4059 ut
3194 4006 3313 4061 Arii
3339 4006 3453 4062 ha!-

1876 4086 2013 4141 rcsis
2070 4087 2404 4152 ﬁrmaretur,
2456 4103 2755 4160 onmesque
2820 4094 3064 4164 episcopi
3124 4097 3295 4152 nostri
3336 4098 3455 4167 ejus

1872 4178 2176 4233 doctrinam
2213 4180 2297 4234 vel
2331 4181 2481 4235 inviti
2511 4192 2838 4253 cogerentur
2867 4187 3139 4255 amplecti.
3168 4189 3305 4244 Dum
3337 4192 3453 4249 hac

1872 4270 2131 4351 spiritalis
2166 4279 2462 4341 tempestas
2487 4276 2806 4344 agitaretur,
2840 4291 3070 4346 praeerat
3101 4279 3455 4352 Jerosolyml—

182 4343 317 4422 Κατὰ
329 4370 422 4423 τὸν
444 4366 704 4439 χειμῶνα
727 4363 921 4417 τοῦτον
947 4343 1037 4415 τὸν
1063 4363 1274 4434 νοητὸν,
1296 4363 1326 4414 6
1348 4362 1500 4431 ἆγιος
1517 4362 1768 4432 Μάξιμος

1876 4348 2015 4417 tante
2065 4364 2320 4419 Ecclesia:
2374 4365 2639 4421 Maximus
2706 4370 3011 4437 episcopus,
3067 4373 3453 4432 Alexandrina:

185 4460 460 4523 ἐπίσκοπος
494 4459 601 4528 τῆς
645 4452 1041 4527 Ἱεροσολύμων
1071 4452 1396 4525 Ἐκκλησίας
1420 4454 1628 4523 ἡγεῖτο,
1669 4453 1764 4505 καὶ

180 4550 573 4623 Ἀλεξανδρείας
600 4552 630 4604 6
648 4549 827 4620 μέγας
850 4545 1190 4610 Ἀθανάσιος“
1208 4547 1266 4599 ἐν
1298 4544 1356 4598 δὲ
1379 4548 1443 4619 τῇ
1474 4544 1658 4617 ὲξορίᾳ
1691 4544 1759 4613 (e)

182 4640 361 4711 διῆγεν’
394 4642 495 4697 καὶ
521 4638 1163 4701 Κωνσταντινουπόλεως
1189 4636 1555 4708 Ἀλέξανδρος,
1580 4634 1763 4697 καθὼς

182 4733 228 4785 ἓν
246 4753 376 4789 τισιν
392 4732 729 4789 Ἀθανασίου
742 4732 1065 4803 γράμμασιν
1080 4728 1287 4799 ἀνέγνω
1294 4745 1411 4800 μεν.
1432 4727 1689 4791 Εὐσέϐιος
1708 4726 1765 4779 δὲ

182 4827 207 4876 6
222 4826 578 4898 Νικομηδεύς,
617 4825 762 4897 ἔχων
793 4840 917 4877 συνε
928 4822 1053 4894 ργὸν
1064 4823 1153 4875 τὸν
1175 4824 1294 4893 είρη
1304 4822 1462 4892 μένον
1477 4818 1771 4892 πρεσϐύτε-

187 4933 280 4985 ρον,
297 4920 608 4995 μηχανᾶται
624 4916 948 4986 τδνἋρειον
963 4916 1018 4966 ὲν
1034 4915 1441 4966 Κωνσταντινου
1450 4911 1598 4965 πόλει
1615 4908 1768 4964 ἁκού-

186 5008 604 5081 εσθαι,οἱόμενος
624 5008 803 5079 ῥᾷστα
826 5004 1177 5077 περιέσεσθαι
1213 5003 1551 5067 Ἀθανασίου,
1573 5005 1659 5056 ἐπ’
1683 5002 1769 5055 άλ-

184 5096 391 5174 λοδαπῆς
405 5101 717 5173 γενομένης
735 5099 837 5169 τῆς
855 5098 1157 5169 ζητήσεως,
1193 5099 1258 5167 τῇ
1280 5096 1533 5166 αὐθεντίᾳ
1556 5094 1649 5148 τοῦ
1674 5094 1767 5164 βα-

188 5191 372 5258 σιλέως,
396 5196 493 5247 καῖ
512 5192 627 5259 τῶν
646 5192 829 5245 ἐκεῖσε
850 5186 1279 5260 συνερχομένων,
1292 5187 1360 5239 τὰ
1374 5186 1584 5258 Ἀρείου
1595 5186 1764 5258 δήπου

182 5282 501 5352 φρονούντων
520 5282 614 5353 (Γ).
630 5268 781 5334 Ἀλλ’
803 5281 832 5330 6
849 5277 949 5349 μὲν
958 5278 1195 5347 Ἄρειος,
1217 5275 1446 5347 ὄργανον
1459 5275 1534 5328 ὣν
1553 5275 1647 5328 τοῦ
1658 5275 1768 5329 δια-

186 5369 319 5426 ϐόλον
338 5377 427 5429 καί
447 5373 650 5438 σκεῦος
680 5368 849 5424 αὐτοῦ
880 5368 1330 5438 κατηρτισμένοι),
1365 5366 1767 5437 φανταζόμενος

183 5471 269 5530 τὰς
287 5468 374 5521 τοῦ
396 5468 533 5523 Θεοῦ
568 5462 908 5534 Ἐκκλησίας
936 5461 1277 5532 διαρπάζειν,
1303 5460 1456 5524 τέλος
1486 5460 1633 5525 ἄξιον
1661 5461 1769 5513 ἀπ-

248 5646 314 5713 (a)
345 5647 508 5720 Palat.
540 5647 612 5720 ἐν
627 5647 697 5715 τῇ
716 5640 961 5720 ΑΒεριάδι.
988 5655 1084 5706 pro
1123 5642 1179 5720 ιξν
1201 5639 1509 5720 Τριϐέροις.
1634 5718 1638 5720 ἢ
1695 5708 1706 5720 ¹

246 5710 309 5785 (b)
353 5716 493 5784 Ηιεε,
540 5710 1069 5783 τῶν”ἀνθρωπίνων
1123 5710 1418 5782 λογισμῶν,
1450 5710 1648 5765 desunt
1695 5710 1753 5762 in

186 5779 301 5930 pa(lit)
324 5861 455 5926 Τοὺς
489 5846 793 5927 εὐνούχους
830 5852 983 5906 deest
1014 5849 1064 5902 in
1097 5849 1215 5903 Pal.

471 5957 761 6017 PATROL.
815 5946 937 6006 Gn.
990 5944 1192 6005 XXV.

1873 4467 2099 4518 magnus
2140 4453 2494 4517 Athanasius,
2541 4455 2633 4523 qui
2687 4454 2741 4507 in
2784 4457 2980 4511 exsilio
3026 4462 3271 4527 agebat;
3307 4462 3452 4519 Con-

1871 4541 2371 4610 stantinopolitanaa
2415 4557 2544 4598 vero
2573 4544 2902 4607 Alexander,
2942 4555 2997 4599 ut
3031 4547 3086 4599 in
3118 4548 3447 4615 quibusdam

1868 4631 2153 4685 Athanasii
2200 4633 2417 4700 scriptis
2459 4632 2705 4702 legimus.
2749 4634 3016 4692 Eusebius
3060 4652 3241 4693 autem
3289 4639 3451 4696 Nico-

1872 4723 2186 4787 mediensis,
2223 4724 2429 4776 socium
2466 4725 2672 4779 habens
2705 4741 2868 4795 supra
2916 4728 3121 4783 dictum
3164 4733 3448 4803 presbyte—

1869 4828 2009 4880 rum,
2038 4828 2255 4883 operam
2276 4816 2362 4869 dat
2393 4825 2454 4870 ut
2481 4817 2646 4872 Arius
2670 4819 3141 4891 Constantinopoli
3171 4824 3447 4891 audiatur,

1870 4917 2018 4962 ratus
2048 4907 2209 4963 facile
2242 4922 2559 4978 superatum
2606 4912 2670 4965 iri
2704 4912 3089 4981 Athanasium,
3121 4916 3167 4971 si
3201 4918 3255 4971 in
3288 4932 3446 4987 pere-

1867 4999 2020 5068 grina
2072 4998 2206 5055 urbe
2253 5001 2481 5071 qu:estio
2509 5001 2832 5067 haberetur,
2859 5007 3190 5062 auctoritate
3241 5009 3449 5065 scilicet

1867 5093 2232 5162 imperatoris,
2284 5094 2515 5165 aliisque
2566 5112 2631 5151 eo
2682 5099 3133 5155 convenientibus
3190 5102 3448 5157 Ariauice

1865 5188 2247 5244 sentientibus.
2302 5189 2410 5243 Sed
2452 5190 2617 5246 Arius
2664 5208 2787 5245 cum
2832 5205 2974 5247 esset
3024 5195 3440 5249 instrumentum

1877 5279 2077 5334 diaboli
2126 5288 2180 5335 et
2233 5293 2328 5334 vas
2379 5281 2498 5349 ejus
2542 5293 2815 5351 paratum,
2875 5299 2998 5338 cum
3050 5282 3316 5352 cogitaret
3348 5282 3443 5334 Dei

1869 5371 2139 5428 Ecclesias
2172 5374 2431 5443 diripere,
2469 5376 2798 5446 condignum
2830 5374 3014 5431 retulit
3042 5373 3341 5428 facinorum
3375 5371 3442 5426 li-

1866 5478 2009 5518 nem.
2058 5465 2318 5521 Precibus
2352 5483 2586 5538 namque
2636 5470 2809 5523 sancti
2848 5465 3143 5522 Alexandri
3194 5464 3436 5537 episcopi

1932 5640 2009 5713 (d)
2039 5644 2360 5699 Συνιστάναι
2393 5644 2625 5714 νομίζων
2656 5643 2823 5714 Palat.

1939 5724 2007 5783 te)
2040 5715 2211 5768 Palat.
2251 5717 2297 5767 εί
2324 5716 2417 5767 καὶ
2447 5712 2503 5767 ἐν
2533 5717 2596 5784 τῇ
2624 5712 2767 5783 ὲξορ.

1944 5784 2011 5854 (Ῑ)
2047 5785 2222 5841 Palat.
2260 5787 2495 5855 φρονεῖν.
2521 5785 2682 5853 Editi,
2714 5784 3073 5855 φρονούντων.

3100 5953 3145 5994 ο
