3990 6514
560 468 795 511 CCXXVII]

1918 426 2454 487 PROLEGOMENA.

561 580 802 630 nostram
852 566 1139 625 convenire
1176 563 1319 626 volo,
1370 570 1549 612 rerum
1596 568 1626 607 a
1666 551 1817 606 vobis
1844 558 2115 622 gestarum

2243 545 2312 598 ,ὗν
2338 543 2701 617 ήπειγμένους
2731 541 2940 604 πάντας
2968 538 3113 608 ὑμᾶς
3139 536 3276 606 πρὸς
3302 534 3400 605 τὴν
3438 533 3580 604 ἐμὴν
3627 530 3812 586 ἐλθεῖν

560 671 809 722 accurate
839 661 1101 717 rationem
1128 668 1310 713 coram
1342 650 1667 713 reddituros,
1703 664 1723 697 ›
1755 652 1873 715 etc”

634 924 689 986 6.
744 924 838 981 Hae
882 923 1095 987 litterae,
1147 916 1393 974 homines
1444 913 1498 967 in
1552 911 1761 983 synodo
1806 915 2023 963 coactos
2053 905 2124 960 ad

565 1016 845 1087 angustias
874 1012 1151 1079 redegere.
1186 1004 1548 1072 Quamobrem
1577 1001 1758 1068 plures
1786 998 2005 1052 domum
2038 1008 2124 1048 re-

565 1085 735 1181 gressi
791 1113 917 1161 sunt
964 1122 977 1158 :
1029 1099 1310 1162 Eusebius,
1344 1109 1495 1157 vero,
1532 1090 1801 1159 TheOgnis
1830 1098 1882 1143 et
1910 1085 2127 1155 reliqui,

565 1201 896 1267 aliquantum
921 1194 993 1249 ibi
1022 1190 1263 1247 cunctari
1289 1187 1469 1243 studio
1490 1182 1847 1238 extrahebant
1878 1190 2123 1248 tempus;

564 1292 756 1345 litteris
801 1298 975 1341 autem
1032 1283 1145 1339 suis
1188 1280 1435 1350 piissimo
1474 1274 1789 1344 imperatori
1847 1270 2128 1341 signiﬁca-

565 1390 710 1445 runt,
744 1379 942 1432 invitos
990 1391 1047 1431 se
1106 1372 1329 1429 detineri
1363 1368 1649 1438 quominus
1677 1366 1853 1435 ipsum
1889 1363 2124 1416 adirent.

565 1469 772 1523 Interea
804 1478 1007 1529 autem,
1059 1462 1203 1517 aliud
1244 1461 1519 1530 profertur
1551 1458 1757 1511 crimen
1796 1455 1861 1508 de
1892 1468 2026 1507 auro
2058 1451 2126 1504 ad

567 1558 943 1613 Philumenum
992 1554 1181 1607 misso.
1230 1550 1465 1605 Sanctus
1505 1546 1836 1601 Athanasius
1880 1542 2027 1597 sistit
2074 1554 2132 1595 se

569 1649 621 1702 in
667 1654 1013 1713 conspectum
1070 1639 1413 1710 imperatoris
1444 1638 1496 1691 in
1531 1633 1897 1690 Psammathia
1941 1633 2135 1686 subur-

566 1740 707 1793 bano
750 1736 1093 1792 Nicomedia.
1157 1734 1335 1799 Quare
1388 1726 1766 1784 cunctantibus
1815 1723 2133 1779 Eusebianis

568 1846 692 1885 cum
726 1830 933 1883 honore
969 1827 1118 1880 illum
1171 1822 1555 1877 Alexandriam
1609 1818 1838 1883 remisit,
1885 1817 2131 1871 scribens

566 1919 949 1974 Alexandrina:
993 1915 1246 1969 Ecclesiae
1292 1912 1606 1981 episcopum
1652 1921 1840 1962 eorum
1886 1906 2129 1960 Athana-

567 2010 706 2065 sium
742 2008 879 2061 falso
914 2006 1079 2060 fuisse
1122 2012 1453 2058 accusatum.
1504 2000 1638 2054 Cum
1670 2008 1851 2053 autem
1884 1995 2135 2051 advenis-

566 2111 651 2155 set
695 2098 1080 2153 Alexandriam
1135 2104 1357 2150 sanctus
1406 2091 1761 2154 Athanasius,
1792 2087 2135 2158 congregati-

565 2206 670 2262 que
708 2197 889 2245 essent
923 2189 1011 2258 qui
1042 2187 1173 2241 Ario
1208 2186 1476 2247 faverent,
1512 2182 1766 2251 frequens
1805 2187 1923 2234 erat
1955 2176 2134 2248 populi

566 2296 889 2347 concursus,
918 2289 973 2334 et
998 2293 1143 2348 spes,
1178 2277 1322 2331 circa
1356 2276 1474 2346 ejus
1500 2274 1699 2344 negotii
1734 2272 1937 2327 exitum
1965 2287 1980 2323 :
2014 2283 2135 2323 cum

566 2374 805 2429 maxime
856 2372 1109 2426 viderent
1153 2384 1215 2424 ea
1251 2384 1370 2436 quae
1415 2384 1442 2419 a
1490 2374 1567 2419 tot
1613 2363 1883 2432 episcopis
1920 2362 2137 2415 decreta

569 2473 757 2519 essent
793 2460 1057 2517 divexari.
1099 2458 1235 2513 Cum
1265 2472 1428 2527 porro
1460 2456 1765 2508 adverteret
1809 2451 2139 2506 Athanasius

568 2557 769 2610 iterum
812 2550 1042 2608 tumultu
1081 2548 1275 2619 repleri
1315 2546 1699 2604 Alexandriam
1738 2544 2141 2615 Egyptumque

571 2655 767 2705 totam,
812 2658 917 2698 non
972 2642 1211 2703 reticuit,
1246 2640 1339 2694 sed
1372 2640 1437 2692 ad
1481 2637 1823 2706 imperatoris
1871 2649 2143 2690 aureer-

573 2737 714 2791 tulit.
763 2736 897 2791 Cum
931 2743 1111 2786 autem
1161 2732 1457 2801 imperator
1505 2729 1822 2790 audivisset,
1873 2726 1986 2781 Arii
2019 2740 2140 2781 sen-

560 2828 794 2889 tentiam
822 2826 1016 2880 iterum
1044 2838 1206 2893 prave
1241 2823 1508 2877 detortam
1544 2819 1733 2883 fuisse,
1783 2818 2017 2873 accitum
2045 2816 2142 2871 de-

570 2933 679 2975 nuo
706 2918 855 2971 illum
886 2913 1406 2981 Constantinopolim
1436 2912 1620 2965 venire
1645 2910 1829 2978 jussit,
1875 2908 2139 2963 rationem

570 3010 905 3066 redditurum
939 3007 1004 3061 de
1034 3007 1098 3061 iis
1126 3021 1244 3073 qua:
1271 3017 1613 3059 commovere
1648 3015 1935 3070 aggressus
1976 3006 2139 3055 esset.

569 3102 731 3158 Arius
766 3115 895 3155 vero
923 3114 1046 3154 cum
1080 3096 1406 3151 Alexandria
1454 3096 1519 3148 ad
1563 3093 1880 3148 comitatum
1912 3093 2139 3146 ducere-

2226 640 2507 696 εὐλάϐειαν
2566 636 2844 706 βούλομαι,
2897 634 2985 687 ἵνα
3044 630 3151 684 τῶν
3207 627 3619 700 πεπραγμένων
3679 626 3810 695 ὑμῖν

2225 730 2507 803 ἀκρίϐειαν
2556 728 2622 780 δι’
2672 727 2825 797 ὑμῶν
2870 724 3047 778 αὐτῶν
3095 722 3520 793 παραστήσητε,
3561 737 3581 770 ι
3616 716 3713 770 καὶ
3742 715 3816 769 τὰ

2227 824 2374 894 ἑξῆς.

2298 915 2349 968 5.
2382 912 2565 966 Ταῦτα
2586 911 2651 964 τὰ
2675 908 2974 979 γράμματα
3002 906 3081 967 εἰς
3110 902 3297 971 ἀγῶνα
3348 902 3473 965 τοὺς
3502 901 3561 955 ἐν
3591 901 3661 971 τῇ
3691 916 3819 952 συν-

2231 1006 2335 1076 όδῳ
2387 1004 2709 1072 κατέστησε.
2743 998 2832 1052 Διὸ
2876 998 2924 1050 οἱ
2977 996 3073 1066 μέν
3128 994 3343 1056 πλείους
3377 994 3468 1046 ἐπὶ
3504 992 3575 1045 τὰ
3605 989 3820 1045 ἑαυτῶν

2228 1095 2595 1167 ἀνεχώρησαν·
2632 1095 2680 1145 οἱ
2713 1091 2769 1144 δέ
2815 1089 2942 1160 περὶ
2970 1087 3228 1140 Εὑσέϐιον
3260 1085 3355 1139 καὶ
3394 1084 3673 1152 Θεόγνιον,
3721 1083 3821 1136 καὶ

2228 1189 2352 1251 τοὺς
2393 1186 2614 1248 λοιποὺς
2642 1184 2779 1245 τέως
2814 1181 2889 1252 (α)
2912 1180 3186 1251 ἐχρόνιζον
3214 1177 3399 1231 αὐτόθι
3444 1176 3823 1247 παρέλκοντες

2230 1281 2407 1334 ἑκοντὶ
2435 1279 2525 1331 τὸν
2546 1277 2752 1345 καιρόν⁸
2788 1275 3023 1345 ἔγραφον
3057 1273 3112 1325 δέ
3137 1271 3214 1341 τῷ
3243 1269 3621 1339 εὐσεϐεστάτῳ
3658 1268 3821 1337 βασι-

2229 1370 2328 1434 λεῖ,
2360 1370 2588 1429 ἄκοντας
2642 1364 2929 1435 ἐπέχεσθαι
2960 1362 3343 1432 ἐπειγομένους
3384 1360 3626 1430 ἐξορμᾷν
3679 1357 3824 1429 πρὸς

2230 1462 2409 1516 αὐτόν.
2453 1460 2540 1513 Ἐν
2568 1459 2625 1510 δὲ
2654 1457 2731 1527 τῷ
2788 1454 2990 1527 μεταξὺ
3040 1453 3329 1506 ἀποδύεται
3385 1452 3480 1503 καὶ
3519 1450 3581 1501 τὸ
3628 1450 3824 1518 ἕτερον

2232 1553 2483 1622 ἔγκλημα
2515 1551 2591 1611 τὸ,
2619 1550 2747 1621 περὶ
2795 1547 2889 1600 τοῦ
2921 1546 3143 1617 χρυσίου
3178 1543 3270 1597 τοῦ
3301 1542 3436 1614 πρὸς
3467 1539 3824 1609 Φιλούμενον.

2243 1647 2301 1699 ’0
2336 1645 2487 1712 ἆγιος
2503 1642 2833 1702 Ἀθανάσιος,
2851 1638 3046 1700 συστὰς
3079 1634 3253 1704 ἐαυτῷ
3278 1634 3353 1703 (α)
3371 1632 3511 1686 κατά
3526 1632 3828 1702 πρόσωπον

2231 1738 2324 1792 τοῦ
2342 1736 2600 1807 βασιλέως
2622 1736 2677 1786 ἐν
2699 1730 2965 1801 Ψαμαθίᾳ
2981 1727 3285 1801 προαστείῳ
3302 1726 3399 1794 τῆς
3425 1721 3826 1792 Νικομηδείας.

2235 1831 2324 1883 Διὸ
2364 1830 2459 1882 καὶ
2490 1826 2862 1899 βραδυνάντων
2904 1822 3011 1874 τῶν
3066 1820 3194 1889 περὶ
3226 1816 3505 1879 Εὑσέϐιον,
3551 1813 3696 1885 μετὰ
3748 1830 3831 1866 τις

2240 1925 2344 1994 μῆς
2370 1922 2528 1974 αὑτὸν
2553 1916 2872 1987 ἀπέπεμψεν
2908 1914 3001 1967 ἐπ)⁸
3030 1911 3127 1982 τὴν
3156 1909 3583 1979 Ἀλεξάνδρειαν,
3606 1904 3833 1977 γράψας

2235 1993 2300 2081 τῇ
2344 2007 2733 2078 Ἀλεξανδρέων
2781 2002 3097 2073 Ἐκκλησία,
3131 2001 3213 2053 ὅτι
3241 2002 3269 2052 ό
3312 1998 3610 2059 ἐπίσκοπος
3645 1993 3830 2047 αὐτῶν

2248 2102 2561 2163 Ἀθανάσιος
2587 2097 2794 2169 ψευδῶς
2825 2094 3191 2164 διαϐέϐληται.
3239 2092 3326 2144 Ἐν
3375 2089 3431 2143 δὲ
3464 2086 3543 2157 τῷ
3584 2102 3835 2157 παραγε-

2237 2192 2421 2245 νέσθαι
2468 2191 2541 2260 (b)
2574 2190 2663 2242 τὸν
2708 2190 2860 2256 ἅγιον
2910 2185 3223 2239 Ἀθανάσιον
3262 2180 3405 2235 κατά
3436 2180 3537 2250 τὴν
3581 2176 3836 2241 Ἀλεξάν-

2237 2284 2439 2353 δρειαν,
2483 2284 2576 2335 καὶ
2628 2277 3043 2349 συγκροτεῖσθαι
3093 2275 3162 2327 τὰ
3219 2272 3359 2327 κατά
3432 2271 3524 2323 τὸν
3584 2270 3831 2341 Ἄρειον,

2239 2373 2404 2443 πολλή
2454 2389 2537 2433 τις
2582 2366 2649 2440 ἦν
2676 2366 2887 2421 καὶτοῦ
2924 2364 3159 2436 πλήθους
3186 2360 3496 2423 συνέλευσις
3530 2358 3629 2411 καὶ⁹
3649 2356 3831 2420 ἐλπὶς,

2240 2466 2332 2520 ἐπὶ
2361 2461 2762 2532 ταλαντευούσῃ
2784 2458 3003 2512 ἐκϐάσει
3036 2452 3430 2527 περιαγομένη·
3462 2450 3704 2521 μάλιστα
3726 2450 3834 2503 πά·-

2241 2557 2323 2610 λιν
2366 2554 2613 2626 ὁρώντων
2639 2552 2708 2604 τὰ
2740 2550 3015 2612 τοσούτοις
3074 2546 3388 2609 ἐπισκόποις
3428 2543 3695 2615 κριθέντα
3715 2545 3835 2598 δια-

2243 2646 2601 2717 σκυλλόμενα.
2650 2642 2818 2715 Ὁρῶν
2847 2642 2903 2695 δέ
2936 2643 2963 2694 ὁ
2992 2637 3143 2709 ἆγιος
3178 2638 3492 2701 Ἀθανάσιος
3522 2634 3684 2701 αὖθις
3732 2656 3833 2691 τα-

2244 2738 2579 2811 ραττομένην
2618 2736 2716 2806 τὴν
2756 2733 3159 2804 Ἀλεξάνδρειαν
3186 2730 3279 2784 καὶ
3310 2731 3492 2783 πᾶσαν
3522 2729 3829 2796 Αἴγυπτον,

2240 2830 2299 2883 οὐ
2359 2826 2817 2900 παρεσιώπησεν·
2876 2825 3011 2879 ἀλλά
3062 2822 3290 2893 φανερὸν
3332 2824 3456 2885 ταῖς
3514 2820 3834 2892 βασιλικαῖς

2244 2921 2433 2984 ἀκοαῖς
2490 2920 2841 2988 κατέστησεν.
2891 2919 2976 2980 Ὠς
3016 2916 3072 2969 δὲ
3106 2917 3133 2967 ὁ
3173 2913 3423 2984 βασιλεὺς
3470 2912 3708 2966 ἐπύθετο
3757 2914 3836 2983 (ε)

2236 3012 2589 3083 διεστράφθαι
2622 3010 2780 3063 πάλιν
2802 3010 2897 3079 τὴν
2927 3008 3134 3080 Ἀρείου
3166 3005 3413 3076 γνώμην,
3449 3005 3839 3077 μεταπέμπων

2244 3100 2397 3166 αὖθις
2431 3105 2510 3166 εἰς
2538 3102 2635 3172 τὴν
2668 3097 3255 3161 Κωνσταντινούπολιν,
3305 3097 3463 3165 ἥκειν
3512 3094 3681 3148 αὑτὸν
3707 3093 3840 3147 ἐκέ-

572 3204 680 3256 tur,
717 3203 1040 3260 congressus
1085 3189 1343 3243 Cursarem
1375 3201 1495 3241 cum
1531 3184 1785 3250 Eusebio,
1836 3183 2135 3253 Tlieoguio,

2243 3193 2591 3261 λευσε,λόγον
2615 3190 2853 3245 δώσοντα
2882 3208 2955 3244 ων
2992 3190 3263 3243 ἀνακινεῖν
3296 3188 3575 3259 ἐπεχείρει
3609 3186 3715 3256 (d).
3744 3185 3841 3249 Ὧς

570 3284 704 3340 Mari
751 3292 807 3338 ct
850 3282 1071 3351 reliquis
1115 3278 1357 3342 asseclis,
1418 3293 1541 3332 cum
1594 3284 1875 3329 narrasset
1912 3289 1975 3330 ea
2014 3289 2133 3343 qua:

571 3391 691 3431 sese
718 3382 1043 3445 spectarent,
1091 3371 1443 3441 plurimisque
1494 3369 1686 3423 diebus
1715 3377 1967 3422 versatus
2011 3381 2133 3422 cum

574 3466 706 3530 illis,
732 3478 921 3518 eorqu
960 3477 1090 3516 usus
1136 3460 1421 3523 consiliis;
1480 3457 1616 3511 alias
1656 3472 1762 3510 una
1793 3471 1914 3510 cum
1946 3454 2054 3508 illis
2083 3454 2136 3507 in

572 3554 932 3609 Athanasium
968 3565 1234 3606 consuere
1283 3549 1581 3623 calumnias
1620 3548 1670 3601 in
1700 3547 1942 3600 animum
1977 3545 2139 3599 indu-

572 3649 671 3702 xit.
702 3643 838 3701 Tum
868 3644 1181 3714 praemissus
1205 3644 1271 3695 ab
1312 3642 1415 3695 illis
1445 3642 1511 3694 ad
1544 3643 1927 3710 imperatorem
1954 3638 2139 3703 Arius,

575 3739 850 3809 profectus
900 3746 984 3791 est
1050 3750 1271 3789 causam
1336 3743 1793 3803 propugnaturus.
1850 3732 2140 3787 Eusebiani

575 3843 705 3884 vero
758 3826 1284 3896 ConStantinopohm
1352 3826 1546 3880 iterum
1597 3825 1844 3896 profecti,
1896 3833 1953 3880 ut
1999 3826 2140 3895 pacti

577 3929 733 3975 erant
777 3929 966 3974 contra
1009 3919 1383 3982 Athanasium,
1414 3933 1631 3972 omnem
1663 3917 1893 3987 lapidem
1921 3932 2141 3972 moven-

578 4023 683 4080 tes,
717 4013 860 4083 quod
908 4012 1121 4076 dicitur,
1156 4020 1214 4066 ut
1241 4009 1550 4078 episcopatu
1580 4025 1700 4065 eum
1727 4010 2004 4079 pellerent.
2038 4010 2141 4065 Ac-

576 4106 671 4161 citi
705 4120 939 4175 namque
971 4107 1040 4160 ab
1089 4105 1413 4172 imperatore
1437 4112 1489 4156 et
1520 4103 1837 4174 interrogati
1871 4103 1937 4159 ab
1979 4118 2045 4160 eo
2077 4104 2144 4160 de

579 4198 716 4253 actis
747 4197 799 4252 in
831 4198 1038 4268 synodo
1061 4236 1075 4260 ,
1114 4197 1441 4260 respondent
1468 4213 1481 4249 :
1517 4194 1631 4249 Non
1664 4205 1809 4249 tanta
1839 4196 2015 4263 nobis,
2044 4197 2149 4250 im-

582 4298 826 4358 perator,
876 4287 943 4342 de
993 4286 1262 4357 prioribus
1304 4284 1603 4339 Athanasio
1651 4283 1811 4337 illatis
1850 4300 1979 4340 cura
2024 4294 2139 4352 est,

578 4389 781 4451 quanta
814 4380 881 4435 de
911 4394 1066 4434 sacra
1110 4394 1292 4433 mensa
1321 4378 1581 4432 subversa
1604 4385 1659 4433 et
1702 4377 1769 4433 de
1796 4377 2023 4448 mystico
2048 4393 2145 4447 po-

577 4473 700 4527 culo
729 4472 1045 4536 confracto;
1086 4470 1415 4539 insuperque
1452 4470 1595 4539 quod
1660 4469 2040 4525 interminatus
2076 4471 2146 4525 sit

2246 3286 2301 3339 δέ
2334 3286 2495 3355 ἤγετο
2525 3282 2684 3335 πάλιν
2724 3282 2829 3336 ἀπὸ
2853 3280 2951 3351 τῆς
2991 3278 3391 3348 Ἀλεξανδρείας
3419 3278 3512 3330 ἐπὶ
3545 3276 3641 3331 τὸν
3673 3293 3843 3347 κομι-

2245 3379 2401 3433 τάτον
2428 3381 2455 3430 ὁ
2490 3377 2724 3447 ΙἈρειος,
2778 3368 3068 3443 συμϐαλὼν
3097 3373 3153 3424 ἐν
3188 3368 3495 3440 Καισαρείᾳ
3530 3370 3645 3431 τοῖς
3704 3368 3843 3440 περὶ

2246 3467 2525 3532 Εὑσέϐιον,
2579 3467 2672 3520 καὶ
2717 3465 2987 3532 Θεόγνιον,
3036 3462 3235 3532 Μάριν,
3295 3462 3389 3515 καὶ
3431 3460 3560 3521 τοὺς
3608 3457 3844 3520 λοιποὺς

2248 3562 2538 3630 συνεργοὺς
2596 3560 2701 3632 (ε),
2740 3556 3134 3629 διηγησάμενος
3186 3553 3257 3607 τὰ
3311 3553 3430 3608 καθ’
3481 3551 3699 3616 ἐαυτὸν,
3743 3551 3847 3604 ἐπὶ

2250 3652 2464 3715 πλείους
2496 3669 2556 3704 τε
2590 3650 2801 3721 ἡμέρας
2839 3647 3255 3719 συμφατριάσας
3287 3645 3504 3708 αὐτοὺς,
3554 3643 3653 3697 καὶ
3698 3660 3846 3710 συμμ-

2250 3743 2461 3806 ϐούλοις
2487 3743 2829 3814 χρησάμενος
2878 3739 3060 3801 αὐτοῖς
3090 3738 3156 3809 (Ι)
3183 3778 3195 3801 ,
3236 3736 3427 3808 ἐτέρας
3459 3735 3625 3789 πάλιν
3671 3750 3846 3788 συκο-

2250 3837 2477 3906 φαντίας
2492 3834 2634 3889 κατά
2668 3832 2980 3887 Ἀθανασίου
3017 3829 3241 3901 ῥάπτειν
3274 3827 3845 3900 προεθυμοῦντο.Καὶ

2253 3930 2633 4005 προπεμφθεὶς
2667 3929 2758 3984 ὑπ’
2794 3925 2972 3981 αὐτῶν
2997 3926 3025 3978 ὁ
3061 3927 3278 3995 ’Δρειος
3305 3923 3440 3995 πρὸς
3472 3923 3567 3977 τὸν
3586 3920 3843 3993 βασιλέα,

2249 4026 2335 4096 ᾔει
2370 4020 3009 4095 ἀπολογησόμενος.οίδέ
3035 4019 3162 4090 περὶ
3192 4016 3447 4070 Εὑσέϐιον
3477 4011 3638 4079 αὖθις
3672 4016 3847 4068 ἐπαν-

2249 4118 2489 4180 ελθόντες
2520 4116 2611 4168 ἐπὶ
2647 4119 2744 4183 τὴν
2772 4108 3363 4172 Κωνσταντινούπολιν,
3410 4101 3499 4161 οἷα
3532 4107 3845 4161 συνέθεσαν

2252 4210 2391 4264 κατά
2453 4206 2789 4260 Ἀθανασίου*
2826 4204 2886 4257 τὸ
2907 4202 2970 4273 δὴ
2997 4202 3310 4272 λεγόμενον,
3358 4200 3537 4253 πάντα
3580 4198 3731 4252 λίθον
3756 4217 3848 4252 κι-

2250 4302 2484 4365 νοῦντες,
2540 4298 2634 4352 τοῦ
2687 4297 2981 4369 ἐξωσθῆναι
3017 4295 3089 4367 (g)
3147 4294 3309 4350 αὑτὸν
3354 4293 3455 4364 τῆς
3496 4292 3843 4364 ἐπισκοπῆς.

2251 4389 2689 4460 Μετακληθέντες
2711 4388 2819 4460 γὰρ
2866 4388 2968 4442 ὑπὸ
2993 4386 3085 4439 τοῦ
3117 4385 3395 4455 βασιλέως,
3420 4384 3514 4437 καὶ
3540 4382 3847 4455 ἐρωτώμε-

2251 4500 2331 4535 νοι
2359 4482 2447 4534 ὑπ’
2475 4478 2637 4533 αὑτοῦ
2676 4479 2804 4551 περὶ
2832 4478 2938 4533 τῶν
2972 4477 3374 4549 πεπραγμένων
3411 4477 3470 4528 ἐν
3501 4476 3570 4546 τῇ
3606 4475 3843 4546 συνόδῳ,

577 4580 638 4619 se
678 4565 1059 4634 impediturum
1113 4562 1369 4618 frumenti
1420 4571 1782 4617 commeatum
1811 4562 2137 4618 Alexandria

2247 4573 2470 4643 ἔφησαν·
2516 4572 2626 4642 Οὐχ
2675 4570 2835 4634 οὕτω,
2907 4568 3160 4640 βασιλεῦ,
3196 4566 3429 4638 σπουδὴν
3478 4567 3844 4638 πεποιήμεθα

575 4656 1101 4727 Constantinopolim
1138 4656 1257 4710 vehi
1286 4655 1525 4710 solitum.
1574 4656 1807 4711 Aiebant
1836 4657 1949 4709 haec
1973 4654 2144 4709 Atha-

578 4750 716 4803 nasii
777 4750 917 4804 dicta
980 4749 1271 4814 audivisse,
1320 4748 1725 4813 Adamantium,
1778 4748 2142 4814 Auuhionem,

576 4838 927 4893 Arbetionem
980 4848 1034 4894 et
1073 4840 1293 4893 Petrum
1322 4840 1623 4909 episcOpos,
1661 4854 1690 4893 a
1719 4841 1916 4909 quibus
1950 4842 2140 4895 convi-

577 4935 719 4996 ctus,
757 4931 808 4983 in
833 4931 1085 4985 omnibus
1118 4946 1244 4986 reus
1294 4931 1684 5001 deprehensus,
1718 4932 1984 5001 judicium
2014 4931 2145 4986 sub-

580 5019 889 5090 terfugisset
913 5022 1260 5077 Athanasius.
1296 5021 1386 5076 Sic
1419 5023 1581 5092 igitur
1609 5024 2013 5078 circumventus
2045 5023 2145 5077 im-

577 5122 817 5181 perator,
881 5121 1044 5179 atque
1106 5113 1156 5165 in
1222 5114 1359 5165 iram
1413 5128 1645 5179 versus,
1695 5116 1886 5169 exsilio
1950 5113 2147 5168 multat

575 5204 955 5268 Athanasium,
1016 5204 1271 5260 Treviros
1322 5206 1373 5260 in
1435 5204 1638 5261 Gallias
1704 5207 1856 5262 abire
1909 5206 2141 5276 jussum.

576 5296 742 5350 Aiunt
770 5305 947 5351 autem
978 5297 1196 5367 quidam
1250 5297 1301 5351 id
1333 5298 1505 5367 egisse
1547 5298 1925 5368 imperatorem
1963 5298 2143 5353 animo

578 5391 725 5459 pacis
784 5390 1169 5447 ecclesiasﬁcaa
1226 5391 1579 5447 concilianda:
1631 5407 1645 5458 ;
1702 5388 2141 5460 quandoquidem

644 5504 723 5626 gn)
756 5506 905 5571 Τέως
943 5507 1093 5563 deest
1129 5507 1183 5561 in
1229 5506 1397 5562 Palat.
1444 5506 1587 5563 infra
1616 5508 1776 5573 idem,
1813 5507 1890 5579 τῷ
1923 5506 2143 5560 εὐλαϐε-

578 5589 641 5627 στ
679 5592 755 5627 τω
790 5576 909 5631 Bac.

653 5643 756 5725 (α’).
789 5643 943 5716 Legit
989 5649 1257 5716 interpres
1310 5651 1584 5719 συστήσας
1634 5647 1845 5703 ἑαυτόν.
1881 5646 2145 5703 Caeterum

615 5711 789 5766 hrasm
822 5718 1003 5770 mutila
1036 5728 1141 5770 est.
1178 5718 1333 5770 EDiT.
1375 5718 1616 5770 ΡΑτιιοιη

578 5718 789 5776 phrasis
822 5718 1003 5770 mutila
1036 5728 1141 5771 est.
1178 5718 1333 5772 EDi'l‘.
1375 5718 1616 5775 ΡΑτιιοι..

654 5779 724 5857 (ὁ)
761 5781 958 5857 Palat”
992 5788 1363 5857 περαίνεσθαι.

656 5848 725 5918 (ι’)
759 5848 847 5907 Sic
892 5848 1154 5912 Palatfct
1204 5860 1280 5911 sic
1322 5858 1443 5926 legit
1484 5867 1635 5914 vetus
1674 5859 1961 5930 interpres.
2003 5856 2144 5913 Editi

2248 4664 2376 4734 περὶ
2432 4663 2540 4716 τῶν
2576 4662 2877 4734 προτέρων,
2935 4654 3010 4714 ὧν
3054 4661 3279 4731 ἐνήγετο
3316 4657 3656 4721 Ἀθανάσιος,
3709 4658 3844 4711 ὅσον

2248 4755 2508 4826 περὶτῆς
2548 4754 2709 4822 ἁγίας
2766 4751 3044 4823 τραπέζης
3096 4751 3197 4819 τῆς
3246 4748 3683 4819 ἀνατραπείσης,
3745 4749 3846 4802 καὶ

2249 4847 2376 4917 περὶ
2408 4846 2500 4899 τοῦ
2533 4843 2792 4915 μυστικοῦ
2829 4843 3087 4914 ποτηρίου
3119 4840 3213 4895 τοῦ
3238 4840 3623 4909 κατεαγέντος,
3664 4840 3748 4894 ἐτι
3780 4860 3844 4895 τε

2248 4938 2344 4991 καὶ
2377 4937 2451 5000 ώς
2497 4936 2710 5007 ἠπείλει
2758 4934 3024 4989 κωλύσειν
3074 4932 3391 5004 πεμφθῆναι
3420 4933 3512 4986 τὸν
3545 4935 3695 4986 σῖτον
3746 4932 3845 4986 τὸν

2252 5026 2312 5092 ἐξ
2345 5028 2497 5091 ἔθους
2536 5030 2599 5080 ἐκ
2622 5027 2719 5097 τῆς
2742 5022 3140 5094 Ἀλεξανδρείας
3171 5024 3250 5085 είς
3270 5022 3369 5091 τὴν
3394 5021 3848 5075 Κωνσταντινούο

2253 5120 2406 5172 πολιν
2454 5119 2827 5189 κομιζόμενον.
2883 5118 2992 5170 Καὶ
3055 5113 3259 5167 τούτων
3306 5113 3622 5184 λεγομένων
3682 5115 3848 5188 παρά

2264 5210 2577 5263 Ἀθανασίου
2619 5209 2907 5279 ἀκηκοέναι
2940 5206 3307 5277 Ἀδαμάντιον,
3347 5204 3851 5277 Ἀνουϐίωνα,Ἀρ-

2253 5300 2500 5363 ϐεθίωνα,
2535 5300 2759 5371 Πέτρον,
2778 5301 2902 5361 τοὺς
2930 5297 3276 5359 ἐπισκόπους,
3298 5296 3387 5363 ὑφ’
3412 5287 3490 5347 ὧν
3529 5293 3845 5365 ἐλεγχθεὶς,

2252 5392 2522 5461 φωραθείς
2541 5391 2615 5461 (h)
2636 5409 2695 5443 τε
2719 5391 2811 5442 ἐπὶ
2838 5391 3021 5455 πᾶσιν,
3048 5387 3254 5458 ἀπέδρα
3281 5386 3381 5457 τὴν
3411 5386 3596 5458 κρίσιν
3621 5388 3649 5440 ὁ
3674 5384 3849 5439 Ἀθα-

2254 5520 2403 5569 vero,
2436 5504 2701 5558 ἐποίθετο.

2325 5578 2401 5644 (ά)
2435 5576 2626 5637 Palat.,
2660 5576 2943 5645 ἐπιχειρεῖ.

2325 5641 2394 5715 (ei
2432 5645 2729 5715 Συνεργούς
2754 5641 2920 5715 ίιίοὸει
2948 5643 2999 5695 in
3038 5641 3209 5715 Palat.

2327 5710 2393 5785 (Γ)
2428 5717 2505 5769 lla
2532 5710 2869 5785 ΡξιὶίιιεΕιΙῇίί
2889 5727 3047 5785 vero,
3075 5710 3249 5775 αὖθις.

2327 5782 2399 5856 (g)
2435 5787 2623 5856 Palat.,
2646 5784 2756 5856 τοῦΔ
2776 5782 3060 5856 ἐξωθλῆσαι.

2326 5850 2401 5927 (7:)
2424 5855 2697 5926 ¢o)p:03i;
2731 5854 2879 5907 deest
2904 5850 2956 5906 in
2980 5850 3094 5905 Pal.
