3990 6508
1154 400 1309 456 VlTA
1349 396 1406 457 S.
1439 396 1818 457 ATHANASI‘I
1861 398 1949 458 EX
1991 396 2532 459 METAPHRASTE.

3257 418 3457 461 CCXXIX

156 530 159 541 '
211 523 387 585 νάσιος.
425 516 582 575 Οὕτω
617 514 753 590 γοῦν
783 520 1145 591 συναρπαγεὶς
1198 520 1226 571 6
1254 517 1530 588 βασιλεὺς,
1570 519 1666 572 καὶ
1695 521 1765 582 εἰς

1878 518 2208 572 Athanasius
2253 516 2688 577 communionem
2754 534 2877 575 cum
2942 516 3177 576 Arianis
3232 534 3461 589 prorsus

211 615 355 687 ὀργὴν
389 611 663 676 ἐκπεσὼν,
706 612 888 684 ἐξορία
944 610 1229 664 ὑποϐάλλει
1284 610 1376 663 τὸν
1434 610 1773 674 Ἀθανάσιον,

212 706 294 769 τὰς
336 704 559 769 Γαλλίας
616 707 793 758 οἰκεῖν
835 706 891 756 ὲν
925 707 987 775 τῇ
1023 704 1100 774 (a)
1154 703 1354 775 Ίϐερίᾳ
1398 702 1772 768 διακελεύσαςι

1879 616 2251 662 aversaretur.
2286 605 2541 662 Tumultu
2591 609 2773 678 itaque
2817 623 2879 663 ac
2914 608 3182 664 seditione
3213 625 3316 664 non
3352 610 3458 667 mi-

1878 701 2024 753 nima
2074 702 2370 766 concitata,
2419 715 2527 755 non
2580 700 2753 755 solum
2787 700 3132 756 Alexandriae
3164 703 3258 757 sed
3294 702 3458 757 etiam

212 798 325 849 Φασὶ
344 796 395 848 δέ
426 814 574 860 τινες
603 798 767 850 τοῦτο
798 797 1155 868 πεποιηκέναι
1188 797 1278 850 τὸν
1315 796 1539 866 βασιλέα
1589 796 1765 868 σκοπῶ

1876 806 1973 860 per
2004 793 2311 847 universum
2342 792 2659 863 Egyptutn,
2692 795 2974 849 hominum
3018 794 3229 850 scilicet
3266 794 3458 864 lugen-

210 886 289 940 τοῦ
331 888 594 958 ἑνωθῆναι
654 890 753 958 τὴν
817 889 1156 960 Ἐκκλησίαψ
1214 887 1399 958 ἐπειδὴ
1458 888 1765 951 Ἀθανάσιος

1881 886 2013 938 tium
2041 886 2365 955 episcopum
2388 902 2546 943 suum
2577 904 2592 953 ;
2621 904 2836 944 rursum
2868 888 3021 958 quasi
3046 903 3112 943 ex
3145 887 3454 944 recessibus

212 979 357 1049 πάντη
388 980 724 1050 κοινωνῆσαι
755 985 868 1045 τοῖς
908 983 1032 1053 περὶ
1061 981 1151 1033 τὸν
1184 981 1400 1050 Ἀρειον
1430 979 1765 1049 ἐξετρέπετο.

1870 987 2220 1049 emergentes
2256 975 2468 1040 Ariani,
2525 987 2690 1032 totum
2760 992 3103 1037 commovere
3159 978 3457 1046 civitatem,

211 1068 415 1139 Θορύϐου
454 1068 547 1125 οὖν
584 1075 682 1126 καὶ
719 1075 962 1137 στάσεως
979 1075 1037 1125 ού
1064 1074 1163 1144 τῆς
1188 1071 1460 1143 τυχούσης
1518 1072 1765 1143 κατειλη-

1872 1078 2188 1122 evomentes
2235 1069 2492 1139 pestifera
2532 1069 2621 1123 illa
2669 1079 2726 1125 et
2763 1070 2997 1125 exitiosa
3028 1070 3146 1125 Arii
3177 1070 3455 1141 dogmata,

212 1164 365 1232 φυίας,
394 1165 453 1217 οὐ
492 1166 661 1236 μόνον
692 1165 794 1237 τὴν
838 1166 1260 1237 Ἀλεξάνδρειαν,
1293 1163 1431 1217 ἀλλά
1474 1163 1565 1217 καὶ
1591 1165 1765 1216 πᾶσαν

1871 1170 2036 1229 atque
2066 1162 2234 1228 pestis
2265 1161 2435 1219 instar
2483 1162 2803 1234 ingruentcs
2838 1160 3153 1227 hominibus
3192 1181 3221 1219 a
3264 1180 3323 1220 se
3356 1164 3457 1220 de-

210 1253 287 1323 τήν
305 1255 591 1324 Αἴγυπτον,
630 1256 977 1326 ὀδυρομένων
1007 1254 1061 1307 δὲ
1085 1254 1214 1325 περὶ
1241 1251 1335 1305 τοῦ
1370 1268 1522 1321 σφων
1549 1251 1771 1304 ὲπισκὸ-
1868 1254 2060 1321 ceplis.

210 1367 308 1417 που,
337 1350 630 1420 ἀνεφύοντο
660 1351 851 1417 πάλιν,
879 1351 1063 1422 ὥσπερ
1097 1353 1160 1402 ὲκ
1202 1347 1387 1419 μυχῶν
1409 1362 1594 1410 τινων,
1632 1349 1682 1399 οἱ
1708 1346 1776 1399 τὰ
1830 1349 2041 1419 ’Λρενίου
2094 1350 2442 1421 φρονοῦντες,
2490 1353 2585 1409 καὶ
2627 1352 2978 1423 διετάραττον
3008 1355 3190 1407 πᾶσαν
3222 1353 3320 1424 τὴν
3360 1353 3456 1406 πό-

207 1443 285 1507 λιν,
353 1442 732 1514 ὲξερευόμενοι
776 1444 847 1499 τὰ
912 1441 1211 1513 φθοροποιά
1262 1440 1357 1494 καὶ
1410 1439 1763 1511 θανατηφόρα
1816 1441 2023 1495 Ἀοείου
2060 1442 2324 1511 δόγματα,
2370 1446 2461 1499 καὶ
2506 1445 2695 1516 λοιμοῦ
2720 1446 2877 1517 δίκην
2913 1447 3144 1512 ἐνιέντες
3193 1451 3307 1511 τοῖς
3360 1448 3459 1501 ὑπ’

208 1536 353 1591 αὐτῶν
383 1538 577 1589 ἀπατω
580 1536 800 1609 μένοις.
1904 1590 1906 1592 τ

260 1626 303 1680 6.
338 1626 492 1681 Ἀλλά
542 1626 767 1689 τούτοις
820 1624 1224 1696 ὲπινηχομένων
1263 1622 1371 1675 τῶν
1417 1620 1765 1693 ἀνθρωπίνων

1948 1620 2001 1674 6.
2031 1621 2165 1675 Dum
2195 1632 2377 1677 autem
2416 1622 2669 1677 humanm
2703 1624 3067 1695 cogitationes
3100 1626 3152 1682 in
3184 1625 3334 1683 hi‘sce
3371 1645 3460 1685 re-

205 1720 437 1790 λογισμῶν
464 1719 563 1790 (b),
584 1721 617 1773 6
653 1720 1061 1779 Κωνσταντῖνος
1089 1716 1239 1779 τέλος
1262 1714 1520 1785 ὑπομένει
1540 1714 1635 1767 τοῦ
1654 1713 1765 1784 βίου

1876 1714 1981 1768 bus
2018 1714 2417 1781 incumberent,
2449 1716 2610 1769 linem
2643 1717 2857 1771 vivendi
2904 1718 3037 1787 facit
3068 1718 3458 1777 Constantinus

206 1812 251 1865 ἐν
276 1829 368 1864 τινι
396 1810 719 1882 προαστείῳ
767 1807 1157 1879 Νικομηδείας,
1210 1806 1269 1859 ἓν
1313 1806 1405 1860 καὶ
1452 1805 1765 1878 τριακοστὸν

1876 1807 1931 1862 in
1961 1806 2196 1875 quodam
2228 1805 2557 1869 Nicomediae
2602 1808 2891 1877 suburbio,‘
2920 1825 3043 1865 cum
3078 1827 3250 1867 annos
3290 1828 3455 1869 untttn

204 1904 297 1967 ἔτος
335 1903 629 1975 διαρκέσας
677 1903 772 1957 ἐπὶ
827 1901 925 1971 τῆς
969 1899 1263 1977 βασιλείας·
1320 1898 1348 1950 ὁ
1399 1898 1455 1950 δὲ
1515 1900 1624 1961 πᾶς
1673 1899 1765 1969 τῆς

1873 1913 2039 1967 supra
2091 1899 2308 1969 triginta
2361 1900 2649 1969 imperium
2698 1900 2976 1964 tenuisset,
3022 1911 3303 1972 totumque
3334 1904 3455 1975 ejus

204 1992 321 2062 ζωῆς
336 1992 492 2045 αὐτοῦ
514 1992 719 2065 χρόνος
749 1992 808 2045 ὲν
839 1989 1263 2061 ὲξηκονταπέντε
1308 1987 1452 2040 ἔτεσι
1492 1986 1768 2060 διαλήξας·

203 2084 424 2155 διαδόχοις
462 2086 576 2145 τοῖς
617 2082 763 2134 υίέσι
810 2079 1172 2152 χρησάμενος,
1224 2078 1497 2149 παραδοὺς
1524 2077 1624 2150 τὴν
1652 2077 1771 2132 δια·

204 2178 343 2248 θήκην
386 2174 756 2247 πρεσϐυτέρῳ
797 2174 907 2226 τινὶ
952 2172 1237 2242 ὲνδιαθέτῳ
1267 2171 1335 2223 τὰ
1374 2170 1583 2241 Ἀρείου
1642 2187 1771 2243 φρο-

201 2266 361 2331 νοῦντι,
395 2263 564 2319 εἰπὼν
596 2263 1004 2331 Κωνσταντίνῳ
1035 2260 1111 2332 τῷ
1138 2260 1410 2333 ὁμωνύμῳ
1441 2259 1771 2331 ἀποδοθῆναι

199 2361 353 2430 αὑτήν.
400 2358 631 2413 Πολλῶν
667 2355 806 2425 γοῦν
838 2354 1347 2425 διαπυνθανομένων
1391 2356 1437 2407 εί
1478 2355 1769 2425 πεποίηται

195 2448 437 2520 διαθήκην,
490 2448 893 2503 διανεϐάλλετο
938 2448 965 2500 6
1018 2446 1403 2517 πρεσϐύτερος,
1461 2446 1597 2517 ἔχων
1631 2464 1769 2517 συμ-

198 2539 364 2609 pina;
390 2541 533 2603 τοὺς
561 2539 855 2609 εὐνούχους
887 2538 955 2609 (ε)
980 2537 1072 2591 τοῦ
1103 2537 1244 2608 ἱεροῦ
1287 2538 1559 2602 κοιτῶνος.
1588 2539 1772 2610 Παρα-

195 2631 365 2703 γίνεται
389 2633 440 2685 δὲ
478 2632 697 2704 μικρὸν
733 2630 962 2703 ὕστερον
991 2632 1018 2682 6
1068 2630 1463 2694 Ktuwlai‘moc,
1512 2631 1606 2683 καὶ
1645 2630 1772 2702 κρύ-

197 2723 300 2795 ϐδην
328 2723 465 2795 αὐτῷ
489 2724 697 2776 δίδωσι
756 2723 853 2774 τοῦ
893 2722 1098 2793 πατρὸς
1133 2720 1228 2792 τὴν
1278 2721 1539 2793 διαθήκην
1565 2724 1592 2774 6
1632 2739 1769 2794 πρε-

196 2814 431 2886 σϐύτερος,
456 2815 605 2886 μίαν
665 2814 832 2875 εὐθὺς
866 2812 1023 2883 χάριν
1061 2811 1207 2881 αὐτῷ
1237 2811 1422 2874 αἰτῶν,
1453 2813 1520 2866 τά
1560 2813 1767 2884 Ἀρείου

194 2908 387 2977 φρονεῖν.
426 2904 895 2973 Τελευτήσαντος
945 2900 1121 2954 τοίνυν
1154 2899 1245 2951 τοῦ
1283 2898 1546 2969 βασιλέως
1608 2902 1767 2952 Κων-

1874 1990 2003 2045 vitae
2047 1998 2271 2060 tempus.
2306 1992 2589 2060 sexaginta
2629 1992 2870 2062 quinque
2922 1992 3082 2048 annis
3144 1994 3453 2050 absolutum

1874 2090 1979 2137 est.
2017 2080 2380 2138 Successores
2410 2082 2551 2138 ﬁlios
2582 2083 2823 2153 reliquit,
2874 2086 3076 2139 tradito
3120 2094 3453 2142 testamento

1874 2184 2038 2243 atque
2065 2173 2118 2228 in
2155 2174 2405 2229 manibus
2434 2174 2682 2245 deposito
2712 2174 2931 2231 cuidam
2976 2177 3296 2248 presbytero
3326 2194 3450 2234 cum

1873 2266 2009 2321 Ario
2046 2267 2326 2331 sentienti,
2360 2266 2626 2321 mandans
2654 2275 2712 2321 ut
2735 2265 3100 2324 Constantino
3138 2270 3452 2339 cognomini

1877 2360 2117 2414 traderet
2147 2358 2298 2413 illud.
2335 2357 2519 2413 Multis
2550 2358 2716 2428 igitur
2740 2359 3110 2428 quaerentibus
3141 2376 3210 2421 an
3241 2362 3450 2419 edidis-

1874 2459 1959 2505 set
2007 2458 2393 2505 testamentum
2423 2488 2439 2515 ,
2500 2450 2857 2505 cunctabatur
2904 2451 3210 2522 presbyter,
3261 2462 3451 2509 nactus

1874 2540 2090 2597 consilii
2124 2541 2306 2597 socios
2341 2541 2618 2603 eunuchos
2664 2541 2803 2597 sacri
2852 2542 3105 2599 cubiculi.
3136 2540 3303 2601 Paulo
3333 2553 3456 2614 post

1874 2631 2099 2686 advenit
2128 2631 2502 2694 Constantius,
2539 2630 2787 2699 clamque
2830 2631 2932 2700 ipsi
2970 2631 3252 2702 presbyter
3286 2641 3454 2690 testa-

1873 2734 2115 2777 mentum
2152 2723 2343 2787 tradit,
2369 2737 2531 2776 unam
2566 2722 2754 2777 statim
2779 2722 2848 2779 ab
2875 2738 2940 2778 eo
2970 2739 3165 2794 rogans
3193 2725 3452 2795 gratiam,

1871 2826 1930 2868 ut
1975 2831 2101 2868 cum
2148 2814 2279 2869 Ario
2315 2814 2567 2870 sentiret.
2599 2813 2863 2870 Defuncto
2889 2815 3073 2886 itaque
3119 2816 3452 2887 imperatore

1868 2905 2243 2967 Constantino,
2275 2903 2538 2958 Eusebius
2563 2902 2994 2961 Nicomediensis
3037 2916 3092 2961 et
3124 2908 3282 2971 socii,
3317 2917 3456 2964 tem-

195 2996 450 3062 σταντίνου,
496 2993 771 3055 Εὐσέϐιος
805 2993 833 3043 6
869 2990 1229 3061 Νικομηδείας
1259 2989 1375 3060 ἅμα
1406 2992 1520 3053 τοῖς
1546 2990 1643 3043 σὺν
1673 2990 1765 3042 αὐ-

1872 3009 1972 3064 pus
2016 3008 2075 3048 se
2111 3004 2304 3048 nactos
2352 3003 2714 3062 Opportunum
2756 2994 2886 3057 rati,
2936 2992 3051 3047 Arii
3090 2996 3321 3049 hazresin
3350 2996 3453 3049 tir-

193 3086 265 3157 τῷ,
290 3088 467 3160 καιροῦ
498 3083 804 3155 δεδράχθαι
829 3083 1086 3153 εὐκαίρου
1111 3081 1448 3151 νομίσαντες,
1470 3079 1539 3134 τά
1554 3078 1764 3152 Ἀρείου

193 3184 401 3253 συνιστᾷν
430 3176 786 3239 ἐσπούδαζον
814 3176 915 3246 (d).
952 3171 1302 3244 Περιέσεσθαι
1323 3171 1377 3224 δὲ
1399 3172 1589 3226 τούτου
1612 3171 1770 3241 ἤλπι-

191 3271 276 3335 ζον,
315 3274 401 3325 ἐὰν
443 3272 533 3343 μὴ
569 3268 914 3340 ἀναχωρήσῃ
956 3265 1054 3336 τῆς
1084 3262 1297 3335 ὲξορίας
1348 3265 1376 3316 6
1431 3263 1765 3324 Ἀθανάσιος.

190 3364 341 3417 Ταῦτα
379 3366 433 3418 δὲ
471 3360 897 3422 κατεσκεύαζον
920 3354 1165 3427 συνεργῷ
1211 3354 1483 3427 χρώμενοι
1518 3353 1596 3424 τῷ
1634 3371 1769 3425 πρε-

192 3454 420 3526 σϐυτέρῳ,
458 3455 526 3518 ὃς
553 3458 719 3525 χάριν
739 3451 842 3521 τῆς
859 3446 1121 3520 διαθήκης
1154 3447 1351 3509 ὐποδὺς
1379 3446 1558 3510 πάλιν,
1583 3448 1639 3499 ὲν
1658 3448 1769 3509 τοῖς

192 3546 447 3616 βασιλείοις
493 3547 592 3598 τὸν
644 3543 1008 3615 πραιπόσιτον
1056 3539 1151 3592 τοῦ
1190 3538 1471 3610 βασιλέως,
1530 3536 1768 3607 τούνομα

189 3617 463 3701 Εὐσέϐειον,
508 3632 811 3687 συνθέσθαι
839 3633 905 3701 τῇ
934 3630 1141 3700 Ἀρείου
1169 3628 1294 3699 δόξῃ
1324 3626 1655 3680 συνέπεισεν.
1676 3628 1768 3679 Ἐκ

187 3725 228 3777 δὲ
253 3728 428 3780 τούτου
460 3726 563 3779 καὶ
588 3726 642 3777 οί
670 3723 852 3776 λοιποὶ
875 3722 981 3773 τῶν
1001 3719 1269 3790 εὐνούχων
1296 3719 1362 3772 τὰ
1383 3718 1523 3771 αὐτά
1552 3720 1767 3789 φρονεῖν

188 3818 453 3871 ἐπείθοντο.
494 3817 575 3869 Οὐ
613 3815 723 3887 μὴν
752 3813 892 3867 ἀλλὰ
932 3812 1026 3864 καὶ
1052 3813 1085 3882 ὴ
1119 3813 1210 3864 τοῦ
1238 3809 1501 3886 βασιλέως
1526 3810 1762 3882 γαμετὴ,

186 3907 253 3961 δνά
275 3911 371 3963 τῶν
417 3908 711 3977 εὐνούχων
755 3906 848 3958 καὶ
896 3902 989 3957 τοῦ
1028 3902 1395 3973 πρεσϐυτέρου
1447 3902 1764 3973 ἀποπλανη-

188 3996 329 4065 Gaiae,
360 4004 428 4071 τῇ
448 4000 599 4068 αὐτῇ
629 3996 758 4069 δόξῃ
789 3994 1158 4066 προστίθεται.
1182 3994 1316 4046 Μετ’
1346 3994 1405 4046 οὐ
1434 3994 1569 4046 πολύ
1593 3992 1649 4046 δὲ
1672 3992 1767 4045 καλ⁹

186 4093 317 4156 αὐτὸς
335 4096 361 4146 6
397 4082 667 4161 βασιλεὺς
697 4087 918 4158 ὑπήχθη
939 4085 1016 4156 τῷ
1062 4084 1209 4156 αὐτῷ
1238 4085 1561 4156 φρονήματι·
1589 4102 1767 4155 παρα-

186 4184 342 4254 χρῆμά
363 4201 425 4237 τε
446 4180 670 4258 κελεύει
688 4179 758 4232 τὰ
782 4178 993 4249 Ἀρείου
1025 4177 1306 4248 συστῆναι,
1336 4179 1429 4231 καλ⁵
1454 4178 1684 4240 ἄκοντας
1697 4174 1765 4228 τὰ

185 4273 399 4344 δόγματα
425 4270 604 4326 αὐτοῦ
631 4272 763 4333 τοὺς
786 4268 1120 4344 ἐπισκόπους
1153 4271 1185 4340 ἡ
1195 4268 1311 4340 μῶν
1341 4267 1759 4334 καταδέξασθαι.

1876 3102 2023 3142 tutere
2069 3088 2378 3143 studebant.
2427 3085 2579 3152 Quod
2625 3101 2693 3140 ex
2743 3095 2865 3143 voto
2926 3100 3209 3141 cessurum
3265 3101 3457 3157 spera-

1873 3179 2020 3244 bant,
2070 3180 2196 3234 dum
2244 3179 2312 3232 ab
2354 3176 2547 3232 exsilio
2588 3177 2920 3233 Athanasius
2950 3193 3056 3233 non
3104 3179 3451 3247 remigraret.

1870 3268 1996 3324 Haec
2022 3278 2201 3325 autem
2227 3269 2588 3325 moliebantur
2624 3284 2789 3338 opera
2829 3269 2910 3327 usi
2944 3269 3247 3341 presbyteri
3280 3272 3448 3338 illius,

1870 3364 1961 3431 qtti
2023 3361 2336 3416 testamenti
2382 3360 2563 3414 traditi
2607 3359 2895 3425 beneﬁcio,
2943 3377 3063 3417 sese
3109 3363 3365 3434 ingerens
3398 3368 3452 3422 in

1871 3451 2154 3521 palatium,
2213 3450 2558 3520 imperatoris
2588 3452 2961 3520 prapositum,
3015 3454 3234 3509 nomine
3277 3455 3450 3512 Euse-

1872 3542 2046 3606 bium,
2085 3541 2323 3607 induait,
2356 3541 2540 3595 utArii
2576 3542 2877 3597 doctrinam
2912 3554 3174 3600 tueretur.
3206 3546 3451 3605 Hincalii

1869 3632 2107 3687 eunuchi
2158 3632 2224 3685 ad
2274 3632 2462 3686 eadem
2514 3634 2800 3688 sentienda
2850 3634 3269 3693 inducebantur.
3302 3640 3443 3707 Quin

1870 3723 1980 3776 imo
2012 3720 2125 3790 ipsa
2163 3721 2506 3791 imperatoris
2531 3737 2673 3778 uxor
2697 3737 2793 3793 per
2820 3727 3102 3783 eunuchos
3128 3743 3192 3783 ac
3213 3733 3443 3802 presby-

1870 3823 2044 3868 terum
2097 3815 2345 3884 decepta,
2398 3815 2577 3868 eidem
2632 3816 2896 3871 doctrina:
2943 3818 3276 3889 adjungitur.
3334 3820 3446 3877 Nec

1870 3906 2096 3960 multum
2124 3916 2312 3976 postea
2370 3907 2485 3977 ipse
2533 3908 2837 3977 imperator
2864 3912 2916 3965 in
2950 3915 3195 3969 eamdem
3227 3928 3449 3972 senten-

1871 3997 2000 4050 tiam
2035 3998 2300 4053 deductus
2345 4006 2430 4052 est
2458 4016 2472 4052 :
2520 4014 2583 4054 ac
2612 4002 2796 4057 statim
2838 4004 3081 4069 mandat,
3111 4014 3169 4059 ut
3190 4006 3307 4061 Arii
3335 4006 3448 4063 bte-

1870 4088 2007 4143 resis
2064 4089 2399 4154 ﬁrmaretur,
2451 4105 2750 4162 onmesque
2816 4096 3060 4165 episcopi
3119 4098 3291 4153 nostri
3332 4098 3450 4168 ejus

1866 4180 2170 4235 doctrinam
2208 4182 2291 4236 vel
2326 4184 2476 4237 inviti
2507 4194 2834 4255 cogerentur
2863 4189 3135 4257 amplecti.
3164 4190 3300 4245 Dum
3333 4192 3448 4249 btec

1866 4272 2125 4353 spiritalis
2161 4282 2457 4344 tempestas
2483 4278 2802 4346 agitaretur,
2836 4293 3067 4349 praterat
3098 4281 3452 4355 Jerosolyml-

185 4343 316 4421 Κατὰ
328 4370 419 4422 τὸν
439 4365 700 4439 χειμῶνα
723 4363 915 4417 τοῦτον
942 4343 1032 4416 τὸν
1058 4364 1268 4435 νοητὸν,
1290 4364 1320 4415 6
1342 4364 1494 4431 ἅγιος
1511 4363 1762 4433 Μάξιμος

1870 4375 2009 4419 tante
2060 4366 2315 4421 Ecclesize
2368 4368 2634 4424 Maximus
2702 4373 3009 4441 episcopus,
3065 4376 3449 4435 Alexandrina:

186 4459 457 4522 ἐπίσκοπος
490 4459 596 4528 τῆς
641 4452 1035 4527 Ἱεροσολύμων
1066 4453 1390 4526 Ἐκκλησίας
1415 4456 1622 4525 ἡγεῖτο,
1662 4454 1758 4506 καὶ

181 4548 569 4623 ’Δλεξανδρείας
596 4552 626 4603 6
643 4548 823 4620 μέγας
845 4545 1184 4611 Ἀθανάσιος·
1203 4548 1260 4600 ἐν
1292 4545 1350 4599 δὲ
1373 4549 1437 4617 τῇ
1468 4545 1652 4617 ὲξορίᾳ
1685 4546 1753 4615 (e)

184 4639 359 4711 διῆγεν·
390 4643 491 4696 καὶ
518 4638 1157 4702 Κωνσταντινουπόλεως
1183 4638 1549 4709 Ἀλέξανδρος,
1575 4636 1757 4699 καθὼς

184 4732 229 4785 ἐν
246 4752 373 4788 τισιν
389 4732 723 4789 Ἀθανασίου
737 4731 1058 4804 γράμμασιν
1074 4730 1406 4801 ἀνέγνωμεν.
1426 4728 1683 4791 Εὐσέϐιος
1703 4728 1759 4781 δὲ

185 4825 207 4875 6
222 4826 573 4898 Νικομηδεὺς,
612 4824 757 4898 ἔχων
788 4823 1047 4895 συνεργὸν
1058 4824 1147 4876 τὸν
1169 4825 1288 4894 είρη
1298 4822 1456 4893 μένον
1472 4819 1765 4892 πρεσϐύτε-

188 4932 279 4984 ρον,
296 4920 604 4993 μηχανᾶται
619 4917 943 4986 τὸνἋρειον
958 4917 1012 4967 ὲν
1029 4916 1436 4967 Κωνσταντινου
1445 4911 1593 4965 πόλει
1610 4909 1763 4964 ἀκού·

188 5008 334 5073 εσθαι,
346 5010 599 5080 οἰόμενος
619 5009 798 5079 ῥᾷστα
820 5004 1171 5078 περιέσεσθαι
1208 5003 1546 5067 Ἀθανασίου,
1568 5006 1653 5057 ἐπ’
1678 5003 1763 5055 ἀλ-

186 5095 388 5174 λοδαπῆς
401 5101 712 5173 γενομένης
730 5099 831 5169 τῆς
849 5099 1151 5170 ζητήσεως,
1187 5100 1252 5168 τῇ
1274 5097 1528 5166 αὐθεντίᾳ
1550 5094 1643 5149 τοῦ
1668 5094 1762 5165 βα-

190 5191 370 5257 σιλέως,
393 5195 489 5248 καῖ
508 5192 622 5259 τῶν
641 5194 823 5245 ἐκεῖσε
843 5188 1274 5261 συνερχομένων,
1287 5188 1355 5240 τὰ
1368 5186 1579 5259 Ἀρείου
1589 5186 1759 5259 δήπου

185 5282 497 5351 φρονούντων
516 5282 609 5353 (Γ).
627 5279 776 5334 Ἀλλ’
797 5282 825 5332 6
842 5278 943 5350 μὲν
953 5280 1190 5348 Ἀρειος,
1212 5277 1441 5347 ὄργανον
1454 5275 1529 5329 ὣν
1548 5275 1642 5329 τοῦ
1652 5276 1762 5330 δια-

188 5368 318 5426 ϐόλου
337 5376 424 5429 καὶ
444 5374 645 5439 σκεῦος
673 5370 843 5425 αὑτοῦ
874 5369 1324 5440 κατηρτισμένον,
1359 5367 1762 5438 φανταζόμενος

185 5470 269 5529 τὰς
287 5467 372 5521 τοῦ
393 5469 527 5523 Θεοῦ
563 5464 902 5535 Ἐκκλησίας
929 5462 1271 5533 διαρπάζειν,
1298 5461 1450 5525 τέλος
1481 5461 1627 5526 ἄξιον
1656 5462 1765 5514 ἀπ·

249 5646 317 5722 ta)
343 5646 503 5722 l_’_alat.
535 5648 607 5722 ὲν
621 5641 955 5722 τῇΑΒεριάδι.
982 5656 1078 5708 pro
1117 5644 1173 5722 ξεν
1195 5640 1503 5722 Τριϐερςις.
1628 5720 1633 5722 _
1690 5710 1701 5722 .

190 5719 308 5834 Ρήὺ)
352 5716 489 5784 Haec,
536 5711 1063 5785 τῶν”ἀνθρωπίνων
1117 5711 1413 5783 λογισμῶν,
1444 5711 1643 5766 desunt
1690 5711 1748 5764 in

223 5799 279 5836 a.

323 5860 452 5927 Τοὺς
484 5845 787 5929 εὐνούχους
824 5853 977 5907 deest
1008 5850 1058 5903 in
1092 5850 1209 5904 Pal.

467 5958 754 6017 Ρηιιοι..
808 5948 932 6007 (ΞΒ.
984 5945 1186 6006 XXV.

1867 4468 2093 4520 magnus
2134 4455 2490 4520 Athanasius,
2537 4458 2629 4526 qui
2684 4458 2737 4511 in
2781 4461 2978 4515 exsilio
3024 4466 3269 4533 agebat;
3304 4466 3449 4523 Con-

1866 4543 2367 4612 stantinopolitanae
2410 4560 2540 4601 vero
2570 4548 2900 4613 Alexander,
2939 4560 2995 4604 ut
3030 4552 3084 4605 in
3116 4554 3443 4622 quibusdam

1862 4633 2148 4688 Athanasii
2195 4636 2413 4703 scriptis
2455 4636 2702 4706 legimus.
2746 4638 3015 4697 Eusebius
3058 4658 3240 4699 autem
3288 4644 3448 4700 Nico-

1867 4725 2181 4789 mediensis,
2218 4727 2425 4779 socium
2463 4728 2669 4783 habens
2702 4745 2865 4800 supra
2914 4733 3121 4789 dictum
3163 4738 3445 4807 presbyte-

1863 4830 2004 4882 rum,
2033 4830 2250 4884 operam
2272 4819 2358 4871 dat
2389 4828 2450 4873 ut
2477 4821 2642 4875 Arius
2667 4823 3139 4895 Constantinopoli
3169 4829 3444 4892 audiatur,

1865 4918 2013 4964 ratus
2044 4909 2203 4965 facile
2237 4924 2555 4981 superatum
2602 4915 2667 4969 iri
2700 4916 3087 4984 Athanasium,
3118 4920 3164 4974 si
3199 4922 3251 4974 in
3285 4921 3442 4989 pere-

1862 5000 2015 5069 grina
2068 5000 2201 5056 urbe
2249 5003 2476 5072 quarstio
2506 5004 2828 5071 haberetur,
2855 5010 3187 5065 auctoritate
3237 5011 3445 5066 scilicet

1862 5094 2227 5163 imperatoris,
2279 5096 2511 5167 aliisque
2562 5114 2627 5153 eo
2678 5101 3129 5157 convenientibus
3186 5103 3443 5156 Ariauice

1860 5188 2242 5245 sentientibus.
2298 5190 2405 5245 Sed
2447 5192 2612 5248 Arius
2660 5210 2783 5247 cum
2828 5207 2970 5249 esset
3020 5197 3435 5250 instrumentum

1872 5279 2072 5334 diaboli
2121 5290 2175 5336 et
2228 5294 2323 5336 vas
2374 5283 2493 5351 ejus
2538 5294 2812 5353 paratmn,
2871 5300 2994 5339 cum
3047 5283 3311 5352 cogitaret
3343 5279 3437 5332 Dei

1863 5371 2134 5429 Ecclesias
2167 5375 2426 5444 diripere,
2464 5378 2795 5447 condignum
2826 5376 3010 5432 retulit
3037 5373 3335 5427 {acinorum
3368 5369 3436 5424 ll-

1861 5479 2004 5518 nem.
2053 5466 2313 5523 Precibus
2347 5484 2581 5539 namque
2632 5471 2805 5524 sancti
2844 5464 3138 5522 Alexandri
3188 5461 3430 5533 episcopi

1926 5640 2004 5713 (ἆ)
2034 5645 2355 5701 Συνιστάναι
2388 5646 2621 5715 νομίζων
2650 5644 2818 5715 Palat.

1933 5712 2002 5783 te)
2036 5716 2206 5769 Palat.
2246 5719 2291 5768 εί
2319 5718 2412 5768 καὶ
2442 5712 2498 5768 ἓν
2528 5717 2592 5783 τῇ
2619 5712 2762 5781 ὲξορ.

1939 5785 2005 5856 (Ῑ)
2042 5787 2217 5842 Palat.
2255 5788 2491 5856 φρονεῖν.
2516 5782 2678 5852 Editi,
2709 5782 3068 5853 φρονούντων.

3094 5950 3140 5990 (9
