3990 6552
1102 483 1254 552 vm
1299 499 1353 553 s.
1397 453 1769 553 ATllANASll
1803 479 1894 552 Ex
1937 484 2470 551 usummasrs‘.

3213 509 3404 568 ccxxtt

211 618 278 676 και
302 617 601 691 περιπέσωσι
645 623 894 694 κινδύνῳ,
944 617 1062 674 Ἐπὶ
1104 621 1354 674 τοσοῦτον
1397 621 1576 673 τοίνυν
1635 623 1720 673 ἐν-

1844 619 2047 673 leducti
2101 628 2250 681 sunt,
2306 625 2364 668 ut
2409 613 2608 668 mortui
2657 612 2933 682 cujusdam
2973 627 3196 669 manum
3233 615 3405 682 nacti,

211 714 433 782 εμὰνησαν
447 713 508 781 τῇ
531 711 850 783 φαυλότητι,
885 712 1022 766 ὥστε
1049 708 1142 764 καὶ
1177 711 1369 782 νεκροῦ
1395 727 1537 772 τινος
1565 713 1724 780 χεῖρα

211 804 364 872 εὑρεῖν,
394 802 453 870 ἦν
480 802 660 869 ἔλεγον
699 805 998 875 Ἀθανασίῳ
1037 806 1121 868 εἰς’
1147 803 1398 873 γοητείαν
1429 798 1568 855 εἶναι
1602 804 1725 854 ἐπι-

209 894 394 962 τηδείαν,
433 893 519 946 καὶ
548 893 694 958 τίνος
737 891 876 947 εἶναι
910 894 1146 964 ἔφασκον
1178 893 1394 946 εἰδέναι.
1448 890 1724 962 Ἀρσενίου

210 984 287 1052 γάρ
331 995 458 1045 τινος
510 985 704 1055 ἀνδρὸς
762 984 947 1053 ἔλεγον
990 983 1098 1037 τῶν
1142 982 1282 1035 κατὰ
1323 981 1727 1051 Ἀλεξάνδρειαν

210 1073 364 1143 ταύτην
403 1075 732 1142 ἐκκεκόφθαι
761 1075 911 1146 παρὰ
937 1074 1031 1127 τοῦ
1061 1075 1229 1143 ἁγίου,
1256 1067 1596 1127 Ἀθανασίου.
1649 1075 1727 1126 Δι’

211 1165 257 1232 ῆν
274 1162 421 1215 αἰτίαν
455 1166 482 1216 ὁ
510 1163 770 1233 βασιλεὺς
812 1165 910 1236 τὴν
952 1165 1047 1236 μὲν
1089 1165 1303 1235 ἐξορίαν
1343 1166 1402 1217 οὑ
1434 1164 1730 1236 ψηφίζεται

211 1252 313 1304 κατὰ
334 1254 412 1305 τοῦ
439 1255 590 1321 ἁγίου
626 1255 976 1319 Ἀθανασίου,
1011 1256 1076 1326 ἢν
1099 1255 1314 1310 ἐδόκουν
1345 1259 1394 1310 oi
1419 1256 1488 1309 τὰ
1520 1257 1727 1328 Ἀρείου

211 1343 470 1414 φρονοῦντες
495 1346 1011 1421 φιλανθρωπότερον
1041 1347 1405 1412 ἐξαιτεῖσθαι,
1445 1349 1520 1411 ὡς
1559 1349 1731 1403 ἀπάν-

210 1435 374 1506 θρωπον
396 1438 565 1501 αὐτοῖς
591 1441 675 1502 είς
714 1434 858 1510 αἷμα
889 1439 1200 1511 γράψασθαι
1228 1440 1585 1511 κατηγορίαν,
1612 1438 1731 1495 οὖσι

211 1526 462 1597 γληρικοίς·
508 1529 812 1599 διάγνωσιν
864 1531 920 1583 δέ
973 1531 1297 1602 προστάττει
1344 1533 1616 1600 γενέσθαι,
1664 1533 1731 1586 δι’

209 1612 254 1684 ἧς
277 1617 404 1687 θέμις
432 1623 618 1684 ποιεῖν,
652 1620 846 1674 δοῦναι
875 1621 964 1674 τὸν
1001 1621 1333 1678 Ἀθανάσιον.
1381 1623 1732 1694 Προχειρίζε-

209 1722 270 1756 ται
308 1707 415 1773 γοῦν
459 1709 543 1761 τὸν
589 1711 912 1780 Ἀρχέλαον,
965 1709 1128 1780 ἄνδρα
1152 1711 1260 1762 τῶν
1306 1713 1596 1765 συνεστίων
1640 1713 1735 1767 καὶ

209 1798 459 1867 ὁμοφρόνων
486 1801 662 1872 αὐτῷ,
716 1802 1010 1872 ἐκπέμψας
1054 1804 1111 1854 ἐν
1150 1802 1331 1874 Τύρῳ,
1367 1805 1501 1874 ὁμοῦ
1531 1805 1608 1876 τῷ
1636 1806 1735 1876 τῆς

204 1888 396 1960 Φοινίκης
423 1892 643 1964 ἄρχοντι
685 1894 977 1948 διακοῦσαι
1023 1897 1119 1966 τῆς
1166 1896 1493 1961 ὑποθέσεως.
1540 1899 1733 1969 Διῆγεν

1827 710 2076 765 dicerem
2124 723 2244 763 eam
2299 708 2367 761 ab
2421 705 2727 760 Athanasio
2784 707 2850 760 ad
2911 707 3172 764 veneficia
3241 706 3407 762 fuisse

1829 811 2142 868 usurpatam
2181 817 2195 852 ε
2252 812 2420 868 seque
2469 810 2627 851 nosse
2671 794 2822 864 cujus
2849 805 3034 858 esset;
3064 795 3408 851 affirmabant

1829 890 2030 958 quippe
2081 904 2200 943 eam
2250 887 2482 942 Arsenio
2535 887 2748 942 cuidam
2803 887 2941 953 viro,
2993 889 3060 942 ab
3107 887 3403 942 Athanasio

1830 978 2000 1032 fuisse
2027 979 2348 1033 abscissam.
2379 978 2493 1044 Qua
2527 980 2594 1033 de
2638 992 2800 1034 causa
2847 979 3146 1050 imperator
3195 993 3401 1049 nequa-

1830 1086 1992 1140 quam
2041 1071 2280 1126 decrevit
2325 1071 2577 1124 exsilium
2617 1081 2806 1126 contra
2872 1081 3124 1125 sanctum
3153 1070 3402 1124 Athana-

1831 1164 1971 1218 sium
1994 1205 2009 1230 ,
2047 1172 2104 1217 ut
2134 1165 2431 1233 sperabant
2459 1163 2670 1228 Ariani,
2709 1165 2810 1218 rati
2843 1179 2902 1218 se
2931 1162 3223 1219 humanius
3249 1163 3405 1233 quid-

1832 1255 1973 1323 piam
2003 1255 2298 1326 postulare,
2337 1270 2498 1323 quam
2531 1257 2574 1309 si
2605 1256 2801 1324 capitis
2831 1256 3233 1310 accusationem
3262 1254 3399 1311 scri-

1833 1346 2044 1411 berent,
2078 1346 2261 1400 clerici
2301 1361 2423 1401 cum
2455 1356 2683 1413 essent;
2725 1348 2818 1403 sed
2855 1347 3020 1417 jussit
3059 1347 3407 1417 perquisitio-

1835 1452 1956 1491 nem
1991 1438 2200 1504 haberi,
2231 1454 2334 1508 qua
2369 1437 2668 1493 Athanasio
2701 1438 2889 1494 ticeret
2929 1452 3048 1493 sese
3091 1438 3402 1496 defendere.

1836 1529 2054 1584 Mandat
2081 1543 2213 1600 ergo
2241 1529 2572 1585 Archelaum
2626 1529 2951 1585 familiarem
3002 1529 3103 1584 sibi
3131 1538 3187 1584 et
3220 1531 3406 1584 deme-

1836 1620 2033 1675 sticum
2077 1622 2275 1684 virum,
2311 1621 2581 1689 mittitque
2609 1618 2834 1691 Tyrum,
2873 1630 2931 1674 ut
2959 1635 3064 1674 una
3091 1634 3209 1675 cum
3248 1619 3412 1674 Plio:-

1838 1713 1984 1767 nices
2015 1713 2274 1781 prtefecto
2302 1728 2521 1768 causam
2569 1721 2943 1781 cognosceret.
2996 1711 3123 1781 Tyri
3160 1712 3410 1781 ergoale—

1835 1804 1996 1873 gebat
2027 1812 2252 1859 sanctus
2279 1803 2636 1867 Athanasius,
2677 1811 3007 1870 exspectans
3037 1800 3175 1856 'illos
3220 1802 3287 1856 de
3313 1815 3412 1855 vc.-

1839 1893 2032 1948 neticio
2067 1903 2436 1951 accusatores.
2465 1892 2610 1948 Mora
2645 1903 2825 1949 autem
2865 1903 2920 1948 et
2967 1892 3244 1948 cunctatio
3283 1891 3408 1955 fuit,

198 1973 269 2030 τῦν
300 1981 345 2031 ὲν
377 1985 436 2054 τῇ
465 1984 629 2056 Τύρῳ
665 1988 698 2039 ὁ
730 1988 889 2054 ἆγιος
927 1987 1258 2051 Ἀθανάσιος,
1298 1991 1424 2052 τοὺς
1471 1989 1600 2060 περὶ
1637 1990 1734 2059 τῆς

1844 1995 1893 2038 ιιι
1917 1986 2282 2040 causabantur
2331 1985 2428 2050 illi,
2463 2000 2570 2055 quo
2609 1985 2938 2041 Alexandria
2971 1985 3234 2042 accedere
3281 1999 3410 2055 pos-

205 2071 396 2137 γοητείας
445 2078 805 2149 κατηγόρους
873 2079 1241 2150 ἐκδεχόμενος.
1300 2080 1620 2152 ’Υπέρθεσις
1679 2082 1734 2134 δέ

204 2160 385 2226 ἐγίνετο,
422 2166 491 2228 ὡς
526 2169 631 2238 μὲν
663 2171 871 2221 ἐκεῖνοι
900 2169 1082 2237 ἔλεγον
1102 2210 1117 2234 ,
1150 2171 1235 2223 ἵνα
1271 2171 1379 2224 ἀπὸ
1419 2171 1516 2242 τὴς
1549 2171 1734 2239 Ἀλεξ-

201 2252 390 2322 evagata;
429 2261 862 2330 παραγένωνται
910 2262 958 2314 οἱ
998 2263 1088 2314 ὑπ’
1133 2261 1348 2332 unus
1384 2263 1552 2333 μῦσος
1575 2263 1737 2332 γινώ-

207 2359 402 2412 σκοντες,
433 2353 523 2404 καὶ
561 2354 746 2406 αὑτὸν
790 2353 884 2406 τὸν
933 2355 1201 2425 Ἀρσένιον
1234 2356 1584 2427 ἐπιστάμενοι
1609 2375 1621 2388 °
1662 2357 1737 2420 ὠς

200 2433 238 2486 δὲ
264 2437 290 2506 ἡ
315 2438 582 2496 ἀκολουθία
631 2443 864 2496 δίδωσιν
913 2445 1132 2507 ἐννοεῖν,
1182 2445 1322 2498 κατὰ
1357 2446 1490 2499 Θεοῦ
1535 2449 1738 2500 οἰκονο-

202 2525 306 2593 μίαν.
345 2526 440 2583 Ἦν
481 2535 594 2604 γὰρ
643 2535 825 2598 αὑτὸς
873 2537 902 2588 ὁ
953 2536 1224 2606 Ἀρσὲνιος
1245 2537 1592 2607 ἀναγνώστης
1623 2540 1738 2610 ,τῆς

201 2620 298 2671 κατὰ
347 2624 762 2698 Ἀλεξάνδρειαν
830 2627 1174 2698 Ἐκκλησίας,
1237 2629 1296 2680 ὃν
1353 2628 1442 2681 διά
1491 2648 1608 2684 τινα
1658 2632 1740 2684 al-

201 2716 466 2786 σχρουργίαν
493 2719 781 2790 μέλλοντα
817 2719 974 2784 δίκας
1001 2720 1219 2785 διδόναι,
1246 2724 1274 2774 ό
1311 2723 1578 2793 μακάριος
1595 2724 1742 2776 Ἀθα-

198 2799 330 2866 vim;
363 2811 898 2881 περιποιησάμενος,
931 2812 1170 2884 δρασμὸν
1205 2812 1464 2866 ὑποδῦναι
1498 2815 1743 2868 ὑποτίθε-

197 2908 274 2945 ται.
311 2897 770 2972 Ἀμεριμνοῦντες
810 2897 906 2955 οὖν
936 2902 1011 2972 μὴ
1052 2902 1384 2973 φανήσεσθαι
1427 2904 1517 2956 τὸν
1558 2905 1744 2976 Ἀρσὲ-

196 3001 288 3050 nov,
331 2989 396 3053 ὡς
449 2993 748 3054 ὑπόδικον,
812 2993 1074 3064 ὀνομαστὶ
1133 2998 1268 3068 πρὸς
1327 3000 1588 3052 πίστωσιν
1638 2999 1744 3052 τῶν

195 3075 456 3147 ἀκουόντων,
492 3084 770 3152 λέγοντες
799 3085 862 3136 τὸ
889 3084 1062 3155 ὄνομα
1089 3088 1182 3140 τοῦ
1218 3089 1516 3161 Ἀρσενίου,
1553 3091 1745 3160 ἐνῆγον

194 3165 247 3233 τῷ
269 3169 384 3241 ἁγίῳ
418 3175 1231 3246 Ἀθανασίιρ.,Διαδίδοταιγοῦν
1265 3181 1297 3250 ἢ
1334 3179 1491 3249 φήμη
1517 3179 1595 3250 τῷ
1632 3180 1749 3250 Ἆρ’

193 3259 421 3328 σενίῳ,ὄτι
450 3266 520 3319 δι’
554 3266 733 3318 αὑτὸν
781 3265 1100 3330 Ἀθανάσιος
1139 3271 1168 3320 ὁ
1205 3269 1500 3332 ἐπίσκοπος
1526 3271 1748 3340 ὑπονοίᾳ

193 3352 372 3418 μαγείας
402 3358 456 3409 ἐν
486 3357 662 3428 Τύρῳ
695 3357 960 3426 πάρεστι,
987 3359 1080 3411 καὶ
1110 3356 1288 3412 οἶκτον
1312 3360 1490 3412 λαϐὼν
1515 3361 1607 3414 τοῦ
1640 3379 1743 3433 μα-

192 3443 337 3511 zzpio‘u
355 3448 550 3520 ἀνδρὸς
575 3451 605 3502 ὁ
652 3449 961 3519 Ἀρσὲνιος,
996 3450 1331 3520 ἀμείψασθαί
1360 3469 1416 3504 τε
1447 3453 1614 3506 θέλων
1643 3455 1740 3509 αὑ-

186 3533 250 3586 τδν
291 3533 378 3609 τῆς
415 3543 681 3604 εὐποιίας
722 3543 829 3611 τῆς
871 3543 950 3604 είς
991 3543 1174 3606 αὑτὸν,
1226 3545 1473 3598 ἀπειπὼν
1523 3547 1738 3611 ἐαυτοῦ,

188 3624 329 3689 φθάνει
360 3633 455 3704 τὴν
485 3633 716 3702 Τυρίων
753 3632 932 3696 πόλιν,
975 3633 1064 3685 τὸν
1104 3633 1342 3704 δρασμὸν
1383 3634 1739 3698 ἐκλελοιπὼς·

187 3723 386 3788 κρεῖσσον
435 3724 624 3791 λέγων
673 3717 874 3776 ἐαυτὸν
914 3723 1115 3784 θανεῖν,
1150 3723 1182 3794 ἢ
1223 3726 1400 3777 πᾶσαν
1439 3726 1536 3793 τὴν
1567 3729 1744 3779 οἰκου-

187 3807 312 3880 μένην
346 3816 482 3888 περὶ
533 3813 864 3885 τηλικούτου
907 3813 1098 3883 ἀνδρὸς
1137 3815 1601 3878 σκανδαλίζεσθαι.
1633 3819 1743 3870 Kal.

183 3899 313 3959 ἐλθὼν
327 3908 379 3958 ἐν
391 3908 588 3979 Τύρῳ,
609 3906 692 3976 τῷ
710 3906 854 3976 ἁγίῳ
870 3906 1170 3977 Ἀθανασίῳ
1191 3909 1546 3978 ἐμφανίζεται
1567 3913 1622 3962 ἐν
1643 3927 1742 3980 μυ-

184 3996 364 4066 πηρίῳ,
512 3998 613 4051 καὶ
671 3995 1123 4065 συμϐουλεύεται,
1180 4000 1254 4068 μὴ
1287 3999 1392 4070 πρὸ
1439 4001 1536 4070 τῆς
1587 4001 1741 4070 δίκης

185 4082 546 4160 ἐμφανισθῆναι
579 4088 826 4150 πολλοῖς,
872 4088 959 4140 ἵνα
1006 4090 1077 4158 μή
1121 4106 1173 4140 τι
1213 4089 1450 4159 δράσωσι
1485 4092 1644 4144 αὑτὸν
1693 4095 1740 4144 οἱ

183 4177 461 4234 ὑπεναντίοι
535 4181 779 4250 φαῦλονο
824 4180 855 4249 ἢ
905 4179 1127 4250 διωρίαν
1171 4180 1382 4250 ἔχοντες
1439 4183 1741 4252 σκέίζιωνται

183 4265 232 4316 δι’
257 4270 593 4344 ὑπερθέσεως
627 4271 792 4323 λῦσαι
824 4269 924 4340 τὴν
969 4271 1124 4340 δίκην
1163 4271 1260 4342 τὴν
1291 4274 1430 4326 κατὰ
1458 4275 1551 4326 τοῦ
1585 4277 1740 4344 ἁγίου

190 4358 476 4416 Ἀθανασίου
501 4363 602 4433 τὴ)
629 4362 885 4433 περὶτῆς
913 4363 1181 4432 γοητείας.
1210 4364 1374 4417 Μένει
1404 4365 1533 4432 γοῦν
1563 4369 1739 4420 ἐκεῖσε

184 4450 202 4498 ὁ
233 4452 486 4525 Ἀρσένιος
522 4454 634 4525 πρὸ
674 4454 806 4523 μιᾶς
833 4453 936 4521 τῆς
968 4452 1252 4524 δικασίμου
1284 4458 1738 4528 παραγενόμενος.

182 4535 244 4606 Τῇ
281 4540 397 4611 ἑξῆς
436 4538 569 4602 οὖν,
613 4541 726 4611 πρὸ
765 4539 1010 4610 βήματος
1041 4542 1090 4594 οἱ
1135 4545 1317 4613 κριταὶ
1366 4545 1738 4610 καθεσθέντες,

1837 2089 1959 2133 sent
1986 2078 2045 2142 ii,
2079 2078 2172 2146 qui
2199 2077 2390 2146 ﬂagitii
2435 2087 2600 2136 testes
2627 2078 2824 2134 oculati
2862 2077 3114 2142 fuissent,
3147 2088 3202 2132 et
3233 2079 3410 2148 ipsum

1838 2178 2059 2224 nossent
2106 2169 2433 2223 Arsenium:
2486 2177 2541 2222 at
2575 2179 2633 2223 ut
2660 2185 2726 2224 ex
2757 2170 3218 2238 consequentibus
3263 2171 3414 2236 cogi-

1840 2269 1956 2314 tare
1991 2260 2138 2323 licet,
2170 2261 2220 2314 id
2263 2261 2444 2314 divina
2478 2259 2822 2316 Providentia
2867 2261 3068 2318 factum
3125 2270 3228 2316 est.
3285 2262 3413 2315 Erat

1838 2353 1982 2407 enim
2012 2352 2273 2408 Arsenius
2312 2354 2690 2408 Alexandrinae
2732 2351 2986 2408 Ecclesia:
3027 2352 3217 2417 lector,
3251 2368 3411 2421 quem

1839 2441 1907 2496 ob
1937 2452 2094 2511 turpe
2119 2441 2332 2496 facinus
2353 2455 2543 2512 ρωπος
2569 2442 2820 2495 daturum
2850 2441 3041 2498 beatus
3056 2443 3412 2508 Athanasius,

1843 2544 1899 2586 ut
1928 2534 2209 2596 liberaret,
2260 2534 2326 2586 ad
2369 2534 2563 2602 fugam.
2594 2534 2840 2588 hortatus
2872 2531 3069 2589 fuerat.
3117 2533 3243 2589 Rati
3284 2551 3416 2606 ergo

1844 2639 2183 2694 nequaquam
2214 2626 2646 2695 compariturnm
2674 2627 2987 2691 Arsenium,
3017 2636 3200 2696 utpote
3228 2642 3412 2690 reum;

1845 2715 1910 2768 ad
1943 2715 2100 2769 ﬁdem
2130 2717 2470 2771 auditoribus
2501 2716 2829 2786 faciendam,
2861 2720 3210 2788 pronuntiato
3258 2722 3419 2776 Arse-

1846 2804 1916 2858 nii
1983 2805 2218 2868 nomine,
2275 2809 2484 2860 crimen
2531 2809 2879 2863 intentabant
2929 2811 2982 2864 in
3029 2812 3415 2872 Athanasium.

1846 2896 2095 2951 Pervenit
2119 2897 2184 2950 ad
2212 2899 2502 2953 Arsenium
2531 2901 2698 2964 fama,
2729 2902 2874 2970 quod
2905 2903 3022 2972 ejus
3053 2918 3218 2959 causa
3247 2905 3419 2960 Atha-

1847 2987 2030 3041 nasius
2054 2988 2362 3057 episcopus,
2392 2989 2520 3059 Tyri
2557 2991 2608 3044 in
2635 2993 3022 3060 suspicionem.
3045 2997 3236 3064 magiae
3263 2999 3416 3050 veni-

1848 3087 1950 3140 ret,
1983 3078 2313 3147 beatumque
2361 3082 2656 3136 miseratus
2703 3085 2877 3137 virum
2922 3086 3206 3152 Arsenius,
3249 3096 3414 3154 atque

1849 3170 2052 3237 accepti
2087 3169 2334 3225 beneficii
2371 3173 2601 3240 gratiam
2652 3173 2855 3228 referre
2888 3184 3204 3244 peroptaus,
3255 3177 3419 3232 nihil-

1859 3275 1962 3328 que
2006 3275 2160 3315 suum
2194 3277 2390 3315 curans
2439 3264 2758 3330 perieulum,
2811 3265 3098 3336 Tyriorum
3133 3269 3185 3320 in
3219 3268 3416 3323 civita-

1853 3362 1958 3407 lem
2011 3354 2158 3407 venit
2210 3369 2240 3408 e
2288 3354 2410 3425 fuga
2463 3371 2717 3411 reversus
2764 3376 2777 3424 ;
2837 3359 3017 3427 potius
3059 3375 3180 3415 esse
3217 3362 3420 3420 ducens

1851 3446 1984 3498 mori
2022 3459 2103 3511 se,
2133 3461 2294 3513 quam
2348 3457 2516 3500 totum
2558 3449 2744 3502 orbem
2798 3461 3066 3505 terrarum
3106 3450 3176 3506 ob
3211 3460 3418 3508 tantum

1849 3535 2025 3588 virum
2085 3533 2304 3593 offendi.
2353 3537 2487 3591 Cum
2543 3537 2783 3593 venisset
2849 3538 3074 3610 Tyrum,
3119 3540 3422 3601 Athanasio

1850 3623 1989 3679 clam
2019 3639 2077 3680 se
2107 3625 2271 3692 sistit,
2311 3627 2400 3694 qui
2429 3627 2715 3682 consilium
2758 3629 2968 3696 datilli,
2999 3641 3056 3686 ut
3087 3646 3156 3687 ne
3179 3641 3306 3688 ante
3329 3632 3420 3701 ju-

1849 3717 2050 3772 dicium
2078 3733 2197 3774 sese
2229 3720 2415 3775 multis
2441 3721 2768 3786 exhiberet;
2802 3737 2870 3776 ne
2913 3725 3056 3791 quod
3093 3724 3168 3779 illi
3219 3725 3420 3781 malum

1851 3809 2114 3864 inferrent
2155 3811 2473 3876 adversarii,
2518 3827 2651 3867 neve
2698 3815 2740 3868 si
2794 3828 2890 3882 per
2942 3823 3154 3885 tempus
3206 3818 3424 3882 liceret,

1850 3900 2136 3954 studerent
2158 3903 2369 3956 solvere
2393 3903 2552 3956 istam
2580 3913 2770 3957 contra
2787 3913 3033 3960 sanetum
3060 3907 3420 3964 Athanasium

1850 3996 2252 4047 accusationem
2295 3996 2361 4049 de
2390 3996 2675 4052 veneficio.
2725 3997 2904 4052 Manet
2955 3997 3121 4068 igitur
3151 3999 3221 4053 ibi
3253 4002 3421 4057 Arse-

1853 4085 1993 4150 nius,
2026 4085 2116 4153 qui
2146 4101 2250 4138 uno
2281 4086 2366 4140 die.
2401 4098 2715 4143 accesserat
2749 4099 3038 4159 antequam
3085 4105 3250 4146 causa
3274 4093 3426 4159 dice-

1853 4188 2023 4233 retur.
2061 4177 2375 4246 Insequenti
2410 4181 2575 4250 igitur
2607 4182 2716 4244 die,
2753 4183 3004 4237 sedentes
3046 4199 3142 4252 pro
3169 4186 3422 4240 tribunali

1845 4266 2078 4332 judices,
2108 4267 2299 4336 jubent
2348 4271 2538 4323 adduci
2582 4279 2931 4327 accusatores
2955 4281 3010 4326 et
3047 4275 3423 4329 Athanasium.

1852 4359 2087 4413 Primam
2155 4361 2318 4429 igitur
2351 4365 2752 4418 accusationem
2805 4365 2870 4417 de
2923 4364 3192 4418 adulterio
3243 4365 3426 4422 inten-

1854 4460 1992 4514 tant,
2057 4451 2288 4505 adducta
2340 4454 2652 4520 impudente
2691 4454 2942 4518 muliere,
3009 4471 3128 4524 qua:
3179 4458 3426 4524 apprime

1851 4541 2085 4598 callebat
2123 4544 2489 4598 calumniandi
2519 4545 2756 4597 modum.
2789 4543 2934 4597 Dixit
2968 4545 3082 4610 illa,
3111 4561 3233 4599 cum
3264 4551 3428 4614 pieta-

186 4629 377 4694 ἄγεσθαι
409 4634 701 4686 κελεύουσι
733 4633 860 4694 τοὺς
906 4635 1241 4706 κατηγόρους
1274 4637 1368 4689 καὶ
1406 4637 1737 4691 Ἀθανάσιον.

1853 4634 1923 4688 tis
1952 4649 2116 4688 causa
2151 4634 2506 4688 Athanasium
2535 4634 2676 4687 domi
2707 4634 3061 4702 suscepisset,
3090 4636 3157 4690 ab
3181 4636 3300 4704 ipso
3326 4654 3426 4692 no-

151 4733 156 4740 '
187 4715 278 4787 Πρὸ
306 4723 396 4793 τὴν
423 4723 480 4775 δὲ
517 4720 863 4792 κατηγορίαν
892 4722 1022 4791 περὶ
1061 4725 1304 4793 μοιχείας
1334 4727 1484 4796 αὑτῴ
1515 4728 1746 4796 ἐπάγον-

187 4825 278 4872 τες,
314 4817 558 4886 παρῆγον
597 4814 839 4880 γυναῖκά
866 4831 989 4864 τινα
1014 4814 1225 4885 ἀναιδῆ,
1272 4817 1516 4888 ἀκριϐῶς
1556 4817 1618 4870 τὸ
1648 4835 1743 4870 συ-

189 4910 438 4970 κοφαντεῖν
482 4906 902 4975 ἐπισταμένην·
944 4902 1064 4974 ἣτις
1103 4905 1307 4976 ἔλεγεν,
1352 4909 1452 4970 ὅτι,
1483 4909 1746 4976 ὑποδεξα-

191 4991 305 5064 μένη
335 4997 422 5050 τὸν
467 4998 628 5064 ἅγιον
679 4995 1000 5049 Ἀθανάσιον
1047 4996 1187 5050 οἴκοι
1235 4999 1518 5063 εὐλαϐείας
1563 5003 1745 5074 χάριν,

192 5081 368 5156 ὑπέστη
393 5089 603 5159 φθορὰν
631 5087 727 5139 ὑπ’
754 5087 922 5140 αὑτοῦ
955 5087 1170 5158 νύκτωρ
1202 5091 1336 5160 αὐτῇ
1370 5093 1742 5156 ἐπιπεσόντος.

190 5169 331 5238 Αὖθις
353 5179 531 5231 τοίνυν
560 5179 658 5230 τὸν
693 5177 1012 5230 Ἀθανάσιον
1056 5179 1372 5250 εἰσαχθῆναι
1409 5182 1744 5245 κελεύουσιν,

192 5265 368 5318 ἑστῶτα
410 5267 562 5339 παρὰ
610 5269 706 5320 τὸν
757 5268 993 5321 πέτασον
1039 5267 1138 5337 τῆς
1176 5271 1510 5338 ἀκροάσεως.
1549 5268 1655 5327 Ἦν
1686 5274 1743 5326 δὲ

191 5353 275 5406 οὖν
313 5358 450 5427 αὑτῷ
504 5359 603 5411 καὶ
645 5358 914 5427 Τιμόθεος
953 5359 981 5408 ὁ
1022 5359 1421 5430 πρεσϐύτερος,
1461 5364 1608 5426 ὅστις
1648 5363 1745 5416 καὶ

194 5447 426 5501 συνελθὼν
456 5448 535 5519 τῷ
578 5450 722 5518 ἁγίῳ
763 5447 1087 5519 Ἀθανασίῳ,
1134 5452 1297 5514 αὑτὸς
1345 5453 1478 5524 πρὸς
1512 5454 1603 5506 τὸν
1646 5455 1744 5524 γύ-

188 5550 314 5589 ναιον
339 5541 452 5594 ἀντὶ
475 5542 568 5594 τοῦ
603 5541 770 5608 ἁγίου
795 5539 1113 5593 Ἀθανασίου
1145 5542 1312 5610 λέγει’
1347 5545 1479 5597 Εἰπέ
1506 5563 1616 5615 μοι,
1652 5545 1746 5614 γύ-

191 5640 280 5689 ναι,
310 5631 413 5697 ἐγὼ
461 5637 614 5706 παρὰ
654 5636 741 5687 σοὶ
783 5633 1012 5703 ἐμεινα;
1051 5633 1174 5703 ἢσύ
1205 5652 1270 5703 με
1305 5636 1542 5700 ὑπεδέξω
1578 5639 1637 5691 ἐν
1669 5637 1747 5706 τῷ

190 5713 395 5792 οἰκῳτῷ
425 5725 533 5794 aq);
587 5726 620 5794 ἢ
658 5726 882 5794 νύκτωρ
912 5740 1005 5774 σου
1048 5724 1373 5794 ἐθεασάμην,
1415 5727 1595 5790 καθώς
1644 5746 1748 5802 μου

197 5818 515 5884 κατηγορεῖς
554 5817 620 5868 'H
650 5817 730 5878 δὲ,
758 5810 851 5867 οἷα
889 5813 1106 5881 γύναιον
1134 5817 1198 5868 ἐκ
1224 5816 1516 5888 δημουσίου
1553 5820 1750 5888 τέγους

196 5896 505 5977 ἀργυρισθὲν,
536 5908 794 5982 προαλῶς
823 5907 926 5977 τὴν
957 5905 1078 5974 ὄψιν
1110 5909 1535 5978 περιστρέψασα,
1565 5913 1662 5965 καὶ
1689 5911 1750 5962 τὸ

1851 4732 1940 4778 ctu
1974 4725 2215 4778 irruente
2261 4723 2450 4777 vitium
2503 4723 2602 4777 sibi
2645 4723 2883 4778 oblatum
2925 4723 3112 4781 fuisse.
3163 4726 3428 4798 Deinceps

1843 4814 2038 4883 jubent
2094 4812 2366 4867 introduci
2405 4813 2780 4877 Athanasium,
2819 4816 2928 4884 qui.
2969 4824 3078 4871 tum
3149 4817 3329 4874 stabat
3358 4821 3424 4874 ad

1848 4903 2012 4959 limen
2042 4920 2227 4960 secum
2260 4906 2468 4961 habens
2496 4904 2843 4963 Timotheum
2892 4910 3299 4982 presbyterum,
3331 4914 3423 4982 qui

1852 5013 1959 5050 una
1991 5000 2273 5070 ingressus
2306 5015 2426 5053 cum
2455 5013 2643 5057 sancto
2670 5004 2991 5069 Athanasio,
3014 5004 3148 5060 dicit
3173 5022 3187 5060 :
3208 5007 3333 5060 Ain’
3370 5016 3426 5060 tu

1854 5090 2066 5155 mulier,
2109 5107 2283 5161 egone
2311 5097 2452 5162 apud
2486 5106 2535 5148 te
2561 5098 2733 5152 mansi
2761 5097 2782 5149 ?
2814 5096 2978 5152 Tune.
3011 5114 3096 5153 me
3132 5098 3274 5152 domi
3311 5113 3431 5150 sus-

1851 5184 2043 5249 cepisti
2070 5187 2092 5238 ?
2117 5202 2184 5238 an
2219 5198 2270 5241 te
2304 5197 2463 5240 noctu
2499 5188 2717 5253 violavi,
2751 5191 2826 5244 uti
2858 5207 2944 5244 me
2973 5190 3250 5245 accusas?
3290 5189 3426 5242 Tum

1851 5275 1960 5336 illa,
2009 5287 2194 5345 utpote
2243 5280 2439 5332 mulier
2479 5296 2545 5334 ex
2591 5281 2805 5350 publico
2850 5283 3150 5350 prostibulo
3199 5279 3425 5349 pecunia

1849 5365 2138 5430 conducta,
2175 5369 2480 5436 petulanter
2505 5387 2770 5427 converso
2806 5372 3050 5439 vultu,‘et
3085 5371 3280 5426 labello
3310 5369 3427 5424 vel-

1851 5457 1926 5508 uti
1973 5456 2300 5514 lenocinium
2349 5471 2600 5526 extenso,
2643 5464 2709 5517 ad
2747 5465 3088 5520 Timotheum
3121 5463 3422 5516 clamavit:

1852 5543 1930 5597 Tu
1959 5559 2017 5599 es
2045 5550 2133 5615 qui
2167 5549 2296 5602 mihi
2327 5552 2432 5604 vim
2466 5562 2628 5621 atque
2661 5555 2849 5607 vitium
2875 5555 3114 5608 obtulisti
3143 5571 3156 5606 :
3198 5563 3255 5608 tu
3309 5555 3425 5624 ipsa

1847 5651 1908 5688 es
1962 5638 2056 5702 qui
2107 5649 2268 5691 noctu
2323 5657 2408 5694 me
2461 5643 2673 5696 violasti
2729 5645 2975 5709 invitam,
3029 5653 3081 5698 et
3110 5648 3422 5700 castitatem

1846 5725 2090 5788 foedasti
2121 5744 2316 5782 meam.
2365 5731 2504 5787 llinc
2557 5734 2622 5787 ad
2669 5735 2880 5800 judices
2934 5751 3056 5790 cum
3109 5737 3427 5806 juramento

1852 5816 2091 5870 clamat:
2142 5819 2238 5874 llic
2289 5830 2371 5875 est
2409 5833 2699 5891 corruptor
2759 5842 2948 5894 meus;
2999 5829 3111 5894 hic,
3149 5845 3257 5884 non
3287 5831 3430 5886 alius

1843 5915 1952 5972 est,
1985 5911 2076 5980 qui
2104 5913 2204 5965 mei
2243 5915 2656 5982 corrumpenda:
2680 5933 2841 5974 causa
2875 5922 2940 5976 ad
2984 5935 3070 5977 me
3111 5922 3282 5982 venit.
3320 5922 3431 5982 Co-
