3990 6510
508 352 752 395 ccxxx"

1885 343 1969 395 PR
1981 342 2421 404 DLEGOMENA.

519 455 651 508 Ario
709 454 1058 511 dissaniuata
1121 458 1346 515 aizania.
1403 464 1534 517 Cum
1566 463 1746 533 itaque
1796 470 2100 533 persecutio

2207 470 2565 540 ἐκτρέπεσθαι
2616 472 2811 535 αὐτοὺς
2874 472 2940 524 τὰ
2987 470 3089 524 ὑπὸ
3134 471 3339 541 Ἀρείου
3396 470 3486 523 τοῦ
3549 468 3779 533 ἀσεϐοῦς

522 548 863 616 prmvaleret,
891 565 1095 604 necnou
1130 552 1335 607 insidia:
1364 558 1618 611 adversus
1651 569 1895 611 sanctum
1927 560 2091 613 Atha-

523 640 737 694 nasium
767 642 1034 709 continue,
1076 659 1304 715 cumque
1336 648 1402 701 ad
1424 648 1799 703 Occidentales
1828 662 2009 719 partes
2036 668 2093 707 se

524 733 845 789 contulisset
895 735 1005 801 ille,
1044 736 1333 793 Eusebiani
1367 750 1609 795 statuunt
1642 758 1893 811 magnum
1920 745 2090 799 Atha-

523 824 738 878 nasium
768 828 907 894 apud
938 827 1317 897 imperatorem
1338 831 1709 886 Constantium
1736 834 2089 891 calumniari:

520 916 758 984 primum
791 919 1031 986 quidem,
1066 921 1204 988 quod
1235 933 1419 975 contra
1450 938 1710 977 canonem
1744 926 1948 994 egisset
1978 942 2007 979 a
2037 942 2094 981 se

523 1007 651 1059 ulim
696 1009 997 1074 decretum,
1026 1013 1151 1079 quia
1186 1012 1393 1067 scilicet
1449 1030 1551 1069 non
1585 1018 1854 1071 communi
1896 1018 2096 1084 episco-

518 1111 715 1166 yorum
756 1100 963 1155 calculo
996 1103 1240 1156 ordinem
1270 1106 1610 1173 episcopatus
1644 1109 1961 1176 accepisset.
1989 1110 2093 1161 lle-

523 1199 718 1245 versus
764 1192 935 1255 enim,
970 1193 1212 1261 aiebant,
1261 1198 1329 1249 ab
1360 1198 1572 1259 exsilio,
1630 1211 1821 1268 suopte
1870 1203 2095 1255 arbitrio

523 1278 813 1334 ecclesiam
854 1281 1070 1348 invasit,
1100 1295 1263 1354 atque
1314 1286 1364 1339 in
1391 1287 1505 1353 ejus
1534 1290 1807 1359 ingressu,
1842 1304 1983 1345 mota
2013 1306 2096 1345 se-

524 1367 754 1430 ditione,
782 1370 935 1425 multi
960 1371 1239 1428 interiere.
1276 1374 1385 1429 lmo
1414 1393 1498 1431 res
1526 1394 1735 1448 quoque
1758 1381 1881 1451 Tyri
1908 1393 2093 1435 contra

521 1458 877 1514 Athanasium
902 1473 1080 1531 gestas
1113 1466 1163 1518 iu
1205 1468 1437 1520 medium
1468 1471 1823 1525 adducebant.
1859 1471 1968 1526 lloc
1999 1473 2095 1526 ita-

522 1564 628 1616 que
655 1552 816 1606 modo
865 1553 1037 1607 virum
1087 1556 1531 1621 cundemuautes,
1573 1561 1624 1612 in
1670 1560 2092 1616 Alexandrinum

523 1642 894 1712 episcopatum
945 1646 1285 1701 substituunt
1360 1651 1723 1721 ordinantqne
1776 1652 2094 1724 Gregorium

525 1734 814 1795 quemdam
851 1735 1111 1791 Arianum
1150 1756 1163 1791 :
1204 1754 1310 1808 quo
1345 1752 1564 1810 peracto
1602 1744 1757 1798 ﬁdem
1784 1744 2093 1811 immutant,

524 1825 612 1878 cui
648 1824 762 1891 ipse
804 1826 1102 1896 Gregorius
1127 1830 1387 1898 Arianus,
1438 1834 1815 1889 Alexandriam
1860 1838 2097 1892 nondum
2132 1825 2172 1878 Β

526 1916 828 1985 ingressus,
861 1918 1153 1973 subscribit
1179 1929 1431 1990 tanquam
1458 1923 1599 1979 illius
1621 1925 1770 1979 urbis
1791 1926 2095 1995 cpiscopus.

524 2004 796 2063 Ensebins
843 2023 1026 2077 pom),
1056 2012 1269 2066 cunctis
1301 2013 1564 2067 atbitratu
1609 2030 1706 2069 suo
1743 2017 2000 2084 peractis,
2025 2017 2099 2071 le-

524 2100 801 2169 gationem
836 2103 981 2157 misit
1016 2106 1081 2157 atl
1118 2117 1363 2160 sanctum
1388 2107 1587 2162 Jnlium
1629 2110 1810 2164 llomze
1833 2112 2103 2180 archiepi-

523 2202 772 2259 scopum,
820 2192 1005 2247 missis
1048 2195 1212 2248 etiam
1249 2196 1537 2251 calumniis
1563 2200 1822 2253 adversus
1851 2212 2099 2254 sanetum

522 2281 881 2337 Athanasium
919 2284 1186 2348 conﬂatis,
1230 2287 1563 2357 rogabatque
1602 2299 1659 2342 ut
1691 2290 1804 2358 ipse
1826 2290 1986 2359 jndex
2026 2290 2098 2344 fo-

527 2384 607 2429 ret
646 2388 836 2430 eorum
880 2392 1000 2445 quae
1048 2388 1235 2431 contra
1281 2380 1635 2434 Athanasium
1686 2394 1829 2450 gesta
1881 2392 2099 2448 essent,

522 2464 621 2519 lite
659 2466 726 2519 ad
760 2479 819 2521 se
863 2466 1074 2523 'vocata.
1108 2468 1283 2523 Julius
1307 2484 1457 2537 ergo,
1501 2473 1736 2539 acceptis
1776 2472 1842 2527 ab
1872 2473 2103 2530 Eusebio

526 2553 745 2621 litteris,
774 2558 1133 2625 expensisque
1158 2560 1223 2612 iis
1242 2570 1361 2628 qua:
1384 2560 1736 2616 Athanasium
1771 2575 2099 2633 speetarent,

524 2662 649 2702 cum
683 2647 1134 2716 deprehendisset
1171 2650 1222 2703 id
1251 2651 1451 2720 negotii
1492 2651 1625 2706 nihil
1653 2655 1752 2707 nisi
1778 2656 2102 2709 calumniam

523 2752 666 2803 esse,
719 2739 896 2806 ipsum
931 2740 1389 2795 commendatitiis
1418 2744 1682 2797 munitum
1728 2746 1920 2801 litteris
1944 2748 2107 2805 mittit

523 2827 931 2893 Alexandriam,
960 2832 1141 2884 sedem
1194 2830 1267 2883 illi
1301 2832 1555 2898 restituit,
1581 2850 1679 2888 nec
1702 2836 1889 2892 leviter
1919 2852 2099 2905 reprc-

525 2917 713 2972 liendit
737 2933 830 2974 eos
851 2920 941 2988 qui
964 2929 1166 2973 temere
1189 2921 1333 2975 illunt
1360 2924 1753 2992 deposuissent.
1786 2908 1929 2980 Cum
1947 2928 2107 2998 igitur

523 3007 850 3063 Athanasius
872 3022 1241 3080 recuperasset
1269 3012 1580 3080 Ecclesium,
1600 3026 1653 3070 et
1677 3017 1728 3070 id
1760 3016 1885 3082 illis,
1919 3020 2008 3088 qui
2041 3020 2105 3073 ad

524 3100 916 3157 Antiochenam
952 3102 1212 3172 synodum
1244 3115 1631 3168 convenerant,
1662 3107 1895 3163 delatum
1929 3121 2102 3176 esset;

524 3189 735 3256 Ariani,
767 3206 872 3247 non
900 3193 1110 3247 modice
1149 3192 1272 3247 Julii
1307 3194 1502 3249 litteris
1531 3198 1856 3265 exasperati,
1888 3200 2105 3253 mittunt

521 3282 921 3351 quamprimum
934 3284 1252 3355 Gregorium
1277 3300 1435 3355 quem
1465 3288 1515 3339 in
1540 3286 1711 3341 locum
1726 3290 2001 3344 Athanasii
2019 3306 2106 3345 or-

525 3372 795 3427 dinarant.
818 3375 1045 3429 Deduxit
1072 3376 1238 3444 igitur
1259 3378 1641 3433 Alexandriam
1658 3379 1974 3448 Gregorium
1992 3386 2103 3438 Arii

525 3464 769 3521 furorem
788 3466 1078 3535 spirantem
1099 3468 1361 3538 Syriauus
1378 3470 1506 3535 dux,
1536 3481 1590 3523 et
1612 3486 1731 3525 cum
1756 3473 1844 3527 illo
1868 3487 2106 3531 armatus

526 3556 804 3611 exercitus
842 3558 1082 3626 quinque
1113 3559 1336 3611 millium
1389 3560 1690 3616 hominum.
1744 3565 2105 3622 Accesserunt

528 3655 711 3701 autem
748 3648 813 3702 ad
839 3649 961 3703 illos
984 3650 1076 3718 qui
1121 3650 1279 3705 isthic
1311 3666 1433 3705 cum
1472 3653 1601 3707 Ario
1638 3657 1958 3712 sentiebant.
1990 3660 2104 3725 Quo

534 3749 696 3807 parto
739 3748 921 3796 autem
978 3751 1198 3796 sanctus
1235 3744 1564 3801 Athanasius
1613 3746 1997 3816 inquirentium
2048 3768 2106 3806 se

532 3848 730 3888 manus
760 3832 1032 3903 eﬂ‘ugerit,
1068 3837 1456 3892 enarrandum.
1495 3839 1729 3907 Vespera
1772 3852 1910 3905 erat,
1938 3858 2105 3913 popu-

532 3925 727 3994 lusque
783 3929 1061 3997 sequentis
1096 3942 1364 3999 synaxeos
1402 3930 1738 4000 pervigilium
1778 3933 2100 3989 celebrabat.

530 4014 695 4069 Venit
723 4025 927 4077 autem,
979 4018 1363 4088 instructisque
1391 4020 1626 4090 undique
1669 4022 1951 4089 militibus,
1996 4027 2103 4081 cir-

534 4110 803 4162 cumsedit
832 4109 1138 4167 ecclesiam.
1192 4112 1414 4183 Magnus
1444 4128 1620 4169 autem
1647 4118 1997 4185 Athanasius,
2040 4122 2105 4175 iis

532 4200 852 4271 perspectis,
884 4216 1068 4255 curam
1097 4204 1302 4271 habuit,
1336 4222 1401 4261 ne
1432 4209 1573 4276 quod
1603 4210 1687 4263 sui
1722 4224 1881 4265 causa
1911 4211 2104 4279 papula

532 4291 913 4346 detrimentum
950 4293 1108 4359 Foret,
1148 4297 1574 4368 przeeipiensqne
1603 4302 1852 4366 diacono,
1891 4311 1951 4356 ut
1978 4318 2096 4358 ora—

530 4385 732 4440 tionem
785 4385 1067 4447 indiceret,
1101 4404 1286 4443 rursus
1324 4390 1589 4458 psalmum
1622 4392 1920 4446 cauendum
1948 4408 2103 4447 cura-

2204 565 2577 633 ἐπισπαρέντα
2626 564 2855 628 ζιζάνια.
2906 563 3013 616 Τοῦ
3060 564 3296 633 διωγμοῦ
3335 563 3511 615 τοίνυν
3546 565 3780 632 ἐπικρα-

2201 654 2451 719 τοῦντος,
2502 656 2595 707 καὶ
2651 655 2748 723 τῆς
2794 655 3085 725 ἐπιϐουλῆς
3126 655 3225 724 τῆς
3286 655 3426 707 κατά
3474 654 3570 707 τοῦ
3622 653 3780 721 ἀγίου

2215 745 2549 808 Ἀθανασίου,
2604 747 2697 799 ἐπὶ
2728 747 2795 799 τὰ
2826 747 3052 816 ἑσπέρια
3081 742 3174 798 οὖν
3210 746 3349 816 μέρη
3390 743 3785 814 ἀναχωρήσαν-

2202 851 2291 895 τος
2336 832 2522 893 αὐτοῦ,
2558 834 2607 884 οί
2638 835 2765 903 περὶ
2796 834 3050 885 Εύσέϐιον
3092 833 3253 903 ἔργον
3296 833 3533 885 τίθενται
3562 830 3783 884 διαϐάλ-

2202 924 2311 976 λειν
2346 923 2480 995 πρὸς
2508 924 2599 975 τὸν
2630 923 2853 993 βασιλέα
2886 924 3261 976 Κωνστάντιον
3291 923 3380 975 τὸν
3405 922 3581 993 μέγαν
3625 922 3785 975 Ἀθα-

2202 1016 2413 1067 νάσιον·
2468 1014 2681 1085 πρῶτον
2714 1015 2813 1085 μὲν
2862 1016 2937 1078 ώς
2974 1016 3123 1087 παρά
3148 1015 3346 1068 κανόνα
3384 1014 3695 1085 πράξαντα,
3725 1016 3785 1067 ὃν

2203 1108 2355 1158 αὐτοὶ
2394 1106 2599 1179 ὥρισαν
2644 1109 2787 1171 τότε,
2828 1108 2910 1160 ὅτι
2962 1109 3034 1179 μὴ
3081 1107 3272 1180 γνώμῃ
3316 1107 3410 1160 τοῦ
3452 1107 3638 1161 κοινοῦ
3678 1108 3786 1161 τῶν

2203 1186 2516 1250 ἐπισκόπων
2545 1200 2642 1269 τὴν
2664 1198 2817 1264 τάξιν
2842 1200 2941 1267 τῆς
2968 1198 3262 1267 ἱερωσύνης
3290 1198 3503 1253 ἔλαϐεν,
3522 1196 3780 1251 Ἐπανελ-

2203 1290 2308 1342 θὼν
2358 1291 2487 1361 γὰρ,
2526 1290 2708 1359 φησὶν,
2746 1290 2853 1343 ἀπὸ
2874 1291 2974 1359 τῆς
3012 1289 3245 1359 ἐξορίας,
3283 1291 3460 1361 ἐαυτῷ
3482 1290 3788 1361 ἐπιτρέψας

2203 1385 2279 1444 εἰς
2304 1384 2402 1451 τὴν
2434 1382 2724 1453 ἐκκλησίαν
2758 1381 3131 1453 εἰσεπήδησεν,
3166 1382 3261 1434 καὶ
3303 1382 3383 1434 ὃτι
3416 1385 3475 1435 ἐν
3499 1385 3567 1452 τῇ
3596 1382 3790 1452 εἰσόδῳ

2203 1475 2386 1539 αὐτοῦ,
2423 1476 2662 1537 στάσεως
2694 1474 3011 1544 γενομένης,
3044 1472 3225 1526 πολλοὶ
3258 1473 3550 1527 ἀπέθανον.
3577 1475 3655 1527 Οὐ
3682 1474 3790 1545 μὴν

2203 1568 2336 1621 ἀλλά
2362 1569 2453 1621 καὶ
2488 1568 2553 1620 τὰ
2593 1569 2649 1619 ἐν
2681 1567 2841 1637 Τύρῳ
2879 1567 3239 1637 πεπραγμένα
3276 1566 3418 1618 κατὰ
3464 1566 3791 1620 Ἀθανασίου

2204 1660 2281 1722 εἰς
2305 1659 2468 1727 μέσον
2500 1654 2653 1728 ἦγον.
2691 1657 2889 1709 Τοῦτον
2916 1655 3091 1708 τοίνυν
3118 1656 3208 1708 τὸν
3242 1655 3439 1725 τρόπον
3473 1655 3791 1725 καταψηφι-

2206 1749 2427 1819 σάμενοι
2450 1747 2634 1809 αὑτοῦ,
2654 1746 3089 1820 προχειρίςονται
3111 1746 3405 1816 Γρηγόριόν
3420 1763 3542 1798 τινα
3574 1747 3634 1797 Ἀ
3645 1761 3793 1815 ρεια-

2200 1838 2413 1903 νίζοντα
2442 1840 2519 1901 είς
2549 1840 2649 1908 τὴν
2690 1836 3078 1907 Ἀλεξανδρέων
3108 1836 3446 1905 ἐπισκοπὴν·
3484 1836 3582 1888 καὶ
3629 1834 3793 1887 τοῦτο

2201 1930 2691 2001 κατεργασάμενοι,
2737 1926 3085 1998 μεταποιοῦσι
3136 1927 3235 1997 τὴν
3278 1925 3480 1985 πίστιν,
3531 1928 3591 1977 ἐν
3697 1925 3794 1978 καὶ

2200 2021 2497 2092 Γρηγὸριος
2522 2020 2550 2070 6
2581 2021 2875 2090 Ἀρειανδς,
2908 2023 3072 2089 μήπω
3101 2018 3198 2088 τῆς
3229 2016 3641 2087 Ἀλεξανδρείας
3672 2017 3793 2068 ἐπι-

2202 2113 2322 2176 ϐὰς,
2377 2113 2452 2173 ώς
2485 2110 2780 2173 ἐπίσκοπος
2832 2110 3001 2179 αὐτῆς
3039 2107 3475 2189 καθυπέγραψεν.
3528 2105 3794 2168 Εὐσέϐιος

2202 2203 2279 2266 δὲ,
2344 2202 2822 2271 κατεργασάμενος
2880 2203 2979 2254 ὅσα
3035 2198 3306 2259 ἐϐούλετο,
3368 2197 3796 2267 διεπρεσϐεύετο

2204 2291 2339 2362 πρὸς
2370 2292 2461 2343 τὸν
2493 2293 2639 2343 ὅσιον
2685 2291 2898 2344 Ἰούλιον
2930 2292 3019 2342 τὸν
3064 2289 3491 2360 ἀρχιεπίσκοπον
3547 2287 3793 2359 Ῥώμης,

2202 2382 2531 2446 ἀποστείλας
2577 2384 2669 2435 καὶ
2718 2381 2817 2445 τάς
2859 2382 3214 2443 καττυθείσας
3268 2379 3409 2432 κατά
3473 2378 3570 2431 τοῦ
3633 2379 3795 2447 ἁγίου

2217 2475 2533 2528 Ἀθανασίου
2567 2474 2951 2542 συκοφαντίας,
2989 2473 3149 2526 αὐτόν
3188 2489 3246 2524 τε
3280 2470 3477 2542 κριτὴν
3512 2470 3623 2522 τῶν
3652 2469 3796 2527 κατά

2217 2566 2530 2619 Ἀθανασίου
2587 2565 2837 2634 γενέσθαι
2885 2562 3209 2634 παρεκάλει,
3266 2562 3402 2632 πρὸς
3448 2560 3647 2613 ἐαυτὸν
3695 2577 3796 2613 κα-

2203 2659 2398 2712 λοῦντα
2455 2658 2553 2729 τὴν
2590 2658 2766 2726 δίκην.
2817 2657 3113 2725 Δεξάμενος
3137 2650 3229 2708 οὖν
3276 2654 3494 2716 Ἰούλιος
3536 2652 3609 2705 τὰ
3643 2652 3797 2722 παρά

2204 2750 2463 2804 Εύσεϐίου
2494 2751 2818 2821 γράμματα,
2856 2749 2947 2802 καὶ
2974 2748 3223 2815 διαγνοὺς
3254 2745 3321 2800 τὰ
3346 2744 3488 2798 κατὰ
3518 2744 3613 2797 τόν
3639 2744 3799 2811 ἅγιον

2218 2843 2549 2905 Ἀθανάσιον,
2577 2842 2670 2894 καὶ
2699 2839 2883 2911 μαθὼν
2909 2839 3271 2908 συκοφαντίας
3287 2832 3423 2889 εἶναι
3446 2836 3508 2889 τὸ
3532 2837 3797 2906 πρᾶγμα,

2207 2937 2697 3005 παρῤησιαστικοῖς
2723 2951 2781 2985 τε
2802 2934 3121 3004 γράμμασιν
3153 2930 3436 3001 ὀχυρώσας
3455 2929 3644 2992 αὐτὸν,
3666 2930 3799 2982 ἀπο⁴

2208 3026 2413 3079 στέλλει
2454 3025 2545 3077 ἐπὶ
2576 3026 2673 3096 τὴν
2712 3025 3132 3096 Ἀλεξάνδρειαν,
3187 3023 3472 3086 ἀποδιδοὺς
3518 3020 3670 3090 αὐτῷ
3698 3021 3799 3073 καὶ

2208 3115 2298 3168 τὸν
2329 3116 2511 3179 τόπον,
2555 3115 2963 3186 καθαπτόμενος
3006 3117 3067 3169 ού
3114 3114 3325 3186 μικρῶς
3358 3114 3467 3168 τῶν
3502 3112 3797 3186 προπετῶς

2209 3208 2372 3260 αὐτὸν
2406 3207 2752 3261 καθελόντων.
2806 3206 3118 3262 Ἀθανασίου
3165 3207 3343 3260 τοίνυν
3393 3205 3799 3266 καταλαϐόνιος

2207 3300 2304 3369 τὴν
2360 3299 2550 3352 ἑαυτοῦ
2612 3300 2953 3370 Ἐκκλησίαν,
3015 3300 3275 3370 μαθόντες
3326 3300 3376 3351 οἱ
3436 3300 3496 3350 ἐν
3543 3300 3610 3368 τῇ
3652 3296 3799 3350 κατά

2221 3393 2549 3461 Ἀντιόχειαν
2580 3392 2920 3455 συνελθόντες
2949 3392 3170 3462 συνόδῳ,
3205 3392 3300 3444 καὶ
3330 3391 3391 3442 οὐ
3429 3390 3648 3461 μικρῶς
3678 3405 3802 3440 στυ-

2208 3486 2433 3554 φθέντες
2459 3487 2522 3537 ἐκ
2554 3484 2663 3537 τῶν
2694 3485 2841 3557 παρά
2878 3484 3096 3537 ’ῐουλίου
3121 3483 3466 3555 γραμμάτων
3492 3484 3541 3535 oi
3577 3482 3800 3552 Ἀρειαέ

2208 3577 2467 3640 νίζοντες,
2498 3576 2587 3629 διὰ
2610 3577 2807 3647 τάχους
2844 3576 3186 3647 ἐκπέμπουσι
3216 3575 3542 3646 Γρηγόριον,
3573 3574 3634 3627 ὃν
3653 3570 3800 3643 ἦσαν

2208 3669 2328 3720 ἀντὶ
2351 3666 2445 3720 τοῦ
2464 3668 2621 3735 ἁγίου
2664 3667 2978 3720 Ἀθανασίου
3012 3667 3509 3736 χειροτονήσαντες.
3534 3664 3800 3734 Κατῆγεν

2209 3756 2285 3826 (a)
2325 3752 2417 3809 οὖν
2456 3757 2549 3809 τὸν
2589 3757 2885 3827 Γρηγόριον
2926 3756 3024 3825 τὴν
3075 3756 3282 3826 Ἀρείου
3325 3755 3524 3825 μανίαν
3564 3754 3803 3807 πνέοντα

2208 3847 2299 3899 ἐπὶ
2343 3845 2442 3915 τὴν
2488 3844 2886 3915 Ἀλεξάνδρειαν
2923 3843 3180 3914 Συριανός
3212 3860 3271 3895 τε
3303 3844 3332 3896 6
3375 3840 3684 3911 στρατηγὸς
3704 3856 3802 3892 κε-

2208 3937 2385 3990 λεύσει
2423 3937 2696 4007 βασιλικῇ,
2734 3936 2827 3987 καὶ
2880 3936 2909 3986 6
2952 3935 3049 3987 σὺν
3092 3934 3239 4004 αὐτῷ
3284 3932 3512 4003 ὁπλίτης
3562 3931 3802 4002 στρατὸς

2208 4028 2425 4101 ἀριθμῷ
2444 4028 2596 4089 ὅντες
2626 4026 3064 4095 πεντακισχίλιοι.
3098 4023 3571 4094 Συνελαμϐάνοντο
3608 4022 3666 4074 δὲ
3699 4022 3806 4075 αὖ·

2206 4124 2316 4185 τοῖς
2345 4120 2438 4173 καὶ
2478 4121 2525 4171 οἱ
2556 4119 2673 4170 ἐκεῖ
2709 4116 2775 4170 τὰ
2824 4117 3030 4187 Ἀρείου
3076 4114 3416 4186 φρονοῦντες.
3450 4115 3645 4176 Ὅπως
3682 4114 3741 4167 δὲ
3772 4118 3803 4167 6

2208 4214 2363 4279 ἅγιος
2416 4208 2730 4271 Ἀθανάσιος
2776 4208 2874 4277 τῆς
2915 4206 3205 4276 ἐκκλησίας
3259 4205 3633 4275 ἐξωθούμενος
3669 4205 3801 4267 τοὺς

2209 4302 2490 4355 συλλαϐεῖν
2554 4300 2717 4353 αὑτὸν
2773 4298 3172 4360 ἐσπουδακότας
3238 4296 3481 4365 διέφυγε,
3547 4297 3798 4350 λεκτέον.

2219 4393 2456 4464 Ἑσπέρα
2491 4390 2599 4462 γὰρ
2626 4388 2722 4461 ἦν’
2764 4394 2792 4443 6
2818 4391 2873 4443 δὲ
2896 4390 3020 4453 λαὸς
3049 4387 3369 4458 ὲπαννύχιζε
3398 4388 3800 4460 προσδοκωμέ-

530 4476 628 4530 vit.
661 4476 938 4533 Concentu
976 4489 1152 4533 autem
1186 4482 1375 4549 psalmi
1426 4482 1589 4543 facto,
1622 4496 1717 4551 per
1740 4498 1899 4536 uuam
1931 4483 2101 4538 eccle-

2208 4503 2303 4556 νης
2330 4482 2620 4549 συνάξεως.
2660 4484 2819 4535 ’Ήκει
2850 4482 2905 4534 δὲ
2958 4484 2987 4534 6
3026 4480 3327 4551 στρατηγὸς
3360 4479 3503 4533 κατὰ
3531 4480 3801 4549 φάλαγγα

529 4570 623 4622 sine
639 4568 861 4637 janttam
884 4585 1072 4627 omnes
1087 4572 1354 4627 exierunt.
1385 4572 1539 4639 Quod
1562 4589 1682 4627 eum
1714 4573 1885 4639 ﬁeret,
1907 4575 2103 4630 milites

528 4676 718 4717 onmes
747 4662 957 4717 immoti
986 4678 1161 4733 neque
1184 4676 1486 4734 pugnantes
1530 4665 1817 4721 manebant
1841 4682 1855 4719 :
1884 4678 2103 4721 sanctus

531 4763 709 4807 autem
760 4753 1091 4809 Athanasius
1135 4756 1186 4810 in
1220 4757 1395 4810 medio
1426 4757 1763 4827 psallentium
1812 4759 2105 4826 prmterivit

532 4843 733 4898 illaesos
758 4844 1168 4917 incolumisque.
1194 4847 1307 4902 Hoc
1339 4852 1496 4902 modo
1524 4864 1737 4903 rursum
1763 4849 1975 4918 elapsus
1999 4850 2103 4903 Ro.

533 4951 674 4990 mam
729 4936 881 5006 fugit.
922 4937 1163 5006 Tumque
1194 4941 1388 5008 impius
1419 4939 1709 5009 Gregorius
1747 4941 1986 4995 ecclesia:
2015 4957 2104 5009 po-

532 5030 662 5083 titus
690 5038 793 5084 cst.
830 5029 1096 5084 Cteterum
1122 5031 1350 5100 [mpnlus
1374 5031 1774 5085 Alexandrinus
1806 5047 1981 5087 rerum
2010 5048 2104 5101 ge-

529 5133 734 5176 starum
786 5123 1092 5192 impatiens,
1143 5124 1427 5179 ecclesiam
1470 5124 1706 5194 Dionysii
1744 5134 2102 5194 nuncupatam

531 5215 904 5271 incenderunt.
939 5215 1279 5271 Cumtantus
1299 5214 1637 5268 Alexandria:
1662 5224 1801 5268 esset
1823 5214 2101 5277 tumultus,

530 5319 750 5363 sanctus
780 5307 975 5363 Paulus
1000 5304 1629 5377 Constantinopolitauus
1667 5306 1972 5375 epise0pus,
2006 5306 2107 5373 Εςτ

531 5398 694 5453 clesia
726 5409 975 5462 exactus,
1006 5397 1254 5466 partibus
1280 5395 1480 5450 relictis
1507 5395 1893 5458 Orientalibus,
1918 5398 1975 5450 in
2003 5395 2101 5450 Oc-

531 5492 797 5552 cidentem
827 5490 1118 5552 concessit,
1171 5488 1260 5541 ubi
1304 5488 1567 5543 Constans
1609 5488 1777 5542 frater
1805 5486 2105 5541 Constantii

551 5586 850 5651 tltperabat,
882 5599 946 5637 ac
969 5598 1090 5637 cum
1122 5596 1377 5651 magnum
1402 5579 1757 5634 Athanasium
1786 5577 1859 5631 ihi
1884 5575 2109 5645 reperis-

601 5755 677 5835 (n)
703 5754 873 5819 Palat.
911 5756 1165 5825 κατῆγον.
1238 5830 1241 5831 ν

2207 4573 2373 4639 τάξας
2404 4576 2529 4635 τοὺς
2559 4571 2893 4643 στρατιώτας
2919 4572 3249 4641 πανταχόθεν
3272 4569 3457 4640 κύκλῳ
3479 4571 3582 4640 τῆς
3603 4571 3804 4640 ἐκκλη-

2214 4666 2349 4729 σίας.
2401 4666 2457 4717 ‘U
2485 4664 2542 4717 δὲ
2580 4664 2752 4734 μέγας
2804 4663 3138 4727 Ἀθανάσιος,
3170 4662 3428 4734 ἑωρακὼς
3459 4662 3531 4715 τὰ
3569 4663 3798 4732 γινόμε-

2211 4774 2296 4822 να,
2324 4756 2576 4825 φροντίδα
2595 4754 2820 4817 τίθεται,
2852 4756 2998 4818 ὅπως
3032 4754 3098 4808 ἂν
3135 4754 3370 4825 μηδεμία
3397 4752 3476 4822 τῷ
3507 4753 3627 4824 λαῷ
3662 4754 3798 4824 βλά-

2212 4848 2280 4919 ϐη
2308 4849 2529 4918 γένηται
2548 4848 2613 4898 δι’
2639 4844 2819 4911 αὑτὸν,
2850 4847 2943 4898 καὶ
2963 4843 3267 4915 προστάξας
3298 4844 3531 4915 διακόνῳ
3556 4846 3800 4917 κηρύξαι

2213 4941 2398 5011 εὐχὴν,
2450 4935 2605 5000 αὖθις
2644 4938 2858 5007 ψαλμὸν
2900 4937 3153 5005 λέγεσθαι
3207 4935 3612 5006 παρεσκεύασε.
3650 4937 3801 5007 Συμ-

2213 5029 2417 5099 φωνίας
2443 5046 2502 5081 τε
2536 5030 2599 5081 ἐκ
2640 5027 2734 5080 τοῦ
2777 5028 2990 5097 ψαλμοῦ
3020 5025 3334 5095 γενομένης,
3377 5025 3466 5077 διὰ
3503 5028 3636 5094 μιᾶς
3686 5027 3789 5081 τῶι

2213 5119 2397 5173 πυλῶν
2429 5119 2529 5187 τῆς
2569 5117 2863 5187 ἐκκλησίας
2901 5118 3099 5179 πάντες
3142 5115 3368 5180 ἐξίεσαν.
3407 5115 3615 5167 Τούτου
3649 5133 3794 5183 γινοη

2215 5212 2398 5282 μένου,
2434 5210 2507 5260 νοί
2550 5209 2647 5277 μὲν
2689 5207 3014 5287 στρατιῶται
3068 5207 3342 5277 ἀπόμαχοι
3398 5207 3622 5275 ἔμενονο
3671 5208 3701 5259 6
3739 5208 3796 5261 δὲ

2211 5304 2365 5369 ἅγιος
2414 5300 2722 5359 Ἀθανάσιος
2752 5292 2831 5351 ἐν’
2849 5298 2997 5369 μέσῳ
3028 5299 3134 5351 τῶν
3164 5295 3599 5367 ψαλμῳδούντων
3631 5296 3802 5349 ἀϐλα-

2214 5393 2312 5462 ϐὴς
2345 5390 2649 5454 διεσώζετο.
2688 5389 2884 5442 Τοῦτον
2922 5390 3013 5441 τὸν
3058 5388 3257 5459 τρόπον
3296 5386 3600 5455 διαφυγὼν,
3635 5387 3803 5443 πάλιν

2214 5483 2305 5534 ἐπὶ
2332 5482 2429 5551 τὴν
2465 5480 2679 5551 Ῥώμην
2704 5480 3027 5551 ἀνέδραμεν.
3058 5479 3165 5531 Καὶ
3191 5478 3491 5548 Γρηγόριος
3523 5478 3628 5546 μὲν
3673 5478 3801 5532 τότε

2211 5577 2240 5627 6
2288 5574 2487 5642 ἀσεϐὴς
2533 5574 2629 5644 τῆς
2663 5572 2955 5644 ἐκκλησίας
2998 5572 3325 5644 ἐκράτησεν·
3370 5571 3398 5621 6
3432 5569 3492 5622 δὲ
3544 5570 3798 5627 Ἀλεξαν-
