3990 6510
1116 370 1277 426 VITA
1320 367 1379 425 S.
1421 366 1811 424 ATHANASII‘
1839 366 1932 423 EX
1970 364 2507 423 METAPHBASTE.

225 496 386 567 l‘ptmw
398 494 543 559 λαὸς,
576 494 679 547 οὐκ
704 493 1012 563 ἐνεγκόντες
1033 492 1093 544 τὸ
1122 486 1488 559 γεγονὸς,.τὴν
1517 488 1785 558 καλουμέ-

1902 498 1987 549 set.
2022 487 2224 543 Julium
2257 486 2383 541 οιίίιη
2403 485 2866 556 archiepiscopum
2892 485 3193 541 Romanum
3230 499 3245 536 :
3289 481 3464 537 cunni.-

227 602 310 656 νην
331 584 601 637 Διονυσίου
635 584 928 653 ἐκκλησίαν
955 581 1277 651 ἐνέπρησαν.
1311 579 1578 647 Τοιαύτης
1610 578 1665 630 δέ
1690 570 1781 630 06‘-

1902 596 2094 650 iusque
2142 578 2283 634 Julio
2320 588 2376 633 et
2424 579 2740 648 imperatori
2791 575 3255 639 commemoratis,
3302 574 3464 629 isthic

230 690 314 743 σης
334 672 645 742 συγχύσεως
676 672 820 725 κατὰ
850 670 946 741 τὴν
987 668 1409 740 Ἀλεξάνδρειαν,
1446 668 1540 719 καὶ
1570 670 1599 719 6
1626 667 1779 735 ἅγιος

1902 688 2007 727 tum
2044 672 2341 727 Athanasio
2376 672 2621 740 degebat.
2656 670 2921 725 Constans
2946 670 3129 739 itaque
3162 681 3284 722 cum
3314 670 3465 719 com-

230 762 413 825 Παῦλος
458 764 486 814 6
545 761 1170 823 Κωνσταντινουπόλεως
1203 759 1517 822 ἐπίσκοπος,
1559 756 1779 823 ἐξωθεὶς

1902 764 2117 818 »θτὶεεει
2139 779 2201 817 ea
2227 778 2346 833 quae
2373 763 2728 819 Athanasium
2757 771 2810 817 et
2856 762 3076 816 Paulum
3135 765 3468 829 spectarent,

230 858 308 924 τῆς
322 854 657 923 Ἐκκλησίας,
679 855 777 907 καὶ
797 850 1070 907 ἀπολιπὼν
1091 851 1157 904 τά
1187 850 1478 903 ἀνατολικὰ
1501 848 1664 919 μέρη,
1687 848 1777 899 ἐπὶ

1905 855 2068 910 nissis
2103 857 2249 909 fratri
2278 855 2476 911 litteris
2501 856 2650 923 Jubet
2680 854 2840 925 recipi
2863 854 3128 908 homines.
3156 852 3223 905 At
3246 867 3365 905 cum
3390 850 3470 903 lit-

229 946 308 1015 τὴν
335 944 477 996 δύσιν
507 943 755 1013 ἔρχεται,
779 940 848 1014 ἧς
882 939 1017 1013 ἦρχε
1049 940 1311 1004 Κώνστας
1344 942 1372 994 6
1398 938 1777 994 Κωνσταντίου

1902 946 2019 999 .eris
2058 946 2400 1016 imperatoris
2458 946 2791 1012 Constantis,
2834 944 3033 1014 quibus
3070 943 3379 1005 mandabat,
3411 948 3469 993 ut

231 1032 453 1101 ἀδελφός·
505 1034 600 1086 καὶ
641 1034 825 1106 εὑρὼν
868 1034 1043 1085 ἐκεῖσε
1090 1032 1180 1085 τὸν
1230 1032 1402 1103 μέγαν
1468 1030 1780 1084 Ἀθανὰσιον

1902 1037 2056 1092 Paulo
2078 1036 2483 1105 Athanasioque
2510 1053 2619 1092 sua:
2664 1037 2818 1092 sedes
2860 1036 3297 1101 restituerentur,
3338 1031 3467 1086 nihil

230 1127 470 1194 διάγοντα,
512 1127 737 1197 ἔρχεται
775 1125 907 1197 πρὸς
948 1124 1163 1179 Ἰούλιον
1198 1124 1274 1193 (a)
1308 1124 1399 1178 τὸν
1434 1125 1781 1195 ἀρχιεπίσκο-

1902 1126 2126 1196 amplius
2154 1125 2404 1181 eﬂ‘ectum
2441 1136 2606 1191 esset,
2647 1125 2808 1180 aliam
2837 1126 2952 1193 cogi
2985 1124 3247 1195 synodum
3281 1131 3471 1192 rogant

233 1235 316 1271 ων
363 1218 611 1290 Ῥώμης*
656 1219 757 1273 καὶ
814 1217 1208 1288 διηγησάμενος
1259 1218 1472 1271 ἅπαντα
1518 1216 1671 1286 αὐτῷ
1722 1232 1781 1268 τε

1902 1218 2217 1272 Athanasius
2237 1229 2289 1273 et
2318 1217 2536 1283 Paulus,
2571 1227 2627 1271 ut
2654 1218 2706 1272 in
2735 1219 3070 1273 meumenica
3097 1216 3322 1286 synodo,
3350 1231 3469 1270 cum

244 1310 434 1379 Ἰουλίῳ,
462 1311 556 1363 καὶ
577 1310 659 1379 τῷ
684 1311 805 1362 ἐκεῖ
838 1308 1069 1378 βασιλεῖ,
1106 1308 1225 1377 ἅμα
1268 1307 1565 1377 Ἀθανασίῳ
1597 1306 1783 1375 διῆγεν

1902 1311 2105 1379 ιιρεοιίιι
2141 1326 2259 1375 sua,
2286 1319 2396 1364 tum
2438 1324 2557 1377 qua:
2588 1309 2742 1365 [idem
2772 1319 3100 1374 spectarent,
3133 1308 3293 1362 linem
3329 1307 3475 1360 acci-

235 1400 729 1469 ὲκείσε.·Ἑπιγνοὺς
760 1396 852 1453 οῦν
875 1402 904 1453 6
924 1400 1186 1461 Κώνστας
1210 1398 1280 1451 τά
1300 1398 1443 1453 κατὰ
1476 1398 1790 1452 Ἀθανάσιον

1902 1388 2109 1469 perent,
2184 1400 2440 1454 docentes
2498 1414 2650 1453 suam
2703 1399 3211 1453 condemnationem
3254 1398 3319 1451 ad
3350 1396 3506 1453 ﬁdei.

234 1487 308 1542 καὶ
332 1490 551 1555 Παῦλον,
580 1492 791 1562 γράφει
817 1492 895 1562 τῷ
920 1490 1134 1561 ἀδελφῷ
1168 1491 1266 1561 (ὁ),
1296 1490 1643 1561 προστάττων
1672 1490 1793 1543 τού-

1902 1489 2230 1543 eversionem
2267 1486 2555 1541 conﬂatam
2582 1488 2767 1542 fuisse.

232 1598 332 1645 τους
354 1582 621 1655 δεχθῆναι.
660 1586 773 1638 Καὶ
802 1585 1049 1657 ἐπείπερ,
1097 1584 1403 1655 γράψαντος
1447 1584 1539 1637 τοῦ
1574 1584 1835 1655 βασιλέως
1872 1583 2245 1650 Κώνσταντος,
2281 1583 2420 1636 ὥστε
2464 1581 2786 1652 ἀποδοθῆναι
2821 1581 3018 1652 Παύλῳ
3046 1582 3140 1635 καὶ
3175 1579 3475 1651 Ἀθανασίῳ

232 1674 333 1737 τοὺς
362 1677 515 1742 ἰδίους
564 1678 793 1743 τόπους,
843 1678 993 1731 ούδέν
1018 1678 1178 1732 πλέον
1199 1678 1416 1747 ἠνύετο·
1446 1678 1660 1732 σύνοδον
1688 1678 1853 1748 ἄλλην
1893 1677 2270 1746 παρακαλοῦσι
2305 1675 2557 1745 γενέσθαι
2583 1675 2631 1727 οἱ
2668 1675 2793 1745 περὶ
2829 1673 2920 1726 τὸν
2955 1673 3107 1742 ἆγιον
3160 1672 3476 1743 Ἀθανᾴσιον

234 1763 308 1815 καὶ
346 1766 572 1833 Παῦλον,
625 1768 769 1823 ὥστε
819 1771 914 1822 καῖ
955 1768 1023 1821 τὰ
1070 1770 1191 1821 κατ’
1246 1770 1439 1833 αὐτοὺς
1500 1770 1594 1823 καὶ
1644 1770 1712 1824 τὰ
1764 1774 1863 1842 τῆς
1912 1770 2147 1834 πίστεως
2206 1770 2299 1824 ἐπὶ
2356 1770 2703 1839 οίκουμενικῇ
2767 1766 2967 1836 συνόδῳ
3033 1765 3205 1837 πέρας
3271 1764 3475 1829 λαϐεῖν.
3518 1818 3521 1821 λ

3255 377 3463 418 (CXXXV

229 1860 537 1924 διδάσκοντες
569 1860 673 1923 τὰς
718 1860 1065 1930 καθαιρέσεις
1101 1859 1279 1913 αὐτῶν
1322 1860 1713 1915 ἐπινενοεῖσθαι
1742 1862 1809 1927 (c)
1841 1861 1937 1913 ἐπὶ
1970 1859 2262 1914 καταλύσει
2288 1862 2386 1931 τῆς
2419 1860 2673 1923 πίστεως.

286 1951 360 2008 l0.
396 1954 761 2025 Κηρύσσεται
813 1949 905 2007 οὖν
958 1948 1111 2015 αὖθις
1161 1953 1509 2023 οἱκουμενικὴ
1560 1952 1791 2016 σύνοδος,

1970 1953 2054 2008 10.
2085 1953 2341 2007 Indicitur
2392 1968 2519 2021 ergo
2562 1966 2798 2015 rursum,
2854 1965 2918 2004 ex
2951 1949 3216 2005 sententia
3243 1948 3472 2004 duorum

229 2045 289 2106 ὡς
308 2044 388 2096 ἐπὶ
419 2044 527 2115 τὴν
566 2044 841 2115 Σαρδικὴν
870 2043 1058 2116 γνώμῃ
1095 2048 1203 2098 τοῖν
1246 2044 1389 2097 δυοῖν
1420 2043 1679 2113 βασιλέων
1729 2045 1784 2095 ἐν

230 2134 459 2205 ἑνδεκάτῳ
513 2135 627 2188 ἔτει
654 2136 756 2205 τῆς
788 2135 1044 2205 τελευτῆς
1079 2133 1171 2187 τοῦ
1202 2134 1405 2205 πατρὸς
1436 2133 1546 2186 τῶν
1574 2133 1784 2201 Αὐγού-

232 2242 361 2279 στων.
398 2227 491 2279 Ἐκ
534 2226 637 2297 μὲν
669 2222 764 2278 οῦν
805 2225 913 2279 τῶν
947 2226 1214 2295 ἐσπερίων
1260 2225 1438 2295 μερῶν
1484 2225 1623 2295 ὑπὲρ
1663 2225 1787 2287 τοὺς

231 2316 543 2387 τριακοσίους
575 2316 845 2385 συνῆλθον
874 2316 1223 2379 ἐπισκόπους,
1258 2315 1333 2377 ὥς
1372 2332 1534 2385 φησιν
1571 2317 1599 2368 6
1634 2316 1789 2382 ἅγιος

240 2408 530 2472 Ἀθανάσιος
561 2409 758 2471 αὐτός’
792 2410 856 2461 ἐκ
892 2408 947 2460 δὲ
978 2408 1085 2460 τῶν
1125 2405 1275 2476 ἐῴων
1319 2406 1687 2476 ἐϐδομήκοντα
1731 2404 1789 2470 ἐξ

233 2498 379 2567 μόνον,
399 2499 476 2562 ὡς
522 2501 551 2551 6
580 2498 814 2561 Σαϐῖνος
847 2515 1029 2567 φησιν,
1057 2498 1115 2550 ἐν
1138 2491 1219 2559 οἷς
1240 2496 1333 2548 καὶ
1368 2496 1528 2557 αὐτὸς
1562 2494 1790 2565 κατηρί-

229 2588 372 2660 θμητο
393 2590 493 2643 καὶ
531 2591 810 2659 Ὶσχυρᾶς,
835 2589 910 2651 ὼς
937 2586 1029 2641 τοῦ
1055 2587 1136 2652 ((1)
1164 2587 1465 2657 Μαρεώτου
1498 2585 1792 2649 ἐπίσκοπος

230 2678 303 2733 ὢν.
330 2681 405 2747 Ὧς
431 2678 537 2735 οὖν
572 2680 840 2750 συνῆλθον
870 2681 927 2732 ἐν
950 2682 1016 2749 τῇ
1035 2678 1292 2748 Σαρδικῇ,
1328 2679 1374 2729 οἱ
1408 2678 1504 2746 μὲν
1524 2676 1793 2729 Ἀνατολι-

230 2769 390 2834 κοὶνηείς
405 2772 709 2843 πρόσωπον
736 2770 847 2824 τῶν
872 2769 1171 2839 Ἐσπερίων
1197 2768 1368 2820 ἐλθεῖν
1385 2769 1484 2821 οὐκ
1509 2767 1794 2837 ἠϐούλοντο

231 2860 501 2925 φάσκοντες
538 2862 613 2933 μὴ
648 2861 827 2924 ἄλλως
873 2862 952 2923 είς
984 2860 1176 2927 λόγους
1220 2858 1412 2925 ἐλθεῖν,
1462 2860 1630 2929 εἰμὴ
1670 2860 1794 2923 τοὺς

231 2947 335 3018 περὶ
354 2950 572 3003 Παῦλον
595 2950 692 3003 καὶ
736 2950 1051 3003 Ἀθανάσιον
1072 2948 1365 3013 ἐξελάσωσι
1390 2947 1485 3011 τοῦ
1515 2948 1790 3016 συλλόγου.

238 3039 368 3104 ὀςδέ
384 3042 756 3114 Πρωτογένης
777 3043 806 3095 6
829 3042 1097 3114 Σαρδικῆς
1111 3042 1429 3106 ἐπίσκοπος,
1449 3042 1542 3094 καὶ
1562 3043 1590 3093 6
1613 3042 1794 3103 Ὄσιος

231 3130 521 3204 Κορδούϐης
558 3134 631 3204 (e)
656 3134 762 3186 οὐκ
800 3132 1078 3203 ἠνείχοντο
1109 3135 1181 3205 μὴ
1217 3136 1472 3205 παρεῖναι
1511 3133 1635 3194 τοὺς
1668 3132 1795 3201 περὶ

229 3220 301 3274 τὸν
321 3223 475 3292 ἅγιον
500 3224 721 3278 Παῦλον
755 3224 852 3277 καὶ
894 3224 1224 3289 Ἀθανάσιον,
1250 3224 1569 3295 ἀπεχώρουν
1592 3221 1797 3285 εὐθέως

226 3314 1094 3385 οίἈνατολικοί.,Καὶγενόμενοι
1137 3318 1195 3369 ἐν
1215 3316 1479 3373 Φιλίππου
1506 3314 1656 3367 πόλει
1698 3313 1795 3382 τῆς

228 3401 448 3473 Θρᾴκης,
484 3405 691 3469 ἰδιάζον
742 3405 1355 3477 ποιοῦνταισυνέδριον.
1396 3406 1516 3470 Καὶ,
1549 3402 1797 3473 φανερῶς

229 3490 388 3548 λοιπὸν
414 3496 476 3549 τὸ
510 3496 609 3564 μὲν
632 3495 921 3565 ὁμοούσιον
954 3496 1409 3567 ἀναθεματίζουσι
1429 3512 1440 3524 ·
1485 3496 1582 3565 τὴν
1615 3495 1671 3547 δὲ
1704 3494 1797 3547 τοῦ

228 3588 462 3663 ἀνομοίου
520 3589 682 3653 δόξαν
718 3590 1031 3653 ἐπιστολαῖς
1070 3590 1466 3660 ἐγγράψαντες,
1523 3588 1797 3657 πανταχοῦ

229 3678 628 3753 διαπέμπονται.
656 3681 722 3733 Οἱ
748 3681 807 3733 δὲ
839 3682 897 3734 ἐν
931 3684 995 3751 τῇ
1025 3681 1256 3751 Σαρδικῇ
1292 3679 1506 3751 πρῶτον
1537 3679 1634 3749 μὲν
1668 3679 1797 3749 ἐρή-

232 3788 321 3843 μην
371 3773 823 3847 κατεψηφίσαντο
852 3773 950 3843 τὴν
985 3772 1230 3825 σύνοδον·
1285 3771 1475 3824 ἔπειτα
1507 3771 1630 3833 τοὺς
1669 3785 1799 3821 κατ-

230 3861 440 3933 ηγὸρους
474 3862 570 3916 τοῦ
609 3863 767 3936 ἁγίου
820 3862 1138 3919 ’Δθανασίου
1174 3865 1272 3934 τῆς
1295 3862 1453 3927 ἀξίας
1480 3861 1759 3930 ἀφείλοντο
1780 3876 1792 3888 ο

230 3952 336 4022 ὅρον
350 3938 429 4014 ’τε
444 3955 562 4026 τῆς,
596 3955 834 4017 πίστεως
872 3954 963 4006 τὸν
998 3957 1054 4007 ἐν
1093 3956 1296 4025 Νικαίᾳ
1318 3953 1679 4025 κρατύναντες
1702 3949 1794 4021 (D,

232 4043 312 4095 καὶ
361 4044 421 4095 τὸ
468 4044 729 4113 ἀνόμοιον
777 4043 1274 4113 άναθεματίσαντες
1313 4044 1407 4096 καὶ
1455 4040 1795 4102 ἐκϐαλόντες,

232 4134 590 4207 φανερώτερον
634 4135 697 4186 τὸ
721 4134 1025 4204 ,όμοούσιον
1065 4135 1385 4196 ἐκδιδόασιν,
1426 4129 1797 4210 ἐγγράψαντες

233 4222 313 4274 καὶ
336 4225 407 4293 t9)
437 4224 594 4276 αὐτοὶ
637 4223 915 4293 πανταχοῦ
961 4223 1377 4294 διαπέμπονται.
1427 4220 1581 4274 Μετὰ
1625 4216 1796 4270 ταῦτα

230 4309 279 4363 δὲ
303 4314 455 4380 γνοὺς
496 4316 526 4366 6
564 4315 675 4369 τῶν
719 4314 991 4385 ἐσπερίων
1024 4313 1204 4384 μέρων
1244 4310 1494 4382 βασιλεὺς
1530 4307 1599 4361 τὰ
1640 4306 1697 4359 ἐν
1728 4306 1795 4375 τῇ

233 4399 449 4474 Σαρδικῇ
475 4405 682 4475 συνόδῳ
712 4406 1003 4473 γενόμενα,
1030 4403 1280 4475 γνώριμα
1310 4401 1470 4462 εὐθὺς
1489 4398 1566 4468 τῷ
1587 4393 1797 4463 ἀδελφῷ

234 4492 572 4565 Κωνσταντίῳ
629 4495 970 4564 καθίστησιν,
1004 4492 1345 4547 ἀποδιδόσθαι
1385 4508 1443 4543 τε
1486 4488 1562 4557 τῷ
1600 4484 1797 4553 Παύλῳ

235 4582 322 4635 καὶ
358 4584 658 4656 Ἀθανασίῳ
697 4586 827 4648 τοὺς
866 4584 1099 4647 οἰκείους
1138 4582 1335 4645 τόπους
1380 4576 1792 4656 παρεκελεύετο.

1897 2046 2313 2113 imperatorum,
2347 2043 2585 2097 Sardira:
2613 2045 2847 2113 synodus
2874 2041 3232 2103 mcumenica,
3262 2056 3404 2093 anno
3433 2057 3470 2097 Β

1892 2145 2066 2190 morte
2108 2135 2278 2205 patris
2317 2134 2685 2205 Augustorum
2710 2133 3010 2187 undecimo.
3043 2133 3113 2186 Ex
3145 2131 3471 2188 Occidenta-

1892 2224 2031 2280 libus
2057 2225 2239 2293 itaque
2290 2227 2533 2293 partihus
2570 2225 2807 2296 episcopi
2858 2225 2977 2290 plus
3007 2223 3262 2277 trecentis
3296 2223 3493 2277 coacti'

1892 2324 2039 2378 sunt,
2071 2322 2132 2368 ut
2178 2314 2252 2368 ait
2280 2314 2393 2383 ipse
2439 2324 2663 2369 sanetus
2704 2314 3049 2378 Athanasius,
3087 2328 3150 2365 cx
3177 2310 3469 2370 Orientali-

1893 2405 1995 2461 bus
2026 2415 2205 2461 autem
2257 2414 2465 2460 tantum
2493 2407 2829 2475 septuaginta
2866 2420 2980 2468 sex,
3010 2415 3068 2459 ut
3094 2404 3326 2458 Sabinus
3356 2404 3469 2469 ait;

1894 2497 1946 2551 in
1994 2497 2186 2565 quibus
2220 2507 2602 2553 annumeratus
2645 2507 2723 2552 est
2763 2496 3008 2567 lschyras
3046 2505 3300 2565 tanquam
3328 2495 3472 2549 Mar-

1895 2597 2032 2642 eotae
2075 2587 2377 2657 episcopus.
2422 2587 2585 2658 Igitur
2628 2603 2746 2642 cum
2791 2588 3028 2642 Sardica:
3071 2585 3468 2651 convenissent,

1895 2678 2195 2733 Orientales
2218 2679 2269 2732 in
2294 2688 2581 2748 conspectu
2601 2677 3019 2734 Occidentalium
3046 2678 3301 2733 accedere
3322 2692 3474 2739 recu-

1896 2779 2104 2835 sarunt,
2128 2770 2372 2825 dicentes
2397 2784 2502 2825 non
2531 2770 2689 2825 aliter
2719 2786 2778 2825 se
2800 2774 2866 2824 ad
2898 2770 3307 2847 colloquendum
3340 2784 3471 2827 ven:

1898 2870 2066 2926 turos,
2100 2862 2201 2915 nisi
2254 2861 2475 2915 Paulum
2527 2872 2581 2915 et
2607 2861 2962 2919 Athanasium
2998 2861 3260 2931 pellerent
3282 2875 3347 2915 ex
3372 2873 3472 2928 ηερ

1898 2952 2061 3006 nodo.
2121 2952 2253 3005 Cum
2312 2963 2491 3006 autem
2522 2952 2849 3023 Protogenes
2899 2952 3152 3007 Sardices
3202 2960 3252 3004 et
3277 2949 3473 3005 Hosius

1897 3041 2160 3097 Cordubae
2203 3057 2307 3095 non
2355 3051 2672 3110 paterentur
2711 3026 2900 3097 abesse
2927 3052 3144 3097 sanctos
3170 3041 3391 3095 Paulum
3419 3050 3475 3096 et

1897 3130 2279 3195 Athanasium,
2308 3132 2488 3185 statim
2532 3130 2837 3187 Orientales
2870 3133 3201 3187 abscessere.
3233 3132 3474 3200 Cumque

1901 3219 2296 3290 Philippopolin
2327 3221 2378 3275 in
2408 3222 2639 3277 Thracia
2665 3223 3054 3292 pervenissent,
3079 3222 3347 3293 peculiare
3370 3223 3491 3277 ha-'

1825 3290 1867 3348 θ
1904 3309 2464 3366 bueruntconcilium.
2497 3312 2575 3365 Ac
2602 3290 2781 3382 palam
2805 3312 2996 3367 deinde
3019 3290 3475 3368 co'nsubstantiale
3508 3346 3515 3349 -

1900 3400 2241 3455 anathemate
2271 3401 2502 3468 feriunt;
2532 3418 2595 3458 ac
2614 3403 2894 3459 dissimilis
2926 3402 3239 3458 substantiae
3255 3411 3485 3459 senten-.

1902 3491 2030 3545 tiam
2065 3491 2307 3559 epistolis
2341 3496 2724 3565 conscriptam,
2754 3496 2949 3566 ubique
2974 3496 3343 3552 transmisere.
3368 3495 3473 3563 Qui

1900 3593 2062 3648 porro
2088 3579 2328 3637 Sardicze
2343 3592 2520 3649 erant,
2547 3584 2778 3653 primum
2798 3586 3009 3656 quidem
3040 3585 3301 3657 synodum
3331 3584 3475 3649 illam

1901 3670 2124 3725 deserta:
2154 3685 2332 3727 causa:
2391 3674 2737 3740 damnarunt,
2796 3674 2987 3731 deinde
3019 3675 3476 3737 vero_Athanasii

1901 3770 2246 3817 accusatores
2267 3763 2528 3833 dignitate
2544 3780 2638 3820 sua
2660 3766 2959 3836 privarunt.
2985 3765 3315 3822 Confirmata
3348 3781 3477 3823 vero

1900 3849 2022 3905 fidei
2048 3851 2357 3910 deﬁnitione
2386 3854 2576 3911 Nicaea:
2614 3857 2771 3922 facta,
2812 3872 2878 3912 ac
2903 3857 3473 3914 dissimilis-substan-

1900 3939 1986 3994 tia:
2016 3954 2150 3996 voce
2184 3946 2531 3999 anathemate
2579 3946 2828 4001 damnata
2884 3956 3046 4018 atque
3078 3946 3298 4016 rejecta,
3350 3962 3477 4005 con-

1899 4030 2254 4090 substantiale
2302 4036 2574 4107 explicant
2603 4039 2924 4105 evidentius,
2967 4053 3031 4093 ac
3064 4037 3475 4107 ubiquc'trans—

1898 4120 2120 4177 mittunt
2150 4124 2344 4179 litteris
2375 4126 2509 4181 suis.
2551 4126 2679 4182 Post
2703 4128 2817 4182 haec
2845 4143 2966 4183 cum
3004 4138 3184 4184 nosset
3213 4129 3478 4184 Occiden-

1899 4211 2085 4265 talium
2112 4215 2343 4281 partium
2390 4216 2685 4286 imperator
2710 4233 2795 4273 res
2832 4220 2881 4271 in
2920 4218 3227 4274 Sardicensi
3271 4219 3478 4288 synodo

1896 4310 2096 4369 gestas,
2130 4318 2223 4358 eas
2259 4305 2439 4360 statim
2460 4305 2612 4360 fratri
2637 4307 2953 4363 Constantio
2980 4307 3269 4377 signiﬁcat,
3300 4308 3479 4375 jubet-

1895 4406 2001 4459 que
2054 4392 2218 4449 Paulo
2272 4405 2326 4449 et
2364 4397 2660 4451 Athanasio
2709 4397 2867 4454 sedes
2917 4398 3127 4453 restitui
3163 4413 3307 4453 suas.
3342 4399 3476 4453 Cum

1897 4496 2056 4549 porro
2072 4483 2396 4541 Athanasius
2417 4487 2590 4541 adhuc
2611 4496 2885 4555 peteretur
2908 4487 3119 4543 insidiis
3133 4488 3485 4555 Arianorum,

1898 4588 1955 4625 re
1981 4586 2251 4643 comperta
2282 4577 2593 4647 imperator,
2632 4581 2746 4635 haec
2774 4580 2926 4634 fratri
2958 4581 3207 4635 rescribit
3246 4597 3256 4629 :

236 4672 332 4730 Τοῦ
355 4676 407 4729 δέ
433 4678 593 4745 ἁγίου
627 4655 950 4731 Ἄθανασίου
974 4675 1053 4731 ἐτι
1099 4673 1557 4743 ὑποστελλομένου
1620 4668 1720 4729 τὰς
1747 4655 1755 4669 ’
1787 4663 2083 4728 ἐπιϐουλὰς
2138 4667 2246 4722 τῶν
2289 4670 2761 4740 Ἀρειανιςόντων,
2794 4672 2869 4736 ὼς
2901 4671 3101 4742 ἔμαθεν
3137 4672 3165 4724 6
3201 4673 3475 4743 βασιλεὺςθ

241 4769 418 4838 γράφει
447 4771 527 4841 τῷ
554 4771 901 4842 ἀδελφῷιυηο

300 4853 410 4915 Ὧδε
438 4863 537 4934 μέν
565 4864 718 4917 ἐστιν
745 4865 876 4935 παρ’
905 4865 1031 4934 ἐμοὶ⁸
1060 4864 1375 4926 Ἀθανάσιος
1396 4881 1409 4893 ·
1435 4861 1569 4916 ἀλλὰ
1597 4857 1793 4917 πυνθα-

1974 4851 2071 4911 Hic
2101 4853 2314 4923 quidem
2339 4857 2478 4925 apud
2502 4872 2591 4911 me
2619 4859 2761 4930 degit
2790 4861 3149 4927 Athanasius;
3183 4862 3275 4917 sed
3297 4862 3484 4918 scisci-

238 4950 434 5019 νόμενος
451 4953 676 5016 διέγνων
705 4952 988 5014 εὐσεϐείας
1018 4953 1180 5006 αὐτὸν
1208 4952 1369 5022 χάριν
1396 4948 1702 5003 διώκεσθαι.
1731 4947 1795 4999 Εἰ

244 5039 327 5106 μὲν
349 5037 433 5096 οῦν
463 5043 523 5113 (ἱ)
560 5044 920 5113 ἐπαγγέλλεις
941 5044 1248 5099 ἀποδιδόναι
1276 5043 1450 5113 τούτῳ
1470 5042 1561 5095 τὸν
1587 5041 1791 5112 θρόνον,

243 5128 547 5204 ἀμυνόμενος
572 5134 909 5206 τοὺς-μάτην
930 5135 1092 5189 αὐτὸν
1120 5134 1536 5204 ἐπιφυομένους,
1567 5134 1797 5193 ἀποστετ

242 5217 306 5271 λῶ
338 5224 463 5294 πρὸς
511 5228 571 5279 σὲ
622 5226 716 5279 τὸν
759 5225 965 5295 ἄνδρας·
1001 5226 1050 5277 εί
1090 5225 1162 5278 δὲ’
1192 5227 1472 5290 άνανευοις
1495 5226 1664 5280 ταῦτα
1700 5225 1794 5277 οῦ-

240 5423 251 5434 .
299 5356 362 5426 (a)
403 5363 660 5434 Ἔρχεται
697 5363 799 5416 σὺν
844 5361 993 5432 αὐτῷ
1027 5364 1165 5433 πρὸς
1207 5364 1298 5417 τὸν
1360 5366 1627 5435 μακάριον
1671 5366 1801 5419 Ἰού-

241 5440 562 5588 Palat.‘
583 5500 665 5588 τῷ
941 5501 1013 5585 τά
1037 5501 1179 5588 κριτὰ
1212 5501 1530 5556 Ἀθανασίου
1553 5504 1799 5576 ἐσδεχθῆ-

240 5566 509 5642 γαιηίρεηι,
541 5566 746 5642 ἠνύετο
777 5566 902 5642 ὅθεν
925 5572 1166 5642 σύνοδον.

233 5636 537 5763 ὶᾹεὶξδΙῖι.
562 5636 667 5706 τὰς
698 5639 1055 5711 καθαιρέσεις
1090 5640 1269 5694 αὐτῶν
1302 5645 1640 5710 γεγενεῖσθαι
1676 5645 1795 5713 (sic)

275 5738 291 5755 υ
394 5727 459 5763 τα
496 5754 510 5763 .

289 5754 670 5844 (ἀῑιιῖίδοιιιι.
705 5780 855 5836 Editi
894 5794 1038 5844 vero,
1070 5780 1097 5832 6
1122 5779 1233 5834 τοῦ.

1907 4952 2046 5000 tatus
2070 4946 2192 4999 novi
2235 4946 2452 5015 pietatis
2486 4964 2607 5004 eum
2653 4965 2817 5008 causa
2849 4957 3281 5024 persecutionem
3318 4960 3483 5012 susti-

1904 5050 2050 5091 nere.
2109 5035 2413 5106 Siquidem
2473 5042 2756 5109 promittas
2800 5044 2872 5099 illi
2924 5046 3109 5101 sedem
3168 5047 3482 5113 restituere,

1900 5126 2043 5182 ultus
2075 5141 2168 5183 eos
2198 5129 2288 5197 qui
2312 5128 2615 5188 sine.causa
2639 5143 2837 5188 vexant
2865 5135 3059 5206 ipsum,
3092 5138 3299 5191 mittam
3332 5139 3402 5192 ad
3430 5149 3484 5192 te

1900 5218 2113 5282 virum;
2172 5218 2255 5273 sin
2291 5218 2544 5275 abnueris
2596 5225 2707 5278 haec
2738 5240 2921 5295 agere,
2970 5238 3118 5281 certo
3173 5229 3311 5282 scias
3374 5244 3483 5282 me-

1978 5364 2049 5429 (e)
2082 5356 2374 5432 btc_Palat.
2406 5360 2547 5413 Ε(ιὶιί
2584 5376 2729 5424 vero,
2770 5360 3135 5432 Κουρδούϐης.
3155 5359 3273 5414 Mox
3300 5360 3475 5419 Palat.

1904 5427 2301 5498 ἀποχωροῦσιν.

1977 5496 2045 5564 (Ῑ)
2078 5496 2250 5567 Palat.
2281 5496 2654 5567 κρατύνοντες.

1974 5571 2047 5635 (g)
2080 5566 2250 5638 Pji'f-H-
2281 5566 2585 5638 γράψαντες
2623 5570 2677 5621 δὲ
2702 5570 2988 5633 ἐπιστολάς
3024 5572 3133 5624 καί.

1979 5635 2375 5709 ςΙιχΡξιΙιιιηὼς
2410 5636 2579 5709 ἔμαθε
2614 5638 2872 5709 Ιςὼνστας
2901 5642 2929 5691 6
2960 5640 3081 5709 βασ.

1974 5707 2034 5782 (ἱ)
2067 5704 2234 5758 Palat.
2267 5704 2599 5782 ἐπαγγέλλῃ.
2634 5706 2933 5782 Paulupost
2960 5704 3139 5776 idem,
3177 5712 3349 5782 μάτην
3375 5707 3507 5762 αῦσί

1905 5776 1981 5845 τῷ
2012 5775 2426 5843 ἐπιφυομένους,
2458 5775 2783 5831 ἀποστέλλω.
