3990 6548
541 425 817 467 οαιιινιιι

1911 398 2447 457 PROLEGOMENA.

544 529 767 579 sanctus
802 519 1154 586 Athanasius,
1188 532 1285 588 per
1309 517 1521 590 Syriam
1554 515 1850 586 profectus,
1875 515 2113 571 Palassn-

2234 517 2351 577 ταῖς,
2400 510 2697 584 ὀχυρωθεὶς
2739 511 2766 562 ό
2795 507 2948 577 ἅγιος
2990 507 3303 572 Ἀθανάσιος
3344 506 3431 561 διὰ
3465 507 3567 577 τῆς
3602 507 3803 579 Συρίας

546 627 669 668 nam
699 613 985 682 pervenit;
1033 628 1268 682 cumque
1317 610 1648 681 pervenisset
1695 598 2113 679 Jerosolymain,

544 702 799 772 episcopo
830 701 1061 757 Maximo
1095 718 1289 773 magno
1334 712 1388 757 et
1417 699 1733 763 confessori,
1776 699 1869 769 qui
1916 709 1969 754 et
2004 700 2118 781 ipse

546 792 715 847 multa
744 801 969 862 propter
1023 794 1309 848 Dominum
1359 791 1542 848 Jesum
1584 792 1871 849 Christum
1922 807 2116 862 passus

545 895 689 949 erat,
725 895 851 939 nota
883 883 1009 939 facit
1040 895 1156 940 acta
1195 884 1535 940 Sardicensis
1582 885 1825 953 synodi;
1873 892 1928 940 et
1978 886 2117 954 quod

549 974 845 1044 imperator
870 974 1217 1031 Constantius
1240 990 1425 1030 eorum
1446 976 1651 1044 judicio
1682 976 1998 1045 astipulatus
2021 984 2127 1030 es-‘

548 1072 667 1129 set,
694 1073 954 1135 curatque
974 1066 1234 1137 synodum
1266 1068 1382 1136 cogi
1429 1068 1803 1137 episc0porum
1852 1068 2005 1123 istius
2029 1082 2119 1122 re-

549 1155 745 1223 gionis.
776 1156 1040 1215 Maximus
1066 1157 1263 1227 quippe
1302 1158 1438 1212 nihil
1482 1166 1791 1221 cunctatus,
1834 1173 1955 1213 cum
1989 1174 2120 1214 con-

548 1254 797 1300 voeasset
829 1259 1019 1300 omnes
1049 1245 1290 1301 Orientis
1328 1246 1634 1315 episcopos,
1662 1255 1716 1301 et
1744 1247 2006 1315 synodum
2037 1262 2121 1301 ce-

552 1334 837 1397 lebrasset,
866 1345 1057 1389 sancto
1087 1336 1387 1390 Athanasio
1415 1351 1566 1390 suam
1600 1338 1837 1391 reStituit
1866 1351 2121 1391 commn-

552 1425 767 1481 nionem
795 1434 850 1479 et
874 1426 1212 1496 dignitatem.
1242 1426 1475 1496 Scripsit
1504 1437 1560 1482 et
1592 1429 1703 1498 ipsa
1735 1430 1972 1499 synodus
1997 1430 2122 1484 Ale-

551 1517 855 1583 xandrinis,
908 1520 1268 1590 omnibusque
1320 1535 1415 1591 per
1457 1520 1751 1592 JEgyptum
1796 1529 1850 1576 et
1896 1522 2120 1594 Libyam

551 1607 823 1678 episcopis
852 1608 1065 1666 clericis
1094 1620 1147 1664 et
1180 1613 1391 1681 populis
1412 1652 1428 1676 ,
1482 1628 1817 1682 quaecunque
1858 1613 1923 1668 de
1953 1610 2120 1669 Atha-

555 1697 711 1752 nasio
766 1698 981 1753 decreta
1027 1707 1229 1756 essent.
1285 1701 1617 1757 Athanasius
1668 1713 1847 1757 autem
1899 1718 2123 1774 magnus

555 1789 629 1843 ita
657 1788 1035 1845 Alexandriam
1067 1806 1186 1847 eum
1213 1794 1568 1861 pervenisset,
1599 1795 1973 1865 IEgyptiorum
2007 1796 2122 1864 epi-

554 1893 840 1949 scoporum
867 1882 1101 1950 synodos
1123 1884 1318 1952 coegit,
1350 1898 1469 1952 quae
1511 1884 1811 1939 consimilia
1863 1886 2119 1941 decreve-

553 1980 685 2023 runt
708 1970 776 2025 iis
801 1985 921 2040 quae
960 1971 1027 2026 ab
1065 1974 1332 2042 episcopis
1383 1973 1621 2030 Sardicaa
1671 1976 1875 2032 coactis
1923 1981 2119 2033 statuta

556 2058 795 2123 fuerant,
829 2074 1036 2115 necnon
1065 2076 1095 2115 a
1128 2062 1360 2118 Maximo
1388 2064 1441 2119 in
1483 2065 1688 2136 synodo
1720 2065 2124 2138 Jerosolymita—

554 2164 646 2202 na.
704 2150 768 2203 At
817 2165 938 2204 eum
986 2150 1329 2221 Magnentius
1382 2156 1665 2224 imperium
1723 2158 2027 2224 invasisset,
2073 2171 2126 2214 et

553 2240 844 2298 occidisset
870 2241 1248 2311 Constantem,
1291 2262 1507 2303 rursum
1538 2247 1650 2303 Arii
1687 2258 1984 2307 sectatores
2031 2253 2127 2307 do-

554 2331 670 2388 lose
725 2334 985 2390 adversus
1025 2336 1383 2391 Athanasium
1454 2340 1684 2395 incitant
1734 2340 2122 2399 Constantium.

556 2420 791 2477 Rursum
823 2423 1023 2487 edicta,
1050 2440 1263 2478 rursum
1290 2429 1463 2488 minae,
1495 2443 1705 2483 rursum
1732 2427 1881 2500 fuga,
1912 2447 2124 2486 rursum

558 2512 879 2580 perquisitio
914 2514 1112 2583 ubique
1165 2524 1429 2569 terrarum
1482 2527 1536 2571 et
1588 2519 1841 2573 marium.
1888 2520 2128 2590 Cumque

556 2605 885 2660 Athanasius
913 2606 1214 2661 Ecclesiam
1258 2609 1604 2676 deseruisset,
1661 2610 1950 2680 Georgium
2002 2612 2127 2666 mit-

560 2703 702 2760 tunt,
751 2695 968 2750 Arianae
1019 2706 1180 2751 secta:
1230 2698 1522 2765 hominem,
1571 2702 2023 2769 quemadmodum
2077 2712 2129 2756 et

559 2793 687 2840 ante
716 2786 1037 2857 Gregorium
1077 2790 1389 2858 quemdam.
1425 2792 1657 2847 Aeacius
1701 2800 1877 2846 autem
1927 2801 1980 2847 et
2026 2792 2130 2847 Pa-

562 2877 828 2946 trophilus
870 2890 1172 2937 sectatores
1199 2882 1346 2947 Arii,
1380 2893 1628 2938 sanctum
1658 2883 1947 2938 Maximum
1976 2884 2129 2941 Jero-

557 2970 783 3042 solymis
816 2987 935 3027 cum
963 2974 1317 3043 expulissent,
1345 2976 1601 3046 Cyrillum
1635 2977 1682 3030 ei
1712 2977 2126 3033 substituerunt.

559 3059 752 3127 Qualia
788 3058 967 3118 autem
1008 3064 1351 3121 Alexandria:
1374 3065 1636 3137 Georgius
1667 3070 1853 3123 eodem
1888 3080 2129 3139 tempore

2218 605 2485 676 ὁρμήσας,
2513 604 2613 673 τῆς
2643 599 3005 671 Παλαιστίνης
3037 601 3206 671 ἐπέϐη
3228 618 3241 630 ·
3271 598 3595 654 καταλαϐών
3634 616 3692 652 τε
3730 599 3804 653 τὰ

2231 695 2572 767 Ἱεροσόλυμα
2613 694 2706 746 καὶ
2744 691 2821 761 τῷ
2851 691 3131 761 ἐπισκόπῳ
3172 690 3410 761 Μαξίμῳ
3457 690 3537 761 τῷ
3580 687 3826 760 μεγάλῳ.

2220 789 2312 840 καὶ
2357 786 2683 857 ὁμολογητῇ,
2744 785 2837 838 καὶ
2881 783 3028 854 αύτῷ
3080 782 3169 838 διὰ
3207 783 3298 837 τὸν
3341 782 3548 853 Κύριον
3592 779 3804 851 Ἰησοῦν

2220 879 2450 951 Χριστὸν
2497 877 2666 930 πολλὰ
2696 875 3002 942 πεπονθότι,
3047 875 3333 944 καταφανῆ
3390 874 3626 945 ποιήσας
3652 872 3721 925 τά
3743 888 3803 924 τε

2221 971 2325 1023 ὑπὸ
2345 974 2443 1041 τῆς
2472 970 2739 1042 Σαρδικῆς
2767 968 2979 1022 συνόδου
3007 968 3334 1039 πραχθέντα,
3364 968 3459 1021 καὶ
3481 966 3559 1030 ὼς
3588 968 3617 1019 ό
3653 964 3810 1035 βασι-

2219 1062 2345 1124 λεὺς
2371 1061 2746 1123 Κωνστάντιος
2778 1063 2842 1131 τῇ
2876 1060 3098 1113 ἐκείνων
3132 1058 3308 1128 κρίσει
3334 1057 3553 1125 ἐγένετο
3581 1053 3807 1125 σύμψη-

2221 1170 2339 1222 φος,
2360 1149 2765 1223 παρασκευάζει
2798 1150 3010 1203 σύνοδον
3063 1150 3172 1201 τῶν
3210 1151 3340 1201 ἐκεῖΔ
3362 1148 3440 1220 (a)
3488 1146 3808 1199 ἐπισκόπων

2221 1244 2491 1313 γενέσθαι.
2554 1243 2615 1297 '0
2655 1242 2761 1315 γὰρ
2800 1242 2952 1310 ἆγιος
2992 1240 3260 1309 Μάξιμος,
3300 1239 3464 1311 μηδὲν
3507 1236 3808 1308 μελλήσας,

2226 1337 2602 1407 μετεπέμπετο
2641 1336 2848 1397 πάντας
2873 1334 2998 1396 τοὺς
3019 1332 3116 1401 τῆς
3137 1331 3429 1401 Ἀνατολῆς
3445 1328 3809 1390 ἐπισκόπους,

2224 1428 2317 1482 καὶ
2365 1426 2591 1489 καθίσας
2623 1426 2695 1497 (b)
2735 1424 3028 1496 συνέδριον,
3065 1423 3353 1476 ἀποδίδωσι
3398 1420 3495 1474 καὶ
3527 1419 3694 1482 αὐτὸς
3730 1418 3813 1488 τῷ

2225 1519 2363 1589 ἁγίῳ
2397 1517 2700 1588 Ἀθανασίῳ
2731 1516 2826 1587 τὴν
2848 1514 3129 1569 κοινωνίαν
3152 1515 3247 1567 καὶ
3269 1513 3369 1585 τὴν
3391 1512 3570 1577 ἀξίαν.
3601 1511 3808 1585 Ἵζγρα-

2225 1612 2291 1680 φέ
2322 1628 2381 1663 τε
2404 1609 2501 1663 καὶΔ
2524 1610 2660 1677 αὐτὴ
2690 1611 2723 1679 ή
2755 1606 2970 1669 σύνοδος
2995 1608 3106 1668 τοῖς
3127 1622 3184 1658 τε
3213 1606 3269 1657 ἐν
3306 1602 3687 1673 Ἀλεξανδρείᾳ
3715 1603 3813 1653 καὶ

2226 1704 2357 1755 πᾶσι
2389 1704 2500 1764 τοῖς
2527 1701 2583 1752 ἐν
2615 1698 2875 1769 Αἰγύπτῳ
2908 1696 3003 1750 καὶ
3036 1695 3210 1768 Λιϐύῃ
3235 1695 3553 1754 ἐπισκόποις
3587 1710 3680 1755 τε,
3715 1694 3814 1745 καὶ

2227 1794 2524 1864 κληρικοῖς,
2560 1792 2652 1843 καὶ
2678 1791 2828 1853 λαοῖς
2858 1788 2925 1842 τὰ
2950 1787 3266 1858 ἐγνωσμένα
3298 1787 3425 1857 περὶ
3456 1785 3527 1856 (c)
3575 1785 3814 1838 Ἀθανα-

2204 1886 2362 1939 σίου.
2402 1884 2715 1946 Ἀθανάσιος
2742 1883 2798 1936 δὲ
2826 1883 2867 1934 ό
2892 1880 3063 1951 μέγας
3102 1881 3159 1933 ἐν
3183 1881 3440 1948 τοσούτῳ,
3480 1874 3815 1932 καταλαϐὼν

2225 1978 2324 2047 τὴν
2365 1975 2791 2044 Ἀλεξάνδρειαν,
2823 1972 3071 2036 συνόδους
3090 1972 3195 2024 τῶν
3217 1973 3273 2024 ἐν
3301 1970 3564 2040 Αἰγύπτῳ
3596 1967 3819 2021 ἐπισκό-

2228 2087 2342 2122 πων
2358 2067 2743 2139 συνήθροισεν,
2761 2066 2816 2118 αἶ
2837 2065 3094 2135 ὁμόφωνα
3120 2063 3197 2134 (d)
3224 2062 3563 2132 ἐψηφίσαντο
3593 2061 3707 2123 τοῖς
3728 2060 3821 2112 τό-

2226 2178 2285 2212 τε
2310 2162 2367 2212 ἐν
2400 2159 2638 2229 Σαρδικῇ
2674 2154 2993 2209 συνελθοῦσι
3018 2155 3117 2208 καὶ·
3134 2158 3199 2225 τῇ
3238 2152 3391 2225 παρὰ
3418 2152 3498 2223 τῷ
3521 2152 3670 2222 ἁγίῳ
3694 2152 3821 2205 Μα-

2230 2252 2369 2322 ξίμῳ
2400 2254 2455 2304 ἐν
2488 2254 2598 2313 τοῖς
2639 2248 3027 2319 Ἱεροσολύμοις
3069 2248 3338 2321 γενομένῃ
3380 2246 3608 2315 συνόδῳ.
3655 2243 3822 2297 Ἀλλὰ

2228 2344 2567 2412 Μαγνεντίου
2597 2346 2661 2414 τῇ
2709 2342 2954 2413 βασιλείᾳ
2979 2342 3321 2411 ἐπιθεμένου,
3379 2340 3473 2393 καὶ
3531 2336 3824 2400 άνεῗόντος

2230 2431 2584 2496 Κώνσταντα,
2616 2431 2776 2484 πάλιν
2802 2431 2851 2483 οἱ
2887 2430 3095 2501 Ἀρείου
3130 2430 3380 2500 φοιτηταὶ
3411 2429 3553 2500 πρὸς
3588 2426 3823 2479 Ἀθανά-

2236 2540 2346 2575 σιον
2378 2522 2704 2587 ἐξαπατοῦσι
2732 2520 2801 2592 (ε)
2830 2522 2920 2574 τὸν
2968 2521 3361 2574 Κωνστάντιον.
3421 2520 3595 2573 Πάλιν
3638 2518 3828 2571 διατά-

2231 2634 2414 2686 γματα
2440 2633 2451 2645 ·
2489 2614 2649 2669 πάλιν
2680 2614 2926 2667 ἀπειλαί·
2968 2611 3130 2666 πάλιν
3178 2611 3321 2683 φυγὴ
3360 2610 3608 2673 ἔντονος·
3660 2610 3826 2663 πάλιν

2232 2707 2563 2777 ἁναζήτησις
2597 2706 2683 2759 διὰ
2714 2705 2893 2774 πάσης
2927 2703 3025 2773 γῆς
3064 2702 3157 2755 καῖ
3195 2702 3485 2772 θαλάττης.
3519 2700 3637 2754 Καὶ
3665 2699 3824 2752 ἐκλε-

2232 2796 2476 2857 λοιπότος
2512 2795 2611 2865 τὴν
2666 2792 2991 2864 Ἐκκλησίαν
3023 2788 3117 2843 τοῦ
3149 2790 3420 2862 μακαρίου
3471 2789 3824 2852 Ἀθανασίου,

2233 2886 2498 2957 Γεώργιον
2514 2884 2855 2956 ἐκπέμπουσι
2877 2884 2974 2953 τῆς
2993 2881 3258 2954 φρατρίας
3274 2880 3507 2952 Ἀρείου,
3528 2879 3715 2943 καθὼς
3732 2881 3829 2932 καὶ

2233 2974 2541 3049 ἔμπροσθέν
2581 2995 2703 3031 τινα
2740 2976 3057 3048 Γρηγόριον.
3104 2975 3354 3036 ’Λκάκιος
3395 2974 3451 3025 δέ
3485 2974 3581 3026 καὶ
3617 2974 3831 3043 Πατρὸ-

2234 3067 2406 3135 φιλος,
2432 3066 2683 3136 φοιτηταί
2705 3066 2856 3128 ὄντες
2899 3063 3126 3135 Ἀρείου,
3154 3064 3244 3116 τὸν
3271 3064 3425 3131 ἅγιον
3448 3063 3707 3133 Μάξιμον
3734 3065 3832 3116 τὸν

558 3155 902 3222 perpetrarit,
927 3168 993 3209 ex
1025 3157 1139 3227 ipsa
1174 3158 1317 3213 beati
1347 3160 1627 3215 Athanasii
1657 3175 1788 3217 voce
1822 3163 1912 3231 qui
1946 3162 2130 3218 isthaec

2246 3160 2630 3231 Ἰεροσολύμων
2676 3160 2741 3229 (Γ)
2785 3159 3178 3230 ἐξωθήσαντες,
3225 3159 3492 3230 Κύριλλον
3570 3160 3832 3212 ἀντικατ-

558 3255 751 3309 passus
776 3254 879 3309 est,
913 3246 1118 3316 quique
1140 3263 1375 3317 prtesens
1405 3258 1514 3303 tum
1546 3261 1683 3313 erat,
1721 3253 1868 3311 audi.
1900 3253 2031 3307 Nam
2074 3252 2125 3307 in

2236 3252 2495 3323 ἐστησαν.
2532 3247 2633 3305 Οἷα
2678 3253 2735 3305 δέ
2789 3253 2846 3305 ἐν
2886 3254 2952 3323 τῇ
2990 3252 3377 3337 Ἀλεξανδρέων
3409 3250 3689 3322 Γεώργιος
3722 3252 3835 3304 ὑπὸ

561 3331 900 3477 ⁴ὶμοιοςειίιξο
932 3336 996 3391 de
1042 3338 1170 3408 fuga
1216 3353 1335 3403 sua,
1372 3339 1486 3394 haec
1536 3340 1601 3393 ad
1650 3343 1870 3397 verbum
1908 3343 1972 3397 de
1995 3341 2131 3397 actis

561 3423 575 3475 i
620 3422 758 3477 idem
789 3426 899 3477 ait:

561 3422 758 3478 ibidem
789 3426 863 3479 ait
886 3445 899 3480 :

2234 3345 2325 3397 τὸν
2353 3343 2515 3398 αὐτὸν
2553 3344 2742 3416 χρόνον
2784 3343 3087 3415 εἰργάζετο,
3122 3345 3229 3413 ,τῆς
3285 3344 3473 3414 φωνῆς
3527 3343 3698 3397 αὐτοῦ
3732 3342 3834 3396 τοῦ

2244 3434 2514 3505 μακαρίου
2559 3434 2899 3499 ’Λθανασίου,
2931 3435 3023 3488 τοῦ
3065 3436 3390 3498 πεπονθότος
3423 3436 3518 3489 καὶ
3559 3436 3837 3507 παρόντος

559 3514 671 3575 τοῖς
728 3517 1037 3587 γενομένοις
1068 3560 1083 3584 ,
1139 3520 1463 3575 ἐπάκουσον.
1532 3523 1618 3575 Ἐν
1679 3522 1789 3594 γὰρ
1844 3523 1921 3594 τῷ
1951 3525 2395 3595 Ἀπολογητικῷ
2458 3525 2620 3578 αὐτοῦ
2656 3526 2745 3596 τῷ
2790 3527 2920 3597 περὶ
2970 3527 3069 3598 τῆς
3133 3525 3339 3580 ἑαυτοῦ
3408 3526 3589 3596 φυγῆς
3664 3524 3836 3593 λόγῳ,

559 3607 687 3662 τάδε
753 3613 896 3666 κατὰ
940 3614 1084 3681 λέξιν
1135 3619 1263 3689 περὶ
1315 3617 1423 3670 τῶν
1470 3620 1587 3671 ἐκεῖ
1626 3618 2004 3690 γεγενημένων
2042 3620 2229 3690 φησίν.

820 3704 903 3757 12.
944 3702 1249 3774 Exemplum
1276 3708 1508 3775 epistola:
1550 3709 1847 3762 Athanasii.

633 3792 793 3857 Nam,
826 3793 1023 3860 inquit,
1058 3794 1442 3850 Alexandriam
1471 3813 1659 3853 rursus
1698 3798 1979 3864 invadunt,
2010 3813 2138 3853 nos-

562 3901 670 3961 que
696 3886 762 3938 ad
788 3899 974 3940 necem
1002 3886 1181 3940 denuo
1204 3890 1547 3958 perquirunt,
1574 3890 1823 3960 factaque
1844 3900 1967 3945 sunt
1995 3906 2135 3960 prm-

565 3976 742 4031 sentia
782 3975 968 4045 pejora
1018 3977 1311 4048 prioribus.
1364 3981 1563 4037 Milites
1609 3984 1807 4052 quippe
1851 3983 2139 4052 derepente

565 4066 855 4122 ecclesiam
875 4068 1137 4124 obsedere
1165 4086 1178 4122 :
1213 4072 1546 4143 bellicusque
1576 4075 1836 4129 tumultus
1858 4073 1976 4128 vice
2010 4089 2135 4142 pre-

564 4172 692 4212 cum
724 4167 950 4213 exortus
975 4167 1078 4214 est.
1122 4160 1258 4215 llinc
1290 4161 1341 4215 in
1370 4172 1557 4217 sancta
1588 4163 2015 4232 Quadragesima
2058 4162 2138 4216 in-

568 4263 810 4318 gressus,
843 4250 933 4319 qui
971 4266 999 4303 a
1036 4250 1347 4309 Macedonio
1383 4264 1436 4308 et
1462 4254 1680 4309 Arianis
1706 4256 1901 4309 missus
1940 4252 2138 4319 fuerat,

565 4339 856 4411 Georgius,
887 4341 1025 4397 mala
1054 4357 1174 4411 quae
1203 4343 1272 4397 ab
1304 4343 1409 4398 illis
1440 4344 1662 4398 edoctus
1691 4345 1869 4397 fuerat
1898 4344 2137 4398 adauxit.

567 4431 780 4487 Etenim
835 4443 957 4501 post
994 4435 1385 4491 hebdomadam
1458 4435 1737 4490 Paschalis
1789 4437 1974 4491 videre
2024 4445 2141 4490 erat

566 4525 811 4595 virgines
840 4527 891 4579 in
918 4540 1194 4582 carcerem
1230 4529 1447 4599 conjici,
1494 4529 1777 4598 episcopos
1809 4543 1837 4581 a
1882 4528 2141 4583 militibus

564 4616 776 4674 vinctos
814 4620 1040 4685 abduci,
1089 4621 1455 4690 orphanorum
1517 4620 1910 4689 viduarumque
1953 4623 2141 4675 domos

565 4709 749 4779 diripi,
775 4710 1102 4780 irruptiones
1139 4714 1190 4765 in
1233 4714 1423 4767 domos
1454 4713 1592 4775 ﬁeri,
1622 4722 1779 4765 noctu
1804 4711 2143 4765 Christianos

566 4800 763 4868 dejici,
825 4803 1013 4858 domos
1060 4803 1366 4874 obsignari,
1417 4805 1612 4859 fratres
1672 4804 1992 4859 clericorum
2047 4819 2143 4873 pro

569 4892 828 4950 fratribus
903 4896 1218 4963 periclitari.
1279 4899 1402 4953 Haec
1459 4899 1679 4967 quidem
1749 4898 1989 4962 atrocia,
2051 4897 2143 4950 sed

2455 3709 2538 3762 l2.
2574 3713 2738 3765 Ἴσον
2765 3712 3098 3779 ἐπιστολῆς
3132 3711 3492 3767 Ἀθανασιόυ
3527 3710 3627 3781 (£7)-

2309 3802 2427 3853 Kai.‘
2450 3800 2558 3873 γὰρ
2593 3803 2673 3864 είς
2706 3801 2803 3871 τὴν
2849 3800 3255 3873 Ἀλεξάνδρειαν
3292 3801 3456 3854 πάλιν
3504 3800 3839 3872 ἐπεφύησαν

2239 3890 2526 3961 ζητοῦντες
2555 3891 2717 3944 πάλιν
2738 3893 2884 3962 ἡμᾶς
2909 3893 3242 3956 ἀποκτεῖναι,
3266 3892 3360 3944 καὶ
3384 3891 3580 3960 γέγονε
3610 3892 3840 3963 χείρονα

2238 3982 2308 4036 τὰ
2340 3983 2435 4036 νῦν
2468 3982 2576 4035 τῶν
2611 3982 2910 4054 προτέρων.
2942 3982 3280 4054 Στρατιῶται
3304 3983 3412 4053 γὰρ
3442 3983 3705 4053 ἐξαίφνης
3735 3984 3841 4057 τὴν

2241 4074 2535 4144 ἐκκλησίαν
2565 4074 2904 4137 ἐκύκλωσαν,
2945 4074 3039 4127 καὶ
3066 4074 3135 4126 τὰ
3164 4074 3412 4143 πολέμων
3441 4074 3518 4143 (Ιι)
3560 4075 3688 4129 ἀντὶ
3723 4076 3841 4128 τῶν

2241 4166 2414 4235 εὐχῶν
2456 4164 2687 4233 ἐγίνετο.
2732 4160 2864 4216 Εἶτα
2903 4163 3158 4216 εἰσελθὼν
3202 4167 3269 4235 τῇ
3326 4165 3763 4236 Τεσσαρακοστῇ
3813 4168 3842 4218 ὁ

2241 4256 2391 4327 παρὰ
2416 4255 2747 4309 Μακεδονίου
2766 4257 2859 4308 καὶ
2889 4254 2996 4306 τῶν
3027 4255 3080 4306 Ἀ
3094 4253 3469 4324 ρειανιζόντων
3500 4253 3843 4318 ἀποσταλεὶς

2243 4349 2306 4399 ἐκ
2360 4345 2757 4408 Καππαδοκίας
2798 4342 3072 4414 Γεὼργιος
3131 4341 3363 4413 ηὔξησεν
3404 4341 3440 4395 ἃ
3484 4344 3618 4412 παρ’
3652 4342 3841 4396 αὐτῶν

2246 4434 2533 4506 μεμάθηκε
2576 4435 2739 4489 κακά.
2788 4428 2943 4489 Μετὰ
2975 4433 3084 4503 γὰρ
3128 4432 3196 4486 τὰ
3241 4432 3447 4502 ’ἑϐδομα
3495 4431 3593 4485 τοῦ
3641 4432 3843 4503 Πάσχα

2245 4528 2502 4599 παρθένοι
2522 4529 2600 4590 είς
2622 4527 2974 4599 δεσμωτήρια
3000 4524 3304 4589 ἐϐάλλοντο,
3322 4523 3615 4577 ἐπίσκοποι
3641 4526 3845 4595 ἤγοντο

2244 4621 2347 4672 ὑπὸ
2397 4617 2748 4689 στρατιωτῶν
2813 4616 3125 4687 δεδεμένοι,
3182 4616 3436 4686 ὀρφανῶν
3491 4617 3589 4669 καὶ
3650 4616 3845 4686 χηρῶν

2243 4707 2553 4780 ἡρπάζοντο
2583 4710 2771 4772 οἰκίαι,
2802 4709 2896 4761 καὶ
2924 4708 3195 4778 ἁρπαγαὶ,
3214 4707 3307 4759 καὶ
3332 4705 3511 4775 ἔφοδοι
3554 4706 3702 4759 κατὰ
3725 4706 3843 4759 τῶν

2244 4804 2429 4857 οἰκιῶν
2462 4804 2734 4872 ἐγίνοντο,
2784 4802 2879 4855 καὶ
2911 4800 3109 4863 νυκτὸς
3142 4802 3191 4852 οἱ
3229 4799 3553 4870 Χριστιανοὶ
3600 4799 3845 4873 κατεφέ-

2247 4913 2420 4966 ροντο,
2457 4893 2972 4964 ἐπεσφραγίσθησαν
3016 4893 3219 4956 οἰκίαι,
3267 4892 3359 4944 καὶ
3394 4890 3618 4958 ἀδελφοὶ
3649 4891 3848 4961 κλήρι-

570 4989 846 5043 atrociora
888 4989 1082 5045 deinde
1122 5002 1413 5047 consecuta
1461 5002 1587 5047 sunt
1627 4992 1887 5046 facinora.
1936 4991 2130 5045 Etenin

2252 4986 2363 5043 κῶν
2399 4986 2537 5056 ὑπὲρ
2571 4984 2681 5037 τῶν
2706 4982 2952 5051 ἀδελφῶν
2980 4980 3337 5036 ἐκινδύνευον.
3391 4980 3503 5031 Καὶ
3544 4979 3698 5033 δεινὰ
3742 4982 3845 5049 μέν

574 5078 916 5135 hebdomade
936 5092 1055 5151 post
1078 5096 1319 5138 sanetam
1346 5085 1724 5144 Pentecosten,
1748 5097 1868 5135 cum
1895 5080 2140 5151 populus,

573 5169 789 5239 expleto
807 5170 1031 5239 jejunio,
1052 5176 1116 5227 ad
1140 5176 1513 5229 cmmeterium
1536 5174 1708 5228 sancti
1736 5173 1877 5227 Petri
1910 5171 2143 5242 episcopi

571 5269 628 5315 et
678 5264 968 5333 martyris,
1017 5267 1205 5320 orandi
1262 5282 1423 5321 causa
1481 5280 1729 5335 egressus
1786 5274 1963 5326 esset,
2004 5263 2147 5334 quod

572 5367 758 5411 omnes
807 5372 835 5408 a
897 5354 1117 5425 Georgii
1195 5357 1578 5413 communione
1640 5356 2028 5419 abhorrerent;
2090 5369 2147 5408 re

646 5508 723 5575 (a)
756 5508 903 5561 Ἐκεῖ
928 5509 1080 5563 deest
1108 5511 1160 5563 in
1194 5510 1364 5563 Palat.
1400 5508 1519 5561 Mox
1554 5510 1708 5565 idem.
1756 5508 1813 5559 Ὁ
1843 5508 1897 5558 δὲ
1924 5506 2098 5572 ἅγιος.

646 5577 949 5649 (ὑλ-ιἰιιιιι.Δ
980 5578 1229 5649 καθίσας.
1280 5579 1456 5640 Editi,
1496 5579 1755 5649 καθήσας.
1809 5576 1931 5628 Mox
1985 5575 2149 5628 Palat.

576 5647 870 5721 ἀπορίδέυσι
901 5646 998 5718 τὴν
1028 5647 1202 5721 ᾲξίαν,
1240 5650 1452 5721 Γράφει
1471 5667 1550 5701 τε.

650 5714 721 5788 (ὁ)
754 5714 926 5788 ξιιίςιι.
956 5714 1050 5773 καὶ
1072 5714 1376 5782 λαῖκοῖξτά
1399 5717 1753 5788 ἐψηφισμένα
1776 5717 1920 5787 περί.

652 5784 730 5855 id)
767 5785 936 5842 Palat.
963 5789 1055 5843 καὶ
1083 5788 1376 5863 ὁμόφρονα.
1406 5784 1567 5842 l’anto
1599 5784 1715 5855 post
1746 5784 1905 5854 idem,
1925 5785 1997 5855 τῷ
2027 5784 2153 5854 ὁσίῳ

2251 5077 2446 5142 ταῦτα,
2474 5078 2750 5148 δεινότερα
2793 5075 2849 5127 δέ
2881 5074 2948 5127 τὰ
2984 5073 3119 5144 μετὰ
3157 5071 3328 5125 ταῦτα
3360 5071 3716 5142 τολμήματα.
3759 5072 3844 5143 Ἰῖῇ

2253 5168 2361 5239 γὰρ
2396 5165 2649 5236 ἐϐδομάδι
2692 5165 2828 5235 μετὰ
2868 5165 2968 5232 τὴν
3000 5161 3168 5231 ἁγίαν
3198 5161 3582 5232 Πεντήκοστὴν
3610 5162 3639 5212 ὁ
3680 5161 3811 5225 λαὸς
3831 5204 3844 5225 ,

2255 5258 2576 5328 νηστεύσας,
2604 5255 2793 5326 ἐξῆλθε
2820 5256 2947 5325 περὶ
2972 5254 3031 5306 τὸ
3056 5252 3414 5323 κοιμητήριον
3440 5249 3709 5316 εὔξασθαι
3745 5251 3847 5303 τοῦ

2258 5351 2414 5419 ἁγίου
2442 5349 2653 5419 Πέτρου
2696 5348 2791 5401 τοῦ
2840 5345 3140 5400 ἐπισκόπου
3171 5345 3263 5398 καὶ
3321 5344 3622 5415 μάρτυρος,
3668 5342 3756 5396 διὰ
3786 5345 3848 5397 τὸ

2260 5506 2312 5557 Μ
2319 5506 2403 5557 αξ.

2434 5574 2605 5628 Palat.
2642 5572 2955 5635 ἐξάπτουσι.

2335 5639 2398 5713 (Γ)
2439 5644 2607 5697 Palat.
2646 5644 2710 5695 ἐκ
2738 5642 2845 5694 τῶν
2885 5640 3133 5713 Ἰεροίσολ.
3164 5640 3434 5706 ΕιΙίιί,τὸν
3471 5639 3733 5712 Ίεροσολ.

2332 5716 2406 5782 (9)
2438 5714 2533 5767 llic
2559 5713 2744 5766 titulus
2780 5713 2929 5782 abest
2957 5728 2983 5762 a
3009 5712 3173 5782 Palat.

2336 5780 2409 5855 (li)
2447 5783 2612 5837 Palat.
2656 5782 2720 5835 τὰ
2756 5781 2858 5834 τῶν
2890 5780 3176 5851 πολεμίων.
