3990 6526
1099 380 1256 435 VITA
1299 381 1358 438 S.
1399 380 1782 436 ATHANASII
1819 380 1910 435 EX
1952 381 2494 438 METAPIIRASTE.

3206 402 3438 442 CCXXIIX

180 490 339 554 πάντας
366 490 815 565 ἀποτρέπεσθαι
845 497 941 568 τὴν
976 497 1110 568 πρὸς
1140 496 1413 570 Γεώργιον
1448 498 1750 551 κοινωνίαν.

1862 510 2133 568 comperta
2173 498 2629 556 sceleratissimus
2672 502 2758 555 ille
2802 500 3181 558 Sebastianum
3221 506 3432 569 ducem,

189 584 307 637 Ἁλλά
340 584 508 637 τοῦτο
548 588 758 657 μαθὼν
788 591 817 643 ὁ
851 590 1204 660 παμπόνηρος
1249 584 1423 654 οὗτος,
1468 589 1746 661 παρώξυνε

182 677 245 729 τὸν
288 675 684 749 στρατηλάτην
748 679 1131 745 Σεϐαστιανδν,
1167 681 1468 750 Μανιχαῖον
1506 680 1656 742 ὅντα,
1691 678 1749 741 ὂς

189 766 287 837 μετὰ
311 767 556 838 πλήθους
586 771 950 841 στρατιωτῶν
975 772 1115 825 ὅπλα
1143 772 1238 824 καὶ
1261 771 1388 842 ξίφη
1420 772 1624 842 γυμνά,
1656 770 1749 823 καὶ

187 858 293 924 τόξα,
324 859 415 911 καὶ
449 858 591 930 βέλη
630 861 945 932 φερόντων,
983 860 1239 933 ὥρμησεν
1266 862 1323 913 ἐν
1356 863 1493 932 αὐτῇ
1525 863 1592 931 τῇ
1634 861 1747 912 Κυ-

191 951 308 1021 ριακῇ
329 949 470 1002 κατά
501 951 605 1003 τὸν
642 951 799 1007 λαόν.
828 953 939 1005 Kal.
967 952 1178 1021 ὀλίγους
1218 951 1388 1023 εὑρὼν
1426 952 1748 1022 εὐχομένους

191 1044 240 1107 (οἱ
263 1041 356 1112 γὰρ
384 1040 645 1096 πλεῖστοι
681 1044 850 1097 πάλιν
879 1043 966 1098 διά
991 1034 1091 1115 τὴν
1111 1044 1261 1116 ὥραν
1290 1046 1748 1116 ἀναχωρήσαντες

192 1128 341 1203 ἧσαν)·
372 1133 609 1186 τοιαῦτα
639 1134 758 1206 γὰρ
783 1136 1102 1207 εἰργάσατο,
1136 1132 1223 1190 οἷα
1252 1136 1459 1209 ἔπρεπε
1501 1137 1631 1207 παρ’
1662 1138 1750 1189 αὐο

194 1222 260 1275 τοῦ
288 1222 629 1288 ἀκούσαντας
661 1224 897 1297 πρᾶξαι.
930 1226 1210 1298 Πυρκαῖάν
1243 1227 1351 1297 γάρ
1391 1226 1623 1295 ἀνάψας,
1656 1227 1749 1279 καὶ

196 1316 353 1386 στήσας
391 1315 715 1387 παρθένους
772 1317 925 1389 παρά
967 1318 1028 1371 τὸ
1069 1318 1210 1388 πῦρ,
1256 1318 1533 1388 ἠνάγκαζε
1569 1318 1748 1385 λέγειν

193 1405 350 1469 ἑαυτὰς
384 1405 483 1476 τῆς
543 1406 770 1477 Ἀρείου
807 1408 1040 1472 πίστεως
1086 1404 1242 1461 εἶναι.
1292 1409 1378 1473 Ὠς
1417 1409 1473 1461 δὲ
1512 1408 1747 1472 νικώσας

195 1496 325 1559 αὐτὰς
354 1494 575 1559 ἐϐλεπε,
608 1496 713 1550 καὶ
768 1496 843 1567 μὴ
881 1495 1271 1568 φροντιζούσας
1301 1495 1395 1548 τοῦ
1430 1495 1621 1565 πυρὸς,
1654 1511 1749 1561 γυ-

195 1586 372 1656 μνώσας
391 1586 586 1650 αὐτὰς,
633 1586 785 1639 οὕτω
827 1587 1094 1657 κατέκοψε
1119 1589 1211 1642 καὶ
1244 1588 1508 1659 πρόσωπα
1545 1587 1745 1648 αὐτῶν,

192 1678 247 1741 ὡς
272 1678 399 1748 μετὰ
427 1677 624 1748 χρόνον
657 1676 818 1748 μόλις
850 1678 1021 1743 αὺτάς
1044 1678 1467 1748 ἐπιγνωσθῆναι.
1512 1678 1749 1747 ’Ἀνδρας

191 1784 235 1819 τε
268 1767 532 1837 κρατήσας
555 1764 991 1836 τεσσαράκοντα,
1042 1765 1341 1836 καινοτέρῳ
1381 1764 1568 1835 τρόπῳ
1620 1780 1750 1819 κατ-

1859 588 2210 643 Μοιιίειιιιξυηι
2260 588 2554 652 hominem,
2605 590 2842 644 concitat
2894 607 2908 643 :
2964 592 3055 660 qni
3100 608 3221 648 cum
3258 604 3433 647 turma

1856 680 2107 747 militum,
2132 697 2306 745 arma,
2336 682 2555 735 strictos
2584 680 2785 749 gladios
2805 721 2820 745 ,
2853 697 3010 737 arcus
3042 691 3097 737 et
3125 684 3225 737 tela
3261 685 3436 740 feren-

1859 774 2013 837 tium,
2047 775 2097 827 in
2131 774 2245 840 ipsa
2292 773 2567 829 Dominica
2598 773 2855 842 impetum
2903 773 3028 827 fecit
3065 774 3116 828 in
3157 776 3432 845 populum.

1857 864 2065 917 Etcum
2102 880 2302 933 paucos
2333 864 2626 917 invenisset
2654 876 2875 918 orantes
2916 864 3153 933 (plurimi
3206 881 3433 934 namque

1856 957 2176 1010 adveniente
2220 956 2351 1009 hora
2390 956 2773 1020 recesserant),
2809 970 2869 1006 ea
2904 955 3119 1010 admisit
3166 955 3431 1019 facinora,

1854 1061 1974 1115 qua?
2004 1044 2229 1099 decebat
2260 1045 2439 1098 facere
2465 1043 2610 1097 viros
2664 1044 2731 1097 ab
2771 1043 2859 1096 illo
2899 1044 3139 1097 edoctos.
3182 1043 3312 1098 Nam
3343 1060 3433 1100 ac-

1856 1151 2017 1190 censo
2066 1149 2195 1205 rogo
2218 1175 2232 1197 .
2262 1135 2496 1203 virgines
2531 1136 2636 1204 igni
2671 1135 2916 1188 admotas
2962 1134 3214 1203 adigebat
3252 1134 3432 1191 dicere

1855 1242 1914 1281 se
1946 1227 2164 1279 Arianae
2212 1240 2331 1280 esse
2384 1225 2505 1279 fidei
2539 1241 2551 1276 :
2586 1235 2645 1277 ut
2672 1236 2849 1278 autem
2894 1240 2985 1278 eas
3016 1225 3122 1277 vim
3150 1239 3431 1295 superare,

1856 1318 2144 1388 ignemque
2186 1317 2322 1370 nihil
2366 1331 2557 1369 curare
2598 1315 3017 1378 animadvertit,
3055 1315 3286 1371 nudatas
3335 1315 3433 1371 ite-

1856 1423 1975 1462 rum
2002 1407 2074 1460 ita
2106 1407 2158 1460 in
2201 1406 2393 1460 faciem
2428 1404 2605 1470 caedit,
2638 1413 2692 1456 ut
2733 1414 2853 1471 post
2901 1404 3126 1457 multum
3178 1407 3434 1473 temporis

1856 1500 1943 1553 vix
1978 1515 2006 1551 a
2034 1498 2148 1553 suis
2181 1496 2423 1567 dignosci
2479 1504 2721 1563 possent.
2758 1496 2914 1549 Viros
2968 1508 3145 1550 autem
3194 1498 3431 1565 quadra-

1856 1589 2001 1659 ginta
2035 1589 2461 1656 comprehensos
2494 1586 2844 1640 insolentiore
2878 1587 3035 1640 modo
3079 1587 3385 1643 verberavit
3414 1607 3428 1642 :

1857 1698 1978 1735 nam
2012 1681 2180 1751 virgis
2209 1681 2507 1749 palmarum
2534 1694 2722 1734 recens
2765 1682 3086 1746 amputatis,
3113 1681 3306 1748 quibus
3341 1684 3435 1736 ad-

1860 1774 1965 1827 huc
1999 1771 2173 1826 aculei
2212 1771 2510 1835 haerebant,
2540 1770 2617 1823 sic
2644 1783 2829 1823 eorum
2866 1778 3013 1838 terga
3066 1769 3342 1835 laceravit,
3376 1782 3435 1824 ut

192 1857 344 1926 ἔκοψε
376 1856 605 1927 ῥάϐδους
646 1857 761 1929 γὰρ
794 1856 893 1919 τὰς
916 1856 1022 1911 ἀπὸ
1056 1856 1163 1908 τῶν
1210 1855 1467 1925 φοινίκων
1496 1854 1657 1917 εὐθὺς
1680 1854 1753 1923 (a)

1862 1862 2102 1916 nonnulli
2159 1862 2229 1916 ob
2282 1860 2483 1914 infixos
2524 1861 2740 1913 aculeos
2786 1858 2978 1913 medici
3023 1873 3186 1929 opera
3243 1861 3437 1931 saepius

190 1948 367 2018 τεμὼν,
394 1950 451 2001 ἐν
479 1950 708 2011 ἑαυταῖς
749 1949 978 2017 ἐχούσας
1024 1946 1105 1999 ἔτι
1155 1947 1280 2010 τοὺς
1331 1945 1602 2008 σκόλοπας
1628 1985 1642 2007 ,
1682 1944 1751 1997 τά

190 2038 307 2094 νῶτα
333 2038 533 2093 τούτων
566 2038 749 2102 οὕτως
775 2040 1063 2109 ἐξέδειρεν,
1095 2038 1167 2102 ὥς
1184 2056 1338 2101 τινας
1376 2039 1473 2109 μὲν
1497 2038 1751 2099 πολλάκις

190 2131 614 2202 χειρουργηθῆναι
639 2130 731 2184 διὰ
760 2132 888 2194 τοὺς
910 2131 1293 2198 ἀποπαγέντας
1324 2132 1380 2181 ἐν
1407 2131 1589 2192 αὐτοῖς
1624 2129 1750 2181 σχό-

190 2222 358 2283 ὶοπαςο
384 2220 536 2282 τινὰς
560 2221 618 2274 δὲ
646 2222 745 2273 καὶ
777 2220 853 2291 μὴ
893 2220 1154 2293 φέροντας
1187 2220 1502 2274 ἀποθανεῖν.
1536 2220 1751 2282 Πάντας

190 2310 270 2379 μὲν
291 2306 375 2363 οὖν
404 2311 531 2373 τοὺς
564 2310 1025 2381 περιλειφθέντας
1058 2309 1293 2381 ἁθρόως,
1332 2310 1425 2363 καὶ
1475 2310 1572 2371 τὰς
1610 2326 1750 2380 παρ-

193 2400 352 2464 θένους
385 2400 648 2473 ἐξώρισεν
687 2403 773 2463 εἰς
803 2401 902 2471 τὴν
935 2401 1175 2471 μεγάλην
1210 2402 1365 2455 δασιν
1386 2418 1399 2430 ·
1436 2401 1505 2453 τὰ
1547 2402 1604 2453 δὲ
1649 2401 1751 2453 σώ-

192 2510 310 2561 ματα
332 2492 438 2545 τῶν
454 2492 803 2563 τεθνηκότων
825 2492 943 2545 οὐδὲ
968 2495 1079 2556 τοῖς
1110 2493 1259 2557 ἰδίοις
1293 2492 1435 2546 κατά
1461 2493 1558 2564 τὴν
1578 2493 1751 2565 ἀρχὴν

188 2584 484 2655 ἀποδοθῆναι
512 2584 822 2653 πεποίηκεν
842 2600 855 2612 ο
889 2583 1005 2636 ἀλλ’
1038 2583 1307 2655 ἔκρυψαν,
1340 2585 1415 2647 ὡς
1454 2584 1747 2655 ἠθέλησαν,

187 2677 360 2747 ἄταφα,
394 2678 534 2748 ὑπὲρ
589 2676 686 2730 τοῦ
741 2677 919 2729 δοκεῖν
953 2678 1149 2740 αὐτοὺς
1186 2676 1471 2730 λανθάνειν
1513 2676 1611 2745 τὴν
1636 2692 1751 2728 τοσ-

186 2767 332 2840 αὐτην
375 2768 447 2839 (b)
500 2769 791 2838 ὡμότητα.
828 2768 1131 2839 Πράττουσι
1168 2769 1225 2822 δὲ
1251 2770 1655 2841 πεπλανημένοι
1684 2773 1748 2840 τῇ

185 2860 385 2933 διανοίᾳ,
413 2861 793 2931 παράφρονες.
831 2859 951 2913 Τῶν
978 2860 1087 2931 γὰρ
1118 2861 1333 2914 οἰκείων
1357 2862 1464 2914 τῶν
1506 2861 1750 2913 τετελευ-

186 2952 400 3021 τηκότων
432 2950 740 3022 χαιρόντων
785 2949 885 3019 μὲν
907 2948 994 3001 διά
1018 2950 1114 3019 τὴν
1145 2951 1458 3021 ὁμολογίαν,
1490 2950 1751 3021 θρηνούν-

184 3061 275 3095 των
301 3042 451 3096 easta
478 3042 548 3094 τὰ
584 3040 851 3111 σώματα,
872 3039 1054 3113 μεῖζον
1080 3042 1260 3112 ἐξήχει
1288 3042 1357 3095 τὰ
1386 3041 1699 3094 κατάὐτῶν
1722 3044 1750 3095 ό

184 3134 267 3203 τῆς
283 3134 524 3196 ἀσεϐείας
540 3136 636 3188 καί¹
651 3134 941 3205 ὠμότητος
953 3134 1185 3205 ἔλεγχος.
1208 3135 1318 3187 Kal.
1339 3134 1447 3204 γὰρ
1469 3133 1627 3197 εὐθὺς
1641 3133 1749 3187 ἀπὸ

183 3227 265 3296 τῆς
279 3227 545 3296 Αἰγύπτου
573 3228 672 3280 xal.
712 3226 823 3279 τῶν
848 3226 1064 3280 Λιϐυῶν
1090 3226 1354 3297 ἐξώρισαν
1387 3226 1485 3296 μὲν
1526 3227 1751 3278 ἐπισκό-

182 3337 298 3383 πους
331 3320 660 3392 Ἀμμώνιον,
699 3318 891 3387 Μοῦῖμ
929 3318 1021 3387 (ε),
1045 3319 1237 3383 Γάϊον,
1275 3318 1751 3388 Φίλωνα,Ἑρμῆν,

186 3411 421 3483 Πλήνιον,
449 3412 773 3481 Ψενόσιριν,
810 3410 1175 3480 Νι).άμμωνα,
1223 3410 1755 3479 Ἀγάθωνα,Ἀγαμ-

185 3522 287 3571 (rw,
314 3507 568 3576 Μάρκον,
616 3504 813 3575 ἕτερον
861 3502 1171 3573 Ἀμμώνιον
1206 3502 1298 3555 καὶ⁵
1343 3502 1589 3573 Μάρκον,
1623 3504 1755 3571 Δρα-

184 3598 388 3662 κόντιον,
430 3598 747 3667 Ἀδέλιριον,
785 3596 1167 3667 Ἀθηνόδωρον,
1204 3596 1298 3649 καὶ
1349 3594 1753 3664 πρεσϐυτέρους

190 3688 386 3761 Ίὲρακα
400 3690 492 3743 καλ⁸
511 3690 829 3761 Διόσκορον.
875 3689 983 3741 Kal.
999 3687 1139 3741 οὕτω
1168 3688 1380 3757 πικρῶς
1414 3687 1621 3755 ἤλασαν
1653 3685 1753 3737 αὐ-

185 3784 307 3846 τοὺς,
321 3783 392 3847 ῶς
414 3801 562 3847 τινας
580 3783 767 3837 αὐτῶν
798 3783 856 3835 ἐν
874 3784 994 3845 ταῖς
1010 3781 1166 3843 ὁδοῖς,
1184 3780 1333 3842 τινὰς
1354 3779 1408 3832 δὲ
1431 3781 1488 3831 ἐν
1514 3778 1663 3848 αὐτῷ
1677 3777 1754 3849 (ιι)

187 3872 254 3943 ’ᾧ
297 3876 568 3947 ὲξορισμῷ
629 3874 953 3929 ἀποθανεῖν.
1000 3872 1368 3942 Ἑφυγάδευσε
1419 3870 1476 3923 δὲ
1530 3867 1754 3922 ὲπισκό·

186 3981 302 4027 παυς
327 3966 536 4030 πλείους
563 3965 891 4037 τριάκοντα.
929 3961 1139 4032 Σπουδὴ
1176 3960 1283 4031 γὰρ
1314 3956 1382 4029 ἦν
1408 3959 1590 4021 αὐτοῖς
1614 3956 1755 4011 κατὰ

187 4055 262 4109 τὸν
292 4057 505 4128 ’Δχαάϐ,
537 4059 588 4110 εἰ
611 4053 870 4117 δυνατὸν,
902 4051 1091 4125 ἐξᾶραι
1122 4053 1222 4121 τὴν
1260 4051 1539 4117 ἀλήθειαν.

250 4147 323 4201 l3.
357 4148 591 4201 Τοιαῦτα
621 4146 728 4217 μὲν
758 4146 788 4196 ό
819 4145 971 4213 ἆγιος
1007 4144 1322 4206 Ἀθανάσιος
1354 4143 1482 4212 περί
1510 4142 1619 4193 τῶν
1652 4141 1757 4194 ὑπὸ

188 4237 425 4308 Γεωργίου
456 4238 602 4293 κατὰ
626 4237 732 4306 τὴν
772 4235 1179 4306 Ἀλεξάνδρειαν
1198 4234 1504 4305 γενομένων
1529 4232 1757 4297 οἰκείαις

186 4327 395 4401 διεξῆλθε
426 4334 666 4401 φωναῖς.
709 4330 772 4381 '0
805 4328 862 4380 δέ
902 4327 1298 4391 Κωνστάντιος,
1332 4326 1407 4388 ώς
1448 4325 1591 4395 ἐώρα
1628 4326 1755 4377 ἐαυ-

185 4419 261 4474 τὺν
296 4422 723 4495 κοσμοκράτορα
746 4459 760 4482 ,
805 4417 993 4489 ἀρθεὶς
1036 4418 1117 4480 εἰς
1147 4416 1470 4487 ὑπεροψίαν,
1507 4417 1601 4468 καὶ
1633 4415 1757 4477 τοὺς

185 4513 308 4583 ἐνιπῇ
330 4514 474 4566 δύσει
506 4510 858 4571 ἐπισκόπους
903 4508 1257 4578 ἐπεχείρησεν
1285 4508 1364 4570 εἰς
1401 4506 1495 4576 τὴν
1548 4504 1757 4576 Ἀρείου

188 4603 370 4675 αἵρεσιν
396 4606 580 4658 ἕλκειν
616 4600 713 4673 (ε),
748 4603 807 4653 ἐν
832 4599 1069 4669 πρώτοις
1093 4599 1193 4667 τὴν
1238 4596 1557 4651 Ἀθανασίου
1592 4593 1756 4647 κατά-

191 4707 345 4762 κρισιν
376 4694 621 4765 ἐρεῖσθαι
645 4688 985 4762 παρεγγυῶν
1021 4687 1258 4756 ὑποϐολῇ
1287 4686 1394 4738 τῶν
1424 4681 1758 4739 ἀνατολικῶν

191 4784 493 4841 ἐπισκόπων.
538 4788 657 4841 Kal.
696 4785 763 4853 δὴ
799 4784 927 4854 περὶ
970 4783 1161 4836 τούτου
1204 4782 1420 4835 σύνοδον
1461 4779 1761 4850 ἐπεκρότη-

194 4891 277 4940 σε,
309 4879 439 4935 κατὰ
478 4877 840 4940 Μεδιολάνον,
878 4874 1030 4928 πόλιν
1062 4876 1161 4945 τῆς
1207 4874 1456 4937 Ἰταλίας,
1504 4874 1597 4937 καὶ
1630 4872 1761 4925 πολ-

195 4962 300 5028 ἰοὺς
331 4968 545 5039 ἔτρεψεν
572 4970 657 5030 εἰς
677 4965 740 5018 τὸ
770 4966 971 5017 οἰκεῖον
1008 4964 1240 5035 θέλημα.
1277 4962 1550 5025 Διονύσιος
1584 4961 1639 5013 δέ
1669 4962 1764 5013 καὶ

198 5055 441 5124 Εὐσέϐιος,
473 5062 570 5115 καὶ
620 5058 896 5119 Ῥόδανος,
935 5056 1195 5119 [Ιαυλῖνός
1239 5073 1298 5108 τε
1334 5055 1427 5108 καὶ
1469 5053 1762 5124 Λουκίφερ,

199 5146 284 5200 ὑπὸ
319 5153 409 5221 τῆς
454 5148 824 5219 ἐπικειμένης
871 5146 1116 5216 ἀνάγκης
1167 5146 1264 5214 οὐχ
1296 5145 1632 5215 ἡττήθησαν.
1678 5144 1765 5207 Ὠς

198 5238 285 5308 γάρ
324 5237 455 5294 εἶδον
503 5242 601 5295 ἐπὶ
634 5236 963 5307 καθαιρέσει
990 5237 1086 5305 τῆς
1127 5236 1367 5297 πίστεως
1403 5234 1460 5286 τὸ
1488 5234 1630 5287 κατά
1665 5233 1759 5287 τοῦ

194 5325 325 5392 ἁγίου
360 5328 685 5383 Ἀθανασίου
721 5326 982 5395 ψήφισμα
1017 5324 1283 5396 κυρωθὲν,
1323 5324 1506 5391 ἔλεγον
1540 5326 1632 5378 ἐπὶ
1664 5343 1763 5377 πα-

193 5422 410 5490 ρατροπῇ
435 5420 536 5489 τῆς
566 5417 836 5478 πίστεως,
858 5415 950 5467 καὶ
976 5414 1036 5466 οὐ
1066 5414 1223 5485 χάριν
1254 5412 1571 5467 Ἀθαναο-ίου
1597 5415 1769 5468 ταῦτα

243 5599 313 5668 (α)
349 5600 516 5654 Palat.
552 5596 747 5668 εὐθύς,
790 5594 947 5650 habet
974 5611 1069 5666 pro
1098 5598 1272 5660 νέους.

245 5667 315 5736 (b)
344 5670 513 5724 Palat.
542 5667 833 5736 τοιαύτην.

235 5733 305 5808 (τ)
330 5740 503 5794 Palat.
558 5733 948 5791 Μώῖνζιιιΐτιι
1005 5736 1142 5793 idem
1188 5735 1563 5806 Νηλάμμωνα.
1620 5735 1760 5791 Editi

174 5811 322 5877 male,
342 5810 658 5877 Λινάϐωνα.

1855 1954 2141 2022 eguerint;
2178 1955 2285 2006 imo
2321 1952 2563 2019 quidam,
2601 1951 2706 2003 vim
2734 1948 3013 2019 plagarum
3043 1966 3146 2005 non
3179 1949 3434 2018 ferentes,

1854 2043 2110 2098 exstincti
2141 2042 2273 2096 sint.
2318 2041 2490 2095 Porro
2513 2054 2705 2095 omnes
2742 2051 3009 2111 quotquot
3040 2043 3241 2098 residui
3279 2055 3438 2098 erant

1855 2150 1958 2186 una
2020 2149 2141 2187 cum
2190 2132 2493 2201 virginibus
2558 2132 2609 2184 in
2666 2146 2913 2200 magnam
2964 2131 3219 2201 relegavit
3258 2136 3431 2189 oasiu.

1856 2221 2039 2290 Neque
2091 2222 2245 2274 initio
2290 2220 2592 2285 concessit,
2651 2229 2709 2272 nt
2771 2221 3148 2274 defunctorum
3207 2238 3432 2290 corpora

1854 2312 2099 2379 cognatis
2139 2310 2252 2364 suis
2284 2309 2661 2375 traderentur;
2696 2312 2790 2364 sed
2814 2324 2874 2364 ea
2911 2312 3174 2365 arbitratu
3201 2326 3302 2367 suo
3340 2328 3432 2368 oc-

1853 2402 2149 2465 cultarunt,
2188 2401 2607 2469 abjccernntqne
2644 2401 2944 2468 insepulta;
2999 2402 3099 2455 rati
3153 2404 3233 2457 sic
3279 2419 3430 2459 suam

1854 2495 2023 2548 latere
2050 2508 2207 2562 posse
2238 2492 2629 2546 crudelitatem.
2672 2493 2785 2559 Qua
2840 2494 2889 2546 iu
2939 2508 2996 2547 re
3044 2496 3307 2550 vecordes
3357 2497 3429 2550 illi

1856 2601 2050 2655 magno
2081 2585 2280 2639 mentis
2304 2600 2489 2641 errore
2518 2586 2857 2640 tenebantur.
2911 2584 3042 2639 Nam
3081 2602 3203 2641 cum
3234 2588 3426 2643 defun-

1854 2686 2059 2731 ctorum
2113 2676 2327 2745 cognati
2382 2677 2448 2729 de
2500 2692 2720 2730 suorum
2794 2678 3007 2745 quidem
3082 2678 3428 2735 confessione

1853 2768 2174 2835 gauderent,
2209 2768 2561 2838 lugcrcntque
2585 2777 2760 2823 tamen
2784 2769 2854 2824 ob
2884 2770 3143 2825 subducta
3168 2787 3431 2847 corpora;

1855 2859 1972 2913 hzcc
2009 2874 2141 2913 sane
2167 2874 2330 2914 causa
2364 2860 2497 2923 fuit,
2532 2870 2587 2913 ut
2620 2862 2791 2927 ntagis
2817 2863 3095 2933 magisque
3147 2866 3431 2935 vulgaren-

1856 2955 1940 3001 tur
1987 2962 2174 3003 eortnn
2227 2949 2521 3019 impietatis
2577 2951 3018 3021 crudelitatisque
3094 2968 3429 3027 argumenta.

1856 3037 2049 3093 Verum
2080 3040 2149 3093 illi
2179 3056 2301 3094 mox
2330 3056 2397 3095 ex
2429 3041 2661 3112 [Egypto
2690 3052 2743 3097 et
2762 3061 2827 3097 ex
2858 3044 3038 3114 Libyis
3070 3048 3120 3099 ia
3176 3049 3427 3106 exsilium

1857 3130 2121 3184 miserunt
2171 3131 2495 3201 episcopos,
2543 3135 2909 3199 Ammonium,
2963 3136 3157 3200 Muim,
3209 3137 3426 3205 Gaium,

1858 3222 2171 3288 Philonem,
2216 3223 2448 3278 llermen
2471 3264 2485 3289 ,
2514 3223 2752 3278 Plenium
2782 3266 2795 3289 ,
2833 3226 3146 3281 Psenosirin
3175 3270 3189 3294 ,
3228 3228 3433 3286 Nilam-

1859 3329 2104 3375 monem.
2140 3315 2477 3385 Agathonem
2500 3355 2517 3380 ,
2560 3316 2925 3385 Agamphum,
2972 3318 3239 3385 Marcum,
3268 3322 3430 3375 alium

1855 3405 2199 3458 Ammonium
2254 3417 2307 3460 et
2358 3405 2620 3472 Marcum,
2674 3406 3037 3474 Dracontium,
3090 3410 3429 3479 Adelphium,

1858 3500 2283 3566 Athenodorum,
2311 3508 2365 3556 et
2394 3502 2737 3571 presbyteros
2766 3501 3048 3559 llieraccm
3096 3513 3151 3559 et
3209 3505 3433 3561 Diosco-

1861 3609 2001 3646 rum.
2047 3593 2194 3658 Quos
2221 3603 2366 3647 tanta
2396 3596 2693 3648 acerbitate
2734 3596 3088 3663 expulerunt,
3140 3608 3198 3652 ut
3224 3599 3432 3653 illorum

1857 3685 2076 3753 quidam
2134 3685 2185 3738 in
2234 3685 2407 3741 exsilii
2459 3685 2577 3741 loco
2627 3687 2931 3742 interirent.
2986 3689 3284 3759 Episcopos
3308 3706 3437 3745 vero

1858 3778 1978 3846 plus
2023 3777 2243 3848 triginta
2287 3782 2340 3832 in
2392 3777 2575 3848 fugam
2624 3788 2922 3834 verterunt.
2978 3781 3052 3834 Ea
3110 3782 3251 3835 enim
3308 3781 3435 3841 illis.

1857 3871 2311 3940 quemadmodum
2337 3871 2583 3937 Achabo,
2612 3888 2742 3926 cura
2772 3872 2894 3937 fuit,
2918 3874 2961 3928 si
2990 3876 3150 3929 modo
3177 3874 3289 3929 fieri
3315 3888 3439 3943 pos-

1858 3973 1963 4030 set,
2001 3963 2280 4018 veritatem
2309 3966 2374 4016 de
2397 3964 2575 4017 medio
2608 3964 2871 4019 tollerent.

1936 4141 2023 4195 l5.
2064 4139 2187 4195 Haec
2219 4150 2441 4196 sanctus
2472 4141 2827 4206 Athanasius,
2862 4144 2928 4199 de
2961 4144 3026 4197 iis
3056 4160 3175 4212 quae
3204 4144 3439 4199 Alexan-

1860 4232 1989 4286 drize
2016 4247 2045 4285 a
2070 4231 2305 4302 Georgio
2330 4243 2480 4303 gesta
2512 4233 2726 4287 fuerant
2768 4235 3002 4304 propriis
3048 4245 3439 4289 commemorat

1860 4325 2057 4380 verbis.
2081 4324 2427 4380 Constantius
2453 4340 2580 4379 vero
2599 4326 2911 4395 cumsejam
2939 4326 3145 4379 videret
3173 4326 3331 4378 totius
3348 4339 3437 4377 or-

1859 4416 1943 4471 bis
1970 4417 2349 4485 imperatorem
2395 4431 2537 4482 esse,
2556 4417 2606 4470 in
2627 4417 2932 4484 superbiam
2961 4417 3155 4479 elatus,
3179 4414 3434 4470 Occiden-

1863 4509 1999 4563 tales
2032 4524 2244 4577 quoque
2274 4509 2557 4577 episcopos
2594 4508 2896 4562 conabatur
2935 4508 3001 4562 ad
3046 4507 3162 4560 Arii
3201 4505 3433 4559 haeresin

1870 4600 2116 4665 trahere;
2153 4602 2414 4652 mandans
2446 4602 2496 4655 in
2526 4599 2720 4668 primis
2750 4608 2807 4652 nt
2827 4598 3109 4652 Athanasii
3136 4597 3435 4651 damnatio-

1867 4705 1989 4745 nem
2026 4689 2362 4757 proferrent,
2412 4689 2575 4757 idque
2617 4690 3036 4757 suggerentibus
3076 4688 3439 4743 Orientalibus

1866 4781 2161 4849 episcopis.
2200 4779 2493 4849 Propterea
2526 4780 2669 4833 enim
2700 4779 2964 4851 synodum
3000 4782 3169 4847 coegit
3224 4780 3275 4832 in
3309 4780 3441 4833 urbe

1867 4872 2034 4925 Italiae
2068 4871 2394 4930 Mediolano.
2433 4871 2737 4940 multosque
2769 4872 2819 4925 in
2864 4887 3016 4926 suam
3053 4872 3287 4925 traduxit
3321 4886 3443 4925 sen-

1868 4962 2112 5017 tentiam.
2156 4964 2223 5015 At
2249 4962 2561 5033 Dionysius,
2592 4961 2857 5015 Eusebius
2878 5002 2893 5026 ,
2927 4961 3258 5021 Rhodanus,
3300 4957 3442 5013 Pau-

1866 5054 2011 5106 linus
2042 5062 2095 5106 et
2121 5051 2361 5116 Lucifer,
2416 5053 2732 5106 imminente
2784 5052 2833 5105 vi
2877 5053 3113 5121 superati
3160 5068 3262 5105 non
3298 5058 3441 5104 sunt.

1868 5147 2002 5201 Cum
2048 5153 2272 5198 nossent
2308 5144 2451 5197 enim
2491 5145 2557 5198 ad
2595 5145 3103 5200 condemnationem
3160 5142 3278 5196 ﬁdei
3323 5156 3441 5195 sen-

1872 5233 2097 5288 tentiam
2139 5244 2329 5287 contra
2383 5234 2738 5288 Athanasium
2790 5234 2957 5287 fuisse
3006 5231 3441 5299 pronuntiatam;

1874 5325 2149 5387 dicebant,
2180 5326 2245 5378 ad
2281 5326 2621 5378 eversionem
2655 5325 2816 5387 fidei,
2866 5340 2971 5377 non
3007 5320 3282 5373 Athanasii
3324 5331 3437 5386 graa

1883 5418 1955 5471 tia
1990 5434 2082 5473 eos
2112 5417 2303 5471 isthzec
2337 5416 2551 5481 moliri;
2606 5431 2745 5486 quos
2796 5415 2883 5469 ille
2933 5411 3157 5466 Atimini
3219 5407 3443 5463 detineri

1949 5600 2023 5665 (ά)
2055 5597 2216 5665 Αὖτῴ
2242 5598 2391 5651 deest
2424 5598 2472 5649 in
2497 5594 2667 5647 Palat.

1947 5654 2018 5737 (ei
2050 5668 2142 5741 Sic
2186 5654 2358 5741 Palat.
2402 5668 2459 5741 In_
2490 5665 2663 5741 editis
2693 5662 2869 5741 ἕλκει)
2904 5668 3051 5710 mest
3121 5657 3237 5741 μοχ
3277 5654 3445 5711 Palat.

1876 5732 2169 5809 αἱρεῖσθαι.
2209 5736 2304 5791 Ubi
2338 5737 2461 5791 editi
2487 5732 2725 5785 ἐοεῖσθαι
2760 5732 2971 5783 habent.
