3990 6506
473 434 647 485 CCXLI!

1825 399 2361 456 PROLEGOMENA.

476 550 761 610 puerorum
802 532 1081 595 calvariae,
1132 544 1266 600 quos
1310 527 1450 582 fama
1502 534 1616 580 erat
1670 522 1881 577 occisos
1914 521 2041 575 olim

2171 517 2592 591 ινακαθαρθῆναι
2640 509 2848 564 κελεύει
2886 507 2976 559 τὸν
3024 506 3205 558 τόπον.
3259 500 3372 554 Καὶ
3415 498 3481 569 δὴ
3517 497 3720 552 ἀνακα-

2405 609 2409 610 ⁷
2575 605 2586 610 ⁵
2668 602 2693 610 “
2747 607 2753 610 ‘
2801 603 2810 610 ⁵
2882 599 2938 610 ’⁸⁸
3139 594 3163 610 θ’
3391 589 3508 610 γκ--Ἁμ
3539 588 3720 610 DLn-___

480 630 668 693 fuisse,
703 626 918 698 quando
942 624 1082 679 extis
1114 622 1180 677 ad
1212 620 1462 676 vaticinia
1509 616 1682 673 Graeci
1727 616 2039 678 utebantur,

483 736 550 778 ac
573 719 892 776 divinatoria
925 714 1277 771 immolabant
1306 709 1593 771 sacriﬁcia,
1624 707 1832 761 animas
1859 705 2046 758 incan-

482 812 776 867 tationibus
806 817 1143 864 revocantes.
1177 801 1477 860 Christiani
1524 799 1685 868 igitur
1739 811 1860 851 cum
1915 794 2043 848 talia

480 900 537 955 in
569 898 777 953 Mithrae
801 900 962 967 adyto
993 896 1349 964 reperissent,
1390 897 1650 944 curarunt
1680 896 1739 940 ut
1787 884 2044 940 omnibus

483 989 653 1042 risum
694 995 993 1051 moverent,
1022 982 1367 1038 ostendentes
1394 977 1705 1031 Graecorum
1748 973 2003 1043 mysteria
2030 1010 2045 1037 ,

484 1080 891 1145 educebantque
916 1077 1085 1131 nudas
1107 1073 1371 1130 calvarias
1403 1080 1460 1125 ut
1491 1064 2045 1135 exbiberentpOpulo.

486 1172 611 1226 Hac
637 1186 757 1225 cum
791 1170 1034 1223 viderent
1078 1164 1250 1220 Grzeci
1282 1161 1667 1225 Alexandrini,
1720 1174 1821 1215 nec
1846 1158 2051 1213 ferrent

482 1261 830 1331 opprobrium
854 1258 1095 1321 facti,ira
1114 1256 1504 1319 accenduntur,
1522 1264 1577 1308 et
1595 1252 1783 1321 quavis
1814 1264 1872 1304 re
1893 1247 2049 1303 obvia

485 1353 567 1407 usi
594 1366 690 1421 pro
726 1349 849 1413 telo,
874 1350 1084 1402 irruunt
1119 1347 1171 1400 in
1203 1345 1559 1404 Christianos.
1583 1356 1879 1409 eorumque
1914 1339 2051 1393 mul-

486 1454 568 1497 tos
595 1440 844 1495 omnibus
872 1439 1061 1493 mortis
1085 1439 1376 1507 generibus
1430 1436 1721 1489 trucidant.
1768 1432 1877 1486 llos
1911 1431 2053 1485 enim

482 1531 692 1600 gladiis,
726 1529 825 1584 hos
859 1528 1128 1597 lapidibus
1162 1536 1256 1581 aut
1292 1526 1451 1595 lignis
1480 1525 1753 1586 occidere,
1782 1522 2053 1589 quosdam

486 1621 538 1674 in
565 1633 781 1674 crucem
824 1625 1072 1687 egerunt.
1123 1616 1413 1686 Georgium
1460 1628 1589 1668 vero
1619 1611 1849 1667 ecclesia
1877 1620 2059 1665 extra-

484 1717 658 1775 ctum,
696 1709 1010 1776 cameloque
1079 1707 1355 1775 alligatum
1385 1747 1400 1772 ,
1449 1720 1573 1760 cum
1618 1704 2057 1771 discerpsisseut,

486 1814 592 1853 una
620 1813 741 1853 Clllll
778 1798 987 1853 camelo
1016 1798 1389 1851 combussere.

2152 588 2510 682 θαιρουμένου
2532 602 2696 658 αὑτοῦ
2738 603 2839 671 (α),
2876 599 3064 653 ἄδυτον
3100 594 3337 666 ηὕρηται
3366 589 3511 682 κατά
3538 588 3723 658 βάθους

2152 681 2368 763 πολλοῦ,
2404 701 2460 753 ὲν
2496 689 2541 765 ᾧ
2567 694 2635 747 τὰ
2664 693 2933 765 μυστήρια
2967 687 3074 740 τῶν
3105 686 3370 756 Ἑλλήνων
3404 681 3721 752 ἐκέκρυπτο.

2151 792 2334 843 Ταῦτα
2365 788 2421 841 δὲ
2457 784 2526 858 ἦν
2565 783 2763 855 κρανία
2804 777 3106 851 ἀνθρώπων
3132 774 3354 828 τελείων
3382 789 3443 825 τε
3476 771 3572 823 καὶ
3605 786 3726 821 παι-

2150 881 2298 947 δίων,
2330 880 2422 941 οὓς
2449 878 2608 945 λόγος
2635 876 2852 943 κατεῖχε
2887 870 3055 924 πάλαι
3085 866 3405 941 ἀνῃρεῖσθαι
3430 904 3444 929 ,
3491 863 3580 916 ὅτε
3614 864 3729 924 ταῖς

2151 972 2240 1026 διὰ
2270 971 2587 1041 σπλάγχνων
2611 965 2888 1038 μαντείαις
2914 961 3151 1033 ἐχρῶντο
3175 959 3455 1030 Ἕλληνες,
3482 954 3578 1008 καὶ
3602 970 3729 1025 μαν-

2152 1063 2311 1127 τικάς
2341 1062 2415 1133 (b)
2457 1059 2742 1115 ἐπετέλουν
2772 1054 2982 1121 Θυσίας,
3023 1049 3605 1123 καταμαγγανεύοντες
3635 1045 3731 1109 τὰς

2153 1154 2353 1225 ψυχάς.
2405 1153 2465 1204 Oi
2511 1146 2603 1204 οὖν
2642 1145 2987 1220 Χριστιανοὶ,
3036 1141 3210 1196 ταῦτα
3255 1139 3507 1211 εὑρόντες
3554 1136 3614 1188 ὲν
3657 1134 3733 1205 τῷ

2363 1244 2455 1297 τοῦ
2497 1243 2725 1313 Μίθρου,
2772 1236 3007 1307 σπουδὴν
3047 1237 3117 1304 (c)
3154 1232 3336 1286 ἔθεντο
3380 1231 3543 1283 πᾶσιν
3572 1229 3629 1280 ὲν
3658 1224 3736 1295 τῷ

2158 1335 2374 1408 φανερῷ
2404 1335 2619 1403 γέλωτα
2645 1332 2815 1396 δεῖξαι
2859 1330 2968 1382 τῶν
3010 1325 3281 1395 Ἑλλήνων
3328 1322 3395 1374 τά
3439 1319 3733 1391 μυστήρια,

2158 1426 2528 1497 ὲξεπόμπευόν
2574 1442 2635 1477 τε
2687 1423 2849 1485 εὐθὺς
2894 1418 3076 1489 γυμνά
3116 1416 3194 1486 τῷ
3234 1416 3388 1485 δήμῳ
3430 1412 3502 1465 τὰ
3542 1408 3737 1479 κρανία

2158 1518 2507 1580 δεικνύοντες.
2524 1516 2706 1569 Ταῦτα
2720 1512 2951 1584 ὁρῶντες
2970 1513 3017 1563 οἱ
3045 1509 3186 1563 κατά
3213 1507 3308 1579 τὴν
3333 1503 3738 1573 Ἀλεξάνδρειαν

2164 1609 2441 1678 Ἕλληνες,
2486 1607 2579 1659 καὶ
2632 1604 2705 1674 μὴ
2741 1602 2999 1673 φέροντες
3045 1600 3106 1652 τὸ
3138 1598 3229 1651 τοῦ
3270 1596 3595 1668 πράγματος
3645 1593 3742 1643 έπ-

2162 1701 2472 1760 ονείδιστον,
2518 1698 2597 1759 εἰς
2642 1695 2811 1765 ὀργὴν
2840 1692 3182 1759 ὲξάπτονται,
3217 1688 3311 1741 καὶ
3337 1688 3445 1739 πᾶν
3469 1684 3531 1736 τὸ
3572 1700 3743 1753 παρα-

2163 1788 2321 1859 τυχόν
2348 1786 2882 1854 ὅπλον⁴ποιούμενοι,
2915 1778 3128 1851 ὁρμῶσι
3171 1776 3311 1829 κατὰ
3341 1774 3450 1828 τῶν
3479 1774 3743 1841 Χριστια-

486 1891 612 1956 νῶν,
648 1892 741 1944 καδ.
805 1891 890 1945 διὰ
932 1892 1115 1961 πάσης
1167 1890 1309 1953 ἰδέας
1358 1890 1587 1944 θανάτου
1630 1889 1836 1943 ἀνεῖλον
1870 1886 2095 1949 πολλοὺς
2164 1884 2224 1948 ἐξ
2256 1881 2455 1936 αὐτῶν.
2502 1881 2640 1941 Τοὺς
2688 1878 2784 1948 μὲν
2823 1875 2932 1944 γὰρ
2987 1872 3197 1941 ξίφεσι,
3239 1871 3361 1934 τοὺς
3414 1869 3472 1921 δὲ
3505 1868 3676 1931 λίθοις
3709 1866 3743 1935 ἦ

488 1985 665 2052 ξύλοις
688 1988 1011 2041 ἀπέκτειναν
1032 2003 1045 2016 ·
1083 1985 1233 2049 τινὰς
1261 1987 1317 2038 δὲ
1355 1986 1532 2039 αὐτῶν
1570 1987 1664 2040 καὶ
1693 1986 2062 2055 ἐσταύρωσαν,
2102 1982 2203 2034 Τὸν
2234 1980 2289 2033 δὲ
2324 1976 2589 2048 Γεώργιον
2612 1974 2711 2044 τῆς
2775 1970 3069 2041 ἐκκλησίας
3104 1966 3478 2038 .ὲκσύραντες,
3516 1963 3749 2036 καμήλῳ

485 2079 542 2134 δὲ
567 2080 983 2150 προσδήσαντες,
1008 2081 1101 2133 καὶ
1136 2079 1533 2151 σπαράξαντες,
1575 2080 1672 2132 σὺν
1716 2079 1853 2149 αὐτῇ
1894 2074 2261 2129 κατέκαυσαν.

558 2173 648 2228 15.
682 2172 926 2227 Julianus
950 2187 1116 2242 porro
1142 2172 1371 2240 imperio
1400 2172 1624 2239 potitus,
1652 2180 1708 2223 ut
1733 2170 1935 2223 dictum
1957 2177 2063 2231 est,
2096 2177 2137 2230 Β

488 2278 610 2320 eum
640 2272 859 2317 curaret
891 2264 1074 2317 omnia
1102 2263 1407 2317 Constantii
1444 2260 1583 2315 facta
1612 2262 1871 2329 abrogare
1903 2299 1919 2323 ,
1960 2274 2060 2311 ex-

488 2355 634 2411 sules
659 2368 849 2409 omnes
880 2355 1178 2408 revocavit.
1210 2352 1281 2406 Ut
1310 2354 1458 2407 novit
1487 2353 1617 2407 illud
1651 2362 1873 2407 Sanctus
1895 2350 2065 2403 Atha-

491 2448 717 2511 nasius,
775 2448 1001 2501 honeste
1042 2446 1267 2501 vestitus
1313 2460 1566 2523 egressus
1623 2444 1782 2498 domo
1814 2443 2061 2512 virginis,

492 2552 651 2605 quam
678 2537 925 2604 superius
957 2536 1273 2599 memoravi,
1308 2551 1493 2590 rursus
1521 2544 1676 2589 nocte
1705 2535 1958 2588 inventus
1984 2544 2068 2589 est

494 2624 546 2675 in
583 2625 861 2677 ecclesia:
899 2638 1058 2693 quem
1112 2624 1511 2678 Alexandrinus
1560 2623 1788 2692 populus
1838 2624 2068 2677 libenter

493 2714 726 2782 excepit,
753 2715 905 2783 quasi
936 2714 1255 2769 redivivum.
1284 2714 1693 2770 Excusationeui
1721 2729 1880 2783 porro
1910 2714 2081 2785 istam‘

494 2805 686 2859 amicis
735 2806 915 2860 attulit
951 2824 964 2860 :
999 2806 1071 2860 Ea
1115 2807 1182 2861 de
1232 2822 1397 2863 causa
1441 2807 1508 2861 ad
1540 2822 1634 2861 vos
1678 2822 1778 2861 non
1813 2808 2065 2878 confugi;

421 2966 427 2968 ν
495 2910 618 2948 cum
644 2904 702 2949 ut
724 2896 1028 2965 tutejnrare
1061 2898 1292 2965 possetis
1317 2900 1421 2967 (me
1457 2899 1598 2967 apud
1626 2915 1711 2951 vos
1738 2914 1839 2952 non
1861 2898 2067 2967 latere),

498 2995 608 3037 tum
654 2994 873 3054 propter
924 2987 1371 3055 perquisitioncm
1400 2988 1542 3056 apud
1593 3003 1688 3042 vos
1742 2988 2064 3042 faciendam.

494 3073 576 3127 Ad
610 3073 755 3127 illam
790 3088 954 3143 porro
983 3074 1221 3145 confugi,
1258 3077 1309 3129 in
1342 3091 1502 3145 quam
1536 3076 1682 3131 nulla
1734 3076 1931 3132 cadere
1973 3092 2069 3147 po-

497 3172 641 3217 terat
671 3165 928 3233 suspicio,
970 3165 1200 3230 scllicet,
1250 3166 1319 3221 ob
1360 3167 1595 3235 speciem
1626 3177 1681 3221 et
1706 3168 2065 3237 juventutem.

498 3254 902 3311 Alexandrinus
937 3270 1063 3312 vero
1089 3257 1334 3326 populus,
1353 3257 1525 3327 pulsis
1555 3261 1622 3313 ab
1647 3259 1893 3314 ecclesiis
1914 3261 2071 3314 Aria-

498 3347 581 3400 nis
610 3388 624 3413 ,
656 3347 893 3401 oratoria
922 3348 1229 3403 Athanasio
1280 3351 1524 3404 tradidit.
1581 3350 1716 3404 Tum
1764 3352 1953 3406 Ariani
2016 3354 2068 3407 in

498 3437 810 3506 vulgaribus
857 3437 1110 3492 domibus
1146 3448 1448 3494 conventus
1483 3448 1706 3509 agentes
1730 3480 1745 3506 ,
1784 3442 1837 3495 in
1893 3443 2069 3496 locum

2241 2163 2327 2216 15.
2376 2163 2435 2213 '0
2468 2160 2523 2212 δὲ
2565 2158 2867 2221 Ἰουλιανὸς,
2910 2156 2971 2209 τὸ
3001 2154 3203 2227 κράτος
3239 2150 3621 2223 περιθέμενος,
3673 2148 3747 2210 ὼς

2166 2257 2400 2327 εἴρηται,
2432 2254 2525 2306 καὶ
2557 2252 2866 2315 σπουδάζων
2889 2248 3064 2302 πάντα
3090 2247 3159 2301 τὰ
3191 2244 3341 2316 παρὰ
3363 2239 3748 2297 Κωνσταντίου

2169 2346 2476 2417 πραχθέντα
2521 2344 2880 2415 ἀνατρέπειν,
2914 2342 3041 2403 τοὺς
3092 2335 3539 2411 περιορισθέντας
3575 2334 3751 2387 ἀπαν-

2166 2456 2261 2501 τας
2282 2435 2665 2491 ἁνεκαλέσατο.
2716 2435 2803 2498 Ὠς
2830 2429 2922 2487 οὖν
2962 2432 3102 2501 έγνω
3134 2430 3290 2483 τοῦτο
3321 2432 3349 2482 ό
3390 2428 3547 2498 ἅγιος
3587 2424 3749 2479 Ἀθα-

2168 2530 2371 2591 νάσιος,
2405 2526 2583 2590 καλῶς
2604 2527 2981 2596 ἐνδυσάμενος,
3002 2522 3229 2588 ἐξελθὼν
3251 2525 3312 2575 ὲκ
3334 2521 3427 2574 τοῦ
3461 2521 3614 2573 οῐκου
3651 2518 3751 2588 τῆς

2170 2618 2460 2687 παρθένου,
2492 2618 2620 2687 περὶ
2651 2612 2719 2689 ἧς
2751 2618 2807 2668 ὲν
2832 2618 2943 2679 τοῖς
2976 2615 3087 2668 ἄνω
3115 2615 3330 2683 εἴρηκα,
3375 2612 3563 2678 πάλιν,
3596 2612 3656 2664 ὲν
3684 2613 3750 2681 τῇ

2170 2710 2323 2763 νυκτὶ
2366 2708 2563 2779 εὑρέθη
2607 2712 2662 2761 ὲν
2715 2711 2779 2778 τῇ
2836 2706 3131 2776 ἐκκλησίᾳο
3180 2705 3239 2757 ὃν
3282 2707 3309 2758 ὀ
3355 2703 3753 2775 Ἀλεξανδρέων

2170 2799 2298 2861 λαὸς
2348 2797 2598 2869 ἀσμένως
2639 2797 2871 2862 ἐδέξατο,
2925 2796 3001 2859 ὡς
3049 2798 3114 2848 ὲκ
3166 2794 3374 2866 νεκρῶν
3428 2792 3614 2858 ζῶντα
3648 2793 3751 2863 (d).

2183 2890 2519 2959 Ἀπελογεῖτο
2543 2885 2634 2942 οὖν
2649 2892 2760 2953 τοῖς
2777 2892 3011 2961 γνησίοις
3032 2886 3196 2940 αὑτοῦ
3220 2887 3412 2955 φίλοις,
3438 2886 3523 2939 ὃτι
3546 2884 3756 2937 Τούτου

2171 2984 2328 3054 χάριν
2366 2983 2500 3053 πρὸς
2531 2983 2672 3052 ὑμᾶς
2706 2982 2765 3033 οὐ
2797 2980 3127 3049 κατέφυγον,
3157 2980 3244 3033 ἵνα
3272 2978 3495 3048 εὔορκον
3528 2977 3660 3047 ὑμῖν
3739 2993 3752 3005 ·

2170 3074 2343 3137 ἄλλως
2368 3091 2428 3126 τε
2454 3074 2509 3126 δὲ
2534 3073 2626 3126 καὶ
2658 3073 2745 3127 διὰ
2774 3072 2870 3144 τὴν
2897 3071 3141 3145 ἔρευναν.
3171 3070 3493 3137 Κατέφυγον
3523 3068 3582 3121 δὲ
3618 3069 3758 3138 πρὸς

2173 3166 2409 3236 ἐκείνην,
2462 3165 2599 3237 πρὸς
2635 3165 2701 3235 ἢν
2731 3163 2965 3233 ὑποψίαν
2990 3162 3163 3225 οὐδεὶς
3190 3160 3416 3232 ἠδύνατο
3468 3160 3635 3230 ἔχειν,
3682 3160 3758 3223 ὡς

2172 3258 2379 3327 ὡραίαν
2410 3258 2502 3310 καὶ
2524 3258 2808 3327 νεωτέραν.
2847 3257 2905 3309 Ὀ
2923 3256 2979 3309 δὲ
3010 3253 3401 3325 Ἀλεξανδρέων
3434 3254 3589 3317 λαὸς,
3618 3253 3757 3318 ἐξω-

2174 3347 2439 3419 θήσαντες
2468 3346 2576 3400 τῶν
2600 3346 2905 3417 ἐκκλησιῶν
2932 3347 3057 3408 τοὺς
3088 3345 3182 3398 τοῦ
3228 3344 3438 3416 Ἀρείου
3463 3345 3758 3415 δόγματος.

2176 3438 2555 3510 παραδιδόασιν
2600 3436 2898 3506 Ἀθανασίῳ
2919 3438 3043 3499 τοὺς
3069 3437 3390 3507 εὑκτηρίους
3438 3436 3645 3500 οἴκους.
3690 3438 3754 3489 Οἱ

499 3503 719 3594 Georgii
778 3526 1004 3581 Lucium
1053 3530 1392 3582 constituunt
1426 3503 1542 3584 sibi
1564 3503 1773 3585 ducem.
1824 3529 2067 3587 Julianus

2176 3530 2232 3583 δὲ
2259 3503 2715 3601 ”Αρειανίζοντες,
2747 3530 2803 3579 ὲν
2825 3503 3087 3590 οίκίσκοις
3118 3503 3350 3597 ἀσήμοις
3372 3528 3761 3598 συναγόμενοι,

502 3632 662 3686 porro
692 3617 784 3687 qui
813 3617 969 3671 idolis
1002 3617 1401 3684 delectabatur,
1441 3619 1640 3675 iterum
1679 3622 1941 3675 ecc!esias
1965 3632 2077 3677 tur-

504 3708 689 3773 babat,
724 3708 919 3776 templa
951 3707 1261 3763 Graecorum
1290 3710 1601 3778 aperiebat,
1636 3712 1903 3765 sacriﬁcia
1940 3713 2074 3769 For-

504 3811 647 3856 tunae
685 3801 1302 3869 Constantinopolitanae
1325 3800 1590 3857 oll‘erebat
1617 3802 1796 3872 palam
1833 3804 1881 3856 in
1910 3806 2078 3873 impe-

502 3893 703 3947 ratoria
733 3931 748 3956 ,
778 3893 868 3946 ubi
922 3892 1101 3946 stabat
1134 3892 1392 3947 Fortunae
1421 3901 1622 3948 statua.
1664 3895 1780 3960 Quo
1832 3902 2075 3966 tempore

506 3981 672 4036 Maris
705 3981 1070 4037 Chalcedonis
1103 3983 1155 4037 in
1185 3982 1435 4054 Bithynia
1463 3986 1770 4056 episcopus,
1799 4002 1960 4041 manu
1990 3990 2078 4043 ad-

505 4073 720 4140 ductus,
739 4088 849 4143 prae
880 4084 1159 4129 senectute
1180 4090 1415 4145 namque
1443 4077 1727 4133 oculorum
1750 4078 2076 4135 hebetudine

507 4162 808 4228 laborabat,
847 4164 1226 4234 imperatorem
1273 4167 1483 4231 adiens,
1516 4168 1679 4222 multa
1716 4169 1769 4223 in
1798 4184 1918 4224 eum
1949 4187 2077 4226 con-

506 4253 646 4307 vicia
678 4254 918 4322 protulit,
962 4254 1180 4323 impium
1214 4271 1415 4310 vocans
1436 4296 1451 4321 ,
1481 4266 1803 4325 apostatam,
1835 4260 2073 4316 atheum.

509 4345 597 4398 llle
627 4345 807 4399 verbis
840 4345 1083 4401 convicia
1115 4346 1451 4416 depellebat,
1480 4363 1682 4402 cazcum
1706 4349 1980 4418 appellans
2020 4364 2075 4407 et

506 4440 677 4494 oculis
710 4448 961 4509 captum,
994 4439 1276 4509 aiensque,
1320 4455 1424 4494 non
1453 4455 1610 4509 posse
1648 4438 1928 4497 Galilzeum
1960 4460 2073 4498 me-

507 4530 679 4583 delam
717 4529 879 4584 ferre.
906 4529 1041 4584 Tum
1082 4532 1272 4585 beatus
1312 4530 1401 4585 ille
1442 4531 1780 4586 conﬁdenter
1817 4537 2070 4603 reponit:

507 4621 723 4676 Gratias
752 4635 853 4690 ago
890 4620 1028 4685 Deo,
1065 4621 1155 4689 qui
1190 4635 1275 4675 me
1306 4622 1597 4676 excaecavit
1621 4660 1638 4687 ,
1673 4636 1741 4675 ne
1780 4631 1925 4677 tuam
1978 4626 2077 4680 im-

509 4712 795 4780 pudentem
835 4711 1027 4765 faciem
1064 4712 1323 4775 viderem,
1361 4726 1482 4781 qua:
1530 4712 1603 4766 ita
1637 4713 1872 4782 collapsa
1906 4726 1987 4769 est
2020 4718 2073 4769 in

2177 3623 2255 3684 είς
2278 3624 2441 3673 τόπον
2473 3620 2746 3691 Γεωργίου
2770 3618 2997 3672 Λούκιον
3032 3619 3469 3690 προχειρίζονται
3500 3619 3760 3689 ἡγεῖσθαι

2177 3711 2354 3765 αὐτῶν
2378 3712 2469 3781 (ε).
2522 3712 2580 3763 '0
2607 3712 2663 3763 δὲ
2700 3710 3002 3774 Ἰουλιανὸς,
3048 3713 3156 3772 τοῖς
3186 3710 3423 3773 εἰδώλοις
3456 3712 3759 3782 ἐπιτερπό-

2180 3817 2357 3871 μενος,
2410 3796 2563 3863 αὖθις
2606 3799 2702 3862 τὰς
2732 3800 3023 3869 ἐκκλησίας
3061 3799 3345 3870 ἐτάραττε,
3386 3798 3455 3853 τὰ
3496 3800 3619 3873 ιερά
3648 3800 3762 3853 τῶν

2189 3890 2452 3963 Ἑλλήνων
2503 3892 2770 3959 ἀνοίγων,
2816 3892 2910 3942 καὶ
2959 3891 3147 3954 θυσίας
3182 3890 3444 3944 ἐπιτελῶν
3476 3894 3542 3962 τῇ
3599 3893 3763 3944 Κωνυ

2179 3981 2665 4044 σταντινουπόλεως
2696 3982 2845 4053 Τύχῃ
2864 3981 3096 4052 δημοσίᾳ
3129 3984 3185 4033 ὲν
3211 3984 3275 4051 τῇ
3308 3981 3581 4053 βασιλικῇ,
3628 3982 3763 4037 ἔνθα

2176 4075 2237 4126 τὸ
2266 4074 2364 4142 τῆς
2395 4073 2576 4144 Τύχης
2619 4074 2801 4144 ἵδρυτο
2838 4073 3059 4144 ἄγαλμα
3101 4073 3171 4143 (Ι)
3198 4090 3210 4103 ο
3241 4074 3328 4127 ὅτε
3371 4074 3465 4127 καὶ
3506 4075 3693 4147 Μάρις
3733 4079 3763 4128 ό

2176 4164 2275 4233 τῆς
2309 4164 2365 4215 έν
2392 4162 2615 4231 Βιθυνία
2648 4162 2989 4233 Χαλκηδόνος
3018 4164 3344 4229 ἐπίσκοπος,
3381 4167 3765 4238 χειραγωγού-

2180 4270 2355 4323 μενος·
2376 4249 2441 4324 ἦν
2472 4253 2580 4325 γὰρ
2600 4255 2699 4326 ἤδη
2719 4256 2853 4327 πρὸς
2871 4256 2947 4327 τῷ
2966 4258 3162 4327 γήρατι
3182 4256 3443 4327 ὑπόχυσιν
3462 4257 3767 4328 ὀφθαλμῶν

2178 4344 2493 4414 ὑπομείνας·
2516 4345 2685 4399 πολλά
2701 4347 2791 4400 τὸν
2824 4346 3044 4415 βασιλέα
3060 4346 3316 4400 εἰσελθὼν
3329 4346 3573 4417 ὕϐρισεν,
3588 4348 3765 4417 ἀσεϐῆ

2176 4434 2356 4487 καλῶν
2371 4435 2460 4486 τὸν
2475 4435 2806 4505 ἀποστάτην,
2822 4437 2913 4489 τὸν
2929 4436 3102 4490 ἄθεον.
3123 4438 3179 4489 'U
3191 4437 3247 4489 δὲ
3265 4438 3442 4505 λόγοις
3457 4437 3557 4501 τὰς
3573 4437 3706 4509 ὖϐρε
3715 4455 3763 4500 ις

2176 4528 2210 4594 ὴ
2220 4524 2433 4597 μύνετο,
2447 4526 2645 4595 τυφλὸν
2662 4528 2756 4580 καὶ
2771 4528 2942 4599 πηρὸν
2960 4528 3270 4592 ἀποκαλῶν,
3286 4528 3381 4583 καὶ
3400 4529 3540 4601 μηδὲ
3555 4529 3647 4581 τὸν
3664 4529 3768 4582 Γα-

2176 4618 2374 4670 λιλαῖον
2388 4618 2551 4671 αὑτοῦ
2568 4618 2861 4690 δυνάμενον
2873 4621 3031 4673 αὑτὸν
3044 4620 3100 4672 θε
3110 4620 3376 4690 ραπεῦσαι
3395 4621 3491 4692 (g).
3508 4621 3567 4674 Ὀ
3581 4619 3638 4673 δὲ
3658 4638 3763 4691 μα-

2177 4707 2365 4776 κάριος
2383 4709 2750 4781 παρῤησιέστε
2758 4726 2849 4780 ρον
2864 4709 2999 4779 πρὸς
3011 4710 3100 4763 τὸν
3120 4710 3341 4780 βασιλέα
3358 4710 3460 4780 ἔφη
3477 4726 3491 4738 ·
3526 4711 3765 4779 Εὐχαρι-

511 4800 861 4868 impietatem.
897 4799 1033 4853 Tum
1065 4816 1226 4868 porro
1258 4800 1516 4855 Iovianus
1560 4812 1616 4855 et.
1668 4800 2067 4860 Valentinianus

2186 4797 2316 4860 στῶ,
2338 4799 2524 4868 φησὶν,
2542 4798 2617 4869 τῷ
2632 4799 2753 4869 Θεῷ
2765 4798 2842 4869 τῷ
2857 4798 3200 4868 τυφλώσαντί
3220 4818 3306 4870 με,
3325 4800 3412 4853 ἵνα
3442 4817 3537 4853 σου
3564 4801 3640 4871 μὴ
3670 4801 3767 4853 ἴδω

510 4892 714 4944 solutas
742 4906 907 4944 zonas
934 4893 999 4944 ad
1030 4902 1315 4960 tyrannum
1350 4892 1626 4962 projecere
1663 4894 1903 4949 dicentes
1932 4912 1946 4948 :
1973 4897 2078 4950 Ac-

510 4982 629 5050 cipe
662 4997 849 5045 zonas,
884 4983 1078 5038 habeto
1110 4986 1206 5038 tibi
1240 4985 1471 5038 honores
1507 4993 1647 5039 tuos.
1675 4985 1932 5055 Exposita
1984 4989 2079 5042 tibi

510 5070 673 5124 etiam
725 5070 792 5123 ad
844 5070 1055 5123 libitum
1089 5081 1215 5124 sunt
1240 5085 1466 5139 corpora
1492 5080 1704 5125 nostra.
1731 5071 1969 5139 Quorum
1994 5073 2081 5128 ille

513 5162 874 5215 constantiam
911 5162 1206 5232 pertimuit.
1238 5163 1372 5216 Tum
1406 5164 1717 5231 imperator,
1755 5174 1809 5220 et
1840 5166 1929 5234 qui
1959 5182 2080 5220 cum

515 5252 604 5309 illo
633 5256 961 5321 sentiebant,
986 5256 1147 5311 veluti
1171 5272 1235 5310 ex
1263 5255 1564 5311 tenebrosis
1588 5258 1762 5327 adytis
1785 5273 2085 5329 prorepen-

614 5517 669 5586 a)
698 5516 772 5573 lta
799 5518 966 5574 Palat.
1004 5516 1061 5572 In
1092 5520 1251 5573 editis
1275 5520 1437 5573 αὑτοῦ
1466 5522 1635 5576 deest.

616 5591 665 5668 ὁ)
696 5589 864 5668 Ealat.
896 5590 1131 5668 ἐχρῶντο
1161 5592 1206 5642 οἱ
1242 5590 1528 5668 Ἕλληνες,
1555 5590 1666 5668 καὶ.
1682 5586 1940 5668 μαγικάς.

619 5657 669 5730 c)
696 5657 863 5730 Halat.
889 5657 981 5730 τοῦ
1008 5657 1468 5730 Ψίθρουηπολλὴν
1503 5657 1752 5730 σπουδήν.

526 5793 553 5845 ι
588 5696 1783 5798 ﬁdem}:‘6'659‘3'1'5’62‘1‘?25s€é¥53§l§h
1817 5728 1976 5783 αὑτὸν
2016 5728 2089 5790 ὡς

555 5807 610 5845 κ.
724 5842 725 5845 η

555 5807 610 5848 κ.
724 5842 725 5845 η

2183 4891 2247 4943 τὸ
2284 4892 2496 4955 ἀναιδὲς
2529 4894 2820 4963 πρόσωπον
2859 4891 3032 4954 οὕτως
3085 4891 3439 4953 ἐκπεπτωκὸς
3483 4892 3623 4963 πρὸς
3665 4893 3766 4963 τὴν

2182 4984 2453 5037 ἀσέϐειαν.
2490 4986 2621 5038 Τότε
2661 4986 2724 5056 δὴ
2759 4986 2854 5039 καὶ
2899 4985 3148 5047 Ἰοϐιανὸς
3182 4984 3274 5037 καὶ
3324 4984 3765 5047 Οὑαλεντινιανὸς

2182 5074 2441 5139 λύσαντες
2460 5075 2559 5139 τὰς
2598 5075 2772 5139 ζώνας
2801 5075 3171 5146 προσέρριψαν
3204 5075 3282 5146 τῷ
3306 5076 3556 5144 τυράννῳ
3582 5075 3764 5129 εἰπόν-

2184 5185 2274 5230 τες
2293 5184 2307 5198 ο
2335 5168 2499 5237 Δέχου
2537 5168 2636 5230 τὰς
2671 5166 2866 5232 ζώνας,
2909 5167 2999 5237 ἔχε
3030 5183 3121 5219 σου
3151 5167 3364 5229 καὶτὰς
3393 5166 3584 5237 τιμάς.
3624 5166 3764 5236 Πρό-

2187 5276 2364 5312 κειται
2386 5258 2443 5311 δέ
2476 5275 2578 5323 σοι,
2622 5260 2671 5310 εἰ
2704 5258 2888 5331 βούλῃ,
2938 5259 3031 5311 καὶ
3076 5260 3145 5313 τὰ
3189 5259 3417 5328 σώματα
3462 5258 3657 5328 ἡμῶν·
3688 5250 3764 5309 ὧν

2266 5519 2335 5595 (ς)
2364 5520 2631 5595 l_ta_Pa|a__t.
2658 5521 2713 5575 ln
2746 5523 2904 5595 editis
2933 5523 3178 5595 ᾑγεῖσθαι
3201 5521 3379 5595 αὐτῶν
3412 5523 3586 5595 deest.

2265 5589 2329 5659 (Ι)
2352 5591 2533 5663 Palat.
2580 5591 2808 5660 ἵδρυται.
2854 5589 3001 5647 Infra
3046 5592 3215 5663 Palat.
3250 5593 3353 5663 ἠδη
3393 5594 3529 5663 πρὸς
3576 5590 3638 5643 τὸ
3668 5589 3759 5658 γῆ-

2199 5660 2516 5734 οαςηῑξοιιιο
2550 5672 2665 5727 post
2701 5664 2860 5734 idem,
2896 5662 3205 5734 προσελθὼν
3234 5660 3448 5734 ὕϐρισε,
3470 5663 3580 5716 τόν.

2269 5730 2342 5798 (g)
2373 5730 2539 5813 Palat.
2569 5732 2869 5803 πονηρὸν...
2899 5730 2988 5787 τὸν
3004 5732 3282 5786 Γαλιλαῖον
3301 5730 3531 5787 αὐτὸν...
3550 5733 3758 5805 παρρηο

2202 5816 2636 5861 σιαστικωτερον.
