3990 6502
1008 401 1164 457 VITA
1204 400 1259 454 S.
1304 397 1675 454 ATIIANASII
1718 396 1805 450 EX
1849 392 2385 450 METAPHRASTE.

3148 406 3343 447 εεςιιιι

131 529 199 586 καὶ
222 525 305 597 τὴν
330 524 580 576 ἔνστασιν
638 515 866 573 ἔδεισεν.
915 517 981 570 Ὅ
1014 533 1073 570 τε
1106 512 1357 585 βασιλεὺς
1393 512 1467 582 (n)
1492 511 1587 565 καὶ
1623 512 1670 561 οἱ

1801 523 1894 572 es,
1928 506 2229 578 philosophi
2294 515 2349 559 et
2387 504 2761 559 mathematici
2823 517 3018 575 magno
3076 516 3302 557 numero
3332 537 3350 560 ο

133 620 380 689 ὁμόφρονες
419 612 611 675 αὐτοῦ,
650 610 747 664 καὶ
790 609 975 678 ὥσπερ
1006 607 1069 658 ἐκ
1110 602 1296 676 μυχῶν
1334 602 1558 664 σκότους
1582 602 1675 671 ὲρ-

284 704 552 775 προϊόντα,
607 703 720 756 τῶν
767 700 1071 770 φιλοσόφων
1125 697 1221 750 καὶ
1277 682 1689 765 μαθηματικῶν

138 799 316 869 πλῆθος,
341 796 446 848 τῶν
473 812 535 847 τε
572 794 771 864 μάγων
794 852 795 855 η
815 792 908 844 καὶ
941 791 1185 861 μάντεων
1217 785 1674 859 φρατριάσαντες,

141 889 466 950 ὶεουλεύσαντο
485 887 590 940 ούκ
611 886 793 950 ἄλλως
814 883 1162 957 περιέσεσθαι
1181 880 1289 933 τῶν
1313 877 1675 951 Χριστιανῶν,

144 983 256 1054 εἰμὴ
290 980 604 1034 Ἀθανασίου
631 976 1027 1045 ’ἀπαλλαγοῖεν,
1062 974 1158 1028 ἆτε
1200 972 1264 1043 δὴ
1312 970 1560 1042 θεμελίου
1593 969 1679 1022 δν-

140 1086 205 1134 τῡς
229 1067 372 1122 αὐτοῦ
428 1065 792 1138 Ἐκκλησίας.
838 1064 936 1118 Διά
969 1063 1127 1117 τοῦτο
1164 1061 1316 1132 γοῦν,
1342 1062 1502 1115 πάλιν
1530 1060 1679 1113 δικα-

146 1161 246 1213 στῶν
290 1158 513 1230 κίνησις,
553 1157 725 1212 πάλιν
762 1155 992 1228 στρατὸς
1023 1154 1119 1225 (b),
1168 1153 1327 1207 πάλιν
1374 1152 1536 1223 βουλὴ
1585 1150 1680 1204 καὶ

144 1255 261 1323 δῆμοι
288 1253 668 1322 ἐταράσσοντο,
703 1248 1020 1302 Ἀθανάσιον
1050 1244 1442 1315 ἀπαιτούμενοι
1466 1261 1479 1273 ·
1508 1244 1567 1306 ὃς
1588 1243 1680 1296 καὶ

147 1348 213 1413 τῆς
232 1341 527 1413 Ἐκκλησίας
566 1339 987 1412 ταραττομένης
1017 1337 1084 1409 (τ)
1118 1336 1300 1407 διέδρα
1335 1334 1535 1404 σπουδῇ
1573 1332 1679 1385 τῶν

147 1434 468 1486 εὺσεδούντων.
508 1433 569 1485 Ὁ
598 1432 657 1485 δὲ
703 1432 833 1493 λαὸς
860 1430 1003 1500 λύπη
1041 1429 1132 1482 καὶ
1163 1427 1394 1497 δάκρυσι
1435 1425 1677 1492 συνείχε-

148 1541 211 1576 τοο
237 1522 424 1594 νύκτωρ
475 1521 609 1593 περὶ
641 1521 738 1574 τὸν
773 1520 962 1572 Νεῖλον
1006 1516 1170 1571 αὑτοῦ
1215 1516 1490 1589 ὁρμῶντος
1520 1532 1678 1585 περι-

152 1617 319 1677 στάντες
342 1615 521 1681 ελεγον
541 1631 554 1643 ³
587 1614 705 1666 [ἰοῦ
745 1612 905 1666 πάλιν
933 1609 1347 1681 ἀποδιδράσκεις
1374 1608 1473 1679 (ιι),
1507 1607 1535 1659 6
1571 1625 1683 1660 ποι-

153 1709 280 1779 μὴνὸ
324 1707 513 1772 καλός;
551 1704 680 1759 Τίνι
733 1706 793 1759 δὲ
824 1702 980 1775 ἡμῶν
1036 1703 1385 1764 καταλείπεις
1416 1700 1491 1763 ὡς
1549 1699 1680 1752 ναῦν

150 1800 475 1870 ἀκυϐέρνητον,
511 1796 847 1868 τρικυμίαις
872 1796 965 1848 καὶ
992 1793 1213 1847 σπιλάσι
1241 1792 1678 1863 περιαγομένην;

1782 598 1919 667 magi
1952 596 2076 652 item
2103 608 2265 665 atque
2286 595 2472 658 divini,
2506 610 2613 650 una
2648 596 3034 650 convenientes
3058 594 3350 649 consilium

1778 687 1999 755 dedere,
2024 703 2128 743 non
2160 688 2319 741 aliter
2341 701 2502 756 posse
2543 685 2776 755 opprimi
2807 684 3144 741 Christianos
3178 724 3193 749 ,
3248 685 3353 739 nisi

1778 778 2110 834 Athanasius
2141 780 2420 835 tolleretur
2449 779 2516 834 de
2555 779 2753 843 medio,
2794 777 2992 847 quippe
3036 778 3127 847 qui
3163 776 3357 830 funda-

1782 878 2024 924 mentum
2049 880 2194 925 esset
2219 870 2494 925 Ecclesiae.
2524 868 2887 935 Quamobrem
2938 883 3151 921 rursum
3179 876 3357 920 motus

1777 961 2044 1030 iudicum,
2081 977 2293 1016 rursum
2326 962 2620 1029 exercitus,
2656 976 2869 1016 rursum
2897 958 3209 1024 consilium,
3249 972 3358 1025 po-

1782 1055 1999 1125 pulique
2030 1054 2328 1124 perturbati
2358 1063 2507 1118 sunt,
2556 1055 2681 1109 dmn
2720 1051 3075 1107 Athanasium
3101 1061 3360 1119 exposce-

1783 1156 1919 1202 rent.
1949 1146 2042 1200 llle
2072 1160 2222 1210 vero,
2253 1146 2304 1199 in
2358 1154 2504 1199 tanto
2538 1144 2787 1199 Ecclesiae
2832 1139 3058 1196 tumultu
3087 1178 3105 1202 ,
3150 1139 3359 1208 piorum

1781 1253 1944 1307 opera
1985 1236 2210 1305 aufugit.
2261 1234 2395 1289 Tum
2429 1234 2660 1304 populus
2711 1246 2946 1287 maerore
3002 1230 3367 1300 lacrymisque

1782 1328 2192 1389 conﬁciebatur,
2226 1338 2489 1393 nocteque
2521 1339 2688 1394 prope
2720 1323 2896 1377 Nilum
2924 1337 3044 1376 eum
3065 1323 3355 1375 abeuntem

1783 1420 2197 1473 circumstantes
2228 1417 2306 1471 sic
2336 1414 2733 1483 compellabant
2758 1432 2771 1466 :
2796 1412 2909 1479 Quo
2941 1427 3151 1466 rursum
3177 1408 3365 1479 prolu-

1784 1513 1888 1583 gis,
1921 1520 2107 1581 pastor
2145 1509 2333 1564 bene?
2366 1507 2466 1562 Cui
2507 1521 2604 1560 nos
2644 1503 2927 1572 relinquis,
2960 1514 3015 1557 ut
3043 1516 3234 1557 navem
3267 1517 3367 1572 gn-

1786 1605 2073 1658 bernatore
2099 1609 2373 1654 carentem
2406 1598 2681 1660 ﬂuctibus,
2713 1606 2769 1651 et
2804 1596 3103 1663 piratarum
3141 1593 3371 1649 navibus

1784 1692 2216 1749 circumdatam?
2256 1689 2349 1745 Ille
2382 1705 2513 1745 vero
2551 1707 2565 1743 :
2603 1688 2680 1742 Ne
2700 1685 2843 1753 ﬂete,
2879 1686 2979 1747 ait,
3013 1684 3131 1745 lilii,
3155 1693 3371 1737 autum-

1788 1786 1923 1840 nalis
1967 1794 2067 1837 est'
2098 1782 2268 1836 nubes
2320 1781 2421 1834 iste
2469 1779 2758 1844 tumultus,
2800 1791 2922 1847 qua:
2982 1777 3049 1830 ad
3101 1773 3369 1829 tantillum

159 1894 197 1945 Ὀ
218 1865 408 1962 δὲ’πρδς
449 1865 659 1953 αὐτούς
686 1865 705 1920 ’Ἴ
740 1890 834 1960 Μὴ
894 1883 1242 1959 ὀλοφύρεσθε,
1276 1885 1474 1939 τέκναο
1526 1884 1684 1952 νέφος

1801 1876 2042 1944 .emporis
2072 1883 2335 1943 apparet,
2367 1885 2432 1927 ac
2463 1886 2587 1925 mox
2619 1877 2933 1924 evanescet.
2966 1866 3124 1921 Brevi
3168 1865 3235 1918 ad
3273 1879 3368 1918 vos

152 1984 479 2055 φθινοπωρινόν
538 1986 698 2036 ἐστιν
745 1976 900 2045 οὗτος
947 1981 974 2033 6
1012 1980 1268 2049 τάραχος,
1328 1975 1465 2047 πρὸς
1506 1977 1684 2044 ὀλίγον

152 2073 432 2143 ξαινόμενος,
471 2073 650 2137 ὀξέως
680 2072 740 2124 δὲ
777 2070 1191 2141 ἀφανιζόμενος.
1234 2068 1437 2121 Θᾶττον
1473 2067 1687 2119 ἐλεύσο-

156 2166 350 2233 μαιπρδς
370 2160 535 2235 ὑμᾶς,
593 2163 735 2217 Θεοῦ
785 2160 1202 2233 συνεργοῦντος·
1255 2159 1449 2230 μικρὸν
1496 2159 1689 2229 χρόνον

155 2253 263 2321 ὑμῶν
284 2256 717 2326 χωρισθήσομαι.
759 2254 847 2317 Ὠς
866 2253 921 2305 δὲ
954 2252 1126 2322 ἐπέϐη
1156 2251 1337 2304 ὁλκάδι
1358 2253 1468 2313 τοῖς
1497 2248 1689 2301 Νείλου

157 2345 331 2417 ῥείθροις
358 2347 447 2399 aut
468 2348 574 2419 τὴν
616 2346 869 2415 Θηϐαἲδα
892 2344 1223 2415 ἀναγόμενος
1253 2344 1341 2413 (e),
1376 2346 1404 2397 6
1430 2342 1527 2413 τὴν
1558 2342 1692 2395 ἀπό-

156 2453 273 2503 φασιν
300 2438 424 2507 ἔχων
466 2440 597 2491 κατ’
631 2436 806 2490 αὐτοῦ
839 2438 1123 2507 σατράπης
1174 2434 1311 2505 ἀνὴρ
1348 2435 1531 2503 ἤγετο,
1572 2432 1692 2486 κατ’

155 2527 321 2582 ὄπισθεν
351 2529 583 2583 θάνατον
619 2529 871 2582 ἀπειλῶν
900 2528 986 2597 (ί).
1036 2528 1121 2590 Ὠς
1154 2527 1211 2579 δὲ
1244 2526 1544 2595 ἀπήγγειλε
1570 2524 1693 2577 τοῦ·

157 2617 275 2680 τότις
304 2620 631 2694 Ἀθανασίιρ,
669 2620 749 2682 ὡς
786 2620 949 2688 τάχος
983 2617 1157 2685 λέγων
1189 2616 1466 2687 ἀπαίρεινν
1496 2616 1568 2687 μὴ
1596 2632 1695 2669 κα·

156 2708 388 2781 πλησθείη
421 2713 565 2782 πρὸς
590 2711 687 2764 τοῦ
726 2710 1034 2774 διώκοντος,
1068 2709 1239 2781 βραχὺ
1260 2709 1505 2777 σιγήσας,
1529 2707 1696 2777 λέγει,

155 2796 332 2866 ὁράματι
389 2799 520 2870 θείῳ
589 2799 1018 2862 καταπεισθείς·
1084 2798 1552 2867 Ἀντιστρέψωμεν
1608 2798 1699 2850 τὸν

156 2886 293 2951 πλοῦν,
332 2883 371 2941 ὦ
392 2892 612 2963 ἄνδρες,
646 2891 743 2944 τοῦ
782 2888 916 2942 Θεοῦ
951 2888 1110 2942 τοῦτο
1137 2889 1404 2953 Θέλοντος,
1435 2889 1511 2951 ὡς
1546 2890 1699 2957 τάχι-

158 2978 228 3029 στά
244 2996 295 3047 με
321 2980 767 3051 Ἀλεξανδρεῦσιν
794 2978 1139 3051 ἀποδοθῆναι.
1170 2977 1291 3031 Τῶν
1312 2978 1369 3029 δὲ
1389 2976 1705 3030 διακωλυόνο

156 3084 248 3132 των,
276 3072 355 3123 καὶ
385 3072 451 3125 δι’
492 3071 679 3139 ὀλίγον
708 3069 1073 3141 θρηνούντων,
1107 3069 1201 3123 καὶ
1227 3067 1319 3119 τὸν
1354 3069 1551 3120 οἰκεῖον
1585 3066 1701 3119 κίν-

154 3157 266 3212 eum
284 3162 647 3233 ὑφορωμένων
679 3161 781 3232 (g),
804 3156 955 3213 εἶπεν
987 3163 1015 3213 6
1041 3161 1192 3229 ἅγιος
1227 3159 1540 3221 Ἀθανάσιος
1561 3176 1574 3188 ο
1608 3159 1699 3230 Μὴ

154 3251 298 3314 οὕτως,
339 3256 584 3324 ἀδελφοὶ,
641 3253 985 3321 συγκύπτετε
1036 3252 1283 3317 ἑαυτούς.
1340 3252 1697 3316 Πιστεύσατε,

155 3342 211 3393 ὅτι
236 3344 425 3409 πλείους
464 3348 515 3398 οί
548 3344 668 3415 μεθ’
692 3347 725 3414 ὴ
736 3343 876 3414 μῶν,
901 3344 1040 3414 ὑπὲρ
1067 3344 1192 3406 τοὺς
1235 3344 1351 3412 μετ’
1375 3342 1574 3406 αὐτῶν,
1608 3344 1702 3395 καὶ

158 3431 355 3504 ἀνίκητός
396 3434 611 3488 ἐστινὸ
664 3434 941 3505 ἡμέτερος
989 3432 1299 3503 σύμμαχος.
1365 3431 1521 3485 Οὕτω
1584 3436 1700 3485 κατ’

156 3520 325 3577 ίιπισθεν
348 3526 638 3597 γενόμενοι
672 3525 777 3596 (It),
828 3523 1143 3594 παλίνορσοι
1181 3523 1437 3593 φέρονται
1470 3522 1568 3593 τὴν
1613 3522 1704 3574 ὁλ-

157 3613 257 3666 κάδι
304 3617 774 3687 ἀναστρέψαντες.
847 3614 1006 3669 Ἀλλὰ
1047 3616 1384 3685 συνήντησαν
1441 3612 1519 3683 τῷ
1566 3614 1704 3684 ἁγίῳ

166 3703 422 3779 ’Δθανασίῳ
446 3708 559 3762 τῶν
594 3706 878 3780 προδοτῶν
916 3723 1061 3768 τινες
1084 3706 1274 3777 ἄνδρες
1311 3704 1706 3776 Ἑλληνικώτα-

155 3810 228 3856 τοι,
250 3796 291 3848 οἳ
320 3800 419 3851 καὶ
449 3800 538 3854 τὸν
570 3799 814 3868 διώκτην
842 3798 1125 3860 πείσαντες
1162 3798 1390 3850 κατόπιν
1419 3796 1512 3850 τοῦ
1554 3798 1703 3866 ἁγίου

165 3884 446 3943 ’Δθανασίου
497 3890 784 3962 ἔρχεσθαι.
834 3891 1032 3958 Ἐγγὺς
1080 3890 1137 3942 δὲ
1172 3890 1480 3960 γενομένων
1526 3890 1707 3945 αὐτῶν

156 3978 224 4029 καὶ
245 3980 469 4052 ἁορασίᾳ
494 3980 903 4053 κρατηθέντων,
926 3983 953 4034 6
996 3980 1329 4046 Ἀθανάσιος,
1359 3976 1447 4035 οἷα
1482 3982 1575 4034 ἐπὶ
1620 3984 1707 4035 Ἐ-

156 4065 356 4127 λισσαίου
397 4075 658 4143 ἐγεγόνει,
696 4074 1050 4137 πυνθάνεται,
1088 4073 1208 4127 τίνα
1242 4074 1472 4143 ζητοῖεν.
1507 4074 1625 4127 Τῶν
1649 4074 1705 4127 δὲ

157 4157 384 4228 λεγόντων
408 4184 420 4195 ·
466 4166 789 4219 Ἀθανάσιον
814 4182 828 4195 ·
862 4164 1022 4227 αὐτὸς
1058 4164 1434 4235 ἀποκρίνεται·
1470 4166 1707 4219 Σπουδά-

1787 1967 2112 2036 remigrabo,
2164 1965 2271 2018 Deo
2312 1962 2571 2031 jnvante,
2601 1960 2813 2015 modico
2849 1970 3089 2027 tempore
3135 1972 3163 2010 a
3214 1957 3367 2009 vobis

1786 2057 2129 2127 segregabor.
2171 2055 2238 2109 Ut
2275 2061 2454 2107 autem
2482 2050 2796 2107 conscendit
2821 2048 3144 2110 naviculam,
3174 2056 3233 2099 ut
3266 2060 3363 2115 per

1790 2148 1965 2202 Nilum
2004 2146 2232 2200 adverso
2276 2142 2498 2196 ﬂumine
2528 2139 2849 2195 concederet
2887 2138 2939 2191 in
2992 2135 3359 2197 Thebaidem;

1789 2240 1879 2309 qui
1902 2237 2221 2293 sententiam
2244 2245 2433 2289 contra
2471 2231 2616 2285 illum
2655 2228 2863 2283 ferebat
2899 2236 3181 2294 satrapes,
3219 2225 3363 2277 inse—
3450 2244 3457 2251 υ

1792 2339 1948 2384 cutus
1983 2336 2068 2381 est
2108 2334 2333 2379 mortem
2374 2320 2728 2377 comminans.
2757 2317 2828 2373 Ut
2860 2324 3038 2370 autem
3066 2314 3284 2384 quidam
3312 2312 3363 2364 id

1792 2418 2095 2475 Athanasio
2153 2413 2525 2477 renuntiavit,
2576 2408 2814 2466 suadens
2868 2415 2927 2461 ut
2967 2402 3371 2473 quamprimum

1794 2510 2049 2573 solveret,
2080 2524 2147 2563 nc
2182 2505 2731 2574 comprehenderetur
2769 2516 2797 2553 a
2835 2505 3209 2568 persequente,
3244 2509 3367 2547 cum

1796 2601 2068 2672 pau‘lisper
2102 2598 2454 2653 contieuisset
2480 2595 2574 2657 ait,
2600 2592 2779 2647 divina
2804 2591 3009 2644 visione
3032 2600 3325 2657 persuasus
3352 2602 3366 2636 :

1797 2693 2228 2761 Navigationem,
2266 2705 2298 2744 ο
2321 2688 2440 2747 viri.
2469 2692 2868 2747 convertamus,
2906 2681 3014 2734 Deo
3038 2680 3108 2732 ita
3136 2677 3371 2740 volente,

1799 2794 1859 2840 ut
1914 2782 2315 2853 quamprimum
2372 2778 2629 2833 restituar
2660 2771 3064 2828 Alexandrinis.
3097 2768 3205 2821 Illis
3242 2781 3378 2820 vero

1801 2873 2233 2946 prohibentibus,
2289 2885 2355 2924 ac
2399 2878 2607 2922 tantum
2662 2880 2766 2919 non
2826 2860 3202 2932 plorantibus,
3245 2871 3372 2925 pro-

1803 2970 2083 3038 priumqne
2122 2962 2421 3031 periculum
2470 2955 2966 3028 prospicientibus,
3021 2953 3100 3003 ait
3155 2958 3377 3002 sanctus

1801 3057 2132 3114 Athanasius
2165 3071 2179 3107 :
2218 3053 2297 3107 Ne
2331 3053 2403 3106 ita
2461 3050 2646 3104 dolore
2700 3062 2797 3102 vos
2847 3044 3124 3105 aﬂiciatis,
3155 3042 3376 3102 fratres,

1803 3152 2009 3207 credite
2047 3148 2230 3218 plures
2270 3144 2551 3199 nobiscum
2595 3154 2718 3194 esse
2740 3152 2901 3206 quam
2932 3150 3054 3190 cum
3088 3133 3215 3197 illis,
3236 3130 3378 3185 invi-

1804 3254 2058 3310 ctumque
2090 3248 2331 3293 nostrum
2366 3234 2743 3289 auxiliatorem
2798 3242 2949 3282 esse.
2978 3225 3055 3280 Ita
3106 3236 3380 3279 converso

1799 3347 1959 3387 θυι-ευ
1997 3340 2139 3385 retro
2168 3326 2414 3381 feruntur
2446 3337 2603 3377 nave.
2661 3319 2766 3374 Sed
2797 3324 3158 3373 occurrerunt
3185 3320 3384 3369 εοιὶοιο

1802 3443 2104 3499 Athanasio
2142 3439 2478 3512 proditorum
2518 3434 2741 3505 quidam
2775 3432 2878 3486 viri
2906 3429 3106 3494 Grzeci,
3138 3428 3229 3497 qui
3257 3440 3385 3496 per-

1805 3529 2044 3586 secutori
2104 3533 2489 3599 persuaserant
2533 3522 2756 3592 jamjam
2810 3535 2868 3576 se
2919 3520 2971 3574 in
3030 3524 3385 3586 conspectum

1806 3622 1978 3679 sancti
2018 3620 2300 3675 Athanasii
2330 3628 2607 3673 venturos.
2638 3615 2773 3671 Cum
2802 3612 2915 3681 jam
2944 3612 3165 3682 propius
3194 3622 3381 3663 acces-

1804 3714 2025 3778 sissent,
2064 3713 2343 3780 oculisque
2377 3709 2520 3779 eapti
2556 3717 2763 3772 essent,
2795 3703 3150 3765 Athanasius,
3187 3699 3263 3752 uti
3313 3696 3385 3750 ab

1804 3806 2000 3860 Elisreo
2028 3813 2239 3875 gestum
2286 3801 2389 3857 fuit
2413 3840 2429 3867 ,
2481 3802 2785 3869 interrogat
2830 3808 2989 3865 quem
3023 3798 3328 3861 quaererent
3363 3806 3381 3841 τ

1806 3896 1915 3952 illis
1956 3896 2262 3951 dicentibus
2287 3932 2303 3959 ,
2343 3891 2702 3947 Athanasium
2731 3907 2745 3945 :
2780 3884 3069 3957 respondet
3106 3882 3192 3937 ille
3218 3897 3234 3935 :
3257 3878 3389 3935 Scio

1806 3988 1957 4041 illum
2010 3987 2169 4057 paulo
2220 3994 2346 4040 ante
2379 3996 2703 4054 properasse
2748 3990 2807 4034 ut
2846 3992 2943 4033 vos
2990 3978 3378 4029 anteverteret.

1813 4076 2058 4145 Eumque
2097 4076 2171 4131 illi
2204 4075 2683 4145 pmtermittentes
2734 4085 2856 4125 eum
2912 4065 3182 4137 persecuti
3234 4070 3384 4125 sunt,

1814 4184 1974 4238 quem
2011 4170 2270 4223 habentes
2310 4181 2494 4222 coram
2523 4180 2627 4219 non
2657 4163 2930 4216 viderunt.

161 4245 421 4309 ζειναὺτδν
452 4254 625 4324 ἔγνων
657 4256 841 4324 ὀλίγον
869 4256 1128 4327 πρότερον
1200 4230 1294 4308 καὶ
1333 4254 1759 4325 παραδραμόντα
1797 4230 1963 4329 ἡμᾶς.
2040 4261 2151 4314 Καὶ
2201 4258 2566 4330 παρελθόντες
2620 4252 2865 4317 ἐδίωκον,
2909 4250 2968 4304 ὃν
3016 4230 3252 4319 ἔχοντες,
3286 4245 3389 4298 οὐκ

161 4340 413 4399 ἐθεάσαντο
445 4346 529 4417 (i).

215 4434 284 4489 16.
326 4438 382 4491 '0
408 4440 463 4491 δὲ
498 4440 657 4508 am;
701 4437 1018 4503 Ἀθανάσιος
1038 4438 1233 4493 θᾶττον
1272 4441 1351 4503 είς
1384 4439 1485 4510 τὴν
1525 4440 1695 4505 Ἀλεξ-

1885 4438 1974 4493 16.
2014 4436 2250 4491 Sanetus
2280 4443 2462 4487 autem
2486 4429 2818 4484 Athanasius
2859 4426 2967 4480 cito
3000 4422 3393 4478 Alexandriam

164 4522 373 4595 ἀνδρειαν
416 4528 691 4601 κατήχθη,
737 4528 993 4600 πλείστης
1031 4532 1207 4601 χαράς
1236 4530 1336 4601 τὴν
1388 4530 1715 4600 Ἐκκλησίαν

167 4617 434 4692 ἐμπλήσας·
468 4623 604 4675 ὅπου
654 4621 866 4691 βραχὺν
911 4622 1099 4693 χρόνον
1125 4622 1479 4694 ἀποκρυϐεὶς,
1520 4624 1714 4693 μικρὸν

166 4706 348 4782 ὕστερον
390 4713 525 4783 μετά
549 4713 872 4784 παρρησίας
905 4713 981 4783 τῶ
1002 4713 1143 4783 λόγῳ
1175 4714 1269 4766 τοῦ
1294 4714 1426 4766 Θεοῦ
1468 4716 1714 4785 mapm-

168 4799 358 4863 ϐιάζετο.
402 4805 457 4858 '0
502 4804 617 4875 γὰρ
666 4802 974 4870 Ἰουλιανὸς,
1025 4803 1197 4857 πολλά
1243 4803 1384 4857 κατὰ
1423 4803 1529 4856 τῶν
1580 4803 1717 4873 Χρι-

168 4894 356 4945 στιανῶν
401 4895 868 4967 διαπραξάμενος,
926 4894 1076 4957 τέλος
1132 4895 1281 4960 ἀξιον
1340 4894 1708 4966 ἀπηνέγκατο.

167 4980 291 5035 Κατὰ
332 4987 552 5058 Περσῶν
619 4986 733 5057 γάρ
784 4985 1137 5056 στρατεύσας,
1192 4989 1285 5041 καὶ
1330 4985 1713 5049 πεπιστευκὼς

171 5076 399 5140 μαντείαις
426 5079 540 5130 τισὶ
596 5077 693 5130 καὶ
745 5076 1164 5149 ὀνειροπολήσας
1216 5079 1315 5147 τὴν
1353 5075 1710 5145 Ἀλεξάνδρου

168 5158 238 5210 τοῦ
267 5165 564 5231 Μακεδόνος
620 5167 779 5220 πόλιν
832 5166 1014 5219 λαϐεῖν
1039 5207 1054 5231 ,
1104 5168 1136 5239 ἢ
1178 5169 1270 5220 καὶ
1313 5166 1513 5237 μᾶλλον
1552 5164 1714 5217 αὐτὸν

179 5250 477 5333 Ἀλέξανδρον
500 5260 647 5315 εἶναι
681 5262 740 5312 ὲν
789 5260 961 5332 ἑτέρῳ
996 5259 1225 5329 σώματι,
1272 5258 1472 5323 πολλὰς
1519 5257 1713 5327 κώμας

262 5491 277 5560 )
305 5493 466 5546 Πάλιν
502 5492 742 5561 στρατός
774 5491 927 5545 abest
953 5508 980 5545 a
1006 5492 1175 5546 Palat.

236 5566 275 5629 ε)
299 5561 470 5619 Palat.
504 5564 536 5615 6
568 5563 650 5625 δὲ,
683 5563 783 5632 τῆς
811 5561 1106 5643 ἐκκλησίας
1143 5560 1563 5633 χαρακωμένης.

237 5632 287 5698 ά)
314 5630 478 5687 Palat.
524 5632 832 5698 διδράσκει.
893 5629 1036 5687 lnlra
1084 5634 1246 5698 idem,
1300 5648 1563 5698 περιαγομ

242 5632 287 5698 d)
314 5631 478 5687 Palat.
524 5632 832 5704 διδράσκει.
893 5631 1036 5687 lnl‘ra
1084 5631 1246 5698 idem,
1300 5631 1707 5703 περιαγομένην

242 5715 263 5750 ε
289 5701 537 5756 κάκείσεε
588 5705 648 5756 Ὀ
682 5700 760 5755 δέ.

223 5718 263 5750 οε
289 5718 537 5769 κακεισε;
590 5718 648 5756 υ
682 5718 760 5755 οε.

223 5770 279 5842 (ε)
310 5770 798 5842 Ροιιιιηάγόμενος.

222 5838 277 5908 α’)
303 5840 388 5898 Sic
430 5835 785 5900 Pila-L'Editi
829 5854 980 5909 vero,
1025 5840 1163 5910 ἀνὴρ
1209 5835 1312 5909 ἦγε
1338 5841 1428 5896 τὸν
1460 5839 1708 5905 δπισθεν,

235 5419 278 5499 a)
312 5421 398 5478 Sic
429 5424 605 5477 Palat.
648 5420 793 5475 Editi
818 5435 966 5487 vero,
1011 5422 1068 5475 ὐ
1094 5421 1149 5475 δὲ
1174 5420 1443 5492 βασιλεύς.

235 5492 277 5560 b)
305 5493 466 5546 Πάλιν
502 5492 744 5573 στρατός
774 5491 927 5545 abest
953 5508 980 5545 a
1006 5492 1175 5546 Palat.

218 5418 470 5750 ἐγιίἐιιῇ.
504 5563 785 5687 666:,de
811 5561 1106 5685 ὲκῖλησίας
1143 5560 1443 5660 χαρακωμέ

242 5715 263 5737 ς
289 5673 537 5750 κάκείἑεῖ
682 5648 832 5750 get.
919 5648 948 5685 ll
979 5648 1036 5687 ra
1084 5634 1246 5698 tdettt,
1300 5649 1443 5703 περιι

173 5696 216 5764 τῇ

1816 4529 2108 4589 reductus,
2146 4538 2361 4579 summo
2396 4521 2593 4592 gaudio
2635 4516 2863 4586 replevit
2910 4513 3230 4569 Ecclesiam.
3283 4510 3391 4566 Ubi

1812 4618 2085 4690 paulisper
2110 4614 2437 4675 occultatus,
2476 4609 2634 4681 paulo
2664 4616 2785 4678 post
2813 4622 2935 4661 cum
2979 4604 3231 4669 libertate
3264 4618 3390 4657 ver-

1813 4714 1942 4767 bum
1982 4708 2076 4763 Dei
2131 4707 2306 4778 palam
2356 4703 2702 4774 praedicabat.
2741 4699 2875 4754 Nam
2916 4696 3168 4752 Julianus
3216 4695 3393 4750 multa

1813 4811 2002 4860 contra
2036 4800 2377 4856 Christianos
2430 4795 2800 4856 machinatus,
2832 4793 3050 4861 dignum
3106 4787 3388 4841 interitum

1814 4900 2135 4951 consecutus
2162 4898 2265 4945 est.
2324 4887 2457 4941 Nam
2488 4901 2609 4939 eum
2645 4883 2826 4938 Persis
2874 4879 3072 4935 bellum
3124 4876 3395 4931 intulisset

1815 4996 1870 5043 et
1922 4981 2346 5041 divinationibus
2380 4978 2703 5048 quibusdam
2734 4985 3027 5044 persuasus
3067 4984 3132 5024 ac
3171 4967 3395 5023 somniis

1817 5083 2092 5146 deceptus,
2129 5073 2275 5142 quod
2314 5068 2665 5125 Alexandrini
2717 5063 3028 5119 Macedonis
3061 5062 3248 5115 urbem
3301 5073 3395 5112 ea-

1817 5177 2010 5238 pturus
2062 5174 2244 5227 esset,
2302 5172 2391 5215 aut
2442 5161 2621 5229 potius
2667 5156 2976 5211 Alexander
3005 5153 3119 5221 ipse
3148 5157 3297 5206 esset
3344 5147 3399 5199 in

1820 5262 1925 5316 alio
1971 5271 2245 5327 corpore,
2279 5255 2473 5309 multos
2524 5254 2673 5307 vicos
2718 5259 2773 5305 et
2824 5247 3073 5319 prmsidia
3108 5244 3398 5299 Persarum

1744 5404 1755 5413 ’
1796 5418 2046 5501 δθάνατον
2075 5415 2337 5470 ἀπειλῶν.
2362 5413 2501 5469 Infra
2531 5413 2695 5477 idem,
2729 5408 2805 5470 ὡς
2821 5407 3005 5475 τάχος.
3024 5400 3187 5463 Editi,
3217 5400 3298 5462 είς
3315 5399 3401 5451 τά·

1816 5506 1930 5560 χος.

1889 5537 1961 5627 ᾧ)
1994 5557 2167 5610 Palat.
2212 5556 2306 5609 καὶ
2342 5551 2621 5619 διωλύγιον
2659 5546 3017 5617 θρηνούντων,
3054 5539 3146 5592 καὶ
3188 5537 3278 5591 τὸν
3326 5538 3404 5588 οἱ-

1817 5632 1963 5711 “???
1987 5628 2216 5711 (ὲέναῑῑοι
2247 5628 2421 5711 Wet);
2454 5682 2459 5703 ε

1889 5676 1966 5768 '0.)
1993 5676 2467 5768 ἰέάὶιί
2514 5702 2663 5751 vero,
2713 5684 3023 5753 γενόμενος.
3072 5678 3191 5733 Mox
3225 5676 3400 5732 Palat.

1816 5766 2300 5838 ἀντιστρέψαντες.

1889 5818 1965 5902 (il
1988 5818 2164 5892 Palat.
2196 5818 2298 5889 οὐκ
2328 5824 2779 5890 gemmam-ast
2814 5818 3149 5884 ἐκράτησαν.
