4010 6514
566 396 760 443 CCII."

1921 354 2464 418 PROLEGOMENA.

562 485 853 554 populatus
884 521 900 549 ,
946 483 1222 552 urbesque
1269 478 1535 550 quasdam
1588 491 1713 532 cum
1762 474 1997 544 cepisset
2024 514 2039 538 ,
2082 482 2134 528 et

2240 473 2335 524 καὶ
2362 470 2597 542 φρούρια
2632 470 2740 524 τῶν
2773 468 3000 540 Περσῶν
3042 466 3344 539 πορθήσας,
3389 466 3482 519 καὶ
3526 462 3833 535 πόλειςλαο

556 576 966 644 Ctesiphontem
994 587 1246 641 magnam
1275 571 1479 627 turbem
1520 564 1981 631 circumsedisset,
2006 578 2132 629 sup-

557 664 836 734 plicesque
867 664 1063 721 Persas
1087 663 1299 725 adesse,
1315 667 1477 729 atque
1499 658 1705 725 legatos
1730 658 1797 709 ad
1824 669 1882 711 se
1916 654 2133 707 mittere

555 754 843 823 coegisset,
870 768 1057 808 eorum
1089 763 1267 807 tamen
1292 748 1718 819 supplicationes
1746 760 1850 799 non
1872 743 2128 808 admisit;

558 852 699 912 quod
738 847 790 897 in
828 845 1201 899 imminentem
1235 859 1263 896 a
1306 841 1417 897 Deo
1472 840 1575 895 sibi
1614 838 1907 891 vindictam
1957 848 2136 887 reser-

558 948 716 990 vatus
754 948 921 992 esset.
949 938 1290 993 Accusabant
1317 944 1497 988 autem
1529 933 1677 987 illum
1711 928 1965 994 Romani,
1992 926 2131 996 quod

560 1032 739 1087 oblato
785 1032 883 1084 sibi
920 1032 1107 1093 lucro,
1166 1042 1396 1097 pugnam
1456 1041 1561 1080 non
1619 1026 1855 1077 vitaret:
1893 1030 2131 1075 attamen

560 1134 749 1176 contra
786 1132 1096 1191 prmsentem
1118 1121 1323 1173 hostem
1355 1117 1421 1171 ad
1450 1130 1679 1185 pugnam
1704 1129 1761 1168 se
1790 1112 2131 1169 inStruxere:

559 1227 881 1281 rursumque
914 1210 1256 1276 adversarios
1288 1219 1505 1263 vertunt
1526 1209 1576 1260 iu
1607 1206 1808 1279 fugam.
1838 1203 2131 1257 Sciendum

558 1321 720 1373 porro
770 1304 1045 1358 Julianum
1075 1319 1105 1357 a
1147 1302 1310 1357 Persa
1350 1284 1625 1368 transfuga
1657 1298 1968 1363 deceptum,
2001 1309 2127 1349 one.

560 1397 732 1451 rarias
755 1412 920 1451 naves
952 1412 1070 1464 qum
1096 1410 1325 1449 annona:
1374 1409 1468 1464 per
1501 1391 1719 1446 ﬂuvium
1751 1388 2008 1444 vehenda:
2038 1387 2135 1441 de-

556 1498 758 1556 putatae
788 1497 966 1549 erant,
998 1487 1396 1548 cumbussisse;
1423 1500 1541 1554 quae
1568 1498 1729 1537 causa
1762 1483 1943 1535 fuitut
1973 1494 2132 1532 exer-

556 1579 698 1633 citus
756 1579 897 1631 fame
950 1577 1238 1633 laboraret.
1290 1576 1426 1629 Nam
1477 1591 1601 1629 cum
1651 1573 1816 1628 Persa
1858 1570 2131 1640 transfuga

556 1667 893 1735 promisisset
924 1667 1027 1729 illi,
1069 1667 1207 1731 intra
1242 1666 1491 1719 triduum
1526 1664 1851 1733 traditurum
1878 1676 1935 1715 se
1962 1660 2162 1731 Baby:

558 1758 756 1821 Ionem,
796 1773 895 1811 nec
925 1767 1037 1811 tum
1067 1758 1295 1811 ulterius
1322 1771 1537 1809 annona
1568 1755 1790 1808 advecta
1820 1768 1953 1821 opus
1982 1751 2129 1806 fore:

2240 568 2371 637 ὁὼν,
2397 552 2765 639 περιτοιχίσας
2792 566 2848 621 δὲ
2876 566 2969 621 καὶ
3002 563 3365 633 Κτησιφῶντα
3409 565 3487 633 (a)
3530 563 3632 635 τὴν
3668 566 3832 635 μεγάο

2238 659 2338 728 λην
2373 658 2549 723 πόλιν,
2604 660 2788 721 ἱκέτας
2837 659 2964 720 τοὺς
3003 657 3218 728 Πέρσας
3272 654 3471 709 ἑαυτοῦ
3504 655 3832 725 κατέστησε,

2240 748 2335 799 καὶ
2366 745 2687 816 πρεσϐεύειν
2740 747 2937 808 αὐτοὺς
2982 746 3117 817 πρὸς
3162 744 3327 798 αὑτὸν
3358 745 3649 797 ἀνέπεισεν
3670 762 3683 775 ⁸
3719 748 3746 800 ό
3776 746 3833 800 δὲ

2240 837 2337 900 τάς
2375 836 2651 908 ἱκετηρίας
2690 836 2799 889 τῶν
2823 836 3047 907 Περσῶν
3074 837 3172 888 οὐκ
3199 835 3417 900 ἐδέξατο
3440 853 3453 865 ’
3500 836 3723 899 πάντως
3755 838 3834 900 είς

2239 924 2336 995 τὴν
2368 926 2740 997 ἐπερχομένην
2768 926 2915 996 αύτῴ
2949 925 3200 996 θεήλατον
3228 926 3399 996 ὀργὴν
3434 923 3601 979 αὑτοῦ
3632 926 3833 994 φυλατ-

2239 1018 2483 1088 τόμενος.
2533 1018 2903 1087 Διεμέμιροντο
2951 1015 3006 1067 δὲ
3061 1016 3220 1069 αὐτὸν
3256 1012 3541 1085 Ῥωμαῖοι,
3570 1015 3707 1068 διότι
3757 1016 3834 1087 μὴ

2240 1110 2333 1161 ἐπὶ
2366 1109 2553 1182 κέρδος
2577 1110 2750 1179 ὑφῆκε
2772 1109 2869 1177 τῆς
2892 1108 3090 1178 μάχης.
3121 1108 3309 1176 Ὅμως
3336 1107 3393 1158 δὲ
3420 1109 3530 1170 τοῖς
3564 1105 3835 1178 παροῦσιν

2239 1199 2780 1270 ἀντιπαρετάττοντο,
2808 1198 2903 1249 καὶ
2939 1192 3092 1260 αὖθις
3120 1198 3247 1258 τοὺς
3274 1196 3567 1267 πολεμίους
3594 1196 3835 1266 τρέπου-

2243 1308 2325 1343 σιν
2358 1292 2436 1354 είς
2467 1291 2664 1361 φυγήν.
2705 1290 2898 1342 ’ἰστέον
2930 1289 3007 1352 δὲ,
3040 1291 3120 1342 ὅτι
3155 1289 3258 1341 ὑπὸ
3292 1289 3591 1359 αὐτομόλου
3620 1288 3832 1358 Πέρσου

2241 1378 2541 1449 ἀπατηθεὶς
2563 1381 2591 1430 ὁ
2632 1379 2935 1443 Ἰουλιανὸς,
2966 1379 3034 1432 τά
3065 1379 3389 1449 σιτηγοῦντα
3415 1378 3503 1432 διά
3531 1378 3643 1431 τῶν
3675 1396 3838 1431 ποτα.-

2244 1470 2361 1539 μῶν
2392 1471 2649 1541 πλοιάρια
2684 1471 2989 1524 κατέκαυσε
3016 1488 3028 1500 ·
3063 1472 3129 1523 δι’
3151 1471 3178 1523 ὂ
3208 1470 3301 1523 καὶ
3329 1470 3472 1540 λιμῷ
3505 1469 3836 1540 περιέπεσεν

2239 1568 2269 1618 ό
2303 1566 2551 1636 στρατός.
2586 1564 2691 1617 Τοῦ
2726 1565 2836 1635 γὰρ
2870 1564 3167 1635 αὐτομόλου
3204 1564 3414 1636 Πέρσου
3454 1564 3834 1633 ὑποσχομένου

2241 1655 2391 1725 αὑτῷ
2420 1642 2477 1707 ἐν
2509 1654 2684 1725 τρισὶν
2730 1654 2966 1724 ἡμέραις
2999 1652 3339 1723 παραδώσειν
3382 1653 3479 1723 τὴν
3512 1652 3834 1717 Βαϐυλῶνα,

2242 1745 2335 1799 καὶ
2375 1746 2450 1815 μὴ
2492 1744 2711 1815 χρῄζειν
2740 1744 2982 1806 πλείονος
3014 1743 3215 1795 τούτων
3256 1736 3633 1811 ἀναλώματοςζ
3667 1758 3839 1795 κατα-

556 1852 644 1905 bis
673 1865 960 1918 persuasus
988 1850 1078 1903 ille
1114 1849 1444 1904 frumentum
1495 1862 1619 1900 cum
1675 1846 1909 1913 navigiis
1939 1855 1995 1899 et
2024 1845 2134 1898 lar-

2242 1836 2489 1899 πεισθεὶς
2518 1835 2607 1888 τὸν
2646 1836 2742 1906 μὲν
2776 1838 2919 1889 σῖτον
2948 1837 3045 1888 σὺν
3076 1838 3187 1897 τοῖς
3211 1835 3414 1903 πλοίοις
3444 1834 3540 1887 καὶ
3568 1834 3671 1904 τὴν
3703 1833 3839 1905 λάρ-

557 1944 708 2008 dnm,
740 1957 861 1996 cum
897 1943 1021 2009 igne
1054 1940 1520 2008 consumpsisset,
1554 1953 1761 1995 necnon
1809 1948 1861 1991 et
1908 1938 2008 1990 alia
2041 1953 2136 2006 pro

556 2032 832 2085 exercitus
860 2031 1002 2086 victu
1038 2039 1375 2098 comportata
1409 2031 1460 2083 in
1496 2028 1720 2084 ﬂuvium
1751 2028 2133 2096 demersisset;

558 2130 670 2175 tum
706 2138 832 2178 esca
871 2122 1099 2179 fallacia:
1125 2125 1410 2187 devorata,
1453 2122 1617 2177 hamo
1653 2122 1972 2177 trahebatur
2017 2136 2139 2176 cre-

556 2212 754 2277 dulus,
809 2213 1136 2281 dignamque
1188 2213 1454 2267 factorum
1499 2225 1714 2281 poenam
1749 2210 1951 2265 luebat.
2003 2210 2136 2265 Cum

555 2305 701 2357 enim
732 2304 798 2357 ad
821 2304 1039 2357 tertium
1074 2312 1399 2370 quartumve
1424 2302 1591 2366 diem,
1613 2302 1719 2355 imo
1751 2300 1932 2370 plures
1950 2302 2137 2367 etiam,

556 2394 781 2461 spiritus
830 2395 1037 2448 erroris
1080 2395 1513 2449 circumduceret
1563 2408 1690 2448 eum
1736 2408 1859 2448 cum
1892 2394 2137 2447 exercitu

557 2499 655 2553 per
698 2484 914 2541 deserta
970 2484 1111 2547 loca,
1148 2485 1340 2553 ingens
1369 2494 1491 2538 erat
1543 2485 1792 2540 anxietas
1826 2485 1989 2538 animi
2043 2499 2139 2554 per

560 2586 735 2631 totum
758 2577 1081 2639 exercitum,
1116 2576 1183 2630 in.
1200 2577 1365 2633 siccis
1396 2585 1451 2631 et
1474 2592 1611 2645 aqua
1637 2576 1951 2637 carentibus
1979 2576 2151 2642 locis,

558 2670 785 2738 pennria
856 2669 1097 2723 omnium
1174 2668 1605 2723 necessariorum
1660 2666 2078 2723 circumclusum
2118 2685 2147 2735 :p

556 2759 809 2814 omnibus
875 2768 1055 2812 autem
1110 2757 1615 2824 conclamantibus,
1664 2772 1903 2826 prmsens
1948 2757 2137 2811 aderat

556 2865 724 2918 eques
755 2850 869 2920 ipse
903 2849 1151 2904 Julianus
1174 2888 1188 2911 ,
1222 2858 1385 2918 atque
1416 2848 1644 2904 inermis
1673 2849 1972 2903 exercitum
2001 2863 2135 2903 con-

561 2938 829 2993 ﬁrmabat.
870 2939 947 2993 Ex
981 2939 1196 2995 occulto
1231 2948 1411 2993 autem
1437 2940 1632 3008 sagitta
1665 2941 1718 2995 in
1740 2955 1863 2995 eum
1898 2939 2061 3005 volat,
2084 2948 2139 2994 et

558 3044 656 3096 per
683 3027 962 3082 brachium
997 3030 1286 3094 transiens,
1308 3032 1360 3087 in
1389 3031 1639 3084 dextrum
1666 3030 1809 3096 latus
1838 3029 2002 3084 infixa
2031 3040 2132 3095 est,

557 3132 665 3186 quo
690 3132 757 3173 ex
791 3119 1011 3174 vulnere
1044 3120 1209 3174 vitam
1257 3136 1377 3175 cum
1431 3129 1607 3175 morte
1655 3124 2043 3186 commutavit,
2079 3130 2138 3175 ut

557 3205 822 3263 incertum
870 3219 1013 3263 esset
1073 3224 1247 3278 aquo
1294 3208 1493 3275 fuisset
1533 3212 1743 3277 occisus
1784 3226 1800 3265 :
1848 3211 1939 3265 alii
1991 3211 2135 3265 enim

557 3298 707 3354 aiunt
732 3316 761 3352 a
796 3299 1072 3370 transfuga
1104 3302 1264 3356 Persa
1292 3318 1307 3367 ;
1341 3302 1430 3355 alii
1462 3301 1528 3356 ab
1549 3302 1731 3370 aliquo
1759 3315 1789 3356 e
1817 3303 1930 3357 suis
1952 3302 2139 3356 militi-

556 3389 677 3443 bus.
714 3389 781 3444 Ut
819 3399 998 3444 autem
1043 3391 1276 3459 plurium
1330 3406 1584 3446 sermone
1639 3392 1835 3457 fertur,
1880 3393 2137 3451 divinitus

558 3473 1049 3536 inllictum'vulnus
1080 3481 1201 3535 fuit.
1238 3482 1313 3536 lla
1346 3482 1514 3551 igitur
1543 3497 1666 3536 cum
1704 3481 1893 3552 viginti
1925 3498 2137 3538 menses

561 3569 789 3637 imperio
839 3571 1040 3639 potitus
1068 3582 1210 3626 esset
1236 3571 1491 3626 Julianus
1512 3613 1527 3637 ,
1571 3573 1624 3626 in
1656 3584 1849 3640 quarto
1879 3588 1977 3628 suo
2008 3590 2137 3628 con-

558 3658 733 3715 sulatu
756 3675 916 3731 quem
959 3661 1083 3714 cuni
1110 3652 1353 3717 Salustio
1382 3663 1605 3733 gerebat
1634 3664 1743 3715 vita
1772 3648 1991 3719 functus
2029 3675 2133 3732 est,

561 3753 762 3805 mensis
790 3748 935 3805 Junii
960 3752 1217 3807 vicesimo
1243 3761 1399 3807 sexto
1434 3752 1542 3816 die,
1568 3767 1689 3809 cum
1728 3753 1951 3809 vixisset
1971 3771 2134 3810 unum

558 3849 615 3894 et
647 3841 864 3909 triginta
897 3856 1088 3896 annos.

632 4013 717 4067 l7.
746 4011 876 4067 Post
905 4024 1135 4067 mortem
1178 4016 1361 4085 itaque
1387 4015 1587 4073 Juliani
1617 4060 1632 4085 ,
1668 4011 1831 4075 totius
1863 4023 2136 4080 exercitus

557 4102 787 4168 calculo,
835 4106 1124 4174 imperium
1154 4108 1359 4179 excipit
1388 4106 1650 4165 Iovianus
1687 4114 1818 4181 :qui
1850 4129 1973 4168 cum
2008 4124 2135 4170 octo

559 4209 777 4249 menses
806 4196 1150 4265 imperasset,
1188 4197 1242 4250 in
1277 4198 1599 4256 Dedestanis
1617 4201 1839 4279 Galatiae
1864 4214 1920 4260 et
1945 4204 2134 4277 Bithy-

559 4283 662 4339 nite
702 4284 899 4340 finibus
928 4295 1174 4341 mortuus
1207 4300 1307 4342 εει.
1349 4288 1480 4345 Post
1510 4289 1721 4346 Joviani
1750 4300 2000 4359 mortem,
2026 4295 2132 4348 im-

558 4378 766 4445 perium
800 4376 1037 4445 suscipit,
1058 4375 1469 4435 Valentinianus
1504 4380 1572 4434 ab
1622 4382 1867 4436 exercitu
1920 4384 2132 4453 procla-

556 4476 733 4521 ntattts
776 4468 1073 4538 Augustus.
1117 4466 1531 4524 Valentinianus
1585 4486 1749 4540 porro
1809 4488 2126 4543 germanum

555 4559 776 4610 fratrem
808 4555 1084 4610 Valentem
1118 4556 1331 4625 imperii
1356 4557 1565 4613 socium
1589 4560 1866 4615 declarat:
1889 4565 1982 4632 qui
2018 4558 2135 4616 Va;

540 4645 887 4702 .lentinianus
915 4662 1039 4703 cum
1064 4650 1284 4719 triginta
1311 4649 1485 4706 solum
1510 4650 1626 4705 dies
1660 4650 2129 4726 Constantinopoli

458 4762 461 4763 ν
555 4739 926 4804 remansisset,
964 4749 1019 4795 et
1042 4740 1253 4795 Valenti
1282 4741 1435 4797 fratri
1474 4757 1573 4797 suo
1610 4742 1920 4800 Orientales
1948 4758 2132 4816 partes

557 4828 914 4894 tradidisset,
962 4834 1078 4900 ipse
1120 4832 1253 4889 abiit
1288 4833 1340 4887 in
1372 4833 1740 4890 Occidentem.
1798 4834 2129 4894 SedValens

556 4918 758 4971 nullam
807 4933 991 4972 curam
1042 4935 1156 4975 sua:
1193 4921 1683 4977 administrationis
1735 4925 1803 4977 ad
1842 4924 2126 4980 utilitatem

554 5008 787 5077 agebat,
836 5025 865 5061 a
921 5011 1077 5065 turba
1133 5022 1314 5066 autem
1373 5014 1754 5069 haereticorum
1787 5027 2041 5072 evocatus
2078 5027 2134 5072 et

555 5101 843 5164 abductus,
864 5100 916 5153 in
950 5090 1034 5154 via
1064 5103 1355 5171 impietatis
1379 5104 1590 5158 illorum
1626 5108 1779 5163 abiit.
1816 5108 1945 5174 Quae
1969 5124 2133 5163 causa

556 5190 657 5244 fuit
686 5202 740 5245 ut
767 5192 1083 5247 orthodoxa:
1114 5192 1239 5247 ﬁdei
1267 5194 1483 5262 multos,
1519 5199 1824 5267 episcopos,
1851 5201 2131 5271 presbyte-

555 5298 680 5349 rus,
729 5284 1022 5350 diaconos,
1076 5287 1487 5356 munachdsque
1517 5289 1570 5341 in
1601 5290 1851 5344 exsilium
1888 5290 2129 5358 ejiceret.

554 5372 870 5447 Belluinque
898 5374 1239 5446 implacabile
1268 5376 1840 5434 concitavitadversus
1864 5378 2141 5438 Ecclesias

620 5551 909 5626 (a)}:tlnt.
958 5556 1379 5626 περιστοιχήσας
1439 5556 1494 5609 δὲ
1546 5558 1718 5626 Χτησ.
1777 5557 1893 5611 Mox
1955 5557 2128 5613 Palat.

560 5621 773 5691 ἑαυτοῦ.
802 5624 968 5687 Editi,
994 5621 1182 5680 αὖτοῦ.

631 5695 705 5759 (li)
732 5694 825 5747 Sic.
858 5694 1031 5748 Palat.
1062 5696 1227 5757 Etliti,
1264 5696 1427 5758 αὐτὸς
1452 5694 1528 5746 δέ.

633 5764 704 5829 (C)
729 5762 819 5818 Sic
839 5763 1012 5818 Palat.
1049 5765 1220 5830 Editi,
1251 5765 1482 5828 ἀόπλοις.

2162 4513 2205 4566 D

2236 1927 2325 1980 δον
2360 1927 2494 1998 πυρλ⁸
2527 1926 2888 1995 καταφλέξας,
2922 1916 3127 1979 καιτά
3155 1910 3291 1979 ἄλλα
3326 1926 3523 1990 πάντα,
3558 1927 3661 1978 ὅσα
3694 1925 3838 1994 πρὸς

2238 2021 2532 2092 διατροφὴν
2576 2019 2669 2071 τοῦ
2723 2018 2953 2089 στρατοῦ
2988 2017 3301 2088 κεκόμιστο,
3330 2018 3600 2085 ἀφανίσας
3628 2016 3835 2077 πάντα,

2239 2110 2332 2163 καὶ
2356 2109 2432 2179 τῷ
2484 2107 2713 2179 ποταμῷ
2742 2108 2933 2160 ἐκδοτα
2960 2102 3081 2168 δούς
3099 2124 3112 2137 ο
3156 2108 3317 2170 αὑτός
3347 2124 3405 2159 τε
3441 2108 3515 2177 (b)
3549 2107 3611 2159 τὸ
3637 2107 3837 2178 δέλεαρ

2237 2201 2337 2271 τῆς
2375 2199 2583 2270 πλάνης
2628 2198 2933 2265 καταπιὼν,
2968 2198 3180 2251 εἵλκετο
3228 2196 3306 2267 τῷ
3333 2197 3618 2269 ἀγκίστρῳ
3646 2197 3835 2250 πειθό-

2240 2307 2433 2360 μενος,
2471 2289 2627 2353 ἀξίαν
2658 2288 2845 2358 ποινὴν
2879 2288 3167 2351 ἀποτίσων,
3204 2280 3279 2339 ὧν
3314 2287 3569 2357 ἔδρασεν..
3603 2287 3692 2349 Ὠς
3723 2287 3839 2358 γάρ

2237 2380 2427 2449 τρίτην
2454 2381 2550 2432 καὶ
2574 2381 2840 2450 τετάρτην
2862 2379 3097 2450 ἡμέραν,
3122 2380 3221 2431 παὶ
3251 2378 3341 2431 ἐπὶ
3365 2378 3584 2440 πλείους
3606 2374 3709 2449 ἦγε
3736 2380 3836 2431 καὶ

2237 2473 2503 2544 περιῆγεν
2542 2472 2703 2525 αὐτὸν
2725 2472 2785 2525 τὸ
2813 2471 3027 2541 πνεῦμα
3048 2471 3147 2541 τῆς
3182 2468 3388 2539 πλάνης
3414 2470 3557 2524 κατά
3585 2470 3686 2540 τὴν
3712 2469 3840 2542 ἔρη-

2247 2581 2347 2635 μον
2370 2566 2465 2617 σὺν
2500 2562 2577 2634 τῷ
2626 2563 2863 2634 στρατῷ,
2905 2562 3104 2633 πολλῆς
3126 2562 3434 2633 ἀμηχανίας
3462 2560 3633 2630 οὔσης
3673 2562 3729 2613 ὲν
3752 2560 3837 2630 τῷ

2239 2655 2474 2725 στρατῷ,
2512 2656 2571 2707 ὲν
2602 2654 2853 2725 ἀνύδροις
2893 2655 2984 2709 καὶ
3011 2655 3315 2726 αὐχμηροίς
3356 2653 3545 2715 τόποις
3578 2651 3835 2721 συγκλει-

2239 2746 2421 2799 σθέντι
2451 2747 2668 2818 ἀπορίᾳ
2720 2746 2829 2799 τῶν
2862 2746 3203 2816 ἐπιτηδείων,
3232 2743 3325 2797 καὶ
3358 2744 3576 2796 πάντων
3599 2742 3841 2796 καταδο-

2234 2838 2453 2903 ὡντων,
2497 2839 2675 2910 παρῆν
2724 2837 2953 2908 ἱππότης
2978 2836 3137 2900 αὐτὸς
3170 2837 3218 2903 ὁ⁴
3234 2834 3519 2899 Ἰουλιανὸς
3569 2834 3667 2887 καὶ
3707 2835 3841 2886 ἐπε-

2240 2928 2441 3001 ρὼννυε
2483 2927 2574 2980 τὸν
2613 2927 2842 2999 στρατὸν
2868 2927 3064 2989 ἄοπλος
3090 2925 3176 2995 (c).
3210 2925 3299 2989 Ἐξ
3322 2924 3561 2993 ἀφανοῦς
3588 2925 3646 2978 δὲ
3675 2924 3842 2977 ἀκόν-

2236 3032 2349 3069 τιον
2384 3016 2610 3086 ιρέρεται
2649 3017 2772 3072 κατ’
2806 3016 2991 3079 αὐτοῦ,
3025 3015 3118 3068 καὶ
3150 3014 3239 3068 διά
3281 3015 3375 3067 τοῦ
3415 3014 3698 3085 βραχίονος
3719 3015 3841 3068 δια-

2238 3104 2484 3175 δραμὼν,
2528 3109 2607 3169 είς
2639 3106 2738 3178 τὴν
2768 3106 3006 3178 πλευρὰν
3040 3107 3137 3179 τὴν
3170 3105 3349 3172 δεξιὰν
3391 3106 3590 3171 είσέδυ,
3632 3109 3727 3160 καὶ
3765 3108 3840 3159 ἐκ

2240 3196 2446 3273 ταύτης
2476 3198 2575 3268 τῆς
2609 3199 2821 3271 πληγῆς
2848 3200 2939 3252 τὸν
2967 3199 3081 3269 βίον
3098 3200 3486 3271 κατέστρεψεν,
3522 3200 3718 3269 ἀδήλου
3746 3215 3841 3265 γε·

2240 3290 2463 3358 νομένου
2492 3290 2584 3343 τοῦ
2613 3291 2895 3355 ἀνελόντος
2925 3290 3103 3343 αὐτόν.
3162 3291 3224 3341 Ui
3274 3290 3372 3360 μὲν
3432 3291 3541 3362 γάρ
3586 3289 3694 3343 ὑπὸ
3733 3290 3836 3343 τοῦ

2239 3381 2536 3451 αὐτομόλου
2570 3381 2780 3453 Πέρσου
2818 3381 3005 3450 φασὶν,
3038 3382 3087 3433 οί
3114 3382 3169 3434 δὲ
3203 3382 3306 3434 ὑπὸ
3325 3383 3528 3434 οἰκείου
3560 3382 3840 3454 στρατιώ-

2240 3489 2354 3524 του.
2393 3472 2479 3536 Ὠς
2510 3473 2564 3524 δὲ
2595 3474 2623 3525 ὁ
2655 3473 2822 3535 πολὺς
2849 3472 3008 3540 λόγος
3048 3475 3258 3543 κρατεῖ,
3286 3472 3547 3543 θεήλατον
3573 3468 3839 3543 εἶναιτὴν

2240 3564 2472 3635 πληγήν.
2508 3563 2662 3617 Οὕτω
2686 3565 2783 3634 μὲν
2803 3559 2893 3617 οὖν
2924 3564 3095 3617 εἴκοσι
3133 3562 3309 3633 μῆνας
3344 3564 3438 3616 ἐπὶ
3462 3564 3543 3633 τῷ
3574 3564 3841 3633 διαδήμα-

2239 3672 2291 3723 τι
2314 3654 2575 3726 ἐπαρθεὶς
2605 3655 2634 3705 ὁ
2678 3655 2980 3719 Ἰουλιανὸς,
3017 3650 3105 3708 τὸν
3140 3655 3253 3725 βίον
3286 3650 3655 3726 κατέστρεψεν
3680 3655 3736 3706 ὲν
3760 3655 3838 3722 τῇ

2236 3751 2470 3821 τετάρτῃ
2504 3748 2667 3802 αὑτοῦ
2715 3748 2977 3818 ὑπατείᾳ,
3016 3748 3083 3817 ἢν
3112 3749 3230 3816 ἅμα
3266 3746 3575 3816 Σαλουστίῳ
3609 3744 3838 3810 ἔδωκεν,

2240 3841 2407 3913 μηνὸς
2441 3841 2653 3894 Ἰουνίου
2688 3839 2864 3892 είκάδι
2897 3838 3051 3909 ἕκτη,
3083 3839 3254 3908 ζήσας
3290 3838 3348 3890 ἓν
3380 3837 3475 3891 καὶ
3506 3836 3841 3907 τριακοστὸν

2237 3934 2377 3997 ἔτος.

2308 4025 2394 4079 17.
2426 4022 2581 4079 Μετά
2611 4022 2675 4095 δὴ
2714 4018 2807 4077 οὖν
2854 4023 2952 4093 τὴν
2994 4019 3252 4091 τελευτὴν
3304 4018 3621 4085 Ἰουλιανοῦ,
3662 4018 3836 4089 ψήφῳ

2236 4116 2437 4179 παντὸς
2465 4114 2560 4168 τοῦ
2586 4114 2841 4187 στρατοῦ,
2876 4112 3131 4174 Ἰο6ιανὸς
3153 4113 3233 4180 (d,
3267 4111 3363 4182 τὴν
3402 4110 3684 4181 βασιλείαν
3733 4129 3841 4163 πα-

2236 4207 2600 4282 ραλαμϐάνει·
2651 4207 2729 4271 ὃς,
2776 4204 2918 4260 ὀκτὼ
2966 4202 3289 4275 βασιλεύσας
3329 4203 3527 4273 μῆνας,
3570 4205 3630 4256 ὲν
3676 4202 3840 4255 Λεδε-

2236 4300 2449 4362 στάνοις
2494 4298 2767 4369 μεθορίοις
2800 4297 3069 4358 Γαλατίας
3089 4294 3183 4347 καὶ
3205 4293 3459 4356 Βιθυνίας
3485 4293 3835 4362 ἐτελεύτησε.

2234 4390 2387 4446 Μετά
2430 4390 2494 4460 δὴ
2544 4384 2637 4441 οὖν
2676 4388 2773 4459 τὴν
2823 4387 3078 4457 τελευτὴν
3123 4385 3382 4439 Ἰοϐιανοῦ
3409 4384 3506 4438 τοῦ
3566 4380 3837 4454 βασιλέως

2234 4479 2677 4542 Οὑαλεντινιανὸς
2729 4480 2828 4549 τὴν
2860 4478 3134 4549 βασιλείαν
3164 4477 3485 4547 ὑποδέχεται
3523 4476 3633 4530 ἀπὸ
3664 4491 3834 4545 στρα-

2234 4569 2441 4623 τιωτῶν
2473 4568 2701 4639 δειχθεὶς
2725 4566 3053 4635 Αὔγουστος.
3089 4567 3147 4618 Ὀ
3186 4566 3244 4617 δὲ
3269 4564 3711 4627 Οὑαλεντινιανὸς
3737 4564 3833 4615 τὸν

2235 4662 2401 4715 αὑτοῦ
2438 4662 2658 4733 γνήσιον
2690 4658 2916 4727 ἀδελφὸν
2936 4657 3210 4711 Οὐάλεντα
3259 4657 3358 4725 τῆς
3394 4656 3674 4726 βασιλείας
3712 4672 3832 4707 κοι-

2237 4753 2404 4807 νωνὸν
2448 4752 2620 4805 ὲποίει
2646 4751 2754 4821 (ε)’
2806 4750 2955 4812 ὅστις
3015 4748 3477 4811 Οὐαλεντινιανὸς,
3535 4747 3835 4819 τριάκοντα

2239 4844 2451 4915 ἡμέρας
2477 4843 2642 4913 μόνας
2674 4843 2730 4892 ὲν
2758 4840 3330 4894 Κωνσταντινουπόλει
3365 4841 3622 4909 ποιήσας,
3661 4854 3836 4909 παρα·

2234 4934 2359 4997 δούς
2384 4950 2443 4985 τε
2471 4932 2548 5002 τῷ
2570 4929 2753 5000 οἰκείῳ
2782 4927 2994 4999 ἀδελφῷ
3026 4928 3285 4983 Οὐάλεντι
3308 4930 3375 4982 τά
3400 4929 3538 5002 πρὸς
3564 4926 3832 4996 ἀνατολῆν

2243 5026 2404 5097 μέρη,
2436 5024 2597 5086 αὐτὸς
2619 5022 2836 5077 ἄπεισιν
2860 5022 2950 5077 ἐπὶ
2971 5022 3037 5074 τά
3058 5024 3157 5093 τῆς
3178 5022 3401 5085 δύσεως.
3450 5006 3660 5075 Ἀλλάδὸ
3682 5017 3830 5073 0ὑά-

2242 5115 2340 5188 λης
2378 5113 2636 5185 οὐδεμίαν
2684 5112 2780 5182 μὲν
2816 5110 3071 5182 φροντίδα
3108 5112 3444 5167 λυσιτέλειαν
3487 5113 3590 5183 τῆς
3623 5110 3832 5182 διοιχή-

2236 5224 2371 5270 σεως
2408 5208 2641 5259 ἐποιεῖτο
2668 5204 2734 5274 (Ῑ)
2754 5219 2767 5233 ⁸
2810 5201 2888 5272 τῷ
2919 5202 3114 5275 πλήθει
3146 5205 3203 5259 δὲ
3231 5206 3339 5258 τῶν
3371 5205 3663 5278 αἱρετικῶν
3705 5205 3828 5256 ὲπιο

2237 5297 2478 5369 κληθεὶς.
2513 5294 2783 5366 ἐπορεύθη
2823 5297 2889 5365 τῇ
2922 5296 3027 5367 ὁδῷ
3057 5296 3157 5368 τῆς
3178 5296 3433 5361 ἀσεϐείας
3458 5296 3661 5350 αὐτῶν.
3716 5292 3830 5347 Καὶ

2208 5386 2327 5441 ’διὰ
2358 5386 2515 5441 τοῦτο
2560 5383 2787 5447 πολλοὺς
2818 5383 3062 5457 τῶνντῆς
3099 5386 3380 5459 ὀρθοδόξου
3426 5387 3665 5448 πίστεως
3704 5385 3829 5437 ἑπι-

2334 5565 2389 5631 d)
2433 5564 2603 5621 Palat.
2637 5570 2946 5633 ’ἰουὸιανᾶς,
2971 5578 3027 5623 et
3055 5566 3191 5623 infra
3224 5562 3543 5625 Ἰουδιανοῧ.

2334 5634 2582 5704 e)-I_’alat.
2606 5642 2857 5694 κοινωνὸν
2888 5638 3027 5694 εἶναι
3055 5640 3219 5691 ποιεῖ,

2340 5702 2383 5773 ί)
2413 5702 2586 5761 Palat.
2621 5708 2957 5765 λυσιτέλειαν
2985 5708 3080 5763 τοῦ
3110 5707 3289 5763 κοινοῦ
3315 5709 3575 5766 ἐποιεῖτο.
