4010 6508
1064 415 1221 471 VITA
1260 415 1316 473 s.
1359 412 1729 470 ATliANASll
1766 411 1856 468 EX
1891 401 2446 473 METAPHRASTE}

3192 441 3357 484 εοιιν

180 535 399 596 σκὸπους,
428 531 522 584 καὶ
547 527 969 601 πρεσϐυτέρους,
997 529 1090 583 καὶ
1109 526 1383 592 διακόνους
1410 546 1469 581 τε
1492 528 1585 582 καὶ
1614 545 1699 598 μο-

1806 524 2117 581 orthodoxae
2148 527 2269 582 fidei
2300 527 2561 585 addictas.
2588 530 2666 587 Ac
2712 532 2943 603 primum
2990 538 3203 608 quidem
3234 555 3361 597 san—

180 628 398 691 νὰζοντας
419 624 497 685 εἰς
531 621 747 693 ἐξορίαν
782 620 1029 674 ἀπώσατο
1047 637 1061 651 ·
1101 620 1331 691 πόλεμον
1356 619 1410 672 δὲ
1443 617 1701 674 ἄσπονδον

180 716 291 770 κατὰ
306 715 403 766 τῶν
430 714 527 784 τῆς
554 712 834 785 ὀρθοδόξου
859 712 1086 777 πίστεως
1100 711 1291 784 Ἐκκλη
1302 710 1427 765 σιῶν
1444 710 1696 765 ἀνεκίνει.

182 807 266 858 Καὶ
289 786 465 876 πρῶτα
495 803 596 874 μὲν
638 803 729 858 τὸν
755 804 905 883 ἅγιον
928 804 1204 869 Μελέτιον,
1246 803 1335 857 τὸν
1379 802 1701 873 Ἀντιοχείας

180 899 450 962 ἐπίσκοπον,
520 896 709 969 ὲξορίᾳ
761 897 1031 970 ἐζημίωσε
1077 897 1171 951 καὶ
1224 897 1448 960 πολλοὺς
1485 897 1703 968 ἐτέρους

183 992 273 1061 μετ’
302 988 473 1054 αὑτοῦ,
510 988 589 1052 ὡς
619 989 854 1060 εἴρηται,
894 988 999 1041 τῶν
1024 988 1331 1041 ἐπισκόπων
1376 988 1469 1041 καὶ
1508 986 1616 1039 τῶν
1640 987 1702 1038 ἐκ

180 1082 250 1135 τοῦ
272 1081 457 1151 κλήρου
480 1096 495 1111 ·
532 1080 663 1144 τοὺς
690 1080 748 1134 δὲ
783 1080 968 1145 ἄλλους
996 1080 1239 1144 ἅπαντας
1283 1081 1398 1133 ὅσοι
1448 1079 1522 1151 μὴ
1552 1076 1705 1131 ἐϐού-

181 1176 297 1228 λοντο
338 1177 608 1228 κοινωνεῖν
641 1176 757 1236 τοῖς
782 1174 1071 1245 αἱρετικοῖς
1097 1173 1195 1244 (a),
1226 1172 1333 1226 τῶν
1366 1173 1462 1243 μὲν
1504 1173 1703 1243 ἐκκλη-

182 1265 277 1317 σιῶν
318 1264 591 1335 ἐξήλαυνε,
621 1262 849 1334 ζημίαις
879 1263 935 1318 δὲ
974 1262 1067 1316 καὶ
1089 1262 1378 1333 τιμωρίαις
1411 1260 1701 1314 ὑπέϐαλεν.

189 1354 371 1425 Ὁμοίως
388 1353 443 1406 δὲ
470 1353 566 1407 καὶ
592 1355 738 1407 κατά
763 1354 860 1425 τὴν
891 1352 1288 1425 Ἀλεξάνδρειαν
1317 1353 1409 1406 καὶ
1432 1351 1703 1420 Αἴγυπτον

180 1446 250 1515 οὐχ
291 1442 512 1515 ὁτυχὼν
544 1443 910 1517 ἀνερῤιπίσθη
962 1445 1216 1514 διωγμός.
1262 1444 1594 1515 Πρόσταγμα
1628 1445 1702 1513 (b)

181 1536 256 1607 γὰρ
274 1536 510 1607 ἐπάρχων
540 1536 754 1607 σπουδῇ
790 1539 853 1608 τῇ
888 1534 1133 1601 Εὑδοξίου
1161 1537 1254 1589 καὶ
1284 1534 1511 1606 νεύματι
1548 1535 1703 1606 βασι-

180 1630 279 1691 λέως
304 1630 452 1699 ήγετο
504 1628 668 1702 παρά
718 1629 814 1682 τοῦ
862 1630 958 1701 τῆς
997 1628 1394 1699 Ἀλεξανδρείας
1442 1629 1701 1701 ἐπάρχου,

182 1720 297 1785 εὐθύς
317 1737 369 1773 τε
396 1722 492 1791 τὴν
510 1720 848 1793 Ἐκκλησίαν
872 1720 1186 1794 ἐτάρασσεν.
1205 1720 1261 1774 '0
1284 1720 1339 1773 δὲ
1363 1721 1514 1789 διγιος
1550 1720 1705 1774 Ἀθα-

182 1812 330 1875 νάσιος,
361 1813 452 1883 τὴν
486 1813 554 1866 ὲκ
603 1812 700 1865 τοῦ
725 1812 960 1883 πλήθους
990 1811 1179 1881 ἄλογον
1205 1812 1379 1884 ὁρμὴν
1418 1812 1703 1884 ὑφορώμε-

180 1918 257 1964 νος,
312 1898 557 1965 δεδοικώς
614 1918 674 1955 τε
734 1900 809 1971 μὴ
858 1900 965 1972 ἄρα
1008 1899 1116 1953 τῶν
1154 1898 1531 1968 γενησομένων
1582 1897 1701 1950 ἀτό-

182 2011 262 2046 πων
307 1993 451 2056 αὐτὸς
494 1992 604 2065 τὴν
645 1992 828 2046 αἰτίαν
853 1991 1021 2053 λάϐοι,
1043 1989 1311 2060 τέσσαρας
1334 1990 1485 2052 ὅλους
1530 1989 1704 2060 μῆνας

180 2083 441 2154 ὲνμνήμείῳ
499 2082 755 2155 πατρῴῳ
810 2080 998 2135 ἐαυτὸν
1057 2078 1338 2151 ἀπέκρυψε
1395 2079 1487 2149 (c).
1546 2077 1702 2132 Κατά

179 2173 255 2243 γὰρ
291 2174 375 2245 τὴν
414 2173 704 2242 Αἴγυπτον
727 2169 1026 2243 τηνικαῦτα
1081 2168 1345 2223 Τατιανοῦ
1378 2168 1699 2241 ἡγουμένου,

177 2263 309 2317 πολλοὶ
346 2266 399 2318 οὗ
442 2266 617 2335 μόνον
662 2263 954 2335 διαφόρους
991 2261 1173 2325 αἰκίας
1233 2262 1520 2332 ὑπέμενον,
1568 2260 1704 2314 ἀλλά

179 2356 242 2410 καί
284 2358 693 2431 ἐμαρτύρησαν,
746 2354 917 2409 πολλά
962 2370 1020 2407 τε
1064 2353 1203 2407 κατά
1242 2351 1342 2422 τῆς
1381 2350 1703 2420 Ἐκκλησίας

178 2448 539 2519 ἐπιβοήσαντος·
604 2449 776 2518 ὅνπερ
805 2445 1063 2501 Τατιανὸν
1109 2446 1142 2516 ή
1173 2444 1290 2497 Θεία
1350 2443 1474 2515 δίκη
1513 2442 1702 2513 ποινὴν

177 2542 323 2594 τούτων
349 2542 417 2613 (d)
447 2542 769 2613 ἀπῄτησεν.
816 2538 981 2610 Ὁμοῦ
1012 2537 1120 2608 γὰρ
1164 2535 1242 2607 τῷ
1293 2534 1563 2607 ἀξιώματι
1608 2535 1702 2590 καὶ

176 2632 249 2683 τῶν
283 2633 575 2706 χρημάτων
616 2629 1019 2702 ἀλλοτριωθεὶς,
1056 2628 1243 2701 ἔρανον
1278 2626 1465 2699 ⁴ᾔτησε,
1493 2626 1587 2679 καὶ
1610 2643 1703 2679 τυ-

176 2722 265 2791 φλὸς
287 2727 523 2798 ἀσχημος
551 2724 907 2795 ἀποθνήσκει,
937 2721 1074 2776 κατά
1105 2722 1283 2774 πᾶσαν
1306 2719 1457 2773 πόλιν
1487 2718 1594 2773 τῶν
1627 2720 1701 2771 εί·

176 2817 298 2870 κόνων
322 2819 482 2873 αὐτοῦ
514 2818 723 2892 ἀσϐόλη
751 2819 822 2888 (e)
857 2814 1247 2887 περιχυθεισῶν
1268 2816 1346 2877 είς
1372 2812 1583 2883 γέλωτα
1607 2812 1701 2866 καὶ

174 2908 418 2982 ἐμπαιγμδν
486 2914 631 2965 πᾶσι
666 2913 783 2974 τοῖς
814 2908 1119 2979 θεωμένοις.
1156 2906 1267 2976 Οὐχ
1305 2901 1464 2976 ἦττον
1503 2904 1560 2959 δὲ
1607 2903 1700 2957 καί¹

175 2999 361 3066 Εὖδόξιος
386 3005 412 3057 6
448 3003 559 3074 τῆς
580 2999 1201 3062 Κωνσταντινουπόλεως
1238 2996 1378 3051 κατά
1408 2996 1517 3050 τῶν
1543 2997 1697 3049 εὐσεο

172 3088 258 3156 εὼς
287 3095 616 3165 φρονούντων
659 3093 866 3165 τολμᾷν
917 3091 1187 3164 ἐπεχείρει
1211 3092 1298 3163 (Ι).
1329 3089 1607 3145 Τοσούτων
1636 3089 1700 3161 δὴ

1806 625 1951 671 ctum
1999 617 2266 673 Meletium
2307 620 2610 678 Antiochia)
2648 623 2957 696 episcopum
2983 629 3196 686 Lexsilio
3227 633 3361 685 mul-

1808 706 1967 771 tavit,
2010 709 2315 780 multosque
2341 727 2461 767 cum
2495 713 2587 771 illo
2620 716 2777 782 alios,
2813 726 2871 772 ut
2897 718 3098 775 dictum
3125 732 3229 790 est,
3256 724 3362 793 cpio

1804 810 1997 864 scopos
2019 806 2073 853 et
2090 798 2335 857 clericos.
2362 802 2599 862 Caeteros
2623 817 2801 863 autem
2820 824 3007 866 omnes
3024 813 3115 882 qui
3141 813 3361 870 noluere

1804 902 1924 940 cum
1956 888 2222 948 haereticis
2257 897 2656 954 communicare
2682 939 2697 966 ,
2725 901 2968 958 ecclesiis
3000 905 3220 974 expulit,
3248 920 3362 977 poe-

1806 978 1995 1047 nisque
2030 996 2092 1036 ac
2128 984 2455 1043 cruciatibus
2485 987 2697 1045 afﬂixit.
2728 991 2995 1051 Similiter
3020 995 3360 1055 Alexandria:

1805 1079 1858 1123 et
1886 1085 1982 1140 per
2003 1070 2318 1145 Egyptum,
2344 1093 2451 1132 non
2484 1081 2718 1150 vulgaris
2746 1086 2975 1140 excitata
3009 1096 3094 1142 est
3120 1104 3363 1158 persecu-

1808 1160 1901 1214 tio.
1936 1160 2238 1218 Mandatum
2273 1166 2415 1221 enim
2452 1172 2824 1238 praefectorum
2855 1216 2870 1241 ,
2918 1176 3145 1235 Eudoxii
3182 1184 3361 1239 studio

1806 1249 2017 1308 et'fnutu
2049 1254 2409 1325 imperatoris,
2446 1261 2675 1317 dabatur
2695 1279 2724 1318 a
2760 1267 3012 1336 praafecto
3036 1271 3361 1329 Alexandri-

1807 1354 1897 1406 no,
1924 1340 2015 1409 qui
2044 1343 2224 1398 statim
2266 1343 2561 1404 Ecclesiam
2598 1355 2955 1411 conturbavit.
2994 1356 3225 1416 Sanctus
3259 1376 3361 1416 au-

1808 1436 1911 1481 tem
1939 1430 2286 1498 Athanasius,
2319 1435 2536 1491 brutum
2566 1441 2921 1500 multitudinis
2960 1447 3215 1517 impetum
3241 1466 3359 1521 pro-

1806 1522 2038 1589 spiciens
2058 1533 2113 1578 et
2153 1534 2419 1594 metuens,
2448 1544 2516 1585 ne
2542 1530 2587 1587 si
2627 1547 2728 1602 qua
2778 1534 2982 1592 nefaria
3010 1550 3358 1608 patrarentur

1803 1613 1957 1683 culpa
1991 1615 2041 1669 in
2069 1630 2128 1669 se
2154 1618 2558 1688 transferretur,
2596 1632 2737 1681 totos
2774 1641 2832 1682 se
2874 1640 3103 1698 quatuor
3148 1650 3359 1692 menses

1804 1707 2096 1762 occultavit
2133 1710 2183 1763 in
2212 1719 2439 1780 paterno
2477 1714 2743 1781 sepulcro.
2778 1718 2913 1775 Nam
2946 1737 3064 1777 cum
3100 1724 3189 1780 illo
3225 1736 3359 1782 tem-

1805 1812 1936 1868 pore
1990 1799 2360 1868 praefecturam
2412 1804 2465 1859 in
2500 1803 2731 1879 Egypto
2787 1821 2998 1881 gereret
3046 1812 3309 1875 Tatianus
3339 1858 3357 1886 ,

1731 1885 1775 1941 B
1802 1891 1953 1946 multi
1998 1907 2103 1946 non
2142 1895 2300 1948 modo
2344 1895 2575 1953 diversis
2606 1900 2778 1970 plagis
2807 1901 2985 1960 amicti
3042 1917 3167 1962 sunt
3200 1952 3215 1975 ,
3263 1885 3358 1965 sed

1803 1985 1965 2040 etiam
1998 1986 2259 2057 martyrio
2290 1987 2489 2053 aﬁ'ecti,
2522 1991 2690 2044 multa
2718 1992 2810 2049 illo
2836 2004 3022 2050 contra
3057 1997 3357 2057 Ecclesiam

1803 2076 2077 2135 moliente.
2131 2077 2301 2145 Quem
2325 2081 2612 2137 Tatianum
2641 2084 2773 2141 ultio
2803 2087 2980 2144 divina
3018 2094 3192 2161 poenis
3218 2093 3355 2149 allii—

1802 2167 1901 2221 xit.
1934 2167 2066 2223 Nam
2103 2185 2206 2224 una
2244 2170 2505 2240 dignitate
2530 2184 2585 2229 et
2614 2176 2814 2233 divitiis
2852 2180 3091 2249 privatus
3118 2223 3134 2249 ,
3163 2186 3357 2257 stipem

1802 2259 2029 2333 cogebat
2080 2278 2144 2318 ac
2190 2278 2366 2320 caecus
2411 2266 2768 2337 ignominiose
2816 2282 3058 2330 mortuus
3086 2289 3209 2343 est,
3261 2296 3358 2350 per

1806 2368 2023 2410 omnem
2073 2355 2258 2410 urbem
2316 2357 2537 2428 fuligine
2565 2363 2872 2432 conspersis
2898 2366 3012 2434 ejus
3048 2372 3241 2426 statuis
3288 2374 3355 2428 ad

1803 2446 1967 2500 risum
1997 2457 2052 2501 et
2085 2446 2369 2502 ludibrium
2388 2451 2628 2506 omnium
2663 2454 3005 2513 intuentium.
3036 2458 3147 2516 Nec
3183 2463 3357 2520 minus

1800 2548 1855 2593 et
1903 2538 2176 2594 Eudoxius
2221 2540 2844 2615 Constantinopolitanus
2879 2559 3069 2606 contra
3118 2553 3202 2622 pie
3231 2570 3356 2611 sen-

1803 2631 1995 2686 tientes
2029 2647 2190 2687 ausus
2222 2643 2325 2689 est.
2366 2634 2555 2691 Tantis
2585 2636 2747 2706 igitur
2778 2638 2932 2697 malis
2984 2643 3179 2714 ubique
3205 2662 3359 2715 gras-

1801 2722 2087 2789 santibus,
2135 2734 2473 2782 termmotus
2526 2728 2726 2799 ubique
2772 2739 3041 2789 terrarum
3100 2752 3356 2803 superve-

1802 2815 1956 2869 niens
1986 2857 2001 2882 ,
2032 2814 2227 2872 multas
2287 2816 2423 2873 laesit
2459 2820 2621 2876 urbes
2645 2860 2662 2887 ,
2714 2823 2886 2880 Creta
2922 2838 3137 2883 centum
3194 2833 3355 2892 urbes

1799 2905 2014 2977 dejecit.
2040 2908 2186 2964 Mare
2212 2919 2392 2965 autem
2422 2926 2548 2967 suos
2587 2916 2813 2971 mutavit
2845 2916 3059 2975 limites.
3098 2923 3353 2990 Quaedam

1800 2996 1944 3052 enim
1972 2996 2084 3053 loca
2112 3014 2282 3069 usque
2313 3001 2449 3056 adeo
2483 3002 2796 3073 inundavit,
2837 3016 2895 3063 ut
2919 3025 3040 3079 qua:
3075 3015 3199 3069 trita
3222 3018 3353 3076 olim

1798 3096 1853 3142 et
1875 3088 2079 3142 consita
2112 3088 2350 3157 fuerant,
2378 3091 2488 3159 jam
2536 3095 2913 3165 navigarentur
2943 3120 2957 3155 :
2991 3102 3059 3157 ab
3080 3105 3200 3161 aliis
3222 3122 3355 3164 eon-

171 3176 239 3234 οὖν
261 3186 416 3239 κακῶν
450 3184 773 3255 πανταχόσε
803 3182 1113 3255 δρωμένων,
1154 3182 1372 3254 σεισμὸς
1394 3182 1699 3253 ἐπιγινόμε-

1802 3186 1882 3231 tra
1908 3176 2039 3233 locis
2066 3179 2142 3233 ita
2188 3182 2443 3247 recessit,
2473 3191 2529 3237 ut
2569 3184 2623 3238 in
2656 3186 2802 3241 sicco
2851 3202 3030 3247 essent
3065 3210 3184 3265 quae
3224 3199 3353 3256 olim

172 3291 234 3338 vo;
255 3277 617 3349 οίκουμενικδς
659 3276 861 3339 πολλάς
887 3293 944 3329 τε
992 3276 1097 3330 τῶν
1124 3275 1327 3329 πόλεων
1350 3275 1568 3339 ἔϐλαψε,
1597 3278 1696 3347 τῆς

172 3384 212 3418 τε
232 3369 425 3441 Κρήτης
453 3370 557 3434 τὰς
610 3367 807 3423 ἑκατὸν
839 3369 1019 3433 πόλεις
1072 3367 1469 3440 κατηρίπωσεν.
1506 3368 1569 3421 Ἠ
1602 3368 1697 3421 θά-

170 3454 298 3512 lassa
323 3461 372 3514 δὲ
425 3461 561 3523 τοὺς
620 3460 786 3522 ἰδίους
831 3459 987 3529 ὄρους
1018 3457 1090 3529 (9)
1123 3459 1395 3528 ἐνήλλαξε.
1452 3457 1571 3511 Τισὶ
1600 3460 1696 3529 μὲν

170 3549 245 3619 γὰρ
264 3553 434 3615 τόποις
493 3550 751 3604 τοσοῦτον
796 3548 1110 3615 ἐπέκλυσεν,
1164 3550 1303 3603 ὥστε
1347 3550 1471 3613 τοὺς
1506 3550 1695 3622 πρώην

172 3637 379 3712 βασίμους
408 3643 613 3705 τόπους
641 3643 736 3695 καὶ
763 3642 1061 3714 σπορίμους
1098 3641 1351 3694 πλέεσθαι
1375 3659 1389 3674 ο
1424 3643 1619 3713 ἐτέρων
1640 3642 1694 3697 δὲ

169 3732 301 3787 τόπων
318 3733 573 3788 τοσοῦτον
600 3732 836 3803 ἀπέστη,
870 3733 946 3796 ὡς
976 3734 1033 3786 ἐν
1090 3731 1226 3803 ξηρᾷ
1261 3732 1543 3803 εὑρεθῆναι
1570 3734 1697 3797 τοὺς

170 3822 404 3890 πλέοντας.
445 3826 561 3878 Καὶ
590 3823 749 3878 τοῦτο
786 3824 970 3894 γέγονε
1006 3823 1144 3879 κατά
1179 3824 1276 3895 τὴν
1309 3824 1529 3897 πρώτην
1558 3826 1695 3878 ὐπα-

166 3916 277 3969 τείαν
299 3919 403 3972 τῶν
436 3918 532 3972 δύο
564 3916 851 3988 βασιλέων,
879 3917 1314 3973 Οὐαλεντινιανοῦ
1341 3918 1433 3973 καὶ
1464 3918 1694 3973 Οὐάλεν-

168 4023 249 4063 τος.
289 4011 393 4064 Καὶ
428 4010 634 4063 τούτων
656 4010 713 4062 δὲ
739 4009 1055 4081 γινομένων.
1086 4013 1181 4082 οὐχ
1205 4010 1475 4082 ἡσύχαζεν
1498 4014 1525 4064 ὁ
1555 4010 1697 4065 κατά

166 4098 244 4152 τῶν
270 4102 602 4175 Χριστιανῶν
649 4101 909 4172 διωγμὸς.
953 4102 1166 4176 Ἐπειδὴ
1199 4104 1255 4157 δὲ
1283 4103 1370 4157 διὰ
1412 4103 1509 4173 τὴν
1538 4105 1699 4157 ἀπου·

168 4192 256 4245 σίαν
275 4194 361 4248 τοῦ
390 4196 541 4263 ἀγίου
575 4193 897 4248 Ἀθανασίου
929 4196 1034 4259 πᾶς
1055 4197 1083 4249 ὁ
1109 4195 1274 4266 δῆμος
1302 4195 1697 4267 Ἀλεξανδρείας

167 4283 223 4349 (’t)
249 4285 516 4349 ἐστασίαζε
570 4286 726 4356 πόθῳ
776 4284 853 4355 τῷ
905 4285 1042 4355 πρὸς
1068 4285 1246 4349 αὐτὸν,
1281 4285 1515 4356 ἕφασκόν
1537 4303 1601 4340 τε
1632 4287 1692 4339 οὐ

1800 3271 2209 3342 navigabantur.
2241 3272 2391 3340 Quod
2422 3275 2645 3347 contigit
2686 3279 2894 3336 duobus
2941 3282 3353 3354 imperatoribus

1800 3361 2177 3419 Valentiniano
2230 3376 2281 3420 et
2334 3365 2552 3421 Valente
2600 3368 2830 3437 primum
2878 3377 3204 3437 consulibus.
3254 3382 3352 3440 His

1799 3469 1960 3522 porro
1985 3455 2171 3527 gestis,
2206 3472 2539 3529 nequaquam
2576 3466 2810 3521 cessavit
2835 3472 3136 3535 persecutio
3161 3477 3353 3534 adver-

1800 3562 1917 3603 sum
1967 3548 2322 3606 Christianos.
2380 3552 2640 3620 Quoniam
2678 3568 2857 3615 autem
2906 3577 3123 3635 propter
3153 3569 3350 3627 absen-

1801 3640 1929 3694 tiam
1956 3643 2128 3697 sancti
2157 3640 2463 3712 Athanasii,
2508 3656 2652 3705 totus
2679 3650 3080 3715 Alexandrinus
3122 3664 3347 3732 populus

1801 3731 2227 3788 tumultuabatur
2258 3750 2366 3804 pra:
2390 3736 2535 3793 illius
2564 3740 2851 3810 desiderio,
2895 3748 3130 3807 minatus
3159 3731 3345 3820 etiam,

1800 3839 1858 3878 se
1884 3838 1997 3877 non
2036 3826 2192 3881 modo
2249 3829 2457 3883 navalia
2484 3842 2540 3886 et
2575 3848 2760 3901 naves,
2805 3836 3075 3898 frumento
3100 3859 3349 3918 compor-

1802 3920 1961 3976 tando
1990 3920 2287 3989 deputatas,
2309 3922 2417 3979 imo
2445 3925 2608 3981 etiam
2638 3930 2818 3986 omnia
2838 3935 3047 4002 publice
3072 3951 3349 3999 asservata

1800 4009 2115 4065 incensuros
2136 4050 2151 4076 ,
2180 4012 2283 4066 nisi
2311 4013 2409 4067 sibi
2458 4014 2783 4076 Athanasius
2809 4024 3199 4085 restitueretur.
3231 4030 3349 4099 Quo

1798 4102 2009 4173 cognito
2053 4102 2343 4173 imperator
2390 4106 2623 4178 Valens,
2673 4112 2867 4171 litteris
2920 4118 3239 4189 significavit
3281 4137 3342 4181 ut

1798 4194 2000 4263 absque
2042 4194 2235 4249 timore
2262 4194 2589 4258 Athanasius
2629 4204 2884 4263 ecclesias
2914 4223 3219 4281 occuparet.
3276 4217 3348 4275 Et

1799 4283 1913 4338 haec
1942 4298 2103 4339 causa
2140 4282 2241 4338 fuit
2278 4294 2337 4339 ut
2371 4286 2698 4349 intermissio
2728 4297 2970 4364 quaedam
3028 4302 3182 4358 fieret
3225 4319 3350 4374 pcr-

170 4375 292 4440 μὰνον
316 4377 405 4441 τὰς
435 4378 641 4440 σκάλας
690 4377 788 4431 καλ⁴
816 4376 883 4431 τά
912 4377 1107 4448 σιτηγά
1137 4378 1312 4445 πλοῖα,
1341 4379 1473 4434 ἀλλά
1501 4378 1565 4450 δὴ
1604 4380 1698 4432 καὶ

1800 4377 2090 4432 secutionis
2119 4377 2377 4433 adversus
2402 4378 2695 4437 Eeclesiam
2731 4388 3027 4453 concitatae,
3062 4392 3163 4447 nisi
3202 4399 3346 4464 quod

168 4464 275 4517 αὐτὰ
302 4466 362 4518 τὰ
392 4468 497 4519 τῶν
525 4467 808 4538 δημοσίων
837 4466 1068 4537 ἐχόμενα
1098 4469 1228 4539 πυρὶ
1283 4468 1697 4524 καταναλίσκειν

1800 4482 1893 4536 per
1944 4476 2115 4522 totum
2166 4469 2349 4524 orbem
2405 4472 2717 4531 intestinum
2772 4488 2958 4533 contra
3013 4481 3346 4543 Christianos

167 4554 229 4623 (ἢ,
258 4559 297 4609 εί
328 4560 397 4629 μὴ
440 4560 765 4613 Ἀθανάσιον
807 4558 1153 4612 ἀπολάϐοιεν
1190 4562 1348 4628 γνοὺς
1387 4564 1415 4615 6
1445 4560 1696 4631 βασιλεὺς

1800 4560 2010 4630 vigebat
2042 4560 2259 4614 bellum.
2310 4560 2607 4633 Imperator
2643 4567 2821 4637 itaque
2852 4568 3045 4627 Valens
3079 4572 3344 4631 Constan-

168 4646 357 4718 (Μάλης,
386 4650 471 4701 διὰ
493 4648 845 4720 γραμμάτων
863 4650 1129 4719 ἐσήμανεν
1155 4650 1321 4714 ἀδεῶς
1344 4653 1563 4722 κρατεῖν
1587 4650 1695 4703 τῶν

1800 4652 2015 4721 tinopoli
2050 4652 2388 4708 Antiochiam
2410 4654 2679 4724 profectus
2708 4668 2810 4725 est,
2850 4676 3078 4733 cumque
3100 4665 3348 4724 Nicome-

166 4734 419 4807 ἐκκλησιῶν
459 4739 803 4792 Ἀθανάσιον.
837 4738 944 4791 Καὶ
992 4738 1143 4792 τοῦτο
1189 4740 1356 4793 αἴτιον
1383 4741 1570 4809 γέγονε
1603 4740 1694 4793 τοῦ

1800 4743 1938 4797 diam
1964 4745 2314 4812 pervenisset,
2341 4746 2408 4799 ibi
2435 4746 2692 4814 substitit,
2718 4751 2786 4805 ob
2816 4766 3030 4809 causam
3064 4756 3343 4826 ejusmodi.

167 4826 275 4891 τέως
291 4832 569 4903 ἀνακωχήν
608 4846 734 4883 τινα
760 4829 1007 4896 γενέσθαι
1038 4831 1129 4883 τοῦ
1158 4832 1297 4886 κατὰ
1322 4835 1420 4904 τῆς
1466 4834 1692 4905 Ἐκκλη-

1800 4835 2069 4891 Eudoxius
2121 4836 2208 4891 ille
2238 4838 2561 4896 Arianorum
2615 4842 2939 4915 episcopus,
2970 4863 3096 4904 acer
3140 4852 3346 4909 Christi

170 4916 262 4980 ab;
282 4920 529 4991 διωγμοῦ,
586 4921 730 4991 πλὴν
760 4920 839 4972 ὅτι
869 4920 1008 4973 κατά
1055 4923 1231 4976 πᾶσαν
1260 4922 1360 4994 τὴν
1389 4923 1647 4995 ἀνατολὴν
1668 4927 1697 4979 6

1800 4925 2033 4981 fidelium
2058 4937 2384 4997 persecutor,
2420 4933 2602 4986 statim
2632 4936 2699 4989 ab
2749 4950 2964 5005 egressu
3010 4940 3348 5010 imperatoris

166 5004 378 5074 ἐμφύλιος
421 5012 565 5064 κατά
591 5011 702 5063 τῶν
751 5011 1082 5078 Χριστιανῶν
1113 5013 1327 5083 ἐκράτει
1354 5014 1415 5084 (j)
1441 5015 1688 5086 πόλεμος.

1800 5019 1948 5084 obiit,
1989 5019 2362 5076 Valentiniano
2410 5033 2463 5077 et
2506 5021 2733 5083 Valente
2777 5004 2989 5086 tertium
3039 5004 3346 5095 consulibus

178 5094 221 5147 ὐ
242 5101 399 5168 μέντοι
424 5101 685 5172 βασιλεὺς
714 5100 924 5171 Οὐάλης
950 5104 1038 5154 ἐπί
1062 5103 1157 5172 τὴν
1192 5104 1510 5175 Ἀντιόχειαν
1536 5107 1694 5159 σπεύ-

1800 5123 1922 5164 cum
1984 5112 2353 5167 novemdecim
2414 5129 2584 5172 annos
2647 5121 2980 5180 orthodoxos
3035 5141 3346 5197 persecutus

164 5183 245 5238 δων
268 5190 463 5261 ἀπῆρεν
492 5189 603 5244 ἀπὺ
630 5190 729 5259 τῆς
766 5191 1390 5259 Κωνσταντινουπόλεως,
1422 5197 1511 5249 καὶ¹
1543 5198 1694 5266 γενό·

1800 5199 2005 5257 fuisset.
2038 5201 2377 5275 Quapmpter
2404 5208 2454 5261 in
2483 5207 2599 5276 ejus
2623 5209 2799 5267 locum
2837 5183 3345 5288 Ariani'Demopb—i:

169 5291 291 5340 μενος
320 5279 372 5332 ὲν
400 5278 769 5349 Νικομηδείᾳ,
801 5280 1066 5352 ἐπεσχέθη
1088 5283 1205 5335 κατ’
1229 5283 1396 5356 αὐτὴν
1422 5284 1486 5338 δι’
1516 5286 1690 5343 αίτίαν

1800 5292 1903 5347 lum
1954 5294 2303 5351 constituunt.
2331 5297 2401 5352 At
2433 5301 2524 5368 qui
2569 5306 3176 5363 consubstantialitatem
3226 5278 3342 5367 tue-

222 5408 282 5480 (α)
308 5412 493 5477 Palat.,
529 5416 647 5476 τοῖς
671 5413 990 5486 Ἀρειανοίς.

222 5482 489 5573 ibi???»
521 5484 1015 5573 ῑτξῖῖῖέιῖξεφτε-..η
1072 5557 1085 5573 .
1140 5559 1152 5573 .
1276 5561 1289 5573 .

1862 5428 1936 5573 ἕρ)
1966 5430 2154 5495 Palat.,
2180 5434 2273 5487 καὶ

1885 5502 1940 5570 Ιι)
1971 5502 2273 5573 Ἀλέξανδρε

223 5482 282 5554 ξὺν)
302 5483 489 5554 Palat.,
521 5482 941 5554 προστάγματα.

300 5551 487 5631 Ροιοιε,
504 5551 855 5631 ἀπέκρυψεν.
879 5555 1037 5631 Editi,
1060 5557 1379 5631 ἀνέκρυψεν.

224 5622 288 5690 (d)
310 5623 401 5695 ῥίς
424 5623 599 5695 Palat.
622 5622 795 5695 Editi,
823 5625 1015 5695 τούτῳ.

223 5696 279 5769 te)
308 5690 392 5769 §ic
420 5693 592 5769 Palat.
622 5691 771 5769 Editi
804 5690 1231 5769 ῖςιεοξάσϐδλην.

167 5756 277 5845 uti)
309 5760 504 5845 Palat...
517 5762 794 5845 ἐπεχείρει
818 5756 1177 5838 estcomm:
1198 5770 1339 5828 Infra
1371 5772 1688 5845 ίάεω,;πολ-

169 5829 245 5890 ὶυὰς
268 5846 341 5885 τε.
370 5829 530 5897 Editi,
555 5829 730 5885 πολλᾶ
752 5829 832 5885 τε.

528 5923 809 5985 Parnm.
866 5924 981 5989 Gn.
1029 5928 1080 5988 X
1097 5930 1230 5993 XV.
1888 6002 1893 6009 ,
2282 6028 2285 6031 ν
2985 5958 3030 6018 Ρ

2298 5436 2330 5513 fi)
2365 5436 2602 5513 θάλασσα
2624 5438 2935 5513 τορς-ίδίους
2961 5442 3135 5513 ὄρους.

1885 5502 1940 5570 Ιι)
1971 5502 2373 5581 Ἀλεξανδρείας
2412 5510 2560 5563 deest
2588 5509 2642 5561 in
2676 5506 2844 5562 Palat.
2889 5502 3010 5564 Μοὲ
3065 5502 3160 5581 pro
3212 5513 3345 5565 σκά-

1789 5569 1928 5634 λας,
1956 5587 2022 5641 an
2055 5569 2308 5641 σκάφαςῖ

1863 5642 1923 5709 (i)
1953 5640 2149 5719 Palat”
2176 5642 2287 5719 ἀλλ’
2326 5644 2425 5716 ’ήδη
2456 5646 2561 5719 καὶ.
2590 5645 2724 5699 αὑτά
2760 5644 2826 5719 τά
2863 5647 2954 5701 τὸν
2985 5649 3126 5701 σῖτον
3156 5648 3345 5719 ἔχοντα

1790 5710 1943 5786 δρεια
1961 5711 2047 5786 fit!
2068 5721 2167 5777 est,
2198 5710 2425 5786 liorreaj
2444 5716 2574 5786 πυρὶ
2601 5715 2854 5769 καταναλ.

1862 5779 1928 5850 (j)
1961 5781 2151 5847 Palat.,
2193 5779 2484 5855 ἐκράτησε.
