4010 6516
564 400 759 449 οοιιιν

1921 356 2461 422 PROLEGOMENA.

560 490 852 560 populatus
884 526 899 555 ,
945 488 1222 557 urbesque
1270 484 1535 555 quasdam
1588 496 1713 538 cum
1761 478 1997 549 cepisset
2024 518 2038 542 ,
2082 486 2136 539 et

2239 477 2333 529 καὶ
2360 473 2595 545 φρούρια
2630 472 2737 560 τῷν
2771 470 2997 543 Περσῶν
3040 467 3338 540 πορθήσας,
3383 467 3477 521 καὶ
3522 466 3713 533 πόλεις
3730 468 3833 537 ,λα-

555 580 966 649 Ctesipliontem
994 593 1246 646 magnam
1275 576 1479 633 .urbem
1520 569 1981 638 circumsedisset,
2006 582 2131 634 sup-

556 669 836 739 plicesque
866 669 1062 727 Persas
1088 668 1477 734 adesse,atque
1499 663 1704 730 legatos
1730 663 1797 714 ad
1824 674 1882 716 se
1915 658 2132 712 mittere

554 759 843 829 coegisset,
870 772 1057 813 eorum
1090 768 1268 811 tamen
1293 753 1717 824 supplicationes
1746 764 1850 804 non
1872 748 2128 813 admisit;

557 857 699 918 quod
738 852 790 903 in
828 850 1201 915 imminentem
1236 864 1264 901 a
1306 846 1418 901 Deo
1472 845 1575 900 sibi
1614 843 1907 899 vindictam
1957 852 2135 893 reser-

558 953 716 995 vatus
753 953 921 998 esset.
949 942 1291 999 Accusabant
1318 949 1497 993 autem
1530 938 1678 999 illum
1711 932 1964 999 Romani,
1992 930 2131 1000 quod

560 1037 739 1093 oblato
785 1038 883 1090 sibi
920 1036 1107 1098 lucro,
1167 1047 1397 1102 pugnam
1456 1046 1562 1085 non
1620 1030 1854 1082 vitaret:
1892 1034 2131 1081 atlamen

560 1139 750 1182 contra
786 1137 1096 1196 praasentem
1118 1126 1323 1178 hostem
1355 1122 1422 1176 ad
1450 1134 1679 1190 pugnam
1704 1134 1760 1172 se
1790 1117 2131 1172 instruxere:

558 1232 881 1286 rursumque
914 1216 1257 1281 adversarios
1289 1224 1506 1268 vertunt
1526 1213 1576 1265 iu
1607 1210 1808 1283 fugant.
1839 1208 2131 1261 Sciendum

559 1292 719 1379 porro
770 1309 1046 1363 Julianum
1076 1324 1107 1362 a
1148 1307 1311 1362 Persa
1350 1288 1626 1373 transfuga
1658 1302 1968 1367 deceptum,
2002 1312 2127 1354 one-

559 1403 732 1457 rarias
756 1418 920 1457 naves
952 1416 1071 1469 quae
1097 1414 1325 1454 annonae
1375 1414 1469 1468 per
1502 1396 1719 1450 fluvium
1752 1393 2008 1449 vehenda:
2038 1391 2135 1445 cle-

557 1503 758 1562 putata:
789 1502 967 1555 erant,
999 1492 1397 1553 COlllbUSSiSSC;
1424 1504 1542 1558 quae
1569 1502 1729 1541 causa
1762 1486 1862 1539 fuit
1885 1494 1943 1537 ut
1973 1498 2132 1537 exer-

558 1584 699 1639 citus
757 1584 898 1637 fame
951 1583 1240 1638 laboraret.
1291 1581 1427 1634 Nam
1478 1595 1601 1633 cum
1651 1577 1816 1632 Persa
1858 1574 2132 1644 transfuga

558 1672 895 1741 promisisset
925 1672 1028 1734 illi,
1071 1672 1208 1738 intra
1244 1670 1491 1725 triduum.
1526 1669 1851 1737 traditurum
1878 1680 1935 1719 se
1962 1664 2163 1735 Bdby"

560 1764 757 1827 Iouem,
798 1779 897 1817 nec
926 1772 1038 1816 tum
1069 1762 1296 1817 ulterius
1324 1776 1537 1814 annona
1570 1759 1791 1812 advecta
1820 1772 1953 1826 opus
1982 1756 2129 1809 fore:

2239 572 2368 641 6t‘ov,
2394 554 2764 642 περιτοιχίσας
2790 569 2845 625 δέ
2874 568 2966 623 καὶ
2999 565 3359 636 Κτησιφῶντα
3404 566 3483 635 (ιι)
3527 565 3629 637 τὴν
3666 568 3834 637 μεγά.

2238 663 2336 732 λην
2371 663 2547 725 πόλιν,
2602 661 2808 733 ἱκέταςί
2835 660 2961 722 τούς
3001 658 3217 730 Πέρσας
3271 656 3467 712 ἐαυτοῦ
3501 657 3835 726 κατέστησε,

2239 752 2334 803 καὶ
2364 747 2686 821 πρεσϐεύειν
2738 749 2935 811 αὐτοὺς
2980 747 3116 819 πρὸς
3162 746 3324 800 αὐτὸν
3355 746 3648 800 ἀνέπεισεν
3669 764 3682 777 ο
3720 749 3747 801 ό
3778 748 3837 801 δὲ

2239 840 2336 904 τὰς
2373 840 2650 912 ἱκετηρίας
2688 839 2797 893 τῶν
2823 837 3046 909 Περσῶν
3072 839 3172 891 οὐκ
3200 836 3415 902 ἐδέξατο
3437 854 3450 867 ·
3498 838 3725 901 πάντως
3756 840 3837 902 εἰς

2239 928 2334 1001 τὴν
2366 930 2739 1001 ἐπερχομένην
2768 928 2913 998 αὑτῴ
2948 926 3200 998 θεήλατον
3228 927 3397 999 ὀργὴν
3432 925 3601 981 αὐτοῦ
3631 927 3837 996 φυλατ-

2239 1021 2482 1092 τόμενος.
2531 1021 2902 1091 Διεμέμφοντο
2950 1017 3005 1071 δὲ
3061 1018 3221 1072 αὐτὸν
3256 1014 3541 1088 Ῥωμαῖοι,
3570 1017 3709 1070 διότι
3734 1082 3737 1085 _
3761 1018 3839 1089 μὴ

2240 1114 2333 1165 ἐπὶ
2364 1112 2551 1186 κέρδος
2575 1114 2749 1183 ὑφῆκε
2771 1112 2868 1181 τῆς
2891 1110 3089 1181 μάχης.
3120 1110 3309 1179 Ὅμως
3335 1109 3392 1161 δὲ
3418 1111 3530 1172 τοῖς
3564 1107 3839 1180 παροῦσιν

2239 1202 2778 1274 ἀντιπαρετάττοντο,
2807 1202 2901 1253 καὶ
2937 1195 3091 1263 αὖθις
3118 1201 3247 1261 τοὺς
3275 1198 3567 1269 πολεμίους
3594 1198 3840 1268 τρέπου-

2243 1312 2325 1347 σιν
2356 1296 2435 1358 εἰς
2467 1294 2663 1365 φυγήν.
2703 1293 2896 1345 ’ἰστέον
2928 1292 3005 1355 δὲ,
3038 1294 3121 1364 ὅτι
3154 1292 3259 1344 ὑπὸ
3292 1291 3591 1361 αὐτομόλου
3621 1290 3838 1360 Πέρσου

2242 1383 2539 1453 ἀπατηθεὶς
2562 1386 2590 1435 ό
2632 1382 2933 1446 Ἰουλιανὸς,
2964 1382 3032 1435 τά
3064 1381 3388 1452 σιτηγοῦντα
3415 1380 3503 1434 διά
3531 1380 3645 1433 τῶν
3678 1397 3843 1433 ποταο

2246 1474 2360 1543 μῶν
2392 1475 2647 1545 πλοιάρια
2682 1474 2987 1527 κατέκαυσε
3014 1491 3027 1503 θ
3062 1474 3128 1526 δι’
3150 1473 3178 1526 ὃ
3208 1473 3301 1526 καὶ
3329 1472 3472 1543 λιμῷ
3506 1471 3842 1542 περιέπεσεν

2240 1573 2269 1623 ὁ
2304 1570 2549 1640 στρατός.
2585 1568 2690 1620 Τοῦ
2726 1568 2834 1639 γὰρ
2868 1566 3167 1638 αὐτομόλου
3204 1566 3414 1639 Πέρσου
3454 1565 3840 1635 ὑποσχομένου

2241 1658 2390 1729 αὑτῷ
2418 1646 2476 1712 ἐν
2508 1658 2683 1729 τρισὶν
2728 1657 2965 1728 ἡμέραις
2999 1655 3338 1726 παραδώσειν
3382 1655 3479 1726 τὴν
3512 1654 3840 1719 Βαϐυλῶνα,

2243 1749 2335 1803 καὶ
2375 1749 2449 1819 μὴ
2492 1747 2710 1818 χρῂξειν
2740 1747 2981 1809 πλείονος
3014 1746 3215 1799 τούτων
3257 1738 3636 1814 ἀναλώματοςζ
3670 1760 3845 1797 κατα-

558 1856 646 1910 ltis
675 1870 962 1923 persuasus
990 1855 1080 1908 ille
1116 1854 1445 1908 frumentum
1496 1866 1619 1905 cum
1676 1850 1909 1917 navigiis
1939 1858 1995 1903 et
2025 1849 2136 1902 lar-

2244 1839 2489 1902 πεισθεὶς
2517 1838 2606 1891 τὸν
2645 1839 2741 1909 μὲν
2774 1841 2918 1892 σῖτον
2947 1840 3043 1891 σὺν
3076 1840 3187 1900 τοῖς
3211 1837 3414 1906 πλοίοις
3444 1836 3541 1889 καὶ
3568 1837 3675 1905 τὴν
3708 1835 3845 1907 λάρ-

559 1950 710 2014 dum,
742 1963 862 2001 cum
899 1948 1022 2015 igne
1055 1945 1519 2013 consumpsisset,
1555 1957 1762 1999 necnon
1809 1952 1861 1995 et
1908 1942 2009 1995 alia
2042 1957 2137 2011 pro

558 2037 833 2090 exercitus
861 2036 1003 2090 victu
1039 2044 1376 2102 comportata
1410 2035 1460 2087 in
1496 2032 1720 2089 ﬂuvium
1752 2032 2134 2100 demersisset;

559 2134 672 2180 tum
708 2142 833 2183 esca
873 2127 1100 2184 fallacia:
1127 2129 1410 2192 devorata,
1453 2127 1618 2181 hamo
1654 2127 1973 2181 trahebatur
2018 2140 2139 2180 cre-

558 2216 756 2282 dulus,
811 2217 1137 2286 dignamque
1189 2217 1455 2272 factorum
1500 2229 1715 2285 pinnam
1750 2214 1952 2270 luebat.
2004 2215 2136 2269 Cum

557 2310 702 2363 enim
734 2310 799 2362 ad
822 2308 1040 2363 tertium
1075 2317 1401 2375 quartumve
1426 2306 1592 2371 diem,
1614 2306 1720 2360 imo
1753 2306 1933 2375 plures
1950 2306 2137 2371 etiam,

558 2399 783 2467 spiritus
832 2399 1039 2453 erroris
1082 2399 1514 2454 circumduceret
1564 2412 1691 2452 eum
1738 2413 1859 2453 cum
1893 2398 2138 2452 exercitu

559 2504 658 2558 per
699 2489 916 2547 deserta
972 2488 1113 2552 loca,
1150 2490 1341 2559 ingens
1371 2498 1491 2545 erat
1544 2490 1793 2545 anxietas
1827 2490 1990 2543 animi
2044 2503 2139 2558 per

561 2591 737 2637 totum
760 2582 1083 2645 exercitum,
1117 2582 1367 2637 insiccis
1398 2590 1451 2636 et
1475 2596 1613 2651 aqua
1638 2580 1951 2641 carentibus
1980 2580 2153 2645 locis,

559 2675 786 2743 penuria
858 2674 1099 2729 omnium
1175 2673 1605 2728 necessariorum
1662 2670 2079 2728 circumclusum
2120 2688 2151 2739 :_

558 2765 810 2819 omnibus
877 2774 1057 2818 autem
1111 2763 1617 2829 conclamantibus,
1666 2777 1904 2831 prmsens
1949 2761 2138 2816 aderat

559 2870 726 2924 eques
757 2855 871 2925 ipse
904 2854 1152 2909 Julianus
1175 2894 1189 2917 ,
1224 2864 1386 2923 atque
1418 2854 1645 2909 inermis
1674 2854 1974 2908 exercitum
2003 2868 2137 2907 con-

563 2944 831 2999 firmabat.
872 2944 949 2998 Ex
982 2944 1197 3001 occulto
1233 2954 1412 2998 autem
1438 2945 1634 3013 sagitta
1666 2945 1719 3000 in
1741 2960 1865 2999 eum
1899 2943 2063 3009 volat,
2085 2952 2140 2998 et

558 3048 658 3102 per
685 3032 963 3088 brachium
999 3035 1287 3099 transiens,
1310 3038 1361 3091 in
1391 3036 1640 3089 dextrum
1668 3035 1811 3101 latus
1840 3034 2004 3089 inﬁxa
2032 3044 2133 3099 est,

2236 1931 2325 1984 δον
2360 1931 2493 2001 πυρί
2526 1929 2888 1998 καταφλέξας,
2922 1920 3127 1982 καιτά
3155 1928 3291 1982 ἄλλα
3326 1928 3523 1992 πάντα,
3560 1929 3665 1980 ὅσα
3700 1927 3843 1997 πρὸς

2238 2023 2531 2095 διατροφὴν
2575 2021 2669 2074 τοῦ
2722 2021 2953 2092 στρατοῦ
2988 2020 3301 2091 κεκόμιστο,
3330 2020 3601 2089 ἀφανίσας
3632 2019 3840 2079 πάντα.

2239 2111 2431 2182 καὶτῷ
2483 2110 2712 2182 ποταμῷ
2742 2110 2933 2164 ἔκδοτα
2960 2104 3081 2171 δούς
3099 2127 3112 2140 ·
3156 2110 3318 2172 αὐτός
3347 2127 3405 2161 τε
3441 2110 3516 2180 (ὸ)
3550 2108 3613 2161 τὸ
3640 2108 3842 2179 δέλεαρ

2237 2205 2337 2275 τῆς
2374 2202 2583 2273 πλάνης
2627 2201 2934 2268 καταπιὼν,
2968 2201 3181 2254 εἵλκετο
3229 2199 3306 2270 τῷ
3333 2199 3621 2271 ἀγκίστρῳ
3649 2199 3840 2252 πειθό-

2240 2311 2433 2365 μενος,
2471 2292 2626 2357 ἀξίαν
2658 2291 2846 2361 ποινὴν
2880 2291 3168 2353 ἀποτίσων,
3205 2282 3279 2342 ὧν
3314 2288 3571 2360 ἔδρασεν.⁴
3606 2289 3697 2351 Ὧς
3730 2289 3843 2360 γάρ

2237 2385 2427 2453 τρίτην
2453 2384 2550 2436 καὶ
2573 2384 2840 2453 τετάρτην
2863 2380 3097 2453 ἡμέραν,
3124 2382 3222 2432 παὶ
3252 2380 3341 2433 ἐπὶ
3366 2380 3586 2442 πλείους
3609 2376 3715 2451 ἦγε
3743 2382 3841 2433 καὶ

2238 2477 2502 2548 περιῆγεν
2542 2475 2703 2529 αὐτὸν
2725 2474 2784 2527 τὸ
2812 2474 3027 2544 πνεῦμα
3048 2473 3148 2543 τῆς
3183 2470 3388 2541 πλάνης
3414 2472 3558 2525 κατά
3588 2472 3691 2543 τὴν
3719 2471 3845 2544 ἔρη-

2248 2585 2347 2639 μον
2370 2569 2465 2621 σὺν
2500 2566 2577 2638 τῷ
2626 2566 2863 2637 στρατῷ,
2906 2564 3105 2635 πολλῆς
3127 2564 3435 2635 ἀμηχανίας
3463 2561 3636 2632 οὔσης
3677 2564 3736 2615 ἐν
3759 2562 3840 2632 τῷ

2240 2658 2475 2729 στρατῷ,
2512 2659 2571 2711 ἐν
2602 2658 2853 2729 ἀνύδροις
2894 2658 2984 2711 καί
3011 2657 3316 2728 αὐχμηροίς
3358 2654 3547 2717 τόποις
3579 2653 3839 2723 συγκλει-

2240 2750 2421 2804 σθέντι
2451 2750 2669 2821 ἀπορίᾳ
2720 2749 2828 2802 τῶν
2862 2748 3204 2819 ἐπιτηδείων,
3233 2745 3325 2799 καὶ
3359 2745 3578 2797 πάντων
3602 2743 3843 2797 καταϐο-

2234 2842 2453 2908 ώντων,
2496 2842 2675 2914 παρῆν
2723 2840 2953 2911 ἱππότης
2978 2839 3138 2903 αὐτὸς
3171 2839 3220 2905 δ¹
3235 2836 3520 2901 Ἰουλιανὸς
3570 2835 3671 2889 καὶ
3713 2837 3843 2888 ὲπε-

2241 2931 2442 3005 ρώννυε
2484 2930 2574 2983 τὸν
2614 2930 2842 3002 στρατὸν
2868 2930 3065 2993 ἄοπλος
3090 2927 3178 2998 (c).
3211 2927 3300 2992 Ἐξ
3322 2926 3563 2996 ἀφανοῦς
3590 2927 3651 2980 δέ
3680 2926 3844 2979 ἀκόν-

2238 3036 2350 3073 τιον
2386 3018 2611 3090 φέρεται
2651 3021 2772 3075 κατ’
2806 3019 2992 3082 αὑτοῦ,
3025 3018 3119 3071 καί
3151 3017 3240 3070 διὰ
3282 3017 3375 3069 τοῦ
3415 3016 3704 3087 βραχίονος
3726 3017 3843 3070 δια-

559 3137 667 3192 quo
691 3138 759 3179 ex
793 3124 1012 3179 vulnere
1046 3126 1210 3179 vitam
1258 3140 1379 3181 cum
1433 3134 1608 3181 morte
1657 3127 2045 3192 commutavit,
2080 3134 2136 3179 ut

2239 3108 2485 3179 δραμὼν,
2529 3112 2607 3172 εἰς
2640 3109 2739 3181 τὴν
2769 3109 3006 3181 πλευρὰν
3040 3110 3137 3181 τὴν
3172 3107 3349 3174 δεξιὰν
3391 3108 3592 3173 εἰσέδυ,
3635 3110 3734 3162 καὶ
3774 3110 3843 3161 ἐκ

558 3210 823 3269 incertum
872 3224 1014 3268 esset
1075 3229 1248 3283 aquo
1296 3213 1497 3281 fuisset,
1535 3217 1745 3283 occisus
1786 3231 1802 3270 :
1850 3216 1941 3270 alii
1993 3215 2136 3270 enim

559 3304 709 3361 aiunt
734 3321 763 3357 a
798 3305 1074 3376 transfuga
1106 3306 1267 3361 Persa
1294 3322 1309 3372 ;
1343 3308 1431 3360 alii
1464 3306 1530 3361 ab
1550 3308 1733 3375 aliquo
1761 3320 1792 3361 e
1819 3307 1931 3361 suis
1953 3306 2140 3361 militi-

558 3394 679 3448 bus.
716 3394 783 3449 Ut
820 3405 999 3449 autem
1046 3396 1278 3464 plurium
1332 3412 1585 3451 sermone
1641 3396 1837 3461 fertur,
1882 3397 2138 3455 divinitus

561 3478 1051 3541 inﬂictum'vulnus
1081 3486 1203 3540 fuit.
1240 3488 1315 3541 Ita
1348 3487 1516 3556 igitur
1545 3502 1668 3541 cum
1706 3486 1895 3557 viginti
1926 3502 2139 3542 menses

563 3574 791 3643 imperio
842 3576 1043 3644 potitus
1070 3586 1213 3631 esset
1238 3576 1492 3631 Julianus
1514 3618 1529 3642 ,
1573 3578 1626 3631 in
1658 3588 1851 3645 quarto
1881 3592 1980 3632 suo
2010 3594 2139 3632 con-

561 3663 736 3721 sulatu
759 3681 918 3734 quem
962 3666 1085 3719 cuni
1113 3656 1355 3723 Salustio
1385 3668 1608 3739 gerebat
1637 3668 1745 3721 vita
1774 3653 1993 3723 functus
2032 3679 2136 3736 εει,

564 3758 765 3810 mensis
793 3754 938 3812 Junii
962 3757 1218 3814 vicesimo
1246 3766 1402 3812 sexto
1436 3757 1544 3822 die,
1571 3772 1692 3813 cum
1730 3758 1954 3813 vixisset
1973 3774 2137 3814 unum

560 3854 617 3900 et
650 3847 866 3915 triginta
899 3862 1091 3901 annos.

635 4019 720 4074 17.
749 4018 878 4074 Post
908 4030 1137 4074 mortem
1181 4022 1363 4091 itaque
1389 4020 1589 4077 Juliani
1619 4064 1634 4090 ,
1670 4015 1833 4081 totius
1866 4027 2138 4084 exercitus

560 4109 789 4174 calculo,
838 4111 1127 4180 imperium
1157 4113 1362 4183 excipit
1390 4112 1653 4169 Jovianus
1690 4118 1822 4184 :qui
1854 4133 1975 4172 cum
2012 4127 2137 4173 octo

562 4216 780 4256 menses
808 4202 1152 4271 imperasset,
1191 4202 1245 4256 in
1280 4204 1601 4260 Dedestanis
1619 4196 1842 4282 Galatia:
1868 4217 1923 4262 et
1948 4206 2136 4279 Bithy-

561 4291 665 4345 niae
705 4290 901 4346 finibus
931 4301 1177 4346 mortuus
1210 4305 1310 4347 e5t.
1352 4292 1483 4349 Post
1512 4292 1724 4349 Joviani
1754 4302 2003 4361 mortem,
2029 4297 2135 4350 im-

560 4384 769 4451 perium
803 4379 1470 4450 suscipitValentiuianus
1506 4383 1575 4438 ab
1625 4386 1870 4439 exercitu
1924 4386 2136 4457 procla-

558 4481 737 4526 ntatus
780 4472 1076 4543 Augustus.
1120 4471 1534 4529 Valentinianus
1588 4489 1753 4545 porro
1812 4492 2129 4547 germanum

558 4565 780 4615 tratrem
811 4559 1088 4615 Valentem
1122 4560 1334 4630 imperii
1359 4562 1567 4618 socium
1591 4558 1870 4620 declarat:
1893 4569 1985 4637 qui
2021 4562 2139 4620 Va;

544 4651 890 4707 ,lentinianus
919 4667 1042 4709 cum
1068 4655 1287 4723 triginta
1314 4654 1488 4711 solum
1512 4656 1628 4712 dies
1663 4655 2133 4730 Constantinopoli

462 4768 467 4769 ί
558 4743 930 4810 remansisset,
968 4754 1023 4801 et
1045 4745 1255 4800 Valenti
1284 4745 1439 4802 fratri
1477 4763 1575 4803 suo
1613 4747 1923 4805 Orientales
1951 4762 2135 4819 partes

560 4834 917 4899 tradidisset,
966 4839 1081 4906 ipse
1123 4838 1255 4894 abiit
1291 4838 1343 4891 in
1375 4838 1743 4894 Occidentem.
1801 4838 2147 4898 Sed'Valens‘

558 4923 761 4976 nullam
810 4939 995 4977 curam
1046 4940 1159 4979 sua:
1195 4926 1687 4981 administrationis
1739 4929 1806 4981 ad
1845 4928 2129 4984 utilitatem

556 5013 790 5083 agebat,
839 5029 868 5066 a
924 5016 1080 5070 turba
1136 5027 1316 5071 autem
1375 5018 1758 5073 haereticorum
1790 5031 2045 5075 evocatus
2082 5031 2137 5076 et

558 5105 919 5169 aliductus,in
953 5096 1037 5159 via
1067 5108 1358 5175 impietatis
1381 5109 1594 5162 illorum
1630 5111 1782 5166 abiit.
1819 5111 1949 5177 Qua:
1974 5127 2137 5166 causa

557 5195 660 5249 fuit
688 5206 744 5249 ut
770 5196 1086 5253 orthodoxa:
1118 5197 1241 5251 fidei
1270 5199 1487 5266 multos,
1522 5202 1828 5271 episcOpos,
1855 5204 2135 5274 presbyte-

558 5304 683 5353 rus,
732 5288 1026 5355 diaconos,
1080 5291 1490 5362 monachosque
1520 5294 1573 5346 in
1604 5293 1855 5348 exsilium
1893 5292 2133 5361 ejiceret.

556 5378 874 5457 Bellumque
902 5379 1242 5451 implacabile
1272 5382 1844 5439 coneitavitadversus
1868 5381 2147 5438 Ecclesiae

597 5552 1383 5647 ξίτξί,νπὲθξέοηπερισεοιχήσας
1442 5562 1497 5614 δὲ
1550 5563 1722 5631 xm.
1781 5561 1898 5615 Mox
1960 5559 2133 5616 Palat.

563 5627 778 5695 ἐαυτοῦ.
806 5629 971 5693 Editi,
997 5627 1184 5685 αὐτοῦ.

635 5700 710 5766 (ο)
734 5698 829 5751 Sir.
862 5698 1035 5754 Palat.
1066 5701 1230 5763 Editi,
1268 5701 1430 5764 αὐτὸς
1455 5700 1531 5753 δέ.

637 5769 708 5833 (c)
734 5767 823 5823 Sic
844 5768 1016 5824 Palat.
1053 5770 1223 5835 Editi,
1254 5771 1485 5835 ἀόπλοις.

2164 3169 2208 3226 C

2164 4516 2208 4570 D

2241 3200 2447 3275 ταύτης
2476 3202 2576 3271 τῆς
2610 3198 2822 3273 πληγῆς
2848 3203 2939 3257 τὸν
2968 3201 3081 3272 βίον
3099 3202 3486 3273 κατέστρεψεν,
3522 3202 3725 3272 ἀδήλου
3754 3218 3843 3268 γε·

2241 3292 2464 3363 νομένου
2492 3292 2585 3346 τοῦ
2614 3293 2896 3357 ἀνελόντος
2926 3292 3103 3346 αὐτόν,
3163 3294 3225 3344 Ol
3275 3293 3372 3363 μὲν
3432 3293 3541 3365 γὰρ
3588 3288 3701 3345 ὑπὸ
3741 3292 3839 3345 τοῦ

2240 3384 2537 3454 αὐτομόλου
2571 3384 2782 3456 Πέρσου
2819 3384 3006 3453 φασὶν,
3038 3385 3088 3436 οἱ
3116 3385 3171 3437 δὲ
3204 3385 3307 3437 ὑπὸ
3326 3385 3529 3437 οἰκείου
3561 3383 3841 3456 στρατιώ-

2241 3492 2355 3528 του.
2394 3475 2481 3539 Ὠς
2511 3475 2566 3527 δέ
2596 3477 2625 3528 ὁ
2657 3475 2824 3538 πολὺς
2851 3475 3010 3543 λόγος
3049 3478 3259 3546 κρατεῖ,
3287 3474 3548 3546 θεήλατον
3574 3470 3718 3529 εἶναι
3738 3475 3841 3545 τὴν

2241 3566 2473 3639 πληγήν.
2510 3566 2664 3620 Οὐτω
2688 3568 2784 3637 μὲν
2804 3562 2895 3620 οὖν
2926 3566 3096 3619 εἴκοσι
3134 3565 3310 3636 μῆνας
3345 3566 3439 3618 ἐπὶ
3463 3566 3543 3636 τῷ
3576 3566 3843 3636 διαδήμαο

2241 3675 2293 3725 τι
2316 3657 2577 3729 ἐπαρθεὶς
2608 3658 2636 3709 ὁ
2680 3658 2982 3723 Ἰουλιανὸς,
3019 3652 3107 3710 τὸν
3142 3657 3255 3727 βίον
3287 3654 3659 3728 κατέστρεψεν
3686 3658 3743 3709 ἐν
3768 3657 3840 3724 τῇ

2238 3753 2473 3824 τετάρτῃ
2506 3750 2670 3804 αὑτοῦ
2717 3750 2979 3821 ὑπατείᾳ,
3018 3750 3085 3819 ἣν
3113 3751 3231 3819 ἆμα
3267 3748 3577 3818 Σαλουστίῳ
3612 3747 3840 3812 ἔδωκεν,

2243 3844 2409 3917 μηνὸς
2443 3842 2657 3897 Ἰουνίου
2691 3842 2865 3895 εἰκάδι
2899 3841 3053 3913 ἕκτῃ,
3085 3842 3255 3911 ζήσας
3292 3840 3349 3892 ἓν
3382 3839 3477 3893 καὶ
3508 3838 3842 3909 τριακοστὸν

2239 3938 2378 4000 ἔτος.

2266 4096 2269 4099 Α
2310 4028 2396 4082 17.
2428 4025 2583 4083 Μετὰ
2614 4025 2678 4097 δὴ
2717 4019 2810 4079 οὖν
2857 4025 2954 4095 τὴν
2996 4022 3253 4093 τελευτὴν
3306 4020 3625 4087 Ἰουλιανοῦ,
3666 4021 3838 4092 ψήφῳ

2238 4118 2439 4181 παντὸς
2467 4117 2562 4171 τοῦ
2588 4115 2845 4189 στρατοῦ,
2879 4114 3133 4177 Ἰοϐιανὸς
3156 4115 3235 4183 (d,
3269 4113 3366 4184 τὴν
3404 4108 3690 4183 βασιλείαν
3739 4131 3845 4165 πα-

2239 4210 2603 4286 ραλαμίῖὀινει⁵
2654 4209 2732 4272 ὃς,
2779 4206 2922 4261 ὀκτὼ
2969 4204 3291 4277 βασιλεύσας
3331 4205 3528 4275 μῆνας,
3572 4206 3634 4257 ἐν
3680 4204 3845 4257 Δεδε-

2239 4303 2451 4364 στάνοις
2497 4300 2770 4370 μεθορίοις
2802 4298 3073 4360 Γαλατίας
3092 4296 3186 4348 καὶ
3208 4294 3461 4358 Βιθυνίας
3487 4295 3840 4365 ἐτελεύτησε.

2235 4392 2390 4449 Μετά
2432 4391 2496 4461 δὴ
2546 4386 2639 4442 οὖν
2678 4389 2776 4461 τὴν
2826 4388 3081 4459 τελευτὴν
3127 4386 3384 4440 Ἰοϐιανοῦ
3411 4386 3508 4440 τοῦ
3568 4382 3842 4456 βασιλέως

2237 4482 2679 4557 Οὑαλεντινιανδς
2732 4481 2831 4552 τὴν
2864 4479 3138 4551 βασιλείαν
3168 4478 3488 4549 ὑποδέχεται
3525 4478 3637 4532 ἀπὸ
3668 4494 3839 4548 στρα-

2237 4572 2444 4627 τιωτῶν
2476 4571 2704 4642 δειχθείς
2728 4568 3056 4637 Αὔγουστος.
3093 4569 3150 4620 '0
3189 4568 3245 4619 δέ
3272 4566 3716 4629 Οὐαλεντινιανὸς
3742 4565 3839 4617 τὸν

2238 4664 2404 4718 αὐτοῦ
2440 4664 2661 4736 γνήσιον
2693 4660 2919 4730 ἀδελφὺν
2940 4659 3214 4713 Οὐάλεντα
3262 4659 3361 4728 τῆς
3398 4657 3679 4729 βασιλείας
3717 4674 3838 4710 κοι-

2240 4756 2407 4811 νωνὸν
2451 4754 2623 4808 ἐποίει
2650 4754 2758 4824 (ε)⁶
2810 4753 2959 4815 ὅστις
3019 4750 3481 4814 Οὐαλεντινιανὸς,
3538 4750 3841 4821 τριάκοντα

2242 4848 2455 4919 ἡμέρας
2480 4846 2647 4917 μόνας
2678 4846 2734 4897 ἐν
2760 4842 3333 4898 Κωνσταντινουπόλει
3369 4842 3626 4912 ποιήσας,
3666 4855 3843 4911 παρα·

2238 4938 2362 5001 δούς
2387 4954 2447 4990 τε
2475 4936 2552 5006 τῷ
2574 4932 2757 5004 οἰκείῳ
2786 4930 2998 5003 ἀδελφῷ
3030 4932 3289 4986 Οὐάλεντι
3313 4932 3379 4984 τά
3404 4932 3542 5004 πρὸς
3568 4928 3839 4999 ἀνατολὴν

2247 5030 2409 5102 μέρη,
2440 5028 2603 5090 αὐτὸς
2623 5026 2839 5080 ἄπεισιν
2863 5025 2954 5079 ἐπὶ
2974 5024 3041 5077 τὰ
3062 5027 3160 5096 τῆς
3181 5025 3405 5087 δύσεως.
3454 5008 3664 5077 Ἀλλάκό
3688 5021 3838 5075 0ὐά-

2245 5118 2344 5191 λης
2383 5116 2639 5187 οὐδεμίαν
2687 5115 2783 5185 μὲν
2820 5112 3074 5185 φροντίδα
3112 5114 3448 5169 λυσιτέλειαν
3490 5114 3593 5184 τῆς
3627 5112 3839 5183 διοική-

2240 5226 2375 5273 σεως
2412 5211 2645 5262 ἐποιεῖτο
2672 5207 2738 5277 (f)
2758 5222 2771 5236 ·
2815 5204 2893 5275 τῷ
2923 5205 3118 5278 πλήθει
3150 5208 3207 5262 δὲ
3235 5208 3342 5260 τῶν
3374 5206 3668 5279 αίρετικῶν
3709 5207 3835 5257 ἐπι-

2241 5300 2483 5372 κληθεὶς,
2517 5296 2788 5368 ἐπορεύθη
2827 5300 2893 5367 τῇ
2926 5298 3031 5369 ὁδῷ
3061 5299 3162 5370 τῆς
3183 5298 3436 5363 ἀσεϐείας
3461 5297 3665 5352 αὐτῶν.
3721 5294 3837 5348 Καὶ

2212 5388 2332 5442 ’διὰ
2362 5388 2519 5442 τοῦτο
2564 5385 2792 5449 πολλοὺς
2823 5386 2931 5441 τῶν
2967 5388 3066 5460 τῆς
3103 5389 3383 5462 ὀρθοδόξου
3429 5388 3668 5450 πίστεως
3709 5387 3836 5439 ἐπι·

2338 5568 2411 5635 Δ)
2437 5567 2607 5623 Palat.
2641 5572 2951 5635 Ἰουᾶιανός,
2975 5579 3030 5625 et
3059 5568 3195 5625 infra
3229 5564 3547 5626 ’IoaGtavvJ.

2338 5637 2587 5706 θηριων.
2610 5643 2862 5696 κοινωνὸν
2894 5640 3033 5696 εἶναι
3059 5642 3222 5694 cretei.

2320 5704 2387 5777 (Ι)
2417 5704 2590 5763 Palat.
2626 5710 2963 5766 λυσιτέλειαν
2990 5710 3084 5765 τοῦ
3114 5709 3293 5764 κοινοῦ
3319 5710 3579 5767 ἐποιεῖτο.
