4010 6518
1059 419 1216 476 VlTA
1253 419 1310 478 s.
1352 416 1722 474 ATllANASll
1758 416 1849 472 sx
1883 405 2437 476 METAPHRASTE.

3183 443 3348 486 CCXLV

179 539 391 602 σκόπους,
419 536 512 589 καὶ
536 533 964 606 πρεσϐυτέρους,
992 533 1084 588 καὶ
1103 531 1377 598 διακόνους
1403 551 1463 586 τε
1484 533 1578 586 καὶ
1607 549 1694 603 μο·

1799 529 2110 586 orthodoxa:
2139 530 2259 587 lldei
2291 531 2552 588 addictas.
2579 533 2657 590 Ac
2703 535 2934 606 primum
2980 540 3194 610 quidem
3224 557 3351 599 san—

177 633 388 698 ιάζοντας
410 629 487 690 είς
519 626 737 699 ἐξορίαν
772 625 1057 679 ἀπώσατο*
1095 624 1325 695 πόλεμον
1350 623 1405 677 δὲ
1436 622 1694 679 ἄσπονδον

180 722 286 777 κατὰ
299 719 395 772 τῶν
421 719 516 790 τῆς
543 717 828 791 ὀρθοδόξου
852 718 1081 782 πίστεως
1094 715 1422 789 Ἐκκλησιῶν
1439 715 1690 770 ἀνεκίνει.

177 814 260 865 Καὶ
282 791 454 882 πρῶτα
484 808 584 880 μὲν
626 809 720 864 τὸν
745 809 899 888 am
923 809 1198 874 Μελέτιον,
1241 807 1330 862 τὸν
1373 806 1694 877 Ἀντιοχείας

177 906 440 968 ἐπίσκοπον,
509 902 700 975 ἐξορίᾳ
751 902 1025 976 ἐζημίωσε
1071 902 1166 956 καὶ
1218 902 1443 965 πολλοὺς
1479 901 1697 972 ἐτέρους

178 998 266 1068 μετ’
293 993 463 1060 αὐτοῦ,
499 993 577 1059 ὡς
607 994 848 1066 εἴρηται,
887 993 994 1047 τῶν
1019 993 1326 1046 ἐπισκόπων
1371 992 1464 1046 καὶ
1502 989 1610 1044 τῶν
1634 991 1696 1043 ἐκ

177 1089 244 1142 τοῦ
265 1088 448 1158 κλήρου
471 1102 484 1117 ·
521 1086 654 1150 τοὺς
683 1085 738 1140 δέ
774 1085 964 1150 ἀλλους
991 1085 1233 1149 ἅπαντας
1278 1085 1392 1138 ὅσοι
1443 1083 1516 1155 μὴ
1546 1081 1698 1136 ἐϐού-

175 1183 288 1235 λοντο
328 1183 599 1235 κοινωνεῖν
632 1181 748 1243 τοῖς
773 1180 1066 1251 αἱρετικοῖς
1091 1178 1189 1249 (α),
1221 1177 1328 1232 τῶν
1361 1178 1456 1248 μὲν
1499 1177 1697 1249 ἐκκλη-

178 1271 270 1324 σιῶν
310 1270 581 1340 ἐξήλαυνε,
610 1267 842 1340 ζημίαις
873 1268 930 1323 δὲ
968 1267 1062 1322 καὶ
1084 1266 1373 1338 τιμωρίαις
1405 1265 1695 1319 ὑπέϐαλεν.

185 1361 364 1432 Ὁμοίως
379 1359 435 1412 δὲ
461 1359 557 1413 καὶ
582 1360 728 1413 κατὰ
753 1359 854 1431 τὴν
886 1357 1282 1429 Ἀλεξάνδρειαν
1312 1358 1404 1411 κα)⁹
1427 1355 1697 1425 Αἴγυπτον

176 1454 244 1522 ιύχ
283 1452 308 1503 6
333 1448 504 1520 τυχὼν
536 1449 904 1523 ἀνερριπίσθη
956 1449 1210 1520 διωγμός.
1257 1448 1589 1520 Πρόσταγμα
1622 1449 1696 1518 (ὁ)

175 1543 250 1615 γὰρ
267 1542 502 1614 ἐπάρχων
531 1541 746 1613 σπουδῇ
781 1544 848 1614 τῇ
883 1539 1127 1606 Εύδοξίου
1155 1541 1248 1594 καὶ
1278 1539 1506 1611 νεύματι
1541 1539 1698 1610 βασι-

175 1637 272 1699 λέως
297 1637 444 1706 ἤγετο
496 1635 657 1708 παρά
709 1634 808 1689 τοῦ
856 1635 953 1706 τῆς
992 1633 1389 1704 Ἀλεξανδρείας
1436 1633 1696 1705 ἐπάρχου,

177 1727 290 1792 εύθύς
310 1744 362 1780 τε
389 1729 484 1798 τὴν
501 1726 844 1798 Ἐκκλησίαν
866 1725 1180 1800 ἐτάρασσεν.
1199 1725 1255 1779 Ὀ
1279 1724 1335 1777 δὲ
1357 1725 1508 1793 ἆγιος
1545 1724 1700 1778 Ἀθα-

177 1821 323 1883 νάςιος,
353 1819 445 1890 τὴν
479 1819 546 1872 ἐκ
591 1817 690 1872 τοῦ
716 1817 956 1888 πλήθους
985 1817 1174 1886 ἄλογον
1199 1816 1375 1888 ὁρμὴν
1413 1815 1698 1889 ὑφορώμε-

176 1925 252 1971 νος,
305 1905 548 1971 δεδοικώς
600 1923 663 1960 τε
725 1905 803 1977 μὴ
852 1905 960 1978 ἀρα
1003 1903 1111 1958 τῶν
1148 1902 1526 1974 γενησομένων
1576 1902 1696 1954 ἀτό-

177 2018 256 2052 πων
300 1999 444 2062 αὐτὸς
487 1997 590 2070 τὴν
632 1998 823 2052 αἰτίαν
847 1996 1015 2059 λάϐοι,
1037 1994 1306 2065 τέσσαρας
1329 1994 1481 2057 ὅλους
1525 1993 1699 2065 μῆνας

176 2089 435 2160 ἐνμνημείῳ
494 2087 748 2161 πατρῴῳ
805 2085 993 2141 ἐαυτὸν
1051 2083 1334 2156 ἀπέκρυψε
1390 2084 1482 2154 (c).
1540 2081 1696 2136 Κατὰ

175 2180 250 2250 γὰρ
286 2181 369 2252 τὴν
408 2179 695 2251 Δίγυπτον
720 2174 1021 2249 τηνικαῦτα
1075 2176 1120 2228 Τ
1122 2173 1340 2228 ατιανοῦ
1373 2172 1693 2246 ἡγουμένου,

174 2270 304 2323 πολλοὶ
341 2271 395 2324 ού
437 2271 604 2342 μόνον
652 2269 948 2341 διαφόρους
985 2267 1168 2330 αίκίας
1228 2266 1515 2337 ὑπέμενον,
1563 2264 1699 2318 ἀλλά

176 2363 238 2417 καὶ
281 2363 686 2438 ἐμαρτύρησαν,
739 2359 912 2414 πολλά
957 2375 1016 2412 τε
1059 2358 1199 2413 κατά
1237 2356 1338 2427 τῆς
1375 2354 1698 2425 Ἐκκλησίας

175 2455 488 2526 ὲπινοήσαντος
507 2473 521 2485 ·
587 2455 771 2524 ὅνπερ
799 2450 1059 2506 Τατιανὸν
1103 2451 1138 2521 ἡ
1168 2448 1286 2502 Θεία
1345 2447 1469 2519 δίκη
1508 2446 1697 2518 ποινὴν

175 2548 320 2601 τούτων
345 2548 414 2619 (Δ)
443 2548 762 2619 ἀπῄτησεν.
811 2544 978 2616 Ὁμοῦ
1007 2543 1115 2614 γὰρ
1159 2541 1238 2613 τῷ
1289 2539 1559 2611 ἀξιώματι
1604 2540 1698 2595 καὶ

174 2637 246 2690 τῶν
280 2638 556 2712 χρημάτων
604 2634 1014 2707 ἀλλοτριωθεὶς,
1051 2633 1239 2707 ἔρανον
1274 2631 1461 2704 ᾔτησε,
1488 2630 1582 2684 καὶ
1605 2648 1698 2683 τυ-

174 2729 262 2798 ςὶὸς
284 2732 503 2804 ἄσχημος
530 2729 903 2801 ἀποθνήσκει,
933 2726 1069 2782 κατά
1100 2727 1278 2780 πᾶσαν
1301 2724 1452 2778 πόλιν
1483 2723 1589 2777 τῶν
1622 2724 1696 2775 εί-

173 2823 295 2877 γόνων
319 2826 467 2880 αὑτοῦ
491 2824 717 2898 ἀσϐόλῃ
745 2825 818 2893 (e)
852 2819 1243 2893 περιχυθεισῶν
1263 2821 1341 2882 είς
1367 2817 1579 2888 γέλωτα
1602 2816 1696 2870 καὶ

171 2915 415 2988 ἐμπαιγμδν
470 2921 622 2972 πᾶσι
659 2919 777 2980 τοῖς
809 2913 1114 2985 θεωμένοις.
1151 2912 1262 2981 Οὐχ
1300 2906 1459 2981 ἧττον
1498 2909 1555 2963 δὲ
1602 2907 1696 2962 καί¹

173 3005 358 3072 Emito;
383 3011 409 3063 6
438 3010 536 3081 τῆς
559 3003 1196 3068 Κωσταντινουπόλεως
1233 3001 1373 3057 κατά
1403 3001 1512 3055 τῶν
1539 3001 1693 3053 εύσε-

169 3094 258 3162 εὼς
286 3101 608 3171 φρονούντων
651 3099 862 3170 τολμᾷν
913 3095 1180 3169 ἐπεχείρει
1205 3097 1291 3168 (f).
1323 3094 1602 3151 Τοσούτων
1631 3093 1696 3166 δὴ

1798 630 1943 676 ctum
1991 621 2257 677 Meletium
2299 623 2600 682 Antiochiae
2639 627 2947 699 episcopum
2973 631 3186 689 texsilio
3217 635 3352 688 mul-

1801 711 1959 776 tavit,
2002 713 2306 784 multosque
2333 730 2452 771 cum
2486 716 2577 774 illo
2611 718 2768 786 alios,
2803 729 2862 775 ut
2887 721 3088 778 dictum
3115 734 3219 792 est,
3246 726 3353 795 epi-

1797 814 1989 869 scopos
2011 809 2066 857 et
2081 802 2326 861 clericos.
2352 805 2590 865 Caeteros
2613 819 2792 866 autem
2810 827 2997 868 omnes
3014 815 3106 884 qui
3131 815 3352 872 noluere

1797 906 1917 945 cum
1948 893 2214 951 hazreticis
2248 901 2647 958 communicare
2673 941 2688 968 ,
2716 904 2958 961 ecclesiis
2990 907 3211 976 expulit,
3239 922 3353 979 pm-

1798 983 1987 1052 nisque
2021 1000 2084 1040 ac
2119 988 2447 1046 cruciatibus
2476 990 2688 1048 alllixit.
2718 993 2986 1053 Similiter
3011 997 3351 1058 Alexandria:

1798 1083 1850 1128 et
1879 1090 1974 1145 per
1995 1074 2309 1149 Egyptum,
2336 1095 2442 1135 non
2475 1083 2708 1153 vulgaris
2736 1088 2967 1143 excitata
3000 1099 3086 1145 est
3111 1106 3354 1160 persecu-

1800 1165 1894 1220 tio.
1927 1165 2230 1222 Mandatum
2263 1170 2406 1225 enim
2442 1174 2816 1242 prafectorum
2846 1218 2861 1244 ,
2910 1179 3137 1238 Eudoxii
3174 1185 3353 1241 studio

1799 1253 2008 1314 et'fnutu
2040 1257 2401 1329 imperatoris,
2437 1264 2666 1320 dabatur
2686 1282 2716 1321 a
2751 1269 3004 1339 praefecto
3028 1273 3352 1331 Alexandri-

1801 1359 1890 1410 no,
1915 1345 2006 1412 qui
2035 1346 2217 1402 statim
2259 1347 2553 1406 Ecclesiam
2589 1358 2948 1414 conturbavit.
2986 1359 3217 1418 Sanctus
3251 1377 3353 1418 au-

1800 1441 1904 1486 tem
1931 1434 2278 1502 Athanasius,
2312 1438 2528 1494 brutum
2559 1443 2914 1502 multitudinis
2953 1449 3208 1520 impetum
3235 1469 3352 1524 pro-

1799 1526 2032 1594 spiciens
2051 1537 2106 1582 et
2146 1538 2413 1597 metuens,
2441 1547 2510 1588 ne
2535 1533 2581 1590 si
2621 1550 2722 1605 qua
2772 1537 2976 1594 nefaria
3003 1553 3352 1611 patrarentur

1797 1617 1951 1687 culpa
1986 1619 2036 1673 in
2063 1633 2122 1674 se
2147 1621 2552 1691 transferretur,
2591 1635 2731 1684 totos
2767 1644 2826 1686 se
2868 1643 3098 1700 quatuor
3141 1652 3354 1694 menses

1798 1711 2090 1766 occultavit
2127 1714 2178 1766 in
2206 1723 2434 1784 paterno
2472 1717 2738 1784 sepulcro.
2773 1721 2907 1777 Nam
2939 1740 3058 1780 cum
3095 1727 3184 1783 illo
3219 1738 3354 1784 tem-

1799 1816 1930 1872 pore
1985 1802 2354 1872 prtclecniram
2406 1806 2460 1862 in
2495 1806 2726 1882 Egypto
2781 1824 2992 1884 gereret
3040 1815 3304 1878 Tatianus
3334 1860 3352 1889 ,

1725 1889 1769 1945 Β
1796 1896 1947 1950 multi
1993 1911 2097 1950 non
2137 1898 2295 1952 modo
2339 1898 2570 1956 diversis
2600 1902 2774 1973 plagis
2802 1904 2981 1962 aﬂlicti
3037 1920 3162 1964 sunt
3195 1954 3210 1977 ,
3258 1914 3355 1968 sed

1798 1989 1959 2044 etiam
1992 1989 2254 2061 martyrio
2285 1990 2485 2057 allecti,
2518 1994 2685 2048 multa
2714 1995 2807 2052 illo
2833 2007 3019 2054 contra
3053 2000 3354 2060 Ecclesiam

1798 2079 2073 2138 moliente.
2125 2081 2296 2148 Quem
2321 2083 2608 2140 Tatianum
2636 2086 2770 2144 ultio
2799 2091 2977 2148 divina
3015 2097 3188 2164 pennis
3215 2097 3353 2152 alli—

1797 2171 1896 2226 xit.
1929 2170 2061 2226 Nam
2098 2188 2202 2228 una
2239 2174 2501 2244 dignitate
2526 2187 2581 2232 et
2610 2178 2811 2236 divitiis
2849 2184 3088 2252 privatus
3115 2226 3131 2251 ,
3160 2189 3354 2260 stipem

1797 2263 2024 2336 cogebat
2075 2281 2139 2322 ac
2185 2281 2362 2323 caecus
2407 2269 2764 2340 ignominiose
2812 2285 3054 2334 mortuus
3082 2292 3206 2346 est,
3257 2298 3356 2353 per

1801 2372 2018 2414 omnem
2068 2358 2254 2414 urbem
2311 2360 2533 2432 fuligine
2561 2366 2868 2435 conspersis
2895 2369 3009 2438 ejus
3044 2374 3237 2429 statuis
3284 2377 3353 2431 ad

1798 2450 1963 2504 risum
1991 2461 2047 2505 et
2080 2450 2364 2506 ludibrium
2384 2455 2624 2510 omnium
2659 2457 3001 2517 intuentium.
3032 2460 3143 2520 Nec
3178 2466 3354 2523 minus

1795 2552 1850 2598 et
1899 2542 2172 2598 Eudoxius
2217 2544 2840 2618 Constantinopolitanus
2875 2562 3066 2609 contra
3113 2556 3198 2625 pie
3227 2573 3352 2614 sen-

1798 2636 1991 2690 tientes
2025 2651 2186 2692 ausus
2217 2646 2320 2692 est.
2362 2637 2551 2694 Tantis
2581 2639 2742 2709 igitur
2774 2641 2929 2700 malis
2980 2646 3176 2717 ubique
3201 2665 3356 2718 gras-

1795 2726 2083 2792 santibus,
2131 2738 2469 2785 terraamotus
2523 2731 2722 2802 ubique
2768 2742 3038 2792 terrarum
3096 2755 3352 2806 superve-

1797 2819 1952 2874 niens
1981 2861 1996 2886 ,
2029 2818 2222 2876 multas
2282 2819 2420 2876 laesit
2454 2823 2616 2880 urbes
2640 2863 2658 2890 ,
2709 2827 2882 2883 Cretae
2918 2841 3133 2886 centum
3189 2835 3352 2895 urbes

1794 2909 2010 2981 dejecit.
2037 2911 2182 2968 Mare
2208 2922 2387 2969 autem
2419 2929 2544 2970 suos
2583 2919 2810 2973 mutavit
2841 2919 3056 2978 limites.
3094 2925 3349 2992 Quaedam

1795 3001 1940 3056 enim
1967 3001 2080 3057 loca
2109 3017 2278 3072 usque
2309 3004 2444 3060 adeo
2479 3005 2792 3076 inundavit,
2833 3019 2892 3066 ut
2915 3027 3036 3082 quae
3071 3018 3195 3071 trita
3218 3020 3350 3078 olim

1794 3099 1849 3146 et
1871 3092 2076 3146 consita
2107 3091 2346 3160 fuerant,
2373 3094 2484 3163 jam
2531 3099 2909 3168 navigarentur
2939 3122 2953 3158 :
2987 3104 3054 3159 ab
3076 3107 3197 3164 aliis
3218 3124 3351 3166 con-

168 3182 238 3239 ὤν
261 3192 410 3245 κακῶν
437 3189 767 3261 πανταχόσε
798 3188 1109 3260 δρωμένων,
1149 3187 1366 3260 σεισμὸς
1389 3187 1694 3258 ἐπιγινόμε-

1797 3190 1878 3235 tra
1903 3181 2035 3237 locis
2062 3183 2138 3237 ita
2183 3185 2440 3250 recessit,
2469 3193 2526 3241 ut
2566 3187 2619 3242 in
2651 3189 2798 3244 sicco
2847 3204 3026 3250 essent
3061 3212 3180 3267 qua!
3220 3201 3350 3258 olim

170 3297 232 3344 νος
253 3283 609 3355 οίκουμενικὺς
653 3282 856 3345 πολλάς
883 3298 940 3334 τε
988 3280 1093 3336 τῶν
1118 3281 1321 3335 πόλεων
1344 3280 1562 3344 ἔϐλαψε,
1592 3282 1692 3351 τῆς

171 3389 210 3423 τε
231 3375 414 3447 Κρήτης
438 3377 538 3442 τὰς
601 3373 802 3429 ἑκατὸν
833 3374 1015 3439 πόλεις
1067 3373 1464 3446 κατηρίπωσεν.
1501 3373 1565 3426 Ἡ
1598 3372 1692 3425 θά-

168 3460 296 3518 hac:
321 3466 369 3519 δὲ
414 3469 543 3531 τοὺς
613 3466 780 3528 ίδίους
827 3465 984 3535 ὄρους
1013 3462 1086 3534 (g)
1118 3464 1390 3534 ἐνήλλαξε.
1447 3463 1567 3516 Τισὶ
1597 3465 1692 3534 μὲν

169 3555 243 3626 γὲρ
261 3559 421 3622 τόποις
471 3556 746 3612 τοσοῦτον
792 3554 1106 3620 ἐπέκλυσεν,
1159 3556 1298 3609 ὥστε
1343 3555 1467 3619 τοὺς
1502 3554 1692 3626 πρώην

169 3642 372 3718 ﬁscina»;
396 3650 608 3712 τόπους
635 3649 731 3702 καὶ
757 3647 1057 3719 σπορίμους
1094 3647 1346 3700 πλέεσθαι
1370 3665 1384 3680 ο
1419 3648 1616 3718 ἐτέρων
1636 3647 1691 3702 δὲ

167 3738 298 3793 τόπων
314 3741 564 3794 τοσοῦτον
595 3739 832 3810 ἀπέστη,
867 3739 943 3802 ὡς
972 3739 1030 3792 ἐν
1086 3736 1222 3809 ξηρᾷ
1257 3739 1541 3809 εὑρεθῆναι
1567 3739 1693 3802 τοὺς

167 3827 388 3896 πλέοντας.
426 3832 556 3886 Καὶ
584 3830 744 3884 τοῦτο
781 3830 968 3900 γέγονε
1002 3828 1141 3884 κατά
1175 3830 1272 3901 τὴν
1306 3829 1527 3903 πρώτην
1555 3831 1692 3883 ὑπα-

163 3923 270 3976 τείαν
291 3924 385 3978 τῶν
415 3926 528 3979 δύο
559 3923 848 3994 βασιλέων,
877 3922 1312 3978 Οὐαλεντινιανοῦ
1338 3923 1431 3978 καὶ
1462 3922 1692 3978 Οὐάλεν-

165 4028 244 4068 te;
281 4017 378 4070 Καὶ
409 4017 630 4071 τούτων
651 4015 709 4069 δέ
733 4015 1053 4087 γινομένων,
1083 4018 1180 4088 οὐχ
1202 4016 1472 4088 ἡσύχαζεν
1495 4019 1523 4069 6
1553 4015 1694 4070 κατὰ

163 4105 238 4157 τῶν
263 4108 598 4180 Χριστιανῶν
645 4107 907 4178 διωγμὸς.
951 4108 1165 4181 Ἐπειδὴ
1197 4109 1254 4162 δέ
1281 4109 1368 4163 διὰ
1410 4109 1507 4178 τὴν
1536 4109 1697 4162 ἀπου-

166 4197 251 4251 σίαν
269 4201 348 4254 τοῦ
375 4204 538 4271 ἁγίου
570 4199 896 4254 Ἀθανασίου
927 4201 1033 4264 πᾶς
1053 4202 1082 4254 6
1107 4200 1273 4272 δῆμος
1301 4200 1695 4272 Ἀλεξανδρείας

163 4290 218 4354 (ἢ)
242 4290 513 4358 ἐστασίαζε
565 4292 722 4362 πόθῳ
772 4289 852 4361 τῷ
903 4289 1040 4361 πρὸς
1066 4290 1246 4354 αὑτὸν,
1280 4289 1514 4361 έφασκόν
1535 4308 1598 4345 τε
1630 4291 1690 4344 οὐ

167 4379 284 4446 μάθον
307 4384 393 4448 τὰς
423 4385 637 4447 σκάλας
685 4383 786 4437 καὶ
814 4382 882 4436 τὰ
911 4382 1106 4454 σιτηγά
1137 4382 1312 4449 πλοῖα,
1341 4383 1472 4438 ἀλλὰ
1500 4383 1564 4456 δὴ
1603 4384 1696 4438 καὶ

163 4469 266 4523 αὐτὰ
293 4472 352 4525 τὰ
380 4475 494 4527 τῶν
521 4473 807 4545 δημοσίων
836 4472 1066 4542 ἐχόμενα
1097 4473 1229 4544 πυρὶ
1283 4472 1696 4529 καταναλίσκειν

1796 3275 2206 3346 navigabantur.
2237 3276 2387 3344 Quod
2418 3278 2642 3350 contigit
2683 3282 2890 3340 duobus
2938 3284 3350 3357 imperatoribus

1796 3365 2174 3423 Valentiniano
2226 3380 2278 3424 et
2329 3369 2548 3425 Valente
2597 3371 2826 3440 primum
2874 3379 3201 3440 consulibus.
3251 3385 3348 3442 His

1795 3473 1956 3527 porro
1981 3459 2168 3532 gestis,
2201 3475 2536 3532 nequaquam
2572 3468 2807 3524 cessavit
2831 3474 3133 3539 persecutio
3158 3479 3350 3536 adver-

1797 3566 1914 3608 sum
1963 3552 2319 3610 Christianos.
2376 3555 2637 3624 Quoniam
2675 3571 2854 3618 autem
2902 3579 3120 3638 propter
3149 3571 3347 3629 absen-

1798 3644 1926 3698 tiam
1953 3647 2125 3701 sancti
2153 3644 2460 3715 Athanasii,
2505 3659 2649 3708 totus
2677 3652 3077 3717 Alexandrinus
3119 3665 3344 3735 populus

1797 3735 2225 3792 tumultuabatur
2255 3753 2364 3808 pra:
2387 3739 2532 3797 illius
2561 3743 2848 3812 desiderio,
2892 3750 3127 3809 minatus
3157 3756 3343 3823 etiam,

1797 3843 1856 3882 se
1880 3842 1994 3882 non
2033 3829 2189 3884 modo
2247 3832 2453 3887 navalia
2481 3845 2537 3890 et
2572 3850 2758 3904 naves,
2803 3839 3072 3900 frumento
3098 3861 3348 3920 compor-

1799 3925 1958 3980 taudo
1988 3925 2285 3994 deputatas,
2307 3926 2414 3982 imo
2443 3927 2606 3984 etiam
2636 3932 2816 3988 omnia
2836 3937 3045 4005 publice
3069 3953 3347 4000 asservata

1797 4014 2113 4069 incensuros
2133 4053 2149 4081 ,
2177 4015 2280 4070 nisi
2308 4017 2407 4071 sibi
2455 4018 2781 4078 Athanasius
2807 4026 3197 4086 restitueretur.
3229 4031 3349 4100 Quo

1795 4106 2007 4178 cognito
2051 4106 2341 4176 imperator
2388 4109 2622 4180 Valens,
2671 4114 2866 4174 litteris
2918 4120 3237 4191 signiﬁcavit
3280 4137 3342 4182 ut

1795 4198 1998 4267 absque
2040 4197 2233 4253 timore
2260 4198 2588 4260 Athanasius
2627 4207 2883 4266 ecclesias
2912 4225 3218 4283 occuparet.
3275 4219 3348 4276 Et

1797 4287 1912 4342 haec
1940 4302 2101 4342 causa
2137 4287 2239 4343 fuit
2275 4298 2336 4343 ut
2369 4290 2696 4352 intermissio
2726 4299 2969 4369 quaedam
3027 4303 3181 4360 lieret
3224 4320 3350 4376 per-

1797 4381 2088 4436 secutionis
2117 4381 2376 4437 adversus
2400 4383 2695 4442 Ecclesiam
2730 4391 3028 4455 concitatae,
3061 4394 3163 4450 nisi
3202 4401 3346 4466 quod

1797 4487 1891 4541 per
1943 4481 2114 4526 totum
2165 4474 2348 4528 orbem
2404 4476 2716 4535 intestinum
2772 4491 2959 4536 contra
3013 4484 3347 4546 Christianos

165 4560 224 4628 (ὒ,
250 4565 290 4614 εἰ
319 4567 388 4636 μὴ
431 4565 762 4619 Ἀθανάσιον
806 4563 1154 4617 ἀπολάϐοιεν·
1190 4566 1349 4632 γνοὺς
1387 4567 1414 4619 6
1445 4565 1694 4635 βασιλεὺς

1796 4565 2008 4635 vigebat
2041 4564 2258 4619 bellum.
2310 4564 2607 4638 Imperator
2643 4571 2822 4642 itaque
2852 4572 3046 4630 Valens
3081 4574 3346 4634 Constan-

164 4651 349 4725 υὺάλης,
378 4657 468 4708 διὰ
490 4654 844 4726 γραμμάτων
863 4655 1129 4724 ἐσήμανεν
1155 4654 1322 4718 ἀδεῶς
1344 4658 1562 4726 κρατεῖν
1585 4654 1694 4708 τῶν

164 4740 414 4814 ἐκκλησιῶν
456 4745 804 4799 Ἀθανὰσιον.
836 4743 944 4796 Καὶ
991 4743 1144 4797 τοῦτο
1190 4744 1357 4798 αἴτιον
1383 4745 1570 4813 γέγονε
1601 4744 1693 4798 τοῦ

165 4833 266 4897 τέως
283 4838 565 4909 ἀνακωχήν
603 4853 733 4890 τινα
759 4833 1006 4902 γενέσθαι
1037 4835 1130 4888 τοῦ
1158 4835 1298 4890 κατὰ
1323 4839 1421 4908 τῆς
1466 4838 1692 4910 Ἐκκλη-

164 4922 252 4987 sia;
274 4926 526 4998 διωγμοῦ,
582 4928 729 4997 πλὴν
758 4925 839 4977 ὅτι
870 4925 1007 4978 κατὰ
1053 4928 1231 4980 πᾶσαν
1261 4926 1360 4998 τὴν
1389 4929 1647 5001 ἀνατολὴν
1668 4931 1697 4983 6

162 5010 377 5080 ἐμφύλιος
421 5018 562 5071 κατά
588 5017 699 5070 τῶν
749 5016 1081 5084 Χριστιανῶν
1112 5018 1327 5089 ἐκράτει
1353 5019 1415 5088 (j)
1440 5021 1688 5092 πόλεμος.

169 5101 210 5153 ὐ
235 5105 400 5173 μέντοι
425 5107 684 5178 βασιλεὺς
713 5105 924 5176 Οὐάλης
949 5109 1038 5159 ἐπί
1061 5109 1157 5178 τὴν
1191 5110 1509 5181 Ἀντιόχειαν
1535 5111 1694 5164 σπεύ-

159 5189 238 5243 δων
264 5195 462 5267 ἀπῆρεν
489 5195 601 5250 ἀπὸ
626 5196 728 5266 τῆς
765 5197 1388 5264 Κωνσταντινουπόλεως,
1421 5202 1510 5255 καὶ
1542 5203 1694 5271 γενό·

161 5298 287 5347 μενος
315 5285 371 5339 ὲν
400 5284 769 5356 Νικομηδείᾳ,
801 5285 1065 5358 ἐπεσχέθη
1087 5289 1204 5342 κατ’
1227 5289 1395 5361 αὐτὴν
1420 5290 1484 5343 δι’
1513 5291 1689 5348 αἰτίαν

213 5414 278 5492 (ᾳ)
301 5418 490 5492 Palat"
525 5422 646 5483 τοῖς
670 5419 990 5492 Ἀρειανοῖς.

212 5489 276 5561 ib)
296 5489 485 5561 Palat.,
517 5489 942 5561 προστάγματα.

295 5506 485 5638 ξξῖἷζξ
499 5506 1036 5638 Eﬁigﬁlé‘i‘éam,
1059 5563 1375 5637 ἀνέκρυψεν.

214 5629 283 5695 (d)
305 5629 400 5701 _Sic
421 5629 597 5701 Palat.
621 5629 796 5701 _E_dit_i,
823 5630 1014 5701 τούτῳ.

214 5703 274 5774 te)
302 5696 392 5774 §ic
417 5699 590 5774 Palat.
621 5697 772 5774 Editi
804 5696 1228 5774 [ςγοίάσὸόλην.

158 5828 173 5850 ,Δ
190 5762 272 5850 Δ(ί)
305 5767 498 5850 9891...
512 5767 796 5850 ἐπεχείρει
819 5762 1174 5843 βλασφημῶν.’
1195 5775 1335 5834 Infra
1367 5776 1687 5850 ἰάειιι,ξπολ-

157 5835 238 5897 si;
262 5853 341 5891 τε.
370 5835 526 5906 ΕιΠιὶ,
550 5835 732 5890 πολλά
753 5835 834 5891 se.

522 5930 812 5993 PATROL.
866 5929 980 5993 Gn.
1027 5935 1226 5999 XXV.

1798 4656 2014 4726 tinopoli
2050 4657 2389 4713 Antiochiam
2411 4659 2680 4730 profectus
2710 4673 2812 4730 est,
2851 4680 3080 4737 cumque
3102 4667 3350 4726 Nicome-

1794 4747 1938 4802 diam
1963 4749 2316 4818 pervenisset,
2342 4751 2410 4805 ibi
2436 4752 2694 4820 substitit,
2720 4755 2789 4810 ob
2817 4771 3033 4812 causam
3067 4759 3346 4828 ejusmodi.

1795 4840 2071 4896 Eudoxius
2122 4840 2210 4896 ille
2241 4843 2564 4900 Arianorum
2617 4847 2902 4919 episcopus
2925 4889 2942 4916 ,
2973 4866 3098 4907 acer
3143 4854 3350 4911 Christi

1796 4931 2036 4989 ﬁdelium
2061 4942 2387 5002 persecutor,
2424 4937 2606 4991 statim
2635 4941 2703 4994 ab
2753 4954 2968 5010 egressu
3014 4943 3352 5012 imperatoris

1799 5026 1952 5091 obiit,
1992 5024 2366 5080 Valentiniano
2413 5037 2466 5082 et
2510 5026 2736 5087 Valente
2781 5033 2993 5089 tertium
3042 5039 3351 5096 consulibus

1801 5130 1925 5170 cum
1988 5117 2356 5172 novemdecim
2417 5133 2588 5176 annos
2650 5124 2984 5183 orthodoxos
3039 5142 3351 5199 persecutus

1797 5206 2009 5263 fuisset.
2041 5206 2381 5278 QuaprOpter
2407 5212 2458 5264 in
2486 5211 2603 5280 ejus
2627 5213 2802 5270 locum
2841 5217 3028 5273 Ariani
3067 5221 3350 5289 Demophi-

1795 5299 1905 5354 lum
1957 5299 2307 5355 constituunt.
2334 5302 2405 5356 At
2436 5305 2527 5372 qui
2573 5309 3179 5365 consubstantialitatem
3230 5321 3346 5366 tue-

1888 5435 1939 5514 9)
1969 5435 2158 5514 Ρρίειξ.
2183 5437 2276 5514 {al
2368 5439 2606 5514 θάλασσα
2628 5441 2937 5514 τορςγίδίους
2965 5444 3139 5514 ὅρους.

1887 5506 1942 5576 Ιι)
1974 5506 2377 5582 Ἀλεξανδρείας
2415 5513 2563 5566 deest
2592 5512 2645 5564 in
2679 5510 2848 5565 Palat.
2892 5506 3012 5566 Μοὲ
3067 5529 3163 5582 pro
3214 5513 3349 5565 σκά-

1789 5575 1928 5641 λας,
1959 5591 2025 5630 an
2058 5575 2269 5644 σκάφας
2289 5579 2330 5631 ἳ,

1864 5647 1925 5715 (i)
1956 5645 2152 5722 Palat.,
2180 5647 2291 5722 ἀλλ’
2328 5648 2424 5719 ἤδη
2455 5649 2559 5722 καὶ-
2589 5647 2724 5702 αύτά
2759 5646 2825 5722 τᾲ
2863 5647 2954 5702 τὸν
2986 5651 3127 5703 σῖτον
3156 5649 3346 5722 ἔχοντα

1791 5715 1947 5788 ὄρειοι
1965 5717 2047 5788 _(id
2072 5726 2172 5782 cst,
2203 5715 2423 5785 horrea)
2442 5720 2572 5788 πυρὶ
2599 5717 2852 5772 καταναλ.

1863 5784 1930 5855 (j)
1964 5786 2132 5842 Palat.
2140 5824 2156 5851 ,
2197 5784 2482 5857 ἐκράτησε.
