4010 6542
641 397 838 441 ccxx."
1998 374 2224 431 PROLEt

1998 374 2519 431 PROLEGOMENA.

650 497 865 557 bantur,
892 494 991 549 rati
1021 508 1078 549 se
1095 490 1350 562 temporis
1379 492 1825 560 Opportunitatem
1856 502 2039 549 nactos
2056 509 2192 559 esse,
2224 536 2233 556 ι

2298 494 2547 565 τοιαύτην
2579 492 2673 563 (a).
2734 492 2974 557 Εὐδόξιος
3017 484 3169 556 οὗτος
3199 495 3226 547 ό
3269 492 3366 562 τῆς
3403 494 3689 564 Ἀρειανῆς
3732 472 3873 560 αἱρέ-

650 588 773 644 lidei
810 603 919 643 sua:
968 587 1272 658 episcopum
1321 584 1656 641 constituunt
1698 585 1982 655 Evagrium
2008 602 2198 657 quem-

2307 603 2442 649 σεως
2471 586 2782 648 ἐπίσκοπος,
2815 587 2842 639 ὁ
2867 587 2972 640 τῶν
2995 587 3072 649 εἰς
3097 585 3326 657 Χριστὸν
3354 585 3724 639 πιστευόντων
3750 583 3873 659 θερ-

647 677 768 732 dam
795 696 808 733 :
836 692 993 747 quem
1020 677 1234 732 ordinat
1264 677 1453 731 beatus
1482 675 1568 730 ille
1600 676 1931 743 Eustathius,
1963 677 2051 746 qui
2078 692 2202 733 cum

2307 677 2402 746 μὸς
2422 674 2670 745 διώκτης,
2698 674 2859 737 εὐθὺς
2894 672 3030 744 μετὰ
3052 674 3149 744 τὴν
3171 672 3262 725 τοῦ
3296 671 3557 743 βασιλέως
3583 673 3762 740 ἔξοδον
3788 691 3872 726 τε-

648 770 775 823 olim
810 770 1176 825 Antiochenus
1201 770 1481 838 episcopus
1519 766 1740 834 fuisset,
1775 780 2054 825 revocatus
2084 770 2199 825 fue-

2302 768 2464 837 λευτᾷ
2494 766 2551 819 ἐν
2578 766 2807 836 ὑπατείᾳ
2837 765 3272 819 Οὐαλεντινιανοῦ
3316 766 3406 818 καὶ
3454 764 3757 829 Οὐάλεντος
3812 764 3872 819 τὸ

649 870 732 914 rat
769 862 837 916 ab
867 861 1057 917 exsilio
1084 852 1183 931 per
1219 859 1499 915 Jovianum
1523 901 1538 926 ,
1577 868 1797 931 tumque
1835 862 2019 917 aderat
2065 862 2203 919 Con-

2300 856 2500 927 τρίτον,
2530 854 2658 909 δέκα
2680 855 2773 907 καὶ
2804 853 2958 907 ἐννέα
3004 853 3096 925 ἐτη
3125 854 3263 907 κατὰ
3295 854 3399 908 τῶν
3427 854 3726 926 ὀρθοδόξων
3751 854 3872 908 διω-

649 951 1015 1020 stantinopoli,
1041 952 1277 1021 illudque
1300 953 1424 1021 egit,
1460 952 1639 1008 animo
1670 954 2049 1010 conﬁrmandae
2080 956 2199 1012 fidei

2300 948 2437 1017 γμὸν
2469 948 2715 1018 ποιήσας.
2739 945 2828 999 Διὸ
2856 946 2904 999 οἱ
2931 948 3028 1016 μὲν
3062 947 3115 1000 Ἀ
3127 947 3324 1017 ρειανοὶ
3356 947 3435 1009 εἰς
3461 946 3554 1000 τὸν
3580 947 3748 999 τόπον
3773 947 3871 1000 at?-

648 1042 1263 1109 consubstantialitatis,
1303 1054 1358 1098 et
1414 1045 1486 1099 ibi
1536 1045 1675 1100 clam
1728 1046 1815 1101 ille
1864 1049 2196 1103 versabatur.

2299 1037 2389 1091 τοῦ
2420 1037 2711 1091 καθιστῶσι
2744 1037 3064 1108 Δημόφιλον.
3100 1037 3308 1109 Καιροῦ
3349 1037 3406 1091 δὲ
3434 1037 3759 1108 νομίσαντες
3790 1038 3873 1091 δε-

650 1132 771 1188 Haec
793 1148 913 1188 cum
943 1135 1218 1191 didicisset
1255 1135 1569 1205 imperator,
1596 1136 1757 1208 jussit
1787 1153 1884 1208 per
1914 1139 2197 1194 militarem

2298 1127 2521 1200 δράχθαι
2548 1129 2595 1181 οἱ
2626 1127 2718 1181 τοῦ
2762 1130 3065 1199 ὁμοουσίου,
3117 1129 3212 1199 τῆς
3247 1128 3451 1181 ἑαυτῶν
3485 1129 3721 1192 πίστεως
3754 1128 3874 1181 ἐπί-

644 1239 861 1280 manum
897 1227 1314 1296 comprehensos
1358 1228 1696 1285 ordinantem
1748 1240 1804 1285 et
1858 1232 2194 1297 ordinatum,

2301 1236 2498 1273 σκοπον
2528 1220 2794 1297 Εὐάγριόν
2840 1238 2959 1277 τινα
3007 1220 3395 1291 προεϐάλλοντο
3417 1238 3429 1250 ⁸
3493 1220 3871 1292 χειροτονεῖδέ

643 1314 805 1370 alium
840 1316 947 1371 alio
991 1318 1045 1374 in
1086 1318 1201 1373 loco
1239 1304 1508 1375 exsulare.
1550 1320 1857 1377 Eustathius
1906 1323 1960 1379 in
2008 1324 2196 1378 urbem

2296 1309 2482 1364 τοῦτον
2521 1289 2557 1362 δ
2590 1289 2853 1382 μακάριος
2883 1289 3175 1375 Εὑστάθιος
3213 1313 3241 1364 ό
3281 1311 3447 1365 πάλαι
3663 1312 3870 1363 Ἀντιο-

643 1408 887 1466 Thraciae
911 1408 1111 1482 Byzam
1142 1411 1409 1481 relegatus
1438 1421 1540 1480 est,
1574 1414 1831 1485 Evagrius
1876 1430 2002 1470 vero
2034 1414 2195 1470 alium

2297 1402 2448 1472 χείας
2497 1402 2795 1477 ἐπίσκοπος
2846 1402 3101 1472 γεγονὼς,
3144 1403 3203 1466 ὃς
3251 1402 3587 1474 ἀνακέκλητο
3640 1402 3740 1473 μὲν
3765 1401 3872 1454 ὑπὸ

644 1502 696 1556 in
736 1502 909 1558 locum
958 1503 1220 1560 abductus
1245 1513 1349 1560 est.
1382 1504 1477 1560 His
1517 1506 1587 1560 ita
1636 1506 1800 1577 gestis
1836 1506 2028 1563 Valens
2056 1508 2198 1563 venit

2308 1495 2560 1549 Ἰο6ιανοῦ
2588 1498 2686 1568 τῆς
2728 1495 2959 1567 ἐξορίας,
2993 1496 3112 1549 τότε
3155 1496 3211 1549 δέ
3243 1498 3421 1566 παρῆν
3450 1496 3530 1559 είς
3559 1495 3664 1566 τὴν
3704 1497 3868 1548 Κων-

638 1594 1019 1661 Antiochiam,
1079 1610 1142 1650 ac
1186 1611 1374 1651 omnes
1428 1597 1517 1666 qui
1583 1596 2195 1652 consubstantialitatem

2298 1588 2751 1653 σταντινούπολιν,
2779 1588 2962 1660 σκοπῷ
2989 1587 3080 1642 τοῦ
3112 1586 3505 1658 πηρίξαιτοὺς
3532 1590 3635 1659 τῆς
3666 1587 3870 1656 ὀμοου-

639 1687 921 1754 scntirent,
953 1704 1051 1744 nec
1078 1688 1262 1743 Ariani
1290 1703 1410 1744 esse
1431 1689 1625 1745 vellent
1656 1689 1772 1743 dire
1806 1688 2038 1752 vexavit,
2061 1703 2195 1758 quos

2296 1680 2407 1733 σίου
2436 1680 2683 1748 πίστεως,
2719 1682 2811 1735 καὶ
2833 1681 2969 1735 κατὰ
2996 1680 3195 1751 ταύτην
3222 1678 3493 1734 λανθάνων
3519 1679 3699 1749 διῆγε.
3725 1678 3871 1733 Ταῦς-

638 1794 745 1835 non
774 1780 931 1835 modo
966 1779 1315 1846 Alexandria,
1349 1781 1442 1835 sed
1478 1779 1724 1836 omnibus
1752 1780 1914 1834 etiam
1952 1780 2189 1835 orienta-

2292 1788 2360 1825 τα
2416 1772 2599 1842 μαθὼν
2654 1773 2682 1824 ὁ
2724 1772 2974 1843 βασιλεὺς
3016 1772 3285 1836 ἐκέλευσε,
3320 1770 3405 1824 διὰ
3460 1770 3870 1843 στρατιωτικῆς

637 1872 777 1927 libus
809 1873 1031 1928 urbibus
1079 1873 1285 1942 expulit
1336 1891 1348 1926 :
1404 1886 1499 1928 nec
1551 1872 1638 1926 his
1690 1881 1973 1927 contentus
2023 1871 2187 1927 variis

2290 1837 2470 1934 χειρδς
2496 1837 2891 1936 συλληφθέντας
2911 1864 3001 1917 τόν
3044 1881 3105 1916 τε
3138 1837 3586 1935 χειροτονήσαντα
3638 1863 3735 1915 καὶ
3776 1837 3870 1914 τδν

616 1964 795 2029 etiam
856 1964 1058 2018 addixit
1108 1963 1431 2034 suppliciis:
1466 1966 1739 2033 multoque
1790 1963 1969 2033 plures
2025 1977 2189 2032 quam

2290 1954 2746 2030 χειροτονηθέντα,
2770 1953 2924 2008 ἄλλον
2950 1952 3178 2033 ἀλλαχοῦ
3196 1952 3622 2023 περιορίζεσθαι.
3649 1951 3869 2006 Εὑστά-

637 2066 763 2109 ante
810 2055 960 2110 vario
1013 2053 1204 2111 mortis
1258 2069 1455 2125 genere
1509 2054 1865 2110 interllciebat
1903 2072 1916 2107 :
1960 2067 2189 2123 quorum

2290 2045 2400 2109 θιος
2429 2046 2523 2116 μὲν
2550 2040 2641 2098 οὖν
2666 2046 2694 2097 ὁ
2717 2046 2860 2107 ὅσιος
2880 2045 2937 2096 ἐν
2982 2042 3288 2116 Βίζῃπόλει
3333 2042 3435 2113 τῆς
3452 2043 3680 2116 Θρᾴκης
3713 2061 3863 2115 περι-

636 2147 834 2203 multos
886 2147 937 2201 in
986 2144 1239 2227 Orontem
1275 2148 1647 2219 praecipitavit.
1694 2147 1787 2201 Illa
1816 2157 1997 2202 autem
2032 2147 2189 2216 spiri-

2287 2136 2529 2208 ωρίζετο’
2553 2136 2818 2207 Εὐάγριος
2844 2134 2899 2188 δὲ
2920 2136 2999 2198 είς
3022 2133 3177 2189 ἄλλον
3196 2134 3355 2189 τόπον
3379 2133 3622 2206 ἀπήχθη.
3646 2133 3868 2188 Τούτων

635 2237 763 2292 tuali
822 2238 921 2294 sub
948 2237 1173 2294 Valente
1208 2249 1560 2309 tempestate,
1593 2247 1809 2294 sanctus
1860 2238 2188 2295 Athanasius

2286 2250 2455 2313 οὑτως
2479 2247 2986 2321 καταπραχθέντων,
3011 2246 3220 2318 Οὐάλης
3255 2235 3347 2299 ἐπὶ
3387 2246 3721 2315 Ἀντιόχειαν
3756 2262 3866 2299 πα-

634 2340 755 2400 post
808 2341 954 2386 tanta
999 2332 1066 2388 ab
1102 2332 1192 2386 illo
1250 2347 1347 2401 pro
1375 2333 1461 2402 pia
1496 2331 1752 2401 religione
1789 2340 2038 2400 suscepta
2072 2347 2188 2386 cer-

2289 2340 2575 2412 ραγίνεται·
2596 2339 2893 2411 ἐπόρθησεν
2916 2338 3072 2401 εὐθὺς
3085 2340 3209 2402 τοὺς
3227 2338 3289 2391 τὸ
3306 2336 3584 2408 ὁμοοὺσιον
3607 2322 3842 2409 φρονοῦν

634 2424 854 2488 lamina,
893 2439 1142 2493 quorum,
1165 2434 1223 2479 ut
1255 2439 1414 2494 supra
1449 2423 1577 2490 dixi,
1606 2438 1764 2492 quam
1797 2421 2026 2491 plurima
2052 2436 2186 2491 prae-

2283 2450 2400 2499 τας,
2434 2433 2527 2486 καὶ
2563 2432 2637 2504 μὴ
2670 2432 2916 2496 θέλοντας
2958 2428 3340 2502 Ἀρειανίζειν·
3397 2429 3662 2499 ἐξήλαυνέ
3708 2445 3769 2481 τε
3803 2427 3864 2481 οὐ

634 2518 859 2583 termisi,
889 2518 1289 2588 insignioraque
1318 2527 1522 2571 tantum
1556 2516 1821 2581 recensui,
1863 2530 1984 2571 cum
2011 2530 2107 2571 sex
2130 2524 2184 2571 et

2286 2523 2442 2593 μόνον
2474 2524 2538 2577 ἐκ
2567 2525 2666 2594 τῆς
2705 2523 3049 2595 Ἀντιοχείας,
3083 2521 3218 2577 ἀλλὰ
3238 2522 3331 2576 καὶ
3360 2524 3424 2576 ἐκ
3454 2520 3649 2574 πασῶν
3679 2520 3866 2592 σχεδὸν

631 2610 984 2679 quadraginta
1037 2625 1204 2677 annos
1253 2610 1306 2663 in
1364 2610 1677 2678 episcopatu
1734 2618 2181 2675 consummasset,

2282 2611 2389 2665 τῶν
2434 2612 2761 2667 ἀνατολικῶν
2790 2613 3013 2667 πόλεων.
3071 2614 3180 2667 Καὶ
3231 2613 3329 2666 οὐκ
3360 2613 3585 2682 ἠρκεῖτο
3628 2612 3862 2674 τούτοις,

633 2715 753 2755 cum
791 2702 961 2756 multa
1012 2701 1310 2775 successori
1342 2702 1440 2757 sibi
1469 2702 1720 2772 episcopo
1746 2702 1903 2757 Petro
1936 2701 2184 2757 mandas-

2283 2703 2418 2758 ἀλλὰ
2440 2705 2545 2777 γὰρ
2581 2706 2675 2758 καὶ
2700 2705 2973 2777 διαφόροις
2996 2704 3367 2776 κολαστηρίοις
3387 2702 3714 2756 ὑπέϐαλλεν.
3733 2703 3866 2754 Ἀπ-

633 2804 717 2847 set
747 2808 850 2863 quo
876 2804 1029 2863 pacto
1059 2796 1353 2857 haeresibus
1392 2794 1761 2851 obsistendum
1795 2793 1933 2849 foret
1958 2834 1973 2858 ,
2020 2794 2182 2848 vitam

2281 2794 2477 2849 ὠλλυεν
2506 2796 2561 2849 δέ
2585 2795 2788 2866 οπολλῷ
2833 2795 3045 2859 πλείους
3074 2795 3179 2848 τῶν
3220 2795 3519 2866 προτέρων,
3571 2792 3864 2864 διαφόροις

630 2886 800 2950 obiit,
843 2884 1099 2941 Gratiano
1148 2887 1437 2941 secundum
1488 2885 1771 2955 etLProho
1818 2884 2179 2940 consulibus:

2285 2889 2382 2960 μὲν
2415 2888 2662 2952 θανάτοις
2696 2887 3052 2959 παραδιδοὺς,
3092 2886 3379 2959 ἐξαιρέτως
3416 2887 3473 2939 δὲ
3512 2885 3593 2957 τῷ
3630 2884 3864 2955 ποταμῷ

632 2976 1046 3046 οωιοειὶὺιιεῳιε
1091 2979 1305 3034 coronis
1360 2994 1423 3034 ac
1469 2991 1670 3033 aeterno
1708 2979 1903 3049 gaudio
1951 2980 2183 3033 donatus

2294 2982 2535 3052 Ὀρόντῃ.
2569 2980 2726 3034 Κατὰ
2753 2980 2815 3051 δὴ
2850 2981 2941 3034 τὸν
2967 2980 3206 3050 χειμῶνα
3224 2980 3408 3033 τοῦτον
3434 2978 3526 3032 τὸν
3551 2978 3744 3048 νοητὸν
3765 2978 3864 3030 ἐπὶ

630 3079 730 3133 est,
770 3069 923 3139 cujus
976 3086 1074 3126 nos
1117 3072 1278 3126 etiam
1315 3072 1603 3141 participes
1632 3071 1748 3125 fore
1782 3070 2077 3142 contingat,
2127 3071 2180 3125 in

2281 3071 2570 3137 Οὐάλεντος
2595 3072 2623 3125 ὁ
2648 3072 2799 3139 ἆγιος
2833 3071 3163 3137 Ἀθανάσιος,
3198 3070 3333 3141 μετὰ
3361 3070 3589 3133 πολλοὺς
3617 3068 3864 3131 ἐκείνους

628 3158 843 3214 Christo
868 3159 993 3217 Jesu
1026 3162 1251 3217 Domino
1282 3173 1484 3230 nostro,
1506 3164 1590 3219 cui
1624 3162 1794 3233 gloria
1821 3172 1873 3218 et
1898 3162 2177 3231 imperium
2205 3192 2211 3227 ς

2278 3164 2405 3228 τοὺς
2430 3165 2569 3235 ὑπὲρ
2590 3163 2688 3233 τῆς
2723 3162 3000 3228 εὐσεϐείας
3030 3163 3262 3233 ἀγῶνας,
3290 3157 3384 3224 ὧν,
3420 3162 3495 3225 ὡς
3526 3158 3706 3224 εἶπον,
3730 3160 3858 3222 τούς

630 3251 681 3303 in
709 3253 900 3307 smcula
929 3255 1262 3310 saeculorum.
1295 3256 1485 3310 Amen.

2284 3255 2529 3319 πλείονας
2556 3254 2876 3325 παρέλειψα,
2906 3257 3032 3320 τοὺς
3075 3254 3496 3327 ἐπισημοτέρους
3536 3252 3707 3307 αὑτοῦ
3739 3253 3857 3313 ἐπι,

630 3345 1003 3415 σημηνάμενος
1034 3346 1127 3416 (b),
1159 3345 1217 3413 ἐξ
1242 3347 1335 3400 καὶ
1360 3347 1760 3417 τεσσαράκοντα
1789 3345 1884 3417 ἐτη
1902 3346 2188 3418 διαρκέσας
2227 3349 2319 3404 ἐπὶ
2350 3349 2447 3419 τῆς
2510 3349 2824 3421 ἱερωσύνης,
2866 3348 3035 3403 πολλὰ
3075 3348 3381 3419 προσειπὼν
3404 3349 3608 3420 Πέτρῳ
3637 3348 3715 3419 τῷ
3738 3345 3854 3419 μετ’

628 3437 785 3490 αὐτὸν
811 3438 1110 3508 ἐπισκόπῳ,
1141 3439 1222 3491 ὅτι
1251 3438 1384 3510 πρὸς
1403 3438 1509 3491 τῶν
1563 3439 1823 3509 αἱρέσεων
1849 3439 2232 3511 ὑποστήσεται,
2268 3440 2358 3494 τὸν
2391 3440 2503 3510 βίον
2535 3441 2888 3513 ὑπεξέρχεται
2947 3446 3004 3496 ἐν
3037 3442 3268 3512 ὑπατείᾳ
3328 3440 3635 3514 Γρατιανοῦ
3673 3440 3745 3513 (c)
3793 3442 3856 3495 τὸ

626 3530 870 3601 δεύτερον
900 3530 991 3583 καὶ
1054 3529 1283 3600 Πρόϐου,
1346 3528 1454 3579 τῶν
1484 3529 1743 3599 οὐρανίων
1782 3528 2029 3596 ἀξιωθεὶς
2069 3530 2344 3600 στεφάνων
2410 3532 2501 3585 καὶ
2550 3531 2649 3599 τῆς
2704 3533 2917 3586 αἰωνίου
2972 3533 3165 3605 χαρᾶς,
3206 3527 3271 3604 ἧς
3318 3531 3531 3601 γένοιτο
3569 3532 3666 3585 καὶ
3705 3534 3855 3603 ἡμᾶς

630 3624 912 3693 μετασχεῖν
960 3623 1015 3675 ἐν
1044 3620 1262 3692 Χριστῷ
1298 3621 1468 3691 Ἰησοῦ
1505 3622 1581 3692 τῷ
1645 3621 1831 3692 Κυρίῳ
1875 3622 2054 3693 ἡμῶν,
2085 3617 2129 3690 ᾧ
2157 3622 2191 3694 ἡ
2229 3623 2354 3691 δόξα
2418 3624 2510 3679 καὶ
2538 3624 2600 3677 τὸ
2636 3624 2834 3695 κράτος
2861 3626 2938 3689 είς
2970 3627 3094 3689 τοὺς
3120 3624 3319 3688 αἰῶνας
3344 3623 3453 3677 τῶν
3478 3623 3716 3678 αἰώνων.
3762 3623 3851 3675 ’Δ-

630 3717 753 3786 μήνι

697 3921 990 3994 (a)_Palat.,
1041 3921 1265 3975 τοιάνδε.
1298 3920 1437 3976 Infra
1494 3922 1655 3989 idem,
1696 3924 1775 3986 είς
1810 3922 1900 3976 τὸν
1945 3922 2176 3994 Χριστὸν
2222 3940 2280 3994 __t

2270 3931 2388 3978 ctor
2409 3920 2970 3994 benevole,_quaahoc
2999 3918 3392 3994 te_mpore_dare
3422 3917 3695 3974 festinatis
3718 3934 3853 3989 ope-

625 3988 1014 4046 εὐσεϐοὐντων.
1324 4060 1327 4061 ν
1642 3988 1647 3989 “
1998 3988 2012 3994 ⁷
2224 3988 2248 4027 '-
2269 3994 2345 4048 ris
2372 3992 2664 4061 potuimus.
2695 3988 2752 4045 In
2779 3989 2971 4061 quibus
3004 3989 3049 4061 si
3089 4003 3207 4056 qua:
3234 3988 3374 4061 forte
3410 3998 3561 4052 sunt,
3597 4005 3718 4058 quae
3744 3988 3852 4058 pa—

696 4060 768 4150 ll.)
795 4060 1441 4150 E.=t'a.£-z.£°bs.sirél?95
1470 4063 1695 4150 έτξισηεί-
1766 4132 1803 4150 ί,
1883 4132 1924 4150 η
1999 4136 2021 4148 -
2119 4130 2147 4143 ..
2268 4078 2279 4117 ι

2268 4058 2387 4117 rum
2411 4062 2732 4150 ad'gu‘stum,
2759 4058 2823 4143 ut
2846 4060 3000 4150 nobis
3026 4059 3271 4139 ignoscas
3297 4058 3465 4150 etiam
3491 4070 3663 4150 atque
3682 4062 3850 4115 etiam

693 4128 763 4202 (ο)
790 4131 884 4204 Sic
915 4132 1083 4186 Palat.
1116 4128 1268 4204 Editi'
1306 4147 1457 4204 vero,
1512 4135 1567 4185 ὲν
1592 4128 1842 4204 ὑπατείᾳ
1882 4130 2170 4204 Θραῖανοῦ.
2267 4151 2276 4184 t

2269 4128 2693 4204 oramus.'Quod
2727 4132 2781 4204 s_i_
2816 4130 3030 4204 quando
3073 4129 3286 4204 occasio
3327 4128 3654 4204 _fucrit_ha_ec_
3680 4146 3852 4204 _reco—

612 4197 1021 4261 .Hictdesiuunt
1065 4203 1117 4258 in
1183 4202 1313 4258 edit.
1368 4202 1630 4257 Commel.
1687 4197 1849 4257 variae
1912 4197 2173 4259 lectiones
2268 4197 2597 4269 gnoscendi,
2643 4197 2982 4255 meditatiora
3027 4208 3082 4254 et
3135 4198 3286 4269 plura
3320 4197 3527 4269 (spero)
3564 4200 3847 4255 dabimus.

622 4218 1021 4261 mctuesmunr
1065 4219 1117 4258 tn
1183 4218 1313 4258 emt.
1368 4218 1630 4257 hommet.
1687 4218 1849 4257 variae
1912 4218 2173 4259 lectiones
2307 4218 2597 4266 noscendi,
2643 4218 2982 4255 memtauora
3027 4218 3082 4254 et
3135 4218 3286 4269 ptura
3320 4218 3527 4269 (spero;
3564 4218 3847 4255 aammus.

620 4271 960 4327 Felckmauni
991 4273 1092 4327 viri
1119 4273 1341 4329 studiosi
1386 4283 1440 4327 et
1468 4272 1534 4326 de
1562 4271 1855 4328 Athanasio
1882 4272 2020 4327 bene
2058 4287 2175 4328 me-
2268 4218 2347 4325 ξι]
2374 4285 2513 4325 nunc
2538 4270 2650 4326 hazc
2680 4271 2815 4340 aequi
2840 4270 3072 4340 bonique
3094 4268 3332 4335 consule,
3374 4283 3438 4324 ac
3472 4269 3681 4325 fruere.
3711 4269 3852 4326 Vale

622 4344 732 4409 riti,
755 4344 842 4414 qui
871 4358 1024 4399 suum
1055 4343 1128 4398 ita
1160 4344 1359 4399 claudit
1379 4356 1552 4414 Opus:
1591 4360 1610 4395 ι
1654 4341 1722 4397 Ει
1760 4343 1871 4398 haec
1899 4352 2043 4410 sunt,
2091 4342 2170 4399 le-
2269 4340 2431 4397 simul
2452 4340 2616 4395 etiam
2647 4338 2810 4411 atque
2839 4338 3004 4394 salve.
3030 4357 3049 4391 ι

1415 4751 2150 4867 ᾼΤΗΑΝΑΞΙΟΞ
2222 4746 3028 4842 APOSTOLICUS

1699 5005 1886 5047 INTER
1916 5006 2344 5051 PATRIARCHAS
2376 5007 2723 5064 VICESIMUS,

803 5170 947 5231 Sive
983 5168 1123 5233 Vita
1154 5170 1481 5235 Athanasii
1515 5188 1591 5233 ex
1622 5173 1887 5236 Arabico
1926 5190 2123 5249 versa,
2161 5174 2509 5253 interprete
2533 5177 2670 5237 viro
2709 5175 3063 5239 clarissimo
3092 5179 3168 5239 D.
3201 5179 3631 5245 Reuaudotio.

672 5576 807 5633 Cum
839 5575 1058 5632 obiisset
1088 5576 1189 5647 piae
1228 5575 1499 5633 memoriae
1550 5573 1711 5629 Pater
1729 5572 2047 5637 Alexander,
2076 5572 2151 5629 vi-
2184 5577 2228 5634 D
2258 5584 2393 5631 trem
2406 5574 2753 5634 Athanasium
2773 5585 2828 5631 et
2846 5575 2901 5630 in
2920 5573 3055 5630 solio
3073 5574 3380 5645 evangelica
3401 5575 3830 5637 collocaverunt.

609 5670 764 5725 ditata
798 5679 880 5724 est
910 5669 1091 5739 paucis
1118 5668 1401 5724 admodum
1429 5666 1614 5723 diebus
1637 5662 1902 5731 Ecclesia;
1929 5678 2152 5735 congre-
2262 5664 2488 5735 Scripsit
2513 5665 2604 5723 ille
2629 5675 2892 5723 tractatus
2926 5664 3157 5721 eximios
3193 5676 3248 5720 et
3285 5667 3567 5726 orationes
3604 5670 3827 5734 multas,

611 5773 728 5830 gata
752 5764 893 5821 enim
924 5762 1075 5834 plebe
1100 5761 1381 5821 consilium
1405 5760 1639 5819 inierunt
1657 5758 2031 5831 elegeruntque
2054 5758 2157 5817 Pa-
2264 5768 2592 5832 vocatusque
2617 5772 2726 5830 Lest
2767 5762 2821 5820 in
2863 5760 3226 5832 patriarchatu
3254 5775 3361 5833 suo
3390 5763 3721 5833 apostolicus
3757 5764 3831 5818 ob
