4010 6518
1003 442 1164 506 ΠΤΑ
1206 447 1261 504 S.
1302 448 1669 502 ATIIANASII
1711 447 1799 501 EX
1840 448 2139 507 ARABICO
2186 447 2439 504 VERSA.

3158 460 3368 501 CCXLVI]

134 577 255 622 retttm
281 574 574 635 gestarum
637 560 1058 640 excellentium,
1094 580 1312 640 propter
1342 584 1458 638 quae
1483 578 1697 637 aposto-
1726 582 1772 629 Α
1802 571 2150 623 manducasse
2178 568 2277 622 nisi
2319 583 2383 621 ex
2424 566 2737 634 praescripta
2774 580 3051 631 mensura,
3088 581 3262 638 neque
3290 581 3380 624 me

135 658 214 713 licis
240 668 374 714 erant
414 658 684 719 similes.

182 789 276 860 Ejus
307 798 577 861 tempore
619 793 827 847 habita
859 802 943 848 est
983 792 1218 863 synodus
1249 792 1301 845 in
1329 791 1536 846 Galatia
1562 833 1577 857 ,
1610 794 1694 849 cui

141 882 314 937 interluit
356 880 619 938 Basilius
679 884 912 955 Magnus
972 894 1157 938 auctor
1213 882 1501 953 Liturgire,
1562 895 1697 938 tem-

146 988 232 1047 pore
262 973 445 1029 luliani
493 976 874 1045 imperatoris
908 986 1178 1047 apostatte.
1235 973 1479 1030 Julianus
1521 975 1699 1030 Patri-

153 1070 227 1124 cius
260 1066 369 1123 huic
433 1070 666 1138 synodo
721 1068 1064 1138 praasidebat.
1118 1067 1284 1122 Porro
1346 1082 1467 1121 cum
1533 1067 1701 1122 Julia-

160 1178 226 1218 nus
259 1162 545 1229 imperator
606 1160 835 1215 occisus
890 1159 1076 1215 fuisset
1120 1174 1279 1214 manu
1324 1158 1506 1227 inclyti
1559 1174 1702 1212 mar—

164 1252 512 1326 tyrisllercurii
539 1291 559 1317 ,
600 1261 901 1306 successor
948 1251 1061 1319 ejus
1108 1251 1161 1305 in
1197 1250 1422 1320 imperio
1447 1249 1701 1304 Jovianus

164 1346 363 1402 Patricius
402 1342 535 1407 fuit,
584 1344 693 1397 sub
735 1358 847 1413 quo
880 1342 1120 1397 Ecclesia
1167 1341 1400 1410 quietem
1442 1341 1697 1395 obtinuit.

162 1435 425 1491 Athanasius
481 1433 714 1502 quidem
769 1433 1078 1502 patriarcha
1124 1431 1463 1485 calamitates
1510 1431 1704 1486 multas

163 1526 378 1591 sustinuit,
411 1536 470 1580 et
504 1526 561 1578 in
598 1524 858 1579 exsilium
887 1522 1088 1591 ejectus
1114 1531 1216 1589 est,
1247 1522 1462 1589 maligni
1494 1521 1703 1592 laqueis

162 1621 535 1684 circumventus,
584 1617 721 1671 adeo
756 1624 816 1669 ut
864 1628 894 1668 a
930 1615 1055 1668 sede
1098 1629 1194 1668 sua
1255 1614 1448 1668 abesse
1483 1624 1704 1671 coactus

162 1711 297 1776 fuerit,
343 1709 623 1764 malorum
672 1722 797 1777 quae
842 1719 1130 1777 perpessus
1175 1715 1294 1761 erat
1336 1705 1700 1764 multitudine.

162 1806 303 1875 Itaque
349 1803 403 1857 in
452 1800 656 1864 Sahid.
710 1813 810 1855 seu
863 1799 1192 1869 superiorem
1236 1797 1525 1869 A‘Zgyptum
1577 1813 1705 1868 pro-

159 1896 307 1959 iectus,
354 1893 563 1949 mansit
602 1892 712 1948 illic
744 1906 845 1961 per
894 1904 1062 1945 annos
1097 1891 1316 1953 multos,
1352 1889 1613 1945 simulans
1644 1904 1702 1945 se

158 1986 594 2056 esseoperarium,
625 1998 797 2053 seque
830 1981 1224 2038 mercenarium
1246 1980 1500 2047 elﬁciens,
1530 1995 1704 2051 neque

155 2079 472 2135 manifestans
502 2092 564 2132 se
590 2091 714 2132 esse
744 2075 1136 2146 patriarcham.
1192 2073 1548 2144 Imperatores
1582 2074 1703 2127 inﬁ-

154 2172 299 2236 deles,
333 2171 540 2226 Valens
590 2169 806 2224 scilicet
854 2176 912 2223 et
952 2207 966 2221 .
996 2204 1012 2222 .
1046 2206 1058 2220 .
1100 2181 1197 2236 per
1238 2179 1408 2220 annos
1456 2166 1702 2221 undecim

152 2266 397 2337 imperium
449 2264 833 2320 obtinuerunt.
886 2260 1111 2329 Quando
1141 2270 1319 2315 autem
1372 2260 1483 2315 Deo
1528 2261 1701 2314 visum

150 2369 218 2415 est
254 2368 308 2414 ut
334 2358 451 2415 sedi
488 2372 605 2413 sua:
653 2356 1055 2421 restitueretur,
1101 2355 1391 2411 secundum
1438 2353 1705 2409 orationes

149 2454 241 2524 ejus
270 2463 487 2509 sanctas
510 2460 566 2506 et
590 2458 875 2518 acceptas,
915 2446 1147 2518 perdidit
1186 2446 1541 2515 imperatores
1584 2444 1704 2500 illos

148 2558 291 2601 morte
311 2546 554 2610 funesta,
575 2544 647 2599 ob
681 2544 773 2598 illa
802 2557 923 2611 quae
948 2551 1137 2596 contra
1164 2539 1518 2596 orthodoxam
1546 2537 1703 2594 ﬁdem

144 2646 588 2709 perpetraverant.
638 2637 899 2691 Dominus
934 2643 1111 2689 autem
1161 2633 1537 2703 imperatorem
1568 2644 1700 2686 con-

139 2732 290 2785 stituit
329 2730 549 2785 ﬁdelem
602 2727 828 2783 nomine
860 2724 1240 2790 Theodosium,
1283 2722 1435 2792 cujus
1465 2732 1708 2793 tempore

136 2832 357 2877 recreata
408 2818 694 2885 Ecclesia,
743 2818 1219 2887 tranquillitatem,
1269 2815 1611 2872 securitatem
1654 2825 1709 2870 et

131 2930 299 2985 pacem
346 2913 614 2970 obtinuit.
680 2909 764 2965 Ita
824 2909 984 2965 rediit
1036 2909 1362 2964 Athanasius
1409 2909 1476 2963 ad
1528 2911 1707 2963 sedem

127 3020 286 3072 suam,
339 3004 589 3059 maxima
645 3002 819 3055 totius
843 3000 1061 3071 IEgypti
1108 3000 1333 3067 laetitia;
1383 2999 1525 3069 quod
1568 2999 1708 3054 Deus

123 3095 367 3165 dignatus
390 3105 543 3150 esset
573 3092 889 3148 concedere
921 3092 1025 3147 illis
1066 3092 1295 3147 reditum
1338 3090 1572 3160 pastoris
1601 3090 1707 3145 sui.

122 3184 211 3241 llic
240 3197 423 3256 pastor
453 3189 639 3242 bonus
670 3184 974 3254 spiritualis
998 3184 1228 3238 obtinuit
1259 3184 1439 3238 sedem
1468 3181 1708 3237 D.Marci

121 3282 459 3353 evangelista?
492 3280 659 3334 annis
690 3279 1052 3348 quadraginta
1086 3286 1289 3347 septem
1317 3317 1331 3342 ,
1362 3285 1710 3345 mortuusque

122 3379 193 3423 est
222 3373 456 3439 septima
504 3369 721 3423 mensis
761 3365 1059 3421 Bascltues.
1106 3366 1154 3421 ls
1206 3375 1384 3421 autem
1417 3364 1711 3419 Ecclesiam

121 3459 408 3515 defendens
490 3461 677 3513 victor
752 3456 858 3509 fuit
940 3455 1371 3512 adversariorum
1450 3455 1712 3521 veritatis,

121 3554 548 3624 oppugnantium
588 3553 759 3605 ﬁdem
811 3550 1169 3605 orthodoxam
1194 3589 1210 3614 ,
1243 3549 1457 3603 indutus
1490 3548 1715 3617 gloriam

124 3661 148 3696 a
172 3647 394 3701 Christo
428 3645 670 3699 Domino
694 3682 710 3709 ,
765 3656 1021 3712 magnum
1057 3642 1197 3711 plebi
1234 3656 1346 3695 suae
1392 3639 1715 3694 desiderium

126 3739 199 3791 sui
252 3739 517 3808 reliquit,
576 3751 709 3792 cum
773 3735 983 3805 privata
1030 3742 1115 3791 est
1171 3743 1383 3805 pastore
1436 3730 1527 3786 tali
1581 3744 1715 3799 apo-

128 3832 328 3887 stolico.

195 3968 323 4036 Qua:
355 3970 423 4025 de
451 3968 565 4023 vita
597 3965 720 4035 ejus
758 3963 1025 4019 habemus
1054 3963 1168 4018 haec
1193 3961 1305 4017 fere
1327 3970 1471 4017 sunt.
1500 3960 1607 4015 Ter
1627 3975 1720 4016 co-

134 4071 277 4117 actus
302 4072 390 4118 est
432 4064 628 4117 sedem
662 4072 821 4113 suam
852 4055 1101 4111 deserere
1134 4067 1422 4124 oppressus
1468 4066 1721 4122 persecu-

138 4152 386 4219 tionibus,
413 4162 471 4208 et
500 4164 635 4207 tunc
674 4149 826 4207 illam
854 4147 1091 4203 haeretici
1117 4146 1486 4201 obtinuerunt.
1516 4143 1715 4201 Ultima

142 4241 247 4309 ejus
280 4245 532 4300 absentia
587 4242 846 4298 undecim
889 4256 1153 4295 annorum
1201 4238 1323 4295 fuit.
1364 4238 1593 4308 Scripsit
1641 4239 1722 4292 in-

145 4340 282 4388 terea
301 4336 373 4390 ab
397 4336 613 4398 exsilio,
657 4334 726 4389 ad
762 4332 1001 4403 virgines
1033 4347 1150 4401 qua:
1182 4341 1339 4386 erant
1364 4330 1718 4397 Alexandriae,

149 4424 322 4483 dicens
346 4429 485 4483 inter
503 4427 642 4482 alia:
675 4426 922 4496 Sponsus
940 4434 1115 4480 vester
1130 4434 1211 4479 est
1226 4424 1469 4478 Christus
1484 4421 1722 4478 invisibi-

150 4515 210 4570 lis
227 4528 281 4572 et
303 4519 665 4585 immortalis;
701 4517 939 4587 quandiu
962 4525 1139 4570 autem
1164 4514 1633 4585 perseveraveritis
1666 4512 1719 4567 in

154 4606 257 4673 ejus
280 4609 573 4673 charitate,
592 4622 873 4677 nunquam
887 4606 1036 4661 eritis
1056 4606 1247 4659 viduae.
1277 4605 1497 4660 Dicebat
1516 4605 1680 4658 etiam
1702 4621 1716 4657 :

157 4693 355 4755 Scitote
382 4717 465 4756 me
496 4700 667 4755 fuisse
693 4697 1045 4755 secretarium
1074 4698 1244 4766 patris
1275 4696 1375 4749 mei
1408 4696 1717 4759 Alexandri,

159 4792 257 4855 ipse
283 4807 561 4861 nunquam
606 4793 724 4846 sive
774 4790 827 4845 in
870 4787 1002 4843 cella
1046 4802 1144 4842 sua
1192 4787 1306 4841 sive
1351 4786 1478 4840 alibi
1512 4785 1723 4857 legebat

159 4878 515 4952 Evangelium,
547 4884 771 4945 sedens,
796 4881 890 4935 sed
919 4890 1089 4943 stans,
1127 4878 1374 4948 Deusque
1396 4876 1718 4945 singularem

161 4969 225 5023 illi
251 4973 303 5027 in
334 4974 573 5046 legendis
595 4971 899 5043 Scripturis
927 4971 1156 5040 gratiam
1185 4979 1550 5024 concesserat.
1587 4968 1727 5035 Qua-

162 5062 271 5117 dam
312 5077 470 5122 nocte
501 5081 625 5121 cum
660 5075 819 5119 stans
850 5072 1071 5127 oraret,
1105 5071 1159 5115 et
1190 5061 1459 5131 Evangelii
1506 5059 1724 5115 lectioni

162 5151 520 5222 incumberet,
551 5163 827 5210 venerunt
855 5153 921 5207 ad
961 5166 1080 5207 cum
1108 5152 1372 5207 moniales
1397 5193 1412 5217 ,
1450 5151 1723 5223 petitaque

150 5245 380 5303 adeundi
415 5248 635 5304 licentia
658 5286 674 5313 ,
712 5252 1098 5311 accesserunt,
1148 5253 1205 5299 et
1250 5259 1369 5300 eum
1404 5254 1725 5300 venerantes

156 5338 400 5397 dixerunt
420 5342 467 5397 ei
491 5361 503 5396 :
551 5340 694 5397 Sunt
727 5336 871 5408 apud
902 5351 1002 5392 nos
1024 5336 1256 5407 virgines
1278 5351 1395 5405 qua:
1422 5350 1517 5391 sex
1540 5336 1725 5391 diebus

147 5426 406 5499 jejunant,
434 5432 573 5489 nihil
597 5431 901 5501 quidquam
925 5428 1126 5482 interea
1149 5428 1394 5482 manibus
1417 5434 1724 5495 operantes,

152 5522 286 5575 unde
324 5525 559 5594 supersit
610 5520 822 5590 aliquid
873 5518 1015 5587 quod
1063 5519 1118 5574 in
1164 5519 1535 5574 solitariorum
1577 5518 1728 5572 cibos

146 5606 375 5680 impendi
417 5622 608 5684 queat.
647 5611 929 5679 Rogamus
955 5622 1081 5678 ergo
1115 5617 1195 5673 te,
1228 5608 1408 5676 Pater,
1443 5607 1727 5678 praecipias

139 5698 241 5758 illis
272 5714 336 5759 ut
359 5706 614 5763 laborent
641 5712 698 5758 et
722 5707 786 5756 ut
808 5699 1009 5769 jejunio
1036 5715 1134 5756 suo
1164 5701 1377 5755 modum
1414 5699 1725 5754 adhibeant.

136 5787 271 5849 Tum
307 5796 395 5853 ille
417 5815 436 5853 :
469 5797 711 5861 Scitote,
736 5806 953 5848 sorores
978 5807 1131 5859 mea,
1160 5808 1245 5848 me
1269 5807 1539 5863 nunquam
1569 5791 1731 5846 biduo

129 5882 446 5970 iciunasse,
487 5901 677 5961 neque
707 5886 770 5943 in
820 5884 907 5945 die
950 5882 1211 5954 jejunium
1254 5884 1499 5952 solvisse,
1551 5896 1731 5951 neque

1801 662 1971 731 ipsum
2022 662 2204 717 labore
2234 660 2486 714 aﬂlixisse
2519 667 2612 712 aut
2652 673 2849 728 corpus
2879 658 3253 715 vehementius
3282 675 3374 714 ve-

1798 769 1988 817 xasse,
2016 754 2143 822 quia
2178 753 2439 820 optimum
2474 760 2557 806 est
2593 760 2650 803 ut
2686 750 2951 820 jejunium
2979 767 3101 806 cum
3131 753 3376 808 modera-

1801 846 1943 898 tione
1986 844 2097 909 ﬁat,
2146 844 2287 912 quod
2334 844 2495 897 etiam
2544 843 2596 897 in
2630 852 2754 912 potu
2801 852 2858 898 et
2906 859 3098 898 somno
3128 844 3377 900 similiter

1798 933 2072 989 observari
2101 933 2276 989 debet.
2301 932 2436 988 Cum
2460 933 2605 987 enim
2633 934 2862 1003 quisque
2884 934 3182 989 comederit
3207 950 3372 1004 quan-

1801 1036 1911 1080 tum
1946 1040 2083 1094 opus
2124 1035 2241 1087 est,
2291 1025 2500 1079 ﬁrmius
2528 1025 2581 1079 in
2620 1027 2868 1079 oratione
2912 1035 3243 1094 perseverat,
3292 1026 3369 1081 ita

1800 1117 1960 1170 etiam
1990 1130 2110 1171 cum
2142 1115 2285 1179 cibo,
2330 1124 2457 1184 potu
2505 1126 2562 1170 et
2612 1131 2801 1171 somno
2852 1115 3021 1170 utitur
3072 1118 3372 1173 moderate.

1802 1205 1974 1259 Dicite
2007 1203 2113 1258 illis
2159 1204 2338 1270 itaque
2366 1214 2424 1257 ut
2465 1203 2728 1272 jejunium
2757 1206 3007 1271 solvant,
3036 1223 3156 1262 cum
3188 1208 3374 1263 mode-

1801 1298 2009 1352 ratione
2059 1296 2239 1352 cibum
2278 1298 2577 1367 capientes,
2612 1307 2668 1351 et
2694 1299 2877 1353 omnia
2912 1311 3171 1369 quantum
3217 1302 3270 1356 in
3317 1316 3376 1357 se

1802 1397 1885 1442 est
1918 1399 2060 1444 recte
2083 1398 2264 1459 agant.

1869 1531 2046 1600 Atque
2080 1544 2145 1583 ne
2198 1544 2506 1584 sermonem
2557 1528 2761 1582 diutius
2820 1529 3222 1597 protraltamus,
3272 1530 3375 1584 hac

1802 1622 2027 1694 epistola
2061 1621 2293 1692 primum
2334 1620 2524 1676 scribit
2559 1619 2890 1676 Athanasius
2938 1621 3004 1677 de
3038 1629 3225 1676 sancto
3247 1622 3376 1677 Ale-

1804 1715 2009 1770 xandro
2035 1724 2185 1785 patre
2214 1712 2477 1784 spirituali
2507 1727 2608 1770 suo
2632 1754 2649 1780 ,
2694 1713 2850 1783 cujus
2886 1714 3061 1768 oratio
3093 1712 3268 1769 mellis
3296 1713 3379 1769 in-.

1804 1815 1919 1862 star
1963 1806 2145 1862 suavis
2221 1815 2340 1861 erat
2400 1806 2653 1861 omnibus
2712 1806 2803 1875 qui
2861 1805 3011 1862 illum
3063 1806 3378 1873 audiebant,

1733 1948 1775 2003 Β
1806 1897 2305 1969 multiplicabatque
2333 1889 2566 1968 gratiam
2588 1895 2807 1953 Christo
2840 1896 3084 1953 Domino.

1875 2034 2083 2090 Dicitur
2125 2043 2304 2088 autem
2330 2033 2517 2089 Arium
2570 2032 2856 2102 aliquando
2902 2032 2969 2087 ad
3006 2031 3371 2091 Alexandrum

1802 2127 2038 2191 venisse,
2094 2126 2403 2195 petentique
2454 2135 2514 2180 ut
2566 2124 2965 2189 admitteretur,
3013 2124 3247 2195 iussisse
3295 2139 3375 2179 re-

1809 2218 2063 2283 sponderi
2120 2218 2174 2273 in
2236 2218 2378 2272 hunc
2436 2217 2699 2271 modum:
2735 2216 2992 2285 Praecepit
3037 2216 3165 2270 mihi
3218 2226 3374 2287 pater

1806 2325 1956 2363 meus
1998 2317 2057 2377 ut
2098 2317 2147 2363 te
2194 2324 2296 2364 non
2346 2308 2694 2376 susciperem,
2740 2320 2916 2376 neque
2960 2307 3028 2361 ad
3071 2320 3155 2361 me
3202 2306 3374 2361 intra-

1806 2415 1894 2454 res
1915 2441 1930 2465 ,
1958 2409 2051 2454 aut
2078 2409 2252 2454 tecum
2281 2414 2380 2470 ego
2407 2414 2707 2455 sermonem
2731 2399 3033 2454 miscerem.
3061 2396 3155 2452 llle
3175 2396 3372 2467 quippe

1806 2502 1960 2562 pater
1994 2507 2169 2559 meus,
2202 2502 2411 2561 martyr
2430 2491 2630 2547 Christi
2660 2490 2892 2557 Domini,
2926 2491 3061 2545 vidit
3103 2490 3249 2545 illum
3280 2504 3376 2557 per

1808 2583 2101 2651 somnium,
2132 2592 2444 2652 vestemque
2472 2580 2588 2653 ejus
2621 2596 2651 2636 a
2683 2590 2732 2637 te
2756 2581 3066 2650 laceratam,
3095 2579 3379 2657 praecepit-

1807 2691 1911 2746 que
1940 2673 2071 2730 mihi
2104 2686 2162 2731 ut
2193 2688 2244 2732 te
2271 2691 2378 2731 non
2403 2676 2756 2745 susciperem.
2790 2675 2870 2729 An
2897 2674 3114 2745 ignoras
3138 2674 3375 2745 linguam

1811 2778 1955 2822 tuam
1991 2769 2160 2839 ipsam
2203 2782 2324 2823 esse
2355 2782 2473 2836 quae
2511 2779 2563 2821 te
2596 2767 2663 2821 ab
2698 2765 2788 2820 illo
2832 2765 3063 2820 alienum
3110 2763 3237 2820 fecit
3285 2778 3381 2831 per

1810 2859 1897 2914 illa
1922 2874 2043 2929 qua:
2075 2859 2142 2914 de
2178 2859 2292 2928 ipso
2319 2858 2536 2914 dixisti?
2566 2857 2713 2926 Roga
2740 2871 2867 2927 ergo
2890 2855 3164 2912 Christum
3193 2854 3377 2910 Domi-
3406 2926 3407 2933 γ

1810 2968 1937 3006 num
1972 2952 2318 3016 salvatorem,
2354 2960 2407 3006 et
2435 2951 2693 3005 conﬁtere
2724 2959 2999 3019 peccatum
3026 2945 3197 3013 tuum,
3225 2961 3382 3000 cum-

1812 3058 1916 3113 que
1946 3053 1998 3098 te
2036 3043 2125 3097 ille
2157 3044 2478 3112 susceperit,
2526 3041 2801 3110 praecipiet
2829 3053 3045 3109 quoque
3076 3038 3206 3093 mihi
3243 3047 3300 3091 ut
3328 3048 3381 3090 te

1813 3135 2125 3200 suscipiam,
2153 3134 2293 3189 sicut
2320 3133 2481 3188 Petro
2517 3132 2655 3202 patri
2687 3147 2805 3186 meo
2829 3139 2885 3185 ut
2917 3139 2967 3184 te
2997 3144 3101 3183 non
3136 3128 3378 3195 suscipe-6

1813 3238 1895 3283 ret
1928 3228 2202 3297 praecepit,
2236 3226 2483 3298 quamvis
2505 3226 2573 3279 ab
2611 3224 2725 3291 ipso
2747 3223 2965 3278 Christo
2995 3220 3217 3275 Domino
3245 3234 3382 3289 prae-
3416 3288 3419 3289 ν

1740 3298 1781 3356 C
1813 3328 2025 3386 ceptum
2064 3318 2259 3383 fuerit',
2303 3325 2360 3370 ut
2402 3331 2468 3369 ne
2493 3315 2773 3385 quisquam
2813 3313 3141 3368 credentium
3171 3313 3221 3366 in
3256 3325 3382 3365 eum

1815 3410 1959 3464 aditu
2003 3409 2244 3464 ecclesia:
2272 3407 2648 3478 prohiberetur
2675 3424 2687 3459 :
2716 3405 2809 3459 sed
2848 3403 3062 3473 quando
3106 3402 3229 3473 quis
3255 3416 3383 3471 pec-

1816 3512 1993 3557 catum
2021 3500 2237 3571 aliquod
2270 3500 2560 3564 commisit,
2597 3511 2910 3565 separamus
2935 3510 3057 3550 eum
3080 3509 3107 3548 a
3138 3509 3383 3548 commu-

1817 3592 1996 3655 nione,
2029 3600 2087 3645 ut
2118 3589 2399 3660 resipiscat
2427 3597 2482 3643 et
2510 3587 2879 3658 paenitentiam
2904 3594 3027 3655 agat
3057 3602 3070 3637 :
3101 3594 3383 3653 postquam

1816 3698 1945 3738 vero
1979 3683 2126 3737 illum
2165 3682 2401 3751 suscepit
2423 3681 2693 3744 Christus,
2728 3694 2826 3734 nos
2848 3692 3059 3747 quoque
3090 3677 3236 3731 illum
3273 3690 3387 3730 sus-

1817 3771 2063 3842 cipimus.
2095 3772 2229 3825 Cum
2266 3771 2379 3825 haec
2426 3770 2586 3824 Arius
2618 3768 2935 3832 audivisset,
2967 3769 3133 3821 iratus
3160 3780 3381 3834 magno-

1817 3877 1966 3933 pere,
2003 3862 2135 3917 abiit
2168 3869 2222 3915 et
2252 3859 2466 3930 collegit
2498 3875 2744 3930 magnam
2781 3858 3055 3913 hominum
3088 3854 3387 3911 multitudi-

1820 3969 1963 4019 nem,
1996 3952 2380 4021 proposuitque
2407 3951 2707 4006 sententias
2739 3950 3080 4019 blasphemas
3108 3958 3161 4004 et
3188 3947 3385 4016 impios

1820 4058 2102 4099 sermones
2132 4042 2359 4112 protulit
2383 4041 2575 4111 linguae
2603 4040 2934 4096 abscissione
2969 4039 3194 4109 dignos;
3236 4055 3387 4094 asse-

1820 4137 1972 4191 rebat
1996 4136 2140 4190 enim
2178 4135 2373 4190 Filium
2410 4136 2504 4189 Dei
2545 4144 2784 4189 creatum
2820 4148 2957 4189 esse.
3009 4132 3259 4187 llaltitum
3303 4142 3389 4186 est

1821 4227 2001 4296 itaque
2031 4225 2175 4281 illius
2212 4240 2375 4281 causa
2415 4224 2702 4281 concilium
2733 4223 2959 4287 Nicaeae,
2997 4224 3063 4277 ad
3088 4223 3229 4292 quod
3256 4238 3388 4277 con-

1821 4330 2086 4387 venerunt
2115 4319 2388 4374 antistites
2418 4326 2651 4388 quatuor
2681 4316 2913 4380 sedium,
2950 4328 3141 4383 nempe
3165 4316 3389 4384 patriar-

1822 4414 1935 4469 cha:
1960 4414 2161 4476 Romae,
2190 4410 2551 4472 Alexandriae,
2580 4408 2773 4477 Ephesi
2807 4416 2861 4462 et
2887 4407 3207 4462 Antiochiae.
3242 4405 3387 4462 Con-

1822 4509 1959 4562 sedit
1979 4508 2181 4577 pariter
2203 4520 2323 4559 cum
2353 4503 2457 4557 illis
2473 4500 2859 4557 Constantinus
2882 4499 3171 4567 imperator
3192 4497 3385 4564 ﬁdelis,

1750 4640 1794 4696 Β
1824 4614 2052 4669 cumque
2079 4596 2439 4652 absolvisseut
2460 4604 2791 4663 quazcunque
2819 4590 3156 4659 pertinebant
3180 4589 3247 4643 ad
3271 4600 3388 4645 sta-

1826 4690 2110 4748 biliendam
2148 4688 2307 4743 ﬁdem
2344 4685 2721 4746 orthodoxam,
2757 4681 3053 4750 jejuniique
3088 4690 3140 4735 et
3170 4679 3389 4736 Paschte

1823 4779 2185 4850 disciplinam,
2215 4777 2350 4831 dixit
2374 4774 2481 4828 illis
2512 4774 2804 4841 imperator
2834 4789 2848 4825 :
2887 4770 3036 4839 Rogo
3062 4784 3153 4824 vos
3184 4778 3244 4824 ut
3268 4785 3392 4832 cou-

1823 4871 2063 4930 stituatis
2114 4870 2303 4924 urbem
2353 4862 2884 4933 ConstantinOpolin,
2951 4861 3391 4931 patriarchalem,
3478 4860 3482 4865 ’

1824 4965 1949 5035 quia
1993 4968 2074 5016 est
2123 4959 2314 5015 civitas
2350 4952 2732 5025 imperatoris,
2791 4963 2845 5007 et
2889 4952 3049 5007 simili
3080 4950 3394 5023 Hieroson-

1825 5070 1973 5113 mam
2014 5054 2220 5108 bonore
2249 5048 2522 5114 aﬁiciatis,
2552 5047 2678 5116 quia
2719 5045 2907 5100 civitas
2937 5052 3019 5098 est
3050 5043 3393 5112 imperatoris

1823 5150 1939 5207 veri
1961 5146 2229 5202 caelestis:
2260 5142 2358 5207 illi,
2381 5143 2661 5197 observata
2683 5136 2798 5206 ejus
2818 5136 3096 5201 modestia,
3128 5136 3228 5189 hoc
3254 5133 3397 5187 lece-

1826 5250 1974 5304 runt,
2005 5247 2058 5293 et
2088 5237 2275 5291 Arium
2344 5235 2566 5305 impium
2617 5232 2979 5300 deposuerunt
3014 5245 3029 5282 :
3074 5227 3226 5295 cujus
3268 5241 3401 5278 ana-

1829 5332 2051 5391 themati
2080 5331 2468 5386 Constantinus
2501 5327 2792 5396 imperator
2826 5322 3041 5393 pr0pria
3081 5333 3242 5372 manu
3269 5315 3401 5370 sub-

1827 5424 2085 5495 scripsit:
2119 5424 2188 5478 de
2224 5438 2290 5477 eo
2328 5422 2514 5477 dicens
2538 5458 2553 5484 ,
2592 5418 2731 5487 quod
2765 5414 3083 5486 perdidisset
3110 5410 3231 5463 illos
3262 5419 3399 5473 quos

1828 5520 2076 5577 Christus
2108 5516 2369 5588 sanguine
2398 5527 2497 5569 suo
2524 5516 2714 5565 sancto
2744 5508 3065 5562 redemerat.
3109 5499 3265 5569 Fugit
3300 5511 3399 5550 au-

1832 5625 1940 5668 tem
1970 5611 2132 5666 Arius
2151 5609 2203 5662 in
2227 5606 2489 5670 Africam,
2520 5616 2695 5671 neque
2740 5588 2977 5667 requiem
3017 5591 3179 5646 ullam
3205 5602 3399 5643 conse-

1832 5713 1991 5760 cutus
2030 5712 2118 5756 est
2149 5711 2392 5769 tempore
2422 5692 2759 5752 Constantini
2816 5683 3155 5757 imperatoris
3199 5690 3254 5736 et
3276 5681 3405 5733 Ale-

1833 5796 2023 5852 xandri
2053 5793 2396 5865 patriarchae.
2439 5790 2489 5844 Is
2531 5801 2691 5856 porro
2714 5779 3026 5839 Alexander
3048 5773 3406 5865 Athanasium

1833 5887 2035 5953 optime
2053 5861 2423 5947 educaverat;
2465 5887 2581 5936 erat
2606 5891 2806 5951 nempe
2836 5872 2978 5930 ﬁlius
3018 5861 3257 5925 mulieris
3295 5864 3408 5936 pri-
