4010 6512
622 406 865 453 "CCXLVIII

2007 397 2533 459 PROLEGOMENA.

556 562 561 565 .
644 520 829 573 marim
862 528 915 574 et
947 518 1145 583 divitis,
1175 520 1268 574 sed
1295 518 1556 574 idolorum
1584 519 1747 575 cultui
1786 519 2029 587 addictae,
2057 522 2199 591 apud
2235 532 2281 587 Α
2312 534 2503 580 contra
2536 538 2663 579 eum
2699 506 2990 595 disputavit
3028 528 3273 586 refellens
3316 517 3563 591 oratione
3602 552 3703 591 sua
3735 553 3884 607 quaa-

644 622 802 677 quam
829 607 1063 678 pupillus
1094 607 1311 663 relictus
1341 607 1534 663 fuerat.
1578 607 1708 662 Cum
1738 624 1864 665 vero
1903 610 1969 665 ad
1997 610 2196 680 justam

642 707 856 752 aetatem
887 698 1246 768 pervenisset,
1281 700 1492 755 volebat
1520 701 1608 754 illa
1636 712 1699 777 ut
1732 700 1821 755 ille
1854 716 2073 755 uxorem
2104 702 2199 757 du-

637 801 822 855 ceret,
874 790 961 845 ille
1007 791 1305 848 renuebat:
1358 792 1535 860 itaque
1577 792 1711 847 dolis
1758 807 1879 846 eum
1927 808 2196 865 aggressa,

637 884 887 938 submisit
922 884 1255 937 meretricem
1284 898 1405 937 cum
1439 898 1542 954 qua
1587 900 1697 939 rem
1731 885 1970 953 haberet,
2015 902 2079 942 ac
2123 888 2197 941 ita

637 976 849 1031 facilius
870 975 1231 1046 [matrimonio
1256 974 1491 1027 animum
1533 973 1866 1045 adiungeret.
1919 976 2009 1031 ille
2065 977 2200 1033 nihil

619 1063 741 1118 tale
781 1063 1070 1129 commisit,
1105 1062 1212 1117 Deo
1243 1062 1387 1116 illum
1433 1074 1784 1120 conservante
1811 1066 1875 1119 ad
1905 1081 1990 1120 res
2030 1066 2199 1121 maxi-

639 1170 774 1210 mas.
805 1153 1031 1211 Immisit
1053 1170 1179 1223 ergo
1203 1154 1395 1211 mulier
1417 1156 1620 1226 puellas
1644 1155 1827 1211 forma:
1850 1157 2056 1210 eximiae
2077 1172 2197 1226 quae

636 1256 839 1300 ornata:
871 1255 925 1300 et
957 1254 1317 1316 unguentataa,
1345 1248 1409 1301 ad
1446 1263 1567 1301 eum
1600 1248 1949 1302 dormientem
1974 1249 2196 1303 accede-

633 1347 776 1403 rent,
817 1348 871 1393 et
892 1338 961 1392 ibi
990 1349 1364 1408 pernoctantes
1392 1355 1556 1409 prope
1590 1341 1781 1410 ipsum,
1806 1355 1868 1393 se
1899 1338 1970 1393 illi
2000 1338 2197 1407 obiice-

632 1441 775 1487 rent.
832 1432 902 1485 At
945 1431 1032 1486 ille
1083 1431 1492 1502 expergefactus
1540 1432 1659 1488 illas
1707 1434 2014 1488 verberatas
2062 1447 2091 1485 a
2137 1447 2197 1486 se

633 1522 811 1593 ejecit.
853 1522 975 1578 Hazc
1017 1524 1197 1577 omnia
1233 1523 1423 1576 mulier
1451 1523 1762 1593 designabat
1800 1538 1904 1592 quo
1949 1522 2094 1576 illum
2129 1523 2194 1577 ad

633 1614 958 1669 connubium
989 1614 1412 1669 contrahendum
1441 1615 1780 1683 compelleret
1805 1653 1819 1677 ,
1854 1614 2116 1684 bonisque
2139 1623 2197 1669 et

637 1708 834 1762 divitiis
877 1706 1116 1776 paternis
1169 1706 1242 1761 illi
1284 1706 1440 1773 pleno
1470 1706 1588 1774 iure
1636 1706 1873 1770 cederet,
1930 1706 2023 1760 sed
2066 1705 2197 1760 nihil

632 1799 876 1867 perfecit.
930 1799 1222 1853 Accersivit
1265 1813 1395 1867 ergo
1436 1797 1624 1852 mulier
1656 1813 1864 1867 magum
1908 1798 2193 1866 quemdam

2310 630 2521 684 cunque
2553 617 2620 669 ab
2660 615 2751 671 illo
2780 618 2921 673 dicta
2951 618 3165 675 fuerant
3197 640 3211 676 :
3244 625 3388 679 unde
3441 626 3692 682 turbatus
3714 629 3882 685 Arius

2308 716 2410 772 est,
2443 706 2756 777 solutusque
2798 723 3104 775 consessus,
3132 722 3187 766 et
3217 729 3338 770 mox
3356 715 3527 782 Alius,
3554 717 3753 788 inquit,
3783 734 3881 773 no-

2310 795 2392 851 bis
2421 812 2708 855 consessus
2734 799 2965 854 dabitur.
3003 801 3138 857 Cum
3173 819 3330 874 porro
3366 807 3689 878 intelligeret
3716 810 3881 865 Arius

2309 888 2452 942 vires
2480 903 2539 943 se
2574 890 2856 945 adversum
2893 893 3249 952 Athanasium
3279 899 3473 953 habere
3516 900 3719 965 nullas,
3756 903 3884 957 data

2313 980 2536 1047 pecunia
2566 979 2671 1035 illis
2701 983 2790 1051 qui
2815 983 2996 1053 ianuae
3027 988 3186 1058 regite
3210 989 3479 1058 praepositi
3510 999 3695 1054 erant,
3732 994 3886 1062 pepi-

2311 1068 2387 1137 git
2421 1085 2540 1123 cum
2589 1071 2668 1126 eis
2724 1083 2782 1127 ut
2828 1076 2879 1128 in
2913 1078 3157 1145 proxima
3207 1079 3491 1135 collatione
3525 1082 3886 1150 prohiberent

2310 1159 2554 1230 ingressu
2577 1161 2952 1220 Athanasium.
2999 1167 3261 1224 Postridie
3299 1170 3591 1243 imperator
3630 1189 3756 1227 cum
3787 1188 3883 1227 eos

2310 1252 2500 1307 adesse
2529 1254 2780 1324 iussisset
2802 1297 2818 1321 ,
2851 1258 3215 1329 intrassetque
3242 1261 3581 1330 Alexander,
3612 1262 3883 1331 ianitores

2307 1342 2663 1401 Athanasium
2715 1347 2920 1419 ingredi
2974 1364 3077 1405 non
3146 1353 3290 1420 passi
3336 1363 3477 1407 sunt.
3542 1353 3881 1424 imperatore

2306 1436 2642 1504 considente,
2696 1448 2751 1492 et
2805 1452 3071 1507 praesente
3102 1444 3423 1509 Alexandro,
3472 1446 3640 1500 Arius
3693 1446 3883 1501 multis

2306 1529 2646 1586 sermonibus
2679 1531 2951 1611 disputare
2977 1536 3160 1604 coepit.
3192 1537 3492 1591 Alexander
3523 1540 3589 1593 ad
3627 1541 3881 1594 dextram

2306 1626 2360 1671 et
2382 1618 2659 1675 sinistram
2690 1623 2878 1679 oculos
2903 1637 3223 1682 convertens
3243 1666 3260 1694 ,
3294 1643 3391 1683 nec
3420 1629 3610 1684 videns
3634 1631 3884 1685 Athana-

2302 1709 2439 1764 sium
2476 1714 2825 1768 secretarium
2856 1730 3037 1781 suum,
3083 1719 3326 1775 obticuit.
3365 1718 3501 1774 Tum
3544 1720 3881 1791 imperator:

2307 1798 2451 1865 Cur,
2494 1802 2699 1873 inquit,
2750 1822 2854 1860 non
2897 1807 3167 1878 loqueris?
3212 1811 3507 1882 Respondit
3536 1812 3882 1869 Alexander:

632 1888 1052 1943 Alexandrinum
1104 1904 1166 1942 ex
1224 1888 1434 1941 illorum
1491 1888 1788 1954 sapientum
1838 1899 2062 1939 numero
2105 1884 2195 1953 qui
2233 1898 2272 1953 Β
2308 1890 2587 1958 Quomodo
2621 1895 2872 1966 loquerer
2904 1899 3105 1969 absque
3143 1902 3370 1973 lingua?
3414 1903 3688 1961 intellexit
3720 1906 3886 1975 impe-

632 1977 941 2053 Saliteorum
964 1978 1351 2049 philosophiam
1372 1976 1776 2047 profitebantur,
1801 1974 2047 2045 atqueilli
2072 1975 2198 2045 quid

631 2071 732 2124 sibi
760 2060 955 2138 negotii
982 2085 1100 2123 cum
1130 2069 1235 2123 filio
1253 2068 1886 2137 intercederetcxposuit.
1923 2066 2063 2121 Voca
2092 2081 2198 2132 me,

634 2162 806 2231 inquit
841 2161 948 2225 ille,
984 2160 1165 2224 hodie,
1201 2169 1259 2215 ut
1288 2175 1406 2214 cum
1441 2176 1504 2214 eo
1529 2174 1719 2229 panem
1745 2158 2081 2212 manducem.
2109 2157 2199 2211 Illa

628 2254 866 2324 gaudens
914 2263 1169 2324 apparato
1224 2253 1509 2323 magnifico
1547 2252 1792 2307 convivio
1829 2252 1974 2306 illum
2008 2252 2201 2307 invita-

628 2349 726 2413 vit,
778 2348 1045 2417 simulque
1084 2347 1433 2402 comederunt
1484 2356 1537 2400 et
1589 2346 1861 2399 biberunt.
1934 2344 2202 2401 Postridie

626 2440 975 2511 philosophus
1026 2441 1092 2494 ad
1133 2456 1248 2495 eam
1292 2440 1510 2493 veniens
1540 2458 1555 2493 :
1583 2438 1689 2504 Ne,
1741 2439 1947 2508 inquit,
2003 2438 2199 2492 frustra

630 2537 877 2602 labores,
933 2552 1105 2605 neque
1151 2535 1294 2589 enim
1338 2535 1538 2603 poteris
1595 2534 1706 2588 filio
1767 2542 1858 2587 tuo
1886 2532 2198 2602 praevalere,

626 2627 1058 2696 quandoquidem
1107 2626 1355 2681 Caliheus
1405 2626 1577 2679 factus
1625 2634 1729 2689 est,
1773 2632 1825 2677 et
1854 2622 2198 2677 Calilzcorum

628 2705 950 2777 seuientiam
986 2721 1281 2790 amplexus,
1310 2719 1655 2789 futurumque
1687 2728 1768 2773 est
1795 2727 1851 2771 ut
1896 2718 1978 2771 vir
2026 2716 2198 2769 maxi-

628 2829 749 2868 mus
781 2814 992 2868 evadat.
1028 2811 1277 2878 Quinam,
1318 2810 1488 2880 inquit
1521 2809 1731 2875 mulier,
1782 2818 1904 2863 sunt
1937 2808 2022 2863 isti
2050 2806 2198 2862 Gali-

629 2908 749 2963 lmi?
774 2907 907 2961 Tum
942 2906 1028 2961 ille
1059 2924 1070 2958 :
1104 2904 1343 2972 Sodales,
1374 2904 1568 2974 inquit,
1603 2902 1854 2957 Ecclesia:
1883 2902 1975 2972 qui
2005 2901 2197 2967 templa

627 3002 1005 3056 destruxerunt
1042 3008 1094 3054 et
1152 2997 1288 3052 idola
1335 3007 1666 3053 everterunt.
1725 2995 1820 3050 His
1870 2994 2065 3049 auditis
2112 2992 2199 3047 illa

626 3095 765 3165 apud
792 3109 849 3149 se
878 3093 1031 3156 dixit,
1070 3090 1124 3145 Si
1160 3106 1259 3162 ego
1289 3090 1362 3144 illi
1392 3088 1693 3145 molestiam
1730 3088 1955 3143 exhibeo
1979 3126 1994 3149 ,
2031 3084 2200 3139 abibit

624 3206 651 3242 a
686 3203 769 3242 me
805 3197 858 3242 et
904 3185 1015 3241 sola
1045 3185 1309 3239 manebo:
1344 3197 1463 3234 mox
1502 3180 1758 3243 surrexit,
1811 3188 1864 3231 et
1920 3186 2198 3245 assumpto

624 3297 805 3337 secum
842 3278 1136 3333 Athanasio
1178 3277 1326 3330 venit
1371 3275 1435 3327 ad
1479 3273 1844 3329 Alexandrum
1893 3271 1976 3323 cui
2026 3277 2191 3323 totam
2224 3245 2266 3303 (ἶ

622 3373 903 3429 Athanasii
952 3370 1041 3424 filii
1090 3368 1171 3424 sui
1219 3367 1496 3421 historiam
1525 3376 1576 3420 et
1608 3365 1772 3417 vitam
1804 3363 2074 3431 narravit,
2121 3364 2195 3418 si-

625 3465 841 3531 mulque
873 3477 992 3515 cum
1030 3474 1094 3514 eo
1139 3458 1407 3527 baptizata
1444 3465 1545 3510 est.
1594 3453 1789 3522 Aliquo
1825 3463 2062 3522 tempore
2112 3454 2194 3507 in-

606 3555 845 3623 terjecto
876 3553 1126 3609 defuncta
1158 3566 1279 3605 cum
1311 3558 1487 3615 esset,
1530 3547 1727 3602 mansit
1759 3546 1850 3601 ille
1898 3548 2035 3616 apud
2068 3546 2193 3600 Ale-

624 3649 912 3712 xandrum,
956 3645 1046 3715 qni
1098 3658 1220 3697 eum
1269 3653 1522 3710 tanquam
1568 3641 1732 3694 filium
1775 3641 1997 3706 habens,
2042 3640 2193 3693 insti-

625 3742 725 3794 tuit
751 3742 803 3794 in
833 3739 976 3793 omni
1009 3734 1375 3795 doctrinarum
1407 3748 1601 3804 genere
1626 3774 1642 3800 ,
1672 3733 1959 3803 Evangelia
1989 3747 2194 3788 memo-

626 3844 758 3889 riter
785 3831 1003 3893 didicit,
1050 3830 1322 3899 librosque
1364 3828 1570 3884 divinos
1596 3828 1725 3897 legit
1754 3846 1766 3882 :
1799 3842 2028 3897 cumque
2057 3840 2188 3883 aeta-

627 3936 731 3980 tem
763 3923 1147 3993 provectiorem
1174 3920 1464 3990 attigisset,
1496 3921 1798 3978 Alexander
1824 3922 2094 3977 ordinavit
2124 3923 2186 3976 ii-

628 4019 734 4072 lum
804 4016 1111 4079 diaconum,
1169 4023 1224 4069 et
1273 4012 1621 4069 secretarium
1678 4028 1832 4067 suum
1889 4013 2186 4079 constituit,

626 4113 910 4179 factusque
940 4118 1020 4164 est
1066 4119 1318 4177 tanquam
1363 4108 1627 4176 interpres
1662 4107 1837 4162 Patris
1880 4107 2037 4171 illius,
2076 4121 2191 4161 ser-

624 4203 904 4272 monisque
925 4200 1040 4270 eius
1061 4200 1377 4254 administer
1392 4200 1816 4267 quandocunque
1843 4200 1985 4269 loqui
2010 4199 2185 4254 vellet.

692 4295 826 4349 Cum
861 4309 989 4349 vero
1024 4303 1272 4348 mortuus
1297 4303 1440 4347 esset
1470 4291 1860 4346 Constantinus
1894 4294 2190 4362 imperator

624 4386 799 4441 fidelis
834 4386 884 4439 in
924 4394 1203 4440 senectute
1242 4384 1400 4447 bona,
1436 4384 1695 4439 successit
1738 4383 1812 4438 illi
1841 4383 2186 4439 Constantius

620 4482 735 4547 ejus
767 4478 939 4542 filius,
975 4479 1067 4547 qui
1108 4479 1161 4531 in
1207 4485 1356 4532 recta
1398 4476 1503 4531 fide
1546 4491 1650 4531 non
1700 4477 2081 4546 perseveravit,
2122 4476 2188 4531 ti-

2301 1994 2451 2038 rator
2481 1986 2785 2056 signiﬁcare
2812 1991 3199 2061 Athanasium,
3248 2009 3407 2064 quem
3460 1997 3648 2051 statim
3693 1999 3884 2053 venire

2298 2075 2485 2146 iussit.
2539 2076 2693 2134 illum
2754 2091 2812 2135 ut
2853 2083 2985 2138 vidit
3023 2084 3184 2140 Arius
3241 2086 3571 2157 ingressum,
3630 2088 3886 2157 protinus

2300 2183 2553 2241 egressus
2608 2173 2906 2230 consistere
2956 2192 3059 2232 non
3111 2194 3273 2234 ausus
3313 2189 3413 2235 est.
3457 2180 3611 2236 Tunc
3639 2182 3885 2237 Alexan-

2303 2263 2400 2317 der
2429 2264 2739 2335 imperatori
2772 2266 2944 2322 dixit:
2978 2266 3131 2325 Scias
3164 2270 3345 2337 velim,
3373 2286 3405 2326 ο
3438 2272 3723 2343 princeps,
3763 2275 3883 2328 Arii

2303 2356 2459 2411 istius
2485 2356 2873 2426 depositionem
2899 2358 3095 2416 factam
3129 2361 3294 2418 fuisse
3318 2365 3367 2419 in
3398 2365 3657 2420 concilio.
3692 2365 3885 2436 Neque

2301 2463 2399 2519 ego
2432 2449 2576 2504 illum
2614 2452 2832 2519 deposui
2865 2453 3052 2509 solus:
3084 2455 3176 2510 sed
3213 2472 3406 2525 parens
3450 2467 3574 2513 tuus
3605 2459 3711 2529 pia:
3766 2474 3887 2513 me-

2303 2538 2483 2593 ritoria:
2525 2540 2837 2608 imperator,
2872 2552 2927 2597 et
2958 2558 3145 2598 omnes
3176 2545 3262 2614 qui
3296 2546 3528 2600 concilio
3564 2546 3884 2601 intervene-

2303 2639 2446 2696 runt,
2482 2630 2842 2701 deposuerunt
2873 2647 3015 2687 eum.
3070 2634 3185 2705 ipse
3223 2636 3384 2690 etiam
3414 2638 3716 2713 imperator
3747 2654 3883 2693 seu-

2303 2722 2523 2775 tentiam
2553 2725 2915 2780 anathematis
2964 2725 3016 2780 in
3063 2726 3248 2782 Arium
3305 2730 3714 2799 pronuntiatam
3781 2745 3884 2785 sua

2302 2828 2460 2867 manu
2527 2815 2880 2885 subscripsit;
2952 2833 3182 2888 cumque
3246 2821 3417 2875 oculis
3491 2820 3885 2877 observaveris

2300 2902 2622 2972 scripturam
2665 2905 2831 2973 patris
2861 2907 2957 2973 tui,
2987 2907 3102 2978 ejus
3128 2923 3340 2961 manum
3372 2924 3658 2976 agnosces.
3683 2910 3761 2966 ita
3791 2926 3888 2964 au-

2301 3003 2408 3049 tem
2437 2996 2558 3052 dico
2594 3014 2607 3050 :
2637 3012 2703 3051 an
2743 3011 2901 3068 quem
2940 2999 3186 3068 deposuit
3215 2999 3601 3057 Constantinus
3640 3003 3885 3071 impera-

2303 3097 2407 3153 tor,
2462 3097 2516 3143 et
2556 3098 2724 3142 totum
2771 3090 3077 3155 concilium,
3131 3106 3229 3162 ego
3288 3094 3612 3148 absolvam?
3662 3093 3780 3151 Hoc
3834 3098 3886 3152 si

2304 3182 2490 3246 faxim,
2521 3182 2755 3237 schisma
2802 3182 3110 3239 inducerem
3147 3202 3160 3239 :
3199 3201 3321 3239 nam
3363 3197 3517 3255 pater
3568 3197 3697 3242 tuus
3743 3203 3884 3245 vere

2301 3276 2517 3344 scripsit
2568 3285 2752 3329 contra
2807 3291 2928 3330 eum
2984 3277 3305 3331 sententiam
3374 3279 3768 3345 anathematis,
3830 3288 3889 3335 et

2300 3368 2414 3437 eius
2439 3369 2822 3437 depositionem
2847 3384 3035 3424 manus
3065 3385 3175 3425 sua:
3214 3371 3617 3439 subscriptione
3643 3372 3887 3428 firmavit

2301 3462 2351 3515 in
2383 3461 2611 3517 concilio
2648 3459 2886 3517 Nicaeae.
2926 3460 3051 3517 llaec
3091 3478 3208 3517 cum
3243 3463 3502 3518 audiisset
3546 3465 3881 3534 imperator,

2301 3553 2566 3622 simulque
2600 3552 2821 3607 fratrem
2875 3562 3137 3620 metuens,
3195 3555 3366 3609 noluit
3414 3557 3629 3611 irritum
3693 3556 3890 3613 facere

2300 3645 2610 3698 mandatum
2654 3645 2824 3716 patris
2866 3647 2949 3700 sui
3002 3648 3361 3718 imperatoris.
3410 3648 3585 3718 liuius
3617 3650 3767 3705 enim
3803 3650 3889 3704 rei

2298 3737 2470 3807 gratia
2515 3735 2682 3791 frater
2726 3737 2843 3805 ejus
2885 3737 3202 3808 legationem
3237 3742 3305 3795 ad
3332 3755 3456 3796 eum
3491 3741 3755 3810 miserat,
3814 3744 3888 3799 ad

2298 3844 2419 3885 eum
2451 3829 2852 3885 dimovendum.

2368 3921 2555 3990 itaque
2582 3920 2948 3978 Alexandrum
2981 3923 3259 3979 dimissum
3288 3924 3355 3978 ad
3381 3925 3566 3981 sedem
3590 3940 3749 3981 suam
3786 3941 3886 3981 re-

2296 4014 2412 4068 dire
2455 4014 2700 4084 permisit
2727 4031 2741 4068 :
2768 4016 3068 4085 mansitque
3090 4016 3253 4071 Arius
3278 4018 3789 4073 excommunicatus
3826 4026 3886 4073 et

2296 4108 2638 4162 anathemate
2667 4106 2896 4177 ligatus,
2923 4109 3168 4175 quamvis
3203 4117 3359 4164 antea
3398 4108 3775 4165 existimasset
3820 4123 3884 4165 se

2294 4208 2350 4253 et
2382 4198 2702 4253 auctoritate
2733 4200 3022 4267 principis,
3072 4208 3126 4252 et
3170 4198 3521 4266 pecuniarum
3573 4213 3707 4267 erga
3753 4199 3883 4269 eius

2299 4292 2628 4348 domesticos
2664 4291 2947 4361 largitione
2980 4292 3306 4360 superiorem
3331 4290 3594 4344 futurum.
3625 4289 3882 4347 Mortuus

2295 4398 2379 4439 est
2413 4383 2605 4436 deinde
2633 4381 2791 4436 Pater
2816 4383 3121 4437 Alexander
3159 4391 3214 4437 et
3242 4382 3475 4451 quietem
3506 4382 3725 4452 accepit
3748 4397 3881 4438 cum

2297 4474 2544 4545 patribus
2573 4474 2706 4538 suis,
2752 4485 3031 4543 postquam
3072 4474 3447 4529 sacerdotibus
3487 4481 3541 4527 et
3576 4474 3723 4543 plebi
3755 4490 3883 4529 mo-

622 4588 770 4629 more
800 4582 860 4641 et
884 4571 1075 4626 vitioso
1104 4570 1383 4625 hominum
1410 4570 1616 4639 pudore
1647 4569 1843 4625 victus.
1873 4569 2004 4625 Eam
2027 4584 2185 4625 occa-
2220 4607 2263 4661 Β
2300 4567 2444 4620 riens
2476 4564 2855 4635 praecepisset,
2893 4574 2955 4620 ut
2984 4564 3335 4619 Athanasium
3366 4565 3419 4618 in
3453 4567 3583 4620 sede
3627 4567 3879 4635 patriar-

620 4668 827 4722 siouem
866 4674 1057 4719 nactus
1078 4664 1241 4718 Arius
1280 4663 1343 4717 ad
1391 4664 1770 4733 imperatorem
1815 4679 1875 4719 se
1907 4663 2185 4733 applicuit,

619 4759 841 4825 ejusque
873 4756 972 4811 sibi
1006 4770 1244 4810 amorem
1286 4754 1584 4810 concilians
1606 4795 1619 4820 ,
1653 4769 1746 4809 cor
1773 4755 1891 4824 eius
1924 4753 2186 4821 corrupit,

618 4859 673 4903 et
709 4850 775 4901 ad
823 4849 1143 4903 sententiam
1191 4864 1343 4902 suam
1399 4848 1677 4901 inclinavit
1710 4866 1721 4900 :
1757 4849 1998 4917 adeoque
2039 4846 2188 4898 illum

619 4942 851 5009 decepit,
906 4950 963 4993 ut
1000 4940 1361 4994 Alexandrum
1407 4939 1911 5008 Constantinopolin
1955 4938 2189 4994 Alexan-

618 5033 734 5086 dria
766 5032 1194 5098 venireiuberet.
1240 5029 1521 5085 Nesciebat
1556 5031 1847 5100 imperator
1873 5039 2075 5100 quanta
2100 5045 2186 5084 es-

617 5136 699 5178 set
728 5123 1014 5177 Alexandri
1072 5122 1325 5193 dignitas,
1381 5138 1543 5193 quam
1599 5125 1668 5177 ob
1725 5138 1945 5177 causam
1994 5122 2183 5176 Arium

618 5212 948 5266 anathemati
994 5210 1314 5281 subiecisset
1355 5222 1407 5267 et
1468 5211 1536 5265 ab
1576 5211 1813 5268 Ecclesia
1868 5211 2183 5281 expulisset.

620 5306 746 5356 lirat
776 5303 1080 5357 Alexander
1110 5302 1235 5357 licet
1266 5302 1422 5357 annis
1449 5314 1503 5357 et
1527 5304 1678 5357 senio
1701 5302 1898 5373 gravis,
1933 5300 2183 5356 sensibus

617 5405 795 5449 tamen
826 5395 1050 5464 integris
1081 5413 1093 5448 :
1126 5394 1453 5448 Athanasius
1492 5404 1608 5448 erat
1648 5395 1763 5460 ejus
1802 5395 2102 5462 interpres,
2133 5402 2189 5447 et

616 5487 824 5550 scriba,
851 5493 907 5539 et
937 5484 1054 5551 ejus
1093 5486 1310 5539 nomine
1344 5487 1503 5540 verba
1536 5484 1770 5539 faciebat
1801 5499 1893 5553 per
1928 5483 2182 5537 virtutem

618 5577 851 5644 Spiritus
886 5577 1080 5642 sancti,
1098 5577 1223 5645 quia
1255 5578 1374 5630 fidei
1393 5579 1706 5631 orthodoxa:
1723 5593 1989 5631 summam
2012 5579 2185 5632 scien-

620 5668 746 5721 tiam
791 5668 1043 5724 habebat.
1089 5660 1341 5724 Consedit
1386 5670 1691 5723 Alexander
1732 5685 1912 5723 coram
1954 5669 2186 5738 impera-

620 5768 775 5819 tore;
823 5758 1100 5829 adfuitque
1123 5762 1315 5827 Arius,
1356 5762 1449 5831 qui
1496 5761 1659 5813 multa
1707 5754 2000 5838 secundum
2032 5778 2184 5817 suam

618 5850 1367 5924 sententiamimprudenter
1422 5852 1631 5910 locutus
1690 5861 1794 5910 est.
1844 5854 2183 5926 Athanasius

2293 4658 2433 4714 cbali
2472 4672 2529 4713 se
2553 4656 2809 4713 defuncto
2833 4656 3175 4712 collocarent.
3218 4656 3297 4710 illi
3336 4670 3589 4725 magnam
3627 4656 3755 4712 inde
3782 4659 3882 4713 la:-

2294 4750 2466 4805 titiam
2506 4756 2863 4819 perceperunt
2891 4749 2959 4803 ob
3009 4762 3331 4817 propensam
3362 4747 3609 4802 omnium
3651 4764 3787 4819 erga
3812 4749 3883 4804 il-

2292 4842 2399 4897 lum
2445 4842 2788 4896 voluntatem.
2824 4840 3113 4909 Postquam
3142 4855 3272 4894 vero
3299 4838 3442 4895 sedit
3486 4821 3543 4893 iit
3573 4840 3705 4895 sede
3739 4854 3882 4911 apo-

2292 4935 2504 5000 stolica,
2552 4934 2713 5004 eiecit
2750 4947 3010 5003 sequaces
3035 4932 3151 4987 Arii
3179 4932 3247 4987 ab
3278 4931 3545 5012 Ecclesia,
3575 4932 3882 5000 producta-

2290 5044 2394 5098 que
2453 5026 2824 5082 anathemalis
2871 5026 3139 5082 sententia
3164 5041 3325 5094 quam
3353 5025 3749 5082 Constantinus
3777 5026 3883 5083 im-

2292 5128 2510 5187 perator
2551 5126 2607 5172 et
2654 5117 2743 5186 qui
2775 5127 2966 5173 sancto
3011 5115 3239 5172 concilio
3297 5115 3672 5172 interfuerant
3732 5120 3879 5174 sub-

2292 5208 2686 5278 scriptionibus
2720 5208 2833 5264 suis
2866 5209 3227 5270 firmaverant,
3261 5205 3391 5278 legit
3424 5222 3546 5261 eam
3586 5208 3641 5262 in
3686 5209 3889 5265 eccle‘

2290 5302 2368 5357 sia
2405 5315 2589 5356 coram
2623 5300 2905 5369 frequente
2934 5297 3150 5368 populo.
3186 5298 3314 5353 Haec
3349 5298 3510 5353 Arius
3535 5313 3662 5354 cum
3708 5302 3879 5357 audi-

2288 5396 2421 5452 isset
2448 5395 2602 5451 valde
2644 5394 2815 5449 iratus
2848 5404 2906 5449 et
2937 5391 3123 5447 furore
3159 5389 3432 5457 incensus,
3472 5391 3717 5447 venitad
3761 5392 3877 5449 im—

2288 5496 2588 5555 peratorem
2628 5493 2681 5539 et
2703 5485 2839 5539 dixit
2862 5483 2911 5538 ei
2932 5502 2946 5538 :
2967 5481 3021 5537 Si
3044 5481 3348 5536 Alexander
3378 5482 3693 5550 patriarcha
3718 5482 3880 5541 Con-

2289 5576 2798 5646 stantinopolitanus
2829 5589 2914 5630 me
2945 5566 3243 5642 susceperit
3282 5572 3437 5641 jussu
3470 5580 3562 5628 tuo
3589 5612 3605 5639 ,
3638 5590 3879 5632 causam

2287 5669 2516 5723 obtinui.
2548 5667 2829 5723 Accersito
2849 5665 2916 5720 ad
2960 5680 3019 5719 se
3044 5664 3344 5734 imperator
3376 5663 3515 5720 dixit
3550 5683 3565 5719 :
3598 5666 3710 5723 iste
3735 5668 3879 5725 Ale-

2296 5759 2593 5814 xandrinus
2624 5758 2932 5828 patriarcha
2970 5754 3239 5811 recusavit
3263 5756 3455 5821 Arium
3484 5759 3791 5827 suscipere,
3821 5772 3882 5816 et

2288 5851 2539 5906 mandata
2590 5864 2708 5907 mea
2737 5848 2958 5918 insuper
2991 5846 3196 5912 habuit,
3250 5846 3358 5903 scis
3401 5855 3589 5904 autem
3636 5849 3791 5920 quod
3824 5860 3881 5907 te
