4010 6510
1039 442 1199 499 VITA
1242 442 1299 498 S.
1342 437 1713 497 ATIIANASII
1750 438 1841 493 EX
1873 438 2173 495 ARABICO
2214 432 2469 494 νεικείῃ

3192 442 3380 486 CCXLI!

159 563 591 620 constituerimus
640 562 1003 631 patriarcham
1035 572 1086 615 et
1115 563 1164 614 in
1191 544 1316 616 sede
1345 560 1721 617 Constantino-
1749 560 1797 617 A
1824 555 2055 611 absolvit
2083 573 2205 611 cum
2238 556 2445 619 la1titia,
2476 551 2721 607 laudibus
2760 560 2814 606 et
2847 550 3079 621 hymnis,
3132 550 3385 617 misitque

161 654 365 723 politana
394 651 883 707 collocaverimus.
920 654 1141 721 Oportet
1186 652 1347 722 igitur
1398 660 1457 723 te
1496 650 1718 705 alterius

160 740 380 810 exemplo
438 740 609 794 nobis
667 756 778 794 non
829 728 1219 803 contradicere,
1267 741 1351 794 vir
1394 722 1537 795 enim
1574 741 1719 797 mitis

162 847 240 885 es:
276 839 433 897 atque
479 830 627 885 adeo
661 839 723 885 ut
749 831 936 885 Arium
987 841 1158 886 tecum
1208 848 1451 887 assumas
1491 848 1719 902 eumque

165 922 417 990 suscipias,
449 936 747 993 rogamus.
785 923 919 977 Tum
966 924 1271 993 patriarcha
1302 925 1436 980 dixit
1468 926 1550 989 ei,
1577 926 1718 995 quod

166 1015 374 1070 Ecclesia
404 1014 606 1069 Arium
653 1031 769 1070 non
804 1016 1123 1086 susciperet,
1152 1017 1243 1070 sed
1270 1032 1440 1087 neque
1468 1027 1720 1087 oportere

166 1119 458 1173 quemquam
501 1105 575 1158 ab
618 1105 715 1159 illa
747 1106 966 1175 suscipi,
1016 1106 1118 1161 nisi
1171 1106 1260 1176 qui
1306 1108 1545 1177 ejusdem
1596 1123 1715 1161 cum

168 1197 374 1252 Ecclesia
403 1196 535 1251 ﬁdei
568 1196 930 1261 foret';'.bunc
962 1215 1087 1254 vero
1109 1200 1197 1269 qui
1222 1198 1547 1257 Trinitateni
1566 1216 1720 1258 crea-

169 1298 252 1339 tam
293 1301 409 1341 esse
451 1288 803 1355 constituat,
850 1290 971 1357 jure
1032 1291 1220 1345 merito
1276 1293 1342 1347 ab
1370 1290 1605 1346 Ecclesia
1636 1306 1722 1347 re-

166 1377 349 1441 jectum.
401 1375 558 1432 Dixit
613 1378 691 1432 illi
757 1379 1083 1449 imperator,
1157 1380 1271 1435 Non
1320 1381 1393 1435 ita
1447 1392 1565 1448 est,
1626 1381 1719 1437 sed

169 1468 448 1522 Trinitatem
500 1468 833 1524 conﬁtetur.
893 1468 1027 1524 Tum
1092 1471 1424 1540 patriarcha,
1480 1471 1596 1537 Det,
1640 1473 1721 1526 in-

170 1559 276 1627 quit,
310 1560 435 1614 mihi
469 1561 887 1629 professionem
944 1562 1060 1616 ﬁdei
1102 1577 1198 1617 sua
1230 1578 1387 1617 manu
1432 1564 1720 1635 subsigna-

171 1660 269 1715 tam,
302 1660 358 1704 ut
390 1651 583 1721 qualis
618 1652 716 1707 illa
752 1654 823 1708 sit
846 1663 994 1707 certo
1030 1654 1216 1709 sciam.
1266 1654 1528 1710 Arcessiri
1572 1656 1721 1725 jubet

169 1740 315 1793 Arium
343 1740 679 1809 imperator,
707 1752 764 1796 et
793 1743 894 1796 hoc
921 1743 1179 1797 divinitus
1213 1743 1522 1807 ﬁebat;.ille
1542 1753 1717 1799 autem

170 1832 521 1899 professionem
574 1833 709 1888 ﬁdei
768 1849 929 1888 manu
981 1851 1075 1889 sua
1120 1835 1474 1907 subsignavit,
1513 1836 1637 1891 licet
1667 1838 1716 1891 in

171 1922 313 1975 animo
342 1924 637 1977 contraria
685 1926 947 1980 sentiens.
982 1925 1101 1979 Mox
1143 1928 1443 1995 patriarcha
1488 1929 1638 1998 petiit
1664 1937 1721 1983 ut

166 2014 347 2082 juraret,
379 2015 603 2069 nullum
649 2016 755 2069 sibi
809 2017 859 2069 in
909 2018 1087 2070 animo
1117 2018 1337 2071 dubium
1370 2018 1513 2073 circa
1560 2021 1717 2075 ﬁdem

168 2118 439 2173 superesse;
504 2104 664 2175 quod
694 2106 857 2159 Arius
900 2107 1123 2172 juravit.
1173 2108 1309 2162 Tum
1342 2109 1629 2178 imperator
1654 2113 1720 2165 ad

167 2199 495 2265 patriarcham
529 2217 545 2254 ς
572 2196 747 2264 Quid,
780 2199 973 2267 inquit,
996 2198 1102 2265 jam
1122 2200 1443 2269 suspicionis
1466 2202 1720 2257 adversus

168 2287 279 2341 illum
310 2289 519 2344 habere
552 2292 760 2358 potes?
812 2288 1101 2358 Respondit
1144 2290 1272 2344 ille:
1327 2290 1528 2359 Nempe
1579 2293 1719 2361 quod

169 2377 290 2433 Pater
325 2380 685 2435 Athanasius
743 2379 1053 2449 patriarcha
1101 2381 1519 2449 Alexandrinus,
1566 2398 1720 2438 reno-

169 2470 657 2527 vavitAlexaudriaz
701 2471 1023 2525 sententiam
1077 2473 1435 2528 anathematis
1465 2475 1721 2530 adversus

171 2559 311 2615 Arium
336 2562 623 2618 ﬁrmatam
657 2564 1145 2633 subscriptionibus
1178 2572 1286 2617 tum
1317 2564 1485 2634 patris
1521 2566 1593 2619 ttti
1622 2566 1720 2635 piat

171 2657 396 2709 memoria:
425 2656 797 2710 Constantini
825 2655 1180 2724 imperatoris.
1220 2662 1331 2708 tum
1369 2654 1564 2711 Nicreni
1589 2671 1718 2710 con-

169 2745 246 2797 cilii
261 2744 494 2808 Patrum,
514 2755 572 2801 et
593 2746 709 2814 legi
732 2746 926 2800 iterum
946 2745 1088 2811 fecit,
1104 2747 1323 2816 ejusque
1338 2756 1631 2803 sectatores
1652 2751 1719 2803 ab

167 2838 357 2895 Ecclesia
387 2842 587 2910 ejecit.
616 2840 779 2907 Quod
811 2840 853 2893 si
881 2840 1011 2893 nihil
1043 2840 1165 2892 mali
1199 2840 1455 2895 acciderit
1478 2842 1602 2894 Ario
1631 2841 1716 2894 isti

165 2932 216 2983 ab
241 2932 325 2987 hac
351 2935 439 2989 die
485 2947 676 3001 usque
722 2931 793 2984 ad
839 2931 1137 3000 proximam
1192 2932 1332 2984 diem
1364 2931 1715 2993 Dominicam,

164 3039 243 3090 ego
267 3025 398 3080 illum
432 3024 753 3092 suscipiam
778 3062 794 3087 ,
832 3031 886 3075 et
929 3024 996 3075 ad
1026 3023 1450 3078 communionem
1482 3038 1601 3077 cum
1634 3040 1719 3077 sa-

164 3114 433 3170 cerdotibus
468 3116 797 3169 admittam.
826 3114 1001 3167 Exivit
1027 3115 1185 3168 Arius
1230 3124 1548 3183 exspectans
1575 3114 1717 3167 diem

1824 652 1888 703 ad
1916 649 2267 703 Athanasium
2298 644 2654 717 patriarcham
2704 643 3123 697 Alexandrinum
3158 641 3250 711 qui
3273 642 3385 697 haec

1823 756 1920 795 suo
1950 740 2162 794 nomine
2185 740 2490 793 nuntiarent
2514 756 2525 790 :
2554 734 2658 789 Nos
2685 734 3045 805 gloriﬁcamus
3064 734 3227 789 Deum
3260 734 3385 787 tibi-

1822 847 1947 901 que,
1974 832 2163 896 frater,
2197 840 2378 885 notum
2405 829 2657 891 facimus,
2689 827 2873 881 Arium
2909 836 3080 879 morte
3120 826 3380 894 stupenda

1822 925 2144 979 exstinctum
2179 938 2299 977 esse
2328 941 2341 976 :
2380 921 2607 976 haeresin
2642 920 2759 987 ejus
2789 917 3049 979 excisam,
3088 925 3386 971 sectatores

1822 1016 2115 1087 dispersos.
2180 1014 2487 1085 imperatori
2532 1014 2647 1067 haec
2703 1010 2923 1064 omnino
2964 1008 3383 1077 displicuerunt,

1821 1118 2040 1180 propter
2081 1108 2284 1163 amicos
2332 1107 2558 1164 Arii.....
2607 1105 2892 1176 Georgium
2926 1111 2981 1157 et
3023 1101 3236 1156 illorum
3297 1116 3383 1154 se-

1822 1213 2039 1268 quaces,
2080 1198 2168 1267 qui
2201 1197 2481 1252 ecclesiam
2517 1196 2933 1249 Alexandrinam
2970 1194 3299 1247 invaserant.
3327 1192 3383 1241 Si

1823 1290 2038 1359 quidem
2072 1288 2304 1358 Georgio
2327 1288 2475 1343 dedit
2520 1288 2814 1353 imperator
2842 1286 3050 1355 equites
3095 1299 3159 1338 ex
3216 1282 3386 1349 copiis

1823 1382 1935 1438 suis
1983 1380 2325 1451 quingentos,
2374 1393 2506 1450 quos
2562 1378 2851 1431 misitcum
2902 1377 2992 1431 illo
3023 1383 3081 1429 ut
3114 1391 3234 1430 eum
3294 1389 3385 1442 pa-

1825 1473 2115 1527 triarcham
2146 1471 2485 1526 Alexandria:
2513 1469 2924 1523 constituerent.
2964 1468 3194 1537 Scripsit
3222 1467 3381 1521 etiam

1822 1563 2030 1619 litteras
2061 1564 2111 1617 in
2137 1578 2324 1617 omnes
2348 1562 2673 1631 provincias,
2719 1561 3016 1615 doctrinam
3047 1559 3161 1613 Arii
3196 1557 3247 1610 in
3280 1556 3384 1609 illis

1822 1654 2117 1725 publicans,
2152 1667 2341 1721 nempe
2373 1654 2516 1721 quod
2569 1652 2709 1706 Deus
2740 1660 2984 1705 creatura
3029 1658 3191 1703 esset.
3251 1647 3383 1701 Eum

1822 1756 1999 1801 tamen
2022 1746 2195 1800 nullus
2217 1746 2449 1812 suscepit
2474 1747 2523 1797 in
2549 1754 2686 1797 terra
2720 1742 2934 1813 )Egypti
2973 1760 2987 1795 :
3024 1742 3117 1797 sed
3148 1756 3386 1795 commu-

1823 1839 2034 1892 nionem
2060 1837 2395 1905 aceipiebant
2436 1852 2462 1887 a
2500 1836 2869 1890 sacerdotibus
2902 1850 3035 1902 quos
3065 1832 3386 1886 Athanasius

1825 1930 2187 1985 ordinaverat.
2228 1929 2277 1983 ls
2301 1944 2461 1998 porro
2484 1927 2749 1996 Georgius
2772 1926 3043 1995 ingressus
3071 1934 3153 1979 est
3206 1924 3257 1976 in
3300 1939 3386 1977 ec-

1826 2022 2042 2076 clesiam
2073 2021 2408 2075 Alexandria:
2430 2035 2523 2089 per
2549 2019 2748 2079 dolum,
2787 2027 2877 2072 aut
2906 2025 2964 2071 ut
2985 2018 3070 2070 alii
3102 2017 3288 2070 dicunt
3312 2016 3385 2068 in-

1827 2113 2105 2166 troductus
2141 2126 2233 2181 per
2268 2111 2465 2165 milites
2491 2110 2581 2179 qui
2618 2125 2736 2163 cum
2775 2109 2867 2162 illo
2891 2117 3170 2169 venerant,
3206 2123 3234 2159 a
3260 2107 3382 2175 qui-

1825 2204 1924 2257 bus
1975 2203 2140 2257 oceisi
2178 2210 2301 2255 sunt
2353 2216 2416 2255 ex
2469 2200 2774 2254 Christiana
2828 2199 2981 2268 plebe
3032 2197 3246 2268 plurimi
3293 2197 3381 2266 qui

1826 2315 1946 2354 cum
1976 2297 2276 2354 Athanasio
2306 2296 2629 2360 sentiebant,
2662 2294 2732 2347 ita
2760 2302 2817 2347 ut
2853 2292 3072 2363 sanguis
3096 2291 3384 2344 inundarct

1825 2392 2147 2455 ecclesiam,
2202 2399 2256 2443 et
2304 2389 2369 2441 ad
2428 2402 2598 2457 genua
2637 2386 2981 2456 pertingeret.
3031 2382 3168 2437 Vasa
3221 2381 3380 2435 etiam

1826 2504 1978 2543 sacra
2014 2487 2231 2556 praedati
2262 2494 2403 2547 sunt,
2440 2492 2495 2538 et
2546 2482 2847 2551 virginibus
2878 2494 2996 2547 qua:
3026 2486 3179 2531 erant
3220 2476 3270 2529 in
3294 2490 3384 2530 ec-

1825 2580 1985 2634 clesia
2013 2579 2199 2632 vitium
2229 2575 2555 2631 obtulerunt.
2578 2571 2907 2627 Athanasius
2932 2570 3133 2623 latebat
3159 2569 3381 2630 interea,

1824 2681 1873 2721 et
1904 2684 1998 2737 per
2025 2668 2241 2736 longum
2279 2674 2486 2734 tempus
2518 2661 2813 2717 Christiani
2871 2661 2921 2712 in
2980 2657 3248 2727 speluncis
3286 2658 3382 2710 de.

1824 2759 1981 2813 sertis
2006 2767 2055 2813 et
2091 2754 2327 2810 latibulis
2346 2769 2441 2824 per
2482 2752 2758 2805 universas
2784 2763 2950 2817 usque
2972 2748 3037 2801 ad
3055 2745 3381 2801 Thebaidem

1824 2848 2035 2918 ιδῃ)ιὶ
2051 2846 2354 2917 provincias
2370 2858 2520 2898 sacra
2539 2841 2790 2911 mysteria
2823 2836 3204 2905 percipiebant.
3227 2836 3381 2888 Aria-

1827 2942 1878 2994 ni
1906 2955 2053 3002 vero,
2088 2938 2299 2991 favente
2322 2938 2647 3005 imperatore
2676 2931 2762 2985 cui
2788 2930 3151 2995 adlimrcbant,
3187 2928 3382 2994 ubique

1824 3032 2027 3103 primas
2045 3030 2391 3084 obtinuerunt

1895 3121 2155 3189 Serapion
2175 3115 2731 3184 tunceratepiseopus
2764 3113 3014 3167 Tmueos.
3049 3109 3094 3162 Is
3128 3107 3381 3161 adAtlta-

163 3203 456 3262 Dominicam
501 3225 517 3261 :
558 3222 690 3276 quae
720 3220 844 3260 cum
870 3206 1205 3269 advenisset,
1242 3206 1514 3275 ingressus
1553 3216 1637 3262 est
1666 3207 1715 3258 in

1828 3213 2035 3267 nasium
2058 3218 2110 3263 et
2138 3210 2443 3263 universum
2475 3204 2723 3275 populum
2768 3203 2976 3257 litteras
3006 3200 3243 3269 scripsit,
3270 3212 3383 3250 mo-

163 3299 405 3353 ecrlesiam
460 3299 701 3353 indutus
749 3306 902 3351 veste
962 3296 1262 3366 splendida,
1326 3296 1720 3366 unguentisque

163 3388 416 3457 delibutus,
444 3390 712 3457 seditque
732 3388 802 3441 ad
830 3396 1036 3453 portam
1056 3386 1348 3439 sanctuarii
1379 3385 1717 3439 sacerdotum

163 3480 330 3533 ordine.
381 3477 724 3533 Patriarcha
771 3485 948 3529 autem
997 3484 1051 3529 et
1085 3476 1174 3544 qui
1205 3478 1252 3530 ei
1288 3474 1717 3539 consentiebant,

162 3580 294 3626 totam
325 3572 741 3627 hebdomadem
788 3577 1259 3638 perseveraverant
1289 3567 1627 3637 jejunantes,
1668 3578 1722 3622 et

160 3674 340 3721 orantes
366 3679 560 3719 coram
593 3662 819 3717 Christo
856 3662 1079 3715 Domino
1108 3701 1124 3723 ,
1159 3660 1497 3730 postulantes
1529 3668 1585 3714 ut
1615 3676 1717 3713 non

160 3755 496 3821 imputaretur
531 3756 647 3810 illis
684 3740 968 3822 peccatum
1000 3752 1133 3813 Arii,
1158 3752 1282 3820 quia
1314 3751 1606 3819 imperator
1635 3750 1721 3817 ju.

161 3858 348 3903 raverat
375 3849 427 3903 ei
458 3848 611 3918 quod
661 3846 708 3900 si
744 3844 1023 3898 Dominica
1056 3844 1142 3897 die
1173 3851 1297 3896 ante
1333 3846 1516 3897 horam
1570 3852 1718 3896 octa-

157 3952 255 3991 vam
285 3957 394 3995 non
451 3938 768 4007 susciperet
797 3934 981 3987 Arium
1003 3973 1018 3997 ,
1070 3935 1309 3988 Ecclesia
1354 3950 1594 4003 magnam
1624 3949 1719 4002 pe-

158 4031 301 4083 cnuia:
329 4042 612 4083 summam
655 4024 872 4077 mulctae
904 4024 1115 4077 nomine
1150 4022 1383 4091 pendere
1413 4033 1713 4094 cogeretur.

155 4122 266 4176 Cum
314 4122 487 4192 igitur
535 4117 927 4174 convenissent
970 4117 1279 4171 sacerdotes
1337 4126 1392 4170 et
1449 4116 1598 4184 plebs
1657 4131 1719 4169 eo

155 4214 226 4268 die
277 4216 331 4268 in
392 4212 724 4273 ecclesiam,
788 4211 1103 4277 adesselque
1154 4208 1357 4273 Arius,
1412 4207 1717 4277 patriarcha

154 4303 288 4357 valde
350 4312 624 4366 mmstus,
692 4298 922 4368 liturgiae
1008 4297 1435 4352 celebrationem
1500 4298 1717 4351 inchoa-

154 4395 279 4447 vit:
334 4403 390 4449 et
449 4393 568 4461 jam
627 4390 803 4445 lector
871 4398 1113 4456 coeperat
1172 4389 1370 4458 legere,
1409 4402 1529 4443 cum
1590 4388 1718 4441 Ario

154 4483 389 4539 intestina
466 4490 747 4538 commota
826 4487 951 4534 sunt
978 4519 994 4544 ,

1826 3320 1957 3358 nens
2014 3311 2071 3354 ut
2127 3300 2194 3355 ab
2250 3297 2463 3353 Arianis
2502 3304 2773 3351 caverent.
2829 3292 3038 3361 Elapsis
3077 3290 3235 3344 annis
3286 3304 3381 3344 sex

1821 3392 2151 3447 Athanasius
2178 3389 2426 3459 prodiens
2444 3389 2495 3442 in
2515 3387 2808 3456 publicum,
2826 3385 2955 3437 adiit
2977 3385 3380 3453 imperatorem,

1816 3480 2064 3551 judicans
2096 3480 2161 3533 ab
2196 3479 2287 3533 illo
2332 3493 2392 3533 se
2425 3477 2582 3532 morti
2638 3476 3015 3540 addicendum,
3055 3483 3213 3543 atque
3248 3475 3385 3529 adeo

1823 3572 2068 3641 martyrii
2103 3584 2355 3625 coronam
2386 3578 2783 3639 percepturum.

1890 3660 2057 3715 Jussit
2080 3660 2369 3728 imperator
2392 3667 2449 3711 ut
2480 3656 2737 3710 naviculae
2768 3658 3151 3724 imponeretur,
3180 3656 3383 3724 absque

1821 3766 1957 3821 pane
1984 3761 2076 3804 aut
2110 3766 2266 3820 aqua,
2299 3750 2477 3804 nautis
2504 3756 2595 3803 aut
2620 3749 2996 3818 gubernatore,
3030 3746 3121 3801 sed
3151 3749 3263 3815 ipse
3296 3764 3383 3800 so-

1821 3844 1903 3899 lus
1929 3845 1981 3899 iu
2008 3859 2126 3899 eam
2157 3843 2468 3912 injiceretur
2495 3850 2549 3897 et
2574 3842 2625 3895 in
2656 3854 2803 3894 mare
2837 3839 3382 3907 deduceretur;un

1820 3937 2018 3990 factum
2057 3943 2157 3990 est.
2192 3935 2409 3989 Fluctus
2440 3949 2584 3997 vero,
2618 3933 3070 3989 Deocustodieute
3126 3932 3271 3985 illum
3330 3944 3383 3983 et

1821 4027 2173 4095 gubernante,
2216 4025 2554 4079 deduxerunt
2596 4040 2740 4087 eum,
2787 4025 2858 4077 ita
2896 4034 2953 4077 ut
2999 4024 3381 4077 Alexandriam

1823 4117 1981 4171 tertio
2024 4117 2139 4185 ipso
2183 4116 2270 4170 die
2300 4117 2629 4184 pervenerit.
2664 4114 2850 4168 Clerus
2897 4122 2949 4167 et
2976 4112 3123 4181 plebs
3148 4113 3211 4163 ad
3258 4127 3377 4164 eum

1820 4212 2047 4281 profecti
2076 4218 2431 4266 occurrerunt
2461 4210 2559 4277 ipsi
2596 4223 2715 4261 cum
2764 4208 2977 4275 gaudio,
3003 4216 3056 4261 et
3088 4206 3383 4261 honoriﬁce

1818 4309 2167 4370 exceperunt,
2196 4314 2362 4369 usque
2388 4302 2509 4353 dum
2559 4298 2609 4351 in
2657 4297 2940 4351 ecclesiam
2976 4297 3252 4365 ingressus
3276 4304 3379 4355 est,

1819 4408 1885 4449 ex
1914 4409 2016 4462 qua
2048 4392 2338 4460 Georgium
2369 4390 2525 4457 ejccit
2559 4398 2611 4442 ct
2638 4404 2731 4444 eos
2774 4390 2862 4457 qui
2908 4403 3211 4456 perversam
3267 4386 3382 4455 ejus

1075 4481 1209 4532 adeo
1296 4487 1356 4533 ιιι
1441 4478 1588 4532 [οἵδε
1662 4477 1715 4531 in
1752 4475 1777 4517 ⁸³
1823 4488 1987 4543 ﬁdem
2012 4484 2391 4553 sequebantur.
2430 4482 2503 4534 Eo
2553 4480 2639 4534 die
2672 4479 2997 4534 Athanasius
3030 4478 3223 4529 festum
3274 4474 3380 4526 Den

157 4575 389 4642 “Summ
447 4572 518 4627 ad
575 4568 983 4625 θιοηθηηδίηη
1039 4568 1213 4621 alvum
1265 4566 1553 4622 secesserit
1591 4584 1604 4621 ε
1642 4575 1718 4619 ³ί·
1748 4584 1793 4641 D
1822 4579 2136 4645 celebravit,
2171 4576 2455 4644 omnisque
2494 4573 2717 4643 populus
2765 4588 2859 4640 per
2896 4581 3063 4625 totam
3092 4567 3378 4638 Egyptum

158 4680 245 4733 que
270 4667 339 4722 ibi
373 4666 591 4721 viscera
625 4661 810 4718 omnia
842 4674 937 4713 sua
959 4660 1195 4730 ejeeerit.
1234 4660 1365 4714 Cum
1413 4659 1575 4730 igitur
1630 4659 1719 4715 ille

157 4737 545 4825 ex'conspectu
611 4766 674 4807 se
731 4748 1110 4813 subtraxisset,
1168 4750 1532 4818 quaesiverunt
1592 4763 1713 4805 eunt

156 4860 243 4901 nec
264 4849 609 4909 invenerunt,
630 4842 953 4908 tandemque
970 4849 1250 4909 postquam
1270 4841 1556 4911 diligenter
1576 4856 1719 4911 quae-

158 4937 389 4992 sivissent
427 4942 764 5006 repererunt
792 4948 913 4987 eum
963 4933 1264 4998 sedentem,
1302 4932 1574 5004 frigidum,
1624 4948 1715 4986 ar-

160 5030 303 5084 tribus
324 5017 551 5097 solutis,
605 5034 801 5081 ventre
851 5024 1113 5094 projeeto,
1167 5024 1393 5089 siccum,
1433 5034 1488 5079 et
1534 5026 1715 5079 omnia

159 5119 352 5174 viscera
381 5120 501 5190 ejus
537 5117 710 5174 eﬁ‘usa
743 5131 925 5170 coram
949 5130 1032 5171 eo.
1066 5116 1450 5185 Signiﬁcarunt
1480 5118 1591 5171 ham
1610 5126 1717 5171 sta-

158 5213 249 5265 tim
300 5214 641 5281 patriarchae,
697 5209 789 5279 qui
830 5217 1051 5278 stupens
1086 5216 1140 5262 et
1178 5207 1340 5263 silens
1366 5208 1567 5277 gratias
1610 5212 1717 5279 egit

159 5304 366 5363 Domino
409 5306 537 5363 Jesu
566 5304 814 5368 Christo,
857 5312 911 5356 et
944 5301 1180 5355 laudavit
1218 5315 1340 5355 eum
1384 5304 1473 5371 qui
1526 5302 1714 5356 Arium

154 5394 455 5465 judicasset,
507 5411 756 5466 eumque
812 5395 1093 5451 subitaneo
1149 5398 1315 5451 exitio
1357 5397 1714 5466 perdidisset,

160 5500 361 5557 propter
388 5489 699 5560 periurium
724 5485 841 5556 ejus
874 5496 925 5541 et
951 5488 1106 5543 tidem
1136 5488 1514 5557 perniciosam.
1541 5489 1715 5559 Impe-

164 5582 306 5634 ratori
345 5598 560 5652 quoque
615 5588 675 5636 et
720 5579 987 5634 universa:
1050 5579 1388 5636 multitudini.
1430 5580 1713 5635 manifesta

161 5676 388 5739 apparuit
408 5674 618 5729 veritas
647 5684 838 5725 eorum
881 5685 999 5740 qua:
1036 5670 1229 5725 Petrus
1253 5678 1457 5741 martyr
1482 5672 1715 5739 patriar-

162 5765 244 5815 cha
303 5766 713 5822 Alexandrinus
772 5763 1110 5832 prredixerat.
1164 5764 1347 5831 Itaque
1406 5762 1717 5818 Alexander

158 5849 778 5928 Constantinopolitanus
828 5855 1130 5924 patriarcha
1196 5854 1459 5924 liturgiatn
1518 5870 1581 5908 eo
1634 5855 1718 5909 die

1819 4672 1874 4726 in
1906 4685 2113 4726 summa
2145 4667 2328 4721 lmtitia
2378 4666 2494 4718 fuit.
2533 4664 2657 4718 Post
2687 4678 2856 4716 annos
2896 4670 3103 4730 septem
3135 4660 3283 4711 venit
3328 4659 3378 4709 in

1822 4764 2111 4835 Egyptum
2136 4761 2218 4814 vir
2246 4758 2463 4828 quidam
2490 4756 2784 4826 Gregorius
2822 4755 3035 4807 nomine
3087 4768 3209 4806 cum
3245 4755 3378 4806 duo-

1820 4858 1919 4912 bus
1972 4855 2196 4908 militum
2250 4851 2504 4913 millibus,
2553 4848 2642 4916 qui
2675 4847 2958 4902 ecclesiam
3016 4844 3265 4913 spoliavit
3325 4856 3379 4896 et

1816 4943 2167 4999 Athanasium
2198 4938 2624 5009 comprehendit,
2658 4952 2814 5006 quem
2845 4937 3132 5003 imperator
3166 4934 3384 4987 tradidit

1818 5036 1982 5105 impio
2008 5033 2219 5089 cuidam
2253 5033 2369 5086 viro
2413 5032 2628 5085 nomine
2662 5028 2823 5094 Salis,
2876 5028 3137 5083 idolorum
3165 5026 3378 5081 cultori.

1818 5129 1968 5182 Illum
2020 5127 2183 5181 etiam
2228 5125 2476 5180 occidere
2532 5123 2833 5194 designavit
2888 5130 2945 5175 ut
2996 5130 3048 5175 et
3103 5118 3379 5174 Liberium

1817 5222 2117 5276 Romanum
2146 5218 2530 5289 patriarcham,
2565 5224 2619 5269 et
2656 5212 2965 5285 Dionysium
2989 5209 3380 5264 Antiocltenum

1819 5311 1906 5380 qui
1946 5318 2126 5378 patres
2158 5316 2316 5362 erant
2338 5308 2649 5362 orthodoxa:
2674 5305 2818 5370 ﬁdei,
2860 5303 2954 5358 sed
2988 5301 3106 5355 illos
3143 5300 3281 5353 Deus
3314 5311 3382 5352 ex

1819 5399 2063 5453 manibus
2081 5398 2195 5468 ejus
2221 5398 2486 5461 liberavit,
2515 5396 2800 5465 salvosque
2830 5393 3105 5465 praastitit:
3128 5388 3382 5458 venitque

1816 5489 2142 5543 Athanasius
2166 5504 2286 5542 cum
2313 5486 2525 5542 Liberio
2555 5487 2797 5549 Romam,
2836 5494 2891 5537 et
2912 5483 3052 5552 apud
3076 5495 3196 5535 cum
3229 5492 3373 5531 man-

1816 5582 1903 5643 sit,
1944 5580 2114 5635 donec
2158 5589 2398 5633 mortuus
2426 5585 2509 5632 est
2540 5577 2908 5638 Constantius,
2943 5582 2995 5627 et
3020 5568 3279 5626 successit
3302 5566 3407 5641 illi,

1817 5672 1956 5726 ﬁlius
1974 5672 2089 5740 ejus
2106 5672 2388 5725 Constans.
2420 5668 2466 5723 ls
2498 5668 2824 5722 orthodoxus
2853 5678 2971 5717 cum
2996 5668 3161 5723 esset,
3197 5658 3378 5715 statim

1820 5773 1979 5830 atque
2002 5762 2250 5815 thronum
2283 5759 2533 5820 obtinuit,
2567 5756 2850 5827 imperavit
2877 5761 2934 5808 ut
2959 5750 3292 5808 Athanasius
3322 5746 3379 5807 in

1820 5853 1999 5908 scdezn
2028 5865 2178 5906 suam
2201 5849 2607 5905 Irestitucretur.
