  <div class='ocr_page' id='page_1' title='image "/cluster/home/n/w/nwhite01/storage/ocr_20150623/25/hvd.32044004972428/263.png"; bbox 0 0 4010 6542; ppageno 0'>
   <div class='ocr_carea' id='block_1_1' title="bbox 613 422 708 467">
    <p class='ocr_par' dir='ltr' id='par_1_1' title="bbox 613 422 708 467">
     <span class='ocr_line' id='line_1_1' title="bbox 613 422 708 467; baseline -0.021 0"><span class='ocrx_word' id='word_1_1' title='bbox 613 422 708 467; x_wconf 80' lang='lat' dir='ltr'><strong>CCL</strong></span> 
     </span>
    </p>
   </div>
   <div class='ocr_carea' id='block_1_2' title="bbox 1978 396 2517 460">
    <p class='ocr_par' dir='ltr' id='par_1_2' title="bbox 1978 396 2517 460">
     <span class='ocr_line' id='line_1_2' title="bbox 1978 396 2517 460; baseline -0.015 0"><span class='ocrx_word' id='word_1_2' title='bbox 1978 396 2517 460; x_wconf 75' lang='lat' dir='ltr'><strong>I’BOLEGOMENA.</strong></span> 
     </span>
    </p>
   </div>
   <div class='ocr_carea' id='block_1_3' title="bbox 686 506 3853 594">
    <p class='ocr_par' dir='ltr' id='par_1_3' title="bbox 686 506 3853 594">
     <span class='ocr_line' id='line_1_3' title="bbox 686 506 3853 594; baseline -0.005 -15"><span class='ocrx_word' id='word_1_3' title='bbox 686 524 817 580; x_wconf 86' lang='lat' dir='ltr'><strong>Erat</strong></span> <span class='ocrx_word' id='word_1_4' title='bbox 842 537 907 578; x_wconf 91' lang='lat' dir='ltr'><strong>eo</strong></span> <span class='ocrx_word' id='word_1_5' title='bbox 935 531 1176 594; x_wconf 84' lang='lat' dir='ltr'><strong>tempore</strong></span> <span class='ocrx_word' id='word_1_6' title='bbox 1199 522 1688 594; x_wconf 66' lang='lat' dir='ltr'><strong>Hierosolymorum</strong></span> <span class='ocrx_word' id='word_1_7' title='bbox 1730 521 2032 593; x_wconf 78' lang='lat' dir='ltr'><strong>patriarcha</strong></span> <span class='ocrx_word' id='word_1_8' title='bbox 2077 521 2181 590; x_wconf 85' lang='lat' dir='ltr'><strong>Cy-</strong></span> <span class='ocrx_word' id='word_1_9' title='bbox 2211 522 2258 578; x_wconf 78' lang='grc' dir='ltr'>Α</span> <span class='ocrx_word' id='word_1_10' title='bbox 2286 515 2508 585; x_wconf 73' lang='lat' dir='ltr'><strong>legendo</strong></span> <span class='ocrx_word' id='word_1_11' title='bbox 2546 513 2682 570; x_wconf 86' lang='lat' dir='ltr'><strong>bene</strong></span> <span class='ocrx_word' id='word_1_12' title='bbox 2709 510 2962 567; x_wconf 63' lang='lat' dir='ltr'><strong>&#39;didicisti</strong></span> <span class='ocrx_word' id='word_1_13' title='bbox 3014 516 3107 565; x_wconf 89' lang='lat' dir='ltr'><strong>aut</strong></span> <span class='ocrx_word' id='word_1_14' title='bbox 3134 521 3411 564; x_wconf 75' lang='lat' dir='ltr'><strong>memorue</strong></span> <span class='ocrx_word' id='word_1_15' title='bbox 3437 506 3751 576; x_wconf 87' lang='lat' dir='ltr'><strong>mandasti;</strong></span> <span class='ocrx_word' id='word_1_16' title='bbox 3789 508 3853 566; x_wconf 82' lang='lat' dir='ltr'><strong>&quot;si</strong></span> 
     </span>
    </p>
   </div>
   <div class='ocr_carea' id='block_1_4' title="bbox 616 612 2180 684">
    <p class='ocr_par' dir='ltr' id='par_1_4' title="bbox 616 612 2180 684">
     <span class='ocr_line' id='line_1_4' title="bbox 616 612 2180 684; baseline -0.003 -16"><span class='ocrx_word' id='word_1_17' title='bbox 616 612 787 681; x_wconf 81' lang='lat' dir='ltr'><strong>rillus,</strong></span> <span class='ocrx_word' id='word_1_18' title='bbox 829 628 924 684; x_wconf 89' lang='lat' dir='ltr'><strong>per</strong></span> <span class='ocrx_word' id='word_1_19' title='bbox 950 629 1107 682; x_wconf 86' lang='lat' dir='ltr'><strong>quem</strong></span> <span class='ocrx_word' id='word_1_20' title='bbox 1137 615 1391 668; x_wconf 88' lang='lat' dir='ltr'><strong>miracula</strong></span> <span class='ocrx_word' id='word_1_21' title='bbox 1424 628 1611 684; x_wconf 85' lang='lat' dir='ltr'><strong>magna</strong></span> <span class='ocrx_word' id='word_1_22' title='bbox 1646 613 1788 668; x_wconf 90' lang='lat' dir='ltr'><strong>edita</strong></span> <span class='ocrx_word' id='word_1_23' title='bbox 1825 622 1950 668; x_wconf 91' lang='lat' dir='ltr'><strong>sunt</strong></span> <span class='ocrx_word' id='word_1_24' title='bbox 1982 630 1996 667; x_wconf 90' lang='lat'><strong>:</strong></span> <span class='ocrx_word' id='word_1_25' title='bbox 2040 612 2180 665; x_wconf 91' lang='lat' dir='ltr'><strong>inter</strong></span> 
     </span>
    </p>
   </div>
   <div class='ocr_carea' id='block_1_5' title="bbox 614 703 2181 775">
    <p class='ocr_par' dir='ltr' id='par_1_5' title="bbox 614 703 2181 775">
     <span class='ocr_line' id='line_1_5' title="bbox 614 703 2181 775; baseline -0.001 -17"><span class='ocrx_word' id='word_1_26' title='bbox 614 706 719 761; x_wconf 86' lang='lat' dir='ltr'><strong>alia</strong></span> <span class='ocrx_word' id='word_1_27' title='bbox 749 707 999 775; x_wconf 72' lang='lat' dir='ltr'><strong>apparuit</strong></span> <span class='ocrx_word' id='word_1_28' title='bbox 1030 708 1274 760; x_wconf 83' lang='lat' dir='ltr'><strong>columna</strong></span> <span class='ocrx_word' id='word_1_29' title='bbox 1304 708 1457 775; x_wconf 87' lang='lat' dir='ltr'><strong>ignea</strong></span> <span class='ocrx_word' id='word_1_30' title='bbox 1499 720 1659 774; x_wconf 88' lang='lat' dir='ltr'><strong>super</strong></span> <span class='ocrx_word' id='word_1_31' title='bbox 1693 704 1998 772; x_wconf 87' lang='lat' dir='ltr'><strong>sepulcrum</strong></span> <span class='ocrx_word' id='word_1_32' title='bbox 2023 703 2181 758; x_wconf 91' lang='lat' dir='ltr'><strong>Chri-</strong></span> 
     </span>
    </p>
   </div>
   <div class='ocr_carea' id='block_1_6' title="bbox 614 794 2177 863">
    <p class='ocr_par' dir='ltr' id='par_1_6' title="bbox 614 794 2177 863">
     <span class='ocr_line' id='line_1_6' title="bbox 614 794 2177 863; baseline -0.001 -13"><span class='ocrx_word' id='word_1_33' title='bbox 614 795 681 850; x_wconf 88' lang='lat' dir='ltr'><strong>sti</strong></span> <span class='ocrx_word' id='word_1_34' title='bbox 715 796 926 852; x_wconf 86' lang='lat' dir='ltr'><strong>Domini</strong></span> <span class='ocrx_word' id='word_1_35' title='bbox 960 794 1256 852; x_wconf 84' lang='lat' dir='ltr'><strong>Salvatoris</strong></span> <span class='ocrx_word' id='word_1_36' title='bbox 1295 797 1486 858; x_wconf 90' lang='lat' dir='ltr'><strong>nostri,</strong></span> <span class='ocrx_word' id='word_1_37' title='bbox 1523 810 1681 863; x_wconf 91' lang='lat' dir='ltr'><strong>quam</strong></span> <span class='ocrx_word' id='word_1_38' title='bbox 1732 796 1931 850; x_wconf 89' lang='lat' dir='ltr'><strong>ethnici</strong></span> <span class='ocrx_word' id='word_1_39' title='bbox 1964 809 2177 859; x_wconf 88' lang='lat' dir='ltr'><strong>omnes,</strong></span> 
     </span>
    </p>
   </div>
   <div class='ocr_carea' id='block_1_7' title="bbox 613 886 2183 957">
    <p class='ocr_par' dir='ltr' id='par_1_7' title="bbox 613 886 2183 957">
     <span class='ocr_line' id='line_1_7' title="bbox 613 886 2183 957; baseline 0.001 -18"><span class='ocrx_word' id='word_1_40' title='bbox 613 894 668 939; x_wconf 89' lang='lat' dir='ltr'><strong>et</strong></span> <span class='ocrx_word' id='word_1_41' title='bbox 694 887 999 957; x_wconf 85' lang='lat' dir='ltr'><strong>quicunque</strong></span> <span class='ocrx_word' id='word_1_42' title='bbox 1030 899 1154 941; x_wconf 91' lang='lat' dir='ltr'><strong>tunc</strong></span> <span class='ocrx_word' id='word_1_43' title='bbox 1172 887 1222 941; x_wconf 93' lang='lat' dir='ltr'><strong>in</strong></span> <span class='ocrx_word' id='word_1_44' title='bbox 1241 886 1372 941; x_wconf 89' lang='lat' dir='ltr'><strong>urbe</strong></span> <span class='ocrx_word' id='word_1_45' title='bbox 1401 886 1700 941; x_wconf 87' lang='lat' dir='ltr'><strong>antvicinis</strong></span> <span class='ocrx_word' id='word_1_46' title='bbox 1732 886 1866 942; x_wconf 89' lang='lat' dir='ltr'><strong>locis</strong></span> <span class='ocrx_word' id='word_1_47' title='bbox 1902 895 2058 940; x_wconf 90' lang='lat' dir='ltr'><strong>erant</strong></span> <span class='ocrx_word' id='word_1_48' title='bbox 2085 886 2183 941; x_wconf 85' lang='lat' dir='ltr'><strong>ob-</strong></span> 
     </span>
    </p>
   </div>
   <div class='ocr_carea' id='block_1_8' title="bbox 616 976 2183 1046">
    <p class='ocr_par' dir='ltr' id='par_1_8' title="bbox 616 976 2183 1046">
     <span class='ocr_line' id='line_1_8' title="bbox 616 976 2183 1046; baseline 0 -14"><span class='ocrx_word' id='word_1_49' title='bbox 616 987 1016 1035; x_wconf 81' lang='lat' dir='ltr'><strong>servaverunt:</strong></span> <span class='ocrx_word' id='word_1_50' title='bbox 1066 977 1401 1046; x_wconf 89' lang='lat' dir='ltr'><strong>durabatque</strong></span> <span class='ocrx_word' id='word_1_51' title='bbox 1449 978 1517 1032; x_wconf 91' lang='lat' dir='ltr'><strong>ab</strong></span> <span class='ocrx_word' id='word_1_52' title='bbox 1551 979 1682 1032; x_wconf 90' lang='lat' dir='ltr'><strong>hora</strong></span> <span class='ocrx_word' id='word_1_53' title='bbox 1730 977 1886 1031; x_wconf 89' lang='lat' dir='ltr'><strong>tertia</strong></span> <span class='ocrx_word' id='word_1_54' title='bbox 1913 991 2082 1045; x_wconf 88' lang='lat' dir='ltr'><strong>usque</strong></span> <span class='ocrx_word' id='word_1_55' title='bbox 2116 976 2183 1032; x_wconf 89' lang='lat' dir='ltr'><strong>ad</strong></span> 
     </span>
    </p>
   </div>
   <div class='ocr_carea' id='block_1_9' title="bbox 617 1068 2184 1142">
    <p class='ocr_par' dir='ltr' id='par_1_9' title="bbox 617 1068 2184 1142">
     <span class='ocr_line' id='line_1_9' title="bbox 617 1068 2184 1142; baseline -0.003 -16"><span class='ocrx_word' id='word_1_56' title='bbox 617 1087 865 1127; x_wconf 87' lang='lat' dir='ltr'><strong>nonam:</strong></span> <span class='ocrx_word' id='word_1_57' title='bbox 914 1088 1073 1142; x_wconf 91' lang='lat' dir='ltr'><strong>porro</strong></span> <span class='ocrx_word' id='word_1_58' title='bbox 1122 1072 1187 1125; x_wconf 91' lang='lat' dir='ltr'><strong>ad</strong></span> <span class='ocrx_word' id='word_1_59' title='bbox 1220 1085 1339 1125; x_wconf 88' lang='lat' dir='ltr'><strong>eam</strong></span> <span class='ocrx_word' id='word_1_60' title='bbox 1392 1070 1672 1123; x_wconf 76' lang='lat' dir='ltr'><strong>videndam</strong></span> <span class='ocrx_word' id='word_1_61' title='bbox 1723 1069 1911 1140; x_wconf 83' lang='lat' dir='ltr'><strong>ingens</strong></span> <span class='ocrx_word' id='word_1_62' title='bbox 1948 1068 2184 1135; x_wconf 87' lang='lat' dir='ltr'><strong>undique</strong></span> 
     </span>
    </p>
   </div>
   <div class='ocr_carea' id='block_1_10' title="bbox 620 1158 2182 1229">
    <p class='ocr_par' dir='ltr' id='par_1_10' title="bbox 620 1158 2182 1229">
     <span class='ocr_line' id='line_1_10' title="bbox 620 1158 2182 1229; baseline -0.004 -11"><span class='ocrx_word' id='word_1_63' title='bbox 620 1177 916 1218; x_wconf 85' lang='lat' dir='ltr'><strong>concursus</strong></span> <span class='ocrx_word' id='word_1_64' title='bbox 948 1162 1223 1218; x_wconf 86' lang='lat' dir='ltr'><strong>hominum</strong></span> <span class='ocrx_word' id='word_1_65' title='bbox 1263 1162 1444 1217; x_wconf 89' lang='lat' dir='ltr'><strong>ﬁebat.</strong></span> <span class='ocrx_word' id='word_1_66' title='bbox 1491 1160 1720 1229; x_wconf 82' lang='lat' dir='ltr'><strong>Scripsit</strong></span> <span class='ocrx_word' id='word_1_67' title='bbox 1743 1160 1924 1229; x_wconf 85' lang='lat' dir='ltr'><strong>itaque</strong></span> <span class='ocrx_word' id='word_1_68' title='bbox 1953 1158 2182 1229; x_wconf 86' lang='lat' dir='ltr'><strong>Cyrillns</strong></span> 
     </span>
    </p>
   </div>
   <div class='ocr_carea' id='block_1_11' title="bbox 618 1251 2185 1322">
    <p class='ocr_par' dir='ltr' id='par_1_11' title="bbox 618 1251 2185 1322">
     <span class='ocr_line' id='line_1_11' title="bbox 618 1251 2185 1322; baseline -0.001 -16"><span class='ocrx_word' id='word_1_69' title='bbox 618 1255 685 1307; x_wconf 82' lang='lat' dir='ltr'><strong>ad</strong></span> <span class='ocrx_word' id='word_1_70' title='bbox 728 1253 1139 1310; x_wconf 90' lang='lat' dir='ltr'><strong>Constantinum</strong></span> <span class='ocrx_word' id='word_1_71' title='bbox 1192 1256 1567 1322; x_wconf 84' lang='lat' dir='ltr'><strong>imperatorem</strong></span> <span class='ocrx_word' id='word_1_72' title='bbox 1617 1252 1845 1319; x_wconf 84' lang='lat' dir='ltr'><strong>litteras,</strong></span> <span class='ocrx_word' id='word_1_73' title='bbox 1883 1252 2082 1322; x_wconf 89' lang='lat' dir='ltr'><strong>quibus</strong></span> <span class='ocrx_word' id='word_1_74' title='bbox 2119 1251 2185 1305; x_wconf 90' lang='lat' dir='ltr'><strong>de</strong></span> 
     </span>
    </p>
   </div>
   <div class='ocr_carea' id='block_1_12' title="bbox 620 1343 2185 1413">
    <p class='ocr_par' dir='ltr' id='par_1_12' title="bbox 620 1343 2185 1413">
     <span class='ocr_line' id='line_1_12' title="bbox 620 1343 2185 1413; baseline -0.003 -13"><span class='ocrx_word' id='word_1_75' title='bbox 620 1346 724 1400; x_wconf 88' lang='lat' dir='ltr'><strong>hoc</strong></span> <span class='ocrx_word' id='word_1_76' title='bbox 764 1346 1027 1401; x_wconf 90' lang='lat' dir='ltr'><strong>miracqu</strong></span> <span class='ocrx_word' id='word_1_77' title='bbox 1072 1345 1431 1413; x_wconf 80' lang='lat' dir='ltr'><strong>signiﬁcabat.</strong></span> <span class='ocrx_word' id='word_1_78' title='bbox 1485 1343 1780 1412; x_wconf 91' lang='lat' dir='ltr'><strong>Imperator</strong></span> <span class='ocrx_word' id='word_1_79' title='bbox 1830 1343 2185 1397; x_wconf 82' lang='lat' dir='ltr'><strong>Athanasium</strong></span> 
     </span>
    </p>
   </div>
   <div class='ocr_carea' id='block_1_13' title="bbox 619 1437 2186 1508">
    <p class='ocr_par' dir='ltr' id='par_1_13' title="bbox 619 1437 2186 1508">
     <span class='ocr_line' id='line_1_13' title="bbox 619 1437 2186 1508; baseline -0.001 -18"><span class='ocrx_word' id='word_1_80' title='bbox 619 1437 888 1505; x_wconf 85' lang='lat' dir='ltr'><strong>diligebat.</strong></span> <span class='ocrx_word' id='word_1_81' title='bbox 921 1440 1011 1508; x_wconf 92' lang='lat' dir='ltr'><strong>qui</strong></span> <span class='ocrx_word' id='word_1_82' title='bbox 1044 1448 1226 1508; x_wconf 87' lang='lat' dir='ltr'><strong>postea</strong></span> <span class='ocrx_word' id='word_1_83' title='bbox 1246 1452 1406 1506; x_wconf 90' lang='lat' dir='ltr'><strong>quam</strong></span> <span class='ocrx_word' id='word_1_84' title='bbox 1434 1437 1546 1493; x_wconf 89' lang='lat' dir='ltr'><strong>sedi</strong></span> <span class='ocrx_word' id='word_1_85' title='bbox 1574 1452 1684 1492; x_wconf 68' lang='lat' dir='ltr'><strong>suae</strong></span> <span class='ocrx_word' id='word_1_86' title='bbox 1716 1437 1991 1490; x_wconf 90' lang='lat' dir='ltr'><strong>restitutus</strong></span> <span class='ocrx_word' id='word_1_87' title='bbox 2022 1443 2186 1499; x_wconf 91' lang='lat' dir='ltr'><strong>esset,</strong></span> 
     </span>
    </p>
   </div>
   <div class='ocr_carea' id='block_1_14' title="bbox 617 1525 2180 1597">
    <p class='ocr_par' dir='ltr' id='par_1_14' title="bbox 617 1525 2180 1597">
     <span class='ocr_line' id='line_1_14' title="bbox 617 1525 2180 1597; baseline -0.001 -17"><span class='ocrx_word' id='word_1_88' title='bbox 617 1527 809 1595; x_wconf 85' lang='lat' dir='ltr'><strong>viginti</strong></span> <span class='ocrx_word' id='word_1_89' title='bbox 838 1529 1078 1597; x_wconf 88' lang='lat' dir='ltr'><strong>quinque</strong></span> <span class='ocrx_word' id='word_1_90' title='bbox 1117 1542 1287 1583; x_wconf 91' lang='lat' dir='ltr'><strong>annos</strong></span> <span class='ocrx_word' id='word_1_91' title='bbox 1327 1529 1379 1583; x_wconf 90' lang='lat' dir='ltr'><strong>in</strong></span> <span class='ocrx_word' id='word_1_92' title='bbox 1422 1542 1553 1597; x_wconf 88' lang='lat' dir='ltr'><strong>pace</strong></span> <span class='ocrx_word' id='word_1_93' title='bbox 1590 1538 1644 1581; x_wconf 91' lang='lat' dir='ltr'><strong>et</strong></span> <span class='ocrx_word' id='word_1_94' title='bbox 1686 1525 2077 1595; x_wconf 89' lang='lat' dir='ltr'><strong>tranquillitate</strong></span> <span class='ocrx_word' id='word_1_95' title='bbox 2104 1525 2180 1578; x_wconf 84' lang='lat' dir='ltr'><strong>vi-</strong></span> 
     </span>
    </p>
   </div>
   <div class='ocr_carea' id='block_1_15' title="bbox 617 1614 2177 1684">
    <p class='ocr_par' dir='ltr' id='par_1_15' title="bbox 617 1614 2177 1684">
     <span class='ocr_line' id='line_1_15' title="bbox 617 1614 2177 1684; baseline 0.001 -18"><span class='ocrx_word' id='word_1_96' title='bbox 617 1614 718 1677; x_wconf 93' lang='lat' dir='ltr'><strong>xit,</strong></span> <span class='ocrx_word' id='word_1_97' title='bbox 756 1628 878 1667; x_wconf 93' lang='lat' dir='ltr'><strong>cum</strong></span> <span class='ocrx_word' id='word_1_98' title='bbox 919 1624 1076 1668; x_wconf 87' lang='lat' dir='ltr'><strong>antea</strong></span> <span class='ocrx_word' id='word_1_99' title='bbox 1123 1629 1293 1672; x_wconf 90' lang='lat' dir='ltr'><strong>annos</strong></span> <span class='ocrx_word' id='word_1_100' title='bbox 1325 1614 1461 1670; x_wconf 91' lang='lat' dir='ltr'><strong>duos</strong></span> <span class='ocrx_word' id='word_1_101' title='bbox 1489 1623 1543 1670; x_wconf 89' lang='lat' dir='ltr'><strong>et</strong></span> <span class='ocrx_word' id='word_1_102' title='bbox 1583 1615 1769 1684; x_wconf 81' lang='lat' dir='ltr'><strong>viginti</strong></span> <span class='ocrx_word' id='word_1_103' title='bbox 1802 1630 1867 1669; x_wconf 90' lang='lat' dir='ltr'><strong>ex</strong></span> <span class='ocrx_word' id='word_1_104' title='bbox 1899 1630 2005 1684; x_wconf 91' lang='lat' dir='ltr'><strong>quo</strong></span> <span class='ocrx_word' id='word_1_105' title='bbox 2059 1630 2177 1668; x_wconf 91' lang='lat' dir='ltr'><strong>eam</strong></span> 
     </span>
    </p>
   </div>
   <div class='ocr_carea' id='block_1_16' title="bbox 619 1692 2188 1774">
    <p class='ocr_par' dir='ltr' id='par_1_16' title="bbox 619 1692 2188 1774">
     <span class='ocr_line' id='line_1_16' title="bbox 619 1692 2188 1774; baseline 0.003 -19"><span class='ocrx_word' id='word_1_106' title='bbox 619 1701 926 1756; x_wconf 89' lang='lat' dir='ltr'><strong>obtinuerat</strong></span> <span class='ocrx_word' id='word_1_107' title='bbox 946 1703 998 1757; x_wconf 92' lang='lat' dir='ltr'><strong>in</strong></span> <span class='ocrx_word' id='word_1_108' title='bbox 1025 1692 1704 1769; x_wconf 54' lang='lat' dir='ltr'><strong>exsilio,certaminibus&#39;et</strong></span> <span class='ocrx_word' id='word_1_109' title='bbox 1728 1704 2188 1774; x_wconf 87' lang='lat' dir='ltr'><strong>persecutionibus</strong></span> 
     </span>
    </p>
   </div>
   <div class='ocr_carea' id='block_1_17' title="bbox 620 1794 2185 1866">
    <p class='ocr_par' dir='ltr' id='par_1_17' title="bbox 620 1794 2185 1866">
     <span class='ocr_line' id='line_1_17' title="bbox 620 1794 2185 1866; baseline 0.003 -21"><span class='ocrx_word' id='word_1_110' title='bbox 620 1794 994 1862; x_wconf 87' lang='lat' dir='ltr'><strong>transegissel.</strong></span> <span class='ocrx_word' id='word_1_111' title='bbox 1015 1794 1253 1850; x_wconf 79' lang='lat' dir='ltr'><strong>Mortuus</strong></span> <span class='ocrx_word' id='word_1_112' title='bbox 1282 1812 1401 1850; x_wconf 89' lang='lat' dir='ltr'><strong>cum</strong></span> <span class='ocrx_word' id='word_1_113' title='bbox 1429 1806 1572 1853; x_wconf 89' lang='lat' dir='ltr'><strong>esset</strong></span> <span class='ocrx_word' id='word_1_114' title='bbox 1591 1796 1877 1861; x_wconf 86' lang='lat' dir='ltr'><strong>Constans,</strong></span> <span class='ocrx_word' id='word_1_115' title='bbox 1906 1797 2185 1866; x_wconf 91' lang='lat' dir='ltr'><strong>imperium</strong></span> 
     </span>
    </p>
   </div>
   <div class='ocr_carea' id='block_1_18' title="bbox 621 1866 2262 1954">
    <p class='ocr_par' dir='ltr' id='par_1_18' title="bbox 621 1866 2262 1954">
     <span class='ocr_line' id='line_1_18' title="bbox 621 1866 2262 1954; baseline 0.002 -18"><span class='ocrx_word' id='word_1_116' title='bbox 621 1881 738 1951; x_wconf 86' lang='lat' dir='ltr'><strong>ejus</strong></span> <span class='ocrx_word' id='word_1_117' title='bbox 787 1883 902 1939; x_wconf 90' lang='lat' dir='ltr'><strong>loco</strong></span> <span class='ocrx_word' id='word_1_118' title='bbox 946 1886 1183 1953; x_wconf 89' lang='lat' dir='ltr'><strong>suscepit</strong></span> <span class='ocrx_word' id='word_1_119' title='bbox 1223 1883 1468 1940; x_wconf 88' lang='lat' dir='ltr'><strong>Julianus</strong></span> <span class='ocrx_word' id='word_1_120' title='bbox 1525 1896 1766 1954; x_wconf 87' lang='lat' dir='ltr'><strong>apostata</strong></span> <span class='ocrx_word' id='word_1_121' title='bbox 1802 1885 2030 1939; x_wconf 74' lang='lat' dir='ltr'><strong>ethnicte</strong></span> <span class='ocrx_word' id='word_1_122' title='bbox 2063 1886 2185 1939; x_wconf 51' lang='lat' dir='ltr'><strong>reli-</strong></span> <span class='ocrx_word' id='word_1_123' title='bbox 2220 1866 2262 1919; x_wconf 73' lang='grc' dir='ltr'><strong><em>Β</em></strong></span> 
     </span>
    </p>
   </div>
   <div class='ocr_carea' id='block_1_19' title="bbox 621 1971 2184 2039">
    <p class='ocr_par' dir='ltr' id='par_1_19' title="bbox 621 1971 2184 2039">
     <span class='ocr_line' id='line_1_19' title="bbox 621 1971 2184 2039; baseline 0.002 -15"><span class='ocrx_word' id='word_1_124' title='bbox 621 1971 767 2039; x_wconf 88' lang='lat' dir='ltr'><strong>gioni</strong></span> <span class='ocrx_word' id='word_1_125' title='bbox 806 1983 861 2027; x_wconf 93' lang='lat' dir='ltr'><strong>et</strong></span> <span class='ocrx_word' id='word_1_126' title='bbox 908 1972 1171 2027; x_wconf 85' lang='lat' dir='ltr'><strong>idolorum</strong></span> <span class='ocrx_word' id='word_1_127' title='bbox 1228 1976 1391 2029; x_wconf 90' lang='lat' dir='ltr'><strong>cultui</strong></span> <span class='ocrx_word' id='word_1_128' title='bbox 1458 1976 1703 2029; x_wconf 85' lang='lat' dir='ltr'><strong>addictus</strong></span> <span class='ocrx_word' id='word_1_129' title='bbox 1742 1997 1752 2030; x_wconf 89' lang='lat'>:</span> <span class='ocrx_word' id='word_1_130' title='bbox 1806 1975 1945 2028; x_wconf 90' lang='lat' dir='ltr'><strong>Iilius</strong></span> <span class='ocrx_word' id='word_1_131' title='bbox 1983 1975 2184 2029; x_wconf 90' lang='lat' dir='ltr'><strong>sororis</strong></span> 
     </span>
    </p>
   </div>
   <div class='ocr_carea' id='block_1_20' title="bbox 622 2061 2187 2135">
    <p class='ocr_par' dir='ltr' id='par_1_20' title="bbox 622 2061 2187 2135">
     <span class='ocr_line' id='line_1_20' title="bbox 622 2061 2187 2135; baseline 0.003 -20"><span class='ocrx_word' id='word_1_132' title='bbox 622 2061 958 2118; x_wconf 89' lang='lat' dir='ltr'><strong>Constantini</strong></span> <span class='ocrx_word' id='word_1_133' title='bbox 989 2063 1182 2134; x_wconf 80' lang='lat' dir='ltr'><strong>Magni.</strong></span> <span class='ocrx_word' id='word_1_134' title='bbox 1216 2063 1265 2119; x_wconf 93' lang='lat' dir='ltr'><strong>Is</strong></span> <span class='ocrx_word' id='word_1_135' title='bbox 1285 2063 1529 2122; x_wconf 87' lang='lat' dir='ltr'><strong>Julianus</strong></span> <span class='ocrx_word' id='word_1_136' title='bbox 1553 2068 1731 2121; x_wconf 90' lang='lat' dir='ltr'><strong>statim</strong></span> <span class='ocrx_word' id='word_1_137' title='bbox 1763 2066 2039 2135; x_wconf 79' lang='lat' dir='ltr'><strong>gentilium</strong></span> <span class='ocrx_word' id='word_1_138' title='bbox 2060 2073 2187 2120; x_wconf 89' lang='lat' dir='ltr'><strong>tem-</strong></span> 
     </span>
    </p>
   </div>
   <div class='ocr_carea' id='block_1_21' title="bbox 618 2154 2184 2229">
    <p class='ocr_par' dir='ltr' id='par_1_21' title="bbox 618 2154 2184 2229">
     <span class='ocr_line' id='line_1_21' title="bbox 618 2154 2184 2229; baseline 0.004 -24"><span class='ocrx_word' id='word_1_139' title='bbox 618 2154 703 2223; x_wconf 86' lang='lat' dir='ltr'><strong>pla</strong></span> <span class='ocrx_word' id='word_1_140' title='bbox 739 2155 932 2223; x_wconf 88' lang='lat' dir='ltr'><strong>aperiri</strong></span> <span class='ocrx_word' id='word_1_141' title='bbox 959 2154 1138 2224; x_wconf 84' lang='lat' dir='ltr'><strong>jussit.</strong></span> <span class='ocrx_word' id='word_1_142' title='bbox 1166 2158 1464 2213; x_wconf 73' lang='lat' dir='ltr'><strong>Antiochia:</strong></span> <span class='ocrx_word' id='word_1_143' title='bbox 1488 2160 1800 2229; x_wconf 88' lang='lat' dir='ltr'><strong>permansit,</strong></span> <span class='ocrx_word' id='word_1_144' title='bbox 1839 2172 2013 2225; x_wconf 87' lang='lat' dir='ltr'><strong>neque</strong></span> <span class='ocrx_word' id='word_1_145' title='bbox 2041 2159 2184 2212; x_wconf 88' lang='lat' dir='ltr'><strong>enim</strong></span> 
     </span>
    </p>
   </div>
   <div class='ocr_carea' id='block_1_22' title="bbox 620 2245 2185 2320">
    <p class='ocr_par' dir='ltr' id='par_1_22' title="bbox 620 2245 2185 2320">
     <span class='ocr_line' id='line_1_22' title="bbox 620 2245 2185 2320; baseline 0.006 -23"><span class='ocrx_word' id='word_1_146' title='bbox 620 2245 816 2314; x_wconf 87' lang='lat' dir='ltr'><strong>dignus</strong></span> <span class='ocrx_word' id='word_1_147' title='bbox 838 2255 954 2301; x_wconf 91' lang='lat' dir='ltr'><strong>erat</strong></span> <span class='ocrx_word' id='word_1_148' title='bbox 981 2250 1070 2318; x_wconf 91' lang='lat' dir='ltr'><strong>qui</strong></span> <span class='ocrx_word' id='word_1_149' title='bbox 1090 2248 1305 2302; x_wconf 93' lang='lat' dir='ltr'><strong>domum</strong></span> <span class='ocrx_word' id='word_1_150' title='bbox 1326 2249 1504 2320; x_wconf 80' lang='lat' dir='ltr'><strong>magni</strong></span> <span class='ocrx_word' id='word_1_151' title='bbox 1527 2248 1865 2304; x_wconf 90' lang='lat' dir='ltr'><strong>Constantini</strong></span> <span class='ocrx_word' id='word_1_152' title='bbox 1896 2248 2185 2306; x_wconf 87' lang='lat' dir='ltr'><strong>habitaret.</strong></span> 
     </span>
    </p>
   </div>
   <div class='ocr_carea' id='block_1_23' title="bbox 621 2335 2184 2410">
    <p class='ocr_par' dir='ltr' id='par_1_23' title="bbox 621 2335 2184 2410">
     <span class='ocr_line' id='line_1_23' title="bbox 621 2335 2184 2410; baseline 0.003 -20"><span class='ocrx_word' id='word_1_153' title='bbox 621 2335 783 2393; x_wconf 78' lang='lat' dir='ltr'><strong>Venit</strong></span> <span class='ocrx_word' id='word_1_154' title='bbox 814 2338 1102 2408; x_wconf 83' lang='lat' dir='ltr'><strong>aliquando</strong></span> <span class='ocrx_word' id='word_1_155' title='bbox 1139 2340 1191 2394; x_wconf 92' lang='lat' dir='ltr'><strong>in</strong></span> <span class='ocrx_word' id='word_1_156' title='bbox 1223 2340 1478 2410; x_wconf 90' lang='lat' dir='ltr'><strong>templum</strong></span> <span class='ocrx_word' id='word_1_157' title='bbox 1513 2341 1797 2407; x_wconf 86' lang='lat' dir='ltr'><strong>idolorum,</strong></span> <span class='ocrx_word' id='word_1_158' title='bbox 1819 2350 1873 2395; x_wconf 92' lang='lat' dir='ltr'><strong>et</strong></span> <span class='ocrx_word' id='word_1_159' title='bbox 1905 2350 2184 2410; x_wconf 91' lang='lat' dir='ltr'><strong>acceptum</strong></span> 
     </span>
    </p>
   </div>
   <div class='ocr_carea' id='block_1_24' title="bbox 623 2428 2180 2500">
    <p class='ocr_par' dir='ltr' id='par_1_24' title="bbox 623 2428 2180 2500">
     <span class='ocr_line' id='line_1_24' title="bbox 623 2428 2180 2500; baseline 0.004 -19"><span class='ocrx_word' id='word_1_160' title='bbox 623 2428 822 2498; x_wconf 85' lang='lat' dir='ltr'><strong>gallum</strong></span> <span class='ocrx_word' id='word_1_161' title='bbox 883 2431 1236 2500; x_wconf 89' lang='lat' dir='ltr'><strong>gallinaceum</strong></span> <span class='ocrx_word' id='word_1_162' title='bbox 1303 2433 1525 2487; x_wconf 83' lang='lat' dir='ltr'><strong>tradidit</strong></span> <span class='ocrx_word' id='word_1_163' title='bbox 1567 2434 1828 2489; x_wconf 91' lang='lat' dir='ltr'><strong>idolorum</strong></span> <span class='ocrx_word' id='word_1_164' title='bbox 1870 2434 2180 2499; x_wconf 88' lang='lat' dir='ltr'><strong>sacerdoti;</strong></span> 
     </span>
    </p>
   </div>
   <div class='ocr_carea' id='block_1_25' title="bbox 621 2521 2187 2593">
    <p class='ocr_par' dir='ltr' id='par_1_25' title="bbox 621 2521 2187 2593">
     <span class='ocr_line' id='line_1_25' title="bbox 621 2521 2187 2593; baseline 0.006 -23"><span class='ocrx_word' id='word_1_165' title='bbox 621 2533 779 2588; x_wconf 88' lang='lat' dir='ltr'><strong>quem</strong></span> <span class='ocrx_word' id='word_1_166' title='bbox 815 2533 935 2574; x_wconf 91' lang='lat' dir='ltr'><strong>cum</strong></span> <span class='ocrx_word' id='word_1_167' title='bbox 975 2521 1186 2577; x_wconf 86' lang='lat' dir='ltr'><strong>diabolo</strong></span> <span class='ocrx_word' id='word_1_168' title='bbox 1234 2521 1536 2589; x_wconf 86' lang='lat' dir='ltr'><strong>obtulisset,</strong></span> <span class='ocrx_word' id='word_1_169' title='bbox 1568 2522 1775 2593; x_wconf 90' lang='lat' dir='ltr'><strong>accepit</strong></span> <span class='ocrx_word' id='word_1_170' title='bbox 1806 2538 1902 2578; x_wconf 93' lang='lat' dir='ltr'><strong>cor</strong></span> <span class='ocrx_word' id='word_1_171' title='bbox 1955 2523 2187 2580; x_wconf 71' lang='lat' dir='ltr'><strong>victimae</strong></span> 
     </span>
    </p>
   </div>
   <div class='ocr_carea' id='block_1_26' title="bbox 623 2612 957 2667">
    <p class='ocr_par' dir='ltr' id='par_1_26' title="bbox 623 2612 957 2667">
     <span class='ocr_line' id='line_1_26' title="bbox 623 2612 957 2667; baseline 0.003 -2"><span class='ocrx_word' id='word_1_172' title='bbox 623 2621 679 2665; x_wconf 93' lang='lat' dir='ltr'><strong>et</strong></span> <span class='ocrx_word' id='word_1_173' title='bbox 706 2612 957 2667; x_wconf 88' lang='lat' dir='ltr'><strong>comedit.</strong></span> 
     </span>
    </p>
   </div>
   <div class='ocr_carea' id='block_1_27' title="bbox 694 2702 2188 2779">
    <p class='ocr_par' dir='ltr' id='par_1_27' title="bbox 694 2702 2188 2779">
     <span class='ocr_line' id='line_1_27' title="bbox 694 2702 2188 2779; baseline 0.004 -21"><span class='ocrx_word' id='word_1_174' title='bbox 694 2702 825 2759; x_wconf 88' lang='lat' dir='ltr'><strong>Erat</strong></span> <span class='ocrx_word' id='word_1_175' title='bbox 869 2706 1084 2761; x_wconf 88' lang='lat' dir='ltr'><strong>Juliano</strong></span> <span class='ocrx_word' id='word_1_176' title='bbox 1140 2723 1309 2778; x_wconf 84' lang='lat' dir='ltr'><strong>nepos</strong></span> <span class='ocrx_word' id='word_1_177' title='bbox 1334 2724 1399 2763; x_wconf 90' lang='lat' dir='ltr'><strong>ex</strong></span> <span class='ocrx_word' id='word_1_178' title='bbox 1453 2724 1662 2773; x_wconf 88' lang='lat' dir='ltr'><strong>sorore,</strong></span> <span class='ocrx_word' id='word_1_179' title='bbox 1705 2708 1948 2764; x_wconf 88' lang='lat' dir='ltr'><strong>Julianus</strong></span> <span class='ocrx_word' id='word_1_180' title='bbox 1975 2722 2188 2779; x_wconf 90' lang='lat' dir='ltr'><strong>quoque</strong></span> 
     </span>
    </p>
   </div>
   <div class='ocr_carea' id='block_1_28' title="bbox 624 2798 2188 2870">
    <p class='ocr_par' dir='ltr' id='par_1_28' title="bbox 624 2798 2188 2870">
     <span class='ocr_line' id='line_1_28' title="bbox 624 2798 2188 2870; baseline 0.002 -19"><span class='ocrx_word' id='word_1_181' title='bbox 624 2798 940 2866; x_wconf 82' lang='lat' dir='ltr'><strong>appellatus,</strong></span> <span class='ocrx_word' id='word_1_182' title='bbox 966 2799 1157 2870; x_wconf 88' lang='lat' dir='ltr'><strong>impius</strong></span> <span class='ocrx_word' id='word_1_183' title='bbox 1182 2801 1424 2856; x_wconf 87' lang='lat' dir='ltr'><strong>avunculi</strong></span> <span class='ocrx_word' id='word_1_184' title='bbox 1454 2801 1533 2856; x_wconf 89' lang='lat' dir='ltr'><strong>sui</strong></span> <span class='ocrx_word' id='word_1_185' title='bbox 1571 2800 1835 2869; x_wconf 85' lang='lat' dir='ltr'><strong>exemplo.</strong></span> <span class='ocrx_word' id='word_1_186' title='bbox 1857 2799 1905 2854; x_wconf 91' lang='lat' dir='ltr'><strong>Is</strong></span> <span class='ocrx_word' id='word_1_187' title='bbox 1942 2801 2188 2855; x_wconf 83' lang='lat' dir='ltr'><strong>sacerdo-</strong></span> 
     </span>
    </p>
   </div>
   <div class='ocr_carea' id='block_1_29' title="bbox 628 2890 2185 2965">
    <p class='ocr_par' dir='ltr' id='par_1_29' title="bbox 628 2890 2185 2965">
     <span class='ocr_line' id='line_1_29' title="bbox 628 2890 2185 2965; baseline 0.003 -22"><span class='ocrx_word' id='word_1_188' title='bbox 628 2900 733 2944; x_wconf 90' lang='lat' dir='ltr'><strong>tem</strong></span> <span class='ocrx_word' id='word_1_189' title='bbox 765 2890 1101 2948; x_wconf 73' lang='lat' dir='ltr'><strong>Theodorum</strong></span> <span class='ocrx_word' id='word_1_190' title='bbox 1133 2892 1591 2965; x_wconf 89' lang='lat' dir='ltr'><strong>comprehendens</strong></span> <span class='ocrx_word' id='word_1_191' title='bbox 1620 2893 1857 2957; x_wconf 89' lang='lat' dir='ltr'><strong>occidit,</strong></span> <span class='ocrx_word' id='word_1_192' title='bbox 1885 2893 2028 2963; x_wconf 88' lang='lat' dir='ltr'><strong>quod</strong></span> <span class='ocrx_word' id='word_1_193' title='bbox 2062 2908 2185 2948; x_wconf 76' lang='lat' dir='ltr'><strong>cum</strong></span> 
     </span>
    </p>
   </div>
   <div class='ocr_carea' id='block_1_30' title="bbox 624 2980 2187 3057">
    <p class='ocr_par' dir='ltr' id='par_1_30' title="bbox 624 2980 2187 3057">
     <span class='ocr_line' id='line_1_30' title="bbox 624 2980 2187 3057; baseline 0.004 -22"><span class='ocrx_word' id='word_1_194' title='bbox 624 2980 862 3047; x_wconf 71' lang='lat' dir='ltr'><strong>fecisset,</strong></span> <span class='ocrx_word' id='word_1_195' title='bbox 897 2985 1158 3041; x_wconf 82' lang='lat' dir='ltr'><strong>avunculo</strong></span> <span class='ocrx_word' id='word_1_196' title='bbox 1181 2985 1536 3057; x_wconf 88' lang='lat' dir='ltr'><strong>signiﬁcavit,</strong></span> <span class='ocrx_word' id='word_1_197' title='bbox 1579 2987 1667 3056; x_wconf 91' lang='lat' dir='ltr'><strong>qui</strong></span> <span class='ocrx_word' id='word_1_198' title='bbox 1703 2995 1893 3041; x_wconf 91' lang='lat' dir='ltr'><strong>contra</strong></span> <span class='ocrx_word' id='word_1_199' title='bbox 1918 3002 2039 3042; x_wconf 94' lang='lat' dir='ltr'><strong>eum</strong></span> <span class='ocrx_word' id='word_1_200' title='bbox 2073 3001 2187 3041; x_wconf 89' lang='lat' dir='ltr'><strong>ma-</strong></span> 
     </span>
    </p>
   </div>
   <div class='ocr_carea' id='block_1_31' title="bbox 625 3073 2183 3145">
    <p class='ocr_par' dir='ltr' id='par_1_31' title="bbox 625 3073 2183 3145">
     <span class='ocr_line' id='line_1_31' title="bbox 625 3073 2183 3145; baseline 0.003 -20"><span class='ocrx_word' id='word_1_201' title='bbox 625 3086 859 3142; x_wconf 89' lang='lat' dir='ltr'><strong>gnopere</strong></span> <span class='ocrx_word' id='word_1_202' title='bbox 908 3073 1212 3143; x_wconf 84' lang='lat' dir='ltr'><strong>indignatus</strong></span> <span class='ocrx_word' id='word_1_203' title='bbox 1256 3095 1269 3129; x_wconf 74' lang='grc' dir='ltr'>ε</span> <span class='ocrx_word' id='word_1_204' title='bbox 1320 3074 1644 3142; x_wconf 87' lang='lat' dir='ltr'><strong>Noluissem,</strong></span> <span class='ocrx_word' id='word_1_205' title='bbox 1701 3077 1897 3145; x_wconf 89' lang='lat' dir='ltr'><strong>inquit,</strong></span> <span class='ocrx_word' id='word_1_206' title='bbox 1930 3087 1991 3132; x_wconf 93' lang='lat' dir='ltr'><strong>ut</strong></span> <span class='ocrx_word' id='word_1_207' title='bbox 2035 3077 2183 3131; x_wconf 92' lang='lat' dir='ltr'><strong>illum</strong></span> 
     </span>
    </p>
   </div>
   <div class='ocr_carea' id='block_1_32' title="bbox 2281 601 3853 675">
    <p class='ocr_par' dir='ltr' id='par_1_32' title="bbox 2281 601 3853 675">
     <span class='ocr_line' id='line_1_32' title="bbox 2281 601 3853 675; baseline -0.004 -12"><span class='ocrx_word' id='word_1_208' title='bbox 2281 608 2425 663; x_wconf 91' lang='lat' dir='ltr'><strong>enim</strong></span> <span class='ocrx_word' id='word_1_209' title='bbox 2458 620 2575 660; x_wconf 89' lang='lat' dir='ltr'><strong>eam</strong></span> <span class='ocrx_word' id='word_1_210' title='bbox 2603 601 2971 675; x_wconf 89' lang='lat' dir='ltr'><strong>eognovisses,</strong></span> <span class='ocrx_word' id='word_1_211' title='bbox 3008 609 3099 656; x_wconf 90' lang='lat' dir='ltr'><strong>aut</strong></span> <span class='ocrx_word' id='word_1_212' title='bbox 3138 601 3323 656; x_wconf 91' lang='lat' dir='ltr'><strong>animo</strong></span> <span class='ocrx_word' id='word_1_213' title='bbox 3345 601 3667 669; x_wconf 83' lang='lat' dir='ltr'><strong>complexus</strong></span> <span class='ocrx_word' id='word_1_214' title='bbox 3686 614 3853 666; x_wconf 84' lang='lat' dir='ltr'><strong>esses,</strong></span> 
     </span>
    </p>
   </div>
   <div class='ocr_carea' id='block_1_33' title="bbox 2281 691 3859 767">
    <p class='ocr_par' dir='ltr' id='par_1_33' title="bbox 2281 691 3859 767">
     <span class='ocr_line' id='line_1_33' title="bbox 2281 691 3859 767; baseline -0.003 -15"><span class='ocrx_word' id='word_1_215' title='bbox 2281 713 2552 767; x_wconf 92' lang='lat' dir='ltr'><strong>nunquam</strong></span> <span class='ocrx_word' id='word_1_216' title='bbox 2585 695 2895 765; x_wconf 85' lang='lat' dir='ltr'><strong>abjecisses.</strong></span> <span class='ocrx_word' id='word_1_217' title='bbox 2924 695 3217 764; x_wconf 88' lang='lat' dir='ltr'><strong>Imperator</strong></span> <span class='ocrx_word' id='word_1_218' title='bbox 3238 693 3411 747; x_wconf 89' lang='lat' dir='ltr'><strong>dixit:</strong></span> <span class='ocrx_word' id='word_1_219' title='bbox 3435 691 3664 762; x_wconf 91' lang='lat' dir='ltr'><strong>Oportet</strong></span> <span class='ocrx_word' id='word_1_220' title='bbox 3687 700 3748 747; x_wconf 91' lang='lat' dir='ltr'><strong>ut</strong></span> <span class='ocrx_word' id='word_1_221' title='bbox 3763 707 3859 748; x_wconf 88' lang='lat' dir='ltr'><strong>vos</strong></span> 
     </span>
    </p>
   </div>
   <div class='ocr_carea' id='block_1_34' title="bbox 2283 783 3858 857">
    <p class='ocr_par' dir='ltr' id='par_1_34' title="bbox 2283 783 3858 857">
     <span class='ocr_line' id='line_1_34' title="bbox 2283 783 3858 857; baseline -0.004 -12"><span class='ocrx_word' id='word_1_222' title='bbox 2283 790 2517 846; x_wconf 88' lang='lat' dir='ltr'><strong>detineri</strong></span> <span class='ocrx_word' id='word_1_223' title='bbox 2556 789 2608 843; x_wconf 93' lang='lat' dir='ltr'><strong>in</strong></span> <span class='ocrx_word' id='word_1_224' title='bbox 2649 787 2880 843; x_wconf 90' lang='lat' dir='ltr'><strong>vinculis</strong></span> <span class='ocrx_word' id='word_1_225' title='bbox 2907 786 3151 857; x_wconf 80' lang='lat' dir='ltr'><strong>iubeam,</strong></span> <span class='ocrx_word' id='word_1_226' title='bbox 3192 785 3370 841; x_wconf 91' lang='lat' dir='ltr'><strong>donec</strong></span> <span class='ocrx_word' id='word_1_227' title='bbox 3405 785 3475 839; x_wconf 90' lang='lat' dir='ltr'><strong>ab</strong></span> <span class='ocrx_word' id='word_1_228' title='bbox 3517 783 3858 854; x_wconf 81' lang='lat' dir='ltr'><strong>expeditione</strong></span> 
     </span>
    </p>
   </div>
   <div class='ocr_carea' id='block_1_35' title="bbox 2290 874 3859 947">
    <p class='ocr_par' dir='ltr' id='par_1_35' title="bbox 2290 874 3859 947">
     <span class='ocr_line' id='line_1_35' title="bbox 2290 874 3859 947; baseline -0.004 -12"><span class='ocrx_word' id='word_1_229' title='bbox 2290 880 2506 935; x_wconf 80' lang='lat' dir='ltr'><strong>Persica</strong></span> <span class='ocrx_word' id='word_1_230' title='bbox 2542 878 2808 943; x_wconf 86' lang='lat' dir='ltr'><strong>redivero,</strong></span> <span class='ocrx_word' id='word_1_231' title='bbox 2839 888 2894 932; x_wconf 94' lang='lat' dir='ltr'><strong>et</strong></span> <span class='ocrx_word' id='word_1_232' title='bbox 2917 876 3305 947; x_wconf 86' lang='lat' dir='ltr'><strong>exspectabitis</strong></span> <span class='ocrx_word' id='word_1_233' title='bbox 3325 874 3691 945; x_wconf 87' lang='lat' dir='ltr'><strong>quodcunque</strong></span> <span class='ocrx_word' id='word_1_234' title='bbox 3711 874 3859 929; x_wconf 81' lang='lat' dir='ltr'><strong>dein-</strong></span> 
     </span>
    </p>
   </div>
   <div class='ocr_carea' id='block_1_36' title="bbox 2286 964 3859 1040">
    <p class='ocr_par' dir='ltr' id='par_1_36' title="bbox 2286 964 3859 1040">
     <span class='ocr_line' id='line_1_36' title="bbox 2286 964 3859 1040; baseline -0.005 -13"><span class='ocrx_word' id='word_1_235' title='bbox 2286 986 2414 1040; x_wconf 91' lang='lat' dir='ltr'><strong>ceps</strong></span> <span class='ocrx_word' id='word_1_236' title='bbox 2436 968 2698 1024; x_wconf 88' lang='lat' dir='ltr'><strong>futurum.</strong></span> <span class='ocrx_word' id='word_1_237' title='bbox 2733 968 2875 1023; x_wconf 86' lang='lat' dir='ltr'><strong>Dixit</strong></span> <span class='ocrx_word' id='word_1_238' title='bbox 2906 977 2960 1022; x_wconf 92' lang='lat' dir='ltr'><strong>et</strong></span> <span class='ocrx_word' id='word_1_239' title='bbox 2988 966 3219 1023; x_wconf 87' lang='lat' dir='ltr'><strong>Basilius</strong></span> <span class='ocrx_word' id='word_1_240' title='bbox 3250 983 3265 1021; x_wconf 90' lang='lat'>:</span> <span class='ocrx_word' id='word_1_241' title='bbox 3296 965 3352 1022; x_wconf 89' lang='lat' dir='ltr'><strong>Si</strong></span> <span class='ocrx_word' id='word_1_242' title='bbox 3382 964 3777 1037; x_wconf 88' lang='lat' dir='ltr'><strong>proﬁciscaris,</strong></span> <span class='ocrx_word' id='word_1_243' title='bbox 3807 974 3859 1021; x_wconf 88' lang='lat' dir='ltr'><strong>et</strong></span> 
     </span>
    </p>
   </div>
   <div class='ocr_carea' id='block_1_37' title="bbox 2288 1055 3853 1126">
    <p class='ocr_par' dir='ltr' id='par_1_37' title="bbox 2288 1055 3853 1126">
     <span class='ocr_line' id='line_1_37' title="bbox 2288 1055 3853 1126; baseline -0.004 -9"><span class='ocrx_word' id='word_1_244' title='bbox 2288 1062 2571 1126; x_wconf 89' lang='lat' dir='ltr'><strong>rediveris,</strong></span> <span class='ocrx_word' id='word_1_245' title='bbox 2596 1062 2738 1117; x_wconf 88' lang='lat' dir='ltr'><strong>Deus</strong></span> <span class='ocrx_word' id='word_1_246' title='bbox 2778 1063 2831 1115; x_wconf 91' lang='lat' dir='ltr'><strong>in</strong></span> <span class='ocrx_word' id='word_1_247' title='bbox 2874 1074 2961 1115; x_wconf 88' lang='lat' dir='ltr'><strong>me</strong></span> <span class='ocrx_word' id='word_1_248' title='bbox 2992 1060 3197 1115; x_wconf 82' lang='lat' dir='ltr'><strong>locutus</strong></span> <span class='ocrx_word' id='word_1_249' title='bbox 3225 1067 3462 1114; x_wconf 90' lang='lat' dir='ltr'><strong>nonest.</strong></span> <span class='ocrx_word' id='word_1_250' title='bbox 3500 1057 3745 1111; x_wconf 87' lang='lat' dir='ltr'><strong>Tandem</strong></span> <span class='ocrx_word' id='word_1_251' title='bbox 3776 1055 3853 1111; x_wconf 68' lang='lat' dir='ltr'><strong>Ju«</strong></span> 
     </span>
    </p>
   </div>
   <div class='ocr_carea' id='block_1_38' title="bbox 2284 1148 3859 1224">
    <p class='ocr_par' dir='ltr' id='par_1_38' title="bbox 2284 1148 3859 1224">
     <span class='ocr_line' id='line_1_38' title="bbox 2284 1148 3859 1224; baseline -0.004 -14"><span class='ocrx_word' id='word_1_252' title='bbox 2284 1155 2509 1211; x_wconf 88' lang='lat' dir='ltr'><strong>Iianus:</strong></span> <span class='ocrx_word' id='word_1_253' title='bbox 2576 1153 2735 1222; x_wconf 87' lang='lat' dir='ltr'><strong>Quid,</strong></span> <span class='ocrx_word' id='word_1_254' title='bbox 2769 1154 2963 1224; x_wconf 91' lang='lat' dir='ltr'><strong>inquit,</strong></span> <span class='ocrx_word' id='word_1_255' title='bbox 3017 1152 3209 1208; x_wconf 81' lang='lat' dir='ltr'><strong>faciam</strong></span> <span class='ocrx_word' id='word_1_256' title='bbox 3277 1154 3533 1206; x_wconf 88' lang='lat' dir='ltr'><strong>adversus</strong></span> <span class='ocrx_word' id='word_1_257' title='bbox 3579 1148 3859 1205; x_wconf 68' lang='lat' dir='ltr'><strong>Galilaanm</strong></span> 
     </span>
    </p>
   </div>
   <div class='ocr_carea' id='block_1_39' title="bbox 2286 1239 3858 1310">
    <p class='ocr_par' dir='ltr' id='par_1_39' title="bbox 2286 1239 3858 1310">
     <span class='ocr_line' id='line_1_39' title="bbox 2286 1239 3858 1310; baseline -0.004 -10"><span class='ocrx_word' id='word_1_258' title='bbox 2286 1246 2448 1300; x_wconf 91' lang='lat' dir='ltr'><strong>istum</strong></span> <span class='ocrx_word' id='word_1_259' title='bbox 2504 1245 2840 1308; x_wconf 91' lang='lat' dir='ltr'><strong>mendacem,</strong></span> <span class='ocrx_word' id='word_1_260' title='bbox 2898 1244 2989 1299; x_wconf 89' lang='lat' dir='ltr'><strong>oui</strong></span> <span class='ocrx_word' id='word_1_261' title='bbox 3033 1243 3213 1297; x_wconf 86' lang='lat' dir='ltr'><strong>dixit:</strong></span> <span class='ocrx_word' id='word_1_262' title='bbox 3257 1242 3543 1296; x_wconf 88' lang='lat' dir='ltr'><strong>Destruam</strong></span> <span class='ocrx_word' id='word_1_263' title='bbox 3601 1239 3858 1310; x_wconf 86' lang='lat' dir='ltr'><strong>templum</strong></span> 
     </span>
    </p>
   </div>
   <div class='ocr_carea' id='block_1_40' title="bbox 2284 1332 3861 1408">
    <p class='ocr_par' dir='ltr' id='par_1_40' title="bbox 2284 1332 3861 1408">
     <span class='ocr_line' id='line_1_40' title="bbox 2284 1332 3861 1408; baseline -0.003 -17"><span class='ocrx_word' id='word_1_264' title='bbox 2284 1338 2427 1408; x_wconf 92' lang='lat' dir='ltr'><strong>quod</strong></span> <span class='ocrx_word' id='word_1_265' title='bbox 2460 1335 2633 1393; x_wconf 75' lang='lat' dir='ltr'><strong>Judzei</strong></span> <span class='ocrx_word' id='word_1_266' title='bbox 2664 1335 3105 1391; x_wconf 74' lang='lat' dir='ltr'><strong>aediﬁcaverunt?</strong></span> <span class='ocrx_word' id='word_1_267' title='bbox 3146 1334 3427 1391; x_wconf 73' lang='lat' dir='ltr'><strong>aediﬁcabo</strong></span> <span class='ocrx_word' id='word_1_268' title='bbox 3463 1333 3681 1391; x_wconf 86' lang='lat' dir='ltr'><strong>scilicet</strong></span> <span class='ocrx_word' id='word_1_269' title='bbox 3734 1332 3861 1387; x_wconf 91' lang='lat' dir='ltr'><strong>illud</strong></span> 
     </span>
    </p>
   </div>
   <div class='ocr_carea' id='block_1_41' title="bbox 2288 1422 3859 1499">
    <p class='ocr_par' dir='ltr' id='par_1_41' title="bbox 2288 1422 3859 1499">
     <span class='ocr_line' id='line_1_41' title="bbox 2288 1422 3859 1499; baseline -0.003 -17"><span class='ocrx_word' id='word_1_270' title='bbox 2288 1429 2433 1499; x_wconf 88' lang='lat' dir='ltr'><strong>regia</strong></span> <span class='ocrx_word' id='word_1_271' title='bbox 2468 1428 2889 1497; x_wconf 87' lang='lat' dir='ltr'><strong>magniﬁcentia,</strong></span> <span class='ocrx_word' id='word_1_272' title='bbox 2923 1437 3085 1495; x_wconf 89' lang='lat' dir='ltr'><strong>atque</strong></span> <span class='ocrx_word' id='word_1_273' title='bbox 3130 1425 3204 1479; x_wconf 87' lang='lat' dir='ltr'><strong>ita</strong></span> <span class='ocrx_word' id='word_1_274' title='bbox 3240 1425 3530 1493; x_wconf 91' lang='lat' dir='ltr'><strong>unicuique</strong></span> <span class='ocrx_word' id='word_1_275' title='bbox 3574 1422 3859 1479; x_wconf 86' lang='lat' dir='ltr'><strong>manifesta</strong></span> 
     </span>
    </p>
   </div>
   <div class='ocr_carea' id='block_1_42' title="bbox 2286 1514 3860 1586">
    <p class='ocr_par' dir='ltr' id='par_1_42' title="bbox 2286 1514 3860 1586">
     <span class='ocr_line' id='line_1_42' title="bbox 2286 1514 3860 1586; baseline -0.005 -12"><span class='ocrx_word' id='word_1_276' title='bbox 2286 1520 2389 1574; x_wconf 91' lang='lat' dir='ltr'><strong>erit</strong></span> <span class='ocrx_word' id='word_1_277' title='bbox 2416 1519 2627 1573; x_wconf 85' lang='lat' dir='ltr'><strong>falsitas</strong></span> <span class='ocrx_word' id='word_1_278' title='bbox 2660 1518 2777 1586; x_wconf 86' lang='lat' dir='ltr'><strong>ejus</strong></span> <span class='ocrx_word' id='word_1_279' title='bbox 2810 1534 2824 1569; x_wconf 89' lang='lat'><strong>:</strong></span> <span class='ocrx_word' id='word_1_280' title='bbox 2854 1518 2991 1572; x_wconf 81' lang='lat' dir='ltr'><strong>dixit</strong></span> <span class='ocrx_word' id='word_1_281' title='bbox 3012 1517 3151 1571; x_wconf 89' lang='lat' dir='ltr'><strong>enim</strong></span> <span class='ocrx_word' id='word_1_282' title='bbox 3181 1532 3284 1571; x_wconf 91' lang='lat' dir='ltr'><strong>non</strong></span> <span class='ocrx_word' id='word_1_283' title='bbox 3324 1514 3555 1584; x_wconf 88' lang='lat' dir='ltr'><strong>amplius</strong></span> <span class='ocrx_word' id='word_1_284' title='bbox 3586 1514 3860 1568; x_wconf 63' lang='lat' dir='ltr'><strong>aediﬁcan-</strong></span> 
     </span>
    </p>
   </div>
   <div class='ocr_carea' id='block_1_43' title="bbox 2287 1604 3861 1679">
    <p class='ocr_par' dir='ltr' id='par_1_43' title="bbox 2287 1604 3861 1679">
     <span class='ocr_line' id='line_1_43' title="bbox 2287 1604 3861 1679; baseline -0.003 -15"><span class='ocrx_word' id='word_1_285' title='bbox 2287 1612 2413 1665; x_wconf 91' lang='lat' dir='ltr'><strong>dum</strong></span> <span class='ocrx_word' id='word_1_286' title='bbox 2453 1610 2586 1665; x_wconf 83' lang='lat' dir='ltr'><strong>fore.</strong></span> <span class='ocrx_word' id='word_1_287' title='bbox 2619 1608 2813 1665; x_wconf 86' lang='lat' dir='ltr'><strong>Postea</strong></span> <span class='ocrx_word' id='word_1_288' title='bbox 2846 1610 3078 1679; x_wconf 84' lang='lat' dir='ltr'><strong>conjecit</strong></span> <span class='ocrx_word' id='word_1_289' title='bbox 3128 1609 3179 1663; x_wconf 94' lang='lat' dir='ltr'><strong>in</strong></span> <span class='ocrx_word' id='word_1_290' title='bbox 3209 1622 3483 1661; x_wconf 89' lang='lat' dir='ltr'><strong>carcerem</strong></span> <span class='ocrx_word' id='word_1_291' title='bbox 3515 1604 3781 1661; x_wconf 91' lang='lat' dir='ltr'><strong>Basilium</strong></span> <span class='ocrx_word' id='word_1_292' title='bbox 3812 1614 3861 1659; x_wconf 93' lang='lat' dir='ltr'><strong>et</strong></span> 
     </span>
    </p>
   </div>
   <div class='ocr_carea' id='block_1_44' title="bbox 2287 1697 3859 1772">
    <p class='ocr_par' dir='ltr' id='par_1_44' title="bbox 2287 1697 3859 1772">
     <span class='ocr_line' id='line_1_44' title="bbox 2287 1697 3859 1772; baseline -0.004 -15"><span class='ocrx_word' id='word_1_293' title='bbox 2287 1703 2421 1759; x_wconf 91' lang='lat' dir='ltr'><strong>duos</strong></span> <span class='ocrx_word' id='word_1_294' title='bbox 2442 1702 2535 1772; x_wconf 91' lang='lat' dir='ltr'><strong>qui</strong></span> <span class='ocrx_word' id='word_1_295' title='bbox 2571 1718 2693 1759; x_wconf 87' lang='lat' dir='ltr'><strong>cum</strong></span> <span class='ocrx_word' id='word_1_296' title='bbox 2720 1717 2783 1757; x_wconf 89' lang='lat' dir='ltr'><strong>eo</strong></span> <span class='ocrx_word' id='word_1_297' title='bbox 2808 1711 3090 1767; x_wconf 89' lang='lat' dir='ltr'><strong>venerant,</strong></span> <span class='ocrx_word' id='word_1_298' title='bbox 3107 1710 3160 1756; x_wconf 92' lang='lat' dir='ltr'><strong>et</strong></span> <span class='ocrx_word' id='word_1_299' title='bbox 3181 1701 3233 1754; x_wconf 92' lang='lat' dir='ltr'><strong>in</strong></span> <span class='ocrx_word' id='word_1_300' title='bbox 3268 1698 3557 1754; x_wconf 89' lang='lat' dir='ltr'><strong>Persarum</strong></span> <span class='ocrx_word' id='word_1_301' title='bbox 3588 1697 3859 1766; x_wconf 86' lang='lat' dir='ltr'><strong>regionem</strong></span> 
     </span>
    </p>
   </div>
   <div class='ocr_carea' id='block_1_45' title="bbox 2287 1789 3859 1866">
    <p class='ocr_par' dir='ltr' id='par_1_45' title="bbox 2287 1789 3859 1866">
     <span class='ocr_line' id='line_1_45' title="bbox 2287 1789 3859 1866; baseline -0.005 -17"><span class='ocrx_word' id='word_1_302' title='bbox 2287 1796 2585 1866; x_wconf 84' lang='lat' dir='ltr'><strong>profectus,</strong></span> <span class='ocrx_word' id='word_1_303' title='bbox 2614 1796 2865 1850; x_wconf 85' lang='lat' dir='ltr'><strong>transivit</strong></span> <span class='ocrx_word' id='word_1_304' title='bbox 2904 1810 3000 1865; x_wconf 89' lang='lat' dir='ltr'><strong>per</strong></span> <span class='ocrx_word' id='word_1_305' title='bbox 3026 1792 3475 1863; x_wconf 81' lang='lat' dir='ltr'><strong>Hierosolymam.</strong></span> <span class='ocrx_word' id='word_1_306' title='bbox 3517 1790 3595 1844; x_wconf 91' lang='lat' dir='ltr'><strong>Ibi</strong></span> <span class='ocrx_word' id='word_1_307' title='bbox 3631 1804 3756 1845; x_wconf 85' lang='lat' dir='ltr'><strong>cum</strong></span> <span class='ocrx_word' id='word_1_308' title='bbox 3782 1789 3859 1842; x_wconf 87' lang='lat' dir='ltr'><strong>vi-</strong></span> 
     </span>
    </p>
   </div>
   <div class='ocr_carea' id='block_1_46' title="bbox 2291 1879 3861 1957">
    <p class='ocr_par' dir='ltr' id='par_1_46' title="bbox 2291 1879 3861 1957">
     <span class='ocr_line' id='line_1_46' title="bbox 2291 1879 3861 1957; baseline -0.003 -17"><span class='ocrx_word' id='word_1_309' title='bbox 2291 1887 2460 1941; x_wconf 91' lang='lat' dir='ltr'><strong>disset</strong></span> <span class='ocrx_word' id='word_1_310' title='bbox 2511 1887 2770 1957; x_wconf 89' lang='lat' dir='ltr'><strong>templum</strong></span> <span class='ocrx_word' id='word_1_311' title='bbox 2810 1887 3162 1948; x_wconf 90' lang='lat' dir='ltr'><strong>destructum,</strong></span> <span class='ocrx_word' id='word_1_312' title='bbox 3206 1884 3339 1938; x_wconf 87' lang='lat' dir='ltr'><strong>adeo</strong></span> <span class='ocrx_word' id='word_1_313' title='bbox 3378 1891 3437 1937; x_wconf 92' lang='lat' dir='ltr'><strong>ut</strong></span> <span class='ocrx_word' id='word_1_314' title='bbox 3470 1882 3654 1936; x_wconf 88' lang='lat' dir='ltr'><strong>nullus</strong></span> <span class='ocrx_word' id='word_1_315' title='bbox 3689 1879 3861 1951; x_wconf 86' lang='lat' dir='ltr'><strong>paries</strong></span> 
     </span>
    </p>
   </div>
   <div class='ocr_carea' id='block_1_47' title="bbox 2288 1969 3860 2045">
    <p class='ocr_par' dir='ltr' id='par_1_47' title="bbox 2288 1969 3860 2045">
     <span class='ocr_line' id='line_1_47' title="bbox 2288 1969 3860 2045; baseline -0.004 -16"><span class='ocrx_word' id='word_1_316' title='bbox 2288 1976 2337 2029; x_wconf 92' lang='lat' dir='ltr'><strong>in</strong></span> <span class='ocrx_word' id='word_1_317' title='bbox 2368 1991 2432 2031; x_wconf 94' lang='lat' dir='ltr'><strong>eo</strong></span> <span class='ocrx_word' id='word_1_318' title='bbox 2461 1985 2766 2044; x_wconf 81' lang='lat' dir='ltr'><strong>superesset</strong></span> <span class='ocrx_word' id='word_1_319' title='bbox 2788 1992 2854 2032; x_wconf 75' lang='lat' dir='ltr'><strong>ex</strong></span> <span class='ocrx_word' id='word_1_320' title='bbox 2884 1990 2989 2045; x_wconf 91' lang='lat' dir='ltr'><strong>quo</strong></span> <span class='ocrx_word' id='word_1_321' title='bbox 3017 1973 3376 2043; x_wconf 83' lang='lat' dir='ltr'><strong>Vespasianus</strong></span> <span class='ocrx_word' id='word_1_322' title='bbox 3412 1973 3711 2040; x_wconf 88' lang='lat' dir='ltr'><strong>imperator</strong></span> <span class='ocrx_word' id='word_1_323' title='bbox 3736 1969 3860 2023; x_wconf 92' lang='lat' dir='ltr'><strong>illud</strong></span> 
     </span>
    </p>
   </div>
   <div class='ocr_carea' id='block_1_48' title="bbox 2286 2062 3863 2135">
    <p class='ocr_par' dir='ltr' id='par_1_48' title="bbox 2286 2062 3863 2135">
     <span class='ocr_line' id='line_1_48' title="bbox 2286 2062 3863 2135; baseline -0.004 -12"><span class='ocrx_word' id='word_1_324' title='bbox 2286 2067 2579 2130; x_wconf 82' lang='lat' dir='ltr'><strong>destruxit,</strong></span> <span class='ocrx_word' id='word_1_325' title='bbox 2620 2064 2940 2135; x_wconf 78' lang='lat' dir='ltr'><strong>Judaeosque</strong></span> <span class='ocrx_word' id='word_1_326' title='bbox 2973 2065 3206 2135; x_wconf 89' lang='lat' dir='ltr'><strong>perdidit</strong></span> <span class='ocrx_word' id='word_1_327' title='bbox 3236 2072 3288 2119; x_wconf 90' lang='lat' dir='ltr'><strong>ct</strong></span> <span class='ocrx_word' id='word_1_328' title='bbox 3327 2064 3380 2117; x_wconf 94' lang='lat' dir='ltr'><strong>in</strong></span> <span class='ocrx_word' id='word_1_329' title='bbox 3414 2064 3739 2117; x_wconf 78' lang='lat' dir='ltr'><strong>servitutem</strong></span> <span class='ocrx_word' id='word_1_330' title='bbox 3773 2062 3863 2116; x_wconf 89' lang='lat' dir='ltr'><strong>ad-</strong></span> 
     </span>
    </p>
   </div>
   <div class='ocr_carea' id='block_1_49' title="bbox 2286 2156 3857 2226">
    <p class='ocr_par' dir='ltr' id='par_1_49' title="bbox 2286 2156 3857 2226">
     <span class='ocr_line' id='line_1_49' title="bbox 2286 2156 3857 2226; baseline -0.004 -12"><span class='ocrx_word' id='word_1_331' title='bbox 2286 2159 2467 2225; x_wconf 81' lang='lat' dir='ltr'><strong>duxit;</strong></span> <span class='ocrx_word' id='word_1_332' title='bbox 2501 2157 2747 2213; x_wconf 90' lang='lat' dir='ltr'><strong>Julianus</strong></span> <span class='ocrx_word' id='word_1_333' title='bbox 2779 2174 2907 2214; x_wconf 91' lang='lat' dir='ltr'><strong>vero</strong></span> <span class='ocrx_word' id='word_1_334' title='bbox 2928 2157 3108 2226; x_wconf 92' lang='lat' dir='ltr'><strong>jussit,</strong></span> <span class='ocrx_word' id='word_1_335' title='bbox 3142 2168 3199 2210; x_wconf 93' lang='lat' dir='ltr'><strong>ut</strong></span> <span class='ocrx_word' id='word_1_336' title='bbox 3231 2158 3346 2213; x_wconf 92' lang='lat' dir='ltr'><strong>loco</strong></span> <span class='ocrx_word' id='word_1_337' title='bbox 3371 2156 3633 2211; x_wconf 91' lang='lat' dir='ltr'><strong>mundato</strong></span> <span class='ocrx_word' id='word_1_338' title='bbox 3664 2170 3857 2209; x_wconf 86' lang='lat' dir='ltr'><strong>novum</strong></span> 
     </span>
    </p>
   </div>
   <div class='ocr_carea' id='block_1_50' title="bbox 2286 2244 3861 2316">
    <p class='ocr_par' dir='ltr' id='par_1_50' title="bbox 2286 2244 3861 2316">
     <span class='ocr_line' id='line_1_50' title="bbox 2286 2244 3861 2316; baseline -0.002 -15"><span class='ocrx_word' id='word_1_339' title='bbox 2286 2247 2572 2301; x_wconf 80' lang='lat' dir='ltr'><strong>aediﬁcium</strong></span> <span class='ocrx_word' id='word_1_340' title='bbox 2606 2256 3027 2303; x_wconf 90' lang='lat' dir='ltr'><strong>construeretur.</strong></span> <span class='ocrx_word' id='word_1_341' title='bbox 3051 2246 3119 2302; x_wconf 84' lang='lat' dir='ltr'><strong>Et</strong></span> <span class='ocrx_word' id='word_1_342' title='bbox 3138 2247 3413 2316; x_wconf 82' lang='lat' dir='ltr'><strong>prolectus</strong></span> <span class='ocrx_word' id='word_1_343' title='bbox 3433 2257 3537 2310; x_wconf 87' lang='lat' dir='ltr'><strong>est,</strong></span> <span class='ocrx_word' id='word_1_344' title='bbox 3565 2246 3760 2300; x_wconf 90' lang='lat' dir='ltr'><strong>relicto</strong></span> <span class='ocrx_word' id='word_1_345' title='bbox 3776 2244 3861 2313; x_wconf 89' lang='lat' dir='ltr'><strong>qni</strong></span> 
     </span>
    </p>
   </div>
   <div class='ocr_carea' id='block_1_51' title="bbox 2286 2338 3862 2411">
    <p class='ocr_par' dir='ltr' id='par_1_51' title="bbox 2286 2338 3862 2411">
     <span class='ocr_line' id='line_1_51' title="bbox 2286 2338 3862 2411; baseline -0.003 -17"><span class='ocrx_word' id='word_1_346' title='bbox 2286 2341 2432 2408; x_wconf 87' lang='lat' dir='ltr'><strong>operi</strong></span> <span class='ocrx_word' id='word_1_347' title='bbox 2465 2348 2748 2408; x_wconf 64' lang='lat' dir='ltr'><strong>praeesset;</strong></span> <span class='ocrx_word' id='word_1_348' title='bbox 2790 2340 2877 2395; x_wconf 90' lang='lat' dir='ltr'><strong>ille</strong></span> <span class='ocrx_word' id='word_1_349' title='bbox 2905 2340 3070 2411; x_wconf 75' lang='lat' dir='ltr'><strong>cmpit</strong></span> <span class='ocrx_word' id='word_1_350' title='bbox 3113 2341 3300 2394; x_wconf 89' lang='lat' dir='ltr'><strong>eodem</strong></span> <span class='ocrx_word' id='word_1_351' title='bbox 3336 2340 3386 2393; x_wconf 94' lang='lat' dir='ltr'><strong>in</strong></span> <span class='ocrx_word' id='word_1_352' title='bbox 3425 2339 3544 2395; x_wconf 91' lang='lat' dir='ltr'><strong>loco</strong></span> <span class='ocrx_word' id='word_1_353' title='bbox 3578 2338 3862 2394; x_wconf 74' lang='lat' dir='ltr'><strong>aediﬁcium</strong></span> 
     </span>
    </p>
   </div>
   <div class='ocr_carea' id='block_1_52' title="bbox 2290 2430 3860 2501">
    <p class='ocr_par' dir='ltr' id='par_1_52' title="bbox 2290 2430 3860 2501">
     <span class='ocr_line' id='line_1_52' title="bbox 2290 2430 3860 2501; baseline -0.002 -16"><span class='ocrx_word' id='word_1_354' title='bbox 2290 2431 2591 2485; x_wconf 89' lang='lat' dir='ltr'><strong>instaurare</strong></span> <span class='ocrx_word' id='word_1_355' title='bbox 2621 2450 2635 2488; x_wconf 88' lang='lat'><strong>:</strong></span> <span class='ocrx_word' id='word_1_356' title='bbox 2686 2446 2808 2485; x_wconf 89' lang='lat' dir='ltr'><strong>nam</strong></span> <span class='ocrx_word' id='word_1_357' title='bbox 2837 2432 2988 2485; x_wconf 84' lang='lat' dir='ltr'><strong>ruina</strong></span> <span class='ocrx_word' id='word_1_358' title='bbox 3016 2431 3194 2501; x_wconf 92' lang='lat' dir='ltr'><strong>templi</strong></span> <span class='ocrx_word' id='word_1_359' title='bbox 3233 2431 3354 2485; x_wconf 89' lang='lat' dir='ltr'><strong>talis</strong></span> <span class='ocrx_word' id='word_1_360' title='bbox 3380 2441 3499 2485; x_wconf 89' lang='lat' dir='ltr'><strong>erat</strong></span> <span class='ocrx_word' id='word_1_361' title='bbox 3547 2439 3609 2486; x_wconf 93' lang='lat' dir='ltr'><strong>ut</strong></span> <span class='ocrx_word' id='word_1_362' title='bbox 3651 2445 3719 2484; x_wconf 93' lang='lat' dir='ltr'><strong>ne</strong></span> <span class='ocrx_word' id='word_1_363' title='bbox 3748 2430 3860 2498; x_wconf 65' lang='lat' dir='ltr'><strong>qui-</strong></span> 
     </span>
    </p>
   </div>
   <div class='ocr_carea' id='block_1_53' title="bbox 2287 2518 3861 2590">
    <p class='ocr_par' dir='ltr' id='par_1_53' title="bbox 2287 2518 3861 2590">
     <span class='ocr_line' id='line_1_53' title="bbox 2287 2518 3861 2590; baseline -0.003 -15"><span class='ocrx_word' id='word_1_364' title='bbox 2287 2520 2409 2575; x_wconf 88' lang='lat' dir='ltr'><strong>dem</strong></span> <span class='ocrx_word' id='word_1_365' title='bbox 2450 2520 2669 2576; x_wconf 91' lang='lat' dir='ltr'><strong>relictus</strong></span> <span class='ocrx_word' id='word_1_366' title='bbox 2717 2530 2858 2576; x_wconf 91' lang='lat' dir='ltr'><strong>esset</strong></span> <span class='ocrx_word' id='word_1_367' title='bbox 2907 2521 3043 2589; x_wconf 91' lang='lat' dir='ltr'><strong>lapis</strong></span> <span class='ocrx_word' id='word_1_368' title='bbox 3089 2535 3250 2590; x_wconf 89' lang='lat' dir='ltr'><strong>super</strong></span> <span class='ocrx_word' id='word_1_369' title='bbox 3275 2519 3528 2590; x_wconf 90' lang='lat' dir='ltr'><strong>lapidem,</strong></span> <span class='ocrx_word' id='word_1_370' title='bbox 3560 2520 3707 2575; x_wconf 90' lang='lat' dir='ltr'><strong>sicut</strong></span> <span class='ocrx_word' id='word_1_371' title='bbox 3736 2518 3861 2573; x_wconf 87' lang='lat' dir='ltr'><strong>dicit</strong></span> 
     </span>
    </p>
   </div>
   <div class='ocr_carea' id='block_1_54' title="bbox 2289 2610 3861 2682">
    <p class='ocr_par' dir='ltr' id='par_1_54' title="bbox 2289 2610 3861 2682">
     <span class='ocr_line' id='line_1_54' title="bbox 2289 2610 3861 2682; baseline -0.001 -18"><span class='ocrx_word' id='word_1_372' title='bbox 2289 2610 2634 2682; x_wconf 85' lang='lat' dir='ltr'><strong>Evangelium</strong></span> <span class='ocrx_word' id='word_1_373' title='bbox 2663 2622 2907 2667; x_wconf 88' lang='lat' dir='ltr'><strong>sanctum</strong></span> <span class='ocrx_word' id='word_1_374' title='bbox 2947 2612 2987 2665; x_wconf 74' lang='grc' dir='ltr'><strong>ί.</strong></span> <span class='ocrx_word' id='word_1_375' title='bbox 3037 2611 3299 2679; x_wconf 66' lang='lat' dir='ltr'><strong>Praaccpit</strong></span> <span class='ocrx_word' id='word_1_376' title='bbox 3336 2612 3521 2679; x_wconf 90' lang='lat' dir='ltr'><strong>itaque</strong></span> <span class='ocrx_word' id='word_1_377' title='bbox 3568 2625 3771 2666; x_wconf 76' lang='lat' dir='ltr'><strong>novum</strong></span> <span class='ocrx_word' id='word_1_378' title='bbox 3796 2624 3861 2663; x_wconf 83' lang='lat' dir='ltr'><strong>ex</strong></span> 
     </span>
    </p>
   </div>
   <div class='ocr_carea' id='block_1_55' title="bbox 2292 2697 3861 2775">
    <p class='ocr_par' dir='ltr' id='par_1_55' title="bbox 2292 2697 3861 2775">
     <span class='ocr_line' id='line_1_55' title="bbox 2292 2697 3861 2775; baseline 0 -18"><span class='ocrx_word' id='word_1_379' title='bbox 2292 2704 2505 2775; x_wconf 89' lang='lat' dir='ltr'><strong>integro</strong></span> <span class='ocrx_word' id='word_1_380' title='bbox 2529 2704 2815 2758; x_wconf 68' lang='lat' dir='ltr'><strong>aediﬁcium</strong></span> <span class='ocrx_word' id='word_1_381' title='bbox 2851 2702 3100 2768; x_wconf 88' lang='lat' dir='ltr'><strong>excitari,</strong></span> <span class='ocrx_word' id='word_1_382' title='bbox 3138 2704 3383 2774; x_wconf 90' lang='lat' dir='ltr'><strong>cogitans</strong></span> <span class='ocrx_word' id='word_1_383' title='bbox 3407 2697 3669 2771; x_wconf 88' lang='lat' dir='ltr'><strong>templum</strong></span> <span class='ocrx_word' id='word_1_384' title='bbox 3700 2702 3861 2758; x_wconf 82' lang='lat' dir='ltr'><strong>idolo-</strong></span> 
     </span>
    </p>
   </div>
   <div class='ocr_carea' id='block_1_56' title="bbox 2292 2794 3859 2865">
    <p class='ocr_par' dir='ltr' id='par_1_56' title="bbox 2292 2794 3859 2865">
     <span class='ocr_line' id='line_1_56' title="bbox 2292 2794 3859 2865; baseline -0.001 -15"><span class='ocrx_word' id='word_1_385' title='bbox 2292 2812 2406 2850; x_wconf 91' lang='lat' dir='ltr'><strong>rum</strong></span> <span class='ocrx_word' id='word_1_386' title='bbox 2434 2795 2561 2850; x_wconf 91' lang='lat' dir='ltr'><strong>illud</strong></span> <span class='ocrx_word' id='word_1_387' title='bbox 2590 2794 2785 2849; x_wconf 85' lang='lat' dir='ltr'><strong>facere.</strong></span> <span class='ocrx_word' id='word_1_388' title='bbox 2811 2794 3058 2865; x_wconf 90' lang='lat' dir='ltr'><strong>Operarii</strong></span> <span class='ocrx_word' id='word_1_389' title='bbox 3094 2804 3205 2849; x_wconf 87' lang='lat' dir='ltr'><strong>toto</strong></span> <span class='ocrx_word' id='word_1_390' title='bbox 3239 2796 3325 2849; x_wconf 90' lang='lat' dir='ltr'><strong>die</strong></span> <span class='ocrx_word' id='word_1_391' title='bbox 3357 2809 3527 2863; x_wconf 90' lang='lat' dir='ltr'><strong>usque</strong></span> <span class='ocrx_word' id='word_1_392' title='bbox 3555 2795 3624 2849; x_wconf 92' lang='lat' dir='ltr'><strong>ad</strong></span> <span class='ocrx_word' id='word_1_393' title='bbox 3651 2803 3859 2850; x_wconf 88' lang='lat' dir='ltr'><strong>noctem</strong></span> 
     </span>
    </p>
   </div>
   <div class='ocr_carea' id='block_1_57' title="bbox 2290 2887 3861 2957">
    <p class='ocr_par' dir='ltr' id='par_1_57' title="bbox 2290 2887 3861 2957">
     <span class='ocr_line' id='line_1_57' title="bbox 2290 2887 3861 2957; baseline -0.001 -15"><span class='ocrx_word' id='word_1_394' title='bbox 2290 2887 2662 2942; x_wconf 67' lang='lat' dir='ltr'><strong>aediﬁcabant:</strong></span> <span class='ocrx_word' id='word_1_395' title='bbox 2693 2888 2954 2957; x_wconf 87' lang='lat' dir='ltr'><strong>postridie</strong></span> <span class='ocrx_word' id='word_1_396' title='bbox 2987 2904 3105 2943; x_wconf 85' lang='lat' dir='ltr'><strong>cu-n</strong></span> <span class='ocrx_word' id='word_1_397' title='bbox 3154 2897 3585 2952; x_wconf 84' lang='lat' dir='ltr'><strong>reverterentur,</strong></span> <span class='ocrx_word' id='word_1_398' title='bbox 3622 2887 3861 2941; x_wconf 87' lang='lat' dir='ltr'><strong>invenie-</strong></span> 
     </span>
    </p>
   </div>
   <div class='ocr_carea' id='block_1_58' title="bbox 2292 2979 3860 3052">
    <p class='ocr_par' dir='ltr' id='par_1_58' title="bbox 2292 2979 3860 3052">
     <span class='ocr_line' id='line_1_58' title="bbox 2292 2979 3860 3052; baseline -0.001 -17"><span class='ocrx_word' id='word_1_399' title='bbox 2292 2983 2420 3036; x_wconf 86' lang='lat' dir='ltr'><strong>bant</strong></span> <span class='ocrx_word' id='word_1_400' title='bbox 2468 2984 2827 3052; x_wconf 91' lang='lat' dir='ltr'><strong>quodcunque</strong></span> <span class='ocrx_word' id='word_1_401' title='bbox 2876 2982 3281 3037; x_wconf 67' lang='lat' dir='ltr'><strong>azdiﬁcaverant</strong></span> <span class='ocrx_word' id='word_1_402' title='bbox 3325 2979 3669 3036; x_wconf 89' lang='lat' dir='ltr'><strong>destructum</strong></span> <span class='ocrx_word' id='word_1_403' title='bbox 3705 2994 3860 3034; x_wconf 88' lang='lat' dir='ltr'><strong>manu</strong></span> 
     </span>
    </p>
   </div>
   <div class='ocr_carea' id='block_1_59' title="bbox 2294 3073 3859 3145">
    <p class='ocr_par' dir='ltr' id='par_1_59' title="bbox 2294 3073 3859 3145">
     <span class='ocr_line' id='line_1_59' title="bbox 2294 3073 3859 3145; baseline -0.001 -18"><span class='ocrx_word' id='word_1_404' title='bbox 2294 3073 2393 3128; x_wconf 89' lang='lat' dir='ltr'><strong>alia</strong></span> <span class='ocrx_word' id='word_1_405' title='bbox 2416 3090 2575 3145; x_wconf 90' lang='lat' dir='ltr'><strong>quam</strong></span> <span class='ocrx_word' id='word_1_406' title='bbox 2604 3076 2841 3132; x_wconf 86' lang='lat' dir='ltr'><strong>hominis</strong></span> <span class='ocrx_word' id='word_1_407' title='bbox 2881 3075 3017 3130; x_wconf 88' lang='lat' dir='ltr'><strong>:sed</strong></span> <span class='ocrx_word' id='word_1_408' title='bbox 3056 3075 3401 3143; x_wconf 87' lang='lat' dir='ltr'><strong>reperiebant</strong></span> <span class='ocrx_word' id='word_1_409' title='bbox 3440 3073 3686 3144; x_wconf 87' lang='lat' dir='ltr'><strong>parietes</strong></span> <span class='ocrx_word' id='word_1_410' title='bbox 3728 3073 3859 3127; x_wconf 89' lang='lat' dir='ltr'><strong>inte-</strong></span> 
     </span>
    </p>
   </div>
   <div class='ocr_carea' id='block_1_60' title="bbox 623 3162 3855 3256">
    <p class='ocr_par' dir='ltr' id='par_1_60' title="bbox 623 3162 3855 3256">
     <span class='ocr_line' id='line_1_60' title="bbox 623 3162 3855 3256; baseline 0.002 -41"><span class='ocrx_word' id='word_1_411' title='bbox 623 3162 942 3231; x_wconf 88' lang='lat' dir='ltr'><strong>occidisses,</strong></span> <span class='ocrx_word' id='word_1_412' title='bbox 976 3165 1238 3234; x_wconf 85' lang='lat' dir='ltr'><strong>siquidem</strong></span> <span class='ocrx_word' id='word_1_413' title='bbox 1265 3166 1557 3221; x_wconf 84' lang='lat' dir='ltr'><strong>Christiani</strong></span> <span class='ocrx_word' id='word_1_414' title='bbox 1586 3166 1805 3239; x_wconf 90' lang='lat' dir='ltr'><strong>gloriari</strong></span> <span class='ocrx_word' id='word_1_415' title='bbox 1835 3169 2010 3223; x_wconf 89' lang='lat' dir='ltr'><strong>solent</strong></span> <span class='ocrx_word' id='word_1_416' title='bbox 2059 3183 2181 3224; x_wconf 92' lang='lat' dir='ltr'><strong>cum</strong></span> <span class='ocrx_word' id='word_1_417' title='bbox 2216 3198 2258 3256; x_wconf 67' lang='grc' dir='ltr'>ο</span> <span class='ocrx_word' id='word_1_418' title='bbox 2292 3181 2416 3234; x_wconf 64' lang='grc' dir='ltr'><strong>ενοι</strong></span> <span class='ocrx_word' id='word_1_419' title='bbox 2449 3181 2663 3222; x_wconf 82' lang='lat' dir='ltr'><strong>eversos</strong></span> <span class='ocrx_word' id='word_1_420' title='bbox 2704 3182 2734 3221; x_wconf 93' lang='lat' dir='ltr'><strong>a</strong></span> <span class='ocrx_word' id='word_1_421' title='bbox 2779 3166 3138 3221; x_wconf 79' lang='lat' dir='ltr'><strong>fundamentis</strong></span> <span class='ocrx_word' id='word_1_422' title='bbox 3167 3175 3222 3221; x_wconf 91' lang='lat' dir='ltr'><strong>et</strong></span> <span class='ocrx_word' id='word_1_423' title='bbox 3272 3168 3324 3220; x_wconf 91' lang='lat' dir='ltr'><strong>iu</strong></span> <span class='ocrx_word' id='word_1_424' title='bbox 3363 3174 3567 3221; x_wconf 89' lang='lat' dir='ltr'><strong>terram</strong></span> <span class='ocrx_word' id='word_1_425' title='bbox 3594 3163 3855 3237; x_wconf 79' lang='lat' dir='ltr'><strong>deiectos.</strong></span> 
     </span>
    </p>
   </div>
   <div class='ocr_carea' id='block_1_61' title="bbox 625 3253 2191 3331">
    <p class='ocr_par' dir='ltr' id='par_1_61' title="bbox 625 3253 2191 3331">
     <span class='ocr_line' id='line_1_61' title="bbox 625 3253 2191 3331; baseline 0.006 -25"><span class='ocrx_word' id='word_1_426' title='bbox 625 3253 966 3323; x_wconf 91' lang='lat' dir='ltr'><strong>occiduntur,</strong></span> <span class='ocrx_word' id='word_1_427' title='bbox 1001 3256 1239 3313; x_wconf 87' lang='lat' dir='ltr'><strong>dicentes</strong></span> <span class='ocrx_word' id='word_1_428' title='bbox 1283 3272 1342 3314; x_wconf 82' lang='lat' dir='ltr'><strong>se</strong></span> <span class='ocrx_word' id='word_1_429' title='bbox 1375 3258 1493 3315; x_wconf 89' lang='lat' dir='ltr'><strong>ﬁeri</strong></span> <span class='ocrx_word' id='word_1_430' title='bbox 1533 3269 1823 3331; x_wconf 87' lang='lat' dir='ltr'><strong>martyres.</strong></span> <span class='ocrx_word' id='word_1_431' title='bbox 1862 3261 2058 3316; x_wconf 81' lang='lat' dir='ltr'><strong>Verum</strong></span> <span class='ocrx_word' id='word_1_432' title='bbox 2091 3275 2191 3331; x_wconf 87' lang='lat' dir='ltr'><strong>ego</strong></span> 
     </span>
    </p>
   </div>
   <div class='ocr_carea' id='block_1_62' title="bbox 574 3344 2191 3415">
    <p class='ocr_par' dir='ltr' id='par_1_62' title="bbox 574 3344 2191 3415">
     <span class='ocr_line' id='line_1_62' title="bbox 574 3344 2191 3415; baseline 0.006 -19"><span class='ocrx_word' id='word_1_433' title='bbox 574 3370 583 3379; x_wconf 82' lang='lat'><strong><em>~</em></strong></span> <span class='ocrx_word' id='word_1_434' title='bbox 627 3344 701 3398; x_wconf 89' lang='lat' dir='ltr'><strong>ita</strong></span> <span class='ocrx_word' id='word_1_435' title='bbox 739 3348 877 3415; x_wconf 90' lang='lat' dir='ltr'><strong>apud</strong></span> <span class='ocrx_word' id='word_1_436' title='bbox 904 3361 990 3402; x_wconf 92' lang='lat' dir='ltr'><strong>me</strong></span> <span class='ocrx_word' id='word_1_437' title='bbox 1023 3349 1303 3414; x_wconf 88' lang='lat' dir='ltr'><strong>constitui,</strong></span> <span class='ocrx_word' id='word_1_438' title='bbox 1343 3360 1403 3404; x_wconf 92' lang='lat' dir='ltr'><strong>ut</strong></span> <span class='ocrx_word' id='word_1_439' title='bbox 1436 3366 1556 3405; x_wconf 93' lang='lat' dir='ltr'><strong>cum</strong></span> <span class='ocrx_word' id='word_1_440' title='bbox 1602 3352 1919 3408; x_wconf 89' lang='lat' dir='ltr'><strong>rediero.ex</strong></span> <span class='ocrx_word' id='word_1_441' title='bbox 1975 3352 2191 3408; x_wconf 90' lang='lat' dir='ltr'><strong>Persica</strong></span> 
     </span>
    </p>
   </div>
   <div class='ocr_carea' id='block_1_63' title="bbox 627 3438 2193 3514">
    <p class='ocr_par' dir='ltr' id='par_1_63' title="bbox 627 3438 2193 3514">
     <span class='ocr_line' id='line_1_63' title="bbox 627 3438 2193 3514; baseline 0.004 -22"><span class='ocrx_word' id='word_1_442' title='bbox 627 3438 994 3507; x_wconf 88' lang='lat' dir='ltr'><strong>expeditione,</strong></span> <span class='ocrx_word' id='word_1_443' title='bbox 1033 3442 1369 3512; x_wconf 88' lang='lat' dir='ltr'><strong>accipiantur</strong></span> <span class='ocrx_word' id='word_1_444' title='bbox 1399 3460 1507 3514; x_wconf 89' lang='lat' dir='ltr'><strong>pro</strong></span> <span class='ocrx_word' id='word_1_445' title='bbox 1542 3457 1865 3514; x_wconf 90' lang='lat' dir='ltr'><strong>quocunque</strong></span> <span class='ocrx_word' id='word_1_446' title='bbox 1889 3444 2193 3499; x_wconf 88' lang='lat' dir='ltr'><strong>Christiano</strong></span> 
     </span>
    </p>
   </div>
   <div class='ocr_carea' id='block_1_64' title="bbox 627 3532 2195 3606">
    <p class='ocr_par' dir='ltr' id='par_1_64' title="bbox 627 3532 2195 3606">
     <span class='ocr_line' id='line_1_64' title="bbox 627 3532 2195 3606; baseline 0.004 -23"><span class='ocrx_word' id='word_1_447' title='bbox 627 3539 741 3585; x_wconf 88' lang='lat' dir='ltr'><strong>tres</strong></span> <span class='ocrx_word' id='word_1_448' title='bbox 795 3532 963 3586; x_wconf 71' lang='lat' dir='ltr'><strong>uncia:</strong></span> <span class='ocrx_word' id='word_1_449' title='bbox 1020 3534 1255 3603; x_wconf 72' lang='lat' dir='ltr'><strong>naplttze,</strong></span> <span class='ocrx_word' id='word_1_450' title='bbox 1284 3534 1470 3591; x_wconf 85' lang='lat' dir='ltr'><strong>volens</strong></span> <span class='ocrx_word' id='word_1_451' title='bbox 1512 3536 1715 3590; x_wconf 87' lang='lat' dir='ltr'><strong>scilicet</strong></span> <span class='ocrx_word' id='word_1_452' title='bbox 1773 3535 1977 3589; x_wconf 83' lang='lat' dir='ltr'><strong>infundi</strong></span> <span class='ocrx_word' id='word_1_453' title='bbox 2034 3550 2195 3606; x_wconf 88' lang='lat' dir='ltr'><strong>super</strong></span> 
     </span>
    </p>
   </div>
   <div class='ocr_carea' id='block_1_65' title="bbox 627 3618 2193 3692">
    <p class='ocr_par' dir='ltr' id='par_1_65' title="bbox 627 3618 2193 3692">
     <span class='ocr_line' id='line_1_65' title="bbox 627 3618 2193 3692; baseline 0.003 -17"><span class='ocrx_word' id='word_1_454' title='bbox 627 3618 968 3677; x_wconf 85' lang='lat' dir='ltr'><strong>Christianos</strong></span> <span class='ocrx_word' id='word_1_455' title='bbox 1016 3624 1185 3679; x_wconf 92' lang='lat' dir='ltr'><strong>donec</strong></span> <span class='ocrx_word' id='word_1_456' title='bbox 1231 3623 1370 3679; x_wconf 87' lang='lat' dir='ltr'><strong>idola</strong></span> <span class='ocrx_word' id='word_1_457' title='bbox 1403 3623 1518 3692; x_wconf 89' lang='lat' dir='ltr'><strong>ejus</strong></span> <span class='ocrx_word' id='word_1_458' title='bbox 1553 3626 1860 3692; x_wconf 90' lang='lat' dir='ltr'><strong>adorarent,</strong></span> <span class='ocrx_word' id='word_1_459' title='bbox 1876 3626 2193 3681; x_wconf 85' lang='lat' dir='ltr'><strong>existimans</strong></span> 
     </span>
    </p>
   </div>
   <div class='ocr_carea' id='block_1_66' title="bbox 628 3713 1945 3787">
    <p class='ocr_par' dir='ltr' id='par_1_66' title="bbox 628 3713 1945 3787">
     <span class='ocr_line' id='line_1_66' title="bbox 628 3713 1945 3787; baseline 0.003 -19"><span class='ocrx_word' id='word_1_460' title='bbox 628 3724 725 3768; x_wconf 81' lang='lat' dir='ltr'><strong>eos</strong></span> <span class='ocrx_word' id='word_1_461' title='bbox 747 3713 1002 3783; x_wconf 84' lang='lat' dir='ltr'><strong>nap‘htam</strong></span> <span class='ocrx_word' id='word_1_462' title='bbox 1033 3714 1308 3770; x_wconf 90' lang='lat' dir='ltr'><strong>ardentem</strong></span> <span class='ocrx_word' id='word_1_463' title='bbox 1336 3716 1601 3770; x_wconf 89' lang='lat' dir='ltr'><strong>sustinere</strong></span> <span class='ocrx_word' id='word_1_464' title='bbox 1630 3732 1736 3771; x_wconf 91' lang='lat' dir='ltr'><strong>non</strong></span> <span class='ocrx_word' id='word_1_465' title='bbox 1769 3731 1945 3787; x_wconf 87' lang='lat' dir='ltr'><strong>posse.</strong></span> 
     </span>
    </p>
   </div>
   <div class='ocr_carea' id='block_1_67' title="bbox 703 3803 2190 3877">
    <p class='ocr_par' dir='ltr' id='par_1_67' title="bbox 703 3803 2190 3877">
     <span class='ocr_line' id='line_1_67' title="bbox 703 3803 2190 3877; baseline 0.006 -21"><span class='ocrx_word' id='word_1_466' title='bbox 703 3803 831 3857; x_wconf 81' lang='lat' dir='ltr'><strong>Erat</strong></span> <span class='ocrx_word' id='word_1_467' title='bbox 857 3812 985 3859; x_wconf 93' lang='lat' dir='ltr'><strong>tunc</strong></span> <span class='ocrx_word' id='word_1_468' title='bbox 1037 3804 1278 3861; x_wconf 79' lang='lat' dir='ltr'><strong>Ecclesia</strong></span> <span class='ocrx_word' id='word_1_469' title='bbox 1327 3806 1497 3875; x_wconf 87' lang='lat' dir='ltr'><strong>dives,</strong></span> <span class='ocrx_word' id='word_1_470' title='bbox 1527 3815 1756 3877; x_wconf 89' lang='lat' dir='ltr'><strong>quatuor</strong></span> <span class='ocrx_word' id='word_1_471' title='bbox 1783 3808 2046 3865; x_wconf 91' lang='lat' dir='ltr'><strong>columnis</strong></span> <span class='ocrx_word' id='word_1_472' title='bbox 2077 3809 2190 3865; x_wconf 88' lang='lat' dir='ltr'><strong>suf-</strong></span> 
     </span>
    </p>
   </div>
   <div class='ocr_carea' id='block_1_68' title="bbox 627 3892 2194 3968">
    <p class='ocr_par' dir='ltr' id='par_1_68' title="bbox 627 3892 2194 3968">
     <span class='ocr_line' id='line_1_68' title="bbox 627 3892 2194 3968; baseline 0.005 -19"><span class='ocrx_word' id='word_1_473' title='bbox 627 3892 783 3961; x_wconf 87' lang='lat' dir='ltr'><strong>fulta,</strong></span> <span class='ocrx_word' id='word_1_474' title='bbox 814 3909 1004 3965; x_wconf 90' lang='lat' dir='ltr'><strong>nempe</strong></span> <span class='ocrx_word' id='word_1_475' title='bbox 1033 3895 1329 3952; x_wconf 79' lang='lat' dir='ltr'><strong>Athanasio</strong></span> <span class='ocrx_word' id='word_1_476' title='bbox 1370 3898 1699 3968; x_wconf 88' lang='lat' dir='ltr'><strong>patriarcha,</strong></span> <span class='ocrx_word' id='word_1_477' title='bbox 1752 3899 1988 3956; x_wconf 86' lang='lat' dir='ltr'><strong>Antonio</strong></span> <span class='ocrx_word' id='word_1_478' title='bbox 2018 3911 2071 3957; x_wconf 92' lang='lat' dir='ltr'><strong>et</strong></span> <span class='ocrx_word' id='word_1_479' title='bbox 2091 3902 2194 3957; x_wconf 89' lang='lat' dir='ltr'><strong>Pa-</strong></span> 
     </span>
    </p>
   </div>
   <div class='ocr_carea' id='block_1_69' title="bbox 627 3976 2191 4061">
    <p class='ocr_par' dir='ltr' id='par_1_69' title="bbox 627 3976 2191 4061">
     <span class='ocr_line' id='line_1_69' title="bbox 627 3976 2191 4061; baseline 0.006 -21"><span class='ocrx_word' id='word_1_480' title='bbox 627 3984 847 4040; x_wconf 91' lang='lat' dir='ltr'><strong>chomio</strong></span> <span class='ocrx_word' id='word_1_481' title='bbox 876 3986 1155 4040; x_wconf 90' lang='lat' dir='ltr'><strong>monachis</strong></span> <span class='ocrx_word' id='word_1_482' title='bbox 1185 3985 1457 4058; x_wconf 67' lang='lat' dir='ltr'><strong>Egyptiis</strong></span> <span class='ocrx_word' id='word_1_483' title='bbox 1488 3999 1541 4043; x_wconf 91' lang='lat' dir='ltr'><strong>et</strong></span> <span class='ocrx_word' id='word_1_484' title='bbox 1571 3976 1770 4044; x_wconf 88' lang='lat' dir='ltr'><strong>Basilio</strong></span> <span class='ocrx_word' id='word_1_485' title='bbox 1799 3993 2053 4061; x_wconf 91' lang='lat' dir='ltr'><strong>episcopo</strong></span> <span class='ocrx_word' id='word_1_486' title='bbox 2072 3992 2191 4048; x_wconf 65' lang='lat' dir='ltr'><strong>Cae-</strong></span> 
     </span>
    </p>
   </div>
   <div class='ocr_carea' id='block_1_70' title="bbox 629 4077 2193 4151">
    <p class='ocr_par' dir='ltr' id='par_1_70' title="bbox 629 4077 2193 4151">
     <span class='ocr_line' id='line_1_70' title="bbox 629 4077 2193 4151; baseline 0.006 -21"><span class='ocrx_word' id='word_1_487' title='bbox 629 4089 801 4131; x_wconf 65' lang='lat' dir='ltr'><strong>sarea:</strong></span> <span class='ocrx_word' id='word_1_488' title='bbox 822 4077 871 4130; x_wconf 91' lang='lat' dir='ltr'><strong>in</strong></span> <span class='ocrx_word' id='word_1_489' title='bbox 905 4077 1263 4147; x_wconf 87' lang='lat' dir='ltr'><strong>Cappadocia.</strong></span> <span class='ocrx_word' id='word_1_490' title='bbox 1311 4078 1357 4133; x_wconf 90' lang='lat' dir='ltr'><strong>Is</strong></span> <span class='ocrx_word' id='word_1_491' title='bbox 1381 4088 1436 4133; x_wconf 90' lang='lat' dir='ltr'><strong>et</strong></span> <span class='ocrx_word' id='word_1_492' title='bbox 1464 4078 1714 4135; x_wconf 89' lang='lat' dir='ltr'><strong>Liberius</strong></span> <span class='ocrx_word' id='word_1_493' title='bbox 1748 4084 2055 4151; x_wconf 89' lang='lat' dir='ltr'><strong>patriarcha</strong></span> <span class='ocrx_word' id='word_1_494' title='bbox 2084 4083 2193 4140; x_wconf 83' lang='lat' dir='ltr'><strong>Ro-</strong></span> 
     </span>
    </p>
   </div>
   <div class='ocr_carea' id='block_1_71' title="bbox 630 4166 2190 4240">
    <p class='ocr_par' dir='ltr' id='par_1_71' title="bbox 630 4166 2190 4240">
     <span class='ocr_line' id='line_1_71' title="bbox 630 4166 2190 4240; baseline 0.006 -21"><span class='ocrx_word' id='word_1_495' title='bbox 630 4181 845 4230; x_wconf 84' lang='lat' dir='ltr'><strong>manus,</strong></span> <span class='ocrx_word' id='word_1_496' title='bbox 880 4168 1041 4221; x_wconf 88' lang='lat' dir='ltr'><strong>amici</strong></span> <span class='ocrx_word' id='word_1_497' title='bbox 1067 4166 1283 4223; x_wconf 83' lang='lat' dir='ltr'><strong>fuerunt</strong></span> <span class='ocrx_word' id='word_1_498' title='bbox 1305 4167 1501 4224; x_wconf 90' lang='lat' dir='ltr'><strong>Juliani</strong></span> <span class='ocrx_word' id='word_1_499' title='bbox 1532 4171 1896 4240; x_wconf 87' lang='lat' dir='ltr'><strong>imperatoris,</strong></span> <span class='ocrx_word' id='word_1_500' title='bbox 1931 4174 1981 4227; x_wconf 93' lang='lat' dir='ltr'><strong>iu</strong></span> <span class='ocrx_word' id='word_1_501' title='bbox 2003 4176 2190 4229; x_wconf 88' lang='lat' dir='ltr'><strong>eadem</strong></span> 
     </span>
    </p>
   </div>
   <div class='ocr_carea' id='block_1_72' title="bbox 629 4258 2192 4341">
    <p class='ocr_par' dir='ltr' id='par_1_72' title="bbox 629 4258 2192 4341">
     <span class='ocr_line' id='line_1_72' title="bbox 629 4258 2192 4341; baseline 0.004 -30"><span class='ocrx_word' id='word_1_502' title='bbox 629 4271 752 4311; x_wconf 90' lang='lat' dir='ltr'><strong>cum</strong></span> <span class='ocrx_word' id='word_1_503' title='bbox 782 4258 885 4325; x_wconf 87' lang='lat' dir='ltr'><strong>_i||o</strong></span> <span class='ocrx_word' id='word_1_504' title='bbox 935 4260 1118 4313; x_wconf 89' lang='lat' dir='ltr'><strong>schola</strong></span> <span class='ocrx_word' id='word_1_505' title='bbox 1153 4260 1402 4314; x_wconf 89' lang='lat' dir='ltr'><strong>instituti.</strong></span> <span class='ocrx_word' id='word_1_506' title='bbox 1440 4260 1572 4315; x_wconf 87' lang='lat' dir='ltr'><strong>Cum</strong></span> <span class='ocrx_word' id='word_1_507' title='bbox 1602 4263 1898 4318; x_wconf 88' lang='lat' dir='ltr'><strong>audiisseut</strong></span> <span class='ocrx_word' id='word_1_508' title='bbox 1918 4280 2046 4319; x_wconf 85' lang='lat' dir='ltr'><strong>vero</strong></span> <span class='ocrx_word' id='word_1_509' title='bbox 2077 4281 2192 4341; x_wconf 72' lang='lat' dir='ltr'><strong>pra-</strong></span> 
     </span>
    </p>
   </div>
   <div class='ocr_carea' id='block_1_73' title="bbox 627 4348 2191 4426">
    <p class='ocr_par' dir='ltr' id='par_1_73' title="bbox 627 4348 2191 4426">
     <span class='ocr_line' id='line_1_73' title="bbox 627 4348 2191 4426; baseline 0.007 -27"><span class='ocrx_word' id='word_1_510' title='bbox 627 4362 727 4403; x_wconf 84' lang='lat' dir='ltr'><strong>vas</strong></span> <span class='ocrx_word' id='word_1_511' title='bbox 752 4348 1029 4417; x_wconf 85' lang='lat' dir='ltr'><strong>opiniones</strong></span> <span class='ocrx_word' id='word_1_512' title='bbox 1050 4366 1185 4419; x_wconf 91' lang='lat' dir='ltr'><strong>quas</strong></span> <span class='ocrx_word' id='word_1_513' title='bbox 1212 4351 1584 4420; x_wconf 85' lang='lat' dir='ltr'><strong>proﬁtebatur,</strong></span> <span class='ocrx_word' id='word_1_514' title='bbox 1609 4356 1900 4422; x_wconf 89' lang='lat' dir='ltr'><strong>assumptis</strong></span> <span class='ocrx_word' id='word_1_515' title='bbox 1923 4355 2191 4426; x_wconf 88' lang='lat' dir='ltr'><strong>episcopis</strong></span> 
     </span>
    </p>
   </div>
   <div class='ocr_carea' id='block_1_74' title="bbox 626 4443 2185 4517">
    <p class='ocr_par' dir='ltr' id='par_1_74' title="bbox 626 4443 2185 4517">
     <span class='ocr_line' id='line_1_74' title="bbox 626 4443 2185 4517; baseline 0.001 -20"><span class='ocrx_word' id='word_1_516' title='bbox 626 4443 693 4497; x_wconf 84' lang='lat' dir='ltr'><strong>ad</strong></span> <span class='ocrx_word' id='word_1_517' title='bbox 726 4459 845 4497; x_wconf 91' lang='lat' dir='ltr'><strong>eum</strong></span> <span class='ocrx_word' id='word_1_518' title='bbox 885 4443 1107 4513; x_wconf 84' lang='lat' dir='ltr'><strong>profecti</strong></span> <span class='ocrx_word' id='word_1_519' title='bbox 1131 4454 1275 4499; x_wconf 90' lang='lat' dir='ltr'><strong>sunt.</strong></span> <span class='ocrx_word' id='word_1_520' title='bbox 1303 4445 1404 4511; x_wconf 88' lang='lat' dir='ltr'><strong>Qui</strong></span> <span class='ocrx_word' id='word_1_521' title='bbox 1450 4445 1842 4514; x_wconf 72' lang='lat' dir='ltr'><strong>contsmplatus</strong></span> <span class='ocrx_word' id='word_1_522' title='bbox 1876 4447 2185 4517; x_wconf 81' lang='lat' dir='ltr'><strong>aliquandiu</strong></span> 
     </span>
    </p>
   </div>
   <div class='ocr_carea' id='block_1_75' title="bbox 2293 3255 3852 3320">
    <p class='ocr_par' dir='ltr' id='par_1_75' title="bbox 2293 3255 3852 3320">
     <span class='ocr_line' id='line_1_75' title="bbox 2293 3255 3852 3320; baseline 0 -9"><span class='ocrx_word' id='word_1_523' title='bbox 2293 3257 2775 3312; x_wconf 85' lang='lat' dir='ltr'><strong>Perseveraverunt</strong></span> <span class='ocrx_word' id='word_1_524' title='bbox 2805 3256 3151 3313; x_wconf 90' lang='lat' dir='ltr'><strong>nihilominus</strong></span> <span class='ocrx_word' id='word_1_525' title='bbox 3178 3257 3453 3313; x_wconf 89' lang='lat' dir='ltr'><strong>mensibus</strong></span> <span class='ocrx_word' id='word_1_526' title='bbox 3483 3255 3722 3320; x_wconf 88' lang='lat' dir='ltr'><strong>duobus,</strong></span> <span class='ocrx_word' id='word_1_527' title='bbox 3760 3270 3852 3311; x_wconf 91' lang='lat' dir='ltr'><strong>ne-</strong></span> 
     </span>
    </p>
   </div>
   <div class='ocr_carea' id='block_1_76' title="bbox 2292 3331 3858 3417">
    <p class='ocr_par' dir='ltr' id='par_1_76' title="bbox 2292 3331 3858 3417">
     <span class='ocr_line' id='line_1_76' title="bbox 2292 3331 3858 3417; baseline 0.001 -18"><span class='ocrx_word' id='word_1_528' title='bbox 2292 3361 2395 3416; x_wconf 89' lang='lat' dir='ltr'><strong>que</strong></span> <span class='ocrx_word' id='word_1_529' title='bbox 2422 3348 2712 3417; x_wconf 88' lang='lat' dir='ltr'><strong>quidquam</strong></span> <span class='ocrx_word' id='word_1_530' title='bbox 2741 3348 3010 3401; x_wconf 67' lang='lat' dir='ltr'><strong>aadiﬁcare</strong></span> <span class='ocrx_word' id='word_1_531' title='bbox 3039 3354 3347 3416; x_wconf 89' lang='lat' dir='ltr'><strong>potuerunt.</strong></span> <span class='ocrx_word' id='word_1_532' title='bbox 3392 3347 3769 3417; x_wconf 88' lang='lat' dir='ltr'><strong>Dixerunlque</strong></span> <span class='ocrx_word' id='word_1_533' title='bbox 3792 3331 3858 3401; x_wconf 89' lang='lat' dir='ltr'><strong>ad</strong></span> 
     </span>
    </p>
   </div>
   <div class='ocr_carea' id='block_1_77' title="bbox 2292 3437 3865 3509">
    <p class='ocr_par' dir='ltr' id='par_1_77' title="bbox 2292 3437 3865 3509">
     <span class='ocr_line' id='line_1_77' title="bbox 2292 3437 3865 3509; baseline 0.001 -18"><span class='ocrx_word' id='word_1_534' title='bbox 2292 3453 2383 3493; x_wconf 91' lang='lat' dir='ltr'><strong>eos</strong></span> <span class='ocrx_word' id='word_1_535' title='bbox 2410 3438 2574 3492; x_wconf 68' lang='lat' dir='ltr'><strong>Judaei</strong></span> <span class='ocrx_word' id='word_1_536' title='bbox 2605 3456 2619 3492; x_wconf 88' lang='lat'><strong>:</strong></span> <span class='ocrx_word' id='word_1_537' title='bbox 2659 3437 2839 3509; x_wconf 82' lang='lat' dir='ltr'><strong>Ignem</strong></span> <span class='ocrx_word' id='word_1_538' title='bbox 2874 3438 3078 3506; x_wconf 89' lang='lat' dir='ltr'><strong>injicite</strong></span> <span class='ocrx_word' id='word_1_539' title='bbox 3113 3439 3373 3508; x_wconf 87' lang='lat' dir='ltr'><strong>sepulcris</strong></span> <span class='ocrx_word' id='word_1_540' title='bbox 3413 3438 3531 3493; x_wconf 90' lang='lat' dir='ltr'><strong>istis</strong></span> <span class='ocrx_word' id='word_1_541' title='bbox 3578 3439 3635 3493; x_wconf 89' lang='lat' dir='ltr'><strong>in</strong></span> <span class='ocrx_word' id='word_1_542' title='bbox 3674 3439 3865 3508; x_wconf 90' lang='lat' dir='ltr'><strong>quibus</strong></span> 
     </span>
    </p>
   </div>
   <div class='ocr_carea' id='block_1_78' title="bbox 2292 3526 3865 3597">
    <p class='ocr_par' dir='ltr' id='par_1_78' title="bbox 2292 3526 3865 3597">
     <span class='ocr_line' id='line_1_78' title="bbox 2292 3526 3865 3597; baseline -0.003 -14"><span class='ocrx_word' id='word_1_543' title='bbox 2292 3527 2582 3583; x_wconf 90' lang='lat' dir='ltr'><strong>Christiani</strong></span> <span class='ocrx_word' id='word_1_544' title='bbox 2625 3526 2832 3595; x_wconf 81' lang='lat' dir='ltr'><strong>jaceat,</strong></span> <span class='ocrx_word' id='word_1_545' title='bbox 2886 3536 2941 3581; x_wconf 89' lang='lat' dir='ltr'><strong>et</strong></span> <span class='ocrx_word' id='word_1_546' title='bbox 2993 3527 3165 3583; x_wconf 91' lang='lat' dir='ltr'><strong>solida</strong></span> <span class='ocrx_word' id='word_1_547' title='bbox 3216 3528 3322 3583; x_wconf 87' lang='lat' dir='ltr'><strong>erit</strong></span> <span class='ocrx_word' id='word_1_548' title='bbox 3374 3527 3665 3583; x_wconf 76' lang='lat' dir='ltr'><strong>aediﬁcatio</strong></span> <span class='ocrx_word' id='word_1_549' title='bbox 3706 3542 3865 3597; x_wconf 89' lang='lat' dir='ltr'><strong>quam</strong></span> 
     </span>
    </p>
   </div>
   <div class='ocr_carea' id='block_1_79' title="bbox 2293 3616 3866 3690">
    <p class='ocr_par' dir='ltr' id='par_1_79' title="bbox 2293 3616 3866 3690">
     <span class='ocr_line' id='line_1_79' title="bbox 2293 3616 3866 3690; baseline -0.002 -17"><span class='ocrx_word' id='word_1_550' title='bbox 2293 3620 2573 3673; x_wconf 90' lang='lat' dir='ltr'><strong>molimini.</strong></span> <span class='ocrx_word' id='word_1_551' title='bbox 2616 3618 2798 3690; x_wconf 91' lang='lat' dir='ltr'><strong>Ignem</strong></span> <span class='ocrx_word' id='word_1_552' title='bbox 2851 3617 3015 3689; x_wconf 90' lang='lat' dir='ltr'><strong>igitur</strong></span> <span class='ocrx_word' id='word_1_553' title='bbox 3061 3619 3365 3689; x_wconf 88' lang='lat' dir='ltr'><strong>injecerunt</strong></span> <span class='ocrx_word' id='word_1_554' title='bbox 3416 3617 3709 3686; x_wconf 81' lang='lat' dir='ltr'><strong>sepulcris,</strong></span> <span class='ocrx_word' id='word_1_555' title='bbox 3734 3616 3866 3672; x_wconf 90' lang='lat' dir='ltr'><strong>inci-</strong></span> 
     </span>
    </p>
   </div>
   <div class='ocr_carea' id='block_1_80' title="bbox 2293 3708 3864 3781">
    <p class='ocr_par' dir='ltr' id='par_1_80' title="bbox 2293 3708 3864 3781">
     <span class='ocr_line' id='line_1_80' title="bbox 2293 3708 3864 3781; baseline 0.001 -20"><span class='ocrx_word' id='word_1_556' title='bbox 2293 3710 2499 3778; x_wconf 90' lang='lat' dir='ltr'><strong>pientes</strong></span> <span class='ocrx_word' id='word_1_557' title='bbox 2539 3723 2569 3762; x_wconf 88' lang='lat' dir='ltr'><strong>a</strong></span> <span class='ocrx_word' id='word_1_558' title='bbox 2604 3709 2851 3776; x_wconf 88' lang='lat' dir='ltr'><strong>duobus;</strong></span> <span class='ocrx_word' id='word_1_559' title='bbox 2895 3708 2950 3763; x_wconf 90' lang='lat' dir='ltr'><strong>in</strong></span> <span class='ocrx_word' id='word_1_560' title='bbox 2993 3709 3188 3777; x_wconf 90' lang='lat' dir='ltr'><strong>quibus</strong></span> <span class='ocrx_word' id='word_1_561' title='bbox 3214 3718 3369 3763; x_wconf 92' lang='lat' dir='ltr'><strong>erant</strong></span> <span class='ocrx_word' id='word_1_562' title='bbox 3409 3724 3641 3781; x_wconf 87' lang='lat' dir='ltr'><strong>corpora</strong></span> <span class='ocrx_word' id='word_1_563' title='bbox 3692 3708 3864 3764; x_wconf 62' lang='lat' dir='ltr'><strong>Elisazi</strong></span> 
     </span>
    </p>
   </div>
   <div class='ocr_carea' id='block_1_81' title="bbox 2292 3797 3863 3871">
    <p class='ocr_par' dir='ltr' id='par_1_81' title="bbox 2292 3797 3863 3871">
     <span class='ocr_line' id='line_1_81' title="bbox 2292 3797 3863 3871; baseline 0.003 -20"><span class='ocrx_word' id='word_1_564' title='bbox 2292 3802 2564 3868; x_wconf 72' lang='lat' dir='ltr'><strong>propheta:</strong></span> <span class='ocrx_word' id='word_1_565' title='bbox 2595 3808 2649 3854; x_wconf 91' lang='lat' dir='ltr'><strong>et</strong></span> <span class='ocrx_word' id='word_1_566' title='bbox 2676 3799 2899 3856; x_wconf 85' lang='lat' dir='ltr'><strong>Joannis</strong></span> <span class='ocrx_word' id='word_1_567' title='bbox 2923 3797 3209 3871; x_wconf 68' lang='lat' dir='ltr'><strong>Baptistae:</strong></span> <span class='ocrx_word' id='word_1_568' title='bbox 3244 3800 3335 3857; x_wconf 89' lang='lat' dir='ltr'><strong>sed</strong></span> <span class='ocrx_word' id='word_1_569' title='bbox 3365 3800 3504 3871; x_wconf 90' lang='lat' dir='ltr'><strong>ignis</strong></span> <span class='ocrx_word' id='word_1_570' title='bbox 3536 3800 3687 3858; x_wconf 87' lang='lat' dir='ltr'><strong>nullo</strong></span> <span class='ocrx_word' id='word_1_571' title='bbox 3712 3801 3863 3857; x_wconf 91' lang='lat' dir='ltr'><strong>modo</strong></span> 
     </span>
    </p>
   </div>
   <div class='ocr_carea' id='block_1_82' title="bbox 2291 3893 3864 3964">
    <p class='ocr_par' dir='ltr' id='par_1_82' title="bbox 2291 3893 3864 3964">
     <span class='ocr_line' id='line_1_82' title="bbox 2291 3893 3864 3964; baseline 0.003 -16"><span class='ocrx_word' id='word_1_572' title='bbox 2291 3894 2381 3948; x_wconf 90' lang='lat' dir='ltr'><strong>illa</strong></span> <span class='ocrx_word' id='word_1_573' title='bbox 2412 3897 2691 3950; x_wconf 87' lang='lat' dir='ltr'><strong>absumere</strong></span> <span class='ocrx_word' id='word_1_574' title='bbox 2714 3895 2923 3964; x_wconf 90' lang='lat' dir='ltr'><strong>potuit;</strong></span> <span class='ocrx_word' id='word_1_575' title='bbox 2969 3894 3109 3949; x_wconf 92' lang='lat' dir='ltr'><strong>unde</strong></span> <span class='ocrx_word' id='word_1_576' title='bbox 3145 3893 3405 3963; x_wconf 88' lang='lat' dir='ltr'><strong>majorem</strong></span> <span class='ocrx_word' id='word_1_577' title='bbox 3432 3893 3487 3949; x_wconf 93' lang='lat' dir='ltr'><strong>in</strong></span> <span class='ocrx_word' id='word_1_578' title='bbox 3523 3894 3744 3949; x_wconf 91' lang='lat' dir='ltr'><strong>modum</strong></span> <span class='ocrx_word' id='word_1_579' title='bbox 3773 3895 3864 3953; x_wconf 88' lang='lat' dir='ltr'><strong>ob-</strong></span> 
     </span>
    </p>
   </div>
   <div class='ocr_carea' id='block_1_83' title="bbox 2292 3985 3866 4057">
    <p class='ocr_par' dir='ltr' id='par_1_83' title="bbox 2292 3985 3866 4057">
     <span class='ocr_line' id='line_1_83' title="bbox 2292 3985 3866 4057; baseline 0.001 -15"><span class='ocrx_word' id='word_1_580' title='bbox 2292 3985 2573 4056; x_wconf 83' lang='lat' dir='ltr'><strong>stupefacti</strong></span> <span class='ocrx_word' id='word_1_581' title='bbox 2614 3998 2738 4042; x_wconf 91' lang='lat' dir='ltr'><strong>sunt</strong></span> <span class='ocrx_word' id='word_1_582' title='bbox 2762 4029 2778 4054; x_wconf 95' lang='lat'><strong>,</strong></span> <span class='ocrx_word' id='word_1_583' title='bbox 2817 4003 2939 4044; x_wconf 91' lang='lat' dir='ltr'><strong>cum</strong></span> <span class='ocrx_word' id='word_1_584' title='bbox 2999 4000 3092 4057; x_wconf 88' lang='lat' dir='ltr'><strong>per</strong></span> <span class='ocrx_word' id='word_1_585' title='bbox 3126 3986 3244 4041; x_wconf 89' lang='lat' dir='ltr'><strong>dies</strong></span> <span class='ocrx_word' id='word_1_586' title='bbox 3276 3985 3476 4041; x_wconf 90' lang='lat' dir='ltr'><strong>multos</strong></span> <span class='ocrx_word' id='word_1_587' title='bbox 3505 3986 3650 4057; x_wconf 89' lang='lat' dir='ltr'><strong>ignis</strong></span> <span class='ocrx_word' id='word_1_588' title='bbox 3678 3987 3866 4044; x_wconf 79' lang='lat' dir='ltr'><strong>ardens</strong></span> 
     </span>
    </p>
   </div>
   <div class='ocr_carea' id='block_1_84' title="bbox 2291 4078 3867 4150">
    <p class='ocr_par' dir='ltr' id='par_1_84' title="bbox 2291 4078 3867 4150">
     <span class='ocr_line' id='line_1_84' title="bbox 2291 4078 3867 4150; baseline 0.001 -18"><span class='ocrx_word' id='word_1_589' title='bbox 2291 4079 2359 4133; x_wconf 92' lang='lat' dir='ltr'><strong>ad</strong></span> <span class='ocrx_word' id='word_1_590' title='bbox 2388 4094 2449 4134; x_wconf 91' lang='lat' dir='ltr'><strong>ea</strong></span> <span class='ocrx_word' id='word_1_591' title='bbox 2478 4096 2588 4136; x_wconf 86' lang='lat' dir='ltr'><strong>non</strong></span> <span class='ocrx_word' id='word_1_592' title='bbox 2614 4081 2914 4136; x_wconf 90' lang='lat' dir='ltr'><strong>accederet.</strong></span> <span class='ocrx_word' id='word_1_593' title='bbox 2954 4080 3167 4134; x_wconf 87' lang='lat' dir='ltr'><strong>Fideles</strong></span> <span class='ocrx_word' id='word_1_594' title='bbox 3192 4093 3354 4148; x_wconf 89' lang='lat' dir='ltr'><strong>porro</strong></span> <span class='ocrx_word' id='word_1_595' title='bbox 3384 4078 3603 4148; x_wconf 89' lang='lat' dir='ltr'><strong>quidam</strong></span> <span class='ocrx_word' id='word_1_596' title='bbox 3634 4078 3704 4134; x_wconf 92' lang='lat' dir='ltr'><strong>ad</strong></span> <span class='ocrx_word' id='word_1_597' title='bbox 3736 4095 3867 4150; x_wconf 77' lang='lat' dir='ltr'><strong>pra:-</strong></span> 
     </span>
    </p>
   </div>
   <div class='ocr_carea' id='block_1_85' title="bbox 2290 4168 3864 4241">
    <p class='ocr_par' dir='ltr' id='par_1_85' title="bbox 2290 4168 3864 4241">
     <span class='ocr_line' id='line_1_85' title="bbox 2290 4168 3864 4241; baseline 0.001 -18"><span class='ocrx_word' id='word_1_598' title='bbox 2290 4168 2489 4224; x_wconf 86' lang='lat' dir='ltr'><strong>fectum</strong></span> <span class='ocrx_word' id='word_1_599' title='bbox 2515 4170 2798 4236; x_wconf 89' lang='lat' dir='ltr'><strong>adeuntes,</strong></span> <span class='ocrx_word' id='word_1_600' title='bbox 2830 4171 3007 4226; x_wconf 88' lang='lat' dir='ltr'><strong>oblata</strong></span> <span class='ocrx_word' id='word_1_601' title='bbox 3063 4172 3313 4241; x_wconf 87' lang='lat' dir='ltr'><strong>pecunia,</strong></span> <span class='ocrx_word' id='word_1_602' title='bbox 3363 4172 3638 4239; x_wconf 87' lang='lat' dir='ltr'><strong>petierunt</strong></span> <span class='ocrx_word' id='word_1_603' title='bbox 3673 4180 3735 4225; x_wconf 92' lang='lat' dir='ltr'><strong>ut</strong></span> <span class='ocrx_word' id='word_1_604' title='bbox 3766 4172 3864 4227; x_wconf 86' lang='lat' dir='ltr'><strong>sibi</strong></span> 
     </span>
    </p>
   </div>
   <div class='ocr_carea' id='block_1_86' title="bbox 2291 4261 3863 4334">
    <p class='ocr_par' dir='ltr' id='par_1_86' title="bbox 2291 4261 3863 4334">
     <span class='ocr_line' id='line_1_86' title="bbox 2291 4261 3863 4334; baseline 0.001 -19"><span class='ocrx_word' id='word_1_605' title='bbox 2291 4261 2477 4318; x_wconf 64' lang='lat' dir='ltr'><strong>liceret</strong></span> <span class='ocrx_word' id='word_1_606' title='bbox 2510 4278 2736 4333; x_wconf 89' lang='lat' dir='ltr'><strong>corpora</strong></span> <span class='ocrx_word' id='word_1_607' title='bbox 2777 4264 2883 4318; x_wconf 93' lang='lat' dir='ltr'><strong>duo</strong></span> <span class='ocrx_word' id='word_1_608' title='bbox 2931 4279 2996 4317; x_wconf 86' lang='lat' dir='ltr'><strong>ex</strong></span> <span class='ocrx_word' id='word_1_609' title='bbox 3037 4262 3301 4333; x_wconf 91' lang='lat' dir='ltr'><strong>sepulcris</strong></span> <span class='ocrx_word' id='word_1_610' title='bbox 3350 4262 3651 4319; x_wconf 88' lang='lat' dir='ltr'><strong>transferre</strong></span> <span class='ocrx_word' id='word_1_611' title='bbox 3685 4282 3699 4318; x_wconf 91' lang='lat'>:</span> <span class='ocrx_word' id='word_1_612' title='bbox 3729 4262 3863 4334; x_wconf 89' lang='lat' dir='ltr'><strong>quod</strong></span> 
     </span>
    </p>
   </div>
   <div class='ocr_carea' id='block_1_87' title="bbox 2292 4352 3863 4424">
    <p class='ocr_par' dir='ltr' id='par_1_87' title="bbox 2292 4352 3863 4424">
     <span class='ocr_line' id='line_1_87' title="bbox 2292 4352 3863 4424; baseline 0.001 -19"><span class='ocrx_word' id='word_1_613' title='bbox 2292 4352 2379 4405; x_wconf 90' lang='lat' dir='ltr'><strong>ille</strong></span> <span class='ocrx_word' id='word_1_614' title='bbox 2409 4355 2689 4408; x_wconf 88' lang='lat' dir='ltr'><strong>concessit.</strong></span> <span class='ocrx_word' id='word_1_615' title='bbox 2718 4352 2793 4406; x_wconf 92' lang='lat' dir='ltr'><strong>Illi</strong></span> <span class='ocrx_word' id='word_1_616' title='bbox 2828 4353 2999 4408; x_wconf 88' lang='lat' dir='ltr'><strong>levata</strong></span> <span class='ocrx_word' id='word_1_617' title='bbox 3033 4364 3218 4409; x_wconf 74' lang='lat' dir='ltr'><strong>Sancta</strong></span> <span class='ocrx_word' id='word_1_618' title='bbox 3250 4368 3475 4424; x_wconf 90' lang='lat' dir='ltr'><strong>corpora</strong></span> <span class='ocrx_word' id='word_1_619' title='bbox 3505 4355 3774 4409; x_wconf 86' lang='lat' dir='ltr'><strong>miserunt</strong></span> <span class='ocrx_word' id='word_1_620' title='bbox 3801 4354 3863 4408; x_wconf 91' lang='lat' dir='ltr'><strong>ad</strong></span> 
     </span>
    </p>
   </div>
   <div class='ocr_carea' id='block_1_88' title="bbox 2292 4432 3863 4515">
    <p class='ocr_par' dir='ltr' id='par_1_88' title="bbox 2292 4432 3863 4515">
     <span class='ocr_line' id='line_1_88' title="bbox 2292 4432 3863 4515; baseline 0.001 -18"><span class='ocrx_word' id='word_1_621' title='bbox 2292 4446 2641 4500; x_wconf 86' lang='lat' dir='ltr'><strong>Athanasium</strong></span> <span class='ocrx_word' id='word_1_622' title='bbox 2660 4432 3024 4515; x_wconf 86' lang='lat' dir='ltr'><strong>patriarcham</strong></span> <span class='ocrx_word' id='word_1_623' title='bbox 3059 4446 3509 4500; x_wconf 85' lang='lat' dir='ltr'><strong>Alexandrinum.</strong></span> <span class='ocrx_word' id='word_1_624' title='bbox 3539 4443 3638 4499; x_wconf 90' lang='lat' dir='ltr'><strong>Ille</strong></span> <span class='ocrx_word' id='word_1_625' title='bbox 3663 4461 3785 4500; x_wconf 91' lang='lat' dir='ltr'><strong>cum</strong></span> <span class='ocrx_word' id='word_1_626' title='bbox 3804 4458 3863 4498; x_wconf 89' lang='lat' dir='ltr'><strong>ea</strong></span> 
     </span>
    </p>
   </div>
   <div class='ocr_carea' id='block_1_89' title="bbox 625 4534 3864 4608">
    <p class='ocr_par' dir='ltr' id='par_1_89' title="bbox 625 4534 3864 4608">
     <span class='ocr_line' id='line_1_89' title="bbox 625 4534 3864 4608; baseline 0 -21"><span class='ocrx_word' id='word_1_627' title='bbox 625 4535 877 4590; x_wconf 85' lang='lat' dir='ltr'><strong>vestitum</strong></span> <span class='ocrx_word' id='word_1_628' title='bbox 900 4551 1087 4590; x_wconf 90' lang='lat' dir='ltr'><strong>eorum</strong></span> <span class='ocrx_word' id='word_1_629' title='bbox 1114 4547 1168 4591; x_wconf 92' lang='lat' dir='ltr'><strong>et</strong></span> <span class='ocrx_word' id='word_1_630' title='bbox 1193 4538 1437 4601; x_wconf 88' lang='lat' dir='ltr'><strong>barbam,</strong></span> <span class='ocrx_word' id='word_1_631' title='bbox 1462 4538 1726 4593; x_wconf 90' lang='lat' dir='ltr'><strong>dixiteis:</strong></span> <span class='ocrx_word' id='word_1_632' title='bbox 1759 4538 1897 4604; x_wconf 83' lang='lat' dir='ltr'><strong>Quid</strong></span> <span class='ocrx_word' id='word_1_633' title='bbox 1916 4539 2192 4608; x_wconf 75' lang='lat' dir='ltr'><strong>quaeritis?</strong></span> <span class='ocrx_word' id='word_1_634' title='bbox 2222 4543 2267 4599; x_wconf 88' lang='lat' dir='ltr'><strong>D</strong></span> <span class='ocrx_word' id='word_1_635' title='bbox 2297 4536 2613 4606; x_wconf 86' lang='lat' dir='ltr'><strong>recepisset,</strong></span> <span class='ocrx_word' id='word_1_636' title='bbox 2644 4551 2826 4606; x_wconf 90' lang='lat' dir='ltr'><strong>parem</strong></span> <span class='ocrx_word' id='word_1_637' title='bbox 2865 4538 2988 4592; x_wconf 91' lang='lat' dir='ltr'><strong>inde</strong></span> <span class='ocrx_word' id='word_1_638' title='bbox 3037 4536 3276 4590; x_wconf 57' lang='lat' dir='ltr'><strong>latitiam</strong></span> <span class='ocrx_word' id='word_1_639' title='bbox 3323 4535 3509 4606; x_wconf 87' lang='lat' dir='ltr'><strong>coepit,</strong></span> <span class='ocrx_word' id='word_1_640' title='bbox 3548 4550 3615 4589; x_wconf 89' lang='lat' dir='ltr'><strong>ac</strong></span> <span class='ocrx_word' id='word_1_641' title='bbox 3662 4536 3709 4591; x_wconf 91' lang='lat' dir='ltr'><strong>si</strong></span> <span class='ocrx_word' id='word_1_642' title='bbox 3752 4534 3864 4589; x_wconf 91' lang='lat' dir='ltr'><strong>illos</strong></span> 
     </span>
    </p>
   </div>
   <div class='ocr_carea' id='block_1_90' title="bbox 625 4625 2188 4700">
    <p class='ocr_par' dir='ltr' id='par_1_90' title="bbox 625 4625 2188 4700">
     <span class='ocr_line' id='line_1_90' title="bbox 625 4625 2188 4700; baseline 0.005 -23"><span class='ocrx_word' id='word_1_643' title='bbox 625 4625 945 4693; x_wconf 67' lang='lat' dir='ltr'><strong>Quaerimus,</strong></span> <span class='ocrx_word' id='word_1_644' title='bbox 971 4627 1160 4697; x_wconf 87' lang='lat' dir='ltr'><strong>inquit,</strong></span> <span class='ocrx_word' id='word_1_645' title='bbox 1186 4637 1453 4698; x_wconf 87' lang='lat' dir='ltr'><strong>pastorem</strong></span> <span class='ocrx_word' id='word_1_646' title='bbox 1479 4629 1691 4697; x_wconf 75' lang='lat' dir='ltr'><strong>bonum</strong></span> <span class='ocrx_word' id='word_1_647' title='bbox 1716 4630 1804 4699; x_wconf 92' lang='lat' dir='ltr'><strong>qui</strong></span> <span class='ocrx_word' id='word_1_648' title='bbox 1833 4645 1931 4685; x_wconf 89' lang='lat' dir='ltr'><strong>nos</strong></span> <span class='ocrx_word' id='word_1_649' title='bbox 1980 4642 2188 4700; x_wconf 87' lang='lat' dir='ltr'><strong>pascat.</strong></span> 
     </span>
    </p>
   </div>
   <div class='ocr_carea' id='block_1_91' title="bbox 627 4717 2190 4791">
    <p class='ocr_par' dir='ltr' id='par_1_91' title="bbox 627 4717 2190 4791">
     <span class='ocr_line' id='line_1_91' title="bbox 627 4717 2190 4791; baseline 0.003 -20"><span class='ocrx_word' id='word_1_650' title='bbox 627 4717 764 4772; x_wconf 83' lang='lat' dir='ltr'><strong>Tum</strong></span> <span class='ocrx_word' id='word_1_651' title='bbox 802 4718 890 4771; x_wconf 90' lang='lat' dir='ltr'><strong>ille</strong></span> <span class='ocrx_word' id='word_1_652' title='bbox 917 4721 983 4772; x_wconf 89' lang='lat' dir='ltr'><strong>ad</strong></span> <span class='ocrx_word' id='word_1_653' title='bbox 1021 4718 1276 4774; x_wconf 87' lang='lat' dir='ltr'><strong>Basilium</strong></span> <span class='ocrx_word' id='word_1_654' title='bbox 1306 4738 1319 4775; x_wconf 87' lang='lat'><strong>:</strong></span> <span class='ocrx_word' id='word_1_655' title='bbox 1354 4720 1477 4783; x_wconf 84' lang='lat' dir='ltr'><strong>Ubi,</strong></span> <span class='ocrx_word' id='word_1_656' title='bbox 1518 4720 1713 4789; x_wconf 88' lang='lat' dir='ltr'><strong>inquit,</strong></span> <span class='ocrx_word' id='word_1_657' title='bbox 1750 4722 2019 4791; x_wconf 90' lang='lat' dir='ltr'><strong>reliquisti</strong></span> <span class='ocrx_word' id='word_1_658' title='bbox 2053 4722 2190 4777; x_wconf 86' lang='lat' dir='ltr'><strong>fabri</strong></span> 
     </span>
    </p>
   </div>
   <div class='ocr_carea' id='block_1_92' title="bbox 624 4808 2191 4882">
    <p class='ocr_par' dir='ltr' id='par_1_92' title="bbox 624 4808 2191 4882">
     <span class='ocr_line' id='line_1_92' title="bbox 624 4808 2191 4882; baseline 0.003 -20"><span class='ocrx_word' id='word_1_659' title='bbox 624 4808 818 4873; x_wconf 90' lang='lat' dir='ltr'><strong>ﬁlium,</strong></span> <span class='ocrx_word' id='word_1_660' title='bbox 855 4811 981 4863; x_wconf 92' lang='lat' dir='ltr'><strong>dum</strong></span> <span class='ocrx_word' id='word_1_661' title='bbox 1020 4810 1124 4866; x_wconf 92' lang='lat' dir='ltr'><strong>huc</strong></span> <span class='ocrx_word' id='word_1_662' title='bbox 1158 4813 1223 4865; x_wconf 90' lang='lat' dir='ltr'><strong>ad</strong></span> <span class='ocrx_word' id='word_1_663' title='bbox 1255 4826 1340 4865; x_wconf 91' lang='lat' dir='ltr'><strong>me</strong></span> <span class='ocrx_word' id='word_1_664' title='bbox 1364 4813 1596 4869; x_wconf 81' lang='lat' dir='ltr'><strong>venisti?</strong></span> <span class='ocrx_word' id='word_1_665' title='bbox 1628 4813 1835 4882; x_wconf 84' lang='lat' dir='ltr'><strong>Reliqui</strong></span> <span class='ocrx_word' id='word_1_666' title='bbox 1901 4813 2073 4877; x_wconf 89' lang='lat' dir='ltr'><strong>illum,</strong></span> <span class='ocrx_word' id='word_1_667' title='bbox 2110 4813 2191 4866; x_wconf 91' lang='lat' dir='ltr'><strong>in-</strong></span> 
     </span>
    </p>
   </div>
   <div class='ocr_carea' id='block_1_93' title="bbox 625 4897 2185 4971">
    <p class='ocr_par' dir='ltr' id='par_1_93' title="bbox 625 4897 2185 4971">
     <span class='ocr_line' id='line_1_93' title="bbox 625 4897 2185 4971; baseline 0.004 -21"><span class='ocrx_word' id='word_1_668' title='bbox 625 4898 741 4966; x_wconf 89' lang='lat' dir='ltr'><strong>quit</strong></span> <span class='ocrx_word' id='word_1_669' title='bbox 774 4897 1022 4963; x_wconf 89' lang='lat' dir='ltr'><strong>Basilius,</strong></span> <span class='ocrx_word' id='word_1_670' title='bbox 1056 4912 1374 4969; x_wconf 90' lang='lat' dir='ltr'><strong>occupatum</strong></span> <span class='ocrx_word' id='word_1_671' title='bbox 1405 4903 1458 4956; x_wconf 90' lang='lat' dir='ltr'><strong>in</strong></span> <span class='ocrx_word' id='word_1_672' title='bbox 1480 4903 1870 4971; x_wconf 89' lang='lat' dir='ltr'><strong>compingendo</strong></span> <span class='ocrx_word' id='word_1_673' title='bbox 1909 4902 2002 4956; x_wconf 88' lang='lat' dir='ltr'><strong>tibi</strong></span> <span class='ocrx_word' id='word_1_674' title='bbox 2038 4900 2185 4956; x_wconf 87' lang='lat' dir='ltr'><strong>fere-</strong></span> 
     </span>
    </p>
   </div>
   <div class='ocr_carea' id='block_1_94' title="bbox 625 4990 2184 5062">
    <p class='ocr_par' dir='ltr' id='par_1_94' title="bbox 625 4990 2184 5062">
     <span class='ocr_line' id='line_1_94' title="bbox 625 4990 2184 5062; baseline 0.006 -21"><span class='ocrx_word' id='word_1_675' title='bbox 625 4998 729 5051; x_wconf 91' lang='lat' dir='ltr'><strong>tro,</strong></span> <span class='ocrx_word' id='word_1_676' title='bbox 758 4996 816 5042; x_wconf 94' lang='lat' dir='ltr'><strong>ut</strong></span> <span class='ocrx_word' id='word_1_677' title='bbox 859 4990 990 5044; x_wconf 92' lang='lat' dir='ltr'><strong>tein</strong></span> <span class='ocrx_word' id='word_1_678' title='bbox 1042 4991 1170 5047; x_wconf 88' lang='lat' dir='ltr'><strong>illud</strong></span> <span class='ocrx_word' id='word_1_679' title='bbox 1206 4992 1514 5048; x_wconf 88' lang='lat' dir='ltr'><strong>collocaret.</strong></span> <span class='ocrx_word' id='word_1_680' title='bbox 1574 4991 1652 5044; x_wconf 80' lang='lat' dir='ltr'><strong>Ad</strong></span> <span class='ocrx_word' id='word_1_681' title='bbox 1696 5008 1814 5061; x_wconf 70' lang='lat' dir='ltr'><strong>qum</strong></span> <span class='ocrx_word' id='word_1_682' title='bbox 1846 4994 2135 5062; x_wconf 88' lang='lat' dir='ltr'><strong>imperator</strong></span> <span class='ocrx_word' id='word_1_683' title='bbox 2170 5012 2184 5050; x_wconf 90' lang='lat'><strong>:</strong></span> 
     </span>
    </p>
   </div>
   <div class='ocr_carea' id='block_1_95' title="bbox 624 5079 2186 5151">
    <p class='ocr_par' dir='ltr' id='par_1_95' title="bbox 624 5079 2186 5151">
     <span class='ocr_line' id='line_1_95' title="bbox 624 5079 2186 5151; baseline 0.005 -17"><span class='ocrx_word' id='word_1_684' title='bbox 624 5079 760 5146; x_wconf 80' lang='lat' dir='ltr'><strong>Nisi,</strong></span> <span class='ocrx_word' id='word_1_685' title='bbox 793 5082 984 5151; x_wconf 92' lang='lat' dir='ltr'><strong>inquit,</strong></span> <span class='ocrx_word' id='word_1_686' title='bbox 1014 5084 1219 5139; x_wconf 90' lang='lat' dir='ltr'><strong>amicus</strong></span> <span class='ocrx_word' id='word_1_687' title='bbox 1245 5099 1395 5139; x_wconf 90' lang='lat' dir='ltr'><strong>meus</strong></span> <span class='ocrx_word' id='word_1_688' title='bbox 1423 5098 1591 5150; x_wconf 89' lang='lat' dir='ltr'><strong>esses,</strong></span> <span class='ocrx_word' id='word_1_689' title='bbox 1626 5094 1679 5137; x_wconf 91' lang='lat' dir='ltr'><strong>et</strong></span> <span class='ocrx_word' id='word_1_690' title='bbox 1708 5094 1851 5140; x_wconf 90' lang='lat' dir='ltr'><strong>esset</strong></span> <span class='ocrx_word' id='word_1_691' title='bbox 1889 5085 1943 5138; x_wconf 91' lang='lat' dir='ltr'><strong>in</strong></span> <span class='ocrx_word' id='word_1_692' title='bbox 1983 5100 2069 5140; x_wconf 91' lang='lat' dir='ltr'><strong>me</strong></span> <span class='ocrx_word' id='word_1_693' title='bbox 2092 5101 2186 5142; x_wconf 89' lang='lat' dir='ltr'><strong>vo-</strong></span> 
     </span>
    </p>
   </div>
   <div class='ocr_carea' id='block_1_96' title="bbox 622 5171 2187 5245">
    <p class='ocr_par' dir='ltr' id='par_1_96' title="bbox 622 5171 2187 5245">
     <span class='ocr_line' id='line_1_96' title="bbox 622 5171 2187 5245; baseline 0.003 -18"><span class='ocrx_word' id='word_1_694' title='bbox 622 5171 847 5227; x_wconf 84' lang='lat' dir='ltr'><strong>luntatis</strong></span> <span class='ocrx_word' id='word_1_695' title='bbox 871 5189 997 5243; x_wconf 91' lang='lat' dir='ltr'><strong>erga</strong></span> <span class='ocrx_word' id='word_1_696' title='bbox 1027 5184 1076 5229; x_wconf 92' lang='lat' dir='ltr'><strong>te</strong></span> <span class='ocrx_word' id='word_1_697' title='bbox 1105 5176 1414 5244; x_wconf 91' lang='lat' dir='ltr'><strong>propensio,</strong></span> <span class='ocrx_word' id='word_1_698' title='bbox 1448 5176 1550 5227; x_wconf 91' lang='lat' dir='ltr'><strong>hoc</strong></span> <span class='ocrx_word' id='word_1_699' title='bbox 1594 5185 1861 5230; x_wconf 92' lang='lat' dir='ltr'><strong>momento</strong></span> <span class='ocrx_word' id='word_1_700' title='bbox 1900 5185 2060 5245; x_wconf 90' lang='lat' dir='ltr'><strong>caput</strong></span> <span class='ocrx_word' id='word_1_701' title='bbox 2093 5176 2187 5231; x_wconf 91' lang='lat' dir='ltr'><strong>tibi</strong></span> 
     </span>
    </p>
   </div>
   <div class='ocr_carea' id='block_1_97' title="bbox 623 5265 2185 5337">
    <p class='ocr_par' dir='ltr' id='par_1_97' title="bbox 623 5265 2185 5337">
     <span class='ocr_line' id='line_1_97' title="bbox 623 5265 2185 5337; baseline 0.001 -17"><span class='ocrx_word' id='word_1_702' title='bbox 623 5267 842 5336; x_wconf 64' lang='lat' dir='ltr'><strong>praecidi</strong></span> <span class='ocrx_word' id='word_1_703' title='bbox 883 5266 1151 5337; x_wconf 86' lang='lat' dir='ltr'><strong>juberetn.</strong></span> <span class='ocrx_word' id='word_1_704' title='bbox 1203 5267 1355 5321; x_wconf 90' lang='lat' dir='ltr'><strong>Tunc</strong></span> <span class='ocrx_word' id='word_1_705' title='bbox 1382 5265 1611 5321; x_wconf 89' lang='lat' dir='ltr'><strong>Basilius</strong></span> <span class='ocrx_word' id='word_1_706' title='bbox 1653 5285 1666 5320; x_wconf 92' lang='lat'>:</span> <span class='ocrx_word' id='word_1_707' title='bbox 1713 5267 1928 5331; x_wconf 88' lang='lat' dir='ltr'><strong>Annon,</strong></span> <span class='ocrx_word' id='word_1_708' title='bbox 1988 5268 2185 5337; x_wconf 90' lang='lat' dir='ltr'><strong>inquit,</strong></span> 
     </span>
    </p>
   </div>
   <div class='ocr_carea' id='block_1_98' title="bbox 622 5357 2188 5429">
    <p class='ocr_par' dir='ltr' id='par_1_98' title="bbox 622 5357 2188 5429">
     <span class='ocr_line' id='line_1_98' title="bbox 622 5357 2188 5429; baseline -0.002 -13"><span class='ocrx_word' id='word_1_709' title='bbox 622 5360 882 5416; x_wconf 65' lang='lat' dir='ltr'><strong>doctrinae</strong></span> <span class='ocrx_word' id='word_1_710' title='bbox 907 5361 1174 5429; x_wconf 90' lang='lat' dir='ltr'><strong>quondam</strong></span> <span class='ocrx_word' id='word_1_711' title='bbox 1228 5374 1413 5413; x_wconf 90' lang='lat' dir='ltr'><strong>amore</strong></span> <span class='ocrx_word' id='word_1_712' title='bbox 1450 5357 1737 5426; x_wconf 85' lang='lat' dir='ltr'><strong>ﬂagrabas,</strong></span> <span class='ocrx_word' id='word_1_713' title='bbox 1781 5374 1879 5413; x_wconf 93' lang='lat' dir='ltr'><strong>cur</strong></span> <span class='ocrx_word' id='word_1_714' title='bbox 1909 5359 2071 5427; x_wconf 82' lang='lat' dir='ltr'><strong>igitur</strong></span> <span class='ocrx_word' id='word_1_715' title='bbox 2099 5374 2188 5413; x_wconf 88' lang='lat' dir='ltr'><strong>sa-</strong></span> 
     </span>
    </p>
   </div>
   <div class='ocr_carea' id='block_1_99' title="bbox 619 5447 2186 5523">
    <p class='ocr_par' dir='ltr' id='par_1_99' title="bbox 619 5447 2186 5523">
     <span class='ocr_line' id='line_1_99' title="bbox 619 5447 2186 5523; baseline -0.003 -16"><span class='ocrx_word' id='word_1_716' title='bbox 619 5453 878 5523; x_wconf 87' lang='lat' dir='ltr'><strong>pientiam</strong></span> <span class='ocrx_word' id='word_1_717' title='bbox 924 5452 1247 5507; x_wconf 88' lang='lat' dir='ltr'><strong>deseruisti?</strong></span> <span class='ocrx_word' id='word_1_718' title='bbox 1305 5449 1599 5517; x_wconf 80' lang='lat' dir='ltr'><strong>Respondit</strong></span> <span class='ocrx_word' id='word_1_719' title='bbox 1658 5450 1995 5518; x_wconf 90' lang='lat' dir='ltr'><strong>imperator:</strong></span> <span class='ocrx_word' id='word_1_720' title='bbox 2041 5447 2186 5518; x_wconf 85' lang='lat' dir='ltr'><strong>Legi,</strong></span> 
     </span>
    </p>
   </div>
   <div class='ocr_carea' id='block_1_100' title="bbox 622 5541 2189 5615">
    <p class='ocr_par' dir='ltr' id='par_1_100' title="bbox 622 5541 2189 5615">
     <span class='ocr_line' id='line_1_100' title="bbox 622 5541 2189 5615; baseline -0.002 -17"><span class='ocrx_word' id='word_1_721' title='bbox 622 5544 814 5611; x_wconf 72' lang='lat' dir='ltr'><strong>inquit,</strong></span> <span class='ocrx_word' id='word_1_722' title='bbox 860 5559 979 5615; x_wconf 70' lang='lat' dir='ltr'><strong>qua:</strong></span> <span class='ocrx_word' id='word_1_723' title='bbox 1019 5545 1084 5597; x_wconf 90' lang='lat' dir='ltr'><strong>ad</strong></span> <span class='ocrx_word' id='word_1_724' title='bbox 1116 5559 1234 5597; x_wconf 91' lang='lat' dir='ltr'><strong>eam</strong></span> <span class='ocrx_word' id='word_1_725' title='bbox 1270 5542 1561 5612; x_wconf 88' lang='lat' dir='ltr'><strong>pertinent,</strong></span> <span class='ocrx_word' id='word_1_726' title='bbox 1599 5541 1871 5596; x_wconf 77' lang='lat' dir='ltr'><strong>memoria:</strong></span> <span class='ocrx_word' id='word_1_727' title='bbox 1917 5555 2189 5596; x_wconf 83' lang='lat' dir='ltr'><strong>commen-</strong></span> 
     </span>
    </p>
   </div>
   <div class='ocr_carea' id='block_1_101' title="bbox 624 5632 2187 5707">
    <p class='ocr_par' dir='ltr' id='par_1_101' title="bbox 624 5632 2187 5707">
     <span class='ocr_line' id='line_1_101' title="bbox 624 5632 2187 5707; baseline 0.002 -18"><span class='ocrx_word' id='word_1_728' title='bbox 624 5634 745 5689; x_wconf 89' lang='lat' dir='ltr'><strong>davi</strong></span> <span class='ocrx_word' id='word_1_729' title='bbox 773 5644 828 5690; x_wconf 89' lang='lat' dir='ltr'><strong>et</strong></span> <span class='ocrx_word' id='word_1_730' title='bbox 867 5635 1063 5707; x_wconf 87' lang='lat' dir='ltr'><strong>abjeci.</strong></span> <span class='ocrx_word' id='word_1_731' title='bbox 1100 5634 1319 5701; x_wconf 83' lang='lat' dir='ltr'><strong>Verum,</strong></span> <span class='ocrx_word' id='word_1_732' title='bbox 1355 5634 1531 5705; x_wconf 89' lang='lat' dir='ltr'><strong>inquit</strong></span> <span class='ocrx_word' id='word_1_733' title='bbox 1561 5632 1809 5702; x_wconf 89' lang='lat' dir='ltr'><strong>Basilius,</strong></span> <span class='ocrx_word' id='word_1_734' title='bbox 1842 5648 2013 5697; x_wconf 83' lang='lat' dir='ltr'><strong>neque</strong></span> <span class='ocrx_word' id='word_1_735' title='bbox 2066 5648 2187 5692; x_wconf 88' lang='lat' dir='ltr'><strong>eam</strong></span> 
     </span>
    </p>
   </div>
   <div class='ocr_carea' id='block_1_102' title="bbox 698 5814 1171 5870">
    <p class='ocr_par' dir='ltr' id='par_1_102' title="bbox 698 5814 1171 5870">
     <span class='ocr_line' id='line_1_102' title="bbox 698 5814 1171 5870; baseline 0.002 -2"><span class='ocrx_word' id='word_1_736' title='bbox 698 5815 715 5846; x_wconf 75' lang='grc'><strong>⁸</strong></span> <span class='ocrx_word' id='word_1_737' title='bbox 741 5814 925 5870; x_wconf 81' lang='lat' dir='ltr'><strong>Matth.</strong></span> <span class='ocrx_word' id='word_1_738' title='bbox 951 5830 1077 5870; x_wconf 82' lang='lat' dir='ltr'><strong>xxiv</strong></span> <span class='ocrx_word' id='word_1_739' title='bbox 1116 5816 1171 5869; x_wconf 76' lang='grc'><strong>2.</strong></span> 
     </span>
    </p>
   </div>
   <div class='ocr_carea' id='block_1_103' title="bbox 2300 4627 3864 4697">
    <p class='ocr_par' dir='ltr' id='par_1_103' title="bbox 2300 4627 3864 4697">
     <span class='ocr_line' id='line_1_103' title="bbox 2300 4627 3864 4697; baseline 0.001 -17"><span class='ocrx_word' id='word_1_740' title='bbox 2300 4629 2539 4683; x_wconf 85' lang='lat' dir='ltr'><strong>viventes</strong></span> <span class='ocrx_word' id='word_1_741' title='bbox 2565 4640 2704 4683; x_wconf 87' lang='lat' dir='ltr'><strong>esset</strong></span> <span class='ocrx_word' id='word_1_742' title='bbox 2733 4628 2955 4683; x_wconf 86' lang='lat' dir='ltr'><strong>intuitus</strong></span> <span class='ocrx_word' id='word_1_743' title='bbox 2982 4646 2994 4682; x_wconf 92' lang='lat'><strong>:</strong></span> <span class='ocrx_word' id='word_1_744' title='bbox 3034 4639 3366 4697; x_wconf 87' lang='lat' dir='ltr'><strong>acceptaque</strong></span> <span class='ocrx_word' id='word_1_745' title='bbox 3397 4642 3627 4696; x_wconf 87' lang='lat' dir='ltr'><strong>corpora</strong></span> <span class='ocrx_word' id='word_1_746' title='bbox 3653 4627 3708 4681; x_wconf 91' lang='lat' dir='ltr'><strong>in</strong></span> <span class='ocrx_word' id='word_1_747' title='bbox 3738 4642 3864 4696; x_wconf 88' lang='lat' dir='ltr'><strong>quo-</strong></span> 
     </span>
    </p>
   </div>
   <div class='ocr_carea' id='block_1_104' title="bbox 2302 4716 3864 4786">
    <p class='ocr_par' dir='ltr' id='par_1_104' title="bbox 2302 4716 3864 4786">
     <span class='ocr_line' id='line_1_104' title="bbox 2302 4716 3864 4786; baseline 0 -15"><span class='ocrx_word' id='word_1_748' title='bbox 2302 4719 2424 4771; x_wconf 85' lang='lat' dir='ltr'><strong>dam</strong></span> <span class='ocrx_word' id='word_1_749' title='bbox 2454 4718 2572 4774; x_wconf 94' lang='lat' dir='ltr'><strong>loco</strong></span> <span class='ocrx_word' id='word_1_750' title='bbox 2600 4719 2847 4786; x_wconf 91' lang='lat' dir='ltr'><strong>deposuit</strong></span> <span class='ocrx_word' id='word_1_751' title='bbox 2894 4721 3066 4773; x_wconf 89' lang='lat' dir='ltr'><strong>donec</strong></span> <span class='ocrx_word' id='word_1_752' title='bbox 3109 4717 3436 4773; x_wconf 74' lang='lat' dir='ltr'><strong>aediﬁcandae</strong></span> <span class='ocrx_word' id='word_1_753' title='bbox 3475 4716 3579 4771; x_wconf 88' lang='lat' dir='ltr'><strong>illis</strong></span> <span class='ocrx_word' id='word_1_754' title='bbox 3622 4716 3864 4773; x_wconf 65' lang='lat' dir='ltr'><strong>ecclesia:</strong></span> 
     </span>
    </p>
   </div>
   <div class='ocr_carea' id='block_1_105' title="bbox 2295 4810 3864 4880">
    <p class='ocr_par' dir='ltr' id='par_1_105' title="bbox 2295 4810 3864 4880">
     <span class='ocr_line' id='line_1_105' title="bbox 2295 4810 3864 4880; baseline 0 -16"><span class='ocrx_word' id='word_1_755' title='bbox 2295 4810 2503 4880; x_wconf 87' lang='lat' dir='ltr'><strong>copiam</strong></span> <span class='ocrx_word' id='word_1_756' title='bbox 2540 4811 2961 4865; x_wconf 87' lang='lat' dir='ltr'><strong>nancisceretur.</strong></span> <span class='ocrx_word' id='word_1_757' title='bbox 2990 4810 3229 4877; x_wconf 89' lang='lat' dir='ltr'><strong>Quodam</strong></span> <span class='ocrx_word' id='word_1_758' title='bbox 3256 4810 3342 4865; x_wconf 87' lang='lat' dir='ltr'><strong>die</strong></span> <span class='ocrx_word' id='word_1_759' title='bbox 3380 4824 3501 4864; x_wconf 88' lang='lat' dir='ltr'><strong>cum</strong></span> <span class='ocrx_word' id='word_1_760' title='bbox 3528 4810 3864 4865; x_wconf 81' lang='lat' dir='ltr'><strong>Athanasius</strong></span> 
     </span>
    </p>
   </div>
   <div class='ocr_carea' id='block_1_106' title="bbox 2295 4906 3861 4976">
    <p class='ocr_par' dir='ltr' id='par_1_106' title="bbox 2295 4906 3861 4976">
     <span class='ocr_line' id='line_1_106' title="bbox 2295 4906 3861 4976; baseline 0 -17"><span class='ocrx_word' id='word_1_761' title='bbox 2295 4906 2438 4959; x_wconf 88' lang='lat' dir='ltr'><strong>domi</strong></span> <span class='ocrx_word' id='word_1_762' title='bbox 2468 4906 2700 4972; x_wconf 88' lang='lat' dir='ltr'><strong>sederet,</strong></span> <span class='ocrx_word' id='word_1_763' title='bbox 2739 4906 3004 4976; x_wconf 88' lang='lat' dir='ltr'><strong>simulque</strong></span> <span class='ocrx_word' id='word_1_764' title='bbox 3039 4907 3221 4960; x_wconf 85' lang='lat' dir='ltr'><strong>ﬁdeles</strong></span> <span class='ocrx_word' id='word_1_765' title='bbox 3254 4906 3407 4960; x_wconf 90' lang='lat' dir='ltr'><strong>multi</strong></span> <span class='ocrx_word' id='word_1_766' title='bbox 3438 4907 3504 4959; x_wconf 90' lang='lat' dir='ltr'><strong>ad</strong></span> <span class='ocrx_word' id='word_1_767' title='bbox 3534 4907 3861 4961; x_wconf 85' lang='lat' dir='ltr'><strong>audiendum</strong></span> 
     </span>
    </p>
   </div>
   <div class='ocr_carea' id='block_1_107' title="bbox 2293 4999 3860 5067">
    <p class='ocr_par' dir='ltr' id='par_1_107' title="bbox 2293 4999 3860 5067">
     <span class='ocr_line' id='line_1_107' title="bbox 2293 4999 3860 5067; baseline 0 -16"><span class='ocrx_word' id='word_1_768' title='bbox 2293 5011 2594 5052; x_wconf 86' lang='lat' dir='ltr'><strong>sermonem</strong></span> <span class='ocrx_word' id='word_1_769' title='bbox 2622 4999 2759 5067; x_wconf 90' lang='lat' dir='ltr'><strong>ejus.</strong></span> <span class='ocrx_word' id='word_1_770' title='bbox 2790 4999 2840 5051; x_wconf 93' lang='lat' dir='ltr'><strong>in</strong></span> <span class='ocrx_word' id='word_1_771' title='bbox 2871 5013 2975 5067; x_wconf 91' lang='lat' dir='ltr'><strong>quo</strong></span> <span class='ocrx_word' id='word_1_772' title='bbox 3002 5000 3107 5052; x_wconf 91' lang='lat' dir='ltr'><strong>vita</strong></span> <span class='ocrx_word' id='word_1_773' title='bbox 3140 5008 3260 5051; x_wconf 90' lang='lat' dir='ltr'><strong>erat</strong></span> <span class='ocrx_word' id='word_1_774' title='bbox 3293 4999 3597 5053; x_wconf 86' lang='lat' dir='ltr'><strong>animarum</strong></span> <span class='ocrx_word' id='word_1_775' title='bbox 3628 5000 3860 5059; x_wconf 85' lang='lat' dir='ltr'><strong>illorum,</strong></span> 
     </span>
    </p>
   </div>
   <div class='ocr_carea' id='block_1_108' title="bbox 2292 5088 3860 5159">
    <p class='ocr_par' dir='ltr' id='par_1_108' title="bbox 2292 5088 3860 5159">
     <span class='ocr_line' id='line_1_108' title="bbox 2292 5088 3860 5159; baseline 0 -16"><span class='ocrx_word' id='word_1_776' title='bbox 2292 5088 2484 5143; x_wconf 88' lang='lat' dir='ltr'><strong>levavit</strong></span> <span class='ocrx_word' id='word_1_777' title='bbox 2515 5090 2717 5153; x_wconf 88' lang='lat' dir='ltr'><strong>oculos,</strong></span> <span class='ocrx_word' id='word_1_778' title='bbox 2746 5090 3045 5157; x_wconf 89' lang='lat' dir='ltr'><strong>vidensque</strong></span> <span class='ocrx_word' id='word_1_779' title='bbox 3065 5088 3230 5142; x_wconf 90' lang='lat' dir='ltr'><strong>colles</strong></span> <span class='ocrx_word' id='word_1_780' title='bbox 3265 5089 3402 5143; x_wconf 90' lang='lat' dir='ltr'><strong>duos</strong></span> <span class='ocrx_word' id='word_1_781' title='bbox 3428 5104 3459 5142; x_wconf 90' lang='lat' dir='ltr'><strong>e</strong></span> <span class='ocrx_word' id='word_1_782' title='bbox 3509 5088 3740 5159; x_wconf 85' lang='lat' dir='ltr'><strong>regione</strong></span> <span class='ocrx_word' id='word_1_783' title='bbox 3762 5088 3860 5143; x_wconf 84' lang='lat' dir='ltr'><strong>loci</strong></span> 
     </span>
    </p>
   </div>
   <div class='ocr_carea' id='block_1_109' title="bbox 2293 5178 3861 5249">
    <p class='ocr_par' dir='ltr' id='par_1_109' title="bbox 2293 5178 3861 5249">
     <span class='ocr_line' id='line_1_109' title="bbox 2293 5178 3861 5249; baseline -0.001 -16"><span class='ocrx_word' id='word_1_784' title='bbox 2293 5181 2346 5233; x_wconf 92' lang='lat' dir='ltr'><strong>in</strong></span> <span class='ocrx_word' id='word_1_785' title='bbox 2378 5195 2483 5248; x_wconf 89' lang='lat' dir='ltr'><strong>quo</strong></span> <span class='ocrx_word' id='word_1_786' title='bbox 2516 5189 2652 5245; x_wconf 81' lang='lat' dir='ltr'><strong>erat,</strong></span> <span class='ocrx_word' id='word_1_787' title='bbox 2701 5181 2834 5233; x_wconf 82' lang='lat' dir='ltr'><strong>dixit</strong></span> <span class='ocrx_word' id='word_1_788' title='bbox 2864 5198 2877 5233; x_wconf 91' lang='lat'><strong>:</strong></span> <span class='ocrx_word' id='word_1_789' title='bbox 2916 5180 3148 5249; x_wconf 90' lang='lat' dir='ltr'><strong>Tempus</strong></span> <span class='ocrx_word' id='word_1_790' title='bbox 3168 5179 3279 5247; x_wconf 91' lang='lat' dir='ltr'><strong>jam</strong></span> <span class='ocrx_word' id='word_1_791' title='bbox 3312 5178 3510 5247; x_wconf 88' lang='lat' dir='ltr'><strong>reperi,</strong></span> <span class='ocrx_word' id='word_1_792' title='bbox 3538 5192 3649 5247; x_wconf 90' lang='lat' dir='ltr'><strong>quo</strong></span> <span class='ocrx_word' id='word_1_793' title='bbox 3705 5194 3861 5248; x_wconf 90' lang='lat' dir='ltr'><strong>super</strong></span> 
     </span>
    </p>
   </div>
   <div class='ocr_carea' id='block_1_110' title="bbox 2293 5269 3862 5339">
    <p class='ocr_par' dir='ltr' id='par_1_110' title="bbox 2293 5269 3862 5339">
     <span class='ocr_line' id='line_1_110' title="bbox 2293 5269 3862 5339; baseline 0.001 -15"><span class='ocrx_word' id='word_1_794' title='bbox 2293 5272 2412 5325; x_wconf 86' lang='lat' dir='ltr'><strong>illos</strong></span> <span class='ocrx_word' id='word_1_795' title='bbox 2445 5272 2610 5325; x_wconf 89' lang='lat' dir='ltr'><strong>colles</strong></span> <span class='ocrx_word' id='word_1_796' title='bbox 2636 5272 2895 5326; x_wconf 66' lang='lat' dir='ltr'><strong>aediﬁcem</strong></span> <span class='ocrx_word' id='word_1_797' title='bbox 2946 5270 3226 5325; x_wconf 90' lang='lat' dir='ltr'><strong>ecclesiam</strong></span> <span class='ocrx_word' id='word_1_798' title='bbox 3271 5269 3465 5325; x_wconf 90' lang='lat' dir='ltr'><strong>Joanni</strong></span> <span class='ocrx_word' id='word_1_799' title='bbox 3516 5269 3775 5339; x_wconf 78' lang='lat' dir='ltr'><strong>Baptistae</strong></span> <span class='ocrx_word' id='word_1_800' title='bbox 3809 5280 3862 5325; x_wconf 89' lang='lat' dir='ltr'><strong>et</strong></span> 
     </span>
    </p>
   </div>
   <div class='ocr_carea' id='block_1_111' title="bbox 2297 5350 3858 5433">
    <p class='ocr_par' dir='ltr' id='par_1_111' title="bbox 2297 5350 3858 5433">
     <span class='ocr_line' id='line_1_111' title="bbox 2297 5350 3858 5433; baseline -0.002 -17"><span class='ocrx_word' id='word_1_801' title='bbox 2297 5363 2490 5417; x_wconf 75' lang='lat' dir='ltr'><strong>Eliszeo</strong></span> <span class='ocrx_word' id='word_1_802' title='bbox 2520 5364 2814 5433; x_wconf 64' lang='lat' dir='ltr'><strong>prophetae.</strong></span> <span class='ocrx_word' id='word_1_803' title='bbox 2844 5360 3173 5431; x_wconf 89' lang='lat' dir='ltr'><strong>Theophilus</strong></span> <span class='ocrx_word' id='word_1_804' title='bbox 3190 5359 3308 5428; x_wconf 88' lang='lat' dir='ltr'><strong>ejus</strong></span> <span class='ocrx_word' id='word_1_805' title='bbox 3328 5350 3503 5415; x_wconf 89' lang='lat' dir='ltr'><strong>scriba</strong></span> <span class='ocrx_word' id='word_1_806' title='bbox 3539 5362 3765 5425; x_wconf 79' lang='lat' dir='ltr'><strong>sedebat</strong></span> <span class='ocrx_word' id='word_1_807' title='bbox 3796 5360 3858 5414; x_wconf 89' lang='lat' dir='ltr'><strong>ad</strong></span> 
     </span>
    </p>
   </div>
   <div class='ocr_carea' id='block_1_112' title="bbox 2295 5450 3860 5525">
    <p class='ocr_par' dir='ltr' id='par_1_112' title="bbox 2295 5450 3860 5525">
     <span class='ocr_line' id='line_1_112' title="bbox 2295 5450 3860 5525; baseline -0.003 -18"><span class='ocrx_word' id='word_1_808' title='bbox 2295 5470 2534 5510; x_wconf 84' lang='lat' dir='ltr'><strong>mensam</strong></span> <span class='ocrx_word' id='word_1_809' title='bbox 2575 5470 2742 5525; x_wconf 92' lang='lat' dir='ltr'><strong>prope</strong></span> <span class='ocrx_word' id='word_1_810' title='bbox 2766 5456 2937 5521; x_wconf 93' lang='lat' dir='ltr'><strong>illum,</strong></span> <span class='ocrx_word' id='word_1_811' title='bbox 2970 5468 3092 5509; x_wconf 91' lang='lat' dir='ltr'><strong>cum</strong></span> <span class='ocrx_word' id='word_1_812' title='bbox 3134 5452 3256 5507; x_wconf 92' lang='lat' dir='ltr'><strong>aliis</strong></span> <span class='ocrx_word' id='word_1_813' title='bbox 3282 5452 3529 5507; x_wconf 87' lang='lat' dir='ltr'><strong>ﬁdelibus</strong></span> <span class='ocrx_word' id='word_1_814' title='bbox 3560 5450 3768 5517; x_wconf 90' lang='lat' dir='ltr'><strong>multis,</strong></span> <span class='ocrx_word' id='word_1_815' title='bbox 3808 5460 3860 5505; x_wconf 89' lang='lat' dir='ltr'><strong>et</strong></span> 
     </span>
    </p>
   </div>
   <div class='ocr_carea' id='block_1_113' title="bbox 2294 5544 3859 5617">
    <p class='ocr_par' dir='ltr' id='par_1_113' title="bbox 2294 5544 3859 5617">
     <span class='ocr_line' id='line_1_113' title="bbox 2294 5544 3859 5617; baseline -0.001 -19"><span class='ocrx_word' id='word_1_816' title='bbox 2294 5544 2408 5599; x_wconf 83' lang='lat' dir='ltr'><strong>haec</strong></span> <span class='ocrx_word' id='word_1_817' title='bbox 2440 5549 2602 5602; x_wconf 85' lang='lat' dir='ltr'><strong>verba</strong></span> <span class='ocrx_word' id='word_1_818' title='bbox 2651 5561 2771 5600; x_wconf 90' lang='lat' dir='ltr'><strong>cum</strong></span> <span class='ocrx_word' id='word_1_819' title='bbox 2798 5547 3078 5610; x_wconf 88' lang='lat' dir='ltr'><strong>audiisset,</strong></span> <span class='ocrx_word' id='word_1_820' title='bbox 3112 5546 3353 5601; x_wconf 89' lang='lat' dir='ltr'><strong>servavit</strong></span> <span class='ocrx_word' id='word_1_821' title='bbox 3379 5544 3517 5617; x_wconf 87' lang='lat' dir='ltr'><strong>apud</strong></span> <span class='ocrx_word' id='word_1_822' title='bbox 3540 5559 3623 5600; x_wconf 89' lang='lat' dir='ltr'><strong>se.</strong></span> <span class='ocrx_word' id='word_1_823' title='bbox 3656 5544 3859 5600; x_wconf 86' lang='lat' dir='ltr'><strong>Interea</strong></span> 
     </span>
    </p>
   </div>
   <div class='ocr_carea' id='block_1_114' title="bbox 2293 5634 3860 5708">
    <p class='ocr_par' dir='ltr' id='par_1_114' title="bbox 2293 5634 3860 5708">
     <span class='ocr_line' id='line_1_114' title="bbox 2293 5634 3860 5708; baseline -0.001 -17"><span class='ocrx_word' id='word_1_824' title='bbox 2293 5634 2560 5693; x_wconf 83' lang='lat' dir='ltr'><strong>Juliauum</strong></span> <span class='ocrx_word' id='word_1_825' title='bbox 2614 5637 2995 5708; x_wconf 84' lang='lat' dir='ltr'><strong>imperatorem</strong></span> <span class='ocrx_word' id='word_1_826' title='bbox 3041 5644 3369 5708; x_wconf 90' lang='lat' dir='ltr'><strong>apostatam.</strong></span> <span class='ocrx_word' id='word_1_827' title='bbox 3417 5651 3538 5694; x_wconf 90' lang='lat' dir='ltr'><strong>cum</strong></span> <span class='ocrx_word' id='word_1_828' title='bbox 3588 5638 3641 5694; x_wconf 91' lang='lat' dir='ltr'><strong>in</strong></span> <span class='ocrx_word' id='word_1_829' title='bbox 3667 5635 3860 5695; x_wconf 87' lang='lat' dir='ltr'><strong>Persas</strong></span> 
     </span>
    </p>
   </div>
  </div>
