4010 6528
1078 463 1235 519 VITA
1275 461 1331 517 S.
1373 459 1745 517 ATHANASII
1786 458 1879 514 EX
1915 458 2213 514 ARABICO
2254 456 2497 512 VERSA.

3302 469 3411 511 (ΖΕιὶ

213 571 418 643 proiectus
455 583 649 641 esset,
721 576 949 633 tradidit
979 578 1113 635 Deus
1156 580 1209 634 in
1252 580 1487 636 hostium
1544 578 1762 634 suorum
1792 579 1840 637 Α
1868 575 2095 631 triarcha
2152 576 2203 630 in
2245 572 2545 644 provincias
2588 570 2823 642 Egy‘pti,
2871 569 2960 625 uhi
3007 570 3155 626 lecta:
3197 580 3317 624 sunt
3371 573 3418 623 in

216 677 366 730 manus,
389 674 752 724 sanctorum
785 683 951 724 causa
980 684 1111 740 quos
1131 670 1183 725 in
1206 671 1417 725 vincula
1454 668 1763 739 conjecerat

1864 656 2109 724 ecclesiis
2149 671 2213 723 ad
2255 665 2647 723 conﬁrmandos
2692 673 2744 718 et
2796 663 3173 721 confortandos
3219 662 3418 717 ﬁdeles.

216 766 301 812 ante
327 756 776 828 profectionem,
810 769 1075 817 eteorum
1125 778 1243 832 quae
1269 763 1373 818 illis
1406 762 1764 818 comminatus
1864 758 2082 829 Expulsi
2139 760 2301 815 etiam
2369 761 2582 815 fuerunt
2639 766 2935 814 sectatores
2991 756 3123 821 Arii,
3194 754 3423 809 Vincen-

219 847 360 903 iuerat.
390 846 600 903 Mortis
639 848 775 918 ejus
804 850 925 906 talis
951 851 1083 906 ratio
1111 850 1208 906 fuit
1227 869 1240 905 :
1262 852 1426 907 Nocte
1450 852 1583 907 vidit
1602 866 1766 921 quos-

220 939 307 994 dam
334 938 531 994 milites
567 941 826 1011 desuper
854 958 920 997 ex
946 956 1070 997 aere
1093 942 1144 997 in
1171 959 1290 998 eum
1316 944 1603 1010 irruentes,
1639 958 1767 1012 quo-

223 1045 310 1084 rum
334 1044 466 1085 unus
497 1029 714 1087 lancea
768 1034 1036 1103 percussit
1062 1048 1183 1089 eum
1220 1035 1272 1090 in
1305 1034 1500 1104 capite,
1536 1026 1765 1104 eamque

222 1122 361 1192 adegit
386 1135 565 1192 usque
620 1122 680 1177 in
718 1133 968 1179 ventrem
1007 1123 1139 1192 ejus.
1171 1125 1442 1181 Intellexit
1463 1125 1611 1179 illum
1646 1138 1766 1180 esse

225 1212 418 1281 aliquem
459 1226 533 1266 ex
564 1214 912 1283 martyribus
940 1254 957 1280 ,
986 1214 1328 1286 implevitque
1368 1230 1583 1268 manum
1613 1229 1765 1269 suam

220 1302 450 1373 sanguine
470 1319 643 1374 quem
694 1321 916 1361 sursum
946 1306 1154 1375 jaciens
1188 1307 1325 1361 dixit
1362 1323 1375 1359 :
1409 1308 1604 1376 Accipe
1638 1307 1764 1373 hoc,

217 1393 339 1458 Iesu,
379 1408 581 1466 nempe
614 1396 804 1451 locum
850 1397 1110 1468 integrum
1142 1398 1311 1467 capis.
1343 1398 1419 1452 lta
1469 1413 1591 1454 cum
1621 1397 1768 1453 blas-

211 1486 519 1556 phemasset,
552 1488 773 1542 corruit
805 1498 1068 1553 mortuus,
1114 1489 1463 1558 liberavitque
1498 1490 1639 1545 Deus
1672 1504 1768 1559 po-

210 1574 371 1645 pulum
402 1592 588 1644 suum,
621 1576 969 1649 Romanique
1016 1578 1078 1633 ad
1107 1582 1347 1650 proprias
1373 1581 1527 1636 sedes
1567 1581 1769 1637 reversi

204 1676 332 1722 sunt.
360 1666 569 1724 Triduo
622 1678 811 1724 autem
849 1681 971 1725 ante
1007 1681 1232 1726 mortem
1291 1670 1510 1740 Iuliani,
1542 1672 1772 1729 Basilius
1860 1696 1863 1697 ν

200 1771 311 1813 cum
335 1767 485 1814 esset
525 1759 582 1814 in
607 1775 860 1829 carcere,
904 1761 1162 1831 evigilans
1194 1778 1224 1818 a
1259 1778 1447 1819 somno
1473 1764 1608 1820 dixit
1638 1765 1772 1820 duo-

196 1849 290 1905 bus
328 1851 422 1920 qui
450 1865 645 1907 secum
693 1862 858 1909 erant
883 1871 899 1909 :
927 1853 1044 1909 Vidi
1076 1856 1175 1910 hac
1198 1864 1353 1911 nocte
1390 1855 1447 1911 S.
1479 1865 1769 1927 martyrem

195 1939 520 1997 Mercurium
570 1943 875 1999 intrantem
917 1944 968 2000 in
1010 1946 1290 2002 ecclesiam
1315 1962 1486 2015 suam;
1520 1949 1592 2004 ibi
1620 1964 1773 2004 acce-

191 2034 500 2102 pithastam
525 2050 707 2102 suam,
745 2046 805 2091 et
826 2038 960 2091 dixit
988 2053 1001 2090 :
1039 2037 1197 2094 Certe
1226 2054 1330 2093 non
1358 2040 1528 2097 sinam
1552 2040 1769 2110 impium

188 2122 333 2177 hunc
354 2124 755 2193 blasphemare
794 2126 1052 2182 adversus
1077 2127 1240 2182 Deum
1271 2143 1465 2183 meum.
1496 2128 1618 2184 Haec
1652 2146 1771 2185 cum

188 2214 423 2270 dixisset
445 2215 722 2286 disparuit
739 2218 812 2273 ab
843 2218 1014 2274 oculis
1030 2218 1162 2273 meis
1179 2233 1356 2288 neque
1382 2219 1609 2288 amplius
1626 2221 1769 2274 illum

187 2306 401 2375 aspexi.
442 2306 691 2378 Uterque
739 2309 958 2364 illorum
1009 2310 1144 2364 dixit
1197 2312 1262 2366 ad
1306 2324 1428 2365 eum
1464 2329 1477 2365 :
1514 2312 1772 2382 Equidem

187 2396 298 2451 vidi
345 2412 574 2468 quoque
623 2398 762 2453 illud
788 2400 986 2469 ipsum.
1037 2400 1169 2456 Tum
1213 2402 1352 2459 inter
1395 2420 1453 2459 se
1476 2406 1770 2461 dixerunt:

188 2487 486 2545 Credimus
520 2490 773 2560 profecto
805 2506 956 2558 vere,
982 2494 1121 2562 quod
1155 2509 1240 2550 res
1269 2496 1373 2549 ista
1396 2496 1503 2551 (iet.
1522 2495 1779 2552 Miserunt

192 2580 360 2651 igitur
398 2582 467 2636 ad
505 2582 805 2639 ecclesiam
852 2584 1104 2655 martyris
1132 2583 1401 2652 Mercurii,
1430 2589 1519 2659 qui
1549 2589 1777 2661 inspice-

186 2680 308 2724 rent
338 2671 599 2727 lanceam
646 2672 768 2744 ejus
827 2688 947 2742 qua:
976 2673 1087 2729 illic
1117 2686 1250 2747 erat,
1280 2684 1457 2731 utrum
1485 2677 1592 2734 illic
1639 2689 1781 2735 esset

185 2770 279 2815 aut
311 2777 426 2817 non
459 2779 475 2815 :
502 2776 569 2817 ea
603 2776 713 2818 non
747 2762 989 2829 inventa,
1020 2774 1218 2820 certam
1247 2767 1554 2825 habuerunt
1588 2772 1779 2826 somnii

186 2854 506 2911 veritatem.
539 2855 743 2926 Elapso
795 2854 975 2910 triduo
1017 2856 1208 2911 littera:
1235 2868 1288 2913 et
1325 2861 1494 2915 nuntii
1524 2860 1589 2915 de
1612 2872 1783 2916 morte

180 2941 395 3000 Iuliani
436 2946 803 3001 Antiochiam
853 2956 1228 3016 pervenerunt.
1265 2948 1649 3021 Principesque
1678 2952 1779 3005 im-

174 3037 325 3105 perii
350 3038 676 3108 congregati
695 3039 875 3093 virum
890 3039 1100 3094 nomine
1115 3038 1392 3096 Iovianum
1413 3042 1478 3097 ad
1500 3042 1783 3111 imperium

177 3138 517 3185 avexerunt.
556 3129 692 3184 Erat
730 3129 825 3184 ille
850 3129 1037 3195 fidelis,
1065 3142 1302 3200 sanctus,
1325 3133 1518 3189 timens
1550 3133 1716 3188 Deum
1751 3148 1781 3187 a

174 3216 472 3285 juventute
498 3231 604 3273 sua
640 3235 654 3271 :
684 3227 737 3271 et
761 3219 945 3273 Statim
972 3232 1131 3289 atque
1163 3221 1447 3292 capessivit
1481 3222 1782 3292 imperium,

178 3307 384 3364 Patres
416 3323 449 3365 e
482 3324 718 3365 carcere
772 3309 1005 3365 liberare
1030 3310 1209 3379 jussit.
1237 3315 1311 3367 lta
1338 3300 1683 3382 comprobata
1704 3322 1785 3368 est

180 3400 398 3456 veritas
420 3404 706 3458 sermonis
736 3417 898 3472 quem
923 3403 1148 3458 Basilius
1176 3404 1420 3461 columna
1444 3403 1688 3461 veritatis
1719 3406 1785 3459 ad

181 3489 468 3549 lulianum
514 3504 829 3563 apostatam
874 3494 1155 3561 habuerat,
1180 3496 1321 3566 quod
1356 3496 1627 3551 rediturus
1679 3510 1785 3549 non

187 3595 356 3649 esset,
385 3600 549 3655 atque
578 3600 648 3639 ac
686 3582 836 3655 quod
876 3583 1121 3640 Michaeas
1160 3587 1415 3656 propheta
1445 3586 1665 3642 Achabo
1688 3587 1788 3641 im-

191 3676 277 3745 pio
299 3676 685 3732 Israelitarum
719 3675 834 3745 regi
867 3675 1204 3745 praedixerat.
1238 3676 1379 3733 Deus
1410 3678 1552 3733 enim
1581 3678 1672 3748 qui
1708 3677 1787 3732 fa-

195 3766 265 3820 cit
297 3767 612 3831 mirabilia,
641 3768 756 3836 ipse
774 3766 1054 3820 amborum
1085 3768 1355 3838 propheta:
1383 3768 1592 3824 scilicet
1606 3769 1784 3835 istius,

200 3866 250 3909 et
278 3860 452 3913 sancti
480 3858 637 3913 illius
680 3856 866 3911 Patris
890 3856 1028 3912 Deus
1048 3868 1183 3926 erat,
1210 3861 1298 3929 qui
1319 3861 1600 3931 utriusque
1625 3862 1789 3916 verba

204 3960 416 4020 accepta
478 3950 703 4007 habuit.
766 3948 1023 4005 Jovianus
1072 3944 1261 4007 deinde
1298 3962 1408 4007 tres
1442 3954 1561 4009 illos
1601 3952 1791 4009 Patres

207 4044 383 4099 venire
420 4044 491 4099 ad
544 4058 611 4099 se
657 4042 868 4111 jussus,
915 4043 1118 4099 honore
1158 4044 1355 4109 all‘ecit,
1390 4046 1662 4115 multaque
1688 4044 1791 4099 illis

214 4133 423 4202 largitus
451 4148 692 4189 munera
720 4146 816 4189 eos
842 4134 909 4188 ad
935 4134 1088 4190 sedes
1119 4151 1241 4191 suas
1269 4136 1792 4193 dimisit.0rationes

217 4240 323 4295 qua:
345 4228 397 4283 in
424 4227 685 4284 ecclesiis
710 4225 829 4281 ﬁeri
860 4225 1034 4281 solent
1057 4225 1447 4298 frequentabat.
1478 4228 1633 4283 Dedit
1659 4241 1790 4296 quo-

221 4332 310 4387 que
335 4322 399 4376 ad
426 4320 809 4376 Athanasium
856 4319 1215 4389 patriarcham
1245 4321 1671 4377 Alexandrinum
1703 4318 1791 4375 lit--

226 4418 365 4481 teras,
396 4414 447 4471 in
503 4411 723 4485 quibus
755 4410 832 4466 ita
886 4424 1007 4465 eum
1062 4411 1469 4484 alloquebatur:
1512 4411 1557 4469 Ο
1611 4410 1789 4476 Pater,

226 4514 384 4571 pastor
415 4522 547 4562 vere
571 4514 633 4562 et
664 4502 849 4559 ﬁdelis
894 4502 1150 4559 Athanasi
1186 4515 1396 4575 martyr
1424 4504 1651 4566 Christi.
1702 4504 1792 4574 qui

1867 850 1994 917 tius,
2020 860 2221 908 etc.....

1935 984 2123 1040 Postea
2177 985 2393 1054 quidam
2447 984 2661 1040 illorum
2701 981 2986 1051 Jovianum
3046 980 3423 1049 imperatorem

1869 1078 2150 1143 adeuntes,
2193 1077 2441 1146 querelas
2469 1087 2656 1134 contra
2688 1075 3039 1142 Athanasium
3087 1072 3421 1134 detulerunt;

1869 1182 2095 1234 quarum
2149 1166 2238 1221 ille
2282 1167 2483 1221 nullam
2531 1166 2791 1220 rationem
2832 1165 3039 1224 habuit.
3092 1166 3427 1231 perspectam

1868 1254 2074 1310 habens
2102 1254 2315 1309 illorum
2346 1254 2623 1308 malitiam.
2655 1251 2771 1307 Jain
2816 1247 2950 1307 vero
2978 1251 3301 1305 Athanasius
3340 1263 3429 1302 se.

1868 1356 2061 1402 nuerat
2092 1361 2214 1401 cum
2247 1346 2443 1402 multos
2497 1354 2653 1400 antea
2709 1343 2991 1399 TraCtatus
3039 1351 3093 1396 et
3146 1340 3428 1397 Orationes

1868 1438 2196 1506 scripsisset.
2234 1435 2464 1506 Scripsit
2505 1435 2645 1489 inter
2679 1434 2781 1489 alia
2814 1434 2882 1489 de
2926 1431 3307 1487 Melchisedeco
3334 1448 3347 1483 :
3375 1441 3429 1484 et

1868 1528 1934 1584 de
1966 1527 2127 1583 Patre
2166 1527 2420 1595 Antonio,
2446 1525 2597 1593 cujus
2628 1525 2789 1580 vitam
2836 1523 3141 1592 descripsit.
3168 1521 3429 1576 Prazterea

1869 1620 2219 1691 quadraginta
2248 1629 2451 1688 septem
2472 1617 2837 1673 Heortastieas
2866 1628 2961 1670 seu
2990 1612 3277 1668 Paschales
3310 1612 3432 1681 Epi-

1870 1711 2055 1775 stolas,
2087 1712 2152 1766 de
2175 1724 2354 1776 cruce,
2387 1710 2451 1765 de
2467 1709 2676 1763 Christo
2706 1706 2952 1771 Domino,
2985 1704 3125 1774 quod
3154 1718 3279 1773 erga
3313 1718 3434 1757 eum

1872 1804 2117 1860 diabolus
2163 1803 2301 1856 nihil
2330 1802 2544 1867 viderit,
2590 1798 2905 1854 existimans
2936 1796 3082 1851 illum
3103 1810 3219 1849 esse
3246 1809 3435 1861 purum

1803 1926 1845 1986 Β
1872 1896 2166 1960 hominem,
2200 1902 2255 1949 et
2297 1908 2421 1956 cum
2472 1892 2539 1947 ad
2566 1906 2687 1946 eum
2718 1890 2950 1946 accessit
2980 1888 3270 1943 anathema
3306 1885 3438 1940 dixit

1872 1986 1974 2057 ipsi
2005 1986 2056 2041 iu
2090 1984 2284 2040 faciem
2341 1983 2619 2047 Dominus,
2667 1982 2832 2051 digito
2880 1995 2988 2035 uno
3025 1979 3117 2049 qui
3150 1975 3437 2031 auriculari

1871 2080 2149 2149 proximus
2186 2086 2267 2131 est
2297 2085 2387 2131 :et
2423 2090 2546 2130 eum
2576 2073 2842 2143 destruxit
2866 2071 3080 2141 quando
3122 2068 3438 2139 (apostolos)

1873 2168 2103 2224 vicarius
2130 2182 2256 2222 suos
2286 2166 2585 2221 constituit.
2613 2164 2815 2233 Nempe
2848 2170 3165 2232 potestatem
3196 2158 3309 2226 ejus
3330 2158 3440 2212 disv

1874 2260 2068 2330 sipavit
2095 2269 2151 2314 et
2188 2257 2424 2313 abolevit
2452 2256 2826 2325 inlirmamque
2870 2252 3101 2308 reddidit
3132 2270 3143 2305 :
3179 2250 3441 2307 ostendit-

1874 2368 1979 2422 que
2023 2352 2177 2408 nobis
2233 2365 2291 2406 se
2346 2364 2443 2419 per
2488 2348 2852 2423 inﬁrmitatem
2902 2345 3094 2399 vicisse
3148 2342 3440 2412 potentiam

1876 2443 2106 2498 diaboli:
2132 2458 2196 2499 eo
2227 2443 2369 2496 enim
2411 2442 2580 2510 digito
2613 2440 2701 2509 qui
2733 2447 2816 2493 est
2842 2436 2909 2491 ab
2934 2426 3437 2490 auriculdrisecun-

1878 2535 1997 2599 dus,
2027 2532 2185 2587 homo
2211 2531 2341 2585 nihil
2366 2532 2477 2600 agit
2509 2544 2630 2584 cum
2659 2528 2731 2583 sit
2756 2527 3044 2597 digitorum
3073 2522 3393 2579 imbecillior
3424 2540 3441 2576 :

1879 2626 1972 2681 sed
1994 2639 2165 2693 neque
2197 2624 2373 2679 subito
2397 2622 2523 2676 illud
2555 2604 2843 2692 aggressus
2864 2626 2969 2682 est,
3002 2617 3094 2671 sed
3124 2623 3441 2684 potestatem

1879 2716 1993 2785 ejus
2016 2716 2228 2774 inanem
2265 2713 2510 2785 reddidit,
2535 2713 2672 2766 sicut
2704 2712 2756 2765 in
2787 2710 2990 2779 psalmo
3012 2722 3155 2761 vau
3186 2706 3445 2775 scriptum

1880 2816 1965 2861 est
1994 2824 2006 2858 :
2051 2803 2314 2873 Exsurgat
2344 2801 2477 2856 Deus
2495 2811 2540 2855 et
2564 2803 2829 2869 disperdat
2860 2799 3098 2851 inimicas
3131 2814 3275 2850 suos.
3304 2795 3446 2851 Scri-

1883 2896 1991 2966 psit
2015 2894 2176 2949 etiam
2204 2892 2530 2948 Athanasius
2555 2891 2658 2945 alia
2712 2890 2877 2944 multa
2909 2903 3027 2957 qua:
3060 2887 3127 2941 ad
3146 2888 3441 2941 doctrinam

1884 2985 2248 3041 Christianam
2278 2991 2587 3052 spectantet
2619 2981 2721 3034 alia
2754 2982 3053 3034 innumera.
3077 2978 3157 3032 Ad
3189 2978 3442 3032 Basilium

1884 3090 2095 3147 quoque
2122 3076 2326 3129 litteras
2352 3072 2515 3129 semel
2537 3080 2591 3126 et
2625 3073 2814 3124 iterum
2835 3070 3073 3139 scripsit,
3106 3070 3169 3123 ad
3199 3082 3332 3137 quas
3359 3068 3445 3121 ille

1885 3167 2183 3241 respondit.
2225 3166 2354 3220 item
2396 3164 2463 3219 ad
2514 3162 2797 3217 Arsenium
2844 3160 2909 3214 de
2958 3168 3129 3214 morte
3178 3157 3443 3214 Theodori

1814 3275 1855 3333 ο
1888 3240 2300 3323 consolatorias,
2330 3257 2381 3310 in
2413 3255 2608 3325 quibus
2642 3240 2859 3331 scripsit
2887 3251 3027 3306 inter
3047 3250 3147 3304 alia
3174 3267 3188 3303 :
3226 3249 3443 3305 Utinam

1888 3354 2117 3423 quisque
2140 3358 2412 3415 nostrum,
2446 3362 2565 3401 eum
2598 3359 2755 3416 quem
2775 3327 3096 3399 Theodorus
3132 3341 3300 3396 frater
3324 3350 3444 3395 tuus

1885 3444 2059 3499 locum
2081 3446 2461 3509 consequatur,
2499 3446 2551 3493 et
2575 3435 2724 3491 navis
2758 3443 2941 3489 nostra
2982 3431 3047 3486 ad
3088 3446 3207 3487 eum
3238 3431 3290 3484 in
3338 3445 3445 3498 quo

1887 3545 2135 3604 receptus
2179 3542 2263 3588 est
2304 3540 2514 3602 portum
2565 3527 2868 3598 perveniat!
2907 3525 3138 3594 Scripsit
3183 3530 3443 3592 praeterea

1886 3642 2042 3699 opus,
2068 3641 2173 3697 quo
2203 3626 2556 3687 demonstrat,
2581 3620 2776 3676 malum
2810 3633 2929 3675 esse
2957 3633 2986 3672 a
3013 3615 3246 3682 diabolo,
3276 3614 3444 3684 quod-

1888 3733 1993 3789 que
2018 3719 2069 3772 iu
2101 3719 2223 3773 Deo.
2257 3714 2432 3771 locum
2464 3729 2567 3768 non
2621 3711 2818 3765 habeat
2867 3708 3107 3764 omnino.
3138 3707 3212 3762 De
3258 3705 3450 3761 eodem

1890 3810 2052 3865 Patre
2100 3807 2395 3869 Athanasio
2423 3801 2729 3876 patriarcha
2763 3800 2979 3863 dicitur,
3036 3798 3177 3869 quod
3228 3794 3448 3865 angelus

1894 3900 2105 3956 Domini
2136 3914 2256 3955 eum
2280 3896 2557 3953 sustulerit
2586 3894 2824 3965 dum‘per
2846 3890 3002 3960 longa
3038 3889 3231 3944 itinera
3267 3886 3449 3955 fugere

1892 4001 2175 4064 cogeretur
2197 3992 2264 4047 ab
2298 3991 2478 4059 impiis
2504 3987 2937 4060 imperatoribus,
2966 3996 3192 4052 eumque
3221 3994 3326 4049 quo
3355 3993 3449 4033 vo-

1890 4086 2034 4142 lebat
2054 4084 2327 4148 detulerit,
2364 4083 2503 4138 sicut
2536 4082 2663 4137 olim
2694 4079 2944 4134 llabacuc
2975 4076 3233 4147 propheta
3257 4070 3449 4127 Hiero-

1890 4176 2111 4248 solymis
2136 4175 2458 4246 Babylonem
2493 4174 2699 4229 delatus
2746 4180 2851 4235 est,
2897 4178 2953 4225 et
2993 4165 3241 4222 Ezechiel
3278 4164 3452 4233 Baby-

1890 4270 2015 4327 lone
2042 4267 2407 4339 Hierosolyma
2435 4282 2448 4317 :
2483 4262 2812 4336 nequeenim
2845 4262 2946 4316 hoc
2970 4260 3079 4314 Deo
3108 4255 3320 4313 dilIicile
3346 4263 3448 4308 est.

1891 4359 2381 4419 EratAlexandria:
2401 4356 2599 4412 idolum
2633 4354 2847 4411 nomine
2891 4351 3073 4405 Rarail
3103 4366 3123 4404 :
3173 4363 3293 4403 cum
3324 4361 3453 4401 vero

1892 4453 2174 4509 Athanasii
2198 4452 2309 4521 jam
2345 4449 2493 4505 febre
2518 4446 2749 4515 correpti
2787 4444 2939 4513 quies
2972 4442 3450 4510 appropinquaret,

2078 4563 2092 4599 :
2153 4542 2210 4597 Si
2254 4540 2469 4595 invenio
2530 4534 2956 4593 misericordiam
2996 4532 3137 4601 apud
3179 4528 3454 4584 Christum

226 4593 345 4698 De"?
365 4606 447 4655 δι
477 4610 711 4698 ιωνῖηι
748 4607 892 4698 mi"
920 4608 1033 4698 ipsi:
1065 4602 1115 4649 le
1152 4594 1328 4698 “le”
1356 4604 1419 4698 et,
1446 4596 1707 4698 major?!”
1736 4596 1787 4698 i."
1820 4622 1866 4678 Ῐ)
1898 4634 2182 4691 Dominum
2206 4645 2405 4695 meum,
2437 4627 2710 4698 procidam
2758 4639 2938 4681 coram
2973 4593 3047 4677 eo.
3068 4634 3239 4690 neque
3261 4617 3455 4673 faciem

228 4687 411 4743 modum
424 4687 778 4745 consoletur.
800 4682 1060 4739 Conlorta
1088 4700 1180 4739 cor
1200 4695 1346 4740 tuum
1373 4695 1427 4741 et
1444 4686 1790 4756 apprehende

226 4777 401 4849 virgam
427 4775 849 4836 sacerdotalem
882 4784 1073 4831 etcum
1094 4791 1154 4832 ea
1177 4777 1381 4848 depelle
1399 4778 1549 4848 lupos
1565 4770 1790 4847 rapaces

227 4879 408 4941 agrege
434 4866 725 4941 spirituali
763 4881 779 4918 :
810 4863 952 4929 illos,
979 4864 1213 4931 inquam,
1244 4881 1470 4935 quorum
1509 4881 1606 4922 ora
1638 4865 1791 4934 plena

226 4962 748 5020 suutmaledictione
786 4965 842 5012 et
889 4958 1244 5014 amaritudine
1298 4958 1489 5014 veneni
1520 4957 1790 5028 aspidum,

225 5054 390 5125 quique
413 5057 644 5111 animas
672 5048 956 5108 occidunt.
991 5045 1165 5102 Lecta
1196 5057 1319 5102 sunt
1356 5047 1461 5102 illa:
1498 5047 1694 5105 litterae
1730 5047 1785 5102 in

225 5148 421 5206 ecclesia
444 5142 846 5205 Alexandrina
874 5180 890 5208 ,
927 5139 1177 5209 misitque
1219 5153 1310 5195 eas
1333 5139 1666 5197 Athanasius
1697 5153 1793 5210 pa-

1899 4739 2073 4782 meam
2148 4723 2365 4785 levabo,
2428 4722 2597 4775 donec
2676 4718 2995 4773 claudantur
3065 4713 3209 4768 fores
3272 4712 3457 4782 templi

1902 4815 2027 4872 idoli
2075 4814 2249 4870 istius.
2296 4812 2496 4867 Testati
2552 4824 2680 4864 vero
2717 4818 2842 4865 sunt
2873 4805 3181 4863 sacerdotes
3226 4802 3459 4858 Alexan-

1903 4910 2081 4976 drini,
2126 4908 2267 4979 quod
2315 4916 2515 4976 septem
2554 4903 2742 4960 diebus
2774 4903 2971 4981 elapsis
3022 4901 3088 4957 ab
3122 4898 3236 4968 ejus
3284 4896 3457 4961 obitu,

1902 5003 2049 5059 misit
2081 4998 2338 5055 Jovianus
2396 4998 2685 5067 imperator
2739 4994 2911 5050 ﬁdelis
2944 4992 3212 5054 mandata.
3259 5001 3461 5045 secun-

1901 5096 2026 5151 dum
2061 5106 2179 5164 qua:
2219 5090 2471 5161 templum
2501 5086 2629 5144 illud
2666 5086 2943 5144 occlusum
2984 5092 3086 5142 est.
