4010 6512
584 404 726 447 CCI."

2027 583 3786 611 Μ

1925 385 2463 444 PROLEGOMENA.

1559 877 1960 993 JUSTI
2041 874 2828 992 FONTANINI

1763 1201 2288 1272 ARCIIIEPISCOPI
2328 1210 2675 1270 ANCYRANI

857 1461 961 1518 DE
998 1459 1210 1517 ANNO
1248 1457 1679 1516 EMORTUALI
1720 1458 1991 1516 SANCTI
2030 1459 2437 1514 ATHANASII
2478 1457 2976 1516 PATRIARCHE
3015 1454 3540 1515 ALEXANDRINI

1940 1551 2447 1607 DlSSERTATlO.

1634 1769 1784 1832 (Opp.
1806 1770 2036 1820 Athanas.
2069 1769 2149 1820 ed.
2174 1769 2353 1820 Venet.
2377 1771 2514 1832 1777,
2539 1778 2656 1822 tom.
2683 1773 2746 1835 l.)

643 2329 682 2386 Ι.
705 2327 1052 2384 Eruditorum
1087 2327 1299 2381 animos
1324 2325 1644 2396 jampridem
1678 2325 1838 2378 variae
1861 2321 2142 2378 sententiae
2173 2321 2217 2378 A
2251 2329 2404 2390 parte
2432 2335 2495 2386 ιι,
2523 2334 2642 2390 cap.
2673 2321 2762 2382 11.
2795 2321 3159 2388 astipulantur
3191 2321 3530 2378 Bollandiani
3558 2333 3814 2382 auctores

556 2403 938 2476 Idistinuerunt
964 2419 1032 2474 de
1063 2433 1206 2473 anno
1259 2417 1550 2473 emcrtuali
1599 2417 1773 2472 sancti
1810 2415 2091 2470 Athanasii
2121 2432 2136 2479 ;

568 2515 660 2570 hic
687 2529 718 2568 a
757 2513 913 2568 nobis
937 2511 1248 2567 necessario
1290 2510 1685 2574 examinandae,
1716 2520 1774 2562 ut
1808 2517 2018 2577 tempus
2061 2508 2140 2562 ei-

568 2608 689 2659 dem
730 2620 871 2660 anno
901 2619 1226 2666 connexum,
1268 2618 1375 2671 quo
1416 2601 1641 2656 Melania
1704 2610 1756 2655 et
1807 2600 2030 2656 Ruﬁnus
2085 2601 2138 2654 in

579 2698 816 2769 Egypto
853 2698 1085 2768 primum
1111 2703 1501 2762 apparuerunt,
1554 2693 1760 2746 ﬁrmius
1811 2693 2133 2746 stabiliatur.

567 2791 780 2845 Etenim
814 2789 993 2843 aliiA.
1033 2787 1094 2839 D.
1138 2787 1276 2846 571,
1333 2785 1420 2839 alii
1475 2785 1542 2838 A.
1599 2785 1657 2841 D.
1701 2785 1805 2839 ’575
1856 2784 2136 2839 sanctissi-

563 2899 710 2938 mum
729 2881 897 2952 patria
908 2880 1090 2934 rcham
1109 2877 1405 2932 decessisse
1419 2876 1766 2942 contendunt,
1782 2876 1993 2946 utrique
2024 2891 2137 2931 me-

565 2974 668 3028 diae
743 2972 844 3028 via
926 2985 1087 3039 quam
1165 2968 1336 3022 tenuit
1419 2967 1678 3024 Baronius
1750 2968 2135 3038 propemodum

565 3065 741 3130 obliti,
771 3065 896 3119 dum
933 3064 978 3116 is
1020 3063 1083 3116 A.
1128 3061 1190 3116 D.
1233 3060 1338 3114 ’572
1371 3070 1645 3115 strenuum
1700 3059 1822 3114 tidei
1863 3060 2138 3114 catholicae

565 3157 907 3212 defensorem
933 3155 997 3208 ad
1035 3154 1255 3223 prtemia
1287 3164 1485 3208 azterna
1512 3159 1761 3206 vocatum
1783 3151 2131 3206 existimavit.

563 3246 754 3312 Nobis,
786 3245 877 3316 qui
917 3243 1133 3298 Baronii
1174 3243 1425 3314 suﬂ‘ragio
1453 3243 1555 3299 hac
1586 3244 1637 3298 in
1670 3257 1728 3297 re
1759 3243 1987 3299 libenter
2045 3259 2136 3298 ac-

568 3341 814 3394 cedimus
845 3377 862 3404 ,
901 3338 1025 3406 quia
1086 3338 1228 3393 inter
1278 3354 1466 3394 omnes
1504 3348 1752 3394 auctores
1803 3340 2131 3409 praecipuam

565 3432 779 3485 laudem
818 3429 977 3498 hujus
1007 3430 1324 3498 quaestionis
1354 3447 1518 3500 penes
1557 3432 1704 3486 illum
1748 3443 1966 3487 exstare
1990 3431 2135 3485 arbi-

566 3532 777 3573 tramur
801 3560 818 3586 ,
874 3519 1206 3588 singulorum
1247 3518 1457 3587 pondus
1499 3519 1832 3589 perpendere
1865 3533 1998 3587 Opus
2025 3527 2130 3581 est,

565 3620 626 3662 ut
651 3608 753 3662 viri
791 3607 970 3677 magni
1005 3606 1242 3664 calculos
1277 3607 1434 3679 longe
1478 3609 1923 3663 accuratissimos
1960 3617 2128 3661 crete-

2244 2413 2297 2466 in
2333 2422 2477 2466 tonio
2512 2411 2700 2475 lMaii,
2730 2427 2782 2481 p.
2829 2412 2953 2480 248,
2987 2413 3290 2484 iterumque
3341 2416 3390 2469 in
3430 2415 3671 2472 Historia
3715 2437 3816 2488 pa-

2250 2506 3122 2572 triarcharumAlexandrinorum,
3156 2517 3302 2562 tonio
3324 2507 3365 2559 ν
3389 2507 3531 2564 Junii
3572 2511 3820 2580 praaﬁxa,

2241 2596 2341 2650 hoc
2394 2595 2511 2650 fulti
2571 2595 2786 2651 Baronii
2853 2598 3119 2651 axiomate
3153 2637 3168 2659 ,
3221 2598 3361 2665 quod
3409 2615 3473 2654 ex
3508 2600 3574 2654 A.
3613 2601 3675 2656 D.
3703 2600 3770 2656 69
3799 2645 3817 2667 ,

2241 2688 2468 2758 §xxxvr,
2497 2690 2545 2741 in
2564 2689 2796 2741 medium
2817 2689 3014 2743 sistunt
3045 2707 3058 2743 :
3082 2687 3334 2755 Tempora
3360 2702 3708 2745 annumerata
3723 2709 3821 2762 per

2239 2781 2477 2834 consules
2516 2780 2875 2834 libentioribus
2921 2791 3041 2835 sunt
3073 2783 3378 2850 accipienda
3413 2785 3656 2849 auribus,
3697 2801 3818 2838 cum

2239 2875 2438 2927 ca'teris
2462 2873 2552 2926 it'la
2584 2873 2927 2943 frequentior,
2979 2872 3246 2927 liberalior
3297 2884 3346 2928 et
3385 2877 3556 2930 verior
3583 2892 3692 2930 esse
3723 2893 3822 2932 no-

2236 2976 2416 3021 scatur
2455 2966 2897 3037 chronographia,
2923 2983 3040 3037 qua:
3071 2983 3101 3020 a
3137 2967 3287 3036 fastis
3319 2967 3542 3022 deducta
3588 2980 3664 3025 est
3692 2986 3819 3023 con-

2235 3060 2525 3114 sularibus.

2305 3153 2436 3221 Hae,
2478 3162 2536 3207 ut
2589 3162 2739 3222 puto,
2783 3152 2988 3205 ratione
3027 3151 3196 3205 victus
3244 3150 3694 3221 ehronologorum
3719 3152 3808 3205 fa-

2233 3247 2336 3302 cile
2388 3247 2635 3316 princeps
2683 3246 2968 3314 Diouysius
3022 3244 3273 3299 Petavius
3316 3243 3370 3298 in
3421 3244 3517 3299 lib.
3579 3262 3676 3301 xm
3737 3246 3818 3301 De

2233 3341 2472 3394 doctrina
2530 3349 2816 3409 temporum
2868 3339 2931 3392 A.
2993 3337 3056 3391 Ι).
3096 3336 3222 3401 571,
3253 3347 3412 3406 atque
3449 3336 3574 3391 alibi
3626 3339 3817 3402 etiam,

2234 3433 2474 3488 Socratis
2502 3432 2794 3486 narrationi
2823 3429 3107 3499 acquievit.
3156 3430 3227 3484 At
3260 3444 3388 3483 vero
3419 3429 3512 3483 lib.
3540 3444 3604 3492 tt,
3647 3433 3814 3498 epist.

2234 3525 2267 3579 9
2314 3525 2377 3578 ad
2418 3524 2585 3579 alium
2623 3523 2802 3592 magni
2848 3522 3080 3577 nominis
3121 3521 3509 3591 chronologum
3536 3521 3816 3593 Egidium

2241 3618 2590 3683 Bucherium,
2625 3617 2706 3672 sui
2740 3617 3043 3684 argumenti
3073 3616 3279 3686 pondus
3311 3615 3435 3670 inde
3473 3616 3662 3685 augeri
3691 3616 3816 3670 exi—

563 3700 640 3753 ι’ῖδ
667 3707 924 3767 Drmiam
953 3699 1327 3764 ostendamus,
1356 3700 1498 3770 (μιοά
1525 3714 1767 3757 seorsum
1804 3699 1871 3754 ab
1891 3697 2129 3752 ῙῘίδιονία
2164 3689 2206 3745 Β
2235 3709 2496 3774 stimavit,
2537 3710 2677 3779 quod
2738 3709 3074 3778 Nicephorus
3124 3716 3348 3762 testetur
3402 3707 3456 3762 in
3496 3707 3771 3762 Chronico
3796 3749 3816 3773 ,

571 3792 835 3845 litterario
860 3791 1178 3861 Aquileiensi
1214 3790 1393 3847 facere
1417 3792 1587 3847 visum
1619 3801 1723 3858 est,
1749 3807 1814 3846 ne
1840 3791 1981 3845 illius
2006 3805 2132 3845 cur-

563 3899 657 3938 sus
709 3883 940 3954 longiori
976 3884 1354 3954 disquisitione
1413 3886 1844 3954 perturbaretur.
1905 3886 2129 3955 Nequa-

566 3989 725 4044 quam
755 3982 934 4030 tamen
970 3985 1052 4030 est
1099 3977 1311 4032 animus
1347 3985 1409 4031 ut
1447 3976 1792 4047 scriptorum,
1827 3992 1962 4046 quos
2019 3993 2130 4030 me-

569 4070 670 4121 rita
703 4068 755 4122 in
784 4083 898 4123 rem
957 4068 1275 4124 litterariam
1339 4069 1672 4125 clarissimos
1730 4069 2081 4124 reddiderunt
2110 4107 2126 4132 ,

564 4161 778 4215 laudum
809 4161 1029 4216 cumulo
1062 4161 1144 4217 vel
1199 4162 1486 4216 minimum
1521 4161 1838 4216 detrahatur
1871 4201 1886 4225 ,
1954 4158 2126 4215 sicubi

563 4251 809 4307 veritatis
839 4252 1173 4324 inquirendae
1208 4267 1368 4308 causa
1404 4252 1472 4307 ab
1503 4252 1712 4307 illorum
1768 4252 1968 4320 judicio
2012 4252 2125 4305 dis-

563 4345 827 4411 cedimus,
867 4346 1303 4416 quandoquidem
1332 4346 1465 4400 citra
1501 4345 1661 4400 ullius
1709 4345 1957 4414 injuriam
1987 4345 2127 4399 haud

560 4438 712 4506 parvi
752 4438 992 4508 profecto
1020 4441 1281 4503 interest,
1311 4440 1517 4493 obitum
1545 4437 1822 4491 Athanasii
1857 4453 1954 4492 suo
1985 4451 2128 4490 anno

562 4533 808 4599 restitui;
843 4532 896 4586 in
927 4547 1034 4601 quo
1065 4532 1406 4587 restituendo
1461 4532 1560 4585 viri
1598 4529 1937 4586 celeberrimi
1964 4531 2126 4586 desu-

556 4621 776 4685 darunt,
816 4637 935 4676 cum
968 4622 1057 4677 ille
1080 4622 1151 4677 sit
1175 4623 1420 4692 quaedam
1453 4621 1617 4674 veluti
1668 4621 1871 4690 epoeha
1900 4635 2127 4691 genera-

555 4710 645 4775 lis,
675 4711 817 4766 unde
853 4713 1103 4767 maxime
1130 4713 1184 4767 in
1230 4711 1558 4781 antiquitate
1614 4712 1985 4767 ecclesiastica
2038 4726 2125 4765 res

562 4803 841 4872 pendent;
873 4818 971 4856 nec
1011 4804 1182 4858 solum
1214 4805 1355 4860 enim
1389 4805 1694 4874 persecutio
1737 4804 1860 4858 inde
1889 4804 2123 4858 Alexan-

560 4893 716 4947 drina
761 4893 1065 4962 deducitur,
1109 4895 1205 4949 sed
1258 4903 1404 4964 gesta
1469 4892 1802 4965 Hieronymi,
1830 4893 2030 4958 Ruﬁni,
2073 4902 2126 4946 et

563 4985 826 5052 Melaniae,
862 4986 1088 5041 historia
1136 4987 1298 5042 etiam
1330 4987 1574 5052 Palladii,
1603 4998 1656 5043 et
1685 4987 1891 5042 Paulini
1935 4986 2123 5042 Nolani

552 5076 796 5147 epistola:
846 5093 948 5131 non
989 5079 1254 5133 modicum
1297 5081 1663 5146 illustrantur,
1701 5090 1759 5134 ut
1791 5081 1844 5135 in
1879 5078 2120 5133 Historia

554 5175 740 5222 nostra
774 5167 945 5221 visum
990 5177 1095 5233 est,
1146 5168 1300 5238 cujus
1360 5171 1698 5240 potissimum
1739 5171 1965 5237 scriptio
2021 5184 2119 5222 nos

549 5259 785 5330 perpulit
841 5268 896 5314 ut
935 5262 985 5315 in
1014 5263 1261 5317 eumdem
1304 5279 1502 5317 annum
1533 5279 1563 5317 e
1604 5263 1842 5317 tenebris
1879 5261 2119 5330 antiqui-

551 5354 679 5410 tatis
728 5354 1064 5418 eruendum,
1120 5356 1367 5422 gnaviter
1415 5356 1875 5411 incumberemus.
1927 5355 2120 5410 Primae

548 5461 677 5514 ergo
702 5447 981 5500 sententiae
1005 5456 1194 5501 auctor
1217 5457 1301 5502 est
1328 5448 1604 5512 Socrates,
1628 5447 1720 5502 lib.
1751 5463 1822 5513 tv,
1857 5462 1979 5514 cap.
2026 5445 2116 5511 19,

549 5539 638 5590 ubi
693 5538 1054 5595 Athanasium
1110 5541 1454 5595 demortuum
1517 5541 1644 5596 facit
1703 5541 1964 5595 Gratiano
1999 5549 2118 5595 net

549 5627 728 5681 Probo
775 5643 944 5697 coss.,
1006 5647 1196 5701 nempe
1236 5634 1301 5688 A.
1346 5634 1408 5687 D.
1445 5633 1569 5699 571,
1606 5634 1762 5703 eique
1792 5644 1987 5703 praeter
2011 5633 2117 5688 Go-

547 5717 814 5774 deiridum
849 5720 1212 5778 Hermannum
1255 5725 1308 5778 in
1349 5724 1488 5791 Vita,
1524 5727 1616 5782 lib.
1647 5742 1724 5791 xt,
1766 5740 1885 5794 cap.
1936 5726 2021 5790 17,
2059 5736 2114 5780 et

547 5805 765 5866 Petrum
791 5811 1137 5871 Franciscum
1173 5815 1492 5874 Chiﬂletium
1512 5819 1562 5875 in
1593 5818 1816 5874 Paulino
1850 5816 2111 5874 illustrato

2243 3801 2603 3870 TheOphilum
2657 3801 2958 3856 Athanasio
3013 3813 3380 3856 successorem
3429 3799 3615 3854 datum
3670 3815 3818 3854 anno

2241 3911 2310 3949 xv
2364 3904 2483 3964 post
2512 3894 2749 3964 ejusdem
2777 3893 3002 3949 obitum.
3034 3894 3200 3948 Datus
3227 3900 3310 3947 est
3353 3900 3535 3946 autem
3568 3894 3808 3948 Arcadio

2232 3999 2288 4041 et
2319 3987 2558 4042 Bautone
2580 4001 2724 4041 coss.
2754 3987 2817 4038 A.
2854 3985 2916 4038 D.
2951 3985 3078 4051 385,
3104 4000 3168 4038 ex
3206 3982 3434 4063 Socrate
3463 3982 3562 4037 lib.
3602 3999 3658 4048 v,
3688 3999 3813 4053 cap.

2237 4079 2328 4145 19.,
2365 4087 2418 4132 et
2447 4078 2663 4147 quidem
2690 4086 2811 4147 post
2837 4077 2981 4132 diem
3013 4092 3140 4131 xxv:
3166 4074 3315 4140 Julii,
3349 4091 3458 4146 quo
3491 4076 3815 4132 Timotheus

2236 4171 2495 4227 decessit.
2551 4169 2655 4223 Sed
2713 4170 2841 4223 hinc
2915 4168 3091 4239 potius
3153 4178 3466 4236 sequeretur
3523 4168 3816 4222 Athanasii

2241 4264 2446 4317 obitum
2491 4260 2777 4331 contigisse
2833 4261 2898 4315 A.
2931 4260 2990 4314 Ι).
3025 4258 3127 4313 570
3158 4274 3172 4323 ;
3216 4259 3398 4327 itaque
3441 4259 3680 4329 benigna
3715 4274 3817 4314 ex-

2234 4355 2534 4427 plicatione
2560 4354 2830 4422 juvandus
2863 4363 2966 4414 est,
2996 4353 3083 4407 ubi
3117 4352 3193 4405 ait
3225 4366 3350 4420 pag.
3405 4351 3532 4416 416,
3585 4351 3817 4407 Petrum

2231 4457 2353 4514 post
2399 4444 2760 4499 Athanasium
2804 4444 2860 4498 in
2916 4443 3109 4499 exsilio
3129 4443 3328 4496 vixisse
3359 4458 3498 4495 anno
3539 4459 3669 4506 uno.
3707 4441 3818 4497 Lu-

2229 4540 2374 4595 cium
2397 4538 2557 4593 annis
2572 4552 2624 4604 v,
2644 4537 2860 4592 Petrum
2885 4537 3123 4591 secundo
3146 4550 3286 4589 anno
3308 4551 3434 4602 uno,
3456 4535 3814 4592 Timotheum

2229 4632 2386 4685 annis
2444 4646 2566 4696 vni,
2606 4645 2766 4699 quem
2813 4629 3029 4699 excepit
3089 4627 3443 4697 Theophilus.
3510 4627 3676 4683 Aliud
3725 4639 3814 4684 est

2233 4722 2594 4792 TheOphilum
2623 4736 2794 4777 annos
2825 4737 2913 4788 xv,
2934 4723 3002 4775 ab
3025 4721 3302 4776 Athanasii
3336 4720 3568 4775 decessu
3597 4721 3816 4790 episco-

2233 4829 2360 4882 pum
2396 4815 2630 4879 sedisse,
2671 4813 2814 4867 aliud
2845 4815 3036 4867 sedere
3059 4813 3287 4883 coepisse
3319 4821 3606 4880 postquam
3639 4812 3815 4866 Atha-

2230 4905 2369 4957 nasii
2405 4914 2640 4973 quatuor
2676 4918 3026 4958 successores
3066 4919 3234 4957 annos
3267 4917 3333 4956 xv
3378 4902 3430 4954 in
3460 4902 3656 4956 eadem
3683 4905 3815 4956 sedc

2229 4997 2616 5066 explevissent.
2651 4996 2789 5051 Hinc
2813 4995 2958 5051 enim
2993 4996 3237 5064 sequitur
3268 4993 3634 5063 Theophilum
3667 5008 3814 5048 anno

2229 5091 2441 5145 demum
2469 5105 2556 5143 xvr
2576 5089 2642 5144 iis
2669 5101 3035 5145 successorem
3052 5088 3270 5142 datum:
3292 5085 3466 5141 critici
3493 5087 3644 5140 omni
3670 5101 3810 5156 prae.

2230 5183 2386 5237 conio
2426 5180 2678 5249 majores,
2714 5181 2850 5236 duce
2882 5180 3134 5245 Baronio,
3175 5195 3297 5235 cum
3354 5178 3587 5234 Socrate
3649 5181 3811 5251 signa

2231 5273 2549 5338 conterunt;
2586 5287 2684 5326 nec
2716 5281 2895 5325 tamen
2935 5286 3126 5327 omnes
3163 5272 3216 5325 in
3266 5272 3513 5325 eumdem
3575 5286 3807 5340 scopum

2226 5378 2376 5417 arma
2417 5360 2747 5427 collineant;
2800 5376 2924 5422 nam
2952 5362 3216 5416 Baronius
3237 5369 3346 5416 stat
3383 5376 3480 5430 pro
3497 5360 3564 5414 A.
3594 5361 3656 5418 ι).
3678 5363 3805 5425 372,

2223 5451 2406 5504 caeteri
2456 5465 2552 5519 pro
2578 5449 2727 5505 A.D.
2760 5451 2864 5505 575
2893 5451 3033 5505 haud
3064 5451 3302 5520 segniter
3335 5461 3608 5520 pugnant;
3642 5462 3809 5521 atque

2226 5543 2282 5598 hi
2322 5554 2445 5599 sunt
2475 5543 2740 5599 Henricus
2773 5542 3021 5598 Norisius
3050 5543 3104 5597 in
3132 5557 3366 5599 censura
3408 5554 3597 5598 contra
3633 5543 3808 5599 Joan-

2223 5619 2344 5690 item
2370 5636 2711 5704 Garuerium,
2746 5651 2868 5708 pag.
2904 5637 2996 5704 45,
3033 5637 3122 5692 ubi
3171 5637 3498 5692 sententiam
3537 5637 3832 5692 Baroniauf

2225 5743 2348 5783 nam
2382 5730 2642 5801 expungit
2675 5729 2744 5783 ab
2779 5744 2840 5784 se
2867 5729 2993 5784 olim
3023 5729 3307 5800 probatam
3334 5729 3388 5783 in
3419 5727 3666 5782 Historia
3699 5713 3830 5781 Peo‘

2228 5818 2442 5890 lagiana
2473 5821 2645 5896 libat,
2684 5835 2802 5893 cap.
2839 5821 2902 5894 9,
2941 5822 3212 5879 Antonius
3250 5820 3445 5892 Pagius
3472 5822 3538 5877 A.
3578 5821 3642 5875 ι).
3670 5818 3799 5887 372,
