4010 6528
1139 408 1224 463 DE
1267 407 1455 463 ANNO
1495 406 1896 464 EMORTUALI
1936 407 1992 462 S.
2029 403 2423 463 ATHANASII.

3254 418 3414 461 εειιιι

195 527 218 603 ᾗ
258 545 320 593 tx.
366 527 748 586 Sebastianus
784 528 1004 595 Nanius,
1057 529 1424 586 Tillemoutius
1479 531 1531 585 in
1585 530 1749 584 Com-
1779 546 1826 602 Α
1856 530 2010 585 terim
2038 528 2254 585 Socrati
2278 536 2333 584 et
2370 522 2589 596 Cyrillo,
2618 522 2670 577 in
2692 523 2877 578 eodem
2901 533 3124 577 munero
3150 535 3414 576 annorum

198 623 441 680 ntettlariis
476 622 751 679 Historia:
775 624 1135 679 ecclesiastica:
1175 632 1319 678 tomo
1350 622 1437 688 Vl,
1466 638 1586 693 pag.
1625 622 1751 688 582,

202 711 538 775 ettomonlI,
572 729 703 785 pag.
734 713 965 779 252,72l
998 730 1013 779 ;
1039 711 1414 767 etBernardus
1441 713 1509 765 de
1537 711 1739 765 Monte-

206 806 411 871 falconis,
477 804 725 875 insignis
784 805 1145 861 Beuedictinaa
1184 804 1400 859 familia:
1425 807 1746 872 monachus,

208 899 246 952 in
280 896 409 961 Vita,
428 897 615 967 ‘quam
641 898 904 969 Operibus
930 897 1314 953 Athanasianis
1342 896 1609 966 praefixit;
1648 914 1745 954 nu-

207 1006 365 1063 perque
392 990 581 1046 adhuc
609 990 935 1061 locupletius
966 991 1017 1045 iu
1048 989 1279 1058 epistola
1331 990 1589 1059 inscripta
1620 1008 1633 1045 :
1667 990 1749 1045 An

210 1099 299 1136 tera
323 1082 564 1136 narratio
612 1081 803 1151 Ruﬁni
849 1082 912 1136 de
939 1082 1211 1151 baptizatis
1239 1082 1417 1151 pueris
1456 1082 1520 1136 ab
1573 1082 1738 1136 Αιιιαο

213 1176 326 1229 natio
344 1190 530 1241 puero,
564 1175 621 1229 in
658 1189 767 1244 qua
797 1189 1036 1231 summus
1060 1184 1115 1230 et
1143 1177 1225 1229 vir
1251 1184 1306 1230 et
1330 1177 1537 1231 amicus
1574 1181 1751 1230 anim-

211 1266 425 1332 advertit,
469 1266 762 1322 Socratem
799 1282 904 1322 non
946 1281 1069 1321 raro
1098 1265 1403 1334 confusum,
1424 1282 1513 1322 res
1536 1267 1755 1323 omnino

212 1359 479 1428 disparatae
538 1357 895 1429 conjungere,
933 1366 1094 1428 atque
1114 1360 1250 1415 adeo
1278 1367 1402 1414 tunc
1423 1373 1545 1415 esse
1565 1360 1755 1430 praeci-

210 1467 292 1523 pue
317 1460 652 1519 accuratum,
681 1455 900 1524 quando
931 1461 1049 1508 acta
1080 1451 1295 1522 publica
1319 1469 1439 1509 cum
1458 1453 1602 1509 notis
1624 1466 1755 1509 con-

211 1544 445 1600 sularibus
488 1544 710 1610 recitat,
749 1559 857 1599 non
890 1544 963 1599 ita
991 1560 1118 1600 vero
1142 1543 1232 1597 ubi
1287 1560 1408 1601 cum
1438 1544 1626 1600 iisdem
1659 1559 1757 1599 no-

214 1637 281 1699 tis,
328 1636 545 1706 proprio
574 1647 752 1692 marte
781 1637 1080 1707 dispositis,
1111 1637 1325 1706 aliquod
1347 1646 1555 1708 gestum
1590 1653 1753 1693 enar-

211 1739 295 1783 rat.
323 1727 496 1795 Quare
510 1727 612 1784 eﬂ‘a
622 1738 736 1784 tum
767 1729 984 1784 Baronii
1006 1745 1101 1800 per
1126 1729 1434 1800 hagiologos
1450 1728 1755 1784 Bollandia-

212 1836 289 1876 nos
305 1822 613 1887 adductum,
636 1822 703 1875 de
720 1822 952 1890 antiquis
987 1821 1328 1889 scriptoribus
1355 1821 1748 1891 accipiendum,

1854 619 2282 685 determinando,
2309 622 2570 674 consonat
2632 614 2795 667 etiam
2846 612 3071 668 Rufinus
3131 612 3414 667 Athanasii

1852 710 1979 767 olim
2022 710 2192 764 funeri
2245 721 2503 778 praesens,
2538 704 2631 758 ubi
2679 703 2755 757 ait
2793 703 2884 757 lib.
2914 720 2990 769 xi,
3021 718 3141 770 cap.
3177 705 3232 768 5,
3266 703 3415 758 illum

1852 802 2123 872 quievisse
2146 798 2542 870 quadragesimo
2572 806 2618 851 et
2640 805 2785 850 sexto
2818 811 2957 849 anno
3006 795 3287 848 sacerdotii
3308 794 3414 847 sui.

1852 894 1995 949 ldem
2052 893 2248 948 habent
2295 889 2628 946 Sozomenus
2685 887 2779 941 lib.
2816 901 2865 940 vr
2887 924 2905 951 ,
2941 901 3062 955 cap.
3096 884 3199 949 l9,
3231 896 3418 938 auctor

1853 983 2144 1067 farraginis
2165 980 2551 1036 Alexandrinas
2579 979 2632 1033 in
2661 976 2931 1046 excerptis
2957 975 3272 1029 Eusebiauis
3295 973 3420 1028 Sca-

1852 1064 2003 1145 ligeri
2032 1090 2155 1144 pag.
2210 1073 2300 1136 84,
2338 1071 2711 1140 Theophanes,
2761 1066 3082 1123 Anastasius
3122 1064 3416 1122 Bibliothe-

1853 1171 2035 1221 carius
2072 1177 2127 1220 et
2158 1162 2490 1234 Nicephorus
2521 1164 2573 1218 in
2600 1162 2880 1217 Chronicis
2924 1175 3233 1231 quanquam
3288 1159 3421 1215 alias

1852 1259 1919 1314 ab
1943 1272 2128 1314 errore
2163 1271 2272 1311 non
2304 1257 2458 1311 vacui
2493 1273 2509 1309 :
2545 1255 2741 1324 quibus
2786 1255 3055 1310 Arabicos
3085 1253 3251 1309 etiam
3286 1254 3423 1309 scri-

1852 1361 2036 1420 ptores
2056 1349 2232 1421 jungit
2261 1348 2523 1404 Eusebius
2560 1347 2932 1402 Renaudotius
2960 1348 3013 1402 in
3051 1346 3296 1401 Historia
3321 1364 3421 1415 pa-

1852 1444 2207 1497 triarcharum
2256 1439 2734 1495 Alexandrinorum
2762 1436 3149 1505 Jacobitarum,
3176 1453 3300 1509 pag.
3327 1438 3420 1495 96.

1854 1532 2196 1603 Quapropter
2233 1535 2349 1587 lucc
2398 1532 2581 1586 omnia
2641 1528 2965 1598 conjunctim
3016 1532 3261 1601 exposita
3294 1570 3311 1597 ,
3369 1530 3422 1585 in

1852 1624 2024 1680 sancti
2054 1623 2332 1678 Athanasii
2366 1634 2633 1677 annorum
2657 1620 3043 1690 episcopalium
3082 1635 3306 1676 numero
3327 1636 3427 1675 ex-

1853 1729 2039 1787 presse
2063 1713 2395 1775 delluiendo,
2428 1712 2570 1767 nulla
2620 1722 2739 1767 arte
2773 1712 3035 1766 inﬁrmari
3068 1726 3226 1782 posse
3250 1710 3429 1767 credi-

1857 1807 2063 1871 derim;
2096 1806 2325 1875 ideoque
2356 1802 2615 1859 Ruiiuiet
2658 1811 2973 1858 caeterorum
3026 1818 3199 1859 annos
3252 1802 3426 1858 haud-

210 1923 261 1968 ut
282 1917 498 1983 ipsemet
536 1913 896 1970 doctissimus
917 1915 1205 1970 cardinatis
1226 1916 1408 1969 statim
1428 1929 1487 1969 se
1508 1914 1753 1981 accipere

1860 1915 2125 1971 quaquam
2172 1912 2379 1964 cavos,
2430 1898 2525 1952 sed
2571 1896 2810 1966 undique
2851 1896 3039 1965 plenos
3078 1905 3134 1952 et
3184 1896 3427 1966 integros

216 2004 450 2074 explicat,
487 2004 754 2059 nimirum
803 2006 869 2059 de
898 2003 1211 2074 aequalibus,
1250 2019 1355 2059 non
1394 2005 1468 2059 ita
1504 2004 1573 2059 de
1601 2003 1708 2058 illis
1732 2045 1747 2069 ,

211 2097 281 2164 qui
308 2111 415 2151 rem
466 2094 615 2150 notis
644 2093 1023 2151 consularibus
1076 2103 1267 2163 suopte
1313 2092 1529 2161 ingenio
1559 2090 1752 2146 distin-

211 2195 369 2256 guunt,
399 2186 487 2242 cui
524 2195 707 2241 tamen
732 2186 834 2255 ipsi
862 2185 1287 2255 haudquaquam
1317 2184 1550 2254 aequales
1574 2228 1587 2245 ,
1648 2183 1741 2238 sed

210 2277 513 2344 posteriores
572 2277 814 2333 fuerunt.
848 2277 964 2332 Alia
1018 2277 1068 2330 id
1113 2291 1282 2346 genus
1319 2276 1371 2330 in
1400 2275 1627 2331 Socrate
1657 2276 1746 2330 de-

211 2366 575 2437 prehenditvir
600 2370 829 2425 illustris
879 2369 946 2425 de
972 2368 1398 2433 Montefalconis,
1438 2367 1742 2439 cujusmodi

214 2470 297 2523 est,
323 2460 410 2516 ubi
448 2461 643 2516 scribit
667 2461 966 2517 historicus
992 2461 1344 2517 Athanasium
1397 2460 1739 2516 demortuum

212 2561 305 2619 post
330 2553 687 2625 quadraginta
712 2570 805 2609 sex
828 2556 1065 2609 annos'in
1091 2555 1395 2624 episcopatu
1417 2553 1747 2623 completos:

212 2646 283 2715 qui
309 2660 567 2701 numerus
592 2647 811 2717 quidem
836 2658 986 2703 certe
1032 2645 1243 2702 Socrati
1294 2648 1619 2717 opponitur:
1653 2647 1748 2701 sed

213 2744 363 2791 tamen
388 2735 545 2792 nobis
580 2736 799 2812 facilem
829 2738 969 2791 viam
994 2737 1187 2791 sternit
1217 2738 1284 2791 ad
1334 2737 1616 2792 Athanasii
1655 2752 1754 2790 an-

214 2841 318 2880 num
367 2826 725 2883 emortualem
779 2828 1026 2897 proxime
1094 2827 1474 2897 detegendum.
1536 2827 1748 2881 Etenim

210 2928 403 2973 sanctus
430 2917 750 2974 Alexander
801 2919 1084 2986 episcopus
1129 2918 1519 2973 Alexandrinus
1559 2933 1587 2971 a
1628 2932 1755 2972 con-

209 3008 316 3064 cilio
353 3008 572 3067 Nicano
621 3010 787 3064 redux
840 3010 907 3063 A.
945 3009 1004 3065 D.
1042 3009 1168 3072 526,
1196 3008 1492 3065 Athanasio
1540 3008 1644 3063 sibi
1699 3008 1752 3061 iu

210 3117 555 3159 successorem
594 3102 815 3168 allecto,
848 3103 984 3155 diem
1017 3103 1150 3157 obiit
1188 3102 1375 3158 eodem
1405 3116 1570 3164 anno,
1602 3115 1755 3154 men-

206 3195 338 3251 sibus
368 3195 611 3265 quinque
647 3194 885 3249 nondum
917 3195 1122 3249 exactis
1174 3197 1240 3248 ab
1292 3191 1601 3259 receptione
1647 3188 1751 3243 Me-

205 3285 536 3352 lctianorum,
565 3302 686 3356 qua:
728 3285 955 3354 contigit
984 3300 1091 3338 uno
1122 3284 1204 3339 vel
1236 3282 1409 3338 altero
1433 3295 1617 3336 mense
1638 3290 1757 3350 post

206 3379 504 3435 absolutum
546 3378 862 3434 concilium.
902 3377 957 3432 ld
982 3385 1209 3431 testatur
1251 3376 1473 3446 ipsemet
1512 3373 1761 3427 Athana-

202 3470 299 3524 sius
333 3472 386 3526 in
441 3470 705 3540 Apologia
761 3485 824 3535 tt,
861 3478 1005 3525 tomo
1032 3468 1052 3522 l
1076 3468 1308 3537 Operum
1344 3482 1467 3536 pag.
1502 3465 1603 3520 Mt)
1636 3462 1763 3531 (Ve-

201 3573 323 3617 aeta:
384 3562 706 3629 editionis),
760 3570 818 3616 et
855 3559 1233 3616 Theodoritus.
1296 3557 1363 3611 At
1406 3573 1533 3613 vero
1585 3572 1758 3611 anno-

201 3669 306 3707 rum
349 3669 637 3710 numerum
684 3654 811 3707 hinc
842 3651 910 3707 ad
942 3650 1007 3707 A.
1052 3650 1115 3705 D.
1155 3649 1254 3705 37l
1310 3648 1620 3712 deductum,
1654 3662 1762 3717 quo

200 3746 444 3805 Socrates
480 3749 602 3820 ejus
644 3746 853 3803 obitum
896 3744 1096 3813 signat,
1150 3757 1252 3797 non
1286 3741 1640 3812 quadraginta
1671 3756 1765 3794 sea:

201 3856 379 3905 annos,
434 3839 534 3897 sed
595 3837 739 3895 solos
798 3837 1150 3909 quadraginta
1214 3836 1437 3904 quinque
1498 3831 1767 3888 coniicere

201 3932 531 4000 exploratum
561 3940 666 3986 est.
694 3927 880 4000 Neque
906 3928 995 3983 hic
1020 3941 1286 3982 annorum
1315 3939 1573 3980 numerus
1611 3938 1762 3978 com-

203 4023 323 4091 pleri
380 4024 609 4094 poterit,
643 4020 855 4078 etiamsi
912 4020 1057 4075 illum
1096 4034 1218 4074 cum
1257 4018 1416 4073 sociis
1448 4016 1755 4072 Bollandia-

204 4116 298 4178 nis,
331 4126 532 4186 praeter
564 4114 853 4170 vetustatis
879 4126 1202 4167 consensum
1238 4110 1496 4165 inchoare
1533 4108 1762 4163 velimus

204 4211 265 4261 ab
284 4210 369 4265 die
425 4225 566 4265 xvm
622 4207 889 4273 Januarii,
922 4222 1027 4261 non
1080 4219 1206 4260 vero
1242 4204 1310 4260 ab
1333 4213 1565 4259 exeunte
1592 4201 1762 4273 Aprili

204 4301 323 4353 anni
354 4300 481 4366 326,
536 4308 649 4355 tres
694 4299 839 4354 enim
870 4312 1083 4352 menses
1122 4306 1179 4352 et
1230 4296 1437 4367 aliquot
1486 4295 1646 4361 dies,‘
1672 4294 1764 4365 qui

204 4389 320 4446 inde
348 4392 544 4463 reliqui
573 4398 951 4460 exsurgerent,
978 4390 1331 4460 quadraginta
1356 4389 1582 4459 quinque
1603 4402 1769 4440 annos

202 4495 433 4551 eousque
464 4480 800 4551 ampliﬁcare
835 4494 939 4534 non
964 4487 1208 4549 possunt,
1229 4489 1287 4533 ut
1304 4479 1658 4549 quadraginta
1681 4492 1772 4531 sea:

202 4574 421 4643 integros
446 4573 785 4630 constituere
811 4573 1114 4627 videantur.
1138 4572 1426 4626 Enimvero
1445 4570 1679 4641 Cyrillus
1717 4570 1767 4623 in
1804 4588 1848 4643 υ

202 4668 327 4723 sede
349 4666 740 4734 Alexandrina,
771 4664 927 4721 annis
975 4664 1195 4720 circiter
1232 4662 1586 4734 quadraginta
1634 4662 1771 4715 dun~

202 4765 347 4813 taxat
365 4770 480 4830 post
508 4758 899 4823 Athanasium,
920 4757 1227 4828 episcopus,
1263 4757 1503 4812 disertim
1538 4763 1774 4809 testatur

203 4848 253 4902 in
275 4853 498 4920 epistola
529 4836 660 4906 i'ad
694 4850 987 4913 solilarios,
1013 4857 1143 4903 tom.
1174 4848 1213 4902 ν
1248 4849 1480 4917 Operum
1511 4856 1659 4916 parte
1711 4861 1770 4913 tt,

204 4954 322 5012 Iug.
359 4945 412 5007 5,
442 4944 699 4999 eumdem
726 4943 1069 4997 decessorem
1102 4956 1252 4995 suum
1274 4938 1651 4994 Alexandrinae
1676 4938 1775 4992 Ec-

205 5031 378 5090 clesiz
410 5036 697 5105 praefuisse
719 5036 871 5089 annis
905 5033 1121 5103 integris
1149 5032 1499 5101 quadraginta
1523 5047 1615 5086 sex
1643 5046 1661 5084 :
1688 5032 1773 5100 ἐφ’

205 5121 344 5189 ὅλοις
386 5126 531 5180 ἔτεσι
592 5127 1006 5197 τεσσαράκοντα
1041 5125 1135 5176 καὶ
1191 5123 1267 5187 ἐξ.
1302 5123 1443 5193 quod
1499 5124 1566 5177 de
1619 5124 1776 5178 annis

202 5211 516 5286 jampridem
539 5218 765 5287 elapsis,
797 5231 906 5272 non
960 5215 1026 5269 de
1073 5214 1340 5283 elapsuris
1371 5214 1773 5282 intelligendum

206 5320 347 5372 esse,
378 5326 557 5372 nemo,
598 5319 659 5364 ut
704 5320 857 5379 puto,
889 5308 1133 5377 negabit,
1164 5322 1468 5377 quanquam
1506 5321 1666 5361 secus
1694 5306 1773 5360 vi.

207 5412 324 5454 sum
358 5402 517 5457 fuerit
545 5401 843 5455 Paschasio
877 5396 1182 5464 Quesnello,
1211 5398 1299 5467 qui
1336 5396 1679 5465 probationes
1709 5412 1775 5451 ex

206 5504 427 5549 numero
456 5508 728 5548 annorum
757 5490 1124 5562 puutiiicatus,
1152 5490 1442 5544 indirectas
1482 5489 1733 5558 judicans
1757 5528 1772 5554 ,

206 5585 416 5641 easdem
442 5602 567 5642 cum
618 5584 944 5642 Proteriana
1002 5583 1193 5637 mortis
1235 5582 1513 5637 Athanasii
1546 5582 1774 5651 epocba,

1852 1992 2041 2064 Cyrilli
2062 1990 2362 2065 auctoritas
2393 1989 2569 2045 reddit
2602 2007 2615 2044 :
2643 1991 2732 2057 qui
2755 1992 2835 2042 sui
2863 1988 3163 2043 decessoris
3188 1988 3422 2058 elogium

1856 2084 2034 2139 dedita
2070 2096 2236 2153 opera
2287 2082 2551 2147 scribens,
2602 2096 2716 2135 rem
2746 2081 2881 2135 adeo
2937 2079 3207 2148 vulgatam
3261 2089 3427 2148 atque

1854 2182 2105 2229 testatam
2159 2174 2407 2241 ignorare
2435 2188 2539 2227 non
2595 2171 2799 2241 potuit;
2839 2171 3038 2242 quique
3067 2170 3424 2239 quadraginta

1851 2282 1944 2320 sea:
1992 2280 2158 2319 annos
2217 2265 2441 2334 integros
2496 2277 2601 2318 non
2662 2262 3004 2333 appellasset,
3063 2261 3153 2331 qui
3214 2268 3422 2314 tantum

1851 2358 2201 2429 quadraginta
2252 2357 2479 2427 quinque
2535 2355 2798 2410 fuissent.‘
2824 2353 3002 2420 Quare
3047 2350 3286 2423 etiamsi!
3316 2360 3426 2406 tres

1852 2466 2072 2507 menses
2113 2465 2143 2504 a
2193 2448 2553 2505 Bollandianis
2603 2449 2935 2517 excogitatos
2981 2447 3421 2509 admitteremus,

1855 2544 2032 2598 adhuc
2058 2540 2393 2612 probandum
2441 2549 2606 2608 esset,
2639 2548 2753 2595 tres
2788 2540 2910 2595 illos
2936 2538 3154 2594 eosdem
3209 2548 3426 2593 menses

1853 2634 2057 2689 diserto
2103 2644 2157 2689 et
2204 2633 2480 2688 luculento
2527 2633 2793 2688 vocabulo
2813 2649 2916 2687 non
2953 2633 3124 2688 solum
3151 2633 3298 2698 anni,
3333 2633 3426 2688 sed

1855 2727 1980 2779 anni
2009 2725 2223 2795 integri,
2247 2727 2361 2780 sive
2395 2725 2536 2798 pleni
2560 2737 2615 2780 et
2640 2725 2895 2791 absoluti,
2931 2724 2999 2779 ab
3023 2722 3225 2795 Cyrillo
3255 2724 3426 2779 deno-

1855 2815 1957 2868 tari
1981 2815 2236 2884 potuisse.

1927 2945 1988 2999 ll.
2022 2945 2187 3001 Multa
2221 2946 2324 3001 alia
2348 2947 2473 3001 huic
2507 2946 2625 3003 loco
2655 2962 2867 3017 possem
2895 2954 3157 3009 attexere,
3188 2945 3279 2999 sed
3307 2960 3428 3016 quae

1856 3040 2010 3094 docte
2037 3048 2090 3094 et
2134 3041 2350 3109 copiose
2406 3039 2623 3095 disserit
2654 3037 2734 3095 Cl.
2786 3036 3257 3099 Moutefalconius,
3286 3036 3428 3089 iuvi-

1859 3142 1942 3186 tos
1969 3133 2131 3187 etiam
2166 3132 2322 3187 fateri
2357 3138 2577 3202 cogunt,
2600 3130 2883 3185 Athanasii
2918 3138 3143 3183 mortem
3183 3129 3235 3181 in
3272 3128 3337 3181 A.
3363 3128 3425 3182 D.

1784 3246 1825 3302 ο
1858 3225 1981 3288 571,
2024 3225 2090 3280 ab
2143 3224 2526 3280 laudatissimis
2578 3223 2712 3277 viris
2757 3223 2955 3276 frustra
2984 3221 3197 3274 referri.
3224 3217 3430 3275 Vereor

1863 3326 2038 3371 tamen
2063 3357 2078 3381 ,
2108 3324 2167 3371 ut
2205 3318 2393 3370 eadem
2429 3313 2688 3369 felicitate
2718 3353 2734 3378 ,
2772 3327 2877 3383 qua
2934 3311 3082 3366 illinc
3135 3311 3386 3381 dejicitur
3410 3350 3426 3377 ,

1861 3408 2051 3477 conjici
2096 3401 2270 3480 possii
2297 3409 2351 3463 in
2397 3407 2463 3463 A.
2502 3408 2565 3460 0.
2601 3406 2726 3471 575,
2778 3402 3228 3474 quemadmodum
3260 3400 3430 3470 conji—

1866 3501 2110 3554 ciendam
2139 3514 2259 3554 esse
2281 3513 2387 3554 non
2416 3497 2664 3553 dubitant
2700 3504 3028 3566 praestantes
3062 3494 3163 3548 viri
3210 3493 3429 3564 Pagius,

1867 3590 2240 3646 Tilletnuntius
2275 3599 2330 3645 et
2380 3600 2502 3661 post
2524 3605 2617 3645 eos
2668 3587 3134 3653 Montefalconius,
3201 3587 3294 3657 qui
3333 3600 3430 3655 po-

1864 3694 2100 3739 strenuus
2132 3683 2377 3739 omnium
2401 3682 2675 3737 uberrime
2706 3681 2847 3735 hanc
2893 3688 3132 3749 spartam
3175 3680 3429 3745 ornavit,

1867 3776 1939 3831 ita
1966 3788 2022 3830 ut
2057 3776 2188 3830 nihil
2216 3776 2320 3831 sibi
2363 3775 2551 3844 reliqui
2593 3773 2782 3829 fecerit
2809 3773 2861 3827 in
2908 3787 2970 3826 ea
3007 3787 3168 3841 quam
3224 3786 3430 3827 memo-

1866 3869 1979 3925 ravi
2009 3869 2234 3936 epistola
2270 3868 2336 3923 de
2375 3866 2698 3921 Narratione
2741 3865 2938 3934 Ruﬁni.
2969 3864 3184 3920 Fundus
3218 3865 3269 3918 in
3324 3879 3434 3936 quo

1866 3960 1997 4013 tanti
2038 3958 2135 4013 viri
2176 3960 2481 4014 consistunt
2533 3966 2615 4012 est
2657 3957 2883 4027 epistola
2932 3956 3161 4012 Proterii
3196 3955 3434 4012 Alexan-

1867 4052 2006 4113 driui
2042 4052 2107 4104 ad
2164 4050 2474 4121 pontiﬁcem
2528 4050 2763 4105 Leonem
2809 4050 3059 4118 Magnum
3111 4050 3177 4102 A.
3233 4049 3296 4104 Ι).
3330 4047 3435 4102 454

1866 4146 2192 4215 conscripta,
2251 4160 2410 4215 quam
2463 4153 2579 4213 post
2629 4144 2906 4198 Patavium
2969 4142 3159 4197 Latine
3203 4141 3438 4211 vulgavit

1867 4237 2116 4309 Egidius
2175 4236 2473 4292 Bucherius
2522 4238 2575 4290 in
2620 4236 3018 4291 Commentario
3068 4235 3145 4289 De
3193 4235 3437 4289 doctrina

1868 4338 2196 4397 temporum;
2226 4326 2298 4381 ibi
2334 4327 2477 4382 enim
2502 4340 2621 4395 pag.
2645 4325 2713 4379 84
2744 4325 2858 4379 haec
2882 4325 3169 4393 leguntur:
3199 4321 3262 4376 ln
3291 4331 3436 4375 octo-

1869 4422 2064 4489 gesimo
2098 4436 2232 4472 nono
2268 4435 2405 4471 anno
2444 4418 2507 4470 ab
2541 4416 2763 4485 imperio
2797 4414 3132 4481 Diocletiani,
3163 4416 3437 4482 superstite

1872 4514 2036 4567 beata:
2062 4511 2324 4564 memoria:
2368 4520 2515 4578 patre
2558 4521 2733 4561 nostra
2780 4517 2829 4562 et
2877 4508 3116 4576 episcopo
3152 4506 3434 4559 Anastasio

1873 4605 2015 4675 (lege
2045 4602 2360 4670 Athanasio)
2398 4618 2515 4655 cum
2547 4616 2635 4655 xtv
2664 4599 2790 4653 luna
2845 4597 3117 4652 Paschalis
3144 4612 3305 4651 xxvnt
3351 4598 3436 4651 die

1872 4694 2064 4749 mensis
2088 4692 2421 4755 Pltaminmh,
2446 4693 2499 4744 id
2521 4702 2593 4745 est
2620 4707 2754 4745 nono
2788 4689 3146 4743 Kalendarum
3176 4688 3436 4757 Aprilium

1872 4787 1956 4840 die
1977 4790 2312 4856 provenisset,
2342 4785 2426 4839 die
2451 4784 2746 4848 Dominico,
2767 4784 2819 4838 in
2846 4784 3234 4857 subsequentem
3263 4792 3438 4835 trans,

1885 4877 1996 4931 lata
2029 4886 2105 4930 est
2137 4875 2528 4939 hebdomadem,
2562 4878 2635 4929 ita
2681 4881 2737 4927 ut
2777 4874 2959 4945 quinta
2998 4874 3082 4927 die
3139 4871 3435 4939 Pharmoti,

1872 4968 1969 5022 hoc
2008 4977 2080 5021 est
2134 4965 2300 5036 pridie
2342 4964 2711 5021 Kalendarum
2748 4965 3034 5035 Aprilium,
3078 4964 3427 5020 celebraretur

1877 5060 2082 5115 Pascha
2130 5059 2479 5113 Dominicum.

1947 5195 2039 5249 lla:
2096 5204 2234 5249 nota:
2281 5192 2672 5265 chronologicae
2718 5193 2771 5249 in
2820 5208 3022 5248 annum
3070 5191 3278 5247 Domini
3331 5189 3441 5245 575

1877 5290 2142 5360 quadrare
2206 5295 2545 5342 noscuntur:
2597 5300 2702 5355 quo
2746 5285 2951 5344 Pascha
3005 5287 3057 5339 in
3110 5284 3441 5351 subsequen-

1878 5392 1983 5439 tem
2034 5381 2384 5443 Dominicam,
2437 5383 2552 5436 sive
2607 5380 2748 5433 diem
2797 5393 2927 5433 χιιι
2982 5375 3160 5430 Martii
3207 5371 3409 5427 transla

1879 5484 1991 5531 tum
2050 5474 2213 5529 fuisse
2262 5472 2424 5527 tradit
2458 5471 2727 5542 epistola:
2784 5480 2840 5525 et
2895 5467 3185 5537 superstite
3213 5462 3429 5533 quidem

1876 5567 2197 5631 Athanasio,
2231 5567 2321 5635 qui
2357 5564 2697 5634 postmodum
2760 5561 2903 5615 inter
2952 5556 3206 5612 mortales
3259 5554 3438 5608 vivere

208 5684 402 5733 etcum
430 5677 752 5750 Hieronymi
783 5675 997 5734 calculo
1023 5684 1187 5731 stare
1215 5690 1373 5745 posse
1413 5676 1752 5745 pronuntiavi

1880 5661 2123 5721 desierit,
2152 5659 2196 5714 si
2225 5655 2588 5713 assertorihus
2615 5655 2854 5723 ejusdem
2905 5649 3031 5704 anni
3093 5647 3197 5701 575
3224 5645 3439 5701 auscul-

209 5765 264 5821 in
296 5778 438 5829 ιοωο
484 5771 531 5828 ιι
580 5740 827 5843 Diem",
879 5769 1052 5825 sana;
1090 5740 1283 5825 mgis
1325 5740 1447 5839 pag;
1479 5768 1604 5824 900.
1641 5768 1779 5835 ρηοι
1881 5759 1994 5805 tare
2028 5750 2276 5803 velimus.
2302 5746 2427 5843 llzec
2453 5745 2596 5843 enim
2620 5743 2783 5843 variis
2822 5740 3002 5843 doctis
3031 5745 3433 5843 persuaserunt,

210 5870 385 5919 autem
405 5879 621 5924 errores
647 5864 742 5921 hic
767 5863 989 5931 cubent,
1021 5861 1352 5932 postmodum
1386 5860 1677 5928 apparebit.
1698 5860 1778 5915 lu-

1882 5853 2190 5909 suprcmum
2225 5836 2365 5893 diem
2388 5832 2668 5892 Athanasii
2691 5840 2840 5889 extra
2873 5823 3027 5887 A.'D.
3057 5828 3163 5886 575
3184 5843 3289 5886 non
3317 5839 3438 5885 esse
