4010 6562
522 444 675 487 CCLIV

1834 426 2360 485 PROLEGOMENA.

522 534 893 611 quaerendum.
944 538 1053 599 Nec
1080 538 1321 609 profecto
1376 539 1585 593 illorum
1625 543 1891 595 sententia
1945 546 2081 597 male
2109 550 2153 602 Α
2182 542 2433 596 mercede
2465 539 2700 594 restituti
2737 538 2913 593 Catulo
2936 554 3035 591 suo
3072 540 3347 595 oculorum
3376 558 3525 607 usus,
3562 543 3731 599 Marco

526 632 872 701 procederet,
901 631 1265 686 dummodo-et
1287 631 1477 700 reliqui
1505 631 1872 698 characteres,
1895 648 2081 703 quem-

521 722 805 777 admodum
835 721 904 775 ab
931 721 998 777 A.
1030 723 1092 777 Ι).
1134 721 1234 776 571
1274 722 1586 786 abhorrent,
1615 720 1687 775 ita
1727 732 1782 776 et
1819 738 1940 776 cum
1967 723 2080 776 vul-

521 824 647 882 gato
666 812 896 869 Proterii
932 812 1137 868 calculo
1165 814 1219 868 in
1251 830 1449 868 annum
1482 814 1589 869 575
1642 823 1833 882 sponte
1880 828 1974 867 sua
2023 825 2078 870 et

522 919 676 973 aequo
712 905 847 974 pede
892 914 1298 960 concurrerent.
1347 906 1545 962 Verum
1577 905 1665 961 hic
1718 906 1937 962 Rhodus
1993 907 2081 961 hic

523 996 727 1065 saltus;
758 996 849 1051 ubi
877 999 1021 1052 enim
1062 998 1202 1054 hanc
1246 1000 1678 1068 supputationem
1709 999 1957 1068 amplecti
1987 1015 2080 1055 ve-

523 1087 705 1154 limus,
731 1104 902 1145 annos
933 1089 1208 1145 Athanasii
1236 1105 1340 1146 non
1365 1100 1572 1146 tantum
1598 1093 1952 1163 quadraginta
1985 1108 2082 1145 sex

523 1179 756 1249 integros
788 1194 855 1236 ex
884 1190 1129 1236 veterum
1178 1184 1497 1253 scriptorum
1528 1196 1790 1238 consensu
1837 1183 1908 1237 illi
1938 1181 2083 1237 attri-

524 1274 679 1329 butos
718 1276 1142 1341 numerabimus,
1180 1278 1272 1332 sed
1321 1278 1675 1348 quadraginta
1723 1288 1933 1347 septem,
1962 1280 2084 1332 uni—

525 1379 686 1422 versa
725 1368 1048 1436 antiquitate
1082 1368 1433 1433 reclamante,
1466 1370 1736 1423 numerari
1759 1370 2080 1424 videbimus.

522 1456 698 1527 Atque
720 1458 835 1513 hac
859 1473 1017 1513 causa
1044 1469 1125 1514 est
1146 1476 1244 1513 cur
1280 1460 1447 1514 tutius
1504 1470 1560 1514 et
1604 1460 1939 1515 commodius
1969 1461 2084 1515 exi-

522 1547 737 1603 stimem
762 1590 781 1613 ,
819 1564 889 1605 ne
939 1548 1102 1604 latum
1131 1551 1344 1620 quidem
1374 1566 1601 1620 unguem
1622 1550 1902 1607 deflectere
1924 1568 1955 1607 a
1980 1552 2083 1606 Ba-

524 1640 662 1694 ronii
690 1641 979 1707 sententia,
1001 1643 1092 1713 qui
1126 1643 1190 1696 A.
1226 1642 1288 1697 D.
1331 1642 1459 1707 572,
1497 1642 1526 1715 §
1558 1643 1645 1707 i2,
1682 1644 1923 1699 Socratis
1971 1645 2082 1699 col-

524 1728 666 1799 legio
687 1730 959 1785 consulari
988 1730 1318 1801 posthabito,
1348 1731 1474 1786 licet
1505 1733 1572 1785 ab
1600 1747 1657 1787 se
1685 1733 1812 1785 olim
1859 1743 2083 1802 excepto

525 1819 580 1873 in
608 1823 751 1875 notis
780 1824 846 1877 ad
870 1822 1336 1894 Martyrologium,
1357 1826 1470 1879 haec
1496 1825 1690 1879 litteris
1711 1825 2079 1897 consignavit:

2192 634 2395 695 abbati,
2428 631 2640 685 Marcus
2690 640 2869 699 postea
2903 632 3199 687 Athanasio
3251 634 3539 690 obtulerat.
3573 638 3623 689 ιιι
3669 655 3729 691 ex

2185 740 2280 777 ore
2311 723 2550 778 Melaniae
2578 735 2637 775 se
2670 722 2940 789 accepisse
2968 724 3128 776 tradit
3161 724 3435 779 Palladius
3465 725 3518 779 in
3564 724 3730 779 Para-

2183 817 2298 868 diso
2360 814 2674 877 Heraclidis,
2711 828 2832 882 cap.
2863 814 2917 879 6,
2951 828 3069 884 pag.
3122 814 3227 870 954
3260 816 3511 870 editionis
3540 833 3577 870 ll
3629 815 3732 869 He-

2183 908 2371 962 riberti
2403 906 2706 976 Rosweydi.
2749 904 2858 959 llac
2904 906 3043 959 enim
3082 907 3305 976 antiqua
3347 909 3595 963 versione
3645 908 3734 961 lli-

2187 1001 2367 1053 storite
2402 998 2674 1052 Lausiacte
2706 998 2795 1053 hic
2829 997 3057 1052 libenter
3112 1008 3275 1066 atque
3333 999 3460 1054 alibi
3492 1001 3694 1053 utimur
3719 1045 3731 1063 ,

2184 1090 2610 1159 quotiescunque
2668 1090 2942 1144 recentior
2974 1089 3241 1157 interpres
3284 1090 3583 1146 Gentianus
3610 1091 3736 1145 Her-

2185 1191 2340 1235 vetus
2362 1180 2430 1236 ob
2450 1179 2624 1235 δι’κεὶ
2659 1180 2858 1234 codicis
2895 1181 3297 1248 corruptionem
3327 1182 3394 1235 ab
3419 1197 3605 1237 errore
3636 1199 3734 1236 non

2185 1280 2362 1326 vacat.
2419 1273 2562 1325 Sane
2620 1271 3029 1340 haudquaquam
3084 1286 3278 1327 vacare
3328 1272 3737 1341 deprehenditur

2185 1378 2303 1433 cap.
2338 1362 2409 1416 20
2443 1363 2511 1417 de
2534 1363 2692 1417 ovina
2748 1362 2885 1430 pelle
2917 1376 3219 1416 sermonem
3266 1361 3486 1418 faciens.
3517 1364 3616 1417 Adi
3643 1363 3737 1417 Pa-

2185 1453 2329 1525 gium
2356 1453 2424 1509 A.
2466 1452 2531 1507 D.
2561 1452 2688 1518 572,
2716 1452 2744 1524 §
2771 1453 2860 1516 t9,
2896 1453 2982 1506 ubi
3025 1452 3201 1507 locum
3232 1468 3295 1507 ex
3319 1454 3625 1523 conjectura
3658 1453 3735 1507 fe-

2186 1547 2358 1602 liciter
2382 1546 2708 1610 emendavit,
2735 1547 2801 1599 ad
2824 1560 2980 1614 quem
3000 1546 3277 1613 multiplici
3303 1547 3429 1600 limo
3445 1548 3736 1610 turbatum,

2185 1638 2402 1693 haesisse
2434 1637 2707 1707 comperio
2746 1652 2849 1690 non
2897 1638 3072 1691 solum
3121 1638 3472 1710 Rosweydnm
3517 1640 3568 1691 in
3602 1639 3738 1693 notis

2188 1733 2253 1784 ad
2287 1730 2581 1785 Palladium
2614 1745 2738 1800 pag.
2771 1728 2895 1795 786,
2924 1728 2951 1799 §
2984 1729 3073 1795 52,
3118 1732 3209 1785 sed
3240 1742 3497 1800 praeterea
3522 1730 3736 1786 Chime-

2184 1823 2315 1877 tinm
2343 1825 2396 1877 in
2431 1822 2661 1877 Paulino
2684 1822 2967 1888 illustrato,
3002 1834 3153 1895 parte
3180 1841 3241 1888 tl,
3267 1840 3387 1895 pag.
3425 1826 3513 1885 ll,
3548 1835 3602 1878 et
3630 1822 3737 1879 Til-

525 1912 641 1966 Hoc
667 1913 790 1966 item
824 1930 987 1977 anno,
1016 1916 1300 1984 iisdemque
1345 1918 1641 1971 consulibus
1696 1917 1715 1987 (
1741 1916 1975 1991 Modesto
2033 1926 2081 1971 et
2114 1913 2157 1971 Β
2186 1914 2494 1968 Iemontium
2518 1915 2585 1969 ad
2621 1913 2794 1967 Vitam
2819 1917 2986 1969 sancti
3015 1916 3260 1980 Macarii,
3296 1925 3441 1971 tomo
3466 1914 3600 1981 Vlll,
3620 1933 3736 1985 pag.

525 2004 819 2076 Arintheo),
858 2016 1069 2060 sanctus
1108 2008 1428 2062 Athanasius
1458 2009 1726 2077 episcopus
1770 2009 2082 2061 Alexandri-

524 2114 619 2151 nus
640 2110 752 2167 post
780 2101 1081 2154 innumeros
1112 2118 1206 2169 pro
1241 2103 1434 2155 tuenda
1471 2102 1577 2171 fide
1625 2100 1881 2155 catholica
1909 2117 2082 2154 susce-

520 2199 636 2258 ptos
680 2190 905 2255 labores,
959 2208 1078 2244 cum
1110 2193 1320 2247 sedisset
1352 2210 1517 2247 annos
1550 2206 1922 2256 ousonactxn
1960 2208 2079 2254 sex,

521 2290 665 2334 sexto
703 2298 864 2335 nonas
890 2282 1023 2335 Maii
1046 2284 1250 2338 solutus
1274 2286 1447 2338 carnis
1478 2285 1719 2351 uinculis,
1766 2293 2081 2351 accepturus

521 2373 935 2428 immortalitatis
1000 2393 1245 2431 coronam
1299 2378 1539 2447 migravit
1588 2379 1642 2431 in
1707 2377 1911 2431 cmlum.
1976 2378 2079 2431 hic

521 2466 691 2531 primo
713 2469 1023 2537 corrigimus
1064 2471 1205 2539 quod
1251 2469 1545 2541 aliquando
1576 2485 1692 2523 cum
1728 2467 1943 2524 Socrate
1992 2486 2084 2524 nos

522 2558 719 2612 dixisse
750 2560 1106 2625 meminimus,
1154 2564 1327 2631 ipsum
1371 2579 1510 2615 anno
1560 2562 1864 2629 superiori,
1906 2578 2083 2629 nempe

523 2653 885 2706 trecentesimo
943 2655 1327 2724 septuagesimo
1369 2655 1561 2721 primo,
1597 2654 1898 2722 defunctum
1950 2670 2081 2711 esse.

524 2739 696 2796 Porro
722 2760 839 2797 cum
885 2754 1084 2799 constet
1115 2762 1255 2799 anno
1282 2746 1513 2815 sequenti
1536 2762 1567 2797 a
1592 2743 1810 2799 Nicazno
1840 2745 2083 2809 concilio,

523 2850 704 2900 nempe
735 2834 946 2890 Domini
1004 2839 1364 2891 trecentesimo
1400 2838 1640 2891 vicesimo
1680 2846 1825 2890 sexto
1850 2876 1865 2900 ,
1925 2836 2086 2904 fuisse

525 2936 759 2980 creatum
807 2928 1105 2997 episcopum
1140 2927 1599 2993 Alexandrinum;
1638 2929 1707 2980 ad
1739 2930 1875 2981 hunc
1927 2944 2086 2998 usque

528 3034 724 3073 annum
767 3022 999 3090 oportuit
1042 3022 1375 3089 pervenisse;
1427 3020 1547 3073 licet
1596 3022 1737 3089 apud
1779 3019 2087 3090 Hieronymi

524 3108 828 3164 Cbronicon
860 3128 998 3165 anno
1036 3111 1273 3179 sequenti
1298 3120 1530 3179 ponatur
1559 3111 1862 3165 substitutio
1882 3126 2087 3165 succes-

524 3201 682 3254 soris.
716 3200 792 3255 Ita
824 3201 1088 3256 Baronius
1118 3218 1132 3254 :
1190 3202 1343 3271 cujus
1368 3212 1547 3256 tamen
1580 3201 1805 3257 calculis
1831 3202 2088 3271 Hierony-

526 3306 673 3344 mum
704 3292 867 3346 etiam
896 3293 1205 3357 concinere,
1250 3306 1407 3347 secus
1432 3303 1594 3361 atque
1632 3293 1734 3362 ipsi
1784 3293 1957 3347 visum
1984 3302 2085 3356 est,

529 3376 761 3433 inferius
799 3380 1131 3434 monstrabo.
1163 3379 1309 3434 Idem
1349 3382 1432 3435 vir
1459 3392 1783 3451 purpuratus
1809 3392 2088 3452 postquam

527 3468 706 3536 Ruﬁni
733 3478 845 3524 tum
897 3472 948 3525 in
997 3471 1230 3543 Egypto
1263 3488 1385 3528 cum
1442 3473 1673 3527 Melania
1706 3476 1997 3538 versantis,
2039 3484 2090 3527 et

527 3561 717 3631 Cyrilli
748 3578 961 3632 quoque
998 3565 1344 3620 Alexandrini
1376 3566 1677 3621 testimonia
1721 3568 1786 3623 de
1833 3568 2001 3639 annis}
2026 3569 2093 3624 ab

529 3652 831 3707 Athanasio
867 3654 918 3707 in
952 3656 1263 3726 episcOpatu
1297 3658 1606 3723 transactis,
1651 3659 1954 3726 recitasset,
1987 3658 2089 3730 Cy-

532 3744 711 3797 rillum
756 3745 866 3798 hinc
920 3748 1098 3797 omnia
1144 3745 1575 3814 exploratissima
1628 3749 1869 3803 habuisse
1904 3752 2093 3806 merito

531 3844 739 3903 censet,
771 3846 951 3905 utpote
982 3837 1219 3905 ejusdem
1256 3834 1509 3892 Ecclesia:
1561 3840 1856 3907 episwpum
1875 3859 1898 3906 ;
1934 3852 2094 3911 atque

532 3926 661 3980 hinc
690 3927 951 3980 mendacii
997 3927 1274 3982 Socratem
1335 3930 1532 3999 arguit,
1590 3930 1833 4001 quicum
1882 3934 2093 3987 totidem

534 4016 647 4088 ejus
680 4018 817 4072 sedis
843 4034 1009 4071 annos
1034 4018 1327 4073 Athanasio
1363 4022 1587 4085 tribuat,
1614 4022 1893 4079 decessisse
1921 4035 2095 4079 tamen

535 4112 611 4164 ait
636 4125 776 4163 anno
810 4111 1091 4178 superiori,
1137 4110 1396 4167 Gratiano
1428 4124 1476 4168 et
1526 4112 1701 4169 Probo
1752 4116 2093 4181 consulibus;

535 4218 841 4274 quanquam
870 4204 1010 4259 haud
1032 4220 1163 4261 sane
1187 4206 1468 4261 mentitum
1490 4206 1765 4263 Socratem
1795 4218 1923 4278 puto
1954 4226 1969 4263 :
2000 4208 2094 4264 sed

538 4294 759 4351 humani
787 4295 986 4366 aliquid
1012 4311 1249 4368 passum,
1277 4305 1335 4352 ut
1356 4299 1486 4354 viris
1514 4300 1680 4353 etiam
1736 4300 1959 4354 summis
1988 4314 2093 4354 non

536 4402 665 4444 raro
685 4388 903 4456 accidit,
923 4404 1086 4443 unum
1109 4406 1205 4458 par
1228 4391 1505 4446 consulum
1528 4392 1825 4448 oscitanter
1845 4407 1942 4460 pro
1965 4391 2093 4456 alio,

536 4483 712 4539 eidem
739 4485 1009 4555 proximo,
1039 4484 1335 4555 sumpsisse
1357 4499 1461 4538 non
1482 4484 1686 4538 dubito.
1723 4483 1803 4537 Ad
1827 4482 2096 4538 Proteria-

2183 2006 2309 2061 8H.
2350 2006 2546 2068 Alium,
2578 2008 2671 2061 sed
2704 2007 2931 2062 similem
2961 2020 3231 2073 eventum,
3288 2008 3513 2062 Ruﬁnus
3540 2009 3606 2061 de
3631 2008 3739 2061 Ma-

2184 2100 2331 2179 cario
2359 2107 2543 2153 narrat
2571 2099 2666 2153 lib.
2698 2114 2776 2162 XI.
2808 2113 2929 2168 cap.
2953 2100 3009 2153 4.
3039 2099 3211 2153 Alium
3235 2100 3362 2155 item
3386 2101 3451 2155 de
3490 2100 3597 2154 alio
3632 2116 3741 2153 rno-

2184 2192 2359 2246 nacho
2386 2190 2653 2261 Sulpicius
2680 2194 2730 2246 in
2767 2192 2983 2264 Dialogo
3012 2209 3050 2256 t,
3095 2209 3211 2262 cap.
3244 2192 3311 2257 9,
3362 2193 3538 2249 locum
3573 2194 3740 2248 Palla—

2186 2285 2257 2339 dii
2302 2300 2472 2356 nuper
2500 2287 2782 2341 adductum
2813 2288 2878 2341 ad
2910 2297 3138 2341 mentem
3179 2287 3323 2357 Pagii
3375 2301 3439 2341 ex
3468 2288 3739 2343 codicibus

2184 2391 2313 2432 mss.
2345 2387 2527 2452 postea
2552 2379 2791 2434 restituit
2828 2378 3261 2434 Montefalconius
3301 2394 3423 2449 pag.
3454 2380 3541 2433 40.

2259 2559 2344 2614 111.
2374 2560 2594 2617 Constat
2636 2575 2763 2629 ergo
2800 2561 3108 2625 Melanium,
3161 2561 3275 2629 ipsa
3313 2559 3545 2614 Melania
3606 2562 3741 2630 apud

2186 2650 2480 2705 Palladium
2522 2666 2678 2705 suum
2724 2652 3087 2707 necessarium
3118 2659 3390 2713 narrante,
3423 2650 3613 2719 pellem
3640 2652 3744 2704 ovi-

2189 2759 2311 2797 nam
2336 2745 2612 2812 accepisse
2644 2744 2713 2799 ab
2737 2744 3053 2798 Athanasio.
3086 2742 3233 2797 lianc
3262 2753 3435 2798 tamen
3471 2744 3742 2813 accepisse

2194 2853 2298 2891 non
2332 2839 2528 2907 potuit,
2566 2839 2669 2892 nisi
2691 2839 2755 2891 Α.
2787 2838 2846 2891 D.
2878 2838 3004 2903 572,
3037 2852 3140 2905 quo
3172 2834 3457 2906 [Egyptum
3480 2837 3738 2900 intravit;

2188 2944 2313 2981 nam
2341 2938 2477 2983 teste
2503 2929 2768 2993 Palladio,
2797 2944 2917 2999 cap.
2952 2929 3069 2993 H7,
3098 2943 3188 2983 sex
3215 2943 3428 2982 menses
3452 2938 3658 2980 tantum
3693 2927 3741 2980 in

2189 3018 2425 3090 Egypto
2456 3031 2660 3075 morata
2684 3030 2789 3075 est.
2821 3021 2887 3074 Et
2918 3019 3366 3089 quemadmodum
3392 3016 3609 3072 Marcus
3635 3030 3744 3071 mo-

2197 3110 2401 3165 riturus
2438 3111 2626 3180 pellem
2662 3110 2961 3165 Athanasio
3008 3110 3339 3177 reliquerat,
3392 3110 3465 3163 ita
3501 3118 3557 3163 et
3586 3108 3747 3163 Atha-

2201 3202 2411 3256 nasium
2443 3203 2653 3257 nonnisi
2686 3202 3002 3256 moriturum
3029 3201 3213 3255 eodem
3242 3201 3305 3257 A.
3340 3199 3403 3257 θ.
3456 3201 3561 3254 572
3594 3200 3747 3255 Mela-

2194 3293 2297 3346 nia:
2336 3292 2481 3346 illam
2512 3292 2792 3361 reliquisse
2822 3306 2919 3360 pro
2943 3299 3093 3345 certo
3118 3290 3304 3344 habeo.
3334 3290 3443 3344 Cur
3464 3278 3607 3343 enim
3641 3301 3744 3343 tam

2192 3382 2301 3437 cito
2332 3393 2622 3452 antequam
2650 3392 2950 3434 moreretur
2988 3380 3255 3449 pretiosas
3310 3381 3535 3435 exuvias
3577 3395 3607 3434 a
3634 3381 3749 3435 viro

2194 3481 2384 3528 sancto
2431 3471 2721 3542 postremis
2754 3470 2951 3525 tabulis
2995 3469 3097 3523 sibi
3132 3468 3370 3534 relictas,
3400 3470 3451 3522 in
3489 3478 3749 3524 matrona:

2194 3566 2422 3637 insignis
2479 3566 2714 3634 quidem,
2771 3563 2867 3618 sed
2932 3562 3249 3632 peregrinas,
3293 3570 3346 3616 et
3388 3562 3608 3615 visdum
3649 3564 3749 3617 sibi

2205 3657 2436 3713 fortasse
2485 3666 2625 3712 notae
2670 3656 3060 3726 possessionem
3107 3653 3399 3707 transferre
3443 3653 3753 3707 voluisset?

2195 3750 2353 3805 Aliud
2402 3750 2453 3804 in
2508 3750 2612 3805 hac
2667 3747 3055 3817 disceptatione
3082 3744 3313 3798 validum
3369 3755 3744 3813 argumentum

2198 3843 2437 3913 suppetit
2464 3857 2531 3896 ex
2582 3840 2797 3905 Ruﬁno,
2852 3840 2903 3893 in
2934 3852 2992 3892 re
3034 3851 3192 3908 quam
3226 3837 3387 3903 vidit,
3415 3836 3521 3891 fide
3550 3838 3751 3906 dignis-

2201 3939 2375 4003 simo;
2410 3938 2455 3991 is
2482 3936 2624 3991 enim
2652 3936 2704 3989 in
2728 3935 2823 3989 lib.
2858 3950 2932 3999 ιι,
2961 3948 3081 4001 cap.
3112 3932 3167 3998 2,
3202 3942 3257 3987 et
3290 3931 3323 3985 5
3352 3939 3610 3992 testatur,
3633 3929 3754 3981 Ale-

2208 4028 2450 4082 xandria:
2500 4040 2764 4081 CONTINUO
2817 4034 2929 4093 post
2964 4022 3239 4077 Athanasii
3273 4021 3466 4075 obitum
3507 4031 3753 4087 persecu-

2210 4122 2411 4177 tionem
2443 4121 2498 4176 in
2524 4119 2828 4174 Catholicos
2872 4118 3157 4173 excitatam
3184 4115 3251 4168 ab
3292 4114 3529 4176 Arianis,
3561 4110 3754 4182 quibus

2204 4213 2404 4269 Valens
2441 4214 2716 4282 Augustus
2740 4210 2975 4276 favebat,
3011 4206 3231 4261 Tatiano
3261 4204 3599 4259 Alexandria:
3620 4219 3756 4272 pra:—

2201 4305 2400 4358 sidente
2423 4319 2441 4355 :
2474 4302 2616 4372 quod
2647 4301 2857 4356 nonnisi
2888 4303 2949 4357 A.
2996 4300 3055 4353 Ι).
3083 4296 3190 4351 572
3226 4294 3536 4363 contingere
3563 4293 3752 4363 potuit.

2202 4395 2412 4451 Etenim
2444 4408 2584 4447 anno
2611 4392 2856 4462 sequenti
2885 4391 3008 4456 575,
3037 4404 3141 4443 non
3189 4386 3417 4454 amplius
3474 4382 3753 4447 'I‘atianus,

2207 4487 2301 4541 sed
2336 4484 2640 4549 Palladius,
2663 4484 2753 4552 qui
2781 4483 2955 4536 eidem
2984 4481 3039 4534 in
3068 4477 3380 4548 praefectura
3400 4471 3621 4543 Egypti
3644 4487 3758 4527 suc-

536 4590 662 4631 nam
684 4576 984 4647 epistolam,
1026 4593 1211 4647 quam,
1248 4584 1437 4646 utpote
1461 4591 1559 4631 suo
1590 4584 1834 4646 tempore
1862 4574 2088 4630 necdum
2119 4589 2171 4650 ι)
2198 4586 2457 4642 cesserat,
2482 4574 2821 4629 Alexandria:
2850 4571 3185 4644 prtesidebat,
3208 4584 3273 4623 ex
3308 4566 3531 4621 Socrate
3552 4564 3644 4617 lib.
3682 4579 3755 4627 tv,

534 4668 757 4736 editam,
786 4669 1051 4726 Baronius
1103 4684 1208 4726 non
1266 4669 1421 4734 vidit,
1481 4668 1821 4739 postmodum
1854 4676 2095 4722 reverte-

533 4776 677 4816 mur.

612 4850 758 4907 Sane
806 4861 1005 4923 praeter
1067 4860 1315 4907 exactum
1358 4853 1441 4907 et‘
1470 4850 1790 4921 prazfinitum
1835 4864 2096 4905 annorum

536 4959 843 5013 numerum,
868 4953 1061 4999 caetera
1104 4943 1286 4998 omnia
1330 4943 1453 4998 huic
1497 4944 1563 4996 A.
1617 4946 1680 5000 D.
1727 4944 1830 4999 572
1876 4958 2098 5013 prorsus

538 5033 881 5095 conveniunt,
908 5048 1025 5102 qua:
1054 5048 1225 5104 neque
1250 5033 1317 5087 A.
1349 5032 1408 5087 ἰ).
1434 5032 1563 5100 571,
1592 5049 1769 5104 neque
1793 5034 1895 5090 575
1923 5034 2095 5103 aptari

540 5125 650 5181 ullo
679 5128 838 5181 modo
862 5134 1105 5194 possunt,
1153 5134 1213 5179 ut
1258 5126 1437 5180 statim
1478 5125 1643 5180 visuri
1666 5140 1873 5180 sumus.
1898 5126 1964 5179 Et
1988 5125 2101 5195 pri-

540 5232 688 5271 mum
715 5215 844 5271 illud
870 5216 1194 5285 peculiarem
1216 5217 1649 5272 observationem
1670 5226 1929 5280 meretur,
1956 5214 2097 5285 quod

540 5323 646 5362 non
678 5306 848 5362 solum
866 5305 1061 5378 Pagius
1088 5308 1153 5362 A.
1184 5306 1243 5361 ο.
1267 5306 1389 5369 572.
1416 5305 1444 5377 §
1473 5308 1561 5371 15,
1588 5308 1681 5361 sed
1711 5307 1871 5361 etiam
1892 5305 2099 5359 Monte-

540 5399 806 5453 falconius
866 5414 988 5470 pag.
1019 5399 1125 5465 il,
1155 5414 1262 5455 uno
1308 5412 1404 5454 ore
1449 5399 1797 5462 conﬁrmant,
1847 5396 2096 5449 Ruﬁnum

539 5490 749 5546 scilicet
775 5504 838 5546 ac
869 5490 1177 5555 Melaniam,
1199 5490 1290 5561 qui
1320 5490 1389 5543 A.
1422 5489 1486 5543 D.
1530 5489 1657 5554 571,
1686 5490 1954 5558 ingruente
1983 5485 2097 5552 jam

542 5585 748 5651 hieme,
796 5598 862 5640 ex
896 5582 1209 5652 Hieronymi
1268 5582 1491 5651 epistola
1543 5581 1649 5645 22,
1704 5580 1838 5635 alias
1885 5578 1990 5642 25,
2047 5579 2097 5630 in

544 5670 887 5729 Palaestinam
914 5671 1230 5743 profecturi,
1273 5686 1341 5725 ex
1371 5671 1513 5728 Urbe
1552 5672 1933 5732 discesserant,
1974 5666 2099 5720 Ale-

549 5765 793 5819 xandriae
825 5767 971 5821 visos
1006 5766 1071 5820 A.
1113 5764 1174 5817 Ι).
1206 5764 1332 5826 572,
1367 5777 1473 5832 quo
1521 5759 1744 5815 Melania
1797 5759 1865 5812 ab
1916 5768 2100 5813 sancto

554 5854 850 5911 Athanasio
897 5854 1032 5924 pelle
1063 5852 1219 5911 ovina
1244 5856 1439 5911 donata
1489 5861 1592 5917 est,
1634 5865 1794 5923 quam
1822 5850 1990 5919 hyena
2047 5849 2099 5905 in

2204 4681 2326 4735 cap.
2346 4665 2432 4729 20,
2463 4675 2518 4721 et
2552 4681 2617 4720 es
2652 4664 2988 4719 Theodoreto
3009 4660 3104 4714 lib.
3138 4673 3211 4722 tv,
3244 4671 3366 4725 cap.
3398 4654 3493 4708 22.
3534 4652 3757 4720 Ruﬁnus

2203 4774 2366 4830 porro
2398 4773 2609 4814 omnem
2649 4756 2749 4810 hac
2790 4756 2842 4808 in
2867 4767 3029 4808 causa
3059 4748 3449 4806 dubitationem
3480 4745 3755 4801 convellit,

2198 4854 2325 4909 dum
2380 4850 2693 4922 przefectum
2743 4848 3003 4911 nominat,
3044 4843 3145 4898 sub
3193 4855 3300 4910 quo
3338 4852 3606 4893 CONTINUO
3648 4846 3759 4905 post

2196 4945 2477 5000 Athanasii
2512 4943 2707 4997 obitum
2755 4954 2817 4994 ea
2852 4935 3151 5008 persecutio
3193 4932 3438 4988 exarsit:
3494 4930 3548 4983 in
3576 4945 3680 4998 qua
3708 4938 3760 4981 et

2202 5041 2436 5109 ipsemet
2468 5034 2689 5100 Ruﬁnus
2736 5031 2922 5085 exsilia
2960 5038 3017 5083 et
3060 5038 3307 5081 carceres
3360 5022 3563 5085 subiit;
3622 5022 3761 5075 umle

2196 5133 2270 5185 ait
2296 5149 2308 5183 :
2339 5129 2472 5193 Qua:
2494 5140 2719 5195 pm’sens
2741 5137 2873 5187 VIDI,
2892 5122 3106 5189 loquor;
3131 5126 3178 5171 et
3195 5131 3371 5169 eorum
3392 5125 3541 5184 gesta
3564 5114 3758 5182 refero,

2216 5238 2437 5293 quorum
2468 5219 2798 5289 passionibus
2830 5215 2999 5268 socius
3028 5226 3138 5265 esse
3164 5208 3448 5277 promerui.
3471 5205 3757 5260 Melattiam

2200 5318 2252 5370 in
2282 5317 2381 5370 hac
2409 5316 2596 5368 eadem
2624 5309 3015 5380 persecutione,
3042 5316 3310 5358 CONTINUO
3338 5309 3453 5371 pom
3482 5298 3759 5352 Athanasii

2200 5404 2406 5457 obitum
2434 5399 2685 5461 conflata,
2717 5398 2855 5449 intra
2896 5394 3016 5447 illos
3044 5407 3136 5444 sea:
3166 5405 3387 5453 menses,
3415 5403 3549 5456 quos
3584 5388 3637 5440 in
3664 5385 3754 5442 IE-

2210 5505 2372 5564 gypto
2401 5492 2664 5560 transegit
2699 5490 2762 5542 A.
2825 5487 2887 5540 Ι).
2917 5484 3040 5548 572,
3076 5483 3286 5551 fugatos
3310 5490 3364 5534 et
3394 5479 3762 5550 apprehensus

2208 5587 2466 5651 fovendo,
2495 5584 2806 5641 Christiana
2863 5579 3060 5634 virtute
3098 5574 3437 5633 excelluisse,
3484 5581 3757 5626 auctorem

2202 5683 2375 5736 habeo
2409 5680 2689 5735 Paulinum
2712 5674 2995 5735 Nolanum,
3031 5662 3120 5738 qui
3166 5668 3328 5737 epist.
3352 5656 3592 5721 29'alias
3622 5659 3759 5730 l0.§

2202 5776 2290 5839 ll,
2336 5776 2449 5827 haec
2474 5787 2576 5825 non
2613 5765 2978 5838 perfunctorie
3009 5759 3229 5831 legenda
3292 5756 3476 5813 scribit
3496 5756 3562 5809 ad
3596 5752 3758 5820 Seve:

2209 5881 2326 5922 tum
2355 5863 2650 5927 Sulpicium
2682 5880 2693 5913 :
2732 5857 2805 5911 De
2844 5854 3032 5910 multis
3050 5863 3220 5907 tamen
3250 5850 3307 5904 in
3340 5848 3433 5901 illa
3484 5841 3753 5909 (Melania)
