4010 6524
1195 415 1283 470 ne
1320 397 1511 473 anno
1549 417 1958 476 auon'rmu
2008 419 2064 475 s.
2108 415 2521 475 ATIIANASII.‘

3346 425 3477 466 CCLV

252 526 500 581 uirtutibus
540 525 687 595 Dei,
736 545 900 584 unam
957 529 1159 593 saltem,
1201 532 1266 587 de
1321 548 1425 603 qua
1480 536 1595 603 ejus
1646 534 1821 587 omnia
1852 541 1896 595 Α
1927 540 2061 601 viit;
2096 535 2363 604 posterius
2392 547 2520 588 vero
2570 529 2855 591 Palladius,
2895 526 2986 597 qui
3041 523 3475 595 persecutionem

254 619 557 673 estimentur
586 635 779 686 Opera,
801 622 1095 689 prazdicabo
1112 638 1131 675 :
1153 621 1399 693 Tempore
1427 624 1518 678 illo
1560 622 1807 689 Valentis,

254 710 432 779 qundo
490 707 800 766 Ecclesiam
844 714 936 767 Dei
980 715 1082 769 rivi
1126 716 1278 784 {uror
1318 717 1658 781 Arianorum,
1697 733 1812 785 rege

256 803 342 870 ipso
388 802 688 869 impietatis
757 806 999 870 satellite,
1064 809 1481 876 persequebatur,
1527 808 1638 861 ha'c
1690 818 1802 862 erat

257 897 474 963 princeps
531 896 613 951 vel
654 900 921 967 particeps
954 901 1150 954 cunctis
1178 917 1271 969 pro
1317 900 1423 969 fide
1468 903 1805 957 instantibus.

266 985 370 1040 Huc
400 986 618 1057 fugatos
654 991 964 1059 recipiebat,
1017 1002 1105 1045 aut
1156 993 1498 1061 apprehensos
1526 995 1811 1047 comitaba-

257 1087 342 1135 tur.
370 1077 475 1133 Sed
515 1097 642 1134 cum
679 1099 770 1136 eos
802 1084 1069 1151 recepisset
1106 1084 1160 1139 in
1186 1084 1459 1149 latebram,
1494 1084 1582 1154 qui
1603 1096 1812 1154 propter

266 1172 499 1241 insignem
537 1172 703 1239 ﬁdem
734 1176 936 1244 majore
962 1184 1007 1229 et
1030 1176 1391 1230 haereticorum
1424 1177 1545 1229 odio
1581 1176 1797 1245 infesta-

261 1264 450 1328 bantur,
478 1274 529 1317 et
560 1266 948 1319 occultantium
995 1267 1365 1337 detegebantur
1391 1268 1611 1332 invidia,
1665 1268 1811 1338 gravi

256 1364 354 1406 tunc
385 1353 650 1407 seditione
705 1354 984 1409 diabolicis
1030 1356 1232 1423 facibus
1258 1357 1605 1425 inﬂammata,
1659 1360 1809 1427 quasi

256 1457 420 1503 contra
463 1448 632 1517 legem
694 1450 963 1519 publicam
1001 1461 1281 1506 contumax
1313 1453 1575 1519 protrahi,
1621 1469 1683 1505 ac
1702 1453 1811 1517 pati

257 1539 391 1609 jussu
426 1550 527 1603 est,
573 1556 693 1608 qua:
728 1540 852 1595 illos
892 1544 1187 1607 manebant,
1226 1543 1328 1595 nisi
1351 1543 1566 1611 prodere
1590 1542 1808 1596 maluis-

251 1641 331 1688 set.
360 1628 633 1685 Processit
685 1632 949 1699 impavide
972 1635 1164 1702 cupida
1203 1635 1467 1704 passionis
1530 1642 1577 1688 et
1610 1634 1809 1699 injuria

251 1722 608 1791 publicationis
682 1723 976 1790 exsultans,
1028 1728 1261 1795 quamvis
1307 1742 1407 1779 non
1467 1733 1811 1795 exspectasset

252 1814 389 1877 trahi,
419 1822 699 1868 tracturos
724 1815 1027 1869 antevolans
1050 1817 1118 1868 ad
1132 1817 1367 1886 judicem
1394 1832 1412 1869 :
1436 1816 1529 1886 qui
1563 1816 1810 1886 confusus

1917 630 1984 685 ab
2041 628 2267 683 Tatiano
2316 625 2605 692 inceptam,
2650 621 2836 675 eadem
2875 626 3062 673 aestate
3104 614 3434 671 continuavit
3463 652 3478 674 ,

1918 738 2005 776 res
2028 718 2420 775 Alexandrinas
2448 731 2543 786 pro
2574 713 2799 768 Valente
2832 711 3073 780 Augusto
3126 705 3362 776 supremi
3393 703 3479 771 ju-

1915 815 2063 869 dices
2096 808 2613 866 administraverint.
2644 806 2845 876 Agebat
2878 818 2943 858 eo
2988 810 3228 868 tempore
3278 796 3477 853 Valens

1912 904 2235 969 Antiochiae,
2268 903 2355 957 ubi
2392 902 2561 970 legem
2582 899 2743 966 jussit
2768 898 2853 951 die
2874 912 2969 950 xm
2990 893 3113 947 Maii
3138 906 3202 946 ex
3235 890 3479 946 Chrono-

1914 997 2052 1062 logia
2079 994 2414 1057 Gothofredi,
2444 1008 2565 1062 pag.
2586 991 2676 1048 91.
2697 990 2874 1057 Quare
2896 998 3033 1045 teste
3055 985 3277 1042 Socrate
3293 984 3385 1039 lib.
3400 998 3474 1048 tv,

1909 1100 2026 1154 cap.
2080 1084 2171 1148 21,
2237 1083 2423 1135 Ariani
2482 1081 2672 1153 absque
2734 1094 2880 1132 mora
2952 1074 3287 1145 imperatori,
3353 1080 3477 1124 tunc

1909 1176 2203 1232 Antiochia:
2228 1175 2423 1245 agenti,
2466 1182 2776 1227 curaverunt
2814 1169 3220 1240 signiﬁcandam
3243 1165 3476 1217 Athana-

1911 1272 1975 1325 sii
2012 1279 2248 1322 mortem.
2306 1266 2448 1321 Idem
2484 1265 2775 1321 historicus
2796 1265 2911 1319 haec
2944 1272 3129 1333 postea
3154 1258 3427 1329 subiungit
3458 1274 3474 1313 :

1913 1359 2106 1416 Psocrs
2136 1374 2323 1415 ntenns
2356 1358 2664 1427 interjectis,
2702 1355 2935 1410 Euzoius
2970 1353 3307 1407 Antiochente
3335 1349 3475 1404 sedis

1911 1452 2069 1506 simul
2093 1463 2137 1506 et
2165 1453 2420 1505 Iucreseos
2448 1450 2661 1503 Ariante
2694 1464 2904 1516 prwses,
2932 1444 3173 1514 temporis
3203 1442 3473 1497 occasione

1912 1552 2141 1606 captata,
2171 1542 2393 1595 decrevit
2442 1543 2517 1594 ire
2564 1537 2974 1603 Alexandriam,
3011 1538 3088 1589 uti
3133 1533 3475 1589 administra-

1912 1637 2103 1689 tionem
2129 1633 2487 1689 Ecclesiarum
2517 1633 2709 1687 ibidem
2742 1630 2903 1686 Lucio
2925 1630 3120 1699 pariter
3137 1626 3333 1679 Ariano
3360 1632 3475 1678 tra-

1912 1726 2073 1779 deret.

252 1906 566 1959 veneratione
614 1907 915 1971 pressantis,
948 1923 1049 1959 non
1080 1918 1350 1962 exsecutus
1386 1919 1459 1961 est
1481 1907 1808 1975 inﬁdelitatis

1982 1898 2071 1954 IV.
2114 1898 2238 1955 Haec
2266 1899 2378 1953 sine
2406 1914 2552 1952 mora
2610 1905 2657 1951 et
2700 1896 2881 1965 paucis
2922 1896 3203 1964 interjectis
3236 1893 3416 1947 diebus
3446 1908 3475 1946 a

250 1995 389 2058 iram,
442 1996 573 2047 dum
616 1996 747 2064 ﬁdei
771 1998 998 2050 miratur
1022 1998 1317 2052 audaciam.
1370 1998 1495 2053 Haec
1548 1999 1803 2053 Paulinus

252 2088 307 2141 de
352 2087 586 2141 Melania
624 2128 640 2154 ,
702 2088 756 2142 in
805 2098 935 2144 azstu
996 2090 1367 2147 Alexandrina:
1422 2092 1812 2160 persecutionis

252 2178 501 2248 intrepida
543 2198 559 2236 :
619 2194 742 2248 quae
780 2179 967 2235 Latine
996 2182 1196 2237 referre
1235 2183 1407 2237 visum
1431 2193 1533 2250 est,
1572 2195 1811 2254 propter-

251 2285 301 2325 ea
324 2272 461 2340 quod
519 2274 757 2327 multum
818 2273 885 2327 ad
941 2274 1041 2327 hoc
1105 2285 1475 2345 argumentum
1534 2270 1804 2331 illustran-

257 2363 368 2416 dum
391 2363 649 2420 conferre
697 2367 1001 2421 videantur.
1036 2368 1111 2424 Ne
1139 2384 1265 2423 vero
1290 2369 1423 2423 alios
1456 2384 1614 2438 quam
1655 2368 1815 2441 IEgy-

262 2454 394 2520 ptios
425 2455 495 2509 ab
524 2464 753 2510 strenua
789 2458 1011 2511 muliere
1038 2458 1246 2528 adjulos
1276 2459 1654 2528 intelligamus,
1697 2460 1810 2513 hzec

251 2542 475 2601 Nolanus
505 2547 737 2602 antistes
763 2548 834 2603 ibi
892 2550 1069 2604 statim
1105 2549 1416 2621 subjungit:
1457 2549 1659 2605 Eadem
1690 2561 1813 2605 tem-

247 2646 429 2703 pestate
488 2654 582 2704 per
621 2638 863 2692 triduum
895 2640 1117 2710 quinque
1151 2640 1314 2695 millia
1336 2642 1705 2696 monachorum
1730 2642 1813 2696 la-

250 2728 457 2781 tentium
498 2730 732 2797 panibus
750 2730 864 2783 suis
880 2732 1041 2798 pavit.
1072 2732 1145 2786 De
1169 2734 1444 2787 monachis
1462 2732 1667 2799 Nitriae,
1688 2744 1814 2788 tunc

250 2829 359 2888 post
391 2822 545 2876 cives
579 2821 984 2879 Alexandrinos
1031 2824 1098 2878 ab
1144 2825 1338 2879 eadem
1398 2826 1631 2894 procella
1664 2840 1813 2881 com-

247 2913 459 2979 pressis,
494 2914 607 2984 agit
632 2913 863 2972 Rufinus
893 2914 944 2970 in
979 2915 1095 2971 loco
1123 2932 1152 2969 a
1194 2916 1346 2971 nobis
1388 2916 1633 2985 superius
1656 2916 1790 2969 indi-

248 3011 358 3057 cato

314 3179 568 3235 Tatianus
602 3180 803 3241 {mense
859 3181 997 3236 Maio
1036 3182 1102 3237 A.
1142 3184 1203 3237 D.
1229 3182 1351 3248 567,
1386 3180 1618 3254 Egypto
1668 3196 1807 3251 prae-

247 3282 396 3337 erat,
446 3290 515 3327 ex
579 3274 916 3331 Gothofredo
950 3276 1000 3330 in
1056 3275 1407 3346 Chronologia
1443 3275 1643 3329 codicis
1673 3274 1811 3328 Theo

244 3364 500 3429 odosiani,
582 3380 705 3433 pag.
754 3364 847 3419 70.
922 3366 1122 3421 Auctor
1193 3365 1498 3433 Farraginis
1575 3364 1809 3419 Alexan-

251 3456 410 3513 drina:
450 3458 638 3511 testari
676 3458 889 3512 videtur
922 3456 1207 3512 Tatianum
1241 3457 1475 3530 Egypto
1535 3457 1812 3527 maduisse

256 3564 349 3618 per
399 3550 843 3620 quadriennium,
884 3550 1090 3604 scilicet
1143 3551 1427 3620 integrum,
1456 3563 1559 3604 non
1594 3565 1812 3619 compu-

244 3648 350 3695 tato
396 3641 578 3711 primo
614 3655 782 3703 anno,
824 3655 933 3709 quo
980 3641 1178 3710 C(Bpil;
1228 3656 1399 3709 neque
1433 3641 1636 3706 ultimo,
1672 3640 1809 3696 haud

242 3729 470 3801 integro,
500 3746 611 3800 quo
640 3731 1020 3801 praefecturam
1059 3730 1230 3795 finiit,
1258 3729 1486 3785 fortasse
1528 3740 1811 3802 propterea

241 3824 377 3891 quod
411 3822 488 3876 illi
516 3823 628 3876 duo
659 3822 786 3876 anni
849 3820 990 3892 pleni
1024 3833 1380 3892 non_essent;
1425 3822 1538 3877 sive
1577 3823 1810 3892 primum

241 3890 535 3981 decessori,
568 3912 822 3967 ultimum
846 3890 1147 3967 successori
1177 3914 1355 3982 potius
1381 3890 1678 3982 relique—rit.
1705 3914 1811 3970 Sed

239 4002 376 4058 idem
440 4012 636 4058 auctor
692 4003 779 4058 vel
838 4004 1183 4069 sarcinator,
1220 4013 1405 4072 utpote
1460 4004 1715 4061 confusus
1758 4014 1811 4061 et

239 4095 522 4161 barbarus,
559 4111 754 4165 magna
815 4095 932 4150 luce
965 4110 1069 4152 non
1114 4111 1239 4149 raro
1276 4095 1498 4165 indiget,
1545 4107 1605 4151 ut
1634 4097 1809 4153 critici

243 4196 466 4241 norunt.
500 4186 597 4240 Ait
620 4195 801 4240 tamen
838 4185 1058 4250 diserte,
1088 4186 1189 4239 sub
1219 4184 1444 4239 Tatiano
1496 4186 1808 4257 Augustalio

236 4278 597 4334 Athanasium
626 4280 850 4343 obiisse,
877 4278 1035 4347 eique
1059 4276 1341 4332 sullectum
1370 4277 1587 4333 Petrum
1626 4282 1808 4335 archi-

234 4372 637 4443 presbyterum.
711 4370 974 4425 Eumdem
1025 4368 1311 4423 Tatianom
1344 4370 1411 4427 A.
1447 4372 1507 4424 D.
1542 4372 1668 4437 37s,
1724 4389 1811 4427 ex-

232 4466 488 4533 prmfecto
538 4464 763 4535 Egypti
831 4465 1084 4519 comitem
1140 4479 1420 4519 sacrarum
1466 4465 1806 4535 largitionum

236 4553 497 4611 habemus
527 4557 581 4609 in
616 4556 982 4626 Chronologia
1011 4555 1325 4612 Gothofredi
1348 4596 1362 4621 ,
1419 4572 1541 4626 pag.
1590 4557 1679 4617 9i.
1717 4559 1808 4611 sed

237 4644 427 4701 iterum
451 4658 644 4718 postea
673 4662 774 4718 per
811 4647 1100 4701 triennium
1142 4648 1377 4720 Egypto
1404 4649 1619 4718 praefuit
1646 4648 1712 4702 A.
1745 4649 1805 4703 D.

235 4738 357 4803 574,
378 4741 506 4806 575,
535 4741 666 4804 576,
699 4741 767 4794 de
794 4754 900 4809 quo
928 4750 1114 4795 auctor
1135 4739 1807 4812 Farraginis'Alexandri«

236 4843 317 4883 nte
336 4846 452 4900 pag.
488 4829 585 4893 8d,
638 4832 731 4884 ubi
792 4839 971 4884 tamen
1000 4830 1251 4885 consules
1300 4832 1539 4887 turbatos
1566 4844 1685 4885 esse
1711 4832 1809 4888 ob-

237 4931 418 4975 servat
443 4919 847 4976 Gothofredus.
881 4919 1015 4987 Quia
1046 4935 1171 4975 vero
1193 4922 1245 4974 in
1275 4922 1463 4975 eadem
1488 4921 1804 4991 Farragine,

238 5010 468 5068 Hodesto
495 5023 549 5067 et
596 5013 854 5067 Arintheo
909 5027 1054 5067 coss.
1085 5014 1264 5067 statim
1310 5023 1429 5082 post
1474 5012 1758 5069 Tatianum
1790 5054 1804 5080 ,

237 5100 454 5159 Publius
486 5104 851 5175 Augustalius
885 5105 1127 5159 occurrit
1178 5104 1343 5176 (quod
1376 5106 1612 5161 fortasse
1645 5106 1809 5162 fuerit

236 5193 449 5253 Palladii
479 5212 826 5268 praenomen,
860 5196 962 5250 nisi
1004 5212 1124 5251 cum
1155 5197 1318 5267 Pagio
1348 5197 1413 5250 A.
1442 5198 1503 5251 D.
1533 5199 1637 5253 372
1663 5198 1690 5269 §
1719 5199 1803 5264 12,

240 5286 544 5344 Palladium
581 5303 685 5360 pro
742 5287 934 5341 Publio
968 5288 1146 5354 legere
1174 5292 1466 5355 malimus),
1498 5292 1621 5346 hinc
1646 5294 1806 5347 disci-

235 5394 369 5449 mus,
396 5384 498 5438 hoc
530 5382 729 5437 eodem
759 5379 825 5431 A.
854 5379 913 5433 D.
938 5378 1065 5444 572,
1096 5395 1202 5449 quo
1226 5382 1386 5436 iidem
1421 5383 1668 5439 consules
1694 5400 1811 5455 pro-

233 5484 528 5539 cesserunt,
583 5471 878 5527 Tatianum
926 5484 1199 5539 egressum
1261 5482 1314 5527 et
1352 5472 1648 5528 Palladium
1722 5477 1803 5529 in-

233 5576 469 5629 gressum
493 5563 887 5634 prmiecturam
910 5560 1161 5632 Egypti;
1186 5564 1257 5619 ita
1283 5574 1338 5619 ut
1365 5566 1513 5634 prius
1545 5576 1807 5622 semestre

235 5658 462 5722 spatium
491 5656 798 5719 Tatianus,
840 5654 931 5722 qui
956 5654 1138 5707 statim
1188 5666 1305 5724 past
1338 5667 1604 5712 m0r1uum
1633 5659 1802 5713 Atha-

233 5750 438 5805 nasium
470 5762 666 5805 mense
704 5746 869 5814 Maio,
904 5746 955 5802 in
983 5748 1291 5804 Catholicos
1318 5750 1679 5816 pra:ferociter
1704 5766 1805 5805 sac-

1914 2003 2086 2045 morte
2143 1990 2421 2045 Athanasii
2476 1989 2593 2044 fieri
2654 1989 2834 2041 omnia
2889 2003 2993 2041 non
3050 1990 3349 2055 potuissent
3408 1984 3471 2037 A.

1916 2080 1982 2138 D.
2015 2082 2141 2145 575,
2167 2081 2289 2151 quia
2326 2079 2517 2133 Valens
2554 2079 2729 2133 hieme
2755 2086 2959 2130 tantum
2986 2075 3139 2143 hujus
3166 2075 3290 2129 anni
3325 2090 3476 2128 man-

1913 2174 1984 2227 sit
2031 2171 2363 2235 Autiochiae;
2435 2178 2679 2225 aestatem
2742 2183 2905 2232 vero,
2975 2182 3081 2236 qua
3154 2165 3475 2218 Athanasius

1914 2263 2170 2327 sbiisset,
2213 2278 2318 2316 non
2350 2261 2681 2327 Antiochiae,
2720 2262 2811 2314 sed
2841 2257 3027 2328 procul
3074 2257 3126 2311 in
3174 2256 3311 2311 bello
3344 2269 3476 2310 con-

1916 2364 1997 2408 tra
2038 2354 2291 2419 Saporem
2320 2352 2605 2408 Persarum
2650 2367 2826 2423 regem
2864 2350 3097 2405 traduxit
3128 2388 3142 2411 ,
3191 2362 3221 2402 e
3259 2362 3363 2418 quo
3392 2346 3473 2399 vi-

1914 2456 2036 2499 ctor
2063 2445 2398 2499 Antiochiam
2436 2445 2501 2497 ad
2526 2445 2721 2498 stativa
2753 2443 2976 2497 hiberna
3009 2441 3281 2498 remeavit.
3308 2440 3379 2494 Ita
3409 2453 3475 2493 cx

1913 2537 2196 2603 Ammiano
2242 2545 2296 2592 et
2342 2534 2558 2590 Zosimo
2608 2534 2996 2600 Tillemontius,
3058 2542 3187 2587 tom.
3242 2530 3283 2585 V
3327 2529 3471 2583 Hist.

1911 2630 2307 2697 imperatorum,
2362 2644 2481 2697 pag.
2515 2629 2638 2683 105.
2682 2629 2858 2694 Quare
2896 2626 3091 2682 Valens
3142 2626 3204 2679 A.
3248 2624 3310 2679 D.
3368 2623 3476 2677 572

1913 2728 2151 2773 aestatem
2195 2733 2354 2787 agens
2384 2719 2684 2773 Antiochia
2721 2718 2963 2773 nuntium
3005 2715 3213 2784 accepit
3237 2716 3301 2771 de
3332 2729 3477 2769 mor-

1918 2818 1968 2863 te
1990 2809 2302 2874 Athanasii,
2357 2810 2779 2879 imperavitque,
2832 2818 2891 2863 ut
2938 2816 3127 2862 auctor
3166 2815 3249 2861 est
3282 2804 3474 2861 Socra-

1916 2908 2025 2963 tes,
2073 2899 2262 2970 Magno
2307 2901 2487 2955 comiti
2531 2901 2873 2969 largitionum
2936 2912 2990 2951 et
3055 2898 3331 2960 Palladio,
3383 2898 3474 2966 qui

1914 2989 2133 3044 Tatiaua
2186 2991 2238 3043 in
2278 2990 2596 3060 prrefectura
2630 2989 2845 3061 [Egypti
2899 2999 3023 3044 tunc
3052 3004 3239 3043 recens
3285 2989 3472 3043 eodem

1914 3094 2055 3135 anno
2080 3090 2447 3144 successerat,
2478 3088 2536 3134 ut
2560 3080 2709 3150 impii
2739 3080 2921 3134 Euzoii
2949 3080 3276 3149 prepositum
3307 3080 3478 3147 copiis

1915 3170 2235 3227 militaribus
2283 3170 2617 3241 adjuvarent.
2672 3170 2727 3224 In
2783 3171 2885 3226 hoc
2941 3170 3246 3225 Theodoriti
3311 3171 3471 3224 etiam

1917 3263 2281 3319 testimonium
2320 3263 2592 3319 concurrit
2624 3304 2640 3330 ,
2670 3262 2762 3332 qui
2792 3263 2886 3318 lib.
2913 3279 2986 3328 ιν,
3016 3276 3134 3335 cap.
3159 3261 3435 3327 21,’tradit
3458 3301 3473 3325 ,

1919 3364 2040 3426 post
2072 3354 2389 3411 collocatum
2427 3356 2479 3409 in
2514 3357 2705 3411 throno
2748 3354 3041 3425 pontificali
3080 3353 3320 3419 Petrum,
3350 3370 3475 3409 con-

1914 3446 2089 3516 festim
2133 3446 2427 3516 provincia:
2475 3447 2796 3516 praefectum
2837 3446 3155 3512 Palladium,
3203 3446 3473 3501 hominem

1914 3537 2060 3591 cultu
2110 3536 2514 3603 idololatram,-
2550 3553 2670 3593 cum
2725 3539 3003 3609 gentilium
3063 3546 3118 3593 et
3169 3536 3475 3594 Judazorum
3522 3588 3527 3597 .

1914 3628 2181 3697 phalange
2231 3629 2517 3685 ecclesiam
2558 3629 2962 3687 Catholicorum
3015 3629 3269 3697 vallasse,
3326 3639 3383 3685 ot
3420 3629 3474 3684 in

1914 3719 2134 3775 Petrum
2173 3734 2366 3776 manus
2398 3720 2667 3776 iniiceret.

1986 3895 2051 3951 V.
2098 3896 2370 3953 Fortassis
2409 3896 2524 3954 hazc
2563 3907 2669 3952 tam
2714 3897 2830 3954 fuse
2875 3898 3244 3968 persequendo
3278 3898 3476 3956 nimius

1914 3986 2137 4053 videar;
2176 3989 2269 4043 sed
2307 3998 2490 4044 tamen
2520 3989 2736 4059 quando
2760 3988 2864 4043 huc
2887 3989 3133 4059 pervenit
3154 3989 3347 4057 oratio,
3373 4004 3473 4046 no-

1915 4093 2037 4132 vum
2066 4080 2243 4134 adhuc
2269 4079 2436 4134 robur
2471 4096 2537 4135 ex
2567 4092 2758 4136 sancto
2794 4078 3123 4152 Hieronymo
3164 4081 3473 4152 adiungam,

1915 4172 1979 4225 de
2018 4186 2126 4241 quo
2178 4180 2574 4241 peropportune
2616 4187 2702 4226 me
2748 4180 2965 4226 monent
3002 4172 3093 4242 qui
3138 4171 3254 4241 ejus
3286 4182 3473 4228 aucto-

1925 4262 2137 4317 ritatem
2192 4263 2275 4316 vel
2328 4273 2528 4318 temere
2565 4262 2802 4328 elevant,
2837 4262 2918 4318 vel
2964 4279 3243 4333 perperam
3284 4264 3471 4319 citant.

1913 4354 2270 4425 Hieronymus
2321 4370 2448 4425 ergo
2477 4355 2529 4409 in
2567 4353 2835 4409 Chronico
2880 4355 3179 4409 Eusebiano
3209 4356 3274 4408 ab
3296 4369 3353 4408 se
3374 4370 3468 4407 au-

1913 4455 2001 4501 cto
2026 4447 2164 4501 Petri
2195 4446 2488 4501 Athanasio
2508 4446 2714 4501 sufl‘ecti
2738 4447 3130 4501 ordinationem
3162 4446 3351 4499 statuit
3374 4447 3474 4500 sub

1914 4552 2054 4592 anno
2105 4552 2121 4591 ι
2189 4538 2517 4608 Olympiadis
2571 4536 2710 4605 288,
2771 4538 2857 4592 cui
2913 4537 3235 4604 respondere
3285 4545 3474 4605 putant

1912 4644 2109 4682 annum
2160 4629 2539 4699 Dionysianum
2578 4628 2714 4693 575;
2770 4639 2927 4698 atque
2976 4628 3103 4683 hinc
3152 4628 3231 4692 fit,
3269 4636 3474 4682 utcer—

1916 4728 2089 4774 tantes
2146 4732 2241 4787 pro
2264 4733 2403 4771 anno
2434 4718 2713 4773 emortuali
2744 4718 2866 4784 571,
2903 4717 3209 4789 Hieronymi
3241 4719 3472 4773 chrono-

1914 4808 2117 4877 logicos
2143 4824 2375 4861 canones
2403 4809 2620 4877 insuper
2645 4810 2880 4863 habeant
2911 4824 2924 4861 :
2959 4808 3048 4878 qui
3080 4824 3208 4863 vero
3231 4818 3475 4878 pugnant

1910 4915 2007 4969 pro
2040 4902 2103 4954 Α.
2147 4900 2205 4953 1).
2263 4900 2388 4965 575,
2442 4900 2655 4955 illorum
2702 4917 2759 4957 se
2787 4901 3035 4972 prtesidio
3067 4910 3338 4957 tueantur.
3384 4900 3474 4957 Sic

1912 5008 2073 5064 porro
2106 4990 2415 5061 Hieronymi
2451 4991 2747 5046 auctoritas
2780 4992 2981 5046 variam
3009 4992 3281 5046 fortunam
3306 4992 3471 5046 subit.

1913 5083 2018 5138 Sed
2050 5082 2147 5134 viri
2196 5081 2340 5136 docti
2375 5083 2441 5135 ad
2488 5082 2592 5136 alia
2633 5091 2987 5152 properantes
3025 5083 3475 5137 animadvertisse

1912 5174 2325 5243 haudquaquam
2370 5174 2642 5241 videntur,
2690 5176 2789 5230 sub
2843 5174 2932 5230 illo
2993 5176 3179 5231 eodem
3226 5190 3365 5228 anno
3420 5177 3472 5227 in

1910 5267 2183 5323 Chronico
2237 5266 2537 5323 Eusebiano
2592 5270 2847 5324 nonnulla
2902 5270 3026 5337 alia,
3066 5268 3209 5323 Petri
3258 5267 3474 5321 ordina-

1915 5363 2046 5420 tioni
2119 5363 2441 5431 conjuncta,
2511 5365 2831 5430 memorari,
2909 5378 3029 5432 qua:
3081 5372 3258 5415 tamen
3324 5358 3474 5412 nullo

1912 5464 2069 5526 pacto
2110 5456 2165 5509 in
2203 5459 2268 5509 A.
2307 5454 2370 5511 D.
2418 5456 2521 5510 575
2570 5455 2763 5525 conjici
2816 5463 3059 5523 possunt.
3108 5450 3230 5505 Haec
3280 5458 3339 5504 ut
3377 5463 3472 5503 ex-

1911 5548 2173 5618 ploratius
2198 5563 2260 5617 pa
2272 5546 2477 5614 teli-ant,
2509 5548 2773 5616 integrum
2799 5543 3107 5614 Hieronymi
3129 5540 3473 5607 laterculum,

1915 5645 1974 5691 ut
2009 5646 2216 5706 prostat
2265 5637 2318 5691 in
2361 5636 2599 5693 editione
2642 5634 2935 5703 Scaligeri,
2993 5631 3080 5687 hic
3132 5628 3281 5685 lubet
3334 5644 3471 5686 euu-

1910 5728 2110 5787 cleare.
