4010 6572
473 444 629 490 CCLV!

1796 411 2160 475 PROLEGOM
2169 410 2317 465 ENA.

1028 534 1403 599 Laterculus
1433 528 1731 595 Chronici
1760 521 2139 595 Eusebiani,
2174 527 2428 582 auctore
2464 523 2679 579 sancto
2706 515 3120 593 Hieronymo;

490 626 3673 679 ____________________________________.

1230 837 1468 891 Saxones
1498 830 1892 887 caesi-Deusone
1931 828 1983 879 in
2020 825 2234 893 regione
2262 819 2618 874 Francorum.

1300 1279 1642 1333 scenderunt.

612 1374 667 1408 Οἳ

612 1411 667 1497 ἓ

677 921 729 964 β

677 971 715 1003 5

678 1011 715 1040 ³

679 1048 716 1078 ς

678 1086 716 1110 ω

677 1140 733 1180 C

679 1185 733 1269 Ξ

680 1277 735 1344 ἓ.

682 1381 721 1438 ες

684 1445 720 1470 θ

681 1476 721 1547 ξ

682 1555 735 1621 ἓ·

684 1712 738 1785 5?

684 1793 723 1816 ω

684 1820 738 1903 ἒ

685 1911 722 1961 Ξ

686 1980 724 1998 ν

1018 929 1070 987 2

1018 988 1055 1027 τί

1018 1051 1057 1113 .-,‘=.

1019 1142 1074 1219 ζ

1020 1227 1057 1281 a

1020 1291 1072 1411 Ξ

1022 1463 1076 1533 ﬁ

1021 1538 1077 1621 ἓξ

862 931 916 992 Ξῖ

864 999 901 1084 Ξ

863 1092 901 1116 ω

866 1182 921 1244 Ξ

850 1248 905 1279 ιε

866 1286 903 1335 Ξ

852 1342 919 1390 “Ξ.

867 1398 903 1422 ω

868 1429 920 1479 Ξτ

867 1486 905 1511 ω

868 1530 920 1564 δῦ

867 1566 922 1655 $3

1157 956 3658 998 __________________________________

1234 1187 1663 1256 Burgundionum
1724 1190 1992 1259 octoginta
2030 1191 2141 1246 fere
2169 1190 2355 1253 millia,
2384 1188 2523 1259 quod
2559 1203 2827 1257 nunquam
2876 1185 3088 1253 ANTE,
3143 1188 3209 1240 ad
3267 1186 3511 1241 Rhenum
3565 1186 3657 1240 de-

1235 1598 1525 1654 Clearchus
1566 1598 1852 1668 praefectus
1895 1598 2043 1653 urbis
2081 1597 2575 1669 Constantinopolis
2625 1597 3097 1663 AGNOSCITUR;
3141 1613 3169 1651 a
3218 1612 3322 1666 quo
3364 1596 3664 1651 necessaria

1304 1704 1359 1747 et
1383 1695 1471 1748 diu
1500 1704 1801 1763 exspectata
1833 1694 1968 1747 votis
1997 1707 2134 1763 aqua
2164 1693 2433 1747 inducitur
2464 1694 2689 1748 civitati.

2379 1912 2465 1967 IV.

1238 2008 1576 2062 Alexandria:
1608 2007 2009 2066 0RD1NATUR
2049 2012 2329 2080 episcopus
2372 2009 2599 2075 Petrus,
2635 2010 2726 2080 qui
2774 2020 2899 2079 post
2939 2008 3182 2065 Valentis
3217 2009 3511 2076 interitum,
3562 2020 3668 2066 tam

1307 2097 1536 2152 aﬁ‘abilis
1564 2100 1616 2151 in
1651 2100 1967 2169 recipiendis
2000 2102 2265 2156 haereticis
2291 2100 2411 2165 fuit,
2439 2111 2495 2154 ut
2528 2100 2793 2155 nonnullis
2834 2100 3190 2170 suspicionem
3230 2112 3464 2172 acceptae
3513 2117 3670 2171 pecu'

1309 2192 1410 2245 nias
1439 2192 1694 2247 intulerit.

583 2403 632 2457 1.
676 2402 828 2458 Nunc
871 2402 1021 2457 locus
1052 2402 1283 2472 postulat
1312 2413 1367 2456 ut
1400 2404 1621 2472 hujusce
1662 2403 1903 2457 laterculi
1930 2403 2048 2457 llie-
2082 2412 2125 2466 Α
2225 2404 2281 2463 2.
2325 2404 2568 2459 Valesius
2601 2414 2656 2458 ut
2696 2405 2828 2458 duas
2858 2403 3132 2459 Saxonum
3170 2404 3366 2470 clades,
3402 2405 3474 2458 ita
3504 2414 3559 2458 et
3584 2406 3716 2461 duas

495 2493 802 2564 ronymiani
833 2493 1039 2564 singula
1094 2503 1370 2559 segmenta
1424 2496 1709 2563 explicem,
1757 2497 1896 2551 unde
1942 2512 2053 2549 ma-

490 2599 650 2653 gnam
721 2584 895 2639 lucem
963 2598 1104 2639 anno
1159 2584 1440 2639 emortuali
1518 2588 1689 2642 sancti
1770 2587 2053 2641 Athanasii

496 2674 754 2744 aﬂ'ulgcre
810 2690 987 2736 nemo.
1054 2684 1112 2728 ut
1164 2689 1415 2745 auguror,
1454 2675 1504 2729 in
1556 2677 1773 2733 dubium
1821 2678 2051 2732 vocabit.

494 2766 735 2821 Saxones
768 2780 865 2834 per
896 2763 1254 2821 Theodosium
1299 2767 1550 2826 comitem
1600 2771 1746 2826 bellis
1787 2769 2055 2824 navalibus

493 2866 839 2929 consumptos
866 2859 964 2913 sub
985 2857 1360 2913 Valentiniano
1387 2860 1517 2934 imp.
1573 2864 1638 2918 A.
1683 2863 1745 2919 ῐ),
1777 2862 1878 2918 569
1909 2862 2054 2915 erui-

495 2966 618 3005 mus
672 2965 737 3005 ex
798 2951 994 3006 Pacato
1032 2950 1085 3004 in
1135 2965 1256 3026 cap.
1296 2949 1331 3009 5
1375 2953 1684 3025 Panegyrici
1714 2955 1777 3008 ad
1811 2953 2057 3008 Theodo-

493 3042 633 3098 sium
686 3042 974 3112 Magnum,
1050 3039 1286 3115 ejtisdem
1344 3046 1558 3101 comitis
1617 3046 1804 3099 lilium.
1860 3043 2054 3098 lterum

491 3146 679 3209 poma
736 3138 1009 3194 occisione
1043 3138 1208 3193 occisi
1232 3137 1446 3191 luerunt
1480 3136 1845 3191 Valentiniano
1881 3145 1931 3190 et
1954 3135 2059 3189 Va-

491 3233 635 3289 lente
675 3232 929 3304 Augustis
954 3248 1012 3286 ιιι
1037 3248 1202 3299 coss.,
1264 3246 1453 3302 nempe
1486 3234 1550 3287 A.
1586 3231 1646 3285 D.
1678 3231 1801 3295 370,
1833 3246 1899 3285 ex
1928 3231 2057 3284 Am-

492 3325 674 3378 miano
715 3323 809 3377 lib.
844 3339 1042 3389 xxmt,
1085 3336 1203 3393 cap.
1230 3323 1282 3377 5.
1316 3322 1394 3377 0b
1424 3323 1563 3376 banc
1607 3322 1853 3390 injuriam
1893 3336 2056 3391 popu-

492 3414 696 3471 laribus
720 3415 917 3470 illatam
974 3431 1094 3470 cum
1129 3416 1370 3471 Saxones
1404 3415 1467 3468 A.
1503 3415 1563 3469 D.
1591 3414 1695 3467 3'72
1744 3415 1960 3468 tertium
2006 3412 2057 3466 in

494 3505 698 3561 Gallias
737 3506 981 3574 erupturi
1008 3520 1107 3576 per
1132 3505 1479 3561 Germaniam
1518 3496 1711 3574 magno
1741 3504 1951 3572 agmine
1979 3503 2060 3558 in-

494 3606 771 3668 gruerent,
822 3595 1236 3652 Valentinianus
1298 3583 1600 3651 Deusonem
1662 3595 1871 3649 illorum
1912 3594 2060 3650 clade

493 3687 799 3743 nobilitavit
833 3703 847 3739 :
878 3689 1022 3758 quod
1051 3695 1249 3757 praeter
1278 3688 1660 3758 Hieronymum
1700 3687 1888 3742 scribit
1920 3686 2055 3740 Pau-

2153 2496 2590 2565 Burgundionum
2639 2496 3009 2564 expeditiones
3057 2495 3245 2549 iisdem
3281 2495 3436 2550 annis
3483 2496 3716 2566 illigatas

2153 2587 2466 2656 distinguit;
2503 2587 2724 2641 alteram
2776 2586 2991 2657 quidem
3047 2585 3114 2639 ab
3151 2584 3455 2651 Ammiano,
3490 2586 3712 2641 alteram

2154 2682 2221 2736 ab
2266 2681 2607 2751 Hieronymo,
2657 2681 2846 2736 Orosio
2900 2689 2953 2735 et
3000 2678 3323 2736 Cassiodoro
3367 2696 3473 2735 uno
3500 2681 3717 2737 eodem-

2161 2786 2264 2840 que
2296 2787 2521 2826 numero
2548 2773 2808 2840 octoginta
2849 2771 3073 2825 millium
3107 2773 3539 2827 determinatam.
3587 2772 3715 2828 Pro-

2156 2862 2297 2918 fecto
2348 2864 2462 2918 haec
2506 2864 2666 2919 verba
2700 2864 3008 2935 Hieronymi
3044 2880 3058 2916 :
3105 2862 3540 2934 Burgundionum
3571 2872 3714 2916 octo-

2154 2957 2298 3025 ginta
2331 2956 2437 3023 [ονε
2476 2955 2665 3023 millia,
2706 2957 2843 3026 quod
2895 2972 3145 3020 summa
3178 2972 3335 3019 ANTE,
3381 2956 3449 3006 ad
3482 2953 3713 3005 Rhenum

2157 3049 2535 3102 descenderunt
2563 3090 2578 3116 ,
2626 3057 2940 3118 argumento
2987 3058 3112 3103 sunt
3162 3049 3294 3102 alias
3347 3046 3716 3116 expeditiones

2157 3154 2344 3196 contra
2373 3142 2555 3198 Gallos
2582 3157 2610 3196 a
2634 3142 3107 3213 Burgundionibus
3136 3153 3254 3196 ante
3279 3151 3593 3210 susceptas;
3622 3156 3714 3195 ne-

2158 3247 2261 3301 que
2293 3231 2699 3303 Hieronymum,
2725 3242 2917 3287 testem
2953 3230 3236 3301 aequalem,
3279 3232 3331 3285 in
3356 3246 3412 3284 re
3441 3240 3550 3285 tam
3582 3245 3716 3284 non

2162 3326 2404 3395 legitimo
2434 3325 2657 3396 tempori
2681 3325 3067 3396 consignanda,
3120 3322 3251 3377 falli.
3274 3322 3528 3377 debuisse
3563 3321 3719 3376 facie

2158 3418 2538 3487 reputaverim.
2588 3415 2861 3471 Petavium
2889 3416 2940 3470 in
2970 3415 3107 3471 hanc
3130 3413 3368 3470 eamdem
3394 3413 3712 3467 sententiam

2166 3510 2328 3565 ivisse
2383 3508 2655 3579 conspicio
2678 3508 2729 3562 in
2761 3506 2854 3561 lib.
2894 3522 2991 3561 xm
3037 3505 3113 3560 De
3146 3505 3381 3558 doctrina
3408 3514 3717 3571 temporum,

2158 3604 2246 3657 ubi
2283 3601 2501 3672 periodo
2548 3598 2757 3654 Iuliana
2808 3598 2968 3661 5085,
3007 3597 3073 3650 A.
3105 3597 3166 3651 D.
3207 3593 3333 3661 572,
3378 3592 3717 3664 Burguntio-

2158 3710 2285 3749 num
2317 3693 2383 3746 ad
2415 3691 2662 3746 Rhenum
2689 3691 3006 3745 descensum
3043 3689 3341 3758 consignat.

496 3777 581 3832 lus
610 3778 833 3834 Orosius
876 3778 927 3832 in
988 3777 1083 3832 lib.
1136 3794 1234 3841 vn,
1286 3779 1521 3847 cap.‘52,
1572 3793 1797 3846 quorum
1831 3778 1977 3848 prior
2003 3779 2054 3833 in
2089 3772 2132 3832 Β
2231 3786 2284 3839 5.
2324 3785 2620 3839 Clearchus
2657 3781 3121 3852 Constantinopoli
3167 3794 3397 3851 prwesse
3445 3780 3612 3849 coepit
3653 3779 3716 3832 A.

495 3870 716 3938 regione
768 3868 1124 3933 Francorum,
1194 3870 1332 3923 alter
1390 3871 1444 3923 in
1511 3869 1839 3925 Francorum
1900 3872 2057 3925 terris

497 3962 718 4015 eosdem
764 3959 1007 4014 Saxones
1051 3960 1117 4013 ab
1156 3959 1531 4015 Valentiniano
1587 3962 1825 4017 devictos
1866 3962 2058 4017 litteris

499 4048 750 4118 prodidit.
799 4049 1097 4103 Deusonem
1144 4065 1306 4119 porro
1333 4050 1588 4120 Oppidum
1626 4051 1768 4106 cultu
1818 4051 2059 4107 Herculis

501 4138 556 4193 in
620 4138 853 4194 nummis
908 4138 1149 4213 Postumi
1197 4140 1422 4209 Augusti
1482 4141 1609 4197 olim
1648 4142 1874 4213 insigne,
1919 4159 2057 4197 nunc

502 4231 667 4300 Vulgo
701 4230 969 4285 Duitsium
1018 4245 1082 4286 ex
1127 4232 1352 4288 adverso
1393 4233 1625 4288 Colonia:
1665 4233 1969 4304 Agrippinae
2005 4235 2055 4288 iu

500 4323 721 4392 regione
754 4323 1083 4379 Francorum
1116 4327 1348 4389 stetisse,
1387 4326 1541 4381 docet
1590 4325 1824 4381 Joannes
1854 4328 2055 4383 lsacius

500 4413 775 4470 Pontanus
815 4417 865 4470 in
904 4416 1207 4487 Originibus
1242 4416 1521 4471 Francicis
1550 4417 1640 4472 lib.
1673 4432 1731 4483 ll,
1768 4433 1886 4487 cap.
1917 4418 1969 4483 5,
2006 4428 2060 4473 et

500 4508 737 4563 Thomas
770 4510 1049 4566 Reinesius
1071 4511 1228 4580 epist.
1260 4510 1329 4566 35
1362 4512 1427 4565 ad
1447 4509 1764 4579 Rnperturn,
1788 4526 1907 4580 pag.
1932 4509 2055 4564 276.

500 4597 650 4653 Hauc
677 4600 941 4670 duplicem
976 4600 1247 4655 Saxonum
1282 4600 1488 4655 cladem
1535 4601 1603 4655 ab
1667 4600 1787 4654 aliis
1812 4601 1863 4653 in
1897 4616 2061 4654 unum

500 4690 783 4746 conﬂatam
861 4694 1107 4748 distinxit
1155 4693 1424 4748 Adrianus
1479 4690 1728 4746 Valesius
1790 4692 1842 4746 in
1892 4690 2060 4745 Rebus

502 4782 776 4840 Francicis
820 4787 977 4851 lib.t,
1008 4801 1130 4856 pag.
1156 4786 1245 4853 47,
1282 4794 1560 4856 propterea
1596 4786 1741 4853 quod
1776 4785 1941 4839 altera
1975 4785 2059 4838 in-

502 4877 683 4931 cursio
722 4880 945 4943 navalis,
979 4879 1145 4933 altera
1171 4879 1435 4948 pedestris
1455 4878 1740 4934 exstiterit.
1771 4878 1912 4932 Illam
1930 4879 2062 4933 Am-

500 4969 735 5033 mianus,
769 4968 1139 5025 Valentiniano
1172 4980 1226 5025 et
1252 4968 1474 5024 Valente
1502 4970 1759 5040 Augustis
1788 4986 1888 5039 Ill;
1924 4971 2063 5025 hanc

503 5056 871 5120 Cassiodorus,
912 5059 965 5112 in
1006 5058 1263 5114 Chronico
1297 5057 1483 5113 iisdem
1528 5059 1785 5129 Augustis
1827 5075 1879 5113 tv
1928 5073 2059 5113 con-

502 5149 710 5207 sulibus
777 5148 970 5203 factam
1026 5158 1307 5205 testantur.
1369 5152 1472 5207 Sed
1530 5151 1654 5221 quia
1704 5149 2061 5220 Hieronymus

502 5241 855 5312 posteriorem
910 5240 1050 5296 locat
1106 5241 1260 5297 initio
1326 5243 1450 5297 anni
1498 5259 1513 5298 ι
1573 5240 1889 5312 olympiadis
1932 5240 2060 5308 288,

503 5335 644 5403 quod
676 5335 737 5388 A.
771 5333 830 5387 D.
860 5332 966 5386 572
1006 5335 1360 5404 separandum
1398 5350 1504 5388 non
1540 5348 1659 5388 esse
1683 5348 1803 5387 mox
1838 5347 2062 5402 appare-

503 5425 600 5487 bit,
636 5427 753 5480 ideo
785 5423 928 5479 illam
973 5427 1072 5481 sub
1115 5426 1277 5481 ﬁnem
1314 5427 1553 5496 ejusdem
1602 5425 1727 5478 anni
1774 5424 2063 5493 contigisse

506 5516 846 5585 crediderim,
881 5532 1044 5588 quam
1088 5527 1276 5588 postea
1320 5518 1372 5572 in
1415 5517 1720 5587 longinquis
1752 5515 2061 5584 regionibus

507 5609 658 5663 initio
704 5611 829 5664 anni
882 5610 1155 5679 sequentis
1208 5608 1498 5679 vulgatam,
1577 5605 1927 5661 Cassiodorus
1982 5607 2057 5661 illi

509 5714 650 5753 anno
681 5700 963 5769 deﬁxerit,
1002 5700 1105 5754 nisi
1146 5700 1323 5768 p0tius
1360 5714 1427 5753 ex
1467 5697 1604 5751 male
1636 5696 1902 5765 perceptis
1930 5695 2054 5750 Hie-

494 5788 720 5857 ronymi
752 5788 970 5843 calculis
1012 5788 1158 5841 illam
1196 5787 1550 5842 Cassiodorus
1594 5785 1645 5837 itt
1680 5784 1924 5840 eumdem
1960 5801 2058 5841 an-

515 5890 643 5931 num
680 5874 863 5944 rejecit
886 5895 900 5946 ;
926 5879 1067 5948 quod
1091 5875 1345 5934 libentius
1361 5874 1796 5933 existimaverim.

634 5959 704 5963 su-
784 5958 859 5965 -..μ-
892 5962 933 5968 ,_.
994 5959 1098 5969 ρ...

2157 3875 2218 3929 D.
2249 3875 2370 3937 57:2,
2409 3889 2471 3928 ex
2510 3872 2845 3928 Gothofredo
2868 3871 2920 3925 in
2945 3869 3296 3939 Clironologia
3317 3869 3521 3923 codicis
3546 3868 3719 3923 Theo-

2156 3964 2359 4019 dosiani
2381 3979 2500 4033 pag.
2526 3960 2628 4027 90;
2649 3962 2823 4030 quoin
2858 3975 3079 4015 munere
3107 3960 3375 4013 biennium
3404 3958 3715 4028 insumpsit,

2157 4058 2328 4125 deque
2377 4054 2597 4109 exordio
2642 4053 2975 4123 praefecturae
3026 4051 3269 4107 Clearchi
3327 4049 3715 4121 Hieronymum

2157 4147 2324 4217 loqui,
2375 4146 2559 4214 pandit
2584 4144 2805 4199 verbum
2840 4142 3157 4212 agnoscitur.

2228 4239 2282 4293 4.
2328 4236 2427 4293 Ubi
2464 4237 2818 4308 Hieronymus
2872 4237 2956 4291 isti
2999 4235 3221 4291 exordio
3264 4236 3540 4305 coniungit
3576 4234 3721 4290 ordi—

2158 4332 2428 4386 nationem
2473 4330 2654 4394 Petri,
2693 4329 2986 4383 Athanasio
3029 4325 3256 4390 suffecti,
3302 4328 3457 4398 cujus
3518 4327 3719 4383 obitum

2160 4422 2301 4485 silet,
2339 4421 2472 4475 satis
2512 4429 2694 4489 aperte
2735 4419 2930 4473 indicat
2960 4420 3202 4473 eamdem
3236 4419 3629 4473 ordinationem
3658 4419 3724 4472 ab

2160 4526 2217 4565 se
2250 4509 2490 4579 copulari
2521 4524 2641 4562 cum
2685 4507 2748 4561 A.
2791 4508 2853 4562 D.
2894 4507 3018 4573 372,
3055 4522 3159 4561 non
3200 4517 3379 4561 autem
3425 4523 3546 4561 cum
3583 4523 3723 4562 anno

2164 4602 2466 4671 insequenti
2493 4600 2617 4655 575.
2655 4599 2917 4654 Eusebius
2966 4600 3173 4669 pariter
3210 4608 3370 4667 atque
3400 4598 3515 4667 ejus
3546 4601 3724 4655 conti-

2162 4705 2357 4749 nuator
2389 4692 2743 4771 Hieronymus
2774 4706 2971 4744 annum
3001 4692 3230 4760 primutn
3257 4690 3587 4762 Olympiadis
3602 4707 3723 4746 cum

2170 4760 2633 4853 auspicantttruab
2679 4782 2933 4836 Kalendis
2972 4760 3335 4848 Octobribus,
3380 4781 3725 4852 Olympiadas

2165 4874 2417 4943 vulgares
2458 4875 2523 4928 ab
2565 4874 2795 4929 solstitio
2840 4873 3045 4939 aestivo,
3079 4873 3189 4926 sive
3239 4874 3305 4927 ab
3342 4873 3427 4927 die
3471 4889 3562 4927 xtx
3584 4872 3723 4927 Junii

2164 4967 2465 5030 inchoatas,
2491 4965 2955 5026 antecedentibus,
2983 4964 3154 5017 eidem
3189 4978 3331 5018 anno
3367 4964 3725 5035 olympiadico

2167 5058 2237 5112 ita
2267 5057 2499 5112 deducto
2533 5068 2752 5111 caeteras
2796 5056 3027 5123 epocbas
3061 5057 3309 5125 jungunt.
3351 5055 3466 5112 Hoc
3500 5056 3723 5112 adnota-

2163 5161 2287 5204 runt
2312 5148 2563 5203 Petavius
2589 5147 2665 5203 De
2687 5148 2939 5211 doctrina,-
2964 5156 3251 5215 temporum
3279 5148 3370 5203 lib.
3406 5164 3459 5202 tx
3484 5188 3499 5211 ,
3534 5164 3655 5219 cap.
3697 5149 3719 5201 ί

2162 5250 2216 5294 et
2238 5239 2325 5302 46,
2359 5249 2413 5294 et
2438 5237 2634 5308 Pagius
2658 5239 2709 5292 in
2738 5237 3124 5292 Dissertatione
3148 5236 3213 5289 de
3246 5238 3466 5306 periodo
3497 5236 3717 5293 ϐιωσο-

2163 5330 2428 5395 Romana,
2465 5328 2491 5400 §
2542 5327 2632 5382 85.
2680 5327 2777 5381 Hic
2831 5336 3008 5380 tamen
3049 5325 3242 5395 legitur
3287 5325 3601 5393 Septembris
3633 5342 3723 5396 pro

2176 5418 2441 5482 Octobris,
2476 5416 2762 5472 manifesto
2779 5431 2962 5472 errore
2982 5416 3291 5486 typograpbi
3316 5414 3400 5470 vel
3430 5415 3722 5485 exscripto-

2164 5511 2263 5571 ris,
2308 5521 2587 5579 propterea
2647 5510 2977 5562 emendando
3034 5524 3100 5561 ex
3155 5507 3183 5579 ς
3249 5506 3318 5561 29
3375 5506 3723 5575 praefationis,

2166 5603 2257 5658 ubi
2284 5604 2423 5656 idem
2450 5601 2646 5672 Pagius
2670 5601 2879 5654 initium
2909 5600 3033 5654 anni
3061 5599 3476 5662 Abrahamitici,
3511 5598 3596 5653 cui
3624 5600 3720 5651 ini-

2168 5695 2301 5748 tium
2339 5708 2551 5762 quoque
2584 5693 2709 5746 anni
2743 5690 3091 5761 Olympiadici
3138 5691 3275 5760 apud
3313 5690 3603 5744 Eusebium
3635 5705 3715 5743 eo-

2166 5784 2401 5855 pulatur,
2434 5785 2647 5838 deducit
2682 5785 2749 5838 ab
2787 5782 3040 5837 Kalendis
3079 5782 3421 5845 Octobribus,
3455 5796 3563 5836 non
3600 5796 3724 5835 vero

2175 5875 2600 5947 Septembribus.
2641 5876 2771 5930 Cum
2799 5888 2925 5944 ergo
2955 5873 3177 5942 quilibet
3208 5871 3692 5946 annusolympiadi
