4010 6502
1178 402 1263 456 DE
1297 403 1481 459 ANNO
1520 405 1915 462 EMORTL'ALI
1960 410 2016 463 S.
2056 406 2449 463 ATIIANASII.

3267 418 3415 460 CCLV!
3423 419 3438 458 Ι

246 539 333 581 eus
361 540 423 579 ex
444 522 568 577 anni
594 525 949 593 praecedentis
970 533 1219 577 autumno
1243 527 1504 589 trahatur,
1541 528 1785 583 eumdem
1814 536 1861 591 Α
1963 529 2017 583 5.
2059 528 2210 583 Nunc
2237 528 2497 595 reliquum
2522 534 2628 589 est,
2655 534 2713 580 ut
2745 536 3061 596 argumento
3094 538 3445 582 occurramus

250 632 439 688 quoque
484 632 688 670 annum
722 616 1146 686 Olympiadicum
1189 616 1310 671 inde
1353 632 1532 673 secum
1565 634 1650 673 res
1679 629 1788 674 tra-

254 712 365 763 here
394 722 614 762 necesse
634 719 741 769 est.
770 724 894 777 qua:
927 708 1001 762 illi
1032 708 1257 777 tempori
1289 710 1596 777 adhaerent;
1632 712 1702 765 ita
1733 720 1793 766 ut

253 815 404 852 annus
449 798 657 868 primus
705 798 1031 871 Olympiadis
1088 800 1192 853 288
1243 800 1296 855 iu
1336 817 1508 857 annos
1544 803 1792 871 vulgares

249 888 339 941 572
386 898 435 943 et
474 889 581 943 575
648 904 709 944 se
746 890 1021 945 extendat.
1053 888 1229 956 Quare
1283 906 1387 946 non
1430 907 1638 962 semper
1673 909 1793 963 quae

252 980 386 1034 annis
453 979 691 1048 singulis
731 979 1099 1050 olympiadicis
1138 981 1491 1051 assignantur
1516 983 1584 1037 ad
1629 999 1791 1038 unum

250 1070 597 1124 tantummodo
618 1069 826 1125 Christi
856 1088 1071 1137 annum,
1108 1075 1199 1128 sed
1227 1076 1292 1127 ad
1324 1074 1668 1141 alterutrum,
1705 1077 1791 1132 vel

250 1161 305 1215 ad
328 1169 606 1230 utrumque
632 1161 906 1229 pertinere
937 1160 1155 1217 dicenda
1185 1172 1327 1218 sunt.
1357 1163 1472 1218 Huc
1500 1174 1666 1219 totum
1713 1167 1790 1219 la-

250 1249 484 1305 terculum
508 1251 760 1319 proxime
777 1252 1077 1320 expositum
1104 1254 1313 1317 venire,
1343 1270 1567 1323 quicque
1592 1257 1787 1311 ibidem

250 1343 561 1410 clauduntur,
624 1344 763 1398 citra
817 1345 882 1399 A.
935 1346 990 1401 D.
1050 1344 1155 1399 572
1218 1361 1553 1417 nequaquam
1585 1350 1786 1420 egredi,

250 1435 584 1489 certissimum
647 1446 756 1491 est.
814 1435 1017 1491 Rursus
1061 1438 1275 1493 aliunde
1318 1440 1577 1494 astruitur
1617 1456 1789 1497 annus

251 1520 574 1591 Dionysianus
620 1521 756 1586 572,
790 1524 842 1581 in
873 1535 1188 1591 praesentem
1234 1528 1582 1596 quaestionem
1629 1545 1788 1585 voca-

250 1622 331 1667 tus.
361 1612 413 1666 In
449 1611 718 1669 laterculo
740 1628 772 1667 a
800 1615 953 1670 nobis
1001 1616 1238 1672 exhibito
1265 1618 1405 1673 Petri
1436 1620 1787 1675 Alexandrini

247 1708 480 1763 ordinatio
507 1710 858 1765 connectitur
882 1724 1023 1764 anno
1047 1711 1458 1768 Abrahamitico
1486 1714 1645 1771 2589.
1674 1715 1785 1770 De-

250 1817 318 1854 me
351 1802 468 1855 hinc
512 1817 778 1857 numeros
815 1801 1141 1857 millenarios
1177 1813 1232 1859 et
1258 1806 1671 1874 septemdecim,
1696 1821 1785 1861 su-

1893 634 1956 673 ex
2003 620 2284 674 Athanasii
2329 618 2571 689 epistolis
2610 617 2958 673 Paschalibus
3005 618 3276 683 derivato;
3326 632 3447 685 quae

1892 708 2017 763 licet
2058 710 2289 763 nondum
2336 707 2725 762 recentioribus
2772 709 2919 773 visat,
2962 717 3017 763 et
3053 708 3282 763 fortasse
3314 707 3445 760 olim

1892 813 2113 868 prorsus
2143 798 2454 869 deperditaa,
2494 813 2614 852 cum
2647 807 2825 852 tamen
2844 812 3069 854 nurnero
3089 797 3443 868 quadraginta

1891 897 2085 954 septem
2124 888 2176 943 in
2207 890 2439 943 Arabum
2484 889 2699 958 scriptis
2730 899 3131 953 recenseantur,
3177 890 3300 944 inde
3332 888 3445 943 cla-

1894 979 2139 1033 rissimus
2179 977 2623 1034 Montefalconius
2671 980 2929 1050 consequi
2987 989 3139 1049 putat
3198 980 3442 1035 Athana-

1892 1071 2056 1137 sium,
2082 1080 2199 1139 post
2220 1072 2284 1126 A.
2312 1073 2370 1127 Ι).
2396 1072 2517 1139 526,
2543 1073 2757 1128 totidem
2789 1073 3050 1129 Paschsta
3070 1075 3182 1129 suis
3200 1075 3443 1144 epistolis

1894 1162 2304 1228 praenuntiasse,
2342 1172 2471 1230 quot
2501 1174 2696 1232 praeter
2719 1163 2866 1233 lapsa
2899 1175 3254 1220 numerantur
3275 1167 3342 1221 ab
3371 1166 3441 1221 A.

1890 1248 1957 1302 D.
1983 1249 2110 1315 527,
2151 1267 2256 1319 quo
2285 1254 2516 1321 primum
2552 1252 2756 1309 Pascha
2788 1255 3115 1311 Athanasius
3155 1258 3443 1326 episcopus

1889 1338 2199 1403 celebravit,
2232 1342 2296 1393 ad
2328 1342 2393 1394 A.
2428 1342 2489 1396 D.
2529 1341 2654 1407 575,
2686 1358 2792 1412 quo
2821 1345 2996 1399 virum
3040 1344 3442 1403 sanctissimum

1887 1428 2202 1485 defunctum
2237 1431 2400 1487 fuisse
2428 1434 2721 1488 contendit.
2762 1435 2864 1491 Sed
2899 1437 3195 1503 enimvero,
3240 1437 3284 1493 si
3318 1436 3434 1506 jam

1888 1518 2343 1590 dictahucusque
2388 1525 2555 1590 probe
2606 1526 2926 1591 consistunt,
2972 1544 3145 1598 neque
3179 1544 3434 1585 numerus

1887 1612 2193 1666 earumdem
2236 1612 2581 1682 epistularum
2636 1615 2853 1683 fatiscit,
2887 1633 3105 1674 necesse
3144 1630 3226 1675 est
3281 1620 3440 1676 Atha-

1889 1703 2095 1757 nasium
2137 1704 2311 1759 adhuc
2370 1707 2711 1775 superstitem
2759 1710 2826 1766 A.
2877 1710 2941 1766 D.
2986 1712 3111 1777 572,
3158 1713 3439 1783 epistolam

1890 1794 2209 1850 Paschalcm
2240 1797 2309 1851 47
2352 1813 2604 1855 exarasse
2659 1815 2757 1868 pro
2793 1802 3092 1872 insequenti
3126 1805 3191 1859 A.
3224 1806 3285 1859 D.
3313 1805 3439 1869 575,

247 1893 415 1960 pererit
436 1908 612 1950 annus
639 1895 1003 1967 Dionysianus
1021 1895 1147 1961 572,
1167 1911 1274 1965 quo
1294 1898 1473 1952 obitus
1494 1898 1776 1953 Athanasii
1813 1904 1856 1960 Β
1890 1895 2072 1940 utnon
2094 1886 2206 1941 leve
2230 1888 2484 1944 indicium
2514 1891 2667 1945 nobis
2694 1895 2999 1962 suppeditat
3018 1896 3241 1963 episwla
3264 1898 3440 1953 sane“

246 1995 288 2039 et
317 1985 443 2040 Petri
480 1987 767 2042 ordinatio
800 1995 1109 2048 evenerunt.
1158 1988 1308 2059 cyclo
1351 1989 1484 2043 solis
1525 2004 1657 2053 xvu,
1703 1989 1783 2043 lu-

246 2092 413 2141 naaxtt.
448 2078 647 2133 litteris
679 2078 1178 2155 quinicalibusA.
1211 2079 1257 2135 G
1285 2118 1300 2143 ,
1324 2080 1507 2134 indict.
1538 2096 1624 2135 xv.
1647 2080 1783 2148 Quia

246 2185 348 2225 vero
374 2171 492 2223 anni
516 2171 832 2225 Abrahami
855 2172 1061 2227 duobus
1089 2173 1255 2243 cyclis
1290 2174 1571 2229 lunaribus
1593 2175 1778 2245 cyclos

248 2262 574 2332 Dionysianos
596 2264 1052 2335 superant,deme
1081 2266 1217 2331 illos,
1244 2276 1299 2321 et
1328 2267 1548 2321 habebis
1569 2267 1778 2337 cyclum

244 2355 355 2410 lunae
386 2372 479 2421 xu,
501 2356 620 2425 jam
655 2357 1001 2413 adnotatum.
1058 2356 1183 2412 [lac
1222 2372 1290 2412 ex
1334 2358 1587 2413 methodo
1614 2373 1777 2427 quam

244 2446 401 2516 Pagius
423 2450 486 2502 ad
512 2463 697 2503 annos
726 2448 1158 2504 Abrahamiticos
1184 2463 1306 2504 cum
1355 2450 1698 2520 Dionysianis
1727 2451 1781 2503 in

244 2539 461 2594 Chronico
497 2540 729 2595 Eusebii
772 2540 1099 2610 copulandas
1150 2541 1369 2596 tradidit
1416 2542 1467 2595 in
1517 2542 1781 2597 Disserta-

245 2630 357 2683 tione
386 2632 447 2686 de
472 2633 710 2701 periodo
740 2631 1189 2688 Graeco-Romana
1217 2633 1243 2705 §
1271 2634 1361 2698 79,
1397 2649 1517 2703 qua:
1558 2634 1773 2702 quidem

244 2724 513 2790 methodus,
532 2740 853 2793 quanquam
875 2734 956 2779 est
979 2725 1167 2790 facilis,
1195 2726 1394 2782 nemini
1419 2737 1598 2781 tamen
1622 2736 1779 2780 antea

241 2816 513 2872 observata.
558 2816 851 2871 Postremo
886 2818 996 2873 haec
1020 2819 1200 2874 omnia
1231 2818 1455 2873 miriﬁce
1484 2818 1783 2875 solidantur

242 2921 290 2959 ex
313 2906 368 2959 A.
400 2907 459 2962 D.
496 2908 635 2972 574,
661 2908 749 2963 cui
776 2923 946 2964 annus
975 2909 1177 2978 primus
1202 2907 1530 2979 Olympiadis
1573 2908 1625 2961 in
1657 2907 1781 2963 Hie-

243 3000 536 3065 ronymiano
563 3000 829 3054 Chronico
868 3001 1190 3065 adnectitur,
1226 3016 1348 3054 nam
1372 3001 1574 3070 epocha
1601 2999 1779 3052 incar-

245 3092 469 3157 nationis,
503 3107 612 3161 qua
653 3092 830 3146 utitur
868 3091 1131 3147 Eusebius
1177 3100 1230 3147 et
1274 3091 1391 3161 ejus
1436 3092 1780 3146 continuatur

240 3180 599 3255 Hieronymus,
649 3182 871 3238 biennio
927 3183 1303 3253 Dionysianam
1359 3186 1663 3247 antevertit,
1706 3198 1773 3237 ex

236 3273 369 3345 Pugio
417 3277 684 3346 proxime
746 3274 978 3329 adducto
1041 3274 1069 3345 §
1128 3274 1230 3339 78.,
1306 3275 1545 3345 adeoque
1600 3290 1772 3331 annus

235 3365 402 3423 Ch’risti
428 3367 564 3433 374,
603 3367 699 3435 qui
730 3364 926 3419 ibidem
977 3365 1242 3431 signatur,
1270 3364 1512 3420 detracto
1539 3365 1773 3429 biennio,

234 3460 467 3525 exprimit
497 3474 704 3512 annum
734 3455 1004 3527 vulgarem
1027 3456 1403 3528 Dionysianum
1423 3456 1547 3510 572.
1574 3453 1777 3512 Vereor

234 3566 287 3604 ne
302 3562 397 3606 tam
429 3552 614 3622 spissa
652 3548 908 3603 tricarum
938 3547 1245 3616 hujusmodi
1269 3547 1607 3617 conglobatio
1626 3546 1777 3603 fasti—

232 3644 352 3699 dium
385 3644 608 3714 pariat;
643 3643 739 3697 sed
773 3640 863 3696 illa
890 3640 1286 3711 quodammodo
1326 3641 1630 3696 necessaria
1659 3650 1777 3696 erat

232 3738 284 3791 ad
312 3733 795 3791 demonstrandum
830 3742 909 3788 tot
938 3741 993 3787 et
1027 3741 1133 3785 tam
1163 3731 1458 3787 luculentis
1489 3732 1775 3787 chronolo-

233 3830 313 3897 giae
330 3827 771 3892 characteribus,
804 3824 1193 3880 ordinationem
1244 3822 1390 3877 Petri
1429 3821 1481 3877 in
1526 3822 1773 3877 eumdem

232 3936 403 3976 annum
449 3935 573 3976 esse
607 3918 867 3984 deﬁxam;
904 3928 1063 3985 atque
1104 3916 1228 3969 hinc
1266 3923 1471 3968 tantum
1511 3912 1663 3967 abest
1717 3920 1777 3967 ut

234 4009 573 4081 Hieronymus
609 4023 801 4063 eorum
848 4005 1170 4059 sententiam
1220 4011 1446 4066 astruat,
1485 4002 1576 4071 qui
1620 4002 1673 4055 in
1705 4000 1773 4054 A.

234 4103 281 4155 D.
309 4104 413 4157 575
468 4097 754 4155 Athanasii
799 4096 1000 4151 obitum
1042 4094 1300 4157 referunt,
1352 4100 1411 4145 ut
1443 4106 1475 4146 e
1507 4092 1775 4145 contrario

232 4192 573 4249 Baronianam
602 4202 657 4247 et
689 4198 925 4245 nostram
954 4187 1173 4241 omnino
1200 4194 1440 4249 tueatur,
1474 4184 1598 4239 dum
1627 4182 1774 4237 Petri

229 4286 606 4339 ordinationem
640 4281 815 4335 eidem
843 4294 982 4332 anno
1010 4278 1115 4331 572
1148 4275 1448 4345 conjungit,
1468 4290 1574 4345 quo
1597 4274 1771 4327 Atha-

230 4381 394 4432 nasius
418 4378 472 4431 in
508 4375 711 4431 ctelum
743 4372 1007 4442 migravit.
1042 4370 1296 4423 Desinant
1331 4382 1458 4437 ergo
1502 4366 1773 4438 Hierony-

232 4470 292 4522 mi
340 4466 573 4522 calculos
620 4461 919 4533 aspernari,
955 4460 1044 4529 qui
1076 4458 1296 4514 eosdem
1337 4458 1448 4513 suis
1488 4457 1773 4511 divinatio-

1884 1975 2141 2043 Proterii,
2172 1979 2236 2033 de
2262 1994 2367 2048 qua
2403 1990 2611 2050 postea.
2646 1983 2798 2049 Quod
2836 1984 2881 2041 si
2920 1985 3249 2043 Athanasius
3282 1988 3348 2041 A.
3374 1987 3438 2044 Ι).

1881 2070 1983 2124 575
2022 2071 2382 2141 exspirasset,
2429 2084 2532 2128 non
2578 2074 2643 2128 47
2674 2075 2766 2130 sed
2821 2075 2891 2131 48
2942 2076 3218 2145 paschales
3242 2079 3442 2148 episto-

1882 2162 1961 2217 las
1988 2164 2263 2230 edidisset,
2290 2180 2515 2233 quarum
2555 2166 2738 2222 ultima
2793 2167 2920 2222 anni
2965 2169 3298 2239 insequentis
3332 2170 3439 2227 574

1880 2253 2086 2310 Pascha
2133 2257 2451 2313 denuntiare
2507 2259 2801 2315 debuisset.
2848 2256 3033 2329 Neque
3081 2262 3225 2317 enim
3286 2261 3439 2318 litem

1881 2345 2154 2400 intendam
2194 2350 2259 2402 de
2290 2349 2375 2403 die
2402 2357 2454 2403 et
2478 2364 2664 2405 mense
2683 2352 2965 2406 emortuali
2992 2353 3168 2408 sancti
3196 2354 3432 2408 Alexan-

1880 2437 1961 2491 dri
2002 2440 2272 2507 pontiﬁcis
2305 2442 2656 2497 Alexandrini
2689 2452 2743 2498 et
2769 2442 2884 2510 ejus
2910 2446 3245 2501 successoris
3270 2449 3441 2502 Atha-

1882 2529 2034 2589 nasii,
2053 2544 2172 2582 cum
2200 2545 2514 2597 persuasum
2543 2531 2929 2589 habeamillum
2955 2535 3207 2589 denatum
3237 2537 3321 2591 die
3368 2538 3436 2592 17

1878 2618 2078 2688 Aprilis
2101 2620 2165 2673 A.
2202 2620 2261 2674 D.
2283 2620 2405 2687 526,
2456 2622 2598 2678 hunc
2626 2638 2753 2679 vero
2784 2625 2869 2679 die
2891 2624 2925 2677 2
2948 2624 3069 2681 Maii
3101 2628 3164 2680 A.
3201 2628 3262 2682 ι).
3294 2628 3440 2686 572ξ

1881 2712 2022 2766 unde
2060 2711 2284 2766 efﬂuunt
2317 2714 2668 2783 quadraginta
2699 2732 2790 2770 sex
2817 2718 2942 2771 anni
2980 2719 3169 2790 integri
3195 2720 3441 2777 Athana-

1880 2803 2041 2857 sianaa
2064 2805 2337 2861 sessionis.
2371 2805 2428 2859 ln
2474 2807 2571 2863 hos
2603 2808 2716 2863 dies
2760 2810 3125 2866 vetustissima
3176 2810 3443 2870 Christia-

1882 2910 2070 2950 norum
2117 2908 2458 2953 monumenta
2514 2900 2847 2968 conspirant,
2889 2910 2945 2957 et
3004 2903 3049 2958 si
3093 2917 3197 2969 qua
3242 2906 3310 2961 ab
3355 2906 3440 2964 bis

1881 2987 2121 3045 diversos
2149 2990 2450 3059 assignant,
2483 2992 2550 3045 ad
2592 2992 2727 3047 alias
2762 2994 2982 3048 omnino
3010 3009 3236 3061 causas,
3265 3013 3427 3067 quam

1883 3080 2092 3141 mortis,
2125 3080 2436 3136 referendos
2461 3096 2583 3138 esse
2608 3098 2712 3138 non
2736 3084 2972 3154 ambigo.

1951 3169 2004 3224 6.
2032 3170 2210 3227 Multis
2236 3173 2482 3229 consulto
2515 3176 2801 3245 praeteritis
2824 3216 2840 3242 ,
2886 3193 3005 3247 quae
3057 3179 3199 3235 sicut
3249 3190 3436 3238 contra

1806 3238 1846 3295 Ο
1880 3262 1944 3316 Α.
1998 3262 2061 3317 D.
2112 3264 2213 3319 571
2254 3265 2453 3333 optime
2491 3238 2754 3336 pugnant,
2790 3238 2861 3322 ita
2891 3238 2989 3339 pro
3024 3285 3167 3325 anno
3208 3272 3311 3327 575
3336 3290 3428 3327 ne-

1880 3368 2147 3423 quaquam
2184 3354 2419 3420 faciunt,
2452 3357 2673 3412 silentio
2704 3360 3041 3428 praetermitti
3091 3376 3431 3432 nequaquam

1878 3448 2037 3501 debet
2056 3446 2289 3503 Proterii
2312 3448 2662 3505 Alexandrini
2710 3451 2931 3520 epistola
2956 3471 2970 3520 ;
3001 3455 3437 3524 quandoquidem

1879 3538 1932 3590 in
1961 3552 2049 3602 ea,
2085 3539 2230 3593 velut
2256 3542 2305 3593 in
2335 3556 2458 3595 arce
2490 3542 2849 3599 munitissima
2872 3584 2889 3608 ,
2931 3544 3033 3600 viri
3081 3546 3221 3601 docti
3266 3548 3439 3603 consi-

1878 3639 2047 3685 stunt.
2077 3631 2224 3686 illam
2249 3631 2457 3701 Graece,
2482 3642 2540 3688 ut
2570 3634 2846 3691 Proterius
2882 3638 3134 3707 scripsit,
3191 3650 3312 3708 post
3338 3655 3436 3696 ste-

1876 3722 2115 3777 culorum
2142 3725 2455 3779 memoriam
2497 3740 2654 3781 nemo
2679 3728 2939 3784 hactenus
2966 3728 3137 3795 vidit,
3161 3730 3439 3785 Latinam-

1876 3828 1981 3883 que
2018 3814 2258 3884 Dionysii
2286 3815 2473 3886 Exigui
2500 3820 2804 3874 versionem
2832 3834 2899 3875 ex
2932 3822 3189 3878 mendoso
3245 3824 3434 3881 codice

1876 3915 1996 3975 post
2062 3905 2337 3961 Petavium
2380 3909 2568 3963 eduxit
2607 3900 3031 3978 Bucherius,'ut
3068 3912 3267 3968 dictum
3312 3923 3433 3980 est;

1876 4000 1965 4069 qui
2000 4014 2098 4055 nec
2132 4000 2275 4055 illam
2310 4002 2592 4058 erroribus
2635 4012 2846 4059 scatere
2897 4003 3286 4071 dissimulavit,
3323 4014 3437 4060 tum

1876 4091 1929 4146 in
1966 4091 2082 4161 ipso
2110 4092 2328 4148 nomine
2363 4094 2862 4161 sanctiAthanasii,
2902 4104 3011 4150 tum
3036 4098 3088 4151 in
3117 4097 3255 4151 notis
3271 4095 3437 4151 etiam

1876 4184 2274 4249 numeralibus,
2328 4195 2382 4240 et
2412 4187 2463 4240 in
2513 4186 2632 4241 aliis
2690 4187 2993 4250 nonnullis,
3042 4189 3107 4242 de
3150 4188 3436 4259 quibusin

1874 4290 1967 4330 ora
1999 4275 2229 4333 lectores
2259 4278 2553 4332 identidem
2592 4280 2833 4345 monuit,
2863 4294 3034 4349 eaque
3085 4280 3430 4337 Bollandistas

1875 4378 2260 4423 recensuerunt
2297 4369 2384 4424 die
2412 4384 2452 4423 ιι
2505 4369 2626 4423 Maii
2654 4384 2777 4440 pag.
2804 4369 2930 4437 248,
2963 4370 2990 4441 §
3025 4372 3148 4426 40!.
3184 4371 3239 4425 ld
3289 4381 3437 4427 tanto

1875 4468 1998 4512 ante
2026 4456 2304 4511 Proterius
2330 4458 2649 4525 praedixerat
2683 4458 2737 4511 in
2770 4457 2877 4512 ﬁne
2899 4460 3136 4528 epistolae
3162 4475 3220 4516 se
3242 4476 3431 4530 passu-

233 4562 374 4615 uihus
427 4560 778 4614 adversantes
832 4552 1125 4607 offendunt.
1185 4549 1299 4604 lluc
1352 4549 1561 4604 faciunt
1607 4549 1770 4604 verba
1803 4574 1846 4629 Β
1876 4566 1990 4603 rum
2023 4565 2120 4619 per
2156 4549 2500 4605 librariorum
2536 4550 2815 4605 audaciam
2843 4559 2897 4606 et
2940 4552 3292 4620 interpretum
3341 4552 3440 4607 La-

234 4649 653 4712 llontcfalconii,
718 4645 787 4699 ad
854 4644 1278 4713 Hieronymum,
1344 4656 1449 4696 non
1524 4656 1619 4711 pro
1676 4641 1769 4695 illo

233 4743 446 4809 quidem,
482 4741 577 4795 sed
613 4753 714 4808 pro
750 4737 902 4790 nobis
941 4736 1245 4802 loquentem
1269 4773 1284 4794 ,
1324 4734 1770 4789 accommodata:

234 4832 317 4886 Ille
346 4852 475 4899 vero,
512 4840 689 4899 utpote
732 4829 1021 4882 Athanasio
1062 4826 1301 4896 (aqualis,
1336 4834 1383 4880 ei
1407 4824 1672 4890 oculatus,
1714 4834 1771 4879 ut

234 4924 400 4989 dicam,
435 4926 600 4985 testis,
655 4922 755 4973 hac
803 4921 854 4972 in
899 4934 951 4971 re
993 4916 1096 4985 ﬁde
1144 4917 1332 4985 dignus
1354 4924 1454 4980 est,
1501 4926 1609 4967 tum
1644 4916 1771 4985 quia

232 5017 346 5067 tanti
377 5016 652 5078 antistitis,
680 5014 770 5080 qui
792 5010 880 5063 illo
904 5026 1007 5061 wvo
1032 5024 1124 5075 pro
1148 5005 1396 5061 Ecclesiae
1420 5007 1620 5060 lumine
1656 5024 1774 5075 pas-

234 5107 314 5158 sim
342 5108 648 5166 habebatur,
690 5117 886 5155 annum
938 5100 1109 5152 obitus
1154 5115 1256 5152 non
1290 5099 1492 5152 videtur
1522 5099 1767 5167 ignorare

234 5200 459 5262 potuisse;
505 5209 619 5251 tum
678 5195 803 5263 quia
848 5192 953 5260 ﬁde
994 5192 1349 5260 dignioribus,
1417 5206 1593 5259 nempe
1641 5190 1768 5259 ipsis

236 5290 479 5342 Athanasii
509 5284 919 5345 successoribus,
945 5283 1153 5334 accinit.
1183 5281 1387 5335 Eadem
1417 5281 1468 5333 in
1498 5280 1762 5345 Quesnel-

233 5380 325 5434 lum
345 5389 683 5452 regeruntur,
714 5377 806 5445 qui
856 5374 1165 5444 Hieronymi
1195 5371 1575 5427 auctoritatem
1618 5372 1685 5426 ab
1714 5386 1773 5426 se

231 5476 350 5526 male
390 5481 699 5543 perceptam
742 5482 863 5520 cum
908 5464 1150 5519 Proterio
1185 5463 1433 5532 componi
1471 5476 1629 5531 posse
1670 5462 1773 5515 im-

231 5566 399 5618 merito
444 5563 678 5619 censuit.
718 5559 843 5612 [hec
885 5558 1063 5611 omnia
1116 5558 1183 5610 ob
1225 5555 1411 5610 oculos
1476 5568 1772 5623 repraesen—

228 5663 329 5710 tare
372 5658 545 5712 visum
605 5663 726 5715 est,
795 5658 852 5701 ut
911 5647 1120 5717 plenius
1188 5646 1512 5712 intelligatur
1576 5660 1770 5700 annum

225 5749 557 5802 emortualem
625 5742 915 5800 Athanasii
972 5738 1038 5793 ab
1089 5737 1155 5791 A.
1217 5737 1280 5791 D.
1335 5736 1440 5791 572
1491 5751 1593 5790 non
1654 5748 1773 5789 esse

226 5843 591 5896 amovendum.

1878 4641 2110 4694 tinorum
2140 4641 2440 4706 inscitiam;
2482 4643 2571 4711 qui
2604 4641 2791 4698 Grieca
2820 4660 2923 4697 non
2964 4644 3186 4699 valentes
3225 4646 3440 4715 diligen-

1875 4741 1951 4785 ter
1976 4732 2261 4800 exprimere
2277 4772 2291 4797 ,
2313 4732 2559 4786 luderent
2599 4735 2888 4788 veritatem.
2915 4734 3057 4805 Ergo
3081 4735 3165 4790 his
3188 4735 3439 4791 omnibus

1874 4823 2277 4891 circumspectis
2299 4864 2315 4890 ,
2358 4825 2770 4894 haudquaquam
2812 4827 2999 4880 mirari
3040 4826 3184 4881 subit
3216 4866 3232 4891 ,
3262 4829 3304 4881 si
3338 4827 3439 4881 ist-

1875 4913 1985 4966 hmc
2014 4911 2202 4966 Latina
2234 4914 2511 4967 translatio
2537 4953 2553 4979 ,
2580 4924 2764 4982 utpote
2794 4915 2985 4970 saltem
3018 4929 3085 4969 ex
3123 4915 3431 4984 apographo

1875 5005 2050 5059 minus
2080 5005 2292 5074 integro
2321 5016 2560 5071 accepta,
2588 5021 2645 5060 se
2679 5006 2730 5059 in
2766 5006 3005 5075 pluribus
3051 5006 3246 5075 Oppido
3275 5005 3439 5059 vitio-

1873 5109 1987 5148 sam
2027 5096 2236 5162 prodit;
2288 5095 2359 5148 ita
2394 5106 2450 5149 ut
2504 5096 2591 5150 ubi
2641 5096 2718 5149 ait
2760 5098 2824 5150 A.
2869 5096 2929 5151 D.
2963 5096 3104 5161 575,
3154 5096 3438 5166 superstite

1873 5187 2198 5249 Athanasio.
2248 5187 2449 5242 Pascha
2504 5189 2555 5242 in
2619 5189 3004 5258 subsequentem
3052 5187 3434 5241 hebdomadam

1873 5279 2189 5333 translatum
2217 5279 2399 5343 fuisse,
2433 5279 2638 5347 absque
2666 5280 2767 5333 alia
2795 5279 3179 5348 explicatione,
3205 5291 3435 5345 perpau-

1874 5383 1989 5423 cam
2031 5370 2185 5424 ﬁdem
2218 5380 2507 5424 mereatur.
2544 5370 2657 5426 Hoc
2709 5386 2840 5425 sane
2866 5370 3183 5440 jamdudum
3225 5366 3434 5420 criticis

1876 5460 2137 5529 majorum
2173 5461 2410 5529 gentium
2435 5461 2691 5525 suboluit,
2725 5476 2861 5530 quos
2887 5472 3225 5528 nequaquam
3264 5455 3436 5509 movit

1874 5548 2033 5614 hujus
2066 5548 2305 5617 epistola:
2336 5550 2660 5613 auctoritas,
2695 5560 2753 5602 ut
2791 5550 2841 5600 in
2879 5549 2944 5603 A.
2983 5546 3045 5599 D.
3079 5544 3186 5597 575
3221 5543 3430 5597 obitum

1874 5638 2148 5691 Athanasii
2172 5636 2499 5691 conferrent.
2522 5635 2630 5690 Nec
2646 5644 2831 5689 auctor
2854 5648 3001 5688 novat
3024 5630 3273 5687 editionis
3286 5629 3430 5699 Ope-

1876 5746 1993 5783 rmn
2025 5728 2198 5785 sancti
2227 5727 2422 5784 Leonis
2446 5726 2620 5805 hlagni
2641 5763 2656 5789 ,
2681 5725 2772 5793 qui
2804 5724 2953 5778 illam
2979 5720 3261 5793 epistolam
3287 5731 3431 5776 torno

1875 5822 1916 5889 Ι,
1955 5836 2074 5891 pag.
2105 5820 2211 5878 646
2275 5836 2338 5877 ex
2376 5820 2562 5876 codice
2585 5816 2874 5874 Oxouiensi
2898 5812 3318 5872 emendatiorem
3344 5812 3439 5868 in-.
