4010 6514
536 422 731 467 CCLVIII

1881 402 2431 459 PROLEGOMENA.‘

541 529 738 591 seruit,
777 526 844 580 ab
883 526 1030 581 omni
1062 524 1269 581 macula
1301 524 1595 581 immunem
1638 522 1862 579 reddere
1899 523 2089 592 potuit.
2121 526 2167 581 A
2193 520 2290 575 471
2346 520 2673 590 anticipare,
2706 531 2876 590 neque
2944 531 3113 587 usque
3178 518 3247 571 ad
3304 514 3368 571 A.
3406 515 3467 572 Ι).
3497 514 3605 571 575
3658 514 3763 572 (ιιι-

538 619 675 674 llinc
706 617 1089 673 Bollandianos
1116 616 1528 672 continuatores
1561 615 1796 685 suspicio
1834 615 2092 679 incessit,

536 708 787 776 primitus
817 708 869 762 in
902 707 1088 763 codice
1105 704 1293 761 Graeco
1331 705 1528 760 lectum
1567 704 1735 760 fuisse
1758 702 2095 769 ἀποὸιόντος,

535 801 815 867 defuncto,
870 799 921 853 in
968 798 1120 869 cujus
1143 807 1326 867 postea
1352 798 1530 854 locum
1579 797 1723 851 facili
1746 811 1932 853 errore
1977 798 2098 850 ὲπι-

536 890 765 955 ὁιόντος,
796 891 1071 960 superstite
1092 929 1107 955 ,
1135 890 1200 944 ab
1236 889 1462 945 librario
1488 887 1743 957 scriptum
1766 928 1781 953 ,
1816 890 1897 942 vel
1923 889 1989 943 ab
2017 890 2099 942 in-

540 990 770 1051 terprete
801 982 997 1037 lectum
1029 980 1209 1036 fuerit.
1229 982 1481 1037 Petavius
1507 980 1558 1034 in
1591 980 1732 1035 notis
1756 982 1822 1035 ad
1855 981 2099 1036 eamdem

537 1074 816 1145 epistolam
844 1089 911 1129 ex
939 1075 1125 1129 codice
1158 1073 1344 1129 Jacobi
1368 1072 1639 1129 Sirmondi
1686 1072 1754 1128 ab
1798 1088 1859 1130 se
1901 1074 2098 1129 editam

538 1166 642 1221 sub
665 1166 823 1221 linem
870 1167 1000 1221 tomi
1038 1164 1085 1220 ll
1126 1166 1203 1220 De
1251 1166 1495 1220 doctrina
1556 1174 1881 1232 temporum,
1913 1164 2102 1220 Prote-

538 1260 678 1314 rium
709 1258 1092 1314 hallucinatum
1121 1260 1486 1323 existimavit,
1516 1259 1671 1329 quasi
1705 1273 1895 1327 nempe
1932 1258 2104 1311 Atha-

538 1350 787 1414 nasium,
820 1348 913 1419 qui
960 1357 1085 1404 ante
1116 1349 1462 1411 decesserat,
1498 1348 1672 1403 adhuc
1718 1348 1808 1402 illo
1861 1356 2103 1417 tempore

536 1441 736 1498 vixisse
761 1442 1068 1497 crediderit.
1094 1440 1469 1496 Tillemontius
1494 1449 1639 1497 tomo
1664 1440 1796 1506 Vlll,
1828 1456 1950 1510 pag.
1974 1439 2101 1505 720,

537 1547 780 1589 errorem
811 1532 936 1588 inde
955 1532 1088 1587 oriri
1125 1533 1369 1603 potuisse
1400 1532 1706 1596 consentit,
1744 1531 1884 1600 quod
1917 1529 2104 1586 Prote-

536 1628 654 1682 rius
675 1627 726 1680 in
768 1625 1030 1680 tabulario
1062 1624 1317 1680 Ecclesiae
1348 1624 1725 1680 Alexandrina:
1770 1622 1977 1677 Pascha
2005 1638 2102 1693 pro

537 1720 604 1774 A.
654 1718 718 1771 Ι).
756 1718 861 1773 575
902 1716 1101 1786 pridem
1138 1716 1208 1771 ab
1234 1715 1529 1770 Athanasio
1573 1715 1835 1781 digestum
1881 1728 2102 1785 compe-

542 1811 735 1873 risset,
761 1808 1204 1876 ordinatumque,
1241 1815 1299 1859 ut
1325 1820 1390 1860 eo
1427 1819 1569 1859 anno
1617 1802 1988 1858 celebraretur
2017 1802 2103 1856 die

2202 612 2344 666 ferre
2379 612 2601 675 debuit,
2630 626 2727 667 nec
2779 610 2985 680 potuit,
3020 607 3487 679 investigationem
3523 616 3579 661 et
3626 621 3766 675 prte-

2200 703 2592 758 nuntiationem
2619 701 2725 756 diei
2752 700 3020 770 paschalis
3060 714 3156 769 pro
3197 699 3385 753 eodem
3416 697 3483 751 A.
3519 698 3580 751 D.
3636 697 3764 752 575.

2200 796 2369 851 Porro
2402 795 2540 850 diem
2570 794 2878 864 paschalem
2903 833 2918 858 ,
2951 807 3048 863 per
3078 795 3361 846 universas
3392 788 3614 861 Egypti
3658 789 3762 845 Ec-

2198 891 2392 947 clesias
2421 888 2848 943 denuntiandum
2873 926 2889 952 ,
2921 886 2976 941 in
3001 884 3331 957 praecedenti
3360 883 3500 939 festo
3524 883 3764 954 Epipha-

2202 985 2328 1051 niae,
2360 984 2705 1038 diac0norum
2729 980 2997 1052 praeconio
3020 980 3159 1049 apud
3212 976 3611 1032 Alexandrinos
3656 975 3770 1029 vul-

2198 1076 2314 1146 gari
2370 1073 2714 1129 consuevisse
2744 1113 2760 1136 ,
2818 1071 3087 1142 praecipue
3152 1077 3367 1123 constat
3414 1082 3479 1121 ex
3518 1065 3767 1122 Cassiani

2201 1164 2486 1221 collatione
2517 1178 2709 1232 x.cap.
2734 1162 2788 1215 2.
2838 1162 2906 1216 At
2950 1175 3077 1215 vero
3123 1160 3332 1214 litteras
3376 1157 3666 1227 paschales
3700 1157 3768 1210 ab

2206 1257 2449 1312 antistite
2476 1253 2844 1310 Alexandrino
2878 1253 2944 1308 ad
2978 1251 3278 1307 Romanum
3299 1289 3314 1315 ,
3348 1266 3378 1305 a
3414 1265 3524 1320 quo
3548 1249 3771 1318 reliquae

2203 1362 2507 1423 acceptura:
2536 1358 2719 1405 essent
2749 1346 3035 1414 Ecclesiae,
3063 1360 3205 1400 anno
3237 1345 3501 1413 superiori
3535 1342 3773 1413 praemis-

2203 1461 2324 1510 sas,
2353 1445 2466 1512 jam
2509 1440 2786 1498 adnotavit
2836 1439 3103 1494 Baronius
3150 1438 3215 1491 A.
3258 1437 3319 1494 Ι).
3349 1434 3550 1506 399,§
3592 1434 3698 1500 52,
3739 1446 3772 1487 a

2204 1535 2416 1591 Norisio
2450 1547 2734 1603 perperam
2769 1529 3034 1586 refutatus
3080 1529 3172 1584 lib.
3208 1544 3222 1583 l
3267 1528 3410 1582 Hist.
3438 1525 3769 1597 Pelagianis,

2204 1644 2325 1698 cap.
2352 1626 2409 1682 2.
2440 1625 2716 1696 Siquidem
2765 1622 2876 1678 Leo
2917 1622 3143 1691 Magnus
3175 1660 3190 1685 ,
3226 1628 3445 1688 accepta
3469 1632 3500 1672 a
3528 1615 3773 1671 Proterio
3870 1654 3873 1657 -

2205 1719 2571 1774 Alexandrino
2597 1714 2822 1784 epistola
2852 1753 2867 1780 ,
2892 1713 2959 1767 de
2983 1728 3089 1782 qua
3119 1712 3329 1781 agimus
3350 1749 3366 1773 .
3390 1719 3449 1763 ut
3477 1705 3774 1762 celebratio

2207 1809 2497 1867 Paschalis
2528 1808 2590 1861 A.
2624 1806 2686 1861 D.
2735 1804 2841 1859 455
2884 1804 3287 1874 explicabatur,
3335 1800 3476 1855 idem
3529 1809 3775 1852 summus

539 1918 702 1971 xxxr;
736 1916 861 1971 non,
888 1915 1026 1969 vero
1072 1914 1199 1953 xxtv
1242 1898 1464 1953 Martii:
1506 1896 1671 1967 quod,
1716 1896 1909 1965 inquit,
1952 1895 2098 1949 ordi-

2204 1900 2444 1972 ponlifex
2473 1902 2539 1955 de
2579 1913 2729 1954 more
2757 1899 3009 1967 episcopis
3031 1913 3122 1966 per
3152 1895 3354 1950 Gallias
3390 1902 3439 1948 et
3486 1890 3775 1959 Hispanias

539 2011 692 2050 nasse
714 1994 887 2064 potuit
912 1992 979 2047 A.
1006 1992 1066 2045 D.
1097 1992 1222 2055 571,
1255 1992 1362 2046 imo
1394 2004 1520 2045 vero
1542 1988 1668 2052 572,
1704 1998 1761 2042 ιιι
1794 1988 1977 2043 statim
2008 2002 2099 2057 pa-

537 2087 694 2142 tebit.
727 2086 963 2156 ldipsum
995 2085 1199 2155 pridem
1249 2084 1595 2154 conjec-erant
1649 2080 1889 2136 Bollandi
1931 2064 2103 2135 conti;

536 2185 791 2232 nuatores
818 2215 834 2240 ,
862 2174 1165 2230 Proterium
1206 2189 1461 2230 narrasse
1493 2174 1633 2239 rati,
1684 2188 1790 2228 n0n
1836 2173 1965 2242 quid
2020 2170 2103 2225 fa-

536 2278 685 2324 ctum
712 2267 776 2324 A.
826 2268 892 2321 ι).
928 2267 1032 2322 575
1086 2268 1262 2322 adhuc
1296 2268 1574 2336 superstite
1627 2266 1917 2320 Athanasio
1944 2303 1960 2331 ,
2008 2264 2103 2319 sed

545 2359 676 2429 quid
707 2359 1034 2414 Athanasius
1063 2358 1238 2412 adhuc
1260 2367 1534 2427 superstes
1584 2372 1681 2427 pro
1714 2355 1953 2424 ejusdem
1978 2354 2102 2408 anni

535 2449 900 2507 celebratione
960 2448 1279 2512 Paschatis,
1328 2447 1548 2502 biennio
1618 2446 1781 2502 citius
1850 2444 2100 2513 fecisset;

535 2542 970 2615 quandoquidem
1008 2541 1062 2594 in
1094 2540 1331 2596 Ecclesia
1359 2538 1722 2594 Alexandrina
1770 2538 1962 2594 tabulae
1998 2538 2105 2592 Pa-

535 2635 744 2693 schales
760 2635 812 2689 in
830 2645 1164 2689 antecessum
1180 2633 1558 2703 digerebantur
1576 2645 1640 2686 ex
1658 2630 1966 2701 praescripto
1982 2646 2106 2686 con-

536 2730 642 2786 cilii
666 2727 884 2794 Nicaeni,
910 2728 1063 2797 cujus
1096 2725 1355 2794 judicium
1388 2739 1472 2779 res
1499 2723 1777 2795 paschales
1802 2723 2099 2778 subierant.

610 2823 663 2876 7.
702 2821 807 2876 Sed
857 2820 1185 2889 conjecturis
1241 2818 1609 2889 praestantium
1657 2816 1871 2887 ingenio
1913 2826 1968 2871 et
2011 2817 2105 2872 do-

536 2915 713 2971 ctrina
754 2914 987 2968 virorum
1029 2911 1520 2982 sepositis,omnes
1576 2909 1947 2965 diﬂicultatum
1979 2910 2102 2964 nodi

538 3004 691 3063 liicile
714 3005 1107 3070 dissolventur,
1138 3004 1183 3059 si
1224 3014 1459 3058 veterem
1497 3011 1550 3058 et
1582 3017 1797 3057 sacrum
1850 3002 1997 3055 illum
2024 3001 2101 3057 rei

537 3094 803 3166 paschalis
824 3092 1197 3149 denuntianda‘.
1234 3093 1396 3147 ritum
1440 3092 1657 3160 penitus
1700 3092 2096 3162 introspexeri—

538 3203 678 3243 mus.
703 3187 989 3242 Enimvero
1020 3200 1142 3240 cum
1169 3184 1421 3253 episcopo
1466 3184 1832 3239 Alexandrino
1864 3200 1993 3239 cura
2023 3185 2100 3238 in-

535 3282 810 3338 cumberet
844 3277 1227 3348 investigandae
1254 3276 1395 3341 diei,
1428 3291 1532 3345 qua
1584 3274 1789 3329 Pascha
1818 3276 2103 3345 quotannis

536 3372 950 3435 celebrandum,
999 3378 1055 3423 ut
1108 3376 1252 3438 patet
1287 3382 1350 3422 ex
1390 3366 1613 3437 epistola
1657 3368 1725 3423 94
1754 3408 1768 3431 ,
1824 3367 1958 3422 alias
1998 3367 2099 3429 64,

536 3464 708 3517 sancti
757 3460 954 3515 Leonis
1000 3458 1176 3529 Magni
1244 3457 1311 3510 ad
1375 3455 1709 3510 Marcianum
1765 3455 2100 3525 Augustum;

534 3553 868 3609 Athanasius
889 3564 993 3605 non
1026 3548 1091 3604 A.
1122 3551 1183 3602 1).
1212 3547 1338 3611 571,
1368 3547 1461 3602 sed
1491 3546 1615 3614 572,
1651 3547 1975 3614 investigare
2007 3548 2102 3601 de-

536 3645 654 3701 buit
690 3645 827 3699 diem
858 3640 1142 3695 Paschalis
1196 3638 1321 3692 anni
1358 3638 1691 3708 insequentis
1723 3639 1829 3694 575
1850 3679 1865 3705 ,
1898 3639 1965 3694 de
1997 3655 2102 3709 quo

536 3745 751 3791 mature
775 3742 925 3788 certa
959 3733 1275 3787 redderetur
1299 3731 1593 3800 apostolica
1620 3732 1802 3797 sedes,
1838 3744 1896 3785 ut
1943 3732 2100 3801 hujus

536 3827 717 3897 scripti
746 3826 813 3879 ad
849 3824 1238 3905 longinquiores
1278 3824 1542 3879 Ecclesias
1590 3824 1841 3878 indicium
1881 3841 2099 3893 genera-

538 3920 657 3974 liter
688 3927 1033 3987 percurrerel,
1053 3917 1129 3971 ait
1150 3915 1285 3970 idem
1313 3915 1581 3986 pontifex;
1630 3930 1751 3970 nam
1794 3926 1913 3987 post
1940 3932 2099 3973 acce-

540 4021 688 4080 ptum
714 4009 782 4063 ab
808 4007 1173 4064 Alexandrino
1200 4006 1483 4061 consilium
1505 4046 1520 4072 ,
1553 4008 1619 4062 ad
1636 4008 1878 4064 eamdem
1917 4009 2098 4063 sedem

539 4097 887 4169 apostolicam
914 4098 1214 4167 pertinebat
1239 4096 1379 4152 diem
1407 4096 1687 4153 Paschalis
1716 4100 1951 4155 secuturi
1983 4116 2099 4154 om-

540 4190 690 4242 nibus
718 4187 1137 4243 Occidentalium
1172 4188 1405 4258 partium
1426 4190 1780 4245 sacerdotibus
1809 4190 2100 4245 denuntia-

538 4294 630 4345 re,
661 4288 719 4332 ut
741 4278 913 4348 inquit
934 4279 1072 4334 idem
1094 4277 1202 4333 Leo
1228 4277 1453 4351 Magnus
1486 4282 1646 4351 epist.
1690 4281 1792 4336 112
1813 4321 1829 4348 ,
1858 4282 1924 4336 ad
1955 4281 2098 4336 Mar-

538 4373 750 4427 cianum
781 4370 1108 4441 Augustum;
1134 4370 1387 4426 nimirum
1421 4373 1631 4429 cunctis
1675 4373 1901 4429 Romani
1934 4375 2101 4444 patri-

538 4464 792 4520 archatus
833 4464 1191 4536 metropolitis
1243 4481 1339 4537 per
1384 4466 1628 4535 Italiam,
1678 4469 1948 4539 Illyricum
1982 4469 2101 4523 soli-

2204 1993 2492 2047 constitutis
2525 1990 2728 2044 Pascha
2758 1988 2883 2042 anni
2929 1989 3162 2041 secuturi
3202 1983 3543 2039 denuntiavit
3572 1998 3605 2036 v
3662 1979 3776 2033 Ka-

2203 2083 2383 2135 lendas
2408 2083 2669 2149 Augustas
2698 2077 3052 2146 praecellentis
3086 2074 3210 2128 anni
3246 2072 3351 2127 454
3374 2111 3387 2137 ,
3416 2080 3473 2125 ιιι
3507 2070 3680 2139 liquet
3703 2082 3770 2121 ex

2204 2172 2429 2243 epistola
2476 2171 2610 2235 l09,
2676 2170 2809 2223 alias
2850 2166 2939 2221 95.
3006 2165 3118 2220 Leo
3171 2173 3346 2219 autem
3390 2162 3621 2233 epistola
3672 2157 3780 2212 “3

2206 2266 2541 2321 Marcianum
2568 2264 2870 2332 Augustum
2899 2260 3189 2315 certiorem
3233 2257 3408 2312 reddit
3446 2258 3513 2311 de
3555 2255 3645 2311 die
3683 2266 3778 2325 pa-

2215 2359 2386 2415 schali
2426 2374 2549 2413 mox
2588 2365 2874 2422 secuturo,
2924 2364 2984 2410 ut
3043 2354 3111 2409 ab
3152 2365 3211 2408 se
3243 2349 3441 2405 dudum
3472 2348 3776 2419 episcopis,

2206 2451 2359 2515 sive,
2390 2458 2448 2503 ut
2484 2449 2598 2518 ipsa
2638 2448 2754 2519 ejus
2774 2447 2935 2503 verba
2975 2459 3257 2516 usurpem,
3310 2441 3563 2497 omnibus
3612 2438 3779 2494 Occi-

2207 2542 2497 2596 dentalium
2525 2542 2755 2609 partium
2779 2537 3134 2593 sacerdotibus
3163 2536 3403 2590 intimalo
3434 2544 3453 2584 :
3478 2547 3632 2602 quem
3653 2530 3780 2585 Ale-

2205 2634 2454 2690 xandrini
2486 2633 2712 2700 episcopi
2749 2630 3037 2700 declaravit
3070 2626 3367 2683 instructio.
3402 2621 3659 2678 Profecto
3677 2621 3781 2677 hoc

2206 2728 2416 2797 ipsum,
2445 2726 2590 2783 nulla
2640 2740 2776 2796 pene
2820 2724 2871 2779 vi
2914 2721 3155 2794 epistolae
3206 2719 3540 2774 Proterianze
3605 2716 3779 2782 illata,

2206 2820 2348 2875 haud
2375 2821 2604 2876 obscure
2636 2818 3016 2889 subsequentia
3048 2814 3210 2870 verba
3262 2813 3406 2882 loqui
3464 2811 3720 2866 videntur
3761 2826 3778 2863 :

2204 2910 2260 2966 in
2292 2912 2605 2981 octogesimo
2641 2926 2775 2963 nono
2806 2908 3014 2979 quidem
3046 2923 3186 2960 anno
3223 2906 3286 2960 ab
3320 2905 3541 2973 imperio
3567 2903 3779 2959 Diocle-

2213 3002 2344 3055 tiani
2366 3041 2381 3067 ,
2422 3004 2693 3070 superstite
2718 3002 2879 3055 beata:
2908 3001 3171 3054 memorim
3200 2996 3358 3051 Patre
3392 3006 3570 3052 nostra
3600 3008 3646 3050 et
3670 2997 3778 3064 epi-

2211 3112 2366 3164 scopo
2407 3095 2715 3148 Athanasio.
2749 3093 2975 3148 Latinus
3014 3094 3277 3163 interpres
3310 3091 3597 3144 verborum
3637 3088 3770 3143 ordi-

2211 3202 2331 3241 netn
2391 3186 2633 3240 nonnihil
2688 3185 2928 3252 invertit,
2981 3184 3121 3239 unde
3172 3182 3415 3253 qumdam
3471 3181 3779 3236 obscuritas

2208 3289 2327 3331 orta
2356 3289 2461 3343 est,
2490 3292 2611 3332 cum
2643 3278 2883 3332 scribere
2910 3276 3185 3331 debuisset
3219 3294 3232 3329 :
3281 3277 3561 3342 superstite
3613 3273 3781 3325 beatae

2207 3372 2470 3425 memoria:
2503 3368 2664 3425 Patre
2697 3381 2874 3424 nostra
2907 3381 2952 3424 et
2976 3370 3212 3441 episcopo
3231 3368 3524 3421 Athanasio
3558 3367 3781 3436 (nempe

2204 3465 2268 3517 A.
2305 3463 2367 3518 D.
2402 3463 2624 3533 572),ἱη
2645 3464 2959 3533 octogesimo
2990 3478 3125 3515 nono
3151 3462 3357 3531 quidem
3388 3476 3529 3514 anno
3560 3459 3782 3530 (nempe

2203 3557 2267 3611 A.
2305 3556 2367 3610 Ι).
2404 3557 2556 3626 575),
2603 3556 2809 3610 Pascha
2841 3555 3165 3610 translatum
3213 3565 3311 3619 est,
3362 3562 3495 3616 etc.,
3539 3552 3675 3607 adeo
3722 3560 3783 3604 ut

2208 3648 2290 3703 vir
2335 3657 2558 3702 sanctus
2612 3648 2793 3703 adhuc
2841 3657 3122 3717 superstes
3169 3648 3233 3700 A.
3277 3646 3342 3699 ι).
3395 3645 3525 3713 572,
3571 3645 3782 3699 Pascha

2204 3742 2331 3796 atini
2380 3742 2485 3796 575
2526 3741 2579 3794 in
2632 3741 3049 3809 subsequentem
3096 3740 3487 3793 hebdomadam
3545 3737 3782 3792 transle-

2205 3835 2428 3889 rendum
2458 3833 2751 3889 curaverit.
2774 3834 2961 3887 Annus
2994 3830 3315 3886 Diocletiani
3340 3831 3431 3897 89,
3462 3846 3530 3887 ex
3553 3830 3782 3887 Petavio

2204 3926 2297 3980 lib.
2357 3943 2413 3992 x,
2460 3941 2580 3995 cap.
2630 3925 2718 3989 72,
2754 3926 2876 3981 iniit
2907 3940 2936 3978 a
2970 3924 3147 3980 Thoth
3183 3925 3309 3991 llxo,
3341 3940 3535 3994 nempe
3571 3925 3642 3980 ab
3691 3924 3783 3980 die

2205 4036 2333 4074 nix
2378 4020 2604 4090 Augusti
2644 4019 2710 4074 A.
2757 4018 2820 4073 D.
2849 4018 2974 4084 572,
3010 4028 3129 4089 post
3168 4019 3276 4088 jam
3308 4029 3581 4074 mortuum
3611 4018 3784 4074 Atha-

2204 4114 2438 4177 nasium,
2474 4112 2566 4183 qui
2619 4122 2795 4167 tamen
2836 4112 3014 4166 adhuc
3041 4120 3312 4182 superstes
3342 4111 3643 4167 Ecclesiam
3670 4126 3784 4167 mo.

2204 4205 2321 4259 nuit
2370 4204 2597 4273 epistola
2627 4203 2867 4274 paschali
2902 4204 2971 4259 47
3000 4206 3064 4261 de
3117 4204 3464 4261 translatione
3494 4205 3785 4263 Paschalis

2201 4296 2328 4350 anni
2359 4295 2488 4359 575,
2529 4296 2778 4366 proxime
2811 4296 3074 4353 secuturi.
3120 4296 3243 4353 Haec
3276 4298 3430 4353 nobis
3460 4299 3513 4353 in
3555 4314 3616 4355 re
3648 4300 3791 4356 hac-.

2204 4396 2361 4443 tenus
2409 4389 2645 4443 maxime
2690 4387 2876 4456 dubia,
2931 4405 3061 4445 vero
3107 4391 3375 4459 propiora,
3412 4400 3467 4445 et
3509 4402 3779 4462 quantum

2202 4480 2414 4551 assequi
2444 4495 2729 4550 possumus
2758 4481 2929 4546 clara,
2961 4492 3017 4538 et
3040 4482 3436 4552 quodammodo
3461 4496 3616 4541 certa
3659 4488 3779 4542 visa

538 4560 697 4623 dum.
726 4556 1065 4623 Βΐίῑδηηῖθε»
1099 4556 1324 4625 Gallias.
1378 4558 1665 4629 Hispanias
1715 4570 1770 4615 ει
1821 4559 2057 4614 Africam
2083 4600 2097 4627 ρ
2133 4587 2178 4643 ι)
2203 4581 2350 4627 sunt.
2395 4571 2576 4639 Quare
2616 4570 2726 4641 jam
2759 4575 2973 4629 tandem
3013 4575 3067 4629 in
3115 4586 3391 4643 comperto
3434 4588 3540 4642 est,
3572 4594 3777 4634 annum

540 4660 728 4715 nempe
762 4647 854 4702 toti
882 4644 1108 4716 Europa:
1138 4663 1306 4718 usque
1334 4649 1401 4702 ad
1458 4648 1775 4717 Thraciam,
1823 4650 1983 4719 idque
2014 4666 2099 4705 se-

537 4738 772 4793 cundum
801 4752 1060 4793 canonem
1110 4739 1134 4792 1
1174 4739 1397 4795 concilii
1452 4756 1469 4794 ι
1514 4740 1844 4797 Arelatensis
1878 4742 1932 4796 in
1985 4743 2103 4796 edi-

544 4828 686 4881 tione
712 4826 910 4883 Labbei
947 4839 1075 4883 tom.
1110 4830 1153 4895 l,
1187 4846 1311 4902 pag.
1350 4831 1509 4886 1427.
1550 4829 1680 4887 Vide
1727 4830 2002 4889 Norisium
2046 4837 2097 4887 in

545 4919 835 4987 ltesponsis
879 4922 944 4975 ad
988 4921 1188 4979 Gerras
1224 4940 1507 4995 germanas
1562 4924 1838 4980 Francisci
1896 4925 2100 4981 Macedi

543 5024 666 5078 pag.
693 5007 783 5072 41,
817 5017 898 5075 et,
934 5012 978 5065 si
1033 5012 1212 5079 lubet,
1262 5014 1483 5069 consule
1530 5015 1696 5069 etiam
1752 5014 2099 5071 Franciscutn

544 5099 927 5154 Bernardinum
962 5101 1267 5158 Ferrarium
1300 5106 1350 5159 in
1377 5105 1512 5159 libro
1541 5119 1583 5171 ι,
1615 5122 1736 5175 cap.
1762 5106 1853 5171 25,
1884 5107 1961 5162 De
1995 5110 2102 5163 ritu

541 5208 813 5246 sacrarum
834 5196 1160 5250 concionum.
1178 5196 1428 5268 Ejusdem
1451 5198 1678 5255 Romani
1701 5201 2102 5271 patriarchatus

544 5283 945 5365 amplitudinem
986 5286 1069 5341 his
1094 5288 1268 5345 verbis
1291 5290 1521 5344 innuunt
1543 5290 1730 5347 Patres
1753 5292 2102 5348 Arelatenses

544 5376 598 5431 in
618 5374 841 5445 epistola
885 5378 1125 5446 synodali
1156 5381 1221 5435 ad
1263 5389 1509 5436 sanctum
1545 5366 1862 5439 Silvestrum
1891 5384 2105 5454 pontiﬁ-

544 5482 681 5535 cem,
700 5482 820 5538 pag.
840 5469 995 5534 1419,
1012 5470 1115 5535 Qui
1136 5472 1357 5542 majores
1384 5474 1625 5529 diaeceses
1648 5484 1787 5531 tenes
1810 5477 1985 5541 utique
2011 5493 2106 5543 pa-

546 5560 853 5615 triarchales
879 5604 893 5627 ,
922 5577 1058 5632 quas
1079 5564 1324 5631 superius
1350 5565 1644 5620 nominavi.
1668 5566 1869 5622 Eadem
1896 5568 2104 5623 ratione

548 5662 766 5706 sanctus
802 5652 1030 5708 Basilius
1057 5654 1217 5723 epist.
1247 5655 1334 5721 li),
1363 5658 1430 5711 ad
1458 5656 1773 5728 Gregorium
1808 5657 2105 5717 Nazianze-

549 5756 701 5806 num,
724 5753 881 5798 vocat
898 5743 1198 5801 Romanum
1227 5748 1534 5817 pontificem
1560 5748 1971 5807 Occidentalium
2002 5770 2101 5809 an-

555 5834 895 5903 tesignanum.
948 5838 1303 5904 Quamobrem
1351 5841 1675 5899 Athanasius
1722 5860 1892 5911 neque
1928 5848 1994 5901 Α.
2032 5848 2094 5903 υ.

2200 4664 2325 4730 572,
2356 4678 2465 4734 quo
2494 4662 2768 4720 Modestus
2786 4673 2841 4720 et
2871 4664 3181 4719 Arinthazus
3211 4666 3462 4721 consules
3490 4683 3779 4737 processe—

2201 4764 2347 4821 runt,
2400 4755 2547 4810 obitu
2599 4757 2775 4826 magni
2812 4755 2909 4809 viri
2951 4755 3220 4825 insignem
3249 4755 3438 4822 fuisse,
3491 4767 3681 4828 totque
3714 4776 3781 4815 ac

2204 4855 2350 4901 tanta
2382 4846 2686 4902 testimonia
2716 4844 2951 4916 iunctim
2986 4850 3238 4902 coeuntia
3289 4848 3523 4918 idipsum
3575 4853 3780 4906 contir-

2202 4946 2368 5001 mant,
2400 4946 2459 4991 ut
2498 4952 2558 4992 ea
2608 4951 2730 5008 qua:
2772 4936 3026 4991 aliorsum
3071 4938 3226 4991 abire
3257 4938 3528 5004 videnlur,
3564 4942 3647 4995 vel
3680 4957 3780 4996 ex-

2202 5029 2413 5100 plicari,
2474 5028 2559 5085 vel
2601 5044 2724 5084 cum
2774 5029 2975 5084 nostris
3031 5028 3255 5084 calculis
3312 5030 3363 5083 in
3423 5036 3775 5090 concordiam

2204 5122 2396 5194 redigi,
2427 5121 2509 5177 vel
2549 5122 2772 5177 omnino
2802 5122 2955 5192 rejici
2985 5123 3238 5179 debeant.
3271 5123 3373 5178 Sed
3406 5139 3518 5180 rem
3550 5130 3778 5184 omnino

2204 5215 2367 5270 unico
2418 5213 2729 5269 testimonio
2774 5215 2952 5269 adhuc
2986 5215 3296 5280 conficiam,
3330 5232 3506 5287 eoque
3536 5220 3780 5290 locuple-

2208 5300 2438 5365 tissimo,
2468 5300 2573 5356 huc
2604 5301 2859 5366 adducto,
2900 5317 2963 5355 ex
3006 5304 3237 5372 epistola
3278 5306 3452 5361 sancti
3483 5309 3674 5381 Cyrilli
3710 5318 3777 5370 ad

2205 5391 2479 5446 Aurelium
2539 5392 3022 5460 Carthagiuensem
3087 5394 3330 5464 aliosque
3369 5398 3656 5470 episc0pos
3720 5405 3775 5457 in

2206 5481 2455 5536 Africana
2488 5485 2692 5552 synodo
2727 5492 3079 5551 congregatos
3112 5486 3253 5553 apud
3292 5485 3577 5545 Petavium
3649 5503 3687 5547 t.
3734 5494 3774 5548 ll

2206 5570 2282 5625 De
2310 5572 2546 5624 doctrina
2571 5583 2878 5641 temporum,
2908 5589 3027 5643 pag.
3059 5575 3188 5643 505,
3218 5579 3468 5635 editionis
3500 5598 3566 5637 ll.
3597 5585 3769 5640 Verba

2204 5660 2390 5731 Cyrilli
2436 5662 2551 5718 htec
2594 5674 2720 5719 sunt
2756 5680 2771 5715 :
2815 5663 2893 5719 De
2927 5664 3135 5721 Pascha
3179 5687 3315 5735 vero,
3362 5682 3416 5726 ut
3461 5676 3773 5743 scripsistis,

2215 5755 2526 5809 mandamus
2554 5757 2694 5815 vobis
2723 5774 2774 5812 Ix
2827 5758 3094 5813 Kalendas
3130 5761 3303 5817 Maias
3339 5781 3432 5819 nos
3471 5766 3656 5823 futura
3694 5772 3774 5823 in-

2208 5845 2436 5903 dictione
2483 5848 2757 5906 celebrnre.
2814 5850 2934 5907 llaec
2980 5852 3168 5918 futura
3216 5855 3453 5927 bindictio
3503 5874 3570 5917 eo
3625 5874 3769 5922 anno
