4010 6510
1350 369 1437 424 ΒΕ
1466 368 1699 427 CULTU
1736 369 1795 426 S.
1829 369 2222 429 ATHANASll.

3268 396 3417 436 CCLIX

236 490 339 557 120,
376 488 471 543 fuit
518 503 601 553 ιιι,
630 486 873 557 iniitque,
904 487 968 543 de
997 501 1224 554 more,-a
1247 486 1499 545 Kalendis
1520 488 1759 559 Septem-
1785 494 1831 551 A
1856 501 1910 546 et
1937 492 2050 547 dies
2092 508 2182 557 xv,
2216 465 2591 548 Athanasianze
2628 492 2899 558 sessionis,
2928 495 3119 551 ibidem
3152 500 3418 567 expressi,

236 585 410 637 bribus.
441 579 577 647 Ergo
603 578 850 647 epistola,
892 580 990 634 hoc
1012 579 1153 634 idem
1181 581 1571 649 praenuntians,
1616 580 1756 635 scri—

238 684 307 741 pta
331 682 404 726 est
442 672 505 724 A.
553 673 614 726 D.
648 673 776 737 419,
804 670 1088 725 indictione
1112 686 1147 724 ιι
1178 688 1192 736 ;
1241 671 1481 742 adeoque
1518 671 1753 741 Cyrillus

238 774 337 816 ante
363 762 725 831 Septembrem
760 764 994 833 ejusdem
1032 763 1156 815 anni
1188 762 1310 826 419,
1356 761 1559 816 Pascha
1588 762 1754 815 futuri

237 854 338 906 anni
384 854 481 907 420
539 854 793 909 Patribus
827 851 1094 906 Africanis
1149 852 1485 920 signiﬁcavit.
1548 852 1754 905 Desunt

236 944 350 997 enim
381 942 428 996 in
449 942 773 1012 primigenio
794 942 975 997 codice
1013 938 1196 995 Graeco
1225 942 1385 995 verba
1412 941 1547 1003 haec,
1571 954 1601 991 v
1625 937 1756 993 Kal.

242 1032 529 1096 Decembris,
599 1050 727 1103 qua:
796 1046 1072 1104 perperam
1127 1042 1307 1087 assuta
1356 1033 1603 1101 leguntur
1654 1030 1758 1085 ini-

243 1126 298 1177 tio
322 1125 566 1179 versionis
598 1124 812 1180 Latina:
851 1125 1083 1195 ejusdem
1113 1124 1371 1194 epistolae,
1416 1134 1475 1178 ut
1508 1123 1758 1178 Petavius

238 1214 311 1270 lib.
353 1231 404 1276 ιι,
447 1216 602 1284 epist.
653 1216 714 1283 8,
765 1216 1021 1271 indicavit
1060 1214 1277 1287 [Egidio
1311 1215 1600 1271 Bucherio.
1636 1214 1754 1268 lam

236 1321 336 1361 vero
365 1306 495 1376 quod
524 1310 769 1378 pertinet
799 1307 865 1363 ad
895 1308 1034 1362 diem
1067 1308 1256 1363 mortis
1290 1307 1460 1362 sancti
1506 1307 1751 1360 Athana—

240 1396 310 1461 sii,
330 1396 475 1450 varia:
508 1398 821 1462 sententiae,
845 1410 994 1467 atque
1022 1412 1084 1452 ac
1109 1398 1172 1451 de
1206 1411 1366 1462 anno,
1391 1398 1755 1463 circumeunt;

236 1502 338 1555 quas
378 1502 557 1544 omnes
586 1502 849 1546 accurate
884 1500 1125 1545 recenset
1141 1490 1525 1553 Tillemontius,
1556 1498 1596 1543 t.
1618 1489 1755 1555 Vlll,

238 1594 328 1650 pag.
365 1581 475 1646 722,
524 1583 625 1651 qui
676 1592 857 1637 tamen
903 1596 1023 1637 cum
1074 1581 1432 1637 Bollandianis
1472 1584 1747 1647 observat,

238 1670 432 1738 Latinos,
454 1672 703 1741 Graecos,
736 1674 1015 1745 Egyptios
1045 1690 1163 1728 eum
1198 1673 1372 1728 colere
1401 1672 1487 1728 die
1518 1688 1557 1727 ιι
1606 1673 1755 1740 Maii,

240 1776 387 1828 nempe
427 1779 495 1818 ru
551 1765 768 1820 mensis
814 1764 1084 1829 Bescinas,
1132 1766 1243 1819 sive
1287 1764 1550 1819 Pachonis
1597 1782 1610 1819 :
1664 1764 1754 1834 qui

1860 592 1918 639 et
1963 584 2172 639 deducti
2212 585 2276 639 ab
2317 584 2401 638 die
2428 600 2539 639 χχιι
2590 583 2887 654 Pharmuti,
2949 603 3040 641 seu
3088 604 3195 642 xvu
3222 590 3425 659 Aprilis

1862 677 1983 729 anni
2013 676 2137 741 526,
2182 692 2286 746 quo
2328 677 2460 731 obiit
2493 687 2712 734 sanctus
2764 678 3091 745 Alexander,
3137 680 3423 737 Athanasii

1860 766 2147 832 decessor;
2178 784 2485 837 quanquam
2525 769 2660 823 alias
2690 770 2825 824 adeo
2875 771 2926 824 in
2976 781 3090 825 tuto
3125 774 3299 841 posita
3335 789 3425 829 res

1858 866 1960 920 est,
1993 866 2051 912 ut
2078 858 2247 914 fulciri
2270 876 2373 915 non
2408 872 2563 933 egeat
2605 864 2924 918 auctoritate
2954 864 3204 920 Clironici
3233 866 3426 922 Orien-

1860 949 1999 1014 talis,
2027 966 2147 1019 quae
2178 968 2306 1009 sane
2338 965 2490 1008 extra
2531 971 2616 1011 res
2645 956 3042 1012 Muhamedicas
3078 958 3217 1011 haud
3241 958 3422 1028 magni

1859 1043 1949 1105 ﬁt,
2000 1044 2087 1098 ubi
2129 1059 2247 1098 cum
2299 1047 2688 1117 antiquioribus
2738 1066 2840 1104 non
2892 1050 3186 1115 convenit;
3232 1059 3423 1104 auctor

1857 1134 1998 1187 enim
2029 1142 2109 1189 est
2140 1150 2347 1201 recens,
2378 1139 2571 1208 quippe
2602 1141 2691 1209 qui
2721 1142 3001 1210 scripserit
3058 1141 3251 1211 llegira
3280 1141 3407 1209 655,

1862 1241 2052 1295 nempe
2102 1227 2165 1280 A.
2224 1227 2299 1289 D.
2330 1227 2486 1283 1957.
2528 1228 2790 1284 Caeterum
2842 1248 2942 1302 pro
2989 1234 3175 1287 eodem
3231 1247 3420 1288 mense

1866 1314 2003 1369 Maio
2047 1318 2327 1372 emortuali
2359 1319 2612 1373 invictum
2656 1332 3028 1390 argumentum
3071 1324 3420 1393 suppeditare

1859 1407 2127 1472 videntur,
2156 1422 2276 1477 qua:
2302 1408 2366 1461 de
2396 1407 2623 1463 Melania
2653 1410 2947 1465 retulimus.
2973 1411 3097 1465 Hice
3128 1412 3271 1466 enim
3299 1428 3420 1465 cum

1858 1498 2127 1567 ingruente
2147 1498 2263 1567 jam
2293 1498 2480 1563 hieme,
2511 1500 2612 1553 hoc
2661 1509 2744 1555 est
2786 1502 2929 1555 circa
2962 1501 3318 1575 Novenibre‘m
3346 1502 3417 1558 A.

1862 1590 1921 1644 ἰ).
1956 1591 2084 1656 571,
2117 1590 2391 1659 trajecerit
2425 1591 2477 1645 in
2508 1591 2819 1662 Egyptum,
2853 1592 3031 1661 ibique
3063 1592 3205 1649 intra
3238 1609 3414 1649 seme-

1860 1693 2026 1738 strem
2060 1697 2263 1737 moram
2308 1682 2460 1754 pellis
2487 1685 2661 1739 ovilia:
2705 1685 2774 1739 ab
2813 1685 3110 1741 Athanasio
3151 1685 3417 1741 morituro

1862 1775 2058 1828 donum
2132 1776 2434 1845 acceperit,
2512 1790 2847 1845 consequens
2915 1786 2996 1831 est
3060 1777 3419 1833 Athanasium

238 1854 321 1909 (les
353 1855 408 1908 Α·
447 1857 503 1910 D-
541 1857 660 1912 372
714 1856 951 1911 incidere
977 1856 1156 1910 debuit
1192 1857 1243 1909 in
1278 1855 1491 1910 Feriam
1525 1872 1604 1918 ιιι.
1634 1871 1755 1911 cur-
1786 1846 1834 1908 Β
1861 1865 2060 1921 obiisse
2088 1867 2226 1921 intra
2252 1867 2393 1921 illam
2428 1879 2741 1922 semestrem
2772 1884 3003 1933 moram,
3036 1885 3154 1939 quae
3203 1868 3422 1925 Junium

238 1948 427 2003 rentibus
460 1960 591 2003 tunc
634 1950 835 2004 litteris
871 1947 1283 2002 Dominicalibus
1321 1948 1387 2002 A.
1420 1946 1484 2002 G.
1512 1947 1628 2017 Ipso
1660 1963 1755 1999 au-

240 2046 315 2092 tem
338 2038 412 2092 die
437 2056 505 2095 vn
558 2040 832 2095 Bescinas
861 2048 1103 2093 sanctum
1134 2039 1413 2108 praesulem
1459 2038 1755 2093 decessisse

239 2130 355 2185 docet
379 2130 688 2187 Clironicon
725 2128 1016 2195 Orientale,
1052 2144 1114 2184 ex
1146 2131 1377 2184 Arabico
1409 2130 1461 2183 in
1501 2128 1751 2183 Latinum

238 2232 484 2274 sermonem
542 2222 877 2276 translatum
920 2220 987 2275 ab
1029 2218 1338 2274 Abrahamo
1388 2219 1752 2286 Ecchellensi,

238 2307 300 2362 ubi
340 2318 493 2365 tamen
542 2327 679 2383 pag.
739 2310 863 2375 117,
910 2324 1191 2382 perperam
1242 2310 1442 2379 legitur
1475 2311 1560 2365 die
1602 2310 1752 2365 lovis

236 2415 307 2468 pro
329 2402 398 2458 die
421 2403 641 2473 Martis,
680 2419 1040 2474 erroremque
1065 2405 1196 2461 satis
1223 2404 1453 2474 produnt
1476 2420 1564 2459 an.
1596 2421 1742 2473 stvr,

848 2746 1025 2860 DE
1115 2745 1587 2862 CULTU
1672 2746 1791 2859 S.

1860 1959 2071 2029 qui'dcm
2128 1976 2231 2013 non
2296 1961 2691 2026 transcendit;
2753 1976 2873 2014 nam
2941 1960 3304 2032 Hieronymus
3367 1964 3422 2017 in

1859 2054 2018 2121 epist.
2048 2053 2100 2117 l,
2129 2052 2260 2106 alias
2294 2052 2383 2117 41,
2426 2053 2611 2108 Media
2636 2053 2833 2122 fervore
2868 2054 3065 2109 tralatis
3088 2053 3333 2123 Ruﬁnum
3370 2064 3421 2110 et

1863 2132 2147 2197 Melanium
2203 2144 2257 2199 in
2314 2144 2547 2215 Egyplo
2614 2145 2786 2199 adhuc
2839 2160 2957 2199 esse
3002 2146 3243 2216 putabat,
3297 2160 3420 2203 cum

1864 2238 2041 2282 tamen
2068 2228 2286 2299 Egypti
2343 2230 2705 2299 confessores,‘
2737 2241 2783 2285 et
2822 2231 3080 2285 voluntate
3121 2231 3237 2300 jam
3276 2248 3419 2285 mar-

1863 2330 1996 2389 tyres
2052 2333 2177 2374 tunc
2222 2321 2583 2383 exsulassent,
2624 2337 2758 2391 quos
2802 2323 3062 2377 continuo
3106 2333 3222 2393 post
3257 2324 3421 2378 Atha-

1865 2412 2003 2465 nasii
2041 2413 2235 2466 obitum
2264 2412 2538 2468 exsulasse
2562 2413 2673 2483 jam
2704 2413 3075 2483 patefecimus.

1883 2748 2707 2865 ATHANASI].

602 2967 764 3041 (Acta
823 2966 1132 3023 Sanctorum
1174 2967 1457 3033 Bolland.,
1497 2966 1623 3021 Maii
1672 2968 1759 3023 die
1801 2966 1869 3028 2,
1923 2974 2052 3020 tom.
2105 2967 2159 3033 l,
2205 2985 2323 3040 pag.
2372 2970 2511 3033 248,
2575 2969 2703 3027 Vita:
2746 2971 3024 3028 Athanasii

1598 3074 1744 3112 num.
1782 3057 2066 3129 598-435.)

225 3346 363 3398 Annus
382 3356 424 3399 et
456 3345 569 3399 dies
608 3341 803 3396 mortis
847 3351 999 3415 atque
1045 3342 1213 3394 cultus
1250 3352 1266 3389 :
1302 3336 1437 3392 Vita:
1474 3344 1753 3415 scriptores
1782 3346 1823 3402 C
1859 3338 2129 3394 ratissima
2160 3336 2411 3392 habuisse
2442 3337 2714 3405 oportuit,
2757 3344 2939 3403 utpote
2983 3334 3221 3405 ejusdem
3272 3335 3416 3391 sedis

809 3414 1137 3481 posteriores.

272 3526 401 3593 Quod
448 3528 517 3582 ad
546 3540 755 3581 annum
788 3526 1053 3595 pertinet,
1104 3542 1209 3597 quo
1235 3541 1266 3583 e
1312 3527 1446 3582 vivis
1481 3526 1611 3582 abiit
1634 3540 1757 3581 san-

222 3626 312 3671 ctus
352 3619 576 3680 Doctor,
628 3632 754 3670 eum
813 3614 1080 3683 Socrates,
1138 3617 1407 3685 proximus
1452 3630 1566 3671 aevo
1619 3616 1757 3669 scri-

222 3717 331 3775 ptor,
360 3712 448 3766 lib.
473 3725 549 3776 tv,
576 3724 704 3775 cap.
738 3706 829 3771 16,
876 3715 1113 3762 notatum
1143 3707 1378 3778 reliquit,
1430 3726 1449 3758 ι
1499 3705 1757 3761 Gratiano

222 3814 249 3851 ιι
276 3812 319 3853 ει
346 3800 521 3854 Probo
562 3798 905 3862 consulibus,
945 3812 1063 3852 cum
1092 3798 1249 3853 annis
1283 3798 1637 3868 quadraginta
1663 3812 1756 3851 sex

222 3890 333 3946 inter
362 3894 526 3947 multa
553 3890 799 3959 pericula
828 3890 1193 3959 episcopatum
1243 3890 1692 3945 administrasset.
1730 3907 1748 3941 ι

224 3970 446 4039 Humilem
482 3981 831 4037 consulatum
856 4020 871 4043 ,
896 3979 985 4048 qui
1017 3995 1211 4035 annum
1266 3980 1361 4033 571
1395 3988 1565 4044 notat,
1604 3995 1756 4034 eum-

227 4074 417 4145 demque
440 4088 711 4129 annorum
739 4072 1067 4141 episcopatui
1090 4072 1448 4140 impensorum
1476 4085 1756 4125 numerum

224 4179 381 4222 notant
405 4176 599 4221 auctor
631 4165 769 4218 Vitae
795 4180 1093 4235 auonymus
1122 4174 1176 4217 et
1222 4163 1630 4232 Metaphrastes,
1659 4162 1758 4218 So-

224 4268 393 4312 cratem
441 4256 639 4312 secuti.
682 4254 971 4319 Baronius,
1006 4255 1071 4307 ad
1098 4269 1184 4308 an.
1218 4253 1284 4307 69
1309 4294 1325 4319 ,
1360 4270 1505 4308 num.
1542 4254 1630 4317 ‘56,
1684 4254 1757 4309 ita

224 4346 478 4417 loquitur:
527 4366 546 4399 ι
610 4346 876 4415 Tempora
930 4354 1281 4400 annumerata
1334 4361 1429 4415 per
1470 4345 1753 4409 consules,

225 4436 569 4493 libentioribus
604 4444 733 4489 sunt
770 4434 1079 4503 accipienda
1106 4434 1347 4502 auribus,
1396 4450 1516 4489 cum
1547 4436 1756 4490 caeteris

223 4529 295 4585 illa
319 4531 669 4602 frequentior,
717 4526 991 4582 liberalior
1043 4536 1097 4582 et
1123 4527 1301 4582 verior
1336 4536 1589 4583 noscatur
1635 4542 1757 4583 esse

221 4622 643 4694 chronographia,
678 4633 801 4689 qua:
843 4634 874 4674 a
913 4618 1067 4674 fastis
1095 4619 1318 4675 deducta
1347 4629 1428 4674 est
1458 4619 1754 4676 consulari-

1855 3432 2187 3501 episcopum,
2212 3429 2563 3498 quadraginta
2610 3444 2703 3482 sex
2733 3443 2901 3482 annos
2933 3428 3087 3500 (quos
3122 3427 3283 3482 etiam
3319 3430 3415 3482 lia-

1862 3524 1952 3579 bet
1992 3521 2266 3589 Socrates)
2306 3534 2507 3588 eosque
2555 3520 2793 3590 integros
2830 3520 3156 3575 Athanasius
3212 3520 3418 3576 sedisse

1856 3614 2188 3677 traditur;...
2224 3622 2435 3667 constat
2462 3620 2638 3665 autem
2674 3627 2813 3666 anno
2853 3613 3097 3681 sequenti
3126 3627 3153 3666 a
3186 3613 3416 3669 concilio

1856 3704 2071 3759 Nicreno
2105 3718 2296 3771 nempe
2328 3702 2533 3757 Domini
2577 3703 2679 3758 526
2718 3703 2881 3759 fuisse
2914 3713 3153 3759 creatum
3205 3706 3417 3773 episco-

1855 3810 1979 3865 pum
2009 3794 2448 3849 Alexandrinum.
2483 3812 2499 3846 ι

1923 3889 2107 3960 Cyrilli
2125 3888 2286 3943 verba
2310 3890 2362 3944 in
2384 3890 2605 3957 epistola
2632 3889 2655 3941 1
2686 3892 2751 3942 ad
2781 3889 3045 3943 solitarios
3062 3889 3308 3943 hazcsunt
3329 3888 3418 3944 z'O

1855 3981 1953 4050 τῆς
2018 3978 2260 4051 ἀοιδίμου
2324 3980 2542 4051 μνήμης
2600 3978 2785 4050 Πατὴρ
2840 3978 2994 4050 ἡμῶν
3062 3978 3417 4045 Ἀθανάσιος,

1855 4074 1953 4144 τῆς
2022 4072 2408 4145 Ἀλεξανδρέων
2476 4070 2795 4141 Ἐκκλησίας
2844 4072 3264 4141 κατακοσμήσεις
3328 4069 3419 4124 τὸν

1857 4166 2039 4238 Θρόνω
2089 4166 2171 4235 ἐφ’
2220 4164 2361 4226 ὅλοις
2406 4162 2579 4216 ἔτεσιν
2611 4164 3013 4235 τεσσαράκοντα.
3069 4164 3163 4215 καὶ
3218 4162 3277 4227 ἒξ
3326 4161 3418 4215 τὸν

1857 4256 2108 4328 ἀριθμόν.
2140 4255 2247 4311 Sed
2280 4270 2384 4309 non
2420 4254 2493 4307 ita
2521 4254 2667 4307 clara
2702 4256 2813 4307 haec
2856 4254 3015 4308 verba
3049 4263 3214 4319 sunt,
3243 4262 3301 4307 ut
3332 4268 3418 4308 se-

1860 4351 2095 4405 cundum
2125 4348 2324 4403 Grmcaz
2355 4345 2643 4401 locutionis
2671 4346 3049 4415 proprietatem
3080 4359 3253 4399 annos
3275 4345 3415 4399 inte-

1859 4458 1952 4515 gre
1973 4441 2265 4511 completos
2294 4440 2597 4508 designent,
2632 4449 2688 4493 et
2728 4455 2829 4493 non
2862 4438 3056 4493 salvari
3111 4438 3317 4508 possint
3350 4451 3417 4493 eo

1857 4550 2018 4592 sensu
2046 4574 2062 4599 ,
2094 4546 2199 4601 quo
2255 4529 2503 4595 Ruﬁnus,
2534 4528 2736 4599 Cyrillo
2766 4528 2965 4591 senior,
3012 4528 3146 4582 dixit
3181 4528 3417 4583 Athana-

1859 4628 1998 4683 sium
2047 4640 2067 4675 ι
2120 4621 2389 4693 quievisse
2428 4620 2481 4674 in
2535 4634 2667 4688 pace
2720 4619 3129 4688 quadragesimo
3181 4627 3235 4674 et
3260 4628 3416 4676 sexto

222 4716 321 4771 bus.
351 4691 507 4773 Certe
532 4714 754 4785 quidem
781 4726 900 4766 cum
926 4721 1105 4766 vetera
1150 4722 1497 4767 monumenta
1532 4712 1582 4765 in
1616 4713 1757 4767 anti-
1786 4691 1832 4747 Ῑ)
1862 4732 2002 4774 anno
2028 4691 2310 4769 sacerdotii
2348 4712 2431 4766 sui
2463 4729 2478 4766 :
2510 4731 2527 4763 ι
2560 4720 2613 4764 ει
2656 4710 2716 4763 τὸ
2748 4708 2913 4774 ὅλοις
2935 4749 2950 4773 ,
2998 4710 3210 4779 integris
3231 4750 3244 4775 ,
3291 4711 3418 4767 licet

224 4808 321 4873 quis
350 4804 704 4877 scriptoribus
763 4801 1031 4857 interdum
1089 4802 1390 4857 invenimus
1442 4802 1752 4857 consulibus

223 4910 321 4951 esse
349 4898 577 4965 signata,
612 4908 808 4965 magno
841 4890 1098 4947 aﬁicimur
1127 4894 1340 4963 gaudio,
1367 4894 1588 4961 perinde
1618 4909 1680 4949 ac
1703 4895 1749 4949 si

224 4987 266 5040 in
305 4988 531 5043 tenebris
560 4984 841 5041 oberranti
896 4982 978 5036 fax
1018 4984 1193 5051 aliqua
1239 4993 1489 5053 exoptata
1538 4986 1755 5055 praeful-

225 5092 340 5148 geat.
368 5099 386 5133 ι
420 5080 544 5134 ιιειιε
565 5079 677 5143 ille,
706 5075 799 5130 sed
831 5085 1009 5144 postea
1040 5116 1054 5139 ,
1086 5076 1165 5130 sui
1187 5076 1384 5130 oblitus
1410 5078 1536 5141 voti,
1572 5079 1757 5145 praela-

228 5179 313 5224 tani
341 5173 435 5226 sibi
468 5186 497 5224 a
528 5172 755 5225 Socrate
807 5168 972 5221 facem
1011 5170 1120 5235 ipse
1171 5170 1461 5238 exstinguit
1485 5210 1501 5237 ,
1534 5179 1755 5224 acturus

226 5262 278 5315 de
304 5263 355 5317 S.
381 5262 662 5318 Athanasii
698 5270 896 5325 morte;
928 5275 1150 5329 eamque
1202 5262 1253 5314 in
1281 5261 1423 5316 notis
1455 5263 1519 5315 ad
1553 5261 1752 5333 Marty-

222 5352 475 5423 rologium,
502 5372 521 5405 ι
556 5352 801 5408 Modesto
826 5360 880 5406 et
908 5351 1162 5405 Arintheo
1199 5367 1363 5417 coss.,
1389 5372 1407 5403 ι
1433 5369 1628 5409 annum
1647 5354 1752 5408 372

220 5446 504 5502 notantibus
534 5456 589 5501 et
620 5444 757 5513 apud
800 5442 1062 5496 neminem
1106 5444 1447 5514 antiquorum
1496 5445 1748 5511 inventis,

216 5536 396 5600 primus
446 5536 643 5606 signat.
678 5534 795 5600 Quo
846 5540 1023 5586 autem
1076 5544 1392 5603 argumento
1424 5552 1442 5585 ι
1483 5534 1751 5590 mendacii

215 5630 431 5693 arguitur
453 5627 709 5682 Socrates
734 5625 757 5679 ?
793 5643 811 5675 ι
830 5624 1005 5699 Quia,
1035 5624 1223 5694 inquit,
1249 5625 1314 5678 ad
1337 5639 1428 5677 an.
1450 5624 1576 5691 372,
1598 5641 1749 5679 num.

212 5716 289 5775 63,
326 5738 342 5769 ι
379 5735 439 5775 ex
466 5717 733 5783 sententia
781 5715 961 5785 Cyrilli
987 5755 1002 5781 ,
1030 5730 1184 5786 quem
1216 5717 1328 5776 lucc
1361 5717 1541 5772 omnia
1566 5718 1749 5789 esplo-

1860 4810 2105 4864 videatur
2139 4802 2348 4858 allicere
2373 4817 2557 4857 vocem
2586 4803 2769 4866 ἔτεσι,
2791 4803 2963 4868 annis,
2999 4802 3301 4859 immediate
3326 4819 3418 4861 se-

1858 4910 2233 4971 quentem;ex
2267 4906 2443 4951 mente
2468 4907 2639 4950 tamen
2666 4894 2929 4965 loquentis
2958 4896 3094 4949 trahi
3136 4905 3308 4963 potest
3346 4896 3416 4953 ad

1862 4990 2031 5043 solam
2052 4987 2409 5057 integritatem
2433 4985 2661 5049 numeri,
2692 4995 2749 5039 ut
2777 4984 2818 5039 si
2844 4986 3003 5049 dicat,
3034 4986 3185 5040 annis
3206 4987 3415 5040 omnino

1860 5082 2128 5150 sexaginta
2167 5095 2277 5143 sex,
2312 5079 2579 5149 quomodo
2624 5079 2896 5147 loquimur
2939 5080 3102 5132 etiam
3133 5095 3253 5133 cum
3289 5078 3414 5133 ulti-

1861 5188 1978 5227 mus
2009 5187 2110 5224 non
2144 5170 2296 5238 plene
2326 5171 2583 5225 decurSIIs
2607 5169 2856 5224 habetur.
2880 5168 3179 5224 ΓΙΙιιιιειιιυι·
3206 5179 3410 5234 autem,

1858 5279 1885 5316 a
1909 5264 1991 5316 die
2020 5260 2340 5316 lSJanuarii
2369 5262 2492 5314 anni
2525 5260 2649 5323 526,
2684 5247 2853 5331 usque
2889 5263 2954 5315 ad
2977 5260 3101 5313 anni
3133 5260 3230 5313 571
3267 5260 3412 5313 diem

1855 5355 1890 5408 2
1916 5355 2057 5420 Maii,
2088 5355 2210 5409 anni
2240 5354 2328 5417 45,
2364 5370 2572 5409 menses
2597 5355 2629 5409 5
2657 5364 2710 5409 ει
2743 5354 2856 5409 dies
2892 5352 2977 5406 16.
3022 5353 3224 5408 Grmcis
3248 5364 3407 5419 porro

1857 5446 2225 5518 IEgyptiisque
2246 5488 2260 5512 ,
2292 5461 2322 5500 a
2366 5447 2669 5515 Septembri
2708 5459 2891 5499 mense
2922 5458 3117 5497 annum
3152 5442 3409 5497 inchoan-

1857 5538 2000 5592 tibus
2022 5579 2037 5601 ,
2075 5539 2312 5606 adeoque
2346 5538 2399 5592 in
2430 5536 2604 5607 primo
2645 5534 2921 5588 Athanasii
2954 5534 3019 5585 ad
3067 5544 3409 5585 communem

1854 5645 2016 5685 teram
2050 5638 2229 5698 aptato
2254 5644 2466 5683 menses
2496 5627 2607 5682 fere
2639 5637 2782 5691 octo,
2806 5624 2855 5678 in
2886 5633 3157 5692 postremo
3197 5636 3411 5679 menses

1855 5738 2042 5779 rursus
2082 5730 2201 5777 octo
2230 5717 2647 5785 invenientibus,
2668 5724 2815 5772 tanto
2862 5714 2961 5769 fuit
3004 5713 3213 5769 facilius
3245 5715 3409 5772 utrin-
