4010 6524
609 384 743 451 cons

1954 392 2479 452 PROLEGOMENA.

609 527 713 581 qne
771 508 1119 579 incompletos
1169 526 1339 568 annos
1398 527 1685 568 numerare
1747 528 1844 583 pro
1898 514 2124 584 integris
2148 556 2164 582 ,
2194 522 2244 576 Α
2271 513 2655 587 scripseritque
2681 514 2987 582 Pr0terius,
3010 528 3118 571 non
3140 513 3269 586 quid
3294 514 3499 572 factum
3522 516 3676 573 siteo
3691 534 3827 578 anno

610 611 812 669 quanto
872 605 1049 658 minus
1117 604 1187 660 ad
1245 603 1626 675 plenitudinem
1692 607 1885 661 deesse
1944 605 2169 660 videba-

613 702 719 747 tur.

693 785 1035 856 l’heophanes
1060 803 1113 841 tn
1141 785 1567 855 Chronographia
1589 826 1606 853 ,
1640 786 1883 844 ultimum
1914 789 1972 844 8.
1994 789 2167 845 Αιιηο

613 878 748 932 nasii
782 894 981 933 annum
1012 894 1132 934 cum
1155 893 1294 934 anno
1320 879 1708 936 Alexandrina:
1736 897 1857 937 atra:
1889 882 1993 938 565
2019 898 2173 937 com-

612 984 819 1037 ponens
848 1009 862 1033 ,
894 971 1139 1026 eumdem
1191 986 1315 1025 cum
1368 987 1511 1029 anno
1546 975 1843 1031 communis
1891 989 2012 1029 aera:
2062 975 2167 1030 375

612 1058 923 1127 conjungit;
957 1075 1115 1130 quem
1145 1078 1342 1117 annum
1377 1066 1540 1120 etiam
1594 1064 1651 1121 S.
1698 1066 2057 1140 Hieronymus
2114 1067 2167 1121 in

612 1151 871 1207 Chronico
898 1154 1117 1209 ascribit
1140 1154 1292 1210 initio
1319 1156 1495 1224 Petri,
1525 1168 1646 1228 post
1669 1158 2023 1214 Athanasium
2080 1174 2173 1214 or-

611 1244 803 1309 dinati,
846 1254 899 1298 et
944 1248 1188 1301 eumdem
1223 1247 1483 1305 Labbaeus
1511 1259 1696 1305 noster
1738 1251 1972 1320 praefert,
2004 1259 2165 1320 atque

613 1335 1015 1390 indubitabilem
1063 1352 1182 1392 esse
1205 1340 1399 1404 credit,
1434 1348 1651 1409 propter
1680 1342 2053 1395 auctoritatem
2094 1340 2159 1395 S.

612 1426 859 1495 Proterii,
889 1429 979 1499 qui
1013 1439 1066 1483 et
1110 1430 1224 1499 ipse
1271 1435 1554 1501 episcopus
1594 1432 1991 1488 Alexandrinus
2044 1432 2166 1501 fuit,

610 1519 794 1585 paucis
828 1530 944 1590 post
976 1520 1033 1577 S.
1056 1521 1247 1592 Cyrilli
1284 1532 1509 1580 mortem
1553 1526 1709 1581 annis
1744 1526 1796 1579 iu
1832 1526 2003 1581 locum
2032 1527 2166 1581 Dio-

610 1610 1016 1680 scori,pr0pter
1047 1612 1292 1667 haeresim
1348 1614 1623 1683 depositi,
1671 1616 2017 1687 subrogatus.
2068 1619 2169 1673 Hic

611 1710 789 1755 autem
824 1716 911 1755 an.
945 1701 1050 1756 ιδι
1081 1703 1144 1756 ad
1183 1704 1243 1758 S.
1288 1704 1521 1760 Leonem
1554 1721 1744 1776 papam
1792 1710 2011 1780 scripsit
2054 1712 2169 1781 epi-

613 1792 804 1847 stolam
841 1794 907 1849 de
952 1794 1238 1861 Paschate,
1286 1812 1446 1867 quam
1477 1812 1543 1852 ex
1598 1814 1701 1855 ms.
1748 1811 2023 1871 acceptam
2058 1804 2164 1858 Bu-

613 1885 829 1940 clterius
862 1896 1045 1941 noster
1096 1887 1321 1943 inseruit
1359 1888 1424 1943 ad
1451 1890 1671 1947 Victorii
1711 1892 1982 1949 Canonem
2011 1896 2169 1950 Com-
2200 1863 2243 1918 Β

611 1981 875 2036 mentario
897 2022 912 2047 ,
946 1983 1032 2037 ubi
1068 1996 1188 2053 pag.
1217 1982 1285 2037 84
1315 1984 1395 2038 sic
1442 1984 1673 2056 legitur:
1711 2005 1730 2039 ‹
1757 1987 1814 2042 1η
1840 1991 2167 2060 octogesimo

610 2085 754 2126 anno
789 2075 857 2128 ab
893 2074 1117 2144 imperio
1152 2075 1490 2142 Diocletiani,
1520 2081 1810 2150 superstite
1847 2081 2019 2137 beatae
2054 2098 2168 2138 me-

609 2164 795 2221 moriae
845 2165 1002 2220 Patre
1046 2177 1235 2221 nostro
1283 2176 1332 2222 et
1382 2169 1636 2238 episcopo
1688 2171 1978 2229 Anastasio
2030 2175 2165 2245 (imo

608 2254 928 2326 Athanasio)
960 2272 1079 2311 cum
1128 2258 1194 2311 14
1239 2258 1363 2314 luna
1409 2259 1688 2316 Paschalis
1731 2263 1801 2318 28
1841 2265 1928 2319 die
1964 2268 2165 2323 mensis

608 2344 952 2411 Phaminoth,
982 2348 1033 2402 id
1066 2356 1182 2414 est,
1215 2364 1355 2405 nono
1390 2349 1752 2407 Kalendarum
1779 2353 2044 2425 Aprilium
2082 2358 2167 2412 die

607 2438 962 2506 provenisset,
991 2439 1074 2493 die
1103 2438 1409 2506 Dominico;
1441 2442 1492 2497 in
1536 2442 1949 2513 subsequentem
1986 2456 2164 2505 trans-

609 2529 774 2584 latum
828 2540 911 2585 est
967 2531 1338 2599 Dominicum,
1376 2533 1447 2587 ita
1502 2544 1563 2589 ut
1613 2537 1797 2605 quinta
1848 2538 1934 2593 die
1967 2542 2168 2597 mensis

607 2619 906 2686 Pharmoti,
939 2620 1041 2675 hoc
1065 2629 1147 2676 est
1174 2622 1347 2692 pridie
1374 2622 1745 2681 Kalendarum
1773 2628 2040 2699 Aprilium
2074 2645 2166 2686 ce-

608 2711 912 2767 lebraretur
939 2712 1145 2769 Pascha
1173 2713 1530 2772 Dominicum.
1566 2737 1585 2771 ι
1617 2716 1820 2776 Omnes
1844 2720 1936 2775 isti
1968 2720 2170 2776 chara-

608 2812 786 2858 cteres
818 2818 1015 2859 annum
1052 2807 1239 2873 procul
1267 2806 1428 2862 dubio
1462 2818 1650 2864 notant
1679 2810 1785 2865 5T5
1815 2828 1829 2865 :
1860 2826 1969 2882 quo
2000 2812 2045 2868 si
2072 2813 2167 2867 ad-

607 2893 713 2949 huc
742 2908 910 2963 usque
938 2896 1001 2950 ad
1031 2895 1226 2951 Maium
1256 2908 1349 2954 aut
1388 2901 1523 2954 ultra
1556 2902 1780 2958 vixisset
1807 2902 2164 2970 Athanasius,

606 2980 713 3051 iam
745 2999 850 3039 non
882 2985 1051 3040 solum
1076 2985 1146 3041 46
1185 2989 1375 3050 annis,
1406 2992 1499 3045 sed
1525 2991 1593 3045 47
1616 3002 1668 3046 et
1699 2993 1929 3062 amplius
1972 2995 2023 3048 in
2047 2995 2167 3061 epi-

606 3088 831 3145 scopatu
866 3077 1112 3146 explesse
1167 3078 1427 3137 dicendus
1476 3081 1614 3136 foret
1667 3103 1678 3136 :
1729 3084 1871 3153 quod
1922 3086 2163 3139 omnium

605 3169 830 3224 omnino
860 3180 1160 3235 auctorum,
1195 3171 1466 3242 ipsiusque
1495 3173 1840 3243 Theophanis
1875 3178 2160 3233 consensui

606 3271 965 3332 repugnaret;
1017 3264 1250 3320 maxime
1291 3277 1466 3320 autem
1510 3265 1744 3336 Cyrillo,
1771 3267 1861 3337 qui
1909 3284 2015 3322 non
2066 3270 2162 3325 de-

606 3352 1115 3410 buissetnumcrum
1160 3356 1484 3413 imminuere
1532 3373 1597 3412 eo
1626 3358 1766 3423 loco,
1800 3360 1887 3415 ubi
1934 3375 2000 3415 ex
2048 3360 2163 3430 ipsa

606 3459 869 3498 annorum
914 3447 1291 3515 multitudine,
1342 3449 1536 3518 quibus
1588 3449 1839 3505 Ecclesiae
1901 3452 2164 3521 prtefuit,

607 3536 889 3591 Athanasii
920 3541 1294 3594 auctoritatem
1325 3551 1613 3611 exaggerat
1639 3542 1691 3595 in
1734 3545 1957 3597 materia
2016 3545 2163 3609 fidei,

606 3628 748 3682 circa
800 3644 1007 3683 sacram
1058 3632 1371 3701 Virginem,
1424 3642 1482 3686 ut
1523 3648 1652 3689 vere
1700 3631 1981 3702 Deiparam
2014 3674 2031 3703 ,
2079 3646 2164 3692 te-

604 3722 816 3777 nenda}.

677 3811 827 3879 Quod
854 3825 1032 3869 autem
1062 3815 1127 3869 ad
1149 3816 1399 3887 zProterii
1427 3820 1800 3874 auctoritatem
1840 3821 2033 3877 attinet
2056 3864 2072 3888 ,
2097 3837 2163 3878 ea

605 3904 782 3972 major
814 3905 951 3960 foret
978 3907 1022 3961 si
1052 3908 1129 3961 vel
1166 3909 1338 3978 ipsum
1389 3911 1633 3966 Graecum
1678 3923 1885 3967 textum
1941 3914 2166 3969 habere-

605 4012 727 4052 mus
755 3998 1144 4069 'incorruptum
1171 4042 1186 4067 ,
1220 4002 1303 4058 vel
1356 4003 1542 4060 saltem
1572 4004 1818 4061 Latinam
1861 4009 2163 4063 versionem

603 4092 1036 4163 ex‘autograpbo
1060 4094 1373 4166 incorrupto
1401 4107 1677 4167 acceptam
1714 4118 1727 4155 :
1768 4116 1908 4155 nunc
1935 4115 2065 4155 vero
2099 4116 2163 4158 ea

606 4197 820 4253 reperta
849 4196 931 4240 est
964 4186 1015 4239 in
1051 4190 1423 4259 manuscripto
1465 4191 1586 4245 aliis
1629 4192 1876 4261 pluribus
1910 4194 2045 4249 locis
2084 4197 2164 4251 vi-

606 4276 760 4336 tioso,
804 4275 878 4329 ιιιί
913 4275 964 4328 in
992 4278 1231 4347 margine
1265 4287 1415 4332 notat
1452 4279 1745 4337 Bucherius
1770 4299 1785 4349 ;
1815 4299 1919 4336 non
1955 4294 2161 4339 tantum

604 4367 777 4435 ipsum
811 4367 993 4421 Sancti
1037 4384 1254 4434 nomen,
1288 4371 1382 4426 sed
1408 4380 1463 4426 et
1492 4388 1743 4427 numeros
1770 4389 2056 4441 annorum,
2077 4378 2163 4446 ju-

601 4459 732 4515 bens
792 4461 1093 4517 successive
1149 4465 1372 4536 corrigi,
1424 4475 1479 4519 et
1501 4480 1624 4535 pag.
1651 4466 1720 4521 85
1780 4481 1876 4535 pro
1904 4465 2011 4523 255
2058 4470 2159 4540 legi

2273 609 2546 678 superstite
2570 607 2889 675 Athanasio,
2930 609 3026 664 sed
3052 607 3178 677 quid
3208 622 3306 678 pro
3329 622 3395 666 eo
3416 624 3560 665 anno
3586 610 3830 681 aliquae-

2274 697 2362 751 diu
2385 707 2511 753 ante
2538 701 2609 754 sit
2635 699 2939 754 ordinatum
2980 698 3048 752 ab
3070 697 3260 753 eodem
3293 698 3541 765 vivente;
3570 715 3673 755 nec
3691 702 3828 757 enim

2275 788 2585 844 incredibile
2614 799 2697 845 est
2721 789 2860 859 quod
2889 788 3096 843 tabellae
3121 787 3431 855 Paschales,
3478 789 3555 844 uti
3582 804 3726 845 nunc
3766 790 3833 846 ad

2275 879 2471 935 multos
2508 894 2678 935 annos
2718 889 3112 949 consequenter
3148 887 3347 934 notatae
3398 879 3747 936 inveniuntur
3777 882 3829 936 in

2273 971 2661 1040 antiquissimis
2710 986 2839 1027 mss.
2870 970 3109 1039 Latinis,
3163 971 3243 1026 sic
3284 971 3447 1026 etiam
3498 971 3551 1026 in
3592 971 3827 1028 Ecclesia

2271 1060 2631 1115 Alexandrina
2665 1076 2762 1131 pro
2789 1062 3030 1131 pluribus
3054 1062 3209 1117 annis
3233 1060 3567 1117 haberentur
3585 1062 3827 1132 digesta.

2272 1153 2381 1208 Has
2410 1154 2569 1224 igitur
2597 1154 2775 1207 statim
2807 1163 2927 1223 post
2991 1152 3267 1209 Niczenum
3294 1154 3581 1210 concilium
3607 1194 3623 1219 ,
3656 1169 3686 1208 a
3731 1170 3831 1225 quo

2272 1245 2498 1314 quaestio
2518 1245 2585 1300 de
2624 1244 2828 1300 Pascha
2858 1246 3100 1302 discussa
3136 1245 3334 1312 fuerat,
3366 1246 3706 1301 renovandas
3739 1262 3831 1302 cu-

2273 1337 2473 1391 raverit
2501 1337 2864 1403 Athanasius;
2887 1347 3165 1392 et-rursum
3204 1338 3400 1392 iterum
3433 1348 3558 1393 ante
3585 1349 3831 1405 mortem,

2270 1429 2397 1484 dum
2430 1429 2674 1500 pacatior
2729 1429 2989 1484 Ecclesiae
3040 1429 3422 1485 Alexandrinae
3460 1438 3639 1484 status
3670 1430 3831 1484 otium

2271 1521 2534 1590 ejusmodi
2596 1521 2742 1576 curis
2811 1521 3061 1576 idoneum
3110 1521 3461 1592 suggerebat.
3526 1521 3833 1593 Hieronymi

2271 1613 2561 1668 Chronicon
2584 1613 2843 1681 scriptum
2879 1616 2944 1667 ab
2972 1628 3036 1668 eo
3069 1614 3353 1668 admodum
3380 1612 3599 1682 juvene,
3632 1614 3826 1669 utalibi

2270 1721 2409 1774 szepe
2440 1704 2493 1758 in
2516 1705 2825 1775 digerendis
2866 1719 2962 1773 per
2990 1720 3160 1759 annos
3195 1705 3379 1772 rebus,
3432 1706 3502 1760 ita
3537 1707 3625 1761 hic
3675 1708 3833 1761 etiam

2273 1797 2316 1851 si
2338 1797 2620 1861 erraverit,
2652 1797 2790 1851 sicut
2812 1805 2996 1866 postea
3036 1795 3241 1850 erravit
3271 1795 3654 1868 Theophanes,
3680 1813 3744 1853 ex
3767 1814 3834 1853 eo

2272 1888 2416 1958 quod
2450 1896 2590 1942 totos
2623 1887 2693 1942 46
2723 1902 2892 1943 annos
2914 1896 3137 1957 poneret
3164 1888 3303 1943 inter
3333 1903 3508 1943 annos
3537 1890 3834 1945 ordinatio-

2274 1980 2358 2036 nis
2397 1990 2451 2035 et
2484 1979 2697 2046 mortis,
2734 1995 2840 2034 non
2872 1978 3027 2035 valde
3071 1980 3230 2036 nobis
3255 1982 3555 2036 curandum
3582 1990 3687 2046 est,
3737 1996 3834 2038 nec

2272 2071 2539 2125 ullatenus
2580 2071 2914 2126 tolerandum
2946 2060 3021 2126 ut
3050 2081 3335 2143 propterea
3389 2073 3644 2130 consules
3685 2088 3835 2130 com-

2269 2171 2561 2217 mutentur.

2341 2254 2416 2308 De
2438 2252 2526 2307 die
2557 2253 2733 2309 minus
2758 2252 2972 2308 videtur
3002 2253 3377 2325 ambigendum
3400 2294 3415 2320 ,
3453 2254 3582 2323 quin
3608 2254 3832 2311 omnino

2271 2346 2434 2401 fuerit
2465 2346 2500 2400 2
2537 2344 2658 2400 Maii
2687 2363 2702 2401 :
2727 2347 2780 2400 in
2812 2345 2914 2401 hoc
2956 2345 3099 2400 enim
3154 2360 3340 2400 omnes
3372 2347 3595 2400 omnino
3628 2361 3834 2402 conve-

2271 2440 2424 2495 niunt
2483 2439 2605 2495 fasti
2643 2436 2905 2510 Egyptii,
2954 2436 3170 2505 Graeci,
3214 2436 3519 2507 Latinique.
3584 2437 3833 2510 Egyptii

2268 2531 2519 2599 quidem;
2554 2545 2676 2584 nam
2705 2530 2757 2584 in
2787 2544 2851 2584 eo
2875 2528 3253 2599 Martyrologio
3286 2529 3427 2598 quod
3461 2528 3651 2584 Romae
3695 2530 3831 2599 apud

2268 2616 2563 2672 Maronitas
2593 2626 2861 2681 servatur,
2897 2616 3157 2687 nobisque
3192 2616 3442 2671 Latinum
3484 2617 3619 2673 fecit
3647 2618 3832 2674 Gratia

2275 2711 2572 2777 Simonius,
2604 2710 2671 2765 ad
2706 2711 2743 2764 2
2788 2709 2908 2764 Maii
2950 2720 3165 2765 notatur
3200 2727 3218 2761 ι
3264 2709 3523 2765 Memoria
3551 2710 3611 2765 8.
3663 2712 3835 2766 Atha-

2270 2802 2405 2857 nasii
2436 2801 2637 2872 Magni,
2670 2820 2690 2856 ι
2726 2817 2850 2857 cum
2882 2803 2983 2857 hac
3004 2817 3096 2858 seu
3128 2803 3371 2858 oratione
3393 2817 3486 2857 seu
3508 2804 3828 2873 antiphona,

2274 2915 2293 2947 ι
2321 2895 2489 2951 Fuisti
2513 2895 2761 2951 columna
2796 2910 2937 2950 vera:
2967 2895 3227 2950 doctrinae
3262 2904 3315 2951 et
3344 2894 3627 2961 Ecclesiae,
3652 2896 3832 2953 divina

2269 2985 2629 3051 confessione,
2660 3000 2693 3041 ο
2738 2986 2977 3055 pontifex
3027 2984 3289 3041 Athanasi
3316 3025 3332 3049 ,
3359 2987 3488 3056 quia
3524 2987 3833 3058 praedicasti

2268 3077 2461 3132 Filium
2490 3077 2637 3133 Patri
2686 3093 2806 3134 esse
2850 3078 3360 3134 consubstantialem
3391 3121 3407 3146 ,
3439 3088 3495 3134 et
3539 3080 3832 3137 confudisti

2270 3169 2480 3237 Arium,
2508 3185 2541 3225 o
2570 3179 2755 3226 sancte
2783 3169 2963 3235 Pater,
2995 3184 3221 3239 precare
3262 3169 3544 3226 Christum
3578 3170 3748 3228 Deum
3774 3180 3834 3227 ut

2268 3262 2529 3316 concedat
2560 3261 2711 3316 nobis
2733 3275 2979 3330 magnam
3015 3259 3462 3315 misericordiam.
3490 3279 3510 3314 ›
3550 3261 3608 3316 ln
3632 3260 3834 3330 duplici

2268 3354 2430 3410 simili
2457 3352 2792 3424 Heortotogio
2815 3352 3049 3423 Coptica,
3070 3352 3301 3407 Arabice
3319 3352 3418 3422 (uti
3447 3363 3502 3407 et
3527 3352 3833 3409 Romanum

2269 3447 2418 3517 illud)
2456 3448 2680 3516 scripto,
2714 3445 2960 3501 similiter
2982 3444 3255 3500 invenitur
3287 3444 3353 3499 ad
3387 3444 3418 3498 7
3450 3445 3751 3514 Baschues,
3778 3446 3835 3501 id

2273 3552 2375 3601 est,
2409 3538 2472 3591 ad
2498 3538 2535 3591 2
2562 3536 2704 3591 Maii.
2739 3534 2817 3590 Ac
2839 3535 3069 3605 primum
3098 3535 3315 3606 quidem
3347 3535 3399 3590 in
3435 3550 3501 3592 eo
3525 3538 3673 3606 quod
3694 3538 3833 3607 apud

2270 3630 2595 3685 Abulaibsan
2625 3628 2866 3684 Achmed
2896 3627 3299 3684 Calcasendium
3318 3668 3334 3693 ,
3360 3628 3684 3700 scriptorem
3721 3628 3835 3684 Ma-

2272 3727 2618 3778 humetannm
2654 3721 3051 3791 perinsignem,
3101 3721 3369 3790 reperisse
3430 3735 3490 3777 se
3541 3736 3649 3777 ms.
3706 3721 3836 3777 dicit

2268 3814 2555 3876 Seldenus,
2577 3811 2667 3866 lib.
2693 3825 2764 3877 tv,
2796 3825 2916 3881 cap.
2939 3811 3025 3879 l5,
3058 3812 3130 3866 De
3175 3811 3434 3881 synedriis
3457 3810 3833 3881 Hebrworum,

2266 3906 2483 3961 Festum
2529 3904 2745 3970 Asasii,
2778 3919 3059 3974 perperam
3112 3904 3329 3959 indubie
3381 3906 3690 3974 scriptum,
3734 3923 3835 3979 pro

2265 3999 2564 4054 Athanasii.
2604 3996 2802 4051 lterum
2828 4011 2957 4050 vero
2980 3996 3117 4065 apud
3146 3996 3391 4051 eumdem
3424 3995 3722 4052 Seldcnum
3763 4013 3834 4055 ex

2266 4092 2425 4146 simili
2454 4090 2820 4159 manuscripto
2858 4088 2924 4142 ad
2953 4090 3156 4143 calcem
3194 4087 3615 4159 Evangelinrum
3643 4130 3660 4157 ,
3689 4107 3834 4147 anno

2267 4185 2403 4241 1268
2437 4193 2780 4255 exaratorum
2819 4181 3123 4251 descripto,
3168 4172 3351 4235 Saitcti
3382 4180 3667 4237 Athanasii
3714 4200 3732 4237 :
3777 4192 3835 4238 et

2265 4278 2481 4331 additur
2509 4276 2774 4342 apostoli,
2810 4289 2906 4343 pro
2943 4288 3048 4344 quo
3094 4273 3148 4327 in
3185 4272 3429 4327 Historia
3483 4274 3835 4343 patriarchali

2266 4368 2458 4421 melius
2493 4368 2709 4436 ponitur
2755 4370 3107 4435 cognomento
3157 4364 3468 4435 apostolici,
3515 4366 3661 4434 quod
3704 4380 3837 4421 sane

2265 4458 2478 4513 labores
2500 4456 2616 4526 ejus
2656 4472 2753 4527 pro
2791 4457 2894 4511 fide
2926 4466 3254 4511 meruerunt.
3291 4455 3594 4510 Notandum
3627 4466 3712 4512 est
3738 4472 3835 4512 au-

599 4552 722 4618 171,
757 4568 878 4621 pag.
912 4552 981 4608 86
1031 4570 1129 4624 pro
1180 4554 1284 4611 275
1322 4558 1484 4613 scribi
1546 4555 1676 4620 198,
1730 4569 1785 4612 et
1829 4574 1930 4627 pro
1954 4561 2039 4615 die
2088 4562 2158 4616 28
2192 4584 2234 4636 D
2269 4558 2373 4603 tem
2402 4548 2545 4618 quod
2591 4548 2643 4601 in
2682 4545 2826 4600 nullo
2862 4546 3085 4599 istorum
3118 4544 3469 4598 Arabicorum
3502 4545 3835 4615 scriptorum

603 4645 800 4701 mensis
832 4644 971 4700 diem
1002 4646 1091 4701 '50.
1138 4646 1279 4703 Sane
1314 4649 1365 4703 id
1403 4664 1599 4719 passus
1632 4650 1840 4703 videtur
1882 4650 2158 4707 Proterins

602 4750 696 4803 per
751 4737 1090 4794 librariorum
1140 4742 1461 4806 socordiam,
1492 4750 1584 4796 attt
1613 4742 1965 4813 interpretum
1999 4743 2158 4811 igno-

602 4828 829 4880 rantiam
857 4868 871 4892 ,
911 4832 1055 4898 quod
1087 4848 1153 4885 ne
1204 4833 1421 4888 sibimet
1473 4834 1573 4899 ipsi
1614 4842 1706 4887 aut
1756 4838 1871 4889 suis
1928 4835 2157 4890 notariis

600 4916 861 4978 eveniret,
905 4921 978 4972 ait
1002 4920 1053 4973 in
1097 4921 1223 4985 fine,
1258 4939 1275 4972 ί
1312 4923 1606 4977 transferre
1632 4924 1772 4977 hanc
1798 4923 2078 4993 epistolam
2104 4925 2158 4979 in

602 5004 807 5060 Latina:
846 5008 990 5063 vocis
1020 5010 1287 5078 eloquium
1325 5027 1427 5064 non
1461 5013 1594 5067 Satis
1642 5025 1851 5068 certum
1887 5028 2011 5068 esse
2052 5030 2154 5080 pu-

604 5097 862 5163 tavimus;
893 5112 957 5151 ne
995 5098 1131 5152 forte
1168 5101 1524 5163 Graecizantes
1553 5103 1695 5171 apud
1730 5118 1847 5170 vos,
1869 5117 1966 5158 nec
1991 5103 2152 5157 etiam

602 5188 840 5243 Valentes
870 5188 983 5244 haec
1020 5190 1299 5261 diligenter
1342 5194 1642 5262 exprimere
1670 5234 1685 5258 ,
1720 5194 1979 5248 laederent
2016 5195 2157 5248 veri-

604 5291 767 5335 tatem
837 5291 1059 5352 propter
1121 5282 1405 5340 informem
1469 5302 1771 5342 sermonem
1842 5298 2005 5356 atque
2067 5288 2156 5341 in-

600 5386 948 5437 congruum;
1003 5382 1059 5426 et
1108 5374 1197 5441 qui
1256 5374 1393 5430 forte
1457 5391 1559 5429 non
1620 5378 1689 5430 ita
1748 5378 1921 5446 possit
1978 5386 2157 5431 atten-

600 5463 789 5516 denter
837 5463 1178 5533 scienterque
1214 5468 1491 5521 transferri
1540 5478 1701 5538 atque
1746 5482 1909 5523 causa
1957 5482 2156 5538 posce-

601 5557 708 5609 bat.
754 5576 773 5609 ι

674 5647 807 5709 Quid
838 5647 1019 5715 igitur,
1051 5647 1096 5702 si
1121 5661 1186 5701 eo
1214 5647 1351 5713 loco,
1389 5649 1479 5703 ubi
1505 5649 1693 5704 Graece
1724 5649 2004 5717 legebatur
2025 5647 2155 5698 om.

600 5732 824 5800 ϐιόντος,
853 5737 1120 5801 defuncto,
1160 5739 1435 5807 scripserit
1465 5740 1549 5793 vel
1581 5740 1770 5810 legerit
1798 5738 1993 5807 aliquis
2029 5738 2155 5789 ἑπι-

600 5822 826 5891 moving,
857 5828 1165 5894 superstite?
1192 5830 1328 5896 Quid
1360 5832 1719 5887 sicxciderint
1748 5831 1906 5886 verba
1942 5830 2142 5901 aliqua,

2266 4642 2391 4698 alibi
2423 4642 2632 4711 uspiam
2668 4638 2929 4694 habeatur
2951 4653 3141 4692 nomen
3172 4637 3228 4691 8.
3272 4636 3556 4691 Athanasii
3595 4638 3703 4691 nisi
3732 4636 3837 4691 hoc

2260 4737 2295 4791 2
2323 4735 2469 4790 Maii.
2509 4733 2698 4787 Exstat
2739 4742 2912 4786 tamen
2948 4732 2999 4784 in
3032 4729 3287 4799 praedicto
3331 4727 3562 4796 collegio
3592 4727 3837 4782 Maroni-

2260 4831 2366 4883 tiro
2404 4826 2749 4882 Chaldaicqu
2810 4822 3192 4879 lalendarium
3220 4864 3235 4888 ,
3286 4838 3314 4874 a
3346 4820 3571 4876 Simone
3628 4821 3838 4893 Moysis

2260 4920 2525 4975 Maronita
2562 4916 2745 4971 ltalice
2799 4898 3179 4985 transc'riptum
3218 4956 3234 4978 ,
3264 4913 3350 4968 ubi
3384 4916 3449 4968 ad
3487 4916 3555 4971 18
3583 4915 3835 4972 Januarii

2262 5011 2522 5066 memoria
2550 5007 2607 5063 S.
2638 5007 2926 5061 Athanasii
2973 5006 3200 5059 iteratur
3228 5046 3243 5071 ,
3278 5006 3738 5075 quemadmodum
3778 5014 3839 5061 et

2261 5105 2312 5158 in
2361 5102 2612 5159 omnibus
2657 5114 2789 5155 mss.
2852 5098 3107 5164 Graecis;
3166 5098 3275 5153 nisi
3331 5100 3473 5166 quod
3522 5098 3644 5155 hac
3696 5114 3834 5155 con—

2253 5194 2482 5264 jungant
2542 5192 2718 5248 eidem
2782 5188 3091 5245 memoriam
3161 5188 3220 5243 8.
3281 5188 3510 5259 Cyrilli,
3570 5201 3633 5245 ut
3687 5192 3834 5247 dixi-

2259 5301 2396 5339 IDUS.

2332 5372 2566 5441 Denique
2593 5370 2649 5426 in
2681 5369 2923 5424 Historia
2964 5370 3387 5439 patriarcharum
3421 5370 3828 5442 Cophtitarnm,

2257 5478 2427 5533 usque
2478 5463 2546 5517 ad
2598 5478 2690 5517 an.
2742 5461 2881 5517 1258
2939 5462 3207 5527 deducta,
3262 5476 3423 5532 quam
3480 5463 3833 5519 Ahrahamus

2258 5557 2590 5612 Echellensis
2627 5556 2878 5619 Latinam
2912 5556 3038 5611 fecit
3074 5566 3130 5613 et
3155 5556 3417 5627 vulgavit,
3456 5559 3666 5614 dicitur
3686 5558 3833 5630 quod

2257 5648 2383 5700 ooiit
2426 5656 2637 5701 sanctus
2708 5648 3043 5716 patriarcha,
3104 5650 3320 5718 septima
3382 5649 3677 5714 Bescinas,
3740 5650 3835 5723 die

2256 5736 2429 5793 Jovis.
2479 5739 2626 5792 Diem
2678 5740 2897 5804 mensis,
2921 5753 2984 5793 ex
3016 5740 3410 5809 communibus,
3461 5743 3539 5797 uti
3562 5742 3829 5805 vidimus,

2256 5830 2591 5889 Kalendariis
2615 5841 2802 5887 auctor
2830 5832 3066 5903 accepit;
3115 5833 3303 5890 feriam
3332 5848 3398 5890 ex
3438 5847 3539 5890 suo
3570 5830 3830 5898 αλιθυιο,
