4010 6524
1352 358 1437 412 DE
1469 357 1699 414 CULTU
1744 358 1803 413 S.
1848 355 2247 411 ATHANASH.

3290 385 3437 428 DCI.“

184 475 368 531 nimium
397 490 578 545 quam
610 492 769 549 διαρρεῖ
802 478 1158 540 exorbitante,
1191 477 1393 531 addidit
1421 494 1436 530 :
1472 492 1593 530 nam
1619 493 1739 529 cum
1774 483 1820 537 Α
1850 476 2039 528 deatur
2072 477 2140 527 ab
2188 476 2308 529 aliis
2349 475 2399 530 in
2432 476 2581 532 Italia
2626 478 2889 537 Ecelesiis
2936 486 3246 556 exemplum
3277 506 3431 547 acce-

181 569 328 622 volens
390 568 664 637 integros
709 569 785 623 46
837 585 1004 623 annos
1050 569 1386 638 episcopatus
1418 584 1745 632 numerare,

181 670 383 713 nolaSset
434 675 663 714 anaum
692 676 821 715 aera:
859 661 1228 715 Alexandriam
1267 659 1409 722 564,
1456 661 1547 729 qui
1596 662 1750 714 nobis

178 762 287 805 esset
342 749 448 803 567
495 751 821 805 bissextilis
849 793 864 817 ,
906 761 1118 806 notatus
1163 751 1355 805 litteris
1396 751 1745 805 Dominicali-

178 844 251 893 lJIlS
273 843 303 892 Α
346 840 415 903 G,
445 843 751 896 secundus
796 841 917 895 Maii
950 841 1144 895 fuisset
1173 843 1286 896 dies
1319 841 1597 906 Mercurii;
1632 843 1747 895 dies

176 946 318 982 autem
360 928 521 984 Jovis
556 946 673 985 non
700 930 806 985 fuit
831 932 930 985 nisi
957 945 1095 984 anno
1133 932 1260 988 373.
1290 932 1405 999 Ipso
1432 942 1612 985 autem
1636 947 1744 1001 quo

174 1020 342 1072 oblisse
370 1023 662 1074 Sanctum
708 1021 944 1076 diximus
973 1038 1112 1076 anno
1143 1023 1259 1076 dies
1282 1022 1317 1074 2
1355 1021 1480 1076 Maii
1512 1037 1744 1077 concur-

175 1111 294 1161 rebat
323 1125 449 1162 cum
490 1109 668 1163 Feria
716 1111 755 1163 ‘2
800 1112 1163 1167 hebdomadas.
1196 1114 1302 1167 Sed
1352 1113 1586 1168 fortasse
1638 1129 1742 1169 non

174 1202 231 1253 ita
259 1211 522 1254 constans
557 1201 813 1273 Egyptii
848 1203 1149 1258 Kalentlarii
1182 1206 1318 1257 ratio
1351 1216 1465 1267 est,
1497 1215 1555 1257 ut
1586 1206 1746 1271 hujus

173 1307 354 1345 nienses
380 1296 591 1348 eodem
636 1309 861 1363 semper
891 1297 1049 1350 modo
1078 1306 1408 1350 concurrant
1449 1312 1571 1350 cum
1598 1295 1745 1349 Lati-

174 1384 237 1437 nis
266 1387 576 1448 mensibus,
616 1390 767 1453 quod
818 1386 939 1440 aliis
995 1388 1409 1441 examinandum
1453 1387 1738 1455 relinquo;

171 1491 305 1530 unum
350 1493 603 1539 moneo,
667 1492 736 1530 ne
796 1492 955 1543 quem
1022 1478 1256 1545 decipiat
1314 1478 1592 1531 Athanasii
1631 1479 1745 1545 epi-

172 1571 287 1635 scOpt‘
344 1569 726 1622 Alexandrini
786 1574 1019 1631 nomen,
1061 1570 1255 1623 alicubi
1302 1570 1545 1623 fortassis
1595 1570 1744 1624 inve-

171 1663 393 1715 nieadum
424 1662 498 1714 16
531 1671 633 1713 aut
670 1661 734 1713 l7
763 1659 1094 1729 Septembris
1121 1700 1137 1725 ,
1174 1660 1263 1729 qui
1321 1663 1646 1730 respondent
1672 1663 1743 1717 20

171 1763 210 1805 et
239 1752 291 1804 2|
342 1751 599 1820 Egyptii
643 1750 869 1804 Thoth:
922 1752 1009 1805 hic
1057 1752 1198 1804 enim
1240 1748 1393 1819 juxta
1431 1753 1739 1821 prazdictam

1861 566 2006 633 pisse
2037 565 2177 632 quod
2210 566 2530 622 imitaretur.

1929 656 2061 709 Vitae
2096 658 2421 725 scriptores,
2454 670 2559 714 tam
2612 660 2784 717 Graeci
2829 678 2992 733 quam
3034 665 3245 735 Latini,
3277 669 3425 724 lucro

1856 746 2005 799 multi
2036 764 2049 799 :
2079 750 2195 811 sed,
2236 748 2279 803 si
2308 748 2628 819 Gregorium
2673 751 3076 809 Nazianzenum
3100 760 3336 827 excipias
3365 771 3422 815 et

1852 846 2011 890 aetate
2064 839 2338 907 proximos
2379 840 2756 898 ecclesiasticae
2803 846 3039 903 historiae
3096 850 3411 917 scriptores.

1854 942 1995 996 saepe
2027 929 2078 982 in
2107 929 2206 985 hoc
2231 936 2618 989 commentario
2640 937 2853 997 citatos.
2892 954 3050 992 nemo
3079 940 3279 1009 aliquid
3303 942 3416 993 edi-

1853 1020 1933 1074 dit
1968 1021 2108 1089 quod
2145 1022 2268 1077 huic
2320 1024 2469 1091 operi
2527 1027 2688 1081 inseri
2734 1041 3027 1086 mereatur.
3075 1031 3223 1086 Inter
3253 1047 3415 1099 Opera

1850 1122 2030 1166 exstat
2053 1113 2241 1182 duplex
2270 1114 2476 1179 Graeca,
2502 1117 2665 1172 altera
2685 1122 2923 1175 auctoris
2957 1125 3229 1193 anonytni,
3252 1140 3412 1193 quam

1852 1217 1987 1256 nova
2023 1203 2313 1259 Latinitate
2345 1209 2756 1274 donaveramus,
2788 1212 3096 1280 priusquam
3133 1213 3249 1281 ejus
3286 1217 3415 1269 vitia

1852 1293 2176 1348 haberemus
2205 1305 2479 1364 comperta
2502 1315 2515 1362 ;
2547 1298 2716 1352 altera
2743 1302 2857 1354 solo
2873 1301 2987 1356 fere
3014 1306 3155 1374 stylo
3175 1308 3405 1372 politiori

1847 1382 2102 1437 differens
2131 1400 2159 1437 a
2208 1386 2408 1453 priori,
2437 1388 2688 1455 editaque
2719 1390 2819 1443 sub
2852 1394 3067 1448 nomine
3100 1394 3407 1463 Metaphra-

1846 1475 1949 1529 stis
1979 1493 1995 1529 :
2024 1476 2234 1529 tertiam
2270 1477 2321 1530 in
2366 1477 2690 1535 Bibliotheca
2733 1486 2989 1538 describit
3020 1486 3242 1540 Pbotius
3264 1526 3281 1550 ,
3310 1489 3411 1541 ali-

1846 1576 2045 1634 quanto
2087 1568 2507 1623 contractiorem
2544 1572 2850 1639 prioribus;
2897 1583 2953 1628 et
2995 1590 3182 1630 omnes
3216 1577 3407 1632 iisdem

1846 1658 2088 1713 laborant
2114 1658 2435 1727 defectibus,
2456 1675 2591 1729 quos
2615 1664 2775 1717 etiam
2808 1680 2892 1718 me
2918 1675 3132 1721 tacente
3165 1669 3413 1722 curiosus

1850 1750 2017 1805 lector
2044 1750 2198 1807 facile
2237 1767 2333 1821 per
2356 1768 2415 1807 se
2438 1765 2747 1826 cognoscet,
2786 1766 3073 1827 postquam
3106 1759 3246 1813 hunc
3265 1776 3412 1814 com-

172 1842 438 1896 Historiam
495 1851 588 1896 est
653 1843 797 1895 alius
832 1844 948 1910 plus
988 1858 1147 1911 quam
1188 1854 1403 1897 centum
1452 1846 1609 1899 annis
1647 1862 1742 1913 po-
1778 1827 1819 1885 Β
1849 1840 2172 1894 tnentarium
2207 1842 2416 1912 legerit.

172 1936 357 1994 steriur,
393 1934 547 1986 sicut
586 1949 756 2002 supra
789 1936 1021 1987 diximus
1044 1974 1058 1997 ,
1094 1944 1148 1988 et
1175 1946 1428 2005 tanquam
1464 1936 1741 1991 hereticus

171 2036 358 2077 natatur
389 2025 444 2077 in
486 2025 551 2079 S.
588 2024 887 2095 Nicephori
922 2026 1294 2095 Chronologia.

223 2114 381 2169 Graeci
433 2117 489 2168 in
536 2116 762 2183 gemino
793 2106 986 2170 cultus
1012 2117 1098 2170 die
1141 2119 1467 2174 convetiunt
1494 2133 1511 2172 :
1536 2130 1591 2173 et
1624 2121 1744 2188 qui-

169 2204 265 2260 dem
292 2223 386 2276 pro
417 2208 485 2261 {8
519 2206 778 2261 Januarii
816 2208 1009 2278 allegat
1061 2209 1321 2264 Baronius
1369 2212 1422 2265 in
1471 2210 1626 2265 Notis
1678 2232 1741 2264 at.

170 2297 599 2369 Martyrologium
653 2300 1019 2353 Emmanuclis
1077 2302 1422 2370 imperatoris
1476 2304 1743 2357 constitu-

171 2390 382 2453 tionem;
412 2392 643 2458 quando
671 2392 842 2443 etiam
886 2392 935 2442 in
961 2390 1177 2445 Mcttzeis
1210 2394 1564 2447 inveniuntur
1599 2397 1738 2459 odae,

171 2483 223 2532 ab
247 2482 306 2533 iis
334 2499 456 2549 qua:
480 2482 519 2533 Ε).
554 2480 680 2534 Maii
712 2482 1142 2550 praescribuntur
1166 2484 1410 2549 diversae,
1450 2483 1551 2538 sub
1580 2499 1737 2539 aero-

169 2574 320 2627 sticho
350 2574 444 2626 tali
478 2592 493 2627 :

370 2664 699 2728 ‘AOava'tsto;
724 2662 883 2737 εὖχος
912 2666 1216 2736 ὀρθοδοξίας
1264 2667 1388 2737 ἔφυ.

359 2754 539 2807 Decus
571 2756 907 2810 Athanasius
948 2758 1273 2811 ortlwdoxt'tc
1298 2759 1420 2825 fuit.

170 2844 339 2900 Sintne
370 2861 453 2900 ea:
504 2847 630 2901 odae
671 2846 733 2903 S.
763 2847 1020 2903 Germani
1054 2849 1379 2918 patriarchae
1425 2849 1740 2906 Constanti-

169 2940 446 3005 nopolitani
480 2954 644 3008 Opus,
675 2941 834 3009 cujus
877 2941 979 2992 alia
1022 2952 1144 2994 sunt
1183 2940 1479 3005 Sticharia,
1510 2944 1674 2998 etiam
1704 2943 1740 2998 2

169 3029 276 3082 blaii
306 3032 673 3097 recurrentia,
710 3048 817 3085 non
865 3041 949 3085 est
981 3031 1138 3085 facile
1162 3033 1390 3087 delinire
1425 3051 1438 3087 :
1468 3048 1586 3103 qua:
1624 3035 1738 3102 ipso

1914 1930 2192 2003 Praecipua
2223 1942 2367 1998 sunt,
2410 1937 2550 2003 quod
2582 1936 2648 1991 ad
2676 1936 3038 1993 Alexandrum
3081 1947 3133 1993 et
3168 1940 3411 1992 Athana-

1841 2025 1982 2077 sium
2026 2025 2179 2079 datas
2227 2026 2408 2081 dicant
2435 2026 2773 2081 Constantini
2814 2029 2994 2097 Magni
3054 2029 3262 2084 litteras
3311 2046 3411 2099 pro

1841 2115 1993 2180 Ario,
2039 2129 2158 2182 quae
2204 2115 2420 2172 fuerunt
2466 2118 2778 2173 Alexandro
2801 2128 2855 2174 et
2884 2123 3015 2175 Ario
3046 2124 3411 2178 communiter

1842 2207 2076 2275 seriptm,
2100 2208 2305 2277 absque
2336 2207 2441 2262 ulla
2488 2210 2771 2264 Athanasii
2807 2211 3101 2266 mentione.
3155 2211 3407 2266 Secundo

1842 2300 1981 2367 quod
2009 2302 2317 2365 Arsenium,
2353 2303 2419 2355 de
2442 2302 2592 2371 cujus
2616 2304 2765 2357 caede
2790 2316 3075 2357 accusatus
3108 2304 3209 2357 fuit
3237 2306 3408 2359 Atha-

1844 2391 2052 2454 nasius,
2090 2401 2144 2446 et
2175 2408 2335 2460 quem
2384 2394 2474 2448 hic
2519 2393 2717 2462 pluries
2768 2396 3076 2465 episcopum
3123 2398 3405 2462 nominat,

1847 2482 1981 2537 Vitae
2024 2483 2138 2537 ista;
2182 2484 2385 2538 faciant
2440 2485 2696 2540 lectorem
2752 2488 3212 2551 Alexandrinum,
3261 2500 3407 2542 metu

1845 2577 2279 2631 commeritarum
2309 2576 2378 2631 ob
2409 2578 2711 2646 pudendum
2740 2579 2955 2647 aliquod
2976 2578 3197 2633 facinus
3221 2593 3409 2649 pcena-

1844 2682 1959 2721 rum
1988 2668 2055 2722 ab
2084 2668 2380 2724 Athanasio
2410 2669 2717 2740 profugum.
2750 2670 2936 2725 Tertio
2978 2674 3117 2740 quod
3152 2688 3251 2742 pro
3280 2686 3409 2727 con-

1843 2758 2092 2814 ciliabulo
2130 2762 2484 2829 Antiocheno,
2523 2773 2712 2817 contra
2738 2765 3097 2818 Athanasium
3143 2782 3209 2820 ex
3256 2782 3408 2819 Inan-

1838 2851 1968 2906 dato
1994 2850 2294 2908 Constantii
2328 2865 2535 2920 coacto,
2579 2856 2836 2910 inducant
2886 2857 3181 2911 secundum
3234 2857 3411 2925 quod-

1840 2944 1963 2998 dam
2006 2944 2419 2998 conciliabulum
2472 2945 2744 3016 Tyrium;
2791 2947 2857 3002 de
2906 2962 3012 3015 quo
3060 2962 3123 3000 ea
3182 2955 3410 3000 narrant

1839 3035 2019 3090 omnia
2051 3050 2171 3104 qua:
2192 3037 2291 3090 sub
2321 3035 2639 3091 Constantio
2684 3037 2812 3108 Tyri
2858 3048 2973 3090 acta
3020 3044 3163 3092 sunt.
3198 3037 3407 3103 Quarto

165 3122 196 3174 Ξ
230 3122 342 3177 Maii
405 3126 844 3193 przescribuntur
906 3124 1032 3177 nulli
1086 3126 1395 3180 acrosticho
1441 3126 1808 3221 illigantur,c
1841 3126 1981 3196 quod
2044 3136 2269 3180 narrent
2323 3128 2681 3182 Athanasium
2730 3129 2851 3182 istic
2903 3131 3241 3193 damnatum,
3308 3143 3406 3183 sex

166 3226 313 3283 atque
346 3219 485 3269 adeo
516 3218 852 3270 vetustiores
888 3216 1137 3270 videntur
1160 3216 1225 3272 iis
1249 3233 1368 3287 quae
1401 3219 1452 3272 in
1483 3217 1737 3275 Januario

166 3308 486 3365 recitantur;
525 3316 582 3359 ut
621 3307 937 3361 verosimile
968 3309 1037 3360 sit
1072 3308 1221 3375 prius
1270 3308 1464 3363 festum
1502 3310 1555 3363 in
1582 3312 1731 3364 Con-

166 3399 641 3467 stantinopolitana
680 3399 925 3452 Ecclesia
979 3399 1151 3453 serius
1197 3398 1364 3454 fuisse
1418 3414 1727 3469 receptum,

164 3491 367 3553 quando
396 3490 613 3544 scilicet
649 3490 994 3544 communior
1031 3486 1195 3558 coipit
1233 3504 1357 3545 esse
1401 3493 1733 3549 acrosticbo—

164 3591 270 3630 rum
293 3596 422 3634 usus
447 3582 513 3633 ad
541 3582 675 3634 odas
696 3580 967 3647 ejusmodi
994 3583 1417 3651 componendas.

222 3667 366 3723 lntcr
406 3671 664 3734 Latinos,
690 3673 783 3741 qui
816 3674 874 3727 S.
910 3672 1195 3726 Athanasii
1235 3688 1429 3727 nomen
1467 3675 1638 3729 sacris
1660 3675 1737 3728 fa-

163 3760 250 3813 stis
281 3764 347 3813 atl
371 3762 409 3814 9.
448 3762 570 3815 Maii
620 3765 949 3831 inscripsere
969 3803 984 3826 ,
1011 3764 1241 3831 primum
1294 3764 1469 3818 locum
1497 3766 1594 3820 sibi
1624 3769 1737 3821 vin-

163 3850 295 3903 dicat
338 3850 517 3914 Beda;
556 3866 662 3905 non
692 3851 1070 3920 supposititius
1100 3851 1207 3916 ille,
1245 3865 1403 3919 quem
1430 3852 1602 3905 solum
1638 3868 1735 3905 no-

159 3941 231 3992 vit
261 3944 506 4012 viditque
540 3944 847 4008 Baronius;
901 3942 990 3996 sed
1026 3944 1288 4010 genuinus
1315 3984 1330 4007 ,
1368 3943 1575 4011 qualem
1608 3955 1734 4000 ante

165 4042 355 4086 tomum
391 4034 431 4087 ll
464 4034 643 4087 Martii
664 4035 1072 4094 dedimus,cmu
1098 4033 1179 4087 his
1205 4034 1404 4099 verbis,
1428 4052 1450 4084 ‹
1477 4050 1530 4088 tv
1556 4020 1735 4090 Nonas

164 4122 318 4189 Maii,
370 4127 548 4180 sancti
605 4126 786 4179 Patris
848 4126 1017 4178 nostri
1058 4124 1339 4178 Athanasii
1386 4126 1736 4182 Alexandrini

161 4216 423 4283 episcopi;
470 4236 489 4267 ι
531 4218 675 4284 quod
702 4215 963 4270 Babanus
1004 4216 1364 4285 transcripsit.
1398 4214 1590 4272 Florus
1643 4218 1737 4271 ad-

162 4304 288 4359 didit
313 4325 333 4357 ‹
359 4306 673 4372 orthodoxi,
700 4306 796 4375 qui
829 4321 925 4375 pro
952 4306 1150 4360 Christi
1180 4306 1284 4360 ﬁde
1312 4309 1478 4360 multa
1510 4321 1733 4377 perpes-

163 4411 245 4451 sus
266 4408 368 4453 est.
418 4419 436 4451 ι
477 4399 665 4464 Plura,
690 4409 747 4453 et
776 4399 891 4451 fere
919 4414 985 4451 ex
1021 4396 1212 4452 Rulino
1241 4409 1474 4466 sumpta,
1506 4398 1733 4467 subjun-

1840 3219 1994 3273 annis
2040 3218 2262 3273 latuisse
2305 3219 2356 3273 in
2416 3219 2597 3283 fovea,
2659 3222 2968 3289 priusquam
3024 3221 3075 3274 in
3127 3221 3400 3289 Europam

1842 3312 2094 3367 transiret
2137 3312 2204 3365 ad
2248 3312 2447 3367 Julium
2494 3321 2549 3367 et
2596 3312 2944 3368 Constantem
2980 3328 2997 3375 ;
3059 3328 3179 3367 cum
3224 3322 3404 3366 tamen

1838 3401 2066 3457 Romam
2119 3404 2311 3458 adierit
2364 3403 2597 3459 Sanctus
2648 3403 2867 3459 interim
2915 3406 3040 3460 dum
3099 3414 3288 3459 contra
3338 3418 3399 3458 se

1839 3497 2217 3564 conspirarent
2246 3493 2543 3549 adversarii
2568 3510 2584 3561 ;
2621 3502 2782 3565 atque
2808 3494 2935 3550 illuc
2964 3494 3182 3549 redierit
3213 3497 3402 3547 eodem

1839 3603 2002 3651 anno,
2028 3601 2183 3655 opem
2219 3588 2605 3656 imploraturos
2633 3588 2895 3642 adversus
2943 3587 3265 3656 Gregorium
3294 3601 3406 3641 sua:

1837 3680 1981 3732 sedis
2033 3679 2338 3732 invasorem
2389 3687 2443 3732 et
2478 3678 2661 3747 iniqua
2703 3678 3025 3732 Arianorum
3059 3677 3303 3746 judicia:
3349 3686 3405 3732 et

1839 3770 2091 3837 deinceps
2141 3771 2337 3824 mansit
2381 3769 2434 3823 in
2460 3768 2793 3835 ,Oeeidente.
2838 3771 3036 3836 Quinto
3094 3771 3234 3838 quod
3282 3777 3405 3836 post

1838 3860 2267 3914 conciliabulum
2298 3860 2703 3917 Mediolanense
2744 3864 2940 3917 iterum
2971 3864 3038 3917 ad
3081 3864 3399 3918 sexenniqu

1841 3952 2169 4006 concludant
2198 3954 2555 4009 Athanasium
2582 3970 2703 4009 cum
2733 3957 2943 4024 virgine
2972 3971 3149 4021 sacra,
3189 3956 3404 4025 quando

1840 4055 1961 4095 eum
2001 4052 2217 4097 constat
2243 4043 2294 4097 in
2317 4060 2501 4099 eremo
2538 4046 2677 4114 apud
2704 4047 2995 4101 monachos
3023 4046 3321 4103 delituisse.

1902 4133 2096 4187 Latina
2146 4134 2453 4205 legendaria
2514 4139 2732 4206 antiqua
2782 4138 2833 4191 in
2872 4153 3219 4209 pergameno,
3264 4139 3406 4196 refe-

1840 4224 2009 4278 rentia
2042 4224 2098 4278 S.
2129 4226 2409 4280 Athanasii
2442 4226 2639 4291 Vitam,
2664 4228 2922 4284 habemus
2952 4231 3219 4299 quadam,
3247 4234 3400 4301 plura

1838 4315 2101 4382 vidimus;
2127 4317 2256 4384 quin
2289 4327 2340 4371 et
2382 4318 2661 4372 transcribi
2692 4319 2915 4374 fecimus
2942 4320 3145 4389 aliqua,
3165 4323 3399 4390 primum

1840 4420 1904 4460 ex
1939 4422 2039 4461 ms.
2069 4406 2426 4477 Ultrajectino
2454 4407 2513 4462 S.
2542 4409 2857 4473 Salvatoris,
2894 4411 3086 4465 deinde
3117 4426 3182 4464 ex
3214 4414 3403 4467 codice

163 4500 286 4557 gnat
314 4493 435 4545 Atlo
470 4498 525 4545 et
552 4490 845 4544 Notkerus.
871 4487 1079 4542 Medius
1118 4489 1260 4542 inter
1287 4490 1478 4543 horum
1506 4490 1729 4559 prolixi-
1764 4521 1808 4575 ι)
1842 4497 1942 4551 145
1982 4497 2326 4553 Cassinensis
2356 4499 2697 4553 bibliothecae
2734 4498 3155 4568 Longohardicis
3204 4500 3400 4556 litteris

162 4588 317 4634 tatem
358 4591 416 4637 et
460 4584 789 4636 brevitatem
828 4581 982 4634 Beda:
1012 4581 1212 4636 incedit
1239 4580 1534 4647 Usuardus,
1582 4583 1733 4649 cujus

162 4673 391 4741 phrasim
428 4675 481 4728 in
519 4676 788 4728 hodierno
848 4672 1094 4727 Romano
1121 4673 1503 4744 Martyrologio
1529 4676 1736 4728 modice

160 4776 360 4819 auctam
405 4766 816 4835 expolitamque
862 4748 1157 4828 habemus,
1202 4774 1487 4835 postquam
1538 4764 1665 4819 Pius
1692 4766 1735 4820 V

162 4869 329 4911 annue
363 4858 432 4911 de
457 4872 525 4912 eo
567 4859 844 4925 agendum
897 4853 1128 4908 oﬂicium
1176 4857 1275 4909 sub
1338 4856 1441 4910 ritu
1503 4855 1733 4926 duplicis

161 4950 423 5002 ordinavit
456 4967 471 5002 :
508 4950 654 5017 quod
684 4956 849 4999 antea
893 4946 992 4999 sub
1027 4946 1128 4997 ritu
1172 4946 1431 5015 simplicis
1466 4949 1732 5016 agentium

159 5043 267 5103 quis
289 5042 498 5107 primus
540 5038 854 5094 decreverit
888 5037 1028 5090 haud
1056 5039 1127 5091 ita
1163 5039 1346 5107 liquet.
1380 5040 1659 5094 Gavantus
1680 5040 1731 5093 in

160 5132 398 5185 rubricas
438 5133 699 5186 Breviarii
732 5138 869 5184 sect.
906 5129 959 5193 7,
987 5145 1108 5198 cap.
1150 5131 1208 5193 7,
1241 5131 1319 5185 sic
1360 5131 1636 5185 invenisse
1657 5133 1733 5184 ait

159 5222 202 5269 in
234 5221 511 5276 Breviario
556 5223 683 5276 anni
726 5221 870 5276 1550
900 5234 916 5273 :
948 5222 1038 5274 sed
1073 5222 1235 5274 multo
1276 5231 1400 5275 ante
1440 5222 1733 5277 cardinalis

160 5307 507 5379 Quigtmnius,
543 5316 596 5368 in
642 5330 747 5368 suo
794 5328 896 5381 per
924 5311 1143 5364 Paulum
1179 5313 1238 5365 Ill
1263 5314 1558 5381 approbato
1604 5314 1733 5369 Bre-

160 5402 343 5466 Viario,
366 5404 603 5459 olﬁcium
635 5405 703 5457 de
728 5404 1027 5456 Athanasio
1063 5403 1394 5455 recitandum
1427 5405 1727 5473 proposuit,

160 5502 210 5542 et
244 5510 435 5550 nomen
461 5499 791 5565 inscriptum
828 5494 1169 5548 Kalentlariis
1204 5496 1486 5562 reperitur.
1512 5496 1731 5549 Brevia-

160 5582 294 5637 rinm
340 5604 555 5659 quoque
606 5590 936 5657 Capuanum
985 5586 1107 5639 anni
1152 5585 1285 5639 H99
1320 5584 1550 5641 ofﬁcium
1592 5587 1727 5640 sim-

157 5671 270 5738 plex
305 5693 423 5733 cum
457 5684 635 5734 tribus
681 5676 926 5748 propriis
962 5676 1277 5730 lectionibus
1310 5677 1470 5729 habet
1501 5717 1516 5738 ,
1571 5686 1628 5728 ut
1676 5680 1727 5730 in

158 5760 254 5819 hoc
299 5768 498 5826 Sancto
543 5772 789 5826 colendo
828 5766 1066 5822 Romana
1106 5767 1337 5822 Ecclesia
1392 5770 1613 5823 omnino
1643 5768 1722 5822 vi-

390 5865 671 5925 Paraoc.
727 5865 847 5924 Gn.
901 5859 1125 5943 Χχνη

1838 4594 2084 4638 exorato.
2119 4585 2255 4639 Sunt
2286 4596 2464 4639 autem
2499 4587 2678 4640 omnia
2714 4581 2826 4641 fere
2856 4604 2920 4643 ex
2951 4588 3147 4643 Rufino
3175 4591 3400 4648 collecta

1838 4692 1901 4729 ac
1943 4672 2085 4743 stepe
2134 4677 2321 4730 iisdem
2359 4678 2515 4745 plane
2538 4679 2717 4733 verbis
2769 4689 2931 4746 atque
2959 4695 3055 4748 pro
3083 4695 3262 4735 rerum
3332 4686 3400 4738 ab

1837 4768 2135 4821 Athanasio
2168 4777 2443 4836 gestarum
2472 4777 2525 4823 et
2550 4770 2899 4824 toleratarum
2935 4772 3290 4840 amplitudine
3322 4776 3403 4828 ni-

1840 4860 1941 4914 mis
1973 4859 2213 4930 profeeto
2244 4871 2415 4915 arcta.
2448 4861 2787 4916 Recentioris
2831 4873 3008 4917 autem
3043 4867 3405 4934 compositio—

1840 4950 1921 5004 nis
1942 4960 2027 5004 est
2061 4951 2313 5019 primum,
2350 4967 2509 5020 quam
2542 4961 2599 5005 ut
2624 4953 2954 5007 considerari
2985 4964 3279 5009 mereatur.
3304 4958 3406 5011 (2a-

1837 5040 2055 5094 sinense
2114 5042 2165 5094 in
2215 5050 2324 5095 tres
2366 5041 2627 5096 lectiones
2676 5043 2754 5096 sic
2805 5044 3164 5105 dividebatur,
3207 5055 3264 5097 ut
3296 5054 3405 5098 tota

1838 5130 1957 5183 Vita
1978 5130 2137 5183 simul
2158 5130 2259 5201 legi
2284 5131 2348 5183 ad
2376 5133 2669 5186 secundum
2707 5143 3030 5187 nocturnum
3059 5143 3270 5202 posset;
3308 5150 3401 5185 ne-

1837 5237 1942 5289 que
1973 5221 2111 5275 ultra
2140 5223 2456 5290 praedictum
2484 5224 2791 5278 coenobium
2835 5224 3149 5279 extendisse
3177 5239 3234 5277 se
3271 5237 3400 5276 usus

1840 5315 2052 5367 illarum
2100 5313 2386 5368 lectionum
2417 5316 2649 5379 videtur,
2676 5325 2825 5370 certe
2852 5332 2958 5369 non
2995 5315 3276 5368 transiisse
3306 5313 3401 5363 AI~

1837 5418 1953 5473 pes,
1977 5405 2042 5456 ad
2086 5403 2419 5459 nobilissima
2464 5405 2597 5458 alias
2646 5405 3008 5459 Benedictina:
3052 5400 3403 5472 professionis

1832 5493 2102 5548 cmnohia.
2166 5494 2306 5563 Ergo
2372 5494 2724 5558 Adelbertus,
2795 5495 2942 5561 prior
2995 5490 3225 5545 etetiobii
3294 5488 3398 5543 SS.

1837 5581 2072 5637 Udalrici
2107 5589 2161 5635 et
2186 5584 2347 5646 Afra),
2370 5587 2624 5651 Augusta:
2652 5582 3043 5634 Vindelicorum
3082 5579 3136 5631 in
3182 5578 3398 5637 Suevia.

1835 5673 2067 5742 primmn
2094 5689 2153 5726 se
2176 5666 2409 5727 credidit
2433 5692 2450 5723 t
2469 5674 2639 5724 Vitam
2663 5669 2719 5723 S.
2741 5669 3019 5722 Athanasii
3048 5668 3399 5721 Alexandrini

1837 5764 2097 5833 episcopi,
2131 5764 2252 5819 fidei
2295 5761 2609 5827 defensoris,
2636 5761 2726 5829 qui
2761 5757 3065 5814 svmbolum
3101 5758 3406 5831 Quicunque

3139 5869 3171 5929 τι
