4010 6532
623 332 827 418 «zeaxti;

1993 330 2533 400 PROLEGOMENAI

646 467 749 519 υιιιι
779 465 950 520 salvus
967 479 1078 518 esse
1109 461 1425 525 composuit.
1462 479 1479 511 ι
1511 459 1765 527 singulari
1796 460 2054 526 opusculo
2095 462 2204 515 col-
2234 469 2278 526 Α
2306 477 2478 525 sores,
2510 459 2815 514 Alexander
2845 460 2984 528 apud
3016 457 3412 523 Alexandriam.
3443 459 3682 518 Maximus
3705 464 3809 522 llic.

646 557 913 623 ligendam
953 571 1020 609 ex
1053 554 1282 609 diversis
1318 551 1554 620 antiquis
1599 550 1836 603 historiis
1878 552 2202 620 suscepisse,

646 648 761 701 ham
779 647 920 701 inter
943 645 1045 699 alia
1069 645 1348 714 praefatus,
1371 643 1568 696 (Anno
1595 651 1808 702 exacto.
1829 656 1950 695 cum
1983 659 2203 712 operam

647 737 915 790 dedissem
943 733 1222 788 ordinandi
1253 742 1306 784 et
1339 730 1605 784 scribendi
1649 732 1715 783 ad
1748 731 1958 798 vigilias
1982 735 2204 785 matuti—

647 827 797 881 nales
829 826 880 880 iu
917 824 1072 879 festis
1126 832 1434 876 sanctorum
1487 820 1741 890 legendas
1769 861 1783 885 ,
1839 831 2038 877 tomum
2078 824 2203 877 libri

643 917 1014 972 confessorum
1045 913 1359 982 respiciens,
1395 920 1446 964 et
1473 910 1534 964 8.
1559 911 1834 964 Athanasii
1857 911 2032 966 Vitam
2067 914 2206 966 inter

644 1012 778 1064 alias
816 1025 924 1063 non
953 1007 1228 1076 reperiens
1251 1005 1586 1072 adnotatatn,
1640 1013 1859 1071 repente
1911 1004 2201 1072 obstupui;

640 1110 694 1154 et
716 1099 1038 1169 suspirando
1062 1096 1197 1165 ccepi
1236 1096 1417 1147 mirari
1447 1133 1461 1156 ,
1495 1104 1550 1147 et
1591 1095 1732 1146 intra
1775 1109 1860 1147 me
1892 1095 2201 1163 protestari,

639 1191 781 1259 quod
813 1190 896 1244 vir
919 1198 1116 1252 tantus,
1162 1187 1257 1239 toti
1284 1186 1402 1240 orbi
1437 1195 1631 1250 notus,
1678 1194 1822 1240 tanta
1856 1201 1953 1254 pro
1982 1186 2083 1241 ﬁde
2110 1201 2203 1240 ea-

641 1284 840 1338 tholica
870 1297 1108 1350 passus,
1140 1281 1190 1333 in
1221 1279 1467 1348 partibus
1495 1281 1695 1332 nostris
1719 1278 1786 1332 de
1837 1279 2062 1333 Actibus
2089 1278 2201 1333 suis

639 1377 830 1430 saltem
853 1375 1096 1429 libellum
1147 1371 1455 1425 manualem
1487 1387 1590 1424 non
1625 1371 1850 1425 haberet
1883 1369 2200 1438 specialem.

639 1468 722 1522 Nil
758 1483 886 1538 ergo
919 1476 1180 1529 moratus,
1232 1464 1523 1527 historias,
1558 1463 1980 1516 Ecclesiastt'cam
2008 1462 2198 1516 videli-

633 1571 726 1614 cet
745 1560 956 1623 Eusebii
981 1557 1359 1619 Cmsareensis,
1387 1568 1438 1611 et
1475 1556 1814 1624 T-ripartilam
1850 1553 2196 1619 Theodoreti,

638 1653 926 1708 Sozomeni
953 1661 1005 1706 et
1036 1649 1299 1713 Socratis,
1327 1649 1634 1704 Graecorum
1667 1649 2148 1703 disertissimorum
2181 1689 2198 1715 ,

641 1758 706 1797 ac
769 1740 962 1796 librum
1025 1741 1316 1794 illustrium
1348 1739 1633 1805 virorum,
1685 1755 1786 1794 nec
1840 1755 1945 1794 non
1998 1740 2198 1795 librum

2315 554 2619 623 rosolymis,
2649 553 2953 606 Alexander
2990 567 3142 620 asque
3173 551 3612 622 Constantinopoli
3655 573 3810 613 sacer-

2311 647 2478 709 dotio,
2522 645 2901 714 iungebantur.
2935 663 2954 695 ι
2999 642 3174 696 Minus
3213 657 3454 712 operose,
3481 654 3556 698 "et
3597 658 3813 702 contextu

2312 739 2514 805 absque
2561 737 2835 789 titulorum
2886 735 3293 804 interpositione
3325 742 3380 787 et
3431 733 3619 802 absque
3656 739 3813 803 praelo-

2312 829 2453 896 quiis
2484 826 2604 882 ullis
2635 828 2976 903 continuato,
3009 827 3253 879 eamdem
3288 839 3397 878 rem
3427 825 3626 878 videtur
3651 828 3817 894 egisse,

2312 919 2492 973 nescio
2517 934 2583 971 an
2615 918 2889 973 Adelberti
2918 915 3185 986 exemplo,
3225 915 3364 968 alius
3395 914 3446 968 in
3481 914 3536 969 8.
3578 915 3814 970 Maximini

2305 1000 2477 1078 prope
2507 1007 2763 1064 Treviros
2789 1007 3030 1072 abbatia,
3070 1005 3207 1060 unde
3231 1004 3472 1058 similem'
3489 1004 3819 1060 collectionem

2313 1101 2568 1155 habemus
2602 1100 2691 1155 tali
2719 1099 2986 1170 principio
3032 1115 3047 1152 :
3097 1116 3116 1148 ι
3158 1097 3289 1150 Cum
3321 1094 3458 1164 apud
3483 1095 3819 1150 Alexandriam

2310 1205 2430 1264 post
2455 1193 2746 1258 Achillam,
2780 1191 2871 1261 qui
2901 1191 3061 1246 Petro
3089 1191 3346 1259 episcopo
3375 1199 3430 1244 et
3461 1190 3672 1259 martyri
3718 1206 3818 1244 suc-

2309 1296 2563 1349 cesserat,
2591 1285 2898 1340 Alexander
2933 1281 3292 1336 sacerdotium
3328 1281 3689 1348 suscepisset,»
3712 1288 3823 1346 etc.,

2309 1381 2482 1434 verbis
2505 1393 2638 1448 pene
2668 1377 2873 1438 Ruﬁni,
2908 1373 2972 1430 a'c
3014 1375 3209 1429 deinde
3235 1373 3357 1426 aliis
3385 1371 3625 1424 aliorum.
3650 1371 3820 1424 Eodem

2309 1471 2420 1526 fere
2447 1471 2585 1540 stylo
2610 1477 2665 1523 et
2694 1469 2850 1522 initio
2888 1468 3152 1521 habemus
3175 1465 3344 1534 ipsam
3365 1462 3631 1516 Athanasii
3653 1462 3825 1524 Via-un,

2308 1558 2361 1612 in
2411 1557 2668 1627 przeclaro
2718 1555 3002 1622 grandiunt
3062 1568 3159 1606 sex
3220 1562 3485 1605 totnorum
3539 1550 3824 1613 Passionali,

2307 1651 2446 1719 quod
2479 1649 2722 1704 ecclesia:
2748 1646 2804 1701 S.
2837 1645 3019 1698 Mariae
3050 1644 3115 1697 de
3143 1642 3391 1697 Valcellis
3423 1642 3696 1712 aliquando
3721 1643 3821 1703 luit,

2281 1750 2358 1799 .et
2377 1740 2550 1810 primo
2585 1750 2729 1793 tomo
2752 1748 2977 1805 excepto
3003 1737 3278 1790 venditum
3313 1735 3445 1787 clar.
3477 1748 3526 1785 ν.
3557 1732 3821 1786 Baltliasari

639 1831 1007 1886 chronicalem
1045 1839 1386 1898 pertractans
1420 1848 1438 1882 ι
1472 1829 1548 1900 (hi
1590 1831 1694 1884 duo
1723 1830 1942 1898 quinam
1974 1831 2081 1886 sint
2105 1833 2204 1886 nec
2235 1832 2274 1887 Β
2307 1833 2527 1896 Moreto,
2591 1846 2658 1885 ne
2696 1831 2762 1884 ad
2807 1845 2968 1884 usum
3000 1825 3371 1898 typographize
3406 1824 3738 1898 laceraretur.
3768 1824 3825 1875 ab

640 1924 883 1977 divinare
922 1921 1090 1985 lobot,
1135 1936 1235 1975 nec
1266 1930 1424 1976 vacat
1459 1921 1740 1990 operosius
1774 1923 2051 1994 indagare)
2084 1943 2107 1976 ι
2148 1936 2202 1983 et

639 2015 814 2082 capita
847 2013 899 2066 in
929 2012 1366 2067 distinctionibus
1393 2014 1656 2067 librorum
1685 2013 1976 2085 diligenter
1998 2021 2203 2073 exami-

640 2121 793 2170 nans,
821 2105 920 2172 legi
957 2105 1008 2157 in
1041 2105 1270 2170 quodam
1300 2103 1536 2172 capitulo
1571 2105 1637 2158 de
1665 2104 1884 2170 Ruﬁno,
1917 2109 2006 2176 qui
2033 2110 2197 2163 vitam

639 2197 794 2258 illius,
809 2211 907 2251 suo
935 2195 1239 2249 nobilitavit
1273 2195 1488 2261 eloquio
1521 2215 1536 2251 :
1574 2198 1746 2266 reperi
1781 2201 1942 2254 etiam
1993 2203 2206 2255 abunde

637 2288 691 2342 in
713 2287 913 2342 eisdem
946 2285 1097 2340 libris
1130 2286 1196 2339 ad
1233 2286 1553 2341 desiderium
1581 2303 1779 2343 meum.
1819 2309 1838 2342 ι
1866 2289 2058 2346 Narrat
2106 2293 2202 2346 de-

637 2379 783 2442 inde,
808 2379 1076 2447 quomodo
1103 2378 1318 2448 expleto
1345 2379 1688 2449 legendarum
1724 2383 2013 2448 volumine,
2050 2385 2196 2438 desi-

612 2471 880 2525 vderatum
911 2469 1223 2538 opusculum
1255 2470 1320 2524 de
1347 2469 1409 2524 S.
1440 2471 1741 2527 Athanasio
1769 2475 2010 2530 scribere
2038 2493 2200 2530 exor-

636 2574 729 2613 sus
781 2559 959 2613 varias
993 2559 1334 2616 didicultates
1371 2561 1422 2615 in
1475 2577 1538 2616 eo
1571 2574 1716 2619 recte
1761 2567 2064 2623 ordinando
2099 2571 2196 2624 ob-

609 2638 806 2720 .jectas
831 2653 1171 2720 superaverit
1210 2691 1227 2717 ,
1259 2662 1419 2722 atque
1456 2656 1726 2709 concludit
1756 2675 1769 2711 :
1798 2677 1816 2708 ι
1863 2657 1918 2712 Si
1945 2676 2046 2728 qua
2071 2672 2199 2732 ergo

619 2742 692 2796 .in
738 2743 842 2798 hoc
873 2743 1130 2811 opusculo
1176 2745 1621 2812 reprehendenda
1678 2734 2041 2818 reperiuntur,
2096 2770 2198 2808 non

605 2833 865 2888 .-inscitia:
897 2849 1029 2888 mea;
1061 2843 1153 2887 aut
1187 2835 1414 2904 ignavia:
1462 2848 1799 2906 reputentur,
1855 2843 1948 2895 sed
1982 2842 2196 2898 illorum

606 2925 724 2996 equi
761 2925 1060 2995 antiquitus
1085 2926 1173 2981 illa
1212 2928 1580 2997 scripserunt:
1607 2931 1731 3000 quia
1762 2933 1812 2986 in
1852 2934 1998 2989 nullo
2035 2940 2196 2992 verba

605 3018 1220 3088 ipsorum-permutavi,
1252 3002 1530 3090 nisi‘quod
1559 3023 1797 3078 locorum
1837 3035 1891 3080 et
1914 3025 2195 3082 civitatum

635 3109 873 3174 nomina,
916 3126 1018 3166 non
1052 3113 1188 3168 bene
1217 3114 1458 3184 cognita,
1492 3115 1672 3184 aliquo
1696 3117 2065 3174 additamenta
2094 3135 2192 3174 ex-

607 3201 864 3268 oplauavL
902 3220 918 3253 :
1325 3259 1330 3266 η

707 3289 1056 3357 Quandonam
1103 3291 1422 3348 Adelbertus
1467 3292 1566 3349 iste
1618 3294 1834 3358 vixerit,
1877 3296 2005 3350 mihi
2071 3311 2176 3350 non

623 3388 883 3446 constat;
941 3399 1038 3436 nec
1082 3391 1210 3452 puto
1255 3384 1430 3439 scient
1474 3384 1654 3439 dicere
1694 3384 2019 3440 Udalriciani
2076 3403 2198 3442 tuo-

635 3469 816 3533 nai-Jii,
847 3485 1072 3538 quorum
1111 3472 1420 3526 cmuobium
1457 3483 1627 3527 totum
1659 3473 2024 3544 conﬂagrasse
2054 3491 2196 3530 anno

623 3560 772 3614 .1355
803 3561 1017 3615 scribit
1046 3561 1352 3617 Beruardus
1385 3563 1712 3630 llertfelder,
1748 3566 1803 3620 in
1838 3567 1984 3623 brevi
2029 3568 2196 3634 ipsius

633 3651 1062 3716 lociChronico,
1118 3653 1416 3709 luculenter
1459 3656 1780 3725 descriptam
1826 3657 1926 3714 SS.
1960 3659 2195 3715 Udalrici

627 3749 685 3794 et
714 3739 857 3794 Afra:
898 3740 1200 3806 basilicam,
1236 3751 1362 3798 ante
1393 3745 1490 3799 hos
1517 3744 1586 3800 60
1608 3762 1776 3802 annos
1801 3747 1993 3804 ibidem
2027 3751 2194 3819 prior.

633 3830 743 3883 Isto
783 3841 962 3910 autem
1007 3832 1257 3886 incendio
1303 3834 1464 3889 etiam
1496 3837 1809 3904 praedictum
1843 3840 1908 3895 de
1941 3841 2000 3896 S.
2027 3844 2198 3897 Atha-

626 3918 788 3972 nasio
830 3920 1173 3994 opusculum,
1199 3921 1445 3977 fortassis
1481 3924 1622 3979 haud
1665 3925 1754 3980 diu
1789 3940 1914 3982 ante
1955 3933 2196 3986 c0nscri-

632 4009 1059 4077 ptnm,,periisse
1107 4012 1206 4066 hoc
1239 4013 1528 4068 verosimili
1578 4015 1774 4071 indicio
1817 4021 2002 4086 credo,
2053 4025 2195 4092 quod

623 4113 777 4152 anno
810 4097 945 4152 1.660
977 4099 1355 4155 bibliothecam
1397 4101 1738 4159 celeberrimi
1793 4111 2101 4163 monasterii
2140 4120 2196 4164 et

632 4206 766 4244 mss.
795 4190 1010 4246 codices
1035 4208 1222 4246 omnes
1255 4193 1544 4261 diligenter
1579 4207 1858 4252 scrutatus
1892 4198 2072 4269 (erant
2102 4217 2196 4255 au—

628 4293 739 4338 tem
771 4283 824 4337 in
861 4284 925 4338 iis
955 4284 1121 4352 aliqui
1163 4285 1230 4338 ab
1253 4284 1412 4340 annis
1437 4286 1656 4341 circiter
1689 4291 1948 4345 trecentis
1977 4292 2188 4361 scripti)

620 4379 759 4433 nihil
798 4379 903 4433 tale
935 4380 1254 4435 invenerim.
1286 4379 1397 4435 Sed
1438 4383 1587 4450 quod
1632 4383 1683 4437 in
1733 4384 1849 4438 loco
1879 4387 1979 4440 suo
2025 4389 2192 4442 natali

2305 1927 2492 1982 eodem
2519 1923 2886 1985 redemimus;
2917 1937 2980 1975 ac
3012 1921 3205 1974 deinde
3234 1917 3410 1969 Vitam
3441 1915 3579 1969 illam
3627 1915 3829 1968 cantuli-

2305 2032 2422 2070 inus
2459 2031 2581 2069 cum
2631 2013 2818 2068 codice
2867 2011 2970 2066 696
3021 2010 3219 2076 regina:
3264 2007 3473 2062 Sueciac
3514 2005 3565 2058 in
3594 2019 3691 2071 quo
3733 2004 3827 2070 ipsa

2303 2107 2576 2172 aliquanto
2626 2102 2960 2158 contractior
3050 2100 3416 2161 habebatur;
3483 2094 3643 2148 multo
3691 2095 3829 2146 etiam

2305 2194 2476 2265 magis
2503 2199 2788 2248 contracta
2817 2192 2868 2244 in
2903 2188 3203 2244 Passionali
3235 2185 3565 2246 Bodecensi,
3591 2183 3722 2236 unde
3752 2198 3832 2236 sua

2307 2302 2464 2338 manu
2512 2285 2757 2338 eamdem
2811 2283 2967 2338 nobis
3025 2281 3312 2349 descripsit
3348 2277 3706 2348 ,pra‘laudatus
3739 2273 3833 2329 Ga-

2303 2376 2563 2439 mansius,
2599 2376 2651 2429 in
2681 2376 2815 2428 duos
2844 2373 2996 2442 quasi
3035 2371 3208 2424 libros
3239 2369 3493 2423 divisam.

2373 2467 2477 2522 Sed
2520 2468 2632 2522 haec
2661 2466 2866 2529 omnia,
2893 2473 2947 2519 et
2994 2463 3042 2518 si
3088 2477 3206 2531 quae
3245 2460 3374 2523 alia,
3403 2469 3464 2514 ut
3501 2456 3712 2512 nomine
3748 2468 3831 2508 au-

2303 2561 2470 2618 ctoris
2494 2568 2701 2625 carent,
2737 2557 2810 2611 ita
2841 2572 2944 2610 non
2966 2563 3240 2609 merentur
3267 2551 3553 2621 operosius
3580 2544 3834 2614 distingui:

2305 2655 2606 2710 laudandus
2647 2667 2776 2707 vero
2803 2650 3120 2704 nontinatim
3159 2657 3243 2702 est
3282 2647 3533 2701 Joannes
3591 2641 3836 2700 Aretiuus,

2302 2749 2553 2802 Rotnana:
2599 2745 2854 2799 Ecclesiae
2898 2742 3284 2802 subdiaconus,
3329 2739 3430 2808 qui
3486 2735 3587 2791 sub
3634 2731 3840 2802 Eugenio

2301 2855 2433 2910 papa
2476 2837 2544 2892 Ν
2567 2877 2582 2901 ,
2611 2837 2757 2891 circa
2788 2851 2914 2888 ann.
2947 2833 3109 2897 1440,
3139 2847 3203 2886 ex
3234 2842 3524 2884 auctorum
3565 2825 3838 2881 (irascimini

2305 2931 2564 2992 fontibus,
2594 2928 2830 2983 Eusebio
2873 2926 3197 2996 pricsertim,
3239 2924 3499 2984 Socrate,
3535 2919 3841 2974 Theodorcto

2303 3033 2463 3092 atque
2489 3021 2812 3084 Sozomeno,
2858 3032 3067 3071 necnon
3100 3030 3166 3069 ex
3197 3014 3314 3068 Vita
3358 3013 3462 3067 sub
3506 3010 3715 3066 nomine
3753 3006 3845 3058 ille-

2305 3111 2598 3180 taphrastis
2628 3110 2870 3172 inventa,
2916 3105 3186 3175 prolixam
3219 3102 3360 3157 satis
3393 3101 3673 3156 contexuit
3698 3097 3842 3150 histoe

2303 3207 2457 3266 riam,
2500 3204 2753 3271 dictoque
2807 3199 3044 3269 pontiﬁci
3091 3195 3394 3260 dedicavit,
3445 3203 3506 3247 ut
3565 3194 3845 3247 innumeras

2302 3296 2703 3365 persecutiones
2735 3303 2963 3347 eatenus
2997 3290 3194 3359 injuste
3215 3300 3508 3356 perpesso,
3560 3284 3697 3337 inter
3733 3290 3848 3347 quas

2301 3395 2410 3434 sine
2437 3381 2509 3433 illi
2533 3395 2683 3448 aaque
2711 3395 2774 3433 ac
2810 3378 2868 3432 S.
2899 3377 3200 3431 Athanasio
3235 3390 3345 3428 non
3377 3373 3654 3428 defuerint
3677 3381 3848 3422 conso-

2299 3473 2548 3527 lationes.
2580 3471 2711 3525 Nam
2742 3471 2884 3525 sicut
2909 3470 2996 3523 hic
3027 3470 3193 3522 multa
3245 3468 3474 3522 interim
3509 3479 3609 3536 pro
3641 3461 3726 3518 Dei
3758 3458 3849 3513 Ec-

2300 3565 2462 3618 clesia
2509 3579 2566 3618 se
2614 3563 2908 3632 perfecisse
2952 3562 3192 3629 gavisus,
3241 3560 3470 3613 tandem
3506 3571 3619 3610 sua:
3651 3549 3853 3622 propriae

2298 3656 2674 3710 Alexandrinae
2705 3669 2890 3724 pacem
2921 3652 3180 3707 redditam
3218 3651 3359 3704 vidit
3386 3667 3401 3704 :
3438 3649 3521 3704 sic
3563 3655 3618 3700 et
3646 3644 3714 3698 illi
3746 3656 3852 3712 gra-

2303 3746 2503 3798 tulatur
2533 3744 2770 3799 Joannes
2801 3745 3160 3797 inveteratum
3195 3739 3523 3796 Grmcoruui
3566 3746 3724 3804 atque
3761 3733 3850 3784 Ar-

2298 3849 2576 3889 mcnorum
2609 3835 2842 3889 schisma
2874 3833 3191 3902 perduxisse
3231 3831 3297 3884 ad
3329 3831 3619 3892 unionem,
3652 3820 3852 3877 inﬁnitis

2300 3941 2434 3994 pene
2491 3927 2751 3995 impensis
2797 3942 2859 3981 ac
2910 3926 3134 3981 summis
3183 3924 3492 3985 laboribus,
3538 3934 3650 3974 rem
3693 3913 3857 3988 multis

2297 4021 2644 4074 decessorqu
2691 4029 2976 4085 tentatam,
3023 4019 3317 4088 perfectam
3373 4012 3607 4069 nemini.
3665 4006 3853 4063 Nulfam

2299 4113 2386 4167 hic
2424 4111 2751 4167 mentionem
2793 4111 3334 4172 facitJacobitarum,
3371 4106 3469 4176 qui
3519 4101 3670 4159 missi
3707 4098 3858 4153 ξιιμ-τυ

2297 4211 2418 4271 post
2447 4203 2754 4271 prmdictam
2791 4202 3045 4256 unionem
3077 4213 3219 4254 anno
3251 4208 3307 4254 et
3337 4197 3406 4251 41
3458 4197 3624 4250 istius
3661 4186 3856 4249 smeuli,

2299 4294 2498 4348 nullam
2537 4296 2700 4347 etiam
2756 4292 3081 4360 legatorum,
3124 4291 3216 4361 qui
3272 4304 3428 4344 anno
3470 4301 3602 4341 mox
3635 4275 3859 4352 sequenti

2297 4395 2559 4440 venerunt
2609 4399 2638 4437 a
2689 4383 3042 4438 Presteianne
3082 4399 3095 4447 ;
3152 4390 3209 4436 ut
3245 4380 3478 4449 scripta:
3524 4368 3861 4431 dedicationis

620 4485 736 4525 non
781 4471 1178 4535 inveniebatur,
1227 4471 1508 4526 invenerat
1553 4481 1678 4526 ante
1723 4474 1898 4528 dictus
1950 4473 2192 4530 Gaman-
2225 4502 2271 4559 υ
2303 4489 2510 4548 tempus
2541 4477 2841 4531 nullatenus
2871 4478 3042 4545 possit
3073 4476 3124 4529 in
3157 4474 3382 4528 dubium
3423 4466 3705 4526 revocari.

623 4566 738 4621 sius
770 4573 952 4619 noster
980 4565 1038 4616 in,
1065 4563 1376 4619 Blahnrensi
1408 4579 1574 4633 prope
1604 4564 1816 4620 Ulmam
1847 4569 2055 4623 ordinis
2100 4569 2194 4625 Be-

621 4653 880 4708 nedictiui
951 4653 1183 4714 abbatia,
1223 4655 1516 4708 .insertum
1546 4655 1707 4724 parti
1774 4671 1788 4709 ι
1822 4656 2191 4726 .Passiohalis,

619 4745 820 4800 ibidem
854 4760 882 4798 a
904 4744 1410 4800 Fr.Bartholom:eo
1436 4744 1615 4800 Kratl‘t
1641 4747 1787 4801 circa
1819 4764 2017 4803 annum
2043 4751 2181 4805 1480

621 4835 852 4888 exarati.
898 4833 1040 4889 Idem
1079 4835 1414 4890 Gamansius
1460 4853 1617 4891 suum
1668 4839 2038 4896 .Blaburensis
2085 4858 2190 4895 ms.

621 4925 949 4993 ecgraphum
979 4925 1194 4979 curiose
1225 4927 1528 4981 contulerat
1551 4943 1692 4984 anno
1720 4928 1879 4993 1649,
1921 4945 2042 4984 cum
2087 4931 2192 4985 alio

625 5014 905 5069 vetustiori
931 5029 1092 5082 qttam
1116 5016 1266 5084 prius
1299 5016 1811 5081 Passionali,-vicini
1842 5019 2192 5087 Wiblingen-

625 5106 699 5157 sis
757 5106 1107 5168 monasterii;
1162 5106 1300 5160 unde
1344 5105 1649 5172 conjectura
1698 5119 1880 5164 nostra
1918 5113 1984 5165 de
2028 5112 2192 5165 Adel-

625 5194 782 5247 berto
827 5195 1028 5263 priore,
1073 5196 1215 5263 quod
1270 5197 1465 5250 saeculo
1513 5213 1608 5252 xm
1667 5201 1886 5266 vixerit,
1918 5210 2188 5271 utcunque

625 5288 1000 5342 conﬁrmatur.
1025 5287 1212 5355 Incipit
1247 5288 1336 5341 ille
1373 5290 1440 5342 ab
1477 5293 1890 5346 emtmeratione
1941 5309 2034 5348 sex
2075 5309 2194 5347 om.

625 5381 754 5434 nino
784 5380 1085 5442 civitatum,
1115 5393 1236 5448 quae
1270 5379 1407 5434 idem
1436 5382 1782 5436 Alexandria:
1813 5399 2006 5437 nomen
2043 5385 2185 5438 anti-

619 5472 805 5537 quitus
832 5470 1104 5534 tulerunt;
1132 5486 1196 5525 ac
1235 5471 1428 5527 deinde
1475 5489 1610 5541 opus
1662 5485 1898 5543 coeptum
1939 5475 2189 5543 pluribus

621 5563 988 5631 interstiuguit
1019 5562 1204 5631 titulis,
1239 5563 1291 5616 in
1328 5564 1660 5632 propositum
1699 5574 2078 5634 argumentum
2114 5567 2188 5618 sit:

621 5651 968 5719 ingrediens:
1020 5671 1038 5704 ι
1084 5654 1359 5724 Regnante
1401 5655 1766 5709 Constantino
1824 5655 2181 5722 imperatore,

620 5743 821 5808 egregii
847 5743 1182 5799 cordessorcs
1207 5753 1262 5798 et
1297 5746 1576 5802 catholicae
1607 5744 1728 5800 ﬁdei
1753 5743 1941 5798 ﬁdeles
1994 5744 2183 5800 defen-

2375 4545 2547 4623 Vitam
2584 4568 2722 4622 hanc
2749 4567 3003 4640 Aloysius
3037 4565 3408 4635 Lipomanuus
3453 4559 3702 4630 vulgavit
3733 4545 3863 4610 tom'o

2295 4659 2362 4714 lll
2425 4659 2499 4713 De
2552 4657 2686 4713 Vitis
2728 4670 3068 4720 mactarunt;
3127 4670 3225 4709 nos
3283 4665 3479 4707 autem
3546 4663 3695 4706 anno
3750 4641 3866 4698 1660

2297 4749 2567 4812 eamdem,
2614 4748 2709 4803 sed
2759 4747 2962 4815 absque
2989 4746 3230 4800 auctoris
3278 4744 3536 4806 nomine,
3577 4736 3867 4795 manuscri-

2298 4852 2441 4910 ptam
2473 4841 2776 4895 invenimus
2808 4838 2964 4893 Senis
3005 4839 3054 4891 in
3103 4837 3342 4890 armario
3401 4837 3650 4904 quodam
3691 4827 3871 4886 biblio-

2300 4933 2465 4986 theca:
2497 4931 2813 4995 Pontilicize,
2845 4929 2971 4983 olim
3005 4929 3081 4985 Pii
3133 4925 3172 4982 ll
3227 4943 3363 4981 cura
3396 4926 3568 4994 juxta
3603 4923 3875 4979 cathedra-

2297 5021 2400 5076 lem
2455 5021 2736 5076 ecclesiam
2785 5030 2989 5074 ornatie
3047 5019 3444 5085 instructaeque
3472 5059 3486 5082 ,
3525 5031 3677 5070 nunc
3713 5020 3874 5067 autem

2298 5113 2411 5168 fere
2443 5128 2654 5176 vacuae;
2691 5112 2848 5179 eique
2879 5111 3188 5179 adjunctam
3237 5111 3566 5176 reperimus
3601 5105 3870 5175 epistolam

2295 5203 2579 5258 Iustiniani
2606 5202 2946 5270 imperatoris
2978 5203 3045 5254 ad
3077 5200 3284 5254 Menam
3312 5199 3738 5266 patriarcham,
3771 5205 3878 5262 quae

2282 5297 2484 5364 quinto
2509 5297 2736 5349 concilio
2761 5293 3085 5346 celebrando
3137 5293 3285 5346 dedit
3307 5295 3713 5350 occasionem,
3740 5288 3880 5350 cujus

2297 5395 2608 5440 contextum
2638 5388 2884 5441 Graecum
2917 5384 3272 5453 proﬁtebatur
3309 5399 3378 5436 se
3426 5383 3697 5435 habuisse
3727 5378 3882 5428 inter-

2297 5493 2418 5545 pres
2441 5477 2603 5546 (idem
2635 5481 2772 5531 haud
2806 5477 2963 5530 dubie
2991 5475 3080 5543 qui
3135 5473 3268 5528 Vita:
3303 5474 3612 5538 cullector)
3655 5487 3686 5524 a
3717 5468 3886 5522 Theo-

2297 5572 2428 5622 doro
2479 5568 2838 5623 Fellrensiuui
2894 5567 3163 5635 episcopo.
3209 5566 3446 5631 Qualem
3502 5581 3632 5619 cum
3673 5564 3726 5615 in
3784 5564 3888 5610 toto

2278 5656 2710 5719 ,Feretranorum
2776 5659 3145 5727 episcoporum
3179 5658 3452 5727 Catalogo
3497 5657 3709 5710 nulloin
3740 5665 3887 5718 repe-

2295 5753 2503 5809 riamus
2540 5767 2552 5802 :
2587 5751 2706 5808 vide
2740 5765 2862 5802 num
2897 5750 2982 5805 hic
3028 5765 3131 5803 non
3185 5749 3357 5820 possit
3422 5749 3712 5803 internoni
3762 5746 3890 5796 inter
