4010 6506
1390 395 1477 452 0E
1513 394 1745 452 CULTU
1792 397 1852 450 S.
1890 397 2283 454 ATHANASII.

3244 424 3437 465 CCLXIII

207 516 453 571 Joannem
487 511 559 567 de
592 509 850 567 Arimino
871 553 886 578 ,
918 510 1065 579 cujus
1116 526 1211 582 pro
1242 526 1383 566 anno
1434 513 1571 566 1424
1601 523 1780 567 exstat
1808 519 1852 573 Α
1883 515 2017 570 Xlll.
2042 516 2311 593 Quantum
2345 515 2674 573 solitudinem
2696 528 2745 574 et
2765 521 3031 578 solitarius
3061 533 3260 593 semper
3286 543 3439 579 ama-

210 605 485 669 uiemoria,
510 591 754 659 servata.
778 604 832 658 in
876 603 1044 658 calice
1069 612 1196 658 tunc
1230 619 1324 673 per
1353 603 1525 671 ipsum
1556 603 1773 666 oblato;

209 707 256 752 et
282 695 632 751 Franciscum
665 695 938 765 Angelum
961 694 1026 749 de
1051 694 1457 757 Claravallihus,
1474 709 1614 747 anno
1639 693 1774 747 1444

211 788 265 842 ad
292 785 605 841 cathedram
632 785 789 839 illam
808 786 1100 840 admotum.
1121 785 1275 839 Circa
1310 786 1554 839 eumdem
1575 801 1773 839 annum

209 878 487 947 composita
514 875 873 933 estVenetiis
900 878 1142 945 quaedam
1166 876 1404 946 ejusdem
1432 878 1601 931 sancti
1633 877 1670 927 ν
1681 879 1772 940 ita,

210 970 267 1021 ad
298 982 446 1022 usum
488 968 825 1022 monialium
856 968 1067 1022 Sancta:
1089 968 1301 1032 Crucis,
1331 969 1395 1021 ad
1421 985 1555 1039 quas
1583 986 1774 1024 recens

211 1060 362 1113 fuerat
398 1073 606 1128 corpus
639 1059 971 1115 translatum
1001 1077 1015 1113 :
1042 1076 1159 1128 quae
1188 1060 1307 1114 Vita
1340 1076 1460 1115 cum
1496 1077 1602 1115 non
1641 1065 1772 1117 satis

211 1162 336 1203 certa
360 1148 619 1218 cultaque
660 1150 967 1215 videretur,
1012 1149 1328 1205 Hermolaus
1361 1152 1633 1207 Barbarus
1660 1153 1771 1220 epi-

211 1255 382 1304 scoeus
410 1241 763 1296 Veronensis
790 1242 950 1296 aliam
977 1257 1040 1296 ex
1076 1241 1289 1296 Eusebii
1314 1243 1529 1313 scriptis
1566 1246 1769 1313 compi-

209 1332 337 1387 lavit.
356 1331 437 1386 De
463 1341 709 1402 utraque
739 1333 878 1387 infra
910 1333 1059 1403 plura
1085 1334 1350 1389 dicentur.

268 1422 439 1475 Exstat
466 1423 640 1476 etiam
673 1423 786 1477 alia
815 1424 1074 1478 Actorum
1092 1423 1152 1479 S.
1182 1425 1461 1479 Athanasii
1492 1425 1765 1490 collectio,

208 1526 260 1566 ex
286 1512 533 1580 praedicto
569 1512 805 1584 Aloysio
836 1512 1191 1583 Lipemanno,
1218 1524 1338 1584 post
1376 1516 1541 1584 ipsius
1581 1515 1764 1570 Sancti

208 1603 386 1671 Opera;
407 1614 607 1674 estque
635 1605 808 1659 veluti
837 1615 1025 1659 catena
1048 1621 1113 1660 ex
1142 1606 1385 1670 Socrate,
1404 1607 1765 1671 Tlieodoreto,

210 1702 341 1762 atque
370 1693 692 1748 Sozomeno
731 1718 743 1749 ;
779 1693 868 1748 cui
903 1694 1097 1749 ibidem
1128 1696 1469 1767 subjungitur
1521 1714 1541 1748 ι
1574 1696 1764 1751 Oratio

209 1783 393 1841 devita.
419 1785 870 1853 certaminibus,
904 1796 958 1840 et
1008 1786 1255 1842 laudibus
1312 1789 1533 1854 Sancti,
1574 1805 1603 1842 a
1648 1791 1765 1843 viro

1949 599 2096 640 "61"”.

1880 652 2036 730 XIV._
2055 655 2273 719 Qualem
2306 658 2370 711 de
2399 658 2562 713 sacris
2586 659 2873 729 virginibus
2892 677 3076 716 curam
3098 664 3333 730 gesserit,
3358 679 3439 718 re-

1949 725 2097 794 gulas
2126 730 2203 779 eis
2224 739 2542 791 optiortunas
2576 725 2942 794 pruiscribens.

1879 792 1991 845 XV.
2031 793 2236 869 Quanti
2267 797 2456 869 fecerit,
2502 792 2737 850 Psalmos
2787 798 3098 865 Duvidicos,
3134 802 3440 869 psalmodiaz

1947 863 2316 919 ecclesiastica:
2343 868 2634 923 wstimator
2656 868 2975 938 prwcipuus,

1874 1020 1951 1077 De
1990 1037 2204 1091 corpore
2257 1022 2317 1077 S.
2364 1024 2643 1097 Athanasii
2690 1024 3160 1097 Constantinopoli,
3194 1025 3435 1081 Venetius

2207 1093 2462 1145 translato
2484 1103 2530 1145 et
2565 1095 2679 1163 ejus
2708 1094 2901 1148 ibidem
2930 1095 3097 1150 cultu.

1943 1204 2073 1270 Qua:
2100 1205 2167 1259 de
2205 1219 2430 1274 corpore
2471 1205 2532 1261 S.
2562 1206 2890 1272 Athanasii”,
2941 1208 3264 1265 Alexandria
3292 1210 3435 1269 Con-

1870 1295 2274 1364 stantinopolim
2321 1296 2605 1362 translato,
2637 1298 2872 1359 diximus
2923 1314 3079 1369 supra
3108 1315 3205 1369 per
3251 1302 3434 1370 conje-

1871 1397 2078 1441 cturam
2108 1387 2370 1442 duntaxat
2396 1430 2411 1453 ,
2441 1389 2818 1445 certitudinem
2850 1392 3123 1461 accipiunt
3167 1410 3233 1447 ex
3265 1395 3431 1449 certi-

1871 1479 2051 1531 tudine
2078 1478 2356 1534 :edillcata:
2384 1480 2583 1536 ibidem
2632 1481 2683 1539 el
2717 1482 2964 1538 ecclesia:
2993 1494 3048 1539 et
3072 1495 3193 1553 post
3230 1496 3434 1541 secutre

1869 1569 2233 1625 translationis
2263 1571 2539 1629 Venetias.
2576 1573 2688 1628 Hoc
2736 1574 2863 1631 illuc
2914 1576 2967 1631 lu
3015 1578 3183 1632 tndem
3238 1579 3433 1640 S,Za-

1867 1661 2063 1715 charis;
2092 1661 2327 1716 delatum
2357 1665 2481 1716 dum
2522 1664 2708 1718 dicunt
2748 1666 3026 1722 ‘Baronius
3068 1676 3123 1721 et
3153 1666 3431 1739 Ughellns,

1866 1761 2182 1806 erraverunt
2209 1754 2326 1807 sine
2356 1754 2522 1809 dubio
2546 1755 2599 1809 in
2625 1756 2959 1813 nominanda
2990 1757 3222 1813 ecclesia
3255 1776 3268 1813 :
3306 1756 3432 1827 quia

209 1876 402 1941 quodam
419 1878 588 1932 docto
620 1888 754 1931 ante
784 1879 982 1934 multos
999 1896 1165 1935 annos
1188 1882 1495 1950 conscripta
1527 1900 1540 1935 :
1580 1901 1598 1933 ι
1623 1882 1761 1951 quod
1798 1857 1840 1913 Β
1866 1841 2976 1951 ‘Rﬂiieftf:ﬁlii???"mimici”
3013 1865 3027 1904 ³
3063 1862 3259 1951 “MP”,
3304 1865 3431 1951 ve”?

208 1958 277 2013 hic
299 1959 483 2015 Sullicit
521 1962 858 2030 indicasse,
898 1974 955 2020 ut
1002 1967 1214 2023 tandem
1261 1960 1443 2022 ﬁniam
1492 1985 1612 2024 cum
1652 1971 1764 2024 Na-

209 2049 450 2119 tianseno,
493 2054 779 2109 Sanctum
812 2058 893 2112 sic
919 2056 1224 2128 alloquente
1258 2076 1273 2114 :
1306 2077 1326 2112 ‹
1359 2061 1459 2115 Ast
1513 2070 1589 2127 tu,
1621 2076 1654 2116 ο
1677 2077 1764 2115 sa-

207 2156 325 2196 crum
353 2153 403 2199 et
428 2146 669 2200 charum
701 2157 938 2217 caput...
972 2149 1230 2221 benignus
1272 2152 1337 2206 de
1370 2152 1508 2207 caelo
1542 2168 1639 2208 nos
1671 2168 1762 2208 re-

206 2233 385 2300 spicias,
416 2236 810 2308 populumque
842 2239 983 2295 hunc
1018 2256 1175 2311 regas
1197 2282 1211 2305 ,
1247 2242 1544 2311 perfectum
1579 2245 1761 2313 perfe-

206 2330 282 2376 cta
303 2324 586 2380 Trinitatis
621 2327 922 2394 cultorem,
945 2346 1063 2399 qua:
1082 2331 1132 2384 in
1160 2330 1342 2398 Patre,
1378 2332 1538 2401 Filio,
1565 2345 1619 2389 et
1642 2336 1762 2404 Spi-

206 2415 285 2467 ritu
302 2428 476 2472 sancto
498 2418 845 2489 intelligitur
870 2429 925 2475 et
947 2424 1230 2487 aduratur;
1261 2440 1472 2494 meque,
1489 2426 1757 2496 siquidem

209 2503 247 2556 in
281 2520 397 2573 pace
425 2524 604 2577 agere
635 2508 827 2575 liceat,
862 2526 1018 2566 manu
1078 2524 1284 2581 teneas,
1330 2516 1491 2570 simul
1542 2534 1757 2589 gregem

204 2612 423 2664 pascens;
450 2601 544 2655 sin
583 2610 775 2656 autem
813 2601 1099 2657 vivendum
1134 2605 1294 2659 estin
1332 2606 1493 2672 bello,
1520 2610 1756 2665 abducas

204 2685 297 2741 hinc
326 2691 431 2745 sive
477 2705 741 2746 assumas
767 2733 783 2757 ,
822 2702 1105 2763 tecumque
1128 2704 1188 2749 et
1217 2712 1338 2750 cum
1368 2698 1444 2752 tui
1486 2699 1757 2755 similibus

200 2777 409 2843 colloces,
449 2779 680 2834 tametsi
737 2781 952 2850 grande
980 2791 1065 2836 est
1102 2786 1242 2852 quod
1294 2788 1516 2855 petitur,
1556 2790 1607 2843 in
1641 2790 1757 2861 ipso

200 2866 373 2925 Christo
404 2870 655 2926 Domino
682 2882 897 2939 nostro,
929 2874 1017 2928 cui
1064 2877 1242 2929 omnis
1276 2877 1468 2948 gloria,
1498 2881 1671 2936 honor
1703 2893 1758 2936 ct

200 2957 455 3029 imperium
490 2963 547 3017 in
579 2962 805 3017 sarcula.
833 2965 1023 3019 Amen.
1050 2984 1068 3017 ι
1116 2968 1321 3035 Quibus
1346 2972 1525 3027 verbis
1547 2983 1602 3027 et
1644 2974 1755 3042 ipse

198 3066 315 3107 suam
345 3056 408 3111 de
442 3057 710 3112 maximis
750 3058 1034 3114 Athanasii
1070 3064 1280 3118 meritis
1309 3065 1555 3120 ﬁduciam
1580 3067 1753 3137 expli-

198 3145 636 3215 cat,etexemplo
672 3149 834 3214 praeit
872 3148 1043 3217 ipsum
1096 3151 1419 3219 invocandi,
1471 3156 1634 3210 etiam
1698 3157 1751 3210 in

199 3231 263 3285 bis
306 3250 424 3304 qua:
469 3236 784 3292 Ecclesium
823 3255 969 3294 nune
1016 3241 1232 3296 turbant
1262 3244 1532 3298 variarum
1584 3262 1750 3300 nova-

198 3337 389 3395 tumque
423 3329 759 3397 opinionum
810 3334 1259 3401 tempestatibus:
1293 3352 1429 3404 quas
1475 3337 1638 3392 veluti
1692 3340 1742 3394 in

197 3419 377 3480 speculo
407 3434 723 3488 proponere
750 3420 964 3475 videtur
1004 3434 1185 3477 noster
1216 3424 1519 3483 Ludovicus
1553 3428 1747 3482 Maim-

196 3501 354 3574 bourg,
384 3509 610 3564 duobus
641 3511 808 3565 tomis
829 3511 1037 3569 Gallice
1060 3517 1218 3570 editis
1242 3526 1296 3572 et
1326 3518 1566 3573 Historia
1599 3522 1756 3575 Aria-

207 3599 323 3653 ἠδηιί
366 3603 683 3672 appellatis,
718 3603 812 3659 ubi
849 3604 908 3661 S.
953 3606 1284 3664 Athanasius
1316 3611 1611 3683 praecipuas
1639 3608 1756 3668 ubi-

209 3706 277 3758 que
301 3704 487 3763 partes
513 3702 651 3765 agit.

252 3785 365 3848 Quit:
398 3797 586 3841 autem
612 3795 947 3857 quantaeque
973 3788 1200 3843 virtutes
1233 3790 1349 3858 ejus
1386 3791 1438 3850 in
1467 3802 1574 3845 tam
1603 3795 1750 3849 varia

201 3871 380 3929 'ortttna
434 3888 491 3931 et
545 3877 857 3947 jactatione
900 3881 1228 3947 exstiterint,
1257 3882 1300 3936 si
1330 3884 1456 3952 quis
1512 3885 1639 3943 velit
1686 3902 1752 3940 ex

215 3968 451 4029 psiusmet
477 3970 705 4039 scriptis
739 3969 1032 4025 collectum
1068 3973 1275 4037 videre,
1314 3975 1475 4030 habet
1498 3977 1750 4032 ultimum

216 4062 362 4116 ibrum
399 4064 541 4118 Vita!
576 4063 807 4120 Gallica:
844 4102 858 4127 ,
895 4065 947 4118 in
1000 4064 1265 4135 principio
1292 4067 1522 4127 laudatae
1549 4108 1563 4132 ,
1599 4071 1752 4139 cujus

195 4156 518 4209 suntmariam
548 4156 831 4227 synopsim
858 4171 954 4226 per
976 4157 1210 4225 capitum
1260 4160 1441 4215 titulos
1492 4161 1577 4215 hic
1606 4162 1754 4217 lubet

196 4257 483 4314 proponere.

768 4382 773 4387 ‘
829 4375 986 4413 LIBER
1013 4376 1110 4415 XII.

197 4449 302 4535 Cir.
326 4453 368 4507 Ι.
391 4454 476 4535 .De
522 4453 732 4524 ﬁde-S.
766 4452 1080 4517 Athanasii,
1117 4452 1456 4523 fundamento
1498 4466 1747 4509 constan—

257 4533 331 4593 tia!
354 4533 487 4593 ejus.

1866 1929 2178 1997 przedictum
2208 1932 2383 1993 adhuc
2418 1933 2575 1987 hodie
2602 1943 2851 1988 servatur
2884 1936 2937 1989 in
2972 1938 3318 1999 monasterio.
3360 1939 3427 1993 ad

1865 2022 2004 2091 quod
2031 2022 2264 2076 delatum
2294 2022 2449 2081 initio
2477 2023 2597 2089 fuit,
2622 2023 2839 2079 Sanctae
2864 2024 3056 2080 Crucis
3091 2028 3156 2081 de
3180 2026 3426 2093 Jutlaica,

1863 2127 2046 2165 earnm
2078 2113 2375 2168 insularum
2406 2129 2533 2181 una,
2565 2131 2684 2185 qua:
2719 2115 3032 2171 Veneticum
3066 2118 3256 2170 urbem
3290 2134 3426 2186 qna-

1864 2203 1985 2255 dant
2018 2203 2181 2256 veluti
2212 2205 2661 2259 concatenatione
2689 2206 3047 2277 praecingunt,
3081 2222 3146 2261 ex
3178 2222 3240 2260 ea
3269 2217 3426 2275 parte

1862 2309 1969 2369 qua
2001 2295 2060 2348 S.
2094 2294 2254 2351 Marci
2311 2297 2534 2351 basilica
2586 2307 2642 2351 et
2690 2296 2865 2358 forum
2919 2314 3068 2353 mare
3107 2299 3422 2368 respiciunt.

1864 2384 2262 2441 Distinctiorem
2295 2387 2361 2442 de
2392 2389 2642 2456 praesenti
2693 2390 2939 2460 corporis
2981 2398 3123 2445 statu
3174 2390 3426 2461 factaque

1860 2477 1987 2532 olim
2050 2479 2406 2536 translatione
2456 2482 2704 2536 notitiam
2749 2482 3046 2553 requirenti
3081 2485 3231 2545 mihi.
3264 2484 3327 2538 ll.
3361 2483 3419 2537 Ρ.

1858 2566 2111 2638 Aloysius
2134 2568 2414 2640 Gonzaga,
2450 2568 2711 2639 professae
2739 2575 2928 2628 domus
2949 2583 3149 2628 nostra:
3179 2572 3423 2629 Venetiis

1856 2662 2198 2730 prtepositus,
2226 2677 2349 2718 cum
2387 2678 2485 2732 per
2522 2680 2580 2720 se
2600 2666 2849 2735 nequiret
2882 2668 3110 2731 servire,
3132 2665 3419 2731 adurat-ne

1858 2750 1995 2805 tiora
2021 2751 2180 2807 ollicii
2229 2754 2310 2808 sui
2340 2755 2553 2825 negotia
2589 2766 2846 2811 evocatus
2882 2757 2934 2811 in
2984 2771 3171 2826 agrum
3222 2755 3427 2811 P3I3Vi9

1859 2858 2008 2909 num,
2040 2846 2251 2901 curavit
2278 2854 2336 2900 ut
2364 2862 2502 2901 unus
2524 2863 2554 2901 e
2588 2847 2699 2902 suis
2747 2848 3119 2917 responderet,
3167 2846 3249 2900 vir
3290 2860 3423 2899 sane

1859 2933 2322 3001 accuratissimus,
2360 2934 2436 2990 uti
2469 2950 2535 2990 ex
2570 2936 2820 3003 sequenti
2848 2935 2966 3005 ejus
2994 2936 3217 3005 scripto,
3251 2934 3303 2989 in
3328 2951 3423 3004 ρης

1858 3021 1980 3076 blici
2024 3022 2316 3079 testimonii
2351 3024 2580 3079 formam
2610 3026 2816 3095 digesto
2847 3035 3086 3095 apparet.

1933 3132 1952 3166 ι
1992 3113 2049 3169 In
2087 3116 2304 3169 nomine
2338 3115 2573 3171 Domini.
2605 3118 2794 3171 Amen.
2821 3116 3069 3187 Aloysius
3114 3116 3419 3186 Carnolius,

1778 3194 1821 3255 C
1857 3206 2235 3275 Bononiensis,
2279 3207 2569 3263 Societalis
2618 3209 2746 3264 Jesu
2804 3208 3081 3279 professus
3107 3249 3123 3274 ,
3154 3224 3418 3265 annorum

1856 3296 1946 3364 59,
1984 3299 2193 3353 accessi
2226 3300 2313 3354 die
2343 3298 2412 3353 15
2439 3299 2774 3369 Septembris
2803 3314 2945 3354 anno
2972 3298 3109 3353 1676
3155 3301 3219 3353 ad
3255 3300 3423 3355 eccle-

1857 3390 1992 3447 siam
2033 3389 2342 3444 monialium
2369 3390 2583 3446 Sanctae
2617 3391 2826 3456 Crucis,
2859 3392 3068 3450 ordinis
3103 3392 3160 3452 S.
3195 3392 3420 3447 Benedi.

1856 3479 1925 3532 cli
1957 3519 1973 3541 ,
2037 3479 2271 3551 positam
2310 3478 2551 3537 ‘Venetiis
2603 3480 2657 3535 in
2725 3479 2944 3536 Judaica
2980 3498 2993 3535 :
3028 3489 3083 3536 et
3117 3481 3222 3535 vidi
3263 3497 3422 3552 super

1857 3570 2048 3634 altare,
2075 3571 2237 3624 situm
2273 3570 2325 3623 in
2378 3571 2555 3625 medio
2589 3571 2852 3637 ecclesiae,
2899 3588 3081 3627 arcam
3124 3572 3419 3645 ingentem,

1856 3660 2085 3730 ligneam
2116 3700 2131 3726 ,
2163 3676 2422 3732 conopzeo
2451 3662 2625 3718 serico
2669 3663 3000 3719 Damasceno
3027 3703 3042 3727 ,
3095 3665 3271 3717 aureis
3302 3665 3422 3716 tini-

1858 3752 1990 3807 hriis
2038 3754 2351 3820 terminato,
2385 3764 2627 3821 opertam
2658 3794 2675 3820 ,
2706 3754 2905 3809 aﬂ'ahre
2934 3756 3219 3824 seulptam,
3249 3770 3310 3808 ac
3340 3764 3423 3808 to.-

1857 3854 1961 3901 tam
1992 3842 2291 3896 inauratam
2324 3862 2338 3898 :
2372 3844 2464 3897 ubi
2488 3842 2636 3899 aiunt
2662 3844 2929 3899 asservari
2948 3859 3145 3913 corpus
3169 3842 3227 3903 S,
3261 3844 3423 3897 Atha-

1852 3933 2013 3996 nasii,
2045 3934 2279 4003 episcopi
2309 3934 2681 4000 Alexandrini,
2706 3936 2795 4005 qui
2822 3936 2924 3990 fuit
2942 3946 3134 3991 auctor
3168 3937 3418 4007 symboli,

1857 4021 2183 4092 Quicunque,
2216 4040 2341 4078 nam
2385 4026 2457 4080 ita
2489 4028 2888 4086 denuminatur.
2919 4029 3114 4086 Δηιοιο
3137 4044 3420 4096 (ξοηοβωο,

1854 4113 2062 4167 sublata
2090 4126 2170 4169 est
2200 4130 2325 4185 pars
2367 4118 2638 4172 versatilis
2687 4121 2927 4175 anterior
2951 4121 3218 4188 praediola;
3249 4135 3410 4181 arcte.

1854 4219 1918 4259 ac
1977 4220 2074 4275 per
2129 4208 2482 4264 nitidissimus
2530 4210 2777 4281 ingentes
2822 4214 3154 4281 crystallus,
3202 4215 3417 4269 admota

1853 4297 2015 4351 etiam
2044 4313 2144 4371 per
2169 4315 2254 4354 me
2281 4301 2369 4371 qui
2401 4304 2820 4357 conscenderant
2864 4306 3031 4361 altare
3061 4321 3162 4360 una
3186 4321 3254 4360 ex
3286 4322 3418 4359 can-

1853 4387 2010 4451 detis,
2046 4391 2112 4444 de
2140 4406 2293 4447 more
2350 4395 2563 4461 quoties
2600 4397 2787 4463 pateﬁt
2820 4411 2943 4451 arca
2994 4400 3271 4463 accensis;
3311 4400 3419 4453 vidi

1854 4489 2096 4534 sanctum
2120 4497 2317 4552 corpus
2343 4486 2616 4554 supinum,
2643 4497 2790 4542 veste
2833 4491 3117 4545 sacriﬁcali
3148 4492 3417 4561 pretiosis.

197 4561 634 4648 ιίξίξᾶειπιε
661 4604 711 4646 ει
738 4592 1020 4647 eminentia
1050 4593 1280 4647 δεεεηιίω
1320 4593 1465 4660 ejus,
1495 4592 1737 4663 SEN-pm-
1771 4561 1813 4615 Β
1847 4571 1983 4624 sima
2027 4573 2268 4628 indutum
2294 4594 2312 4632 ,ε
2342 4592 2440 4645 per
2471 4578 2623 4646 cujus
2658 4590 2830 4635 vestes
2854 4592 2911 4635 et
2959 4584 3161 4652 amplas
3202 4599 3265 4643 e-x
3300 4593 3417 4639 arte

256 4665 315 4713 ris
337 4675 378 4714 et
402 4665 675 4717 traditioni
708 4662 933 4714 innixw.

198 4726 265 4800 ΠΙ.
292 4732 358 4784 De
377 4751 463 4799 spe
485 4734 651 4800 ipsius
680 4742 729 4786 et
753 4732 954 4799 ﬁducia
975 4732 1026 4782 in
1057 4729 1245 4787 Deum.

198 4797 267 4871 εγ.
302 4803 367 4854 De
398 4797 661 4855 rimi-irate
682 4797 809 4871 ejus
841 4816 963 4871 erga
993 4801 1174 4871 Deum.

201 4866 250 4919 ν.
277 4871 341 4921 De
378 4889 552 4925 umore
582 4866 721 4939 ejus'
742 4886 877 4941 erga,
900 4866 1199 4923 Ecclesium
1233 4873 1285 4924 in
1318 4888 1519 4940 genere,
1548 4880 1597 4926 et
1628 4889 1743 4941 spe-

253 4942 441 4993 cialiter
464 4959 587 5009 erga
630 4940 1076 5009 Alexandrinam.

199 5002 270 5077 lii.
306 5011 372 5062 De
398 5002 683 5077 prudentia
713 5018 763 5062 et
783 5008 999 5076 justitiu
1036 5008 1095 5062 S.
1133 5009 1427 5062 Athanasii.

200 5074 289 5147 fil.
314 5080 379 5132 De
399 5074 718 5147 fortitudine
741 5074 793 5130 et
821 5080 1253 5146 magnanimitate
1281 5081 1537 5147 ejusdem.

204 5143 307 5199 Vlll.
342 5143 410 5202 De
438 5146 837 5218 frequentiejus
872 5143 1071 5200 recessu
1108 5159 1153 5205 et
1192 5143 1316 5218 fuga
1337 5188 1354 5213 ,
1380 5154 1740 5218 pusillanimi-

256 5220 363 5289 tatis
398 5219 814 5289 haudquaquam
848 5221 1167 5289 accusanda.

199 5278 271 5337 IX.
305 5287 369 5339 De
394 5278 821 5355 patientia'ejus.
851 5288 1133 5353 quantique
1165 5289 1219 5340 in
1248 5289 1499 5355 regimine
1530 5293 1738 5343 anima-

256 5371 355 5409 rmn
384 5360 556 5423 fecerit
587 5357 906 5412 exercitium
947 5357 1101 5422 hujus
1127 5359 1353 5409 virtutis.
1391 5396 1394 5400 λ

199 5417 253 5475 Χ.
282 5426 343 5479 De
368 5417 477 5495 ejus
504 5427 888 5496 temperantia,
924 5417 1040 5479 vita:
1062 5428 1371 5481 austeritate
1394 5439 1439 5481 et
1469 5431 1745 5497 perfectis-

253 5498 368 5549 sima
403 5498 756 5551 continentia.

198 5558 267 5615 XI.
314 5566 380 5621 De
437 5568 747 5623 humilitate
799 5573 850 5616 et
926 5564 1317 5618 mansuetudine
1393 5565 1450 5620 S.
1495 5568 1737 5622 Athana-

246 5652 320 5689 812.

190 5698 277 5759 Xll.
316 5707 448 5773 Quid
479 5708 707 5763 senserit
744 5707 809 5757 de
848 5715 987 5758 statu
1028 5704 1328 5772 episcopali,
1353 5715 1400 5757 et
1436 5708 1621 5773 quibus
1663 5725 1745 5761 re-

237 5779 358 5840 gulis
393 5781 689 5847 ingressum
738 5776 807 5830 ad
846 5778 1078 5831 excedens
1117 5776 1473 5846 prtumuuiertt
1505 5780 1742 5834 scribens

236 5850 299 5898 ad
332 5849 707 5903 Dracontium.

1848 4663 2013 4716 rimas
2041 4704 2056 4727 ,
2098 4665 2204 4719 vidi
2246 4667 2529 4725 brachium
2570 4672 2796 4724 alterum
2831 4682 2888 4728 et
2945 4673 3139 4740 femur,
3194 4691 3412 4731 manum

1842 4753 2009 4805 ctiam
2045 4763 2328 4824 utramque
2364 4770 2426 4810 ac
2449 4758 2645 4828 digitos
2680 4761 2964 4827 gemmatis
3002 4763 3217 4818 annulis
3253 4781 3416 4819 orna—

1846 4854 1951 4897 tos.
1983 4843 2156 4898 Pedes
2178 4845 2340 4905 habet
2364 4847 2669 4907 calceatus:
2693 4851 2882 4919 capitis
2905 4862 3083 4909 autem
3111 4854 3252 4918 loco,
3272 4858 3415 4925 quod

1846 4939 2050 5005 pridem
2079 4938 2306 4997 Romam
2338 4940 2567 4996 delatum
2596 4944 2764 5008 aiunt,
2789 4946 3124 5001 involucrum
3144 4959 3227 5003 est
3249 4951 3420 5018 quod-

1847 5030 1971 5084 dam
2000 5047 2064 5085 ex
2093 5031 2448 5087 subtilissima
2486 5036 2669 5105 bysso,
2703 5038 2877 5091 serico
2905 5039 3190 5109 pbrygiato
3221 5041 3419 5095 distin-

1846 5133 2014 5189 ctum,
2031 5123 2117 5178 cui
2147 5124 2299 5177 mitra
2319 5134 2400 5177 cst
2425 5125 2690 5194 imposita.
2710 5128 2915 5189 Parieti
2943 5131 3182 5185 ecclesiae
3198 5132 3422 5184 dextero

1848 5212 2003 5266 allixa
2036 5224 2121 5268 est
2150 5217 2484 5285 prmgrandis
2527 5219 2727 5284 tabula,
2764 5236 2870 5275 non
2908 5222 3241 5290 ineleganter
3274 5223 3422 5289 depi-

1847 5312 1933 5354 cta
1966 5342 1983 5368 ,
2016 5303 2069 5357 in
2102 5302 2258 5373 cujus
2308 5304 2476 5359 altera
2524 5318 2672 5375 parte
2727 5314 3104 5380 exprimuntur
3151 5321 3298 5380 gesta
3355 5312 3416 5364 S.

1847 5394 2131 5473 Athanasii
2173 5397 2490 5462 celebriora,
2520 5413 2580 5451 ea
2612 5404 2906 5467 praesertim
2939 5418 3057 5473 qua:
3101 5403 3151 5455 in
3174 5402 3419 5459 Romano

1848 5471 2123 5541 Breviario
2153 5487 2218 5539 ad
2243 5486 2278 5549 '2
2308 5488 2447 5541 diem
2486 5489 2609 5545 Maii
2646 5502 2935 5557 notantur;
2960 5471 3020 5546 in
3055 5492 3223 5545 altera
3267 5502 3419 5560 parte

1847 5578 2017 5630 series
2048 5587 2104 5633 et
2134 5579 2357 5633 historia
2410 5583 2776 5636 translationis
2827 5586 2893 5635 ad
2943 5583 3125 5637 urbem
3155 5582 3416 5637 Venetam

1846 5675 2008 5737 atque
2032 5666 2096 5721 ad
2126 5668 2262 5721 hanc
2293 5669 2482 5721 tndem.
2516 5670 2592 5721 Ex
2629 5670 2816 5723 eodem
2850 5671 3057 5739 pariete
3109 5671 3289 5723 videre
3332 5682 3415 5733 est

1849 5754 2133 5821 pendentia
2161 5756 2505 5813 anathemata
2541 5756 2691 5824 plura
2725 5758 2901 5810 votiva
2938 5774 3002 5811 ex
3032 5767 3279 5827 argento,
3333 5770 3414 5814 ta.

1850 5842 2124 5915 bcllasqne
2156 5846 2360 5913 ligneas
2391 5846 2656 5916 depictas,
2697 5848 2751 5903 in
2783 5846 2942 5906 tidem
2990 5862 3052 5908 ac
3100 5850 3415 5913 memoriam
