4010 6572
600 429 735 471 που
745 427 793 467 η

1946 402 2475 462 PROLEGOMENA.

607 535 897 589 sanitatum
951 540 1014 587 ac
1050 530 1433 586 beneficiorum
1487 539 1830 599 acceptorum
1870 525 2152 581 malorum-

2272 540 2290 572 ι
2340 523 2487 585 tutis,
2535 521 2741 579 Latinis
2793 538 3007 594 quoque
3061 524 3256 581 litteris
3296 526 3681 582 decantaretur
3723 542 3741 594 ;
3790 534 3842 585 et

605 641 712 696 que
742 623 1083 693 depulsorum
1120 638 1216 693 per
1244 623 1303 677 S.
1336 623 1715 678 Athanasium.

686 734 704 766 ι
732 713 998 768 Praeterea
1030 714 1079 767 in
1105 713 1435 768 Kalendario
1458 715 1688 777 Veneto,
1718 712 1833 768 sive
1856 710 2054 767 Ordine
2084 725 2169 765 re-

606 792 809 857 citandi
838 802 1001 855 divini
1040 801 1224 868 oﬂicii,
1248 803 1540 871 quotannis
1568 802 1798 870 imprimi
1829 802 1990 856 solito
2013 839 2028 865 ,
2078 797 2165 852 ubi

607 902 826 949 notatur
862 907 1056 947 nomen
1083 893 1140 947 S.
1175 894 1479 955 Athanasii,
1513 908 1728 961 semper
1753 892 1991 945 additum
2036 888 2168 956 legi-

608 983 874 1051 tur,‘Ejus
905 998 1097 1054 corpus
1130 985 1180 1037 in
1204 984 1429 1040 ecclesia
1460 985 1770 1038 monasterii
1801 983 2015 1037 Sancta:
2033 982 2169 1036 Cru-

592 1075 685 1128 cis
721 1074 770 1127 in
802 1072 1043 1128 Iudaica.
1083 1074 1140 1128 In
1196 1075 1333 1129 libro
1371 1090 1581 1143 quoque
1606 1074 1851 1129 Venetiis
1880 1073 2165 1141 impresso,

590 1166 687 1218 cui
746 1165 932 1219 titulus
965 1164 1314 1233 Chronologin
1350 1163 1564 1226 Veneta,
1619 1165 1818 1219 diserte
1876 1164 2161 1228 asseritur,

606 1256 658 1307 iu
693 1252 915 1309 Judaica
968 1271 1132 1325 penes
1174 1255 1457 1310 ecclesiam
1495 1256 1709 1309 Sanctae
1749 1256 1939 1309 Crucis
1983 1256 2166 1324 jacere

602 1361 797 1415 corpus
827 1347 884 1401 8.
915 1345 1198 1400 Athanasii
1256 1346 1574 1414 patriarchae
1599 1346 1971 1401 Alexandrini.
2018 1345 2164 1399 Tau-

602 1438 721 1488 dem
755 1438 1006 1491 monachi
1035 1436 1228 1502 Graaci,
1259 1438 1348 1504 qui
1385 1434 1626 1491 Venetiis
1657 1436 1841 1490 colunt
1875 1436 2161 1491 ecclesiam

601 1527 660 1581 8.
691 1527 902 1595 Georgii
937 1528 1268 1594 Graecorum,
1309 1529 1533 1598 singulis
1579 1529 1736 1583 annis
1784 1539 1922 1582 stata
1952 1529 2038 1582 die
2074 1544 2165 1584 ac-

603 1620 806 1673 cedunt
844 1619 1125 1674 ecclesiam
1168 1618 1381 1674 Sanctae
1404 1619 1596 1675 Crucis
1639 1619 1690 1673 iu
1723 1618 1972 1684 Iudaica,
2007 1627 2065 1672 ut
2108 1620 2162 1672 in

601 1722 666 1762 ea
700 1709 1092 1763 devenereutur
1119 1725 1313 1778 corpus
1351 1707 1408 1762 S.
1440 1708 1744 1769 Athanasii,
1771 1720 2032 1774 suamque
2071 1720 2163 1760 co-

599 1813 715 1852 ram
761 1800 874 1868 ipso
924 1802 1271 1870 psalmodiam
1319 1809 1581 1871 peragunt
1639 1801 1741 1853 ritu
1800 1798 2048 1853 solemni.
2102 1796 2160 1853 la

2276 631 2295 663 ι
2345 613 2531 683 quales
2570 614 2765 668 fuerint
2786 616 2902 686 ejus
2924 632 3101 671 mores
3128 633 3190 673 ac
3216 616 3524 686 disciplina,
3550 618 3836 688 qualisque

2275 721 2295 755 ι
2342 719 2439 774 pro
2466 705 2667 760 Christi
2701 706 2802 761 fide
2819 709 3159 762 concertatio
3190 710 3472 779 animique
3502 714 3837 776 constantia,

2274 813 2293 847 ι
2341 810 2467 849 vere
2501 795 2839 866 ﬁdeliterque
2874 799 3266 867 diguosceretis
3297 816 3313 864 ;
3356 814 3474 853 cmn
3507 801 3839 857 existimetis

2274 904 2292 938 ι
2341 897 2574 941 veterem
2607 888 2752 942 illam
2781 890 2846 943 de
2880 904 2946 943 eo
2978 890 3095 943 viro
3124 890 3497 960 pervulgatam
3525 892 3837 955 historiam,

2274 994 2293 1027 ι
2342 992 2461 1045 quae
2498 979 2566 1031 ob
2602 988 2836 1032 vestram
2871 979 2921 1032 in
2954 993 3077 1033 eum
3128 980 3468 1035 devotionem
3506 981 3755 1050 quotidie
3789 981 3838 1034 in

2274 1082 2295 1117 ι
2343 1068 2541 1123 vestris
2570 1079 2816 1123 versatur
2846 1072 3117 1135 manibus,
3156 1072 3580 1141 haudquaquam
3624 1073 3838 1127 ﬁdelem

2271 1174 2289 1207 ι
2332 1172 2472 1220 esse,
2508 1175 2612 1214 nec
2635 1159 2923 1227 ejusmodi,
2950 1160 3145 1229 uteius
3181 1164 3360 1217 oratio
3393 1164 3494 1218 viri
3535 1164 3686 1220 illius
3713 1181 3838 1236 gra-

2269 1265 2291 1299 ε
2340 1250 2487 1303 vitali
2520 1267 2581 1305 ac
2604 1254 2935 1321 praestantia}
2984 1255 3152 1322 possit
3207 1255 3309 1308 ulla
3341 1255 3391 1309 in
3426 1265 3581 1324 parte
3614 1272 3840 1326 respon-

2271 1358 2290 1393 ι
2338 1343 2464 1395 dere
2503 1359 2519 1408 ;
2559 1344 2926 1416 judicetisque
2974 1361 3093 1400 eam
3128 1347 3183 1401 in
3242 1348 3427 1402 multis
3468 1349 3837 1419 apocrypham

2267 1449 2289 1483 ι
2334 1448 2474 1496 esse,
2509 1450 2608 1488 nec
2642 1435 2843 1504 ubique
2871 1437 3156 1490 veritatem
3189 1439 3495 1491 'coutinere
3537 1456 3551 1491 :
3607 1454 3841 1509 eamque

2268 1539 2289 1573 ι
2337 1538 2430 1592 per
2467 1528 2822 1580 revereudum
2851 1526 3068 1581 Patrem
3114 1542 3289 1582 memn
3343 1529 3632 1598 virumque
3679 1532 3842 1585 devo—

2268 1631 2288 1667 ι
2338 1616 2600 1671 tissimum
2646 1617 3128 1683 Bartholomazum,
3174 1618 3233 1675 8.
3276 1618 3479 1675 Nicolai
3539 1621 3591 1675 in
3632 1620 3843 1676 Littore

2264 1723 2288 1758 ς
2333 1708 2602 1776 abbatem,
2658 1709 2724 1763 ad
2768 1724 2853 1763 me
2902 1710 3147 1774 misistis,
3191 1722 3247 1765 ut
3289 1727 3396 1767 non
3436 1722 3625 1767 vestro
3668 1715 3841 1781 magis

2268 1816 2288 1850 ι
2334 1815 2494 1868 quam
2549 1816 2665 1856 meo
2711 1816 2929 1871 quoque
2994 1801 3197 1871 judicio
3246 1813 3339 1858 aut
3390 1804 3846 1874 comprobaretur

602 1890 799 1960 templo
839 1891 898 1946 S.
939 1892 1210 1946 Laurentii
1234 1900 1486 1946 servatur
1512 1890 1710 1952 adhuc.
1745 1899 1800 1944 et
1837 1890 2051 1957 quidem
2091 1890 2159 1944 ab
2191 1879 2234 1934 Β
2266 1907 2285 1941 ι
2338 1900 2431 1944 aut
2458 1890 2812 1947 refelleretur.

589 1983 804 2049 aliquot
832 1982 1061 2045 saeculis,
1095 1982 1292 2050 digitus
1319 1996 1350 2036 e
1370 1991 1561 2035 sancto
1605 1994 1832 2049 corpore
1865 1980 2115 2034 revulsus
2143 1999 2157 2033 τ

598 2076 735 2143 apud
770 2075 1028 2130 moniales
1058 2090 1183 2130 vero
1219 2075 1278 2133 S.
1314 2074 1590 2130 Zachariae
1628 2074 1868 2128 Venetiis
1896 2090 2160 2143 nusquam

582 2174 678 2219 est
712 2165 770 2219 8.
804 2165 1133 2222 Athanasius
1163 2181 1179 2219 :
1204 2182 1307 2221 non
1350 2166 1465 2235 ejus
1496 2181 1714 2235 corpus,
1751 2180 1855 2219 non
1890 2179 2013 2233 pars
2040 2180 2163 2219 cor-

579 2258 763 2327 aporis,
792 2273 895 2312 non
920 2258 1149 2328 reliquia
1180 2258 1320 2323 ulla;
1354 2275 1458 2313 non
1486 2266 1915 2319 monumentum,
1942 2272 2045 2310 non
2077 2266 2161 2311 ta-

584 2347 722 2401 ~bula
771 2348 978 2416 privata
1009 2357 1099 2401 aut
1130 2348 1339 2417 publica
1365 2366 1379 2413 ;
1423 2364 1528 2402 non
1565 2362 1748 2401 rumor
1777 2345 1889 2399 sive
1920 2344 2063 2398 fama
2095 2346 2162 2401 de

588 2439 701 2493 hoc
733 2438 931 2507 aliqua,
966 2454 1142 2507 neque
1161 2440 1299 2508 apud
1324 2440 1470 2509 ipsas
1493 2438 1778 2493 moniales.
1808 2436 1871 2490 Et
1908 2435 2020 2489 haze
2041 2444 2161 2503 post

595 2531 998 2586 exactissimam
1054 2531 1455 2602 inquisitionem
1483 2572 1500 2599 ,
1537 2543 1702 2603 atque
1731 2530 1865 2585 adeo
1912 2537 1970 2582 ut
2012 2538 2161 2584 certe

594 2609 823 2677 certiora
859 2632 1109 2677 attestor.

674 2735 709 2768 ι·
732 2716 825 2770 llis
854 2716 923 2769 ita
960 2714 1217 2783 inspectis
1251 2714 1702 2769 reverendissima
1728 2715 1960 2770 cmuobii
2015 2714 2160 2770 illius

596 2808 892 2871 abbatissa,
927 2809 989 2862 Π.
1011 2806 1221 2861 Caecilia
1245 2805 1466 2869 Cesara,
1508 2817 1771 2861 exorante
1809 2806 1969 2860 nobili
2006 2820 2161 2861 seua-

597 2915 713 2956 tore
746 2901 807 2955 D.
844 2899 996 2953 Livio
1045 2897 1285 2962 Sanudo,
1339 2897 1534 2953 obtulit
1577 2898 1708 2951 mihi
1757 2898 1973 2963 librum,
2019 2899 2157 2968 apud

590 3012 651 3047 se
684 2993 898 3048 solitum
919 2990 1212 3053 asservari,
1241 3005 1363 3044 cum
1398 2992 1499 3044 hoc
1532 2989 1688 3045 titulo
1725 2989 1906 3044 ltalice
1930 2990 2154 3056 scripto,

590 3085 747 3140 Liber
788 3085 841 3137 in
894 3100 993 3155 quo
1042 3083 1105 3137 de
1171 3081 1289 3135 Vita
1338 3091 1385 3135 et
1432 3080 1775 3135 translatione
1833 3080 2049 3151 gloriosi
2092 3081 2152 3137 S.

590 3177 893 3232 Athanasii.
928 3176 1024 3230 Est
1061 3174 1229 3229 codex
1260 3174 1313 3227 in
1341 3182 1554 3242 quarto,
1586 3181 1644 3226 ut
1669 3172 1843 3241 aiunt,
1871 3174 1939 3228 ad
1962 3172 2154 3229 crassi-

591 3270 717 3324 tiem
753 3267 959 3338 pollicis
988 3266 1206 3320 humani
1229 3265 1472 3318 consueti
1501 3272 1813 3333 compactus
1839 3278 1904 3317 ex
1928 3264 2154 3319 crassis-

588 3363 724 3418 sima
766 3362 972 3421 cltarta,
997 3359 1186 3428 ligneis
1229 3356 1438 3411 tabellis
1468 3366 1725 3421 armatus,
1764 3356 2047 3424 libulisque
2072 3371 2157 3411 co-

598 3453 792 3507 riaceis
822 3436 1065 3505 occlusus
1093 3468 1107 3504 :
1137 3450 1187 3502 in
1214 3464 1324 3519 quo
1350 3458 1471 3517 post
1499 3458 1772 3502 narratam
1800 3448 2001 3502 cursim
2052 3448 2154 3502 lta‘

587 3542 716 3607 lico,
747 3542 840 3595 sed
872 3539 1297 3593 iuconditissimo
1330 3551 1579 3592 sermone
1612 3538 1785 3591 Vitam
1818 3539 1877 3594 S.
1912 3536 2155 3590 Athana-

589 3634 676 3698 sii,
712 3631 951 3686 cecurrit
979 3630 1064 3685 hic
1090 3629 1278 3682 titulus
1314 3646 1328 3683 :
1372 3628 1565 3697 Incipit
1609 3627 1887 3681 translatio
1937 3628 2152 3697 gloriosi

588 3726 648 3781 S.
676 3724 956 3778 Athanasii
979 3723 1296 3792 patriarcha:
1325 3721 1714 3775 Alexandrini:
1737 3737 1898 3790 quam
1922 3720 2153 3775 ﬁdeliter

590 3820 643 3873 in
674 3818 913 3887 linguam
950 3814 1197 3868 Latinam
1230 3812 1425 3867 deinde
1455 3812 1706 3867 transtuli
1737 3822 1791 3866 et
1824 3813 2147 3867 translatam

587 3926 694 3964 una
720 3924 842 3963 cum
866 3907 1015 3961 hisce
1038 3904 1211 3959 mitto.
1242 3902 1484 3956 Meminit
1511 3902 1652 3957 idem
1686 3902 1819 3956 liber
1842 3904 1965 3957 anni
1989 3903 2149 3970 1600,

584 4017 694 4073 quo
731 4016 800 4054 ex
828 3998 996 4069 priori
1028 4012 1151 4052 arca
1192 4011 1387 4066 corpus
1419 3994 1478 4051 S.
1532 3994 1812 4049 Athanasii
1854 3995 2148 4064 repositum

587 4093 689 4147 fuit
719 4091 995 4146 decentius
1039 4090 1092 4142 in
1141 4087 1544 4159 elegantiorem,
1580 4100 1698 4155 quae
1732 4086 1889 4140 hodie
1918 4088 2146 4155 visitur,

592 4198 812 4248 arcam;
843 4196 940 4236 nec
979 4181 1093 4235 sine
1136 4194 1328 4249 pompa
1370 4178 1656 4248 populique
1684 4176 1883 4232 aiIlusu
1928 4169 2148 4234 restituJ

588 4285 699 4330 tum
724 4272 946 4329 solemni
979 4272 1081 4326 rittt
1108 4271 1159 4325 in
1182 4270 1427 4325 eumdem
1452 4269 1627 4324 locum
1662 4271 1746 4325 die
1781 4274 1798 4326 Ι
1834 4270 2148 4324 Maii.Anuo

585 4374 765 4421 autem
799 4363 1202 4431 1635,1'ubcnte
1227 4361 1486 4415 cardinali
1515 4361 1789 4426 Cornelio,
1836 4361 2145 4429 patriarcha

581 4457 812 4521 Veneto,
840 4457 904 4508 ad
932 4463 1312 4509 ornamentum
1340 4462 1501 4523 atque
1532 4452 1753 4507 tutelam
1790 4452 2034 4524 apposita
2064 4453 2143 4506 ei-

575 4548 699 4603 dem
736 4545 1017 4618 crystallus
1038 4552 1141 4598 est.

657 4655 677 4690 σ
707 4639 881 4707 Atque
914 4637 1026 4691 [nec
1065 4650 1169 4689 una
1200 4650 1319 4690 cum
1354 4633 1605 4703 praedicta
1642 4631 2009 4687 translationis
2060 4630 2145 4686 hi-

577 4730 746 4785 storia
794 4728 1035 4797 excerpsi
1072 4742 1137 4779 ex
1181 4726 1320 4779 libro
1365 4742 1464 4780 ms.
1501 4724 1755 4794 praedicto
1786 4742 1799 4777 :
1832 4738 1990 4793 quem
2018 4738 2143 4776 cum

577 4820 857 4875 redderem
898 4816 1205 4880 abbatissae,
1255 4815 1323 4869 ab
1353 4815 1539 4869 eadem
1591 4824 1840 4868 ostensus
1884 4813 2016 4868 mihi
2060 4821 2143 4867 est

576 4911 716 4963 alter
739 4909 894 4971 liber,
921 4907 1065 4975 paris
1094 4904 1485 4975 magnitudinis
1514 4913 1569 4958 et
1617 4904 1826 4967 formre,
1858 4904 2022 4958 rubro
2058 4919 2144 4957 co-

577 5001 660 5052 rio
702 5008 1001 5060 contectus,
1048 4998 1173 5051 item
1220 4996 1622 5064 manuscriptus
1657 5011 1673 5057 ;
1722 4996 1774 5048 in
1812 5009 1918 5063 quo
1954 4996 2140 5047 eadem

578 5104 802 5156 prorsus
857 5088 1205 5142 continentur
1256 5101 1377 5154 qua:
1428 5086 1482 5139 iu
1523 5085 1713 5149 altero,
1757 5094 1843 5139 ast
1892 5099 2142 5139 sermone

576 5181 789 5245 Latino,
829 5195 949 5233 cum
1000 5178 1103 5232 hac
1154 5178 1502 5248 praeliminari
1548 5177 1798 5247 epistola.
1846 5195 1866 5229 ι
1921 5177 2143 5231 Hermo-

579 5293 597 5318 ι
650 5270 766 5324 laus
804 5269 893 5323 Dei
927 5270 1181 5338 patientia
1212 5269 1497 5339 episcopus
1527 5268 1858 5325 Veronensis
1883 5269 1950 5322 ad
1980 5281 2144 5322 vene-

580 5380 598 5412 ‹
653 5361 846 5415 rabiles
875 5360 1313 5416 sanctintoniales
1336 5359 1549 5415 Sancta:
1574 5359 1765 5414 Crucis
1795 5359 1861 5413 de
1893 5357 2139 5416 Judaica.

577 5472 596 5503 ι
646 5452 881 5507 Petiistis
907 5470 934 5506 a
972 5467 1079 5514 me,
1110 5466 1329 5507 sorores
1361 5468 1423 5507 ac
1477 5452 1599 5505 illia:
1655 5450 1707 5503 iu
1748 5450 1963 5504 Christo
2009 5450 2143 5504 dile-

579 5564 598 5595 ι
645 5548 918 5613 ειίεεὶιιιω,
956 5556 1013 5598 ut
1058 5546 1336 5598 Athanasii
1394 5542 1724 5598 sanctissimi
1770 5542 1868 5593 viri
1925 5541 2141 5604 Vitam,

578 5656 598 5688 ι
647 5652 806 5704 quam
854 5647 1064 5693 constat
1113 5639 1238 5690 olim
1272 5638 1339 5690 ab
1375 5635 1604 5690 Eusebio
1644 5632 1836 5686 Graeco
1893 5647 2140 5687 sermone

582 5744 603 5777 ι
650 5728 1029 5796 conscriptam,
1058 5727 1209 5781 vobis
1241 5727 1292 5779 iu
1329 5725 1574 5779 Latinam
1607 5722 1843 5789 linguam
1881 5721 2099 5777 traduce
2122 5752 2137 5763 -

583 5833 606 5866 ι
653 5830 799 5883 rem;
822 5828 878 5871 ut
906 5819 985 5871 vir
1019 5818 1123 5882 ille,
1153 5815 1437 5888 singularis
1469 5811 1799 5869 cxcellcutim
1834 5818 1991 5880 atque
2023 5813 2121 5866 vir-

2336 1995 2356 2028 ι
2389 1970 2582 2031 Veruui
2606 1979 2704 2033 etsi
2729 1993 2827 2049 ego
2855 1994 2959 2035 nou
2985 1979 3084 2034 sim
3120 1980 3379 2050 ejusmodi
3406 1981 3498 2051 qui
3528 1983 3844 2039 existimem

2269 2087 2288 2120 ι
2337 2083 2425 2124 me
2457 2084 2640 2139 posse,
2668 2078 2758 2124 aut
2784 2072 3045 2125 orationis
3078 2072 3338 2142 elegantia
3391 2086 3485 2129 aut
3529 2076 3848 2131 conversio-

2267 2177 2288 2211 ι
2338 2162 2422 2217 nis
2482 2162 2766 2232 dignitate,
2824 2175 3016 2218 vestrae
3053 2165 3118 2219 de
3170 2179 3255 2219 me
3304 2167 3704 2237 exspectationi
3755 2184 3843 2222 re-

2266 2270 2285 2303 c
2335 2252 2634 2321 spondere;
2665 2262 2718 2306 et
2759 2254 3093 2322 potissimum
3122 2269 3243 2309 cum
3280 2270 3495 2310 onmem
3528 2256 3677 2311 illam
3702 2273 3847 2327 pene

2266 2362 2285 2395 ι
2330 2345 2629 2399 litterarum
2661 2344 2970 2401 Graecarum
3005 2348 3385 2418 cognitionem,
3414 2365 3576 2419 quam
3605 2350 3681 2406 ab
3704 2352 3843 2405 ado-

2265 2452 2285 2485 ι
2333 2433 2587 2489 lesceutia
2632 2451 2749 2489 mea
2794 2437 3140 2503 imbiberam,
3188 2439 3301 2494 hrec
3361 2441 3653 2509 pastoralis
3701 2458 3841 2496 mea:

2266 2543 2285 2578 ι
2332 2525 2580 2597 adjuncta
2604 2527 2847 2595 dignitati
2878 2544 3008 2582 cura
3064 2540 3154 2584 aut
3190 2548 3601 2601 praeoccupasse
3648 2534 3845 2589 videa-

2268 2636 2287 2669 ι
2336 2627 2442 2684 tur,
2485 2628 2580 2673 aut
2607 2619 2672 2673 ad
2702 2620 2838 2674 alios
2870 2619 3116 2676 utiliores
3151 2637 3215 2677 ac
3240 2624 3550 2680 sanctiores
3588 2640 3725 2680 usus
3766 2628 3845 2681 di-

2269 2726 2287 2760 ι
2336 2710 2602 2774 vertisse;
2639 2719 2748 2764 tum
2790 2712 2952 2765 etiam
2992 2713 3117 2781 quia
3147 2714 3286 2767 nulla
3325 2724 3506 2770 exstat
3555 2719 3700 2786 apud
3740 2733 3843 2773 nos

2271 2819 2291 2852 ι
2332 2800 2519 2857 Graeca
2549 2803 2796 2867 historia,
2824 2804 2877 2857 in
2911 2819 3015 2873 qua
3044 2805 3400 2876 contemplari
3428 2807 3534 2861 viri
3581 2809 3730 2864 illius
3764 2811 3842 2862 vi-

2268 2912 2287 2946 ι
2333 2904 2438 2948 tam
2468 2909 2787 2963 possemus:
2820 2906 2977 2964 turpe
3010 2905 3186 2951 tamen
3231 2896 3468 2965 judicavi
3520 2899 3573 2953 id
3618 2900 3778 2954 vobis
3810 2916 3839 2953 a

2264 3004 2283 3037 ι
2330 3002 2417 3041 me
2441 2987 2650 3056 negari,
2686 2989 2827 3056 quod
2857 2988 3219 3059 iutelligeham
3268 3005 3366 3045 vos
3419 2990 3536 3045 zelo
3590 2992 3834 3061 quodam

2265 3096 2284 3130 ι
2331 3078 2541 3133 virtutis
2583 3093 2646 3133 ac
2698 3079 2833 3133 mira
2883 3080 2935 3134 in
2982 3096 3104 3136 eum
3148 3082 3322 3135 virum
3374 3083 3727 3138 veneratione
3780 3093 3837 3135 et

2264 3188 2283 3222 ι
2332 3170 2597 3224 charitate
2620 3172 2907 3239 deposcere
2942 3190 2954 3226 :
3017 3172 3286 3242 maluique
3330 3174 3648 3243 imprudens
3689 3174 3833 3232 forte

2266 3281 2286 3314 ι
2334 3265 2547 3319 caeteris
2573 3263 2767 3327 videri,
2798 3280 2958 3334 quam
3008 3263 3162 3318 vobis
3191 3263 3447 3329 defuisse,
3483 3280 3549 3320 ac
3582 3275 3694 3320 tam
3722 3266 3834 3321 ho-

2265 3371 2283 3404 ι
2331 3365 2497 3407 uesta
2546 3356 2793 3423 petitioni
2853 3364 2907 3409 et
2939 3355 3217 3424 cupiditati
3257 3366 3453 3410 vestra:
3500 3357 3711 3428 aliquid
3763 3359 3837 3415 de

2261 3462 2280 3496 ι
2327 3443 2509 3500 ollicio
2561 3461 2681 3499 meo
2715 3447 3093 3501 subtraxisse:
3124 3457 3174 3503 et
3213 3449 3514 3518 praesertim
3544 3465 3673 3505 cum
3707 3466 3837 3506 cer-

2264 3554 2284 3586 ι
2335 3546 2445 3590 ιυιη
2493 3547 2658 3602 esset,
2707 3538 3010 3607 pristinam,
3057 3554 3216 3607 quam
3267 3540 3333 3592 ad
3369 3553 3455 3594 me
3502 3540 3740 3597 misistis
3767 3542 3838 3598 de

2259 3646 2279 3678 ι
2325 3629 2442 3682 viro
2480 3642 2544 3683 eo
2605 3628 2903 3693 historiam,
2953 3630 3224 3700 plerisque
3256 3631 3306 3684 in
3334 3631 3486 3697 locis,
3521 3635 3836 3702 pmsertim

2260 3739 2279 3772 r
2326 3735 2447 3774 cum
2470 3722 2535 3775 ad
2565 3722 2726 3777 linem
2778 3721 3105 3792 devergitur,
3134 3738 3360 3794 prorsus
3387 3738 3416 3777 a
3450 3724 3689 3781 veritate
3736 3728 3839 3781 de-

2258 3832 2276 3865 ι
2324 3813 2560 3870 ﬂectere.

2330 3924 2348 3956 ι
2383 3904 2509 3959 Feci
2544 3906 2724 3978 igitur,
2756 3916 2866 3961 uta
2901 3921 2984 3961 me
3014 3906 3221 3976 petistis
3259 3924 3273 3973 ;
3306 3923 3410 3961 non
3450 3922 3514 3962 ea
3554 3907 3698 3966 forte
3744 3911 3836 3967 di-

2258 4017 2276 4050 ι
2326 4001 2531 4069 gnitate
2564 4008 2657 4054 aut
2685 3999 2977 4069 elegantia,
3002 4014 3161 4069 quam
3209 3998 3462 4053 videmini
3495 4014 3526 4054 a
3565 4016 3656 4057 me
3684 4003 3836 4059 desi-

2255 4108 2274 4141 ι
2326 4091 2537 4157 derare,
2597 4100 2689 4144 aut
2727 4106 2846 4160 qua:
2901 4092 3035 4144 tanti
3074 4090 3175 4144 viri
3240 4090 3426 4160 gloriaa
3475 4094 3831 4157 conveniret,

2254 4198 2273 4230 e
2319 4196 2476 4250 quem
2527 4191 2741 4237 constat
2791 4181 3252 4252 elegantissimum
3317 4181 3536 4248 fuisse;
3592 4185 3688 4239 sed
3738 4201 3830 4251 ea,

2255 4290 2274 4322 ι
2319 4286 2480 4341 quam
2523 4272 2655 4325 mihi
2686 4286 2784 4340 pro
2817 4286 2910 4325 sua
2946 4269 3275 4341 benignitate
3304 4269 3597 4328 ineﬂabilis
3619 4289 3685 4329 ac
3724 4275 3835 4329 im-

2252 4384 2272 4417 ι
2321 4381 2507 4421 mensa
2545 4365 2780 4435 Spiritus
2814 4364 2987 4436 gratia
3017 4364 3365 4433 conspiravit.
3405 4361 3587 4421 Unum
3632 4367 3835 4423 certis-

2253 4477 2272 4511 ι
2318 4459 2511 4513 simum
2536 4468 2639 4519 est,
2663 4473 2747 4511 me
2775 4458 3057 4514 veritatem
3087 4460 3153 4512 de
3175 4473 3238 4513 eo
3258 4456 3376 4511 viro
3399 4459 3828 4527 conscripsisse,

2174 4559 2217 4613 ι)
2252 4568 2269 4600 ι
2315 4549 2600 4603 Eusebium
2643 4547 2982 4615 potissimum
3024 4558 3304 4612 secutum,
3354 4560 3514 4614 quem
3562 4547 3830 4603 ﬁdelissio

2252 4659 2271 4692 ι
2318 4656 2460 4694 mum
2478 4641 2795 4708 scriptorem
2822 4649 3001 4693 nostra
3022 4654 3233 4708 semper
3249 4637 3485 4692 Ecclesia
3503 4642 3831 4709 comproba-

2252 4749 2271 4782 ι
2320 4731 2413 4784 vit.
2432 4729 2665 4798 Adjuuxi
2684 4738 2938 4800 praeterea
2954 4745 3060 4799 quo
3085 4739 3241 4799 pacto
3254 4728 3664 4783 sanctissimum
3682 4731 3831 4786 illius

2252 4840 2272 4873 ι
2321 4837 2515 4892 corpus
2547 4822 2612 4875 ad
2647 4836 2744 4875 nos
2772 4822 3088 4877 translatum
3128 4830 3235 4884 est,
3262 4836 3327 4875 ne
3358 4821 3624 4876 memoria
3664 4832 3831 4877 ιαιιιιε

2252 4929 2270 4961 ι
2324 4911 2396 4965 rei
2424 4910 2606 4980 aliquo
2637 4914 2812 4965 :etatls
2850 4928 2978 4965 casu
3016 4912 3300 4973 interiret;
3332 4911 3425 4965 sed
3462 4914 3649 4981 potius
3682 4928 3829 4966 sem-

2252 5022 2271 5053 ‹
2330 5019 2425 5069 per
2456 5012 2744 5072 perstaret,
2769 5012 2821 5056 et
2855 5003 3071 5057 :eternis
3101 5002 3400 5057 litterarum
3447 5008 3827 5061 monumentis

2254 5112 2271 5143 ι
2321 5092 2514 5147 futura:
2564 5093 2708 5145 aetati
2770 5092 3238 5145 commendaretur
3284 5108 3299 5156 ;
3344 5092 3831 5163 intelligerentque

2253 5204 2270 5237 ι
2319 5185 2540 5248 posteri,
2594 5193 2855 5253 quantum
2907 5182 3255 5251 benignitatis
3315 5197 3427 5253 sua:
3492 5182 3831 5238 immortalis

2252 5295 2269 5326 ι
2318 5276 2456 5330 Deus
2485 5275 2800 5344 praestiterit
2831 5274 2955 5328 huic
3003 5273 3208 5327 civitati
3257 5282 3478 5328 nostra}.
3515 5273 3637 5328 Non
3675 5278 3828 5329 enim

2254 5383 2271 5415 ι
2322 5368 2520 5417 tactum
2568 5380 2689 5419 esse
2734 5364 2784 5418 id
2832 5364 2947 5417 sine
2989 5362 3247 5431 singulari
3309 5362 3450 5416 illius
3506 5362 3836 5418 Diviuitatis

2253 5473 2272 5505 ι
2322 5455 2581 5509 beneﬁcio
2614 5465 2670 5509 et
2711 5468 2930 5508 nmnere
2963 5468 3179 5521 semper
3217 5452 3552 5517 existimavi,
3597 5463 3657 5507 ut
3714 5465 3835 5508 tam

2250 5564 2268 5596 ι
2316 5547 2615 5613 pretiosum
2644 5545 2862 5609 monile,
2892 5560 2955 5598 ex
2982 5543 3176 5598 mediis
3205 5544 3343 5597 illius
3366 5558 3537 5611 prope
3575 5544 3839 5597 civitatis

2260 5656 2277 5684 ι
2327 5636 2555 5691 ﬂammis
2584 5652 2647 5691 ac
2672 5638 2840 5691 ruinis
2864 5650 3128 5706 ereptum,
3160 5636 3225 5689 ad
3257 5651 3376 5689 eam
3406 5636 3689 5689 civitatem
3734 5637 3842 5688 de~

2251 5748 2268 5779 ι
2316 5731 2617 5791 duceretur,
2665 5728 2751 5781 cui
2814 5742 3025 5794 semper
3089 5726 3275 5794 gloriae
3340 5726 3443 5780 fuit
3499 5736 3839 5780 sanctorum

2251 5838 2267 5868 ι
2310 5835 2531 5888 corpora
2576 5834 2901 5888 magnopere
2935 5819 3218 5883 venerari;
3255 5826 3308 5871 et
3341 5817 3425 5871 hat
3473 5816 3737 5870 mulieres
3772 5816 3845 5872 id
