4010 6504
1379 427 1467 482 DE
1508 428 1736 490 CULTU
1770 431 1827 489 S.
1867 434 2266 496 A'l'llANASll.

3279 471 3451 513 CCLXV

202 540 228 571 ι
260 522 632 591 possiderent,
672 543 797 598 quin
822 526 1078 602 religione
1100 543 1155 588 et
1180 538 1471 596 sanctitate
1499 538 1553 595 in
1583 545 1771 598 eadem
1803 554 1849 611 Α
1879 566 1987 619 quo
2029 568 2115 608 res
2153 564 2307 620 gesta
2351 566 2437 612 est
2462 573 2609 613 anno
2633 561 2794 627 1454,
2832 566 2995 621 scribi
3022 567 3203 625 ltalice
3234 583 3447 641 coeptae,

203 636 219 667 ι
260 616 475 673 civitate
533 632 890 689 prmstarem,
949 637 1004 682 et
1063 644 1183 698 quae
1244 647 1459 703 semper
1514 638 1767 697 cultrices

203 728 218 755 ‹
260 709 579 767 exstiterint
636 714 761 785 ejus
815 718 911 772 viri
955 728 1008 774 et
1037 723 1389 781 continentiae
1438 738 1494 783 et
1540 728 1766 801 integri-

201 817 219 847 ι
261 799 393 853 tatis.
422 820 443 851 ι

260 908 277 941 ι
300 887 355 945 1η
402 894 559 949 calce
592 895 843 964 ejusdem
871 901 991 957 libri
1020 914 1197 961 exstat
1224 907 1456 963 oﬁicium
1495 914 1765 983 quoddam

198 982 253 1036 de
288 982 344 1037 S.
370 984 711 1055 Athanasio,
760 1008 858 1061 per
905 996 1152 1052 devotum
1190 982 1531 1059 sacerdotem
1573 1015 1629 1060 et
1668 1009 1766 1063 do-

195 1083 327 1127 ctum
369 1076 656 1134 dominum
713 1082 987 1153 IEgidium
1045 1089 1111 1145 de
1165 1092 1409 1148 Sarzana
1469 1099 1765 1154 secundum

197 1166 346 1222 ritum
371 1174 746 1230 monasticutn
785 1179 980 1249 :cujus
1022 1183 1230 1252 primus
1272 1186 1508 1257 hymnus
1541 1191 1609 1246 ad
1662 1190 1766 1247 Ve-

193 1274 368 1330 speras
405 1263 642 1335 incipit:

322 1350 458 1408 Ecce
490 1357 751 1424 defensor
771 1362 899 1431 ﬁdei
926 1382 1187 1436 superate.

191 1442 236 1497 in
266 1460 559 1516 progressu
605 1462 796 1508 autem
839 1456 923 1511 hie
961 1462 1199 1531 stropha:
1244 1461 1516 1533 legmitur,
1571 1479 1767 1537 praeter

192 1538 315 1593 alias
341 1559 355 1594 :

336 1650 545 1732 Yosque
572 1658 828 1712 thesauro
864 1660 1048 1715 Veneti
1073 1681 1274 1732 reperto

328 1723 573 1803 Qarporis
607 1732 1022 1803 εαιςεζὶνρξινὶιαε
1048 1723 1220 1803 ὁεὰια,

329 1793 713 1867 Αιηιιςᾉάοηιιιὶ
733 1800 962 1867 jubilate
983 1802 1092 1858 (teli

462 1864 521 1918 Μ
529 1882 692 1920 tmere
716 1864 887 1924 tanta.

330 1955 432 2041 res
464 1977 706 2041 quoque,
734 1975 984 2041 o_matres
1007 1966 1191 2041 Cruci;
1226 1971 1277 2023 in
1305 1956 1553 2041 Iudaica,

318 2026 560 2109 Cl'antieq‘
568 2026 616 2082 et
652 2032 844 2109 laudes
880 2049 1118 2109 resonent
1149 2040 1484 2109 frequentes:

321 2097 497 2181 Atqui
514 2098 704 2155 Patris
732 2119 927 2181 corpus
960 2097 1160 2163 honore
1187 2097 1346 2181 digno

454 2168 683 2233 Semper
720 2175 928 2232 habete.

198 2278 246 2335 ln
285 2283 441 2337 tertio
470 2294 753 2349 nocturno
801 2288 960 2355 huius
1002 2290 1183 2358 ofﬁcii,
1232 2305 1351 2364 post
1393 2298 1762 2369 Evangelium,

194 2381 446 2439 ponuntur
493 2373 772 2430 lectiones
811 2377 879 2432 de
926 2379 1145 2435 homilia
1193 2382 1463 2441 Hermolai
1515 2388 1760 2457 Barbari,

195 2464 407 2531 episcopi
448 2465 823 2532 Veronensis,
856 2478 909 2524 et
944 2472 1238 2540 incipiunt:
1282 2475 1521 2543 Vidistis,
1557 2498 1761 2539 sorores

193 2553 235 2605 in
258 2552 457 2609 Christo
489 2558 894 2614 dilectissime:
920 2563 1059 2617 unde
1090 2574 1303 2620 constat
1327 2579 1380 2621 et
1410 2572 1687 2640 prologum
1711 2559 1792 2628 et.

196 2653 330 2698 totam
371 2647 677 2702 historiam
713 2648 986 2716 Latinam,
1029 2655 1081 2708 in
1114 2656 1216 2712 hoc
1263 2658 1401 2716 libro
1432 2674 1761 2733 contentam,

194 2749 287 2789 esse
316 2736 604 2792 Hermolai
636 2739 890 2797 Barbari.
930 2762 952 2798 ι

250 2824 534 2884 Hactenus
574 2830 840 2901 Aloysius
889 2832 1211 2902 Carnolius,
1251 2840 1473 2911 jamjam
1524 2844 1763 2903 Venetiis

195 2914 497 2985 migraturus
535 2937 551 2983 ;
607 2937 707 2989 pro
760 2924 971 2992 reliquo
1018 2936 1221 2997 tamen,
1271 2933 1314 2985 si
1352 2934 1494 3000 quod
1532 2948 1763 2994 restaret

193 3020 345 3073 opere,
398 3010 733 3080 relinquens
785 3014 980 3069 ibidem
1021 3017 1083 3071 li.
1128 3018 1191 3074 P.
1252 3022 1527 3078 Danielem
1584 3027 1761 3083 Simo-

196 3101 326 3163 netti,
354 3104 423 3156 ad
456 3115 648 3173 cu-pta
676 3107 746 3159 ab
787 3107 879 3161 illo
904 3109 1162 3179 obsequia
1193 3119 1569 3185 prosequenda
1598 3135 1758 3188 para-

1875 661 1997 700 cum
2030 647 2351 706 Hermolaus
2384 652 2449 706 ad
2482 653 2843 713 Veronenscm
2876 664 3185 719 cathedram
3225 683 3444 737 promo~

1876 745 1962 792 tus
2000 756 2143 797 anno
2184 747 2531 813 praecedenti,
2585 764 2756 817 usque
2798 752 2863 804 ad
2918 755 3049 810 1471
3101 761 3261 813 vitam
3292 762 3342 814 in
3381 779 3455 816 cor

1877 846 2107 890 munere
2155 840 2489 909 prapagarit,
2531 842 2777 913 adeoque
2824 846 3066 915 pluribus
3110 853 3267 907 annis
3325 868 3445 925 post

1876 938 1991 979 rem
2033 938 2239 997 gestam
2286 941 2338 984 et
2365 934 2623 1004 scriptam
2665 952 2820 992 suum
2868 942 3181 1011 opusculum
3227 960 3444 1016 compo-

1874 1019 2048 1074 suisse
2075 1025 2307 1090 potuerit

1886 1152 2157 1238 Quomodo
2188 1158 2643 1242 (ιόηδςιςιηφτοροιὶΔ
2673 1166 3000 1242 deportatum
3035 1172 3103 1225 sit
3134 1189 3341 1242 corpus,
3377 1190 3443 1227 ea:

1962 1228 2120 1350 relegi
2152 1245 2277 1351 Jms.
2339 1228 2572 1301 Italico,
2626 1228 2904 1308 interprete
2960 1241 3174 1312 Atoysio
3225 1228 3441 1297 ’ϐαίην-

1985 1312 2033 1348 to
2111 1336 2125 1349 .
2195 1338 2211 1351 .

1985 1312 2033 1348 ιο
2064 1312 2125 1350 ι).
2152 1312 2211 1352 J.

1950 1405 1970 1437 ι
2042 1384 2156 1442 Sub
2202 1403 2403 1445 annum
2460 1392 2802 1452 millesimum
2847 1399 3437 1471 quadringentesimum

1868 1481 2381 1554 quinquagesiuunn
2414 1500 2661 1555 quartum
2689 1530 2705 1555 ,
2744 1507 2929 1548 mense
2962 1494 3264 1561 Decembri,
3293 1496 3438 1564 Con-

1870 1577 2274 1646 stantinopolim
2308 1594 2429 1633 cum
2478 1596 2573 1634 sua
2612 1598 2747 1637 nave
2790 1585 2994 1653 appulit
3031 1586 3093 1641 D.
3128 1586 3439 1643 Dominicns

1871 1666 2123 1721 Zotarelli
2160 1685 2175 1722 :
2205 1672 2345 1738 quod
2376 1689 2497 1726 cum
2529 1676 2867 1745 metropolita
2901 1678 3117 1744 quidam
3149 1679 3263 1732 sive
3290 1680 3439 1733 Cra--

1869 1775 1966 1815 cus
1989 1761 2278 1830 episcopus
2312 1764 2797 1836 intellexisset,qui
2829 1779 2939 1822 tum
2974 1770 3437 1838 Cotistantinopoli

1870 1854 2202 1919 morabatur,
2233 1856 2438 1924 pridem
2468 1860 2698 1928 cupidus
2730 1861 2945 1914 videndi
3000 1862 3234 1932 aliquem
3264 1864 3437 1918 homi-

1870 1958 1990 1996 nem
2050 1943 2384 1999 Catholicum
2410 1986 2426 2011 ,
2484 1949 2711 2001 acccSSit
2754 1949 2818 2000 ad
2877 1951 3097 2004 navim:
3132 1951 3183 2003 in
3213 1965 3439 2019 eamque

1871 2033 2106 2101 gratiose
2138 2050 2201 2088 ac
2231 2048 2569 2099 reverenter,
2603 2037 2675 2091 uti
2710 2053 2806 2106 par
2834 2050 2978 2102 erat,
3019 2049 3287 2108 receptus,
3321 2056 3439 2094 εαξ-

1867 2125 1946 2193 pit
1977 2140 2101 2180 cum
2133 2128 2284 2181 navis
2313 2136 2538 2197 patrono
2567 2143 2724 2197 agere
2744 2130 2810 2184 de
2839 2122 3001 2185 variis
3025 2142 3229 2186 sanctae
3251 2133 3434 2187 catho-

1866 2216 1982 2270 lica:
2026 2218 2149 2272 ﬁdei
2202 2220 2665 2287 persecutionibus
2693 2259 2709 2285 ,
2756 2235 2888 2289 quas
2946 2223 3085 2277 inter
3117 2223 3439 2278 numerabat

1867 2307 2253 2363 abscissionem
2297 2310 2610 2365 nobilissimi
2636 2312 2801 2368 unius
2830 2316 3077 2380 membri,
3109 2314 3261 2369 urbis
3286 2314 3435 2369 scili-

1866 2409 1950 2453 cet
1976 2399 2591 2469 Constantinopolitanae
2617 2403 2714 2477 (α).
2754 2406 2808 2459 ld
2834 2420 2961 2460 vero
2990 2422 3109 2460 cum
3140 2406 3435 2459 maximum

1866 2507 1987 2546 esse
2014 2494 2269 2547 damnum
2296 2494 2587 2550 aﬂirmaret
2618 2498 2942 2566 navarchus,
2974 2499 3247 2567 multaque
3295 2500 3431 2552 invi-

1865 2598 1983 2638 cem
2019 2584 2445 2642 lamentarentur
2479 2591 2545 2644 de
2567 2592 2708 2645 facto
2742 2591 2936 2645 ibidem
2970 2592 3437 2660 exterminio,quo

1866 2685 1944 2729 tot
1984 2676 2225 2733 ecclesia:
2275 2690 2430 2735 erant
2465 2683 2772 2743 destructas.
2803 2684 3076 2752 dissipata:
3118 2699 3207 2738 res
3244 2699 3432 2749 sacne,

1866 2779 2177 2823 sanctorum
2208 2787 2436 2841 corpora
2476 2785 2637 2842 atque
2692 2773 2935 2843 reliquiae
2988 2774 3247 2843 exposita!
3292 2773 3436 2828 ludi-

1863 2857 2011 2925 brio;
2072 2864 2409 2926 navarchus,
2447 2875 2704 2935 tanquam
2736 2880 2900 2921 verus
2935 2865 3239 2920 catholicus
3294 2865 3436 2918 mul‘

1865 2960 2085 3021 tumque
2139 2954 2454 3010 desiderans
2521 2959 2757 3025 aliquam
2829 2957 3097 3026 insignem
3154 2955 3432 3026 reliquiam

1864 3043 2162 3098 subducere
2220 3047 2470 3101 manibus
2520 3047 2871 3103 Turcicorum
2928 3049 3140 3101 illorum
3195 3063 3433 3112 canum,

1866 3135 2001 3190 dixit
2055 3137 2309 3206 episcopo
2344 3153 2359 3191 :
2398 3156 2416 3189 r
2456 3138 2670 3193 Utinam
2703 3179 2719 3204 ,
2776 3138 2955 3203 Pater,
3015 3139 3217 3192 auxilio
3255 3148 3445 3191 vestro

203 3192 468 3249 tissimum.
516 3196 661 3251 Tam
710 3212 959 3269 prompta
1014 3202 1178 3271 igitur
1218 3208 1494 3265 voluntate
1542 3228 1758 3280 usurus,

1869 3244 1888 3277 ι
1913 3224 2146 3294 aliquam
2165 3225 2427 3293 ejusmodi
2455 3228 2733 3297 reliquiam
2752 3230 2993 3283 obtinere
3012 3244 3243 3296 possem,
3259 3237 3313 3280 et
3328 3226 3434 3281 Ve-

192 3296 290 3334 cum
328 3286 646 3353 suspicaret
676 3304 741 3342 ex
784 3289 975 3345 Latina
1011 3292 1281 3350 llermolai
1338 3300 1561 3356 historia
1607 3320 1759 3358 sum-

194 3382 315 3437 ptum
350 3392 475 3432 esse
496 3389 821 3433 contextum
844 3381 1110 3449 Italicum,
1138 3389 1229 3455 qui
1264 3388 1402 3444 libro
1437 3394 1601 3463 priori
1627 3412 1758 3450 con-

198 3464 465 3535 tinebatur,
504 3487 573 3526 ac
621 3473 855 3539 proinde
882 3491 999 3530 eam
1030 3479 1143 3533 fore
1183 3484 1331 3550 operi
1365 3497 1555 3541 nostro
1592 3490 1761 3560 magis

199 3553 444 3625 idoneam,
503 3563 559 3616 in
607 3579 717 3631 quo
775 3567 1090 3634 proﬁtemur
1144 3572 1351 3641 singula
1405 3553 1757 3635 monumeiita

200 3646 306 3705 dare
334 3654 671 3723 primigenia
712 3668 998 3714 auctorum
1047 3664 1256 3732 phrasi.
1285 3669 1414 3735 petii
1444 3681 1499 3724 et
1525 3674 1758 3739 obtinui,

201 3748 248 3791 ut
276 3758 333 3795 ex
378 3743 580 3800 Latino
632 3764 852 3817 quoque
901 3751 1040 3808 libro
1087 3756 1491 3815 describeretur
1536 3764 1756 3821 historia

205 3834 544 3890 translationis
587 3848 647 3892 et
691 3843 1112 3902 miraculorum:
1143 3865 1265 3903 nam
1300 3866 1422 3920 quae
1449 3853 1515 3908 de
1545 3857 1662 3910 Vita
1689 3874 1756 3913 ex

206 3920 402 3980 Eusebio
420 3929 718 4000 collegisse
746 3934 1432 4001 proﬁtebaturllermolaus
1463 3962 1566 4000 non
1602 3960 1759 4005 erant

205 4029 329 4070 usum
385 4022 667 4090 habitura,
721 4042 833 4079 rem
895 4037 1059 4084 totam
1111 4036 1419 4091 accuratius
1472 4039 1755 4095 deductam

204 4106 526 4170 habentibus.
561 4115 765 4172 Verum
798 4132 854 4173 ut
886 4121 1008 4191 legi,
1056 4141 1177 4194 qua}
1225 4131 1547 4199 transcripta
1580 4146 1754 4198 erant,

201 4212 246 4253 et
268 4220 377 4258 cum
408 4208 641 4264 historia
675 4228 703 4263 a
723 4213 979 4268 Carnolio
1008 4219 1250 4272 traducta
1276 4223 1498 4287 contuli,
1530 4227 1755 4295 cognovi

202 4292 351 4361 illam,
385 4302 845 4368 quamvisltalice
872 4307 1151 4376 scriptam,
1184 4311 1543 4380 antiquiorem
1577 4326 1753 4371 tamen

197 4402 319 4455 esse,
350 4394 631 4464 multoque
658 4400 1062 4454 accuratiorem
1090 4404 1483 4470 compositione
1528 4406 1757 4464 Hermo—

194 4480 275 4548 lai,
318 4489 406 4552 qui
448 4489 822 4559 eloquentiam
866 4492 1183 4561 impendens
1215 4500 1580 4565 sermonibus,
1612 4503 1755 4556 inter

1866 3337 1883 3369 ι
1911 3317 2084 3372 nelias
2112 3313 2348 3384 deferre,
2374 3319 2533 3374 isthic
2558 3336 2676 3373 cum
2707 3320 2907 3373 honore
2929 3320 3107 3373 debito
3129 3318 3447 3372 habendam»

1864 3426 1883 3461 ε
1911 3419 2073 3478 atque
2095 3410 2402 3477 colendam,
2428 3426 2600 3481 neque
2622 3412 2851 3480 amplius
2882 3411 3301 3464 conculcaodam
3340 3425 3434 3478 pe-

1865 3519 1883 3552 ι
1910 3501 2064 3555 dibus
2092 3502 2386 3557 inﬁdelium
2414 3503 2637 3557 istorum
2672 3502 2902 3557 canum!
2932 3502 3088 3557 Certe
3120 3502 3250 3556 nihil
3281 3517 3344 3556 ea
3375 3518 3450 3556 re

1863 3608 1882 3645 ι
1906 3594 2107 3664 gratius
2135 3594 2265 3648 mihi
2302 3593 2478 3650 facere
2504 3610 2709 3665 posses.
2740 3615 2760 3646 ι
3122 3646 3127 3650 .

1941 3703 1959 3737 ι
2000 3684 2079 3738 Ad
2109 3686 2221 3740 [nec
2258 3688 2616 3757 metropolita,
2649 3686 3003 3742 considerans
3052 3686 3197 3756 pium
3238 3702 3428 3740 navar—

1859 3777 1947 3831 chi
1983 3776 2310 3833 desiderium
2339 3820 2355 3844 ,
2398 3790 2877 3849 contemptumque
2916 3779 3288 3849 quotidianum
3344 3795 3432 3833 sa-

1858 3886 2072 3925 crorum
2111 3888 2396 3942 corporum
2428 3874 2478 3926 in
2508 3872 2625 3927 loc»
2653 3914 2668 3939 ,
2712 3888 2773 3927 ac
2802 3871 2916 3925 zelo
2951 3871 3203 3940 religioso
3232 3879 3428 3931 motus,

1858 3962 1994 4015 dixit
2037 3961 2085 4015 ei
2123 3980 2137 4017 :
2174 3981 2192 4012 ι
2235 3961 2291 4016 Si
2344 3963 2440 4016 tibi
2490 3964 2725 4032 suppetit
2780 3963 2847 4017 ad
2879 3976 3000 4015 eam
3033 3978 3145 4016 rem
3179 3962 3389 4014 animus
3415 4001 3442 4021 μ

1865 4073 1882 4104 ι
1912 4056 2222 4108 monstrabo
2247 4069 2347 4123 ego
2380 4055 2640 4122 insignem
2660 4071 2817 4108 unam
2838 4066 2891 4109 et
2911 4053 3064 4107 valde
3083 4052 3437 4122 pretiosamJ

1858 4146 1991 4200 Cum
2043 4156 2219 4200 autem
2265 4148 2556 4212 recepisset
2624 4147 2927 4201 navarchus
2954 4154 3145 4200 cuncta
3182 4158 3277 4208 se,
3316 4160 3437 4212 qua?

1858 4246 2216 4307 suggereret,
2266 4237 2495 4291 ﬁdenter
2532 4249 2947 4301 exsecuturum;
2982 4254 3001 4287 ι
3036 4235 3220 4298 Vade.
3260 4234 3438 4300 ἱηψιίι

1862 4346 1880 4378 ι
1914 4328 2220 4395 episcopus,
2244 4328 2309 4379 ad
2351 4338 2650 4380 extremum
2684 4328 3052 4396 procurrentis
3086 4327 3138 4377 in
3169 4339 3318 4376 mare
3345 4325 3439 4374 tel-

1860 4435 1881 4468 ι
1909 4415 2039 4468 luris
2069 4415 2323 4485 angulum
2345 4418 2442 4486 (ὁ),
2473 4417 2541 4469 ibi
2580 4417 2632 4469 in
2667 4416 2756 4468 tali
2790 4415 2964 4483 platea
2993 4416 3067 4482 (et
3097 4413 3238 4467 hanc
3265 4412 3443 4462 nomi-

1863 4523 1882 4555 ι
1910 4504 2095 4577 nabat)
2118 4506 2362 4560 invenies
2388 4506 2646 4574 capellam
2683 4516 2925 4574 opertam
2955 4503 3202 4572 plumbo;
3227 4511 3281 4553 et
3303 4501 3353 4552 in
3375 4516 3441 4553 ea

197 4580 546 4635 translationis
575 4592 834 4638 auctores
863 4584 1005 4639 ultro
1029 4591 1279 4655 citroque
1330 4590 1550 4657 habitis,
1589 4608 1747 4661 prout
1784 4599 1828 4654 D
1864 4614 1882 4647 ι
1909 4611 2103 4664 corpus
2126 4595 2194 4666 (e)
2219 4595 2275 4651 S.
2300 4596 2580 4651 Athanasii
2606 4595 2928 4664 patriarchae
2952 4591 3324 4653 Alexandrini.
3352 4592 3453 4659 qui

194 4668 357 4727 haberi
414 4676 661 4743 potuisse
700 4676 1053 4744 videbantur,
1094 4682 1426 4749 explicandis
1478 4686 1751 4739 adornan-

191 4762 388 4833 disque,
424 4783 537 4821 rem
577 4770 756 4838 ipsam
785 4770 1027 4826 strictius
1052 4773 1318 4840 retulerit,
1348 4775 1635 4845 multisque
1655 4792 1753 4831 no-

195 4855 427 4913 tabilibus
451 4861 885 4937 circumstantiis
908 4863 1273 4933 imminuerit;
1304 4869 1557 4923 miracula
1576 4881 1750 4925 autem

188 4957 392 5011 prorsus
418 4938 693 5009 omiserit.
731 4952 914 5018 Quare
951 4971 1015 5009 eo
1049 4959 1283 5025 seposito
1314 4962 1519 5028 praetuli
1548 4966 1757 5019 versio-

189 5053 296 5093 nem
323 5040 583 5109 Carnolii,
617 5045 957 5101 strictiorem
996 5051 1194 5117 verbis,
1230 5054 1389 5107 rebus
1421 5056 1751 5121 uberiorem,

188 5140 424 5206 tanquam
446 5138 690 5193 historia
724 5152 792 5191 ex
826 5138 931 5193 ﬁde
963 5142 1302 5209 publicorum
1326 5146 1609 5212 Actorum,
1638 5146 1753 5217 ipso

243 5290 313 5362 (tr)
351 5293 405 5347 lu
456 5295 562 5349 hac
624 5294 889 5349 oratione
943 5298 1253 5352 adornanda
1306 5302 1587 5354 dimidiam
1639 5303 1752 5358 fere

182 5361 475 5437 scriptionis
503 5381 625 5441 suae
661 5375 876 5434 partem
920 5367 1141 5441 insumit
1189 5368 1534 5433 Hermolaus,
1566 5384 1753 5441 utpote

182 5428 227 5481 in
254 5437 445 5511 retenti
473 5428 678 5511 clade}
718 5447 879 5504 capta
902 5438 1046 5491 enim
1083 5450 1202 5494 erat
1242 5442 1371 5496 urbs
1422 5428 1750 5511 praecedenti

177 5512 303 5554 anno
326 5506 411 5557 die
436 5506 507 5561 l9
532 5504 692 5559 Maii.

238 5569 306 5642 (b)
338 5574 584 5653 'l‘rigona
617 5576 1389 5653 namque“ConstantinOpolis
1437 5591 1543 5645 est,
1595 5584 1751 5653 cujus

173 5653 325 5719 unum
359 5645 503 5699 latus
527 5645 841 5719 secundum
873 5645 1214 5719 Bosphorum
1253 5645 1593 5719 porrectum,
1635 5645 1747 5708 ter-

169 5711 396 5793 minatur
423 5717 656 5793 regione
684 5711 1206 5793 urbisduodccima,
1238 5711 1357 5791 qua:
1393 5723 1483 5779 hic
1507 5711 1750 5793 designa-

167 5789 271 5846 tur,
308 5786 373 5839 de
440 5802 507 5838 ua
543 5784 695 5839 infra
721 5784 985 5851 pluribus.

226 5852 297 5911 (ί)
322 5855 377 5910 in
396 5802 611 5911 iudica
640 5855 964 5911 nlcrunmue

226 5852 297 5923 (ί)
322 5855 377 5910 ln
407 5852 611 5913 ltalica
639 5855 964 5927 plerumque
995 5861 1329 5931 praeponitur
1368 5861 1560 5920 titulus
1602 5862 1744 5921 Mes-

1862 4702 1881 4735 r
1910 4686 2031 4738 lecit
2069 4685 2286 4741 tertium
2318 4685 2575 4740 Ecclesia:
2611 4685 2894 4739 catholicae
2942 4683 3258 4754 Symbolum
3319 4680 3397 4750 (d)
3426 4696 3441 4710 ο

1861 4799 1879 4832 ι
1913 4781 2054 4848 quod
2097 4781 2139 4835 si
2172 4781 2415 4849 potueris
2448 4781 2569 4835 inde
2596 4782 2845 4841 auferre,
2892 4778 3117 4834 habebis
3144 4786 3292 4833 certe
3319 4774 3448 4829 reli-

1860 4890 1879 4923 ‹
1905 4874 2081 4941 quiam
2111 4872 2539 4942 pulcherrimam
2569 4889 2703 4943 :ego
2740 4883 2920 4926 autem
2945 4871 3205 4927 constitui
3235 4870 3345 4923 cito
3378 4870 3447 4922 ab

1859 4980 1877 5013 ι
1906 4964 2005 5015 hac
2030 4964 2247 5033 regione
2280 4964 2591 5026 discedere;
2620 4979 2717 5015 nec
2751 4962 2893 5015 enim
2928 4962 3069 5016 ultra
3096 4960 3341 5016 sustineo
3370 4960 3448 5011 vi-

1860 5072 1878 5103 ‹
1906 5054 2031 5106 dere
2062 5063 2243 5107 tantas
2285 5054 2618 5122 iniquitates.
2648 5074 2665 5106 ›
2695 5054 2915 5109 Talibus
2954 5051 3071 5121 ejus
3102 5052 3263 5107 dictis
3290 5050 3448 5104 ﬁdem

1858 5146 2123 5203 adhibens
2148 5147 2482 5214 navarehus,
2512 5149 2801 5203 accersivit
2828 5146 2900 5219 (e)
2932 5162 3237 5217 naupegum
3264 5158 3445 5205 suum,

1852 5301 1947 5361 εἰν.
1977 5302 2025 5355 id
2052 5312 2135 5355 est
2164 5300 2441 5357 Dominus.

1927 5372 2004 5443 (ά)
2043 5376 2100 5426 S.
2133 5374 2422 5428 Athanasii
2467 5374 2780 5444 Symbolum
2815 5376 3029 5428 tertium
3062 5374 3280 5435 dicitur,
3314 5386 3441 5444 cum

1854 5454 2107 5510 respectu
2161 5444 2251 5513 ad“
2282 5446 2467 5509 priora
2517 5442 2635 5498 'duo
2678 5448 3049 5513 apostolicum,
3108 5460 3219 5513 quo
3279 5442 3439 5509 vulgo

1852 5515 2092 5579 utimur;
2122 5525 2175 5567 et
2201 5510 2506 5579 Nicwnum,
2535 5516 2678 5584 quod
2713 5510 2772 5567 in
2815 5516 3105 5568 missarum
3127 5510 3437 5567 'solemnus

1851 5584 2192 5662 deea‘tttatur.
2311 5655 2360 5662 __
2459 5654 2501 5662 __
2664 5653 2675 5662 _
2835 5653 2847 5662 _
2910 5653 2922 5662 .
3002 5653 3013 5662 .

1926 5652 1999 5723 (e)
2056 5653 2255 5707 Iterum
2310 5655 2399 5708 hic
2457 5653 2779 5707 Hermolaus
2835 5653 3039 5705 inducit
3095 5649 3430 5707 navarchum

1853 5725 2107 5777 oratione
2136 5724 2349 5791 prolixa
2400 5740 2529 5777 suos
2575 5726 2877 5775 hortantem
2912 5725 2976 5775 ad
3004 5740 3176 5789 opus;
3225 5737 3277 5779 et
3306 5740 3428 5777 eum

1853 5795 1943 5860 qui
1972 5807 2029 5846 se
2058 5794 2293 5866 obtulit,
2317 5796 2524 5866 fabrum
2553 5793 2841 5866 lignarium
2873 5795 3106 5857 appellat
3131 5814 3145 5866 ε
3184 5805 3351 5863 recte,
3383 5796 3432 5849 si

1856 5863 2124 5917 nauticum
2151 5862 2440 5934 intelligas,
2473 5861 2689 5919 Venetis
2720 5876 3033 5933 murangon.
