4010 6516
559 455 745 496 εωχγι

558 558 820 612 sermonis
862 556 1037 611 Graeci
1092 556 1321 625 peritum
1376 565 1430 610 et
1478 557 1759 623 regionum
1801 555 1986 618 urbis;
2033 553 2124 621 qui
2155 557 2197 612 A

560 649 965 716 pratnptissitno
1001 649 1184 701 animo
1235 663 1355 701 sese
1396 649 1587 702 obtulit
1628 648 1693 700 ad
1747 660 1905 713 opus,
1933 644 2119 699 dicens

530 738 836 790 ‘navareho
874 756 888 790 :
931 755 950 787 ι
1003 736 1136 790 Rem
1172 737 1301 790 mihi
1352 736 1555 790 credite
1580 776 1595 801 ,
1637 743 1691 786 et
1736 748 1834 801 ego
1868 732 2121 802 promitto

1895 428 2423 490 PROLEGOMENK.

2302 568 2327 602 ‹
2364 550 2499 605 Τυιιι
2532 550 2938 605 tlesitieraot‘.e'nt
2978 541 3296 607 tn‘esat‘trun'i
3333 540 3522 605 devote
3552 562 3615 605 ac
3649 556 3789 607 reve-

2228 648 2411 697 renter
2462 642 2765 709 suscipiens
2801 645 3101 697 naVarchus
3138 641 3233 713 (ε),
3297 642 3442 696 vovit
3483 655 3603 696 sese
3642 642 3792 695 iilnnr

2223 744 2560 807 perlaturum
2594 732 2847 788 Venetias
2871 774 2886 799 ,
2939 734 3357 801 oblaturumque
3392 732 3790 786 venerabilibus

563 845 583 876 ι
615 828 757 895 quod
786 828 958 895 ipsum
996 834 1241 882 sanctum
1267 843 1460 897 corpus
1490 826 1695 882 salvum
1722 825 1815 879 tibi
1846 826 1912 878 ad
1943 823 2122 900 navim
2224 827 2546 883 dominabus
2580 826 2791 880 Sanctae
2813 826 3004 881 Crucis
3036 827 3091 879 in
3120 823 3364 879 Iudaica.
3403 823 3607 878 Deinde
3642 830 3793 876 man”-

562 933 584 966 ι
616 916 881 970 deferam.
911 935 932 969 ›

640 1016 657 1057 t
696 1008 935 1075 Cumque
959 1008 1311 1062 deliberasset
1360 1008 1632 1076 negotium
1666 1006 1883 1077 aggredi
1925 1006 2010 1059 die
2031 1004 2127 1059 aii-

559 1110 667 1165 quo
704 1098 917 1151 turbido
951 1111 1013 1150 ac
1045 1096 1246 1164 pluvio,
1278 1096 1553 1149 crastinus
1580 1110 1702 1148 mox
1747 1093 1911 1148 talem
1957 1092 2006 1145 ei
2067 1106 2125 1146 se

560 1190 811 1255 praebuit,
843 1202 907 1241 ex
942 1197 1050 1257 qna
1086 1189 1267 1242 divina
1308 1188 1555 1241 voluntas
1588 1185 1895 1239 evidentius
1932 1183 2121 1250 patuit.

560 1271 766 1333 Videas
808 1293 938 1349 ergo
965 1288 1239 1347 naupegus
1270 1272 1558 1332 censilium
1585 1292 1737 1331 suum
1760 1292 1790 1328 a
1820 1274 1927 1329 Deo
1948 1274 2123 1343 dirigi,

560 1371 863 1439 caelumque
884 1385 948 1423 ex
979 1381 1100 1423 voto
1122 1384 1219 1423 suo
1244 1367 1806 1437 dispositum,nautica
1833 1380 1949 1419 sese
1979 1375 2127 1419 veste

562 1464 717 1531 longa
748 1463 960 1527 induit,
993 1473 1046 1516 et
1074 1476 1288 1515 saccum
1318 1460 1393 1533 (ιι)
1421 1461 1673 1528 sumpsit,
1702 1468 1861 1526 atque
1893 1459 1958 1511 ad
1988 1456 2129 1509 desi-

561 1565 783 1626 gnatam
809 1555 909 1608 sibi
930 1554 1203 1630 ‘capeliam
1233 1554 1481 1619 accessit,
1505 1552 1593 1605 ubi
1616 1552 1951 1605 benedictum
1986 1548 2128 1601 istud

562 1660 759 1713 corpus
787 1644 838 1697 in
863 1642 1051 1711 grandi
1089 1642 1261 1711 lignea
1291 1657 1453 1710 capsa
1486 1641 1702 1709 reperit,
1734 1640 1786 1692 in
1809 1638 1957 1706 cujus
1978 1652 2131 1707 oper-

567 1738 691 1791 culo
716 1738 783 1790 ab
821 1736 969 1790 intus
995 1735 1204 1803 depicta
1235 1745 1352 1787 erat
1373 1734 1542 1801 ﬁgura
1578 1744 1997 1799 expressumque
2034 1744 2130 1782 no-

563 1844 684 1881 men
738 1828 794 1882 S.
847 1824 1128 1887 Athanasii
1165 1827 1595 1894 :videbaturque
1644 1826 1752 1891 ipsa
1808 1838 1967 1891 capsa
2031 1835 2126 1890 per

2232 919 2378 973 davit
2410 917 2756 988 gubernatori
2812 916 3082 972 abducere
3115 916 3299 969 navim
3349 912 3415 971 ab
3469 931 3534 969 eo
3586 916 3639 969 itt
3687 930 3793 982 quo

2225 1010 2403 1063 stabat
2435 1009 2572 1076 loco,
2598 1009 2663 1061 ad
2696 1008 2861 1061 alium
2888 1007 3058 1076 magis
3080 1014 3328 1059 secttrum
3363 1018 3383 1061 :'
3408 1006 3475 1059 ad
3498 1006 3793 1060 Columnas

2226 1099 2293 1169 (Γ)
2320 1100 2540 1163 dictum,
2568 1100 2655 1152 tibi
2685 1098 2859 1153 solent
2884 1112 3048 1151 naves
3076 1098 3278 1151 armari
3322 1108 3337 1152 ἑ
3370 1098 3484 1167 ipse
3510 1108 3641 1165 vero
3663 1098 3794 1152 abiit

2228 1200 2367 1244 terra
2410 1189 2479 1243 ad
2512 1190 2717 1257 negotia
2748 1204 2864 1243 sua.
2900 1186 3240 1243 Gubernator
3284 1198 3463 1243 autem
3509 1188 3578 1243 ad
3629 1190 3792 1241 alitnn

2231 1296 2388 1351 quam
2418 1282 2506 1352 qui
2537 1281 2880 1349 praescriptus
2910 1289 3027 1331 erat
3066 1278 3242 1332 locum
3280 1293 3471 1332 navem
3514 1275 3792 1346 applicuit.

2230 1374 2400 1429 Noctu
2436 1386 2566 1441 ergo
2593 1387 2713 1425 curn
2749 1370 3064 1424 revertisset
3111 1369 3418 1423 navarchus
3446 1409 3463 1432 ,
3507 1368 3797 1436 locumque

2229 1467 2628 1520 considerasset
2655 1462 2933 1528 attentius,
2966 1472 3150 1532 utpote
3173 1478 3332 1532 quem
3373 1463 3646 1531 praecipua
3667 1472 3795 1515 cura

2229 1558 2549 1627 spectabat;
2604 1555 2824 1609 minime
2868 1569 3116 1609 securam
3148 1569 3274 1609 esse
3301 1554 3596 1608 stationem
3626 1552 3794 1616 vidit,

2231 1666 2404 1720 neque
2435 1650 2614 1704 navim
2657 1649 2728 1702 ibi
2755 1663 2877 1703 esse
2912 1648 3001 1701 ubi
3051 1647 3289 1715 iusserat
3334 1645 3626 1701 intellexit.
3680 1644 3799 1711 Quo

2232 1742 2446 1812 cognito
2482 1741 2615 1794 dixit
2645 1741 2920 1794 navarcho
2942 1740 3271 1808 gubernator
3303 1754 3318 1792 :
3361 1737 3591 1792 Domine
3625 1746 3803 1805 patro-

2233 1849 2299 1885 ne
2323 1875 2337 1899 ,
2398 1832 2530 1886 nihil
2584 1831 2839 1886 formides
2868 1849 2883 1886 :
2915 1831 3177 1901 profunda
3231 1828 3320 1885 hic
3359 1830 3502 1884 enim
3534 1837 3677 1899 aqua
3718 1834 3802 1883 est

563 1918 824 1987 capellam
861 1929 1071 1990 raptata
1122 1917 1283 1971 fuisse
1337 1932 1368 1971 8
1424 1916 1666 1969 Tttrcicis
1702 1899 1926 1967 Ctltllbtts
1952 1953 1965 1975 ,
2013 1923 2129 1965 erat
2164 1899 2205 1954 Β
2234 1923 2352 1993 plus
2386 1938 2764 1992 quanjqjoven]
2794 1899 3003 1991 passim,

562 2015 709 2066 enim
746 2022 932 2082 aperta
968 2005 1216 2079 maleque
1238 2008 1563 2077 composita.
1584 2007 1738 2059 Tune
1765 2021 2036 2074 naupegus
2056 2002 2129 2074 (b)

569 2112 846 2170 acceptum
921 2115 1117 2169 corpus
1177 2098 1472 2169 gloriosum
1530 2097 1751 2151 immisit
1809 2097 1861 2149 in
1916 2108 2130 2147 saccum

568 2209 723 2260 quem
781 2192 1028 2259 ferebat,
1063 2193 1156 2245 sed
1191 2176 1367 2244 minus
1421 2202 1583 2259 quam
1640 2190 1813 2257 ipsunt
1852 2196 1970 2240 erat
2016 2186 2132 2238 lon-

566 2301 727 2355 gum,
764 2284 992 2353 ideoque
1049 2296 1269 2337 necesse
1308 2274 1495 2335 habuit
1533 2272 1860 2349 eomplicare
1900 2278 2015 2346 ejus
2067 2276 2135 2329 ti-

568 2377 695 2432 bias
719 2376 791 2447 (c)
822 2395 835 2430 :
861 2375 1043 2443 itaque
1069 2374 1276 2428 meliori
1305 2382 1365 2426 ut
1385 2372 1557 2442 potuit
1585 2372 1744 2425 modo
1771 2370 2129 2438 compositum

573 2470 641 2522 ad
672 2470 776 2523 hoc
806 2476 862 2520 ut
895 2467 1070 2537 ipsum
1100 2463 1315 2519 auferre
1353 2470 1578 2534 posset,
1612 2463 1711 2515 sub
1738 2469 1884 2515 veste
1916 2475 2011 2513 sua
2041 2458 2134 2512 ab-

569 2562 723 2617 didit.
762 2540 770 2549 ’

651 2669 665 2703 ι
702 2651 964 2706 Prodiens
992 2658 1169 2703 autem
1212 2648 1387 2712 foras,
1434 2648 1487 2702 in
1517 2647 1629 2717 ipsa
1669 2646 1754 2699 via
1791 2644 1932 2698 haud
1979 2644 2136 2715 longe

569 2742 773 2812 capella
798 2742 1053 2812 przedicta
1094 2740 1226 2795 vidit
1256 2740 1470 2794 eminus
1515 2749 1705 2793 contra
1756 2752 1815 2791 se
1858 2736 2135 2790 venientes

568 2852 663 2889 sex
697 2833 903 2888 Turcas
932 2851 945 2886 ε
978 2848 1007 2886 a
1039 2834 1234 2902 quibus
1288 2824 1390 2885 sibi
1434 2839 1678 2886 metuens
1727 2828 2003 2896 ingressus
2056 2837 2138 2880 est

568 2926 932 2982 Graecanicam
962 2924 1250 2994 quamdam
1281 2922 1569 2977 maceriam
1612 2921 1712 2992 (ά),
1750 2919 1978 2989 alicujus
2009 2918 2135 2972 olim

572 3030 632 3072 ιιι
659 3019 944 3075 videbatur
978 3019 1151 3072 vinea:
1171 3058 1186 3081 ,
1222 3024 1477 3084 tanquam
1513 3014 1853 3069 necessitatis
1880 3011 2138 3067 naturalis

570 3126 735 3165 causa
770 3128 783 3164 :
824 3111 1131 3180 ibidemque
1180 3120 1429 3164 sanctum
1483 3123 1676 3177 corpus
1722 3107 2049 3170 abscondit,
2083 3115 2141 3159 ut

572 3202 764 3271 potuit,
799 3201 937 3256 infra
962 3216 1176 3270 vepres,
1214 3201 1265 3254 in
1297 3199 1415 3254 loco
1438 3198 1721 3263 vilissimo,
1754 3206 1811 3251 ut
1837 3190 2001 3251 videri
2034 3212 2137 3251 non

573 3306 758 3362 posset
787 3309 801 3347 :
834 3304 889 3349 et
928 3308 1047 3348 mox
1078 3292 1131 3346 in
1167 3293 1306 3345 viam
1357 3291 1538 3355 rediit,
1588 3306 1655 3344 ne
1684 3303 1846 3359 quam
1874 3288 2138 3358 suspicio-

573 3401 693 3440 nem
722 3384 918 3439 Turcis
946 3384 1232 3454 ingereret,
1267 3380 1668 3450 simulabatque
1689 3390 1924 3449 ereptum
1952 3394 2012 3433 se
2041 3378 2141 3432 iter

574 3476 850 3545 prosequi.
878 3475 1354 3541 lnterrogaverunt
1387 3482 1568 3527 autem
1596 3487 1719 3526 eum
1769 3472 1870 3536 illi,
1902 3486 2008 3539 quo
2040 3470 2144 3525 iret

571 3576 627 3621 et
666 3567 787 3636 quis
815 3574 977 3620 esset.
1011 3564 1135 3634 ipso
1165 3574 1347 3618 autem
1394 3563 1753 3632 respondente
1786 3561 2053 3615 hominem
2084 3576 2143 3616 se

572 3675 696 3715 esse
720 3659 1019 3722 nauticum,
1052 3666 1212 3725 atque
1239 3656 1306 3710 ad
1329 3669 1517 3708 naven.
1543 3654 1753 3714 redire;
1782 3661 1967 3705 euntes
1988 3654 2144 3719 po'rro

574 3751 663 3805 via
721 3765 817 3806 sua
865 3749 1098 3803 liberum
1141 3762 1354 3817 quoque
1401 3748 1576 3817 ipsum
1624 3746 1856 3799 transire
1887 3744 2144 3813 permise-

580 3852 722 3910 runt,
765 3841 901 3895 nihil
936 3840 1076 3894 ultra
1104 3848 1406 3909 quaerentes
1433 3872 1448 3903 ,
1476 3840 1550 3892 uti
1583 3838 1831 3892 voluntas
1880 3837 1969 3890 Dei
2004 3835 2145 3890 fere-

578 3932 692 3988 bat.
726 3935 833 3988 Eos
871 3948 1001 4001 ergo
1032 3932 1217 4002 procul
1250 3941 1613 4000 transgressos
1637 3930 1827 3983 videns
1875 3944 2148 3999 nanpegus

578 4034 845 4092 extraque
886 4031 1233 4092 conspectum
1258 4060 1273 4086 ,
1315 4033 1600 4090 regressus
1634 4026 1716 4071 est
1745 4018 1812 4071 ad
1855 4018 2145 4073 tollendum

576 4123 827 4168 sanctum
873 4127 1106 4182 corpus;
1139 4126 1244 4181 quo
1275 4110 1491 4166 sublato
1522 4108 2031 4164 vehementissimus
2055 4111 2149 4162 im-

575 4197 676 4257 ber
706 4203 1041 4259 descendite
1067 4203 1235 4266 coelo,
1266 4212 1375 4257 tant
1412 4210 1742 4271 opportune,
1773 4210 1830 4254 ut
1861 4218 1966 4256 non
1990 4202 2149 4256 inter-

579 4294 888 4349 mitteretur
932 4295 1101 4348 donee
1158 4292 1225 4348 ad
1268 4308 1455 4349 navem
1507 4293 1715 4348 veniret
1762 4292 2137 4348 inobservatus

580 4398 742 4454 atque
766 4400 1027 4451 securus;
1072 4399 1175 4438 non
1207 4386 1411 4455 absque
1441 4386 1638 4455 insigni
1669 4380 1761 4438 Dei
1804 4385 2018 4451 favore;
2050 4402 2148 4442 tte-

579 4492 685 4547 qtte
725 4480 867 4532 enim
898 4478 1233 4532 -'crediderat
1294 4493 1572 4546 nanpegus
1630 4477 1866 4531 futurum
1904 4489 1963 4532 ut
2010 4479 2143 4533 citra

2310 2033 2329 2066 ι
2371 2008 2652 2084 Arquievit
2685 2013 2799 2081 ejus
2852 2013 3028 2068 verbis
3060 2012 3405 2066 navarchus:
3452 2012 3570 2082 ipsa
3620 2022 3807 2065 autem

2235 2114 2394 2159 nocte
2425 2106 2601 2174 gravis
2650 2112 2940 2173 tempestas
2984 2111 3170 2156 exorta
3207 2111 3309 2166 est,
3340 2102 3807 2171 judicabaturque

2239 2197 2603 2251 necessarium
2634 2212 2754 2251 esse
2790 2204 2847 2249 ut
2897 2196 3138 2265 pluribus
3189 2194 3441 2248 anchoris
3491 2194 3806 2248 ﬁrmaretur

2235 2287 2388 2341 navis
2415 2318 2430 2350 ,
2459 2299 2617 2357 prout
2644 2288 2893 2341 navarchi
2942 2286 3094 2353 jussu
3148 2282 3351 2339 factum
3390 2292 3493 2339 est.
3527 2284 3639 2338 Sed
3669 2286 3806 2338 nihil

2237 2378 2415 2433 damni
2446 2386 2739 2447 tempestas
2763 2377 2965 2442 attulit,
2997 2392 3093 2445 per
3118 2376 3208 2430 Dei
3244 2374 3472 2442 gratiam
3503 2385 3558 2428 et
3582 2374 3804 2443 gloriosi

2237 2469 2379 2523 illius
2410 2467 2614 2533 Sancti,
2649 2467 2801 2532 cujus
2836 2468 2924 2521 hic
2963 2468 3195 2535 primum
3222 2465 3426 2519 eii'ulsit
3452 2464 3805 2520 miraculum.

2236 2559 2367 2614 Nam
2404 2574 2521 2612 cum
2556 2567 2843 2626 tempestas
2877 2566 3035 2611 noctu
3065 2567 3275 2620 exorta,-
3296 2569 3451 2608 mane
3480 2565 3751 2608 cessasset
3774 2594 3792 2619 ,

2239 2652 2392 2705 navis
2425 2649 2573 2704 stetit
2602 2664 2822 2716 prorsus
2864 2646 3173 2702 immobilis.
3217 2644 3369 2711 Quod
3402 2643 3683 2698 admirans
3714 2661 3809 2698 na-

2241 2746 2489 2808 varchus,
2525 2760 2542 2791 ι
2574 2739 2711 2805 Quid
2738 2742 2860 2802 hoc,
2904 2738 3121 2807 inquit,
3147 2747 3229 2790 est
3261 2736 3484 2790 reiiAn
3516 2735 3659 2791 forte
3686 2752 3810 2806 sptts

2243 2853 2261 2886 ι
2296 2850 2378 2887 tua
2407 2833 2547 2886 intra
2579 2831 2755 2885 navim
2790 2840 2873 2885 est
2905 2830 3022 2900 (g)?
3056 2849 3075 2883 ι
3110 2831 3399 2887 Currentes
3430 2839 3486 2883 et
3516 2828 3811 2898 inspicien-

2241 2935 2321 2979 tes
2356 2924 2534 2977 navim
2569 2930 2744 2976 nauta:
2787 2921 3170 2976 renuntiarunt
3202 2919 3404 2973 nullam
3447 2920 3520 2973 ibi
3557 2930 3810 2988 spumat!

2239 3030 2378 3071 esse.
2425 3014 2557 3069 Tum
2600 3014 2741 3084 jacta
2784 3013 2963 3067 bolide
3009 3012 3211 3081 placuit
3247 3011 3533 3080 explorare
3566 3010 3810 3072 fumium,

2239 3117 2293 3162 et
2330 3108 2543 3160 inventa
2579 3116 2663 3159 est
2696 3104 2849 3158 navis
2880 3120 3042 3171 supra
3071 3113 3268 3157 terram
3291 3113 3456 3157 stare.
3489 3101 3629 3155 Tum
3650 3101 3815 3155 enim-

2242 3214 2370 3252 vero
2420 3207 2526 3251 tam
2574 3197 2684 3264 ipse
2706 3210 2865 3264 quam
2919 3195 3095 3248 caateri
3123 3208 3309 3249 omnes
3332 3194 3593 3248 dixerunt
3615 3210 3629 3222 ·
3667 3191 3759 3244 Eia
3794 3190 3811 3244 ι

2246 3291 2377 3347 solis
2424 3290 2599 3345 sancti
2656 3288 2811 3356 hujus
2870 3302 2932 3342 ac
2985 3288 3202 3357 gloriosi
3249 3286 3539 3341 Athanasii
3604 3286 3817 3340 meritis

2222 3380 2618 3436 ascribettdum
2658 3389 2781 3444 est,
2822 3380 2964 3447 quod
3012 3379 3124 3433 hate
3163 3378 3353 3443 navis,
3386 3393 3511 3432 cum
3556 3377 3816 3431 omnibus

2245 3469 2425 3531 nobis,
2469 3467 2616 3521 salva
2646 3468 2958 3537 integraque
3001 3469 3397 3536 permanserit,
3445 3469 3514 3522 ab
3553 3468 3659 3521 hoc
3706 3477 3817 3520 tant

2246 3559 2434 3628 grandi
2462 3558 2701 3627 periculo
2730 3578 2743 3613 ι
2774 3569 2925 3614 certo
2963 3560 3107 3613 enim
3132 3558 3335 3613 certius
3366 3573 3462 3628 per
3491 3573 3614 3612 eam
3651 3574 3815 3627 quam

2248 3651 2605 3705 sustinuimus
2641 3652 2741 3705 hac
2769 3661 2924 3705 nocte
2963 3659 3335 3719 tempestatem
3364 3690 3379 3715 ,
3442 3652 3599 3705 navis
3627 3651 3817 3704 adhazi-

2250 3757 2374 3797 rens
2421 3750 2579 3797 terra:
2629 3739 2902 3799 debuisset
2944 3742 3162 3797 dissolvi
3198 3741 3476 3810 frangique
3517 3742 3571 3796 in
3613 3751 3819 3811 partes.

2250 3834 2316 3888 Et
2340 3850 2470 3889 sane
2520 3834 2766 3904 quisquis
2797 3850 2906 3889 rem
2955 3834 3221 3903 intelliget
3254 3834 3686 3903 pulcherrimum
3715 3825 3821 3888 tiri:-

2252 3924 2492 3979 raculum
2536 3926 2707 3981 fuisse
2737 3924 3042 3993 aﬂirtnabit,
3088 3926 3228 3996 quod
3265 3925 3317 3978 itt
3363 3935 3472 3980 tam
3506 3941 3653 3981 saeva
3692 3941 3819 3995 pro-

2249 4018 2381 4072 cella
2443 4018 2629 4072 damtti
2694 4017 2827 4072 nihil
2872 4020 2940 4072 sit
2990 4035 3145 4087 passa
3197 4018 3370 4079 navis,
3403 4033 3565 4087 quam
3597 4019 3823 4073 credere

2250 4110 2377 4164 licet
2410 4124 2472 4165 ea
2504 4111 2735 4165 durante
2788 4108 2954 4164 fuisse
2985 4109 3149 4164 veluti
3182 4124 3211 4161 a
3254 4116 3396 4163 terra
3452 4125 3770 4177 suspensam
3804 4149 3823 4173 ,

2253 4202 2464 4257 meritis
2490 4210 2545 4257 et
2581 4202 2973 4256 intercessione
3021 4202 3079 4254 St
3116 4202 3421 4255 Athanasii.
3464 4202 3684 4255 Etenim
3731 4202 3823 4255 tibi

2252 4292 2480 4344 malacia
2526 4291 2721 4353 rediit,
2774 4305 2879 4344 non
2921 4290 3089 4360 potuit
3123 4290 3173 4342 itt
3218 4290 3381 4342 altum
3414 4290 3570 4343 navis
3604 4289 3823 4353 adduci,

2254 4380 2363 4434 nisi
2396 4380 2569 4433 levata
2612 4394 2810 4443 onere,
2857 4380 3152 4449 multisque
3197 4380 3401 4433 viribus
3439 4388 3491 4432 et
3550 4381 3825 4434 machinis

2256 4471 2561 4526 adhibitis:
2605 4471 2745 4539 quod
2800 4480 2977 4526 tamen
3014 4472 3189 4541 ,etiam
3242 4472 3380 4527 citra
3427 4472 3691 4527 damnum
3741 4476 3829 4527 est

580 4569 877 4639 pericultnn
929 4569 1134 4639 grande
1190 4580 1293 4622 tattt
1333 4569 1549 4637 longam
1588 4566 1737 4619 viam
1790 4569 2100 4623 emetiretur
2131 4586 2145 4622 :
2177 4582 2226 4639 ι)
2256 4566 2475 4621 factum,

578 4678 687 4731 quo
743 4672 921 4715 autem
953 4662 1259 4715 evidentius
1312 4669 1598 4730 appareret
1648 4658 1988 4724 miraculum,
2026 4676 2148 4714 mox

582 4761 641 4807 ut
674 4753 726 4806 in
756 4754 935 4807 navim
980 4751 1188 4808 illatum
1218 4765 1299 4808 est
1328 4766 1541 4808 sacrum
1582 4767 1811 4821 corpus.
1841 4765 2147 4809 serenatutn

583 4843 761 4899 subito
787 4844 981 4899 caelum
1012 4844 1131 4899 fuit.

680 5022 732 5092 (ι)
762 5021 946 5092 Lintea
972 5024 1023 5077 itt
1055 5038 1247 5092 genere
1274 5025 1434 5078 vertit
1460 5018 1797 5080 Hermolaus.

683 5094 731 5162 l2)
802 5091 945 5166 Idem
1022 5091 1275 5147 describit
1350 5096 1606 5162 praevium
1676 5095 1897 5166 naupegi
1961 5096 2152 5151 horro-

587 5174 735 5235 rent,
769 5162 853 5235 ad
882 5231 893 5235 _
916 5172 1262 5235 censpecutm
1330 5165 1467 5218 sacri
1525 5162 1793 5235 corporis,
1830 5162 1881 5218 in
1947 5175 2149 5219 terram

593 5231 926 5298 procidentis
957 5247 1019 5285 ae
1051 5234 1407 5299 tretnebuudi,
1454 5231 1637 5290 donec
1669 5236 1926 5292 divinitus
1953 5236 2153 5291 contir-

594 5314 857 5357 litaretur.

668 5374 735 5441 ’c)
772 5372 917 5426 Idem
953 5372 1048 5425 bas
1095 5380 1203 5424 tant
1238 5373 1503 5428 notabiles
1542 5372 1982 5428 circumstantias
2023 5390 2155 5443 pra:-

598 5443 871 5505 termittit,
903 5456 969 5496 ex
996 5457 1223 5510 quarunt
1256 5460 1357 5497 una
1382 5444 1637 5498 discimus
1683 5458 1786 5496 non
1834 5452 2038 5497 tantum
2068 5448 2153 5497 itt-

591 5525 933 5582 eorruptutn,
985 5512 1079 5565 sed
1123 5514 1285 5566 etiam
1340 5513 1599 5567 membris
1658 5514 1912 5566 omnibus
1980 5512 2154 5568 ﬂexile

594 5581 763 5635 fuisse
810 5598 1009 5650 corpus
1050 5591 1318 5637 sanctum.
1364 5584 1570 5637 Caetera
1606 5600 1725 5649 quae
1769 5583 2022 5649 deinceps
2067 5584 2155 5637 ille

594 5652 833 5721 transilit
878 5654 1103 5720 plurima
1143 5655 1400 5706 adnotare
1449 5654 1846 5721 praetermitto:
1890 5652 1954 5704 ad
1996 5652 2151 5706 tinent

592 5719 740 5792 enim
765 5722 814 5774 ei
845 5719 1043 5787 exhinc
1072 5719 1463 5792 praecipitatur"
1486 5720 1752 5785 narratio,
1776 5738 1893 5792 qua:
1940 5722 2152 5776 vixdum

596 5788 756 5841 nobis
791 5792 924 5843 bene
948 5788 1144 5858 coepta.

666 5860 747 5927 (ιι)
788 5859 968 5915 ltalice
997 5877 1065 5914 un
1096 5873 1233 5917 certo
1275 5871 1442 5917 (eruit
1467 5859 1647 5916 Greco.

2329 4677 2347 4710 ι
2380 4658 2509 4736 Cum
2536 4671 2699 4727 porro
2722 4656 2999 4725 aliquanto
3019 4658 3192 4713 adhuc
3222 4665 3464 4725 tempore
3491 4656 3691 4711 ibidem
3716 4671 3829 4710 mo-

2255 4767 2370 4805 ram
2398 4750 2579 4805 facere
2612 4749 2895 4812 deberent,
2920 4749 3263 4804 occasionem
3299 4749 3486 4803 habuit
3515 4750 3828 4803 navarclnts

2256 4843 2471 4897 interitu
2500 4841 2776 4897 scribendi
2815 4840 3091 4907 Venetias,
3124 4841 3575 4912 signiticandique
3619 4842 3822 4912 praedi-

2331 5026 2403 5099 (ε)
2435 5025 2598 5079 Addit
2631 5023 2971 5099 Hermolaus,
3004 5023 3197 5099 quod:
3235 5024 3397 5099 allato
3423 5025 3657 5094 cupitino
3684 5026 3826 5080 inter

2258 5095 2503 5152 sericeas
2531 5106 2706 5149 vestes
2734 5095 2859 5149 illttd
2882 5096 3043 5163 jussit
3072 5095 3345 5149 collocari.
3383 5114 3402 5147 ι

2335 5168 2404 5239 (1')
2438 5165 2581 5218 Satis
2615 5175 2850 5239 apparet
2879 5166 3148 5239 designari
3190 5165 3361 5219 loetim
3386 5164 3481 5239 qui
3531 5164 3691 5218 hodie
3722 5164 3827 5216 Ar-

2246 5235 2440 5291 rsen'a'le
2476 5245 2718 5293 vocatur,
2753 5244 2806 5286 et
2838 5236 3021 5287 lateris
3053 5235 3210 5288 istius
3253 5238 3396 5303 quod
3434 5251 3588 5289 mare
3615 5246 3828 5302 spectat

2258 5309 2378 5359 fere
2430 5314 2574 5359 tenet
2625 5304 2979 5358 umbilicum:
3033 5314 3091 5357 tit
3134 5303 3356 5372 proinde
3398 5304 3645 5357 videatur
3672 5305 3828 5356 navis

2260 5387 2426 5429 antea
2463 5390 2567 5428 non
2596 5374 2750 5440 longe
2783 5375 2850 5427 ab
2878 5388 2939 5426 ea
2966 5374 3081 5441 ripa
3113 5373 3349 5438 stetisse,
3393 5375 3533 5426 unde
3578 5374 3828 5442 proxime

2260 5448 2327 5498 ad
2382 5447 2440 5499 S.
2470 5444 2755 5498 Athanasii
2808 5443 3059 5512 templum
3116 5443 3555 5505 ascendebatur;
3615 5443 3825 5496 incuria

2260 5524 2442 5567 autem
2499 5514 2877 5582 gubernatoris
2919 5513 3089 5567 solum
3142 5513 3207 5566 ad
3252 5526 3365 5582 eam
3408 5523 3615 5581 partem
3655 5513 3828 5572 fuisse

2263 5580 2546 5653 provecta,
2588 5597 2692 5653 que
2725 5580 2986 5635 Lavulaca
3018 5598 3157 5636 nunc
3186 5581 3503 5652 appellatur.

2334 5651 2407 5723 (g)
2448 5652 2625 5705 ltalice
2658 5652 2785 5704 bava
2818 5665 2841 5723 A:
2877 5664 2996 5705 cum
3040 5651 3228 5705 autem
3257 5660 3487 5723 nequeat
3512 5666 3667 5723 aqua
3691 5693 3706 5716 ,
3736 5666 3829 5705 ηεξ

2264 5721 2394 5801 dum
2444 5736 2678 5801 spuma,-
2707 5721 2830 5801 navi
2882 5731 3091 5801 recepta
3137 5724 3304 5801 ipsam
3341 5721 3671 5801 immobilem
3705 5725 3825 5773 retL

2261 5794 2412 5857 dere,
2450 5792 2838 5860 superstitiosaa
2869 5791 3092 5860 alicujus
3140 5793 3277 5845 inter
3325 5800 3516 5844 nautas
3561 5791 3825 5848 observa-

2264 5862 2425 5919 tionis
2477 5862 2714 5933 suspicio
2744 5862 2877 5919 mihi
2910 5878 2973 5920 es
3018 5864 3115 5917 hoc
3145 5861 3263 5917 loco
3285 5861 3547 5920 irascitur.
