4010 6524
68 0 453 21 ενι..-.μ“,ιν

1402 458 1486 512 DE
1519 460 1748 515 CULTU
1794 462 1851 514 S.
1888 460 2287 513 'ATIIANASII.

3267 478 3475 519 CCLXVH

236 576 315 634 c'ﬁs
357 577 707 632 dominabus
765 579 971 633 Sanctae
996 578 1199 633 'Crucis
1251 579 1302 632 in
1347 579 1593 643 Iudaica,
1648 580 1807 648 quale
1837 584 1881 636 A
1912 579 2295 632 minutioribus
2332 576 2760 632 circumstantiis
2791 576 3083 631 tonsorille
3116 577 3476 645 interrogatus

243 684 417 723 manus
456 670 544 722 eis
602 673 819 723 donare
868 671 1037 735 vellet,
1081 687 1274 740 corpus
1304 673 1550 727 videlicet
1586 672 1803 743 gloriosi

238 762 283 813 S.
307 760 605 815 Athanasii
637 782 650 814 :
689 764 823 831 ipsa:
851 779 975 817 vero
998 780 1108 818 rem
1149 774 1315 819 totam
1364 766 1671 820 indicarunt
1714 782 1804 819 re-

240 853 619 905 verendissitno
666 856 895 908 domino
946 856 1262 923 patriarchae
1317 856 1596 911 Mozeuico
1636 852 1833 910 Justik

243 943 381 994 niano
408 942 514 1009 (α).
542 942 653 1007 Qui
693 959 762 997 ea
800 944 1070 998 intellecta
1098 946 1243 999 dedit
1265 960 1483 1013 Operam
1528 960 1621 1015 per
1657 960 1805 997 meu-

241 1050 329 1086 sent
360 1034 769 1098 Februarium,
805 1047 861 1088 ut
909 1037 1218 1104 priusquam
1268 1036 1519 1103 praediola
1558 1038 1708 1089 navis
1739 1036 1804 1088 ad

244 1142 319 1179 nos
349 1126 687 1194 appelleret,
726 1127 1067 1182 inveniretur
1110 1128 1309 1196 aliquis
1350 1127 1805 1196 Constantinopo-

242 1218 514 1271 litauarum
552 1234 748 1272 rerum
780 1220 1005 1287 peritus,
1035 1236 1063 1273 a
1092 1236 1196 1289 quo
1220 1220 1405 1274 haberi
1451 1232 1599 1274 certa
1636 1222 1804 1274 infor-

242 1310 382 1364 matio
410 1318 603 1377 posset
632 1328 737 1379 pro
776 1313 1102 1381 exploranda
1137 1315 1366 1366 veritate
1419 1312 1579 1366 istius
1629 1312 1802 1365 sancti

240 1402 483 1469 corporis.
518 1402 817 1470 Divulgata
849 1413 1025 1456 autem
1064 1417 1156 1471 per
1183 1403 1371 1457 urbem
1417 1402 1583 1475 fatn’a.
1614 1416 1804 1468 reper-

241 1502 309 1545 tus
337 1502 416 1545 est
447 1494 684 1560 quidam
720 1494 978 1563 magister
1023 1491 1272 1557 Iacobus,
1318 1491 1649 1561 professione
1684 1502 1803 1544 ton-

240 1599 332 1646 sor,
360 1582 582 1652 origine
612 1583 881 1647 Venetus,
905 1582 1000 1651 qui
1026 1584 1152 1636 totis
1181 1583 1478 1636 octodecim
1510 1582 1666 1634 annis
1691 1579 1803 1634 fue-

240 1682 307 1727 rzt
326 1674 817 1742 Constantinopoli
844 1682 1207 1728 commoratus
1253 1690 1268 1733 ς
1317 1672 1590 1741 ipsiusque
1628 1671 1800 1725 sancti

237 1764 464 1833 corporis
498 1765 777 1833 optimam
830 1779 892 1817 se
935 1763 1148 1817 dicebat
1195 1762 1393 1816 habere
1442 1762 1803 1821 notitiamgeo

233 1857 377 1925 quod,
423 1872 556 1909 cum
606 1866 758 1910 esset
813 1856 1265 1909 familiarissimus
1328 1854 1578 1923 calogero
1634 1854 1801 1921 ipsius

232 1944 481 2007 erclesiae,
512 1945 569 1996 in
597 1958 713 2013 quo
746 1944 920 2013 ipsum
946 1945 1282 2009 servabatur,
1318 1943 1447 1996 illud
1493 1941 1803 2012 frequenter

235 2036 578 2104 inspexisset.

295 2145 309 2176 ι
349 2124 515 2180 Hunc
556 2139 697 2193 ergo
722 2125 977 2180 arcersiit
1009 2126 1334 2195 patriarcha,
1369 2137 1423 2180 et
1461 2136 1615 2181 caute
1641 2126 1801 2194 erepit

230 2218 562 2281 examinare,
611 2218 959 2288 interrogans
998 2219 1169 2286 primo
1218 2219 1281 2273 de
1326 2219 1593 2286 regione:
1643 2234 1801 2287 quam

230 2308 307 2361 ille
338 2310 659 2376 respondit,
701 2309 1071 2378 lxirolapbutn
1133 2308 1206 2379 (ὁ)
1256 2312 1553 2379 nuncupari
1584 2309 1797 2364 Graece:

226 2399 302 2450 ubi
347 2410 431 2453 est
468 2402 737 2454 columna
786 2400 1087 2463 altissima,
1132 2400 1338 2468 sculpta
1389 2400 1459 2471 (ι)
1513 2403 1653 2455 sicut
1714 2400 1801 2454 illa

226 2506 333 2557 qua:
362 2490 555 2543 Roma:
585 2491 793 2545 visitur
828 2506 844 2554 ;
878 2500 930 2543 et
959 2507 1023 2545 ex
1060 2507 1161 2544 una
1189 2492 1403 2560 quidem
1437 2501 1589 2560 parte
1614 2502 1697 2545 est
1728 2491 1803 2543 lo-

230 2600 313 2635 cus
341 2584 429 2652 qui
469 2584 800 2637 nominatur
826 2583 1079 2637 Christus
1107 2584 1159 2636 itt
1202 2597 1387 2646 cruce,
1413 2598 1478 2635 ex
1524 2582 1692 2635 altera
1740 2583 1800 2635 S.

236 2676 577 2740 Athanasius,
616 2686 766 2730 lotus
808 2686 988 2727 autem
1036 2675 1184 2728 locus
1219 2676 1413 2729 dicitur
1444 2673 1798 2741 lxirolaphus.

234 2766 479 2831 Quaesivit
518 2766 723 2822 deinde
757 2767 1242 2821 reverendissimus
1292 2766 1597 2835 patriarcha
1632 2782 1803 2835 quan-

236 2870 335 2913 tum
375 2862 441 2916 ab
471 2876 544 2915 eo
583 2860 711 2915 loco
744 2860 1015 2914 distarent
1064 2858 1177 2912 fora
1215 2858 1328 2930 (d);
1368 2860 1638 2927 respondit
1690 2860 1800 2923 ille,

234 2952 292 3003 ad
336 2954 436 3007 duo
468 2954 557 3008 vel
589 2954 695 3006 tria
730 2967 986 3022 passuum
1031 2952 1218 3006 millia.
1271 2951 1406 3005 Tum
1459 2952 1799 3022 patriarcha,

240 3062 257 3095 ι
282 3047 354 3097 An
376 3048 545 3100 etiam
584 3047 705 3100 alia:
737 3047 808 3099 ibi
836 3056 990 3100 erant
1010 3046 1248 3099 ecclesia:
1270 3045 1293 3097 ἲ
1314 3073 1381 3085 —-
1410 3044 1539 3108 Sex,
1577 3060 1800 3112 respon-

240 3158 255 3188 ι
283 3141 352 3192 dit
384 3141 488 3203 ille,
520 3140 608 3195 vel
637 3150 845 3207 septem
866 3178 883 3201 ,
906 3140 999 3193 sed
1024 3140 1272 3204 ruinosae,
1302 3137 1442 3191 inter
1466 3152 1599 3204 quas
1635 3137 1797 3190 etiam

1916 673 2211 737 respondit,
2246 685 2363 737 qua:
2395 668 2796 737 sigillatimhic
2829 683 3110 723 recensere
3127 677 3475 739 praeteruntto

1910 761 2193 817 brevitatis
2222 763 2400 816 studio
2434 763 2525 831 (ε).

1980 874 1999 906 ‹
2037 857 2143 910 Sed
2175 866 2517 911 revertamur
2544 856 2609 910 ad
2639 858 2841 919 navim,
2870 872 2990 925 quae
3007 857 3472 927 COtIslanlinOpuli

1913 949 2153 1010 solvens,
2213 965 2333 1002 cum
2386 949 2582 1003 itinere
2624 966 2881 1017 prospero
2911 948 3213 1004 Methonetu
3240 949 3304 1019 (Ῑ)
3342 968 3478 1017 pra:-

1908 1040 2297 1106 terveheretur,
2357 1041 2485 1094 visa:
2527 1049 2649 1093 sunt
2695 1041 2907 1094 obviam
2936 1040 3119 1094 venire
3147 1042 3265 1093 dua:
3289 1054 3479 1100 naves,

1907 1148 2040 1196 quas
2072 1134 2399 1186 Venetorum
2425 1148 2543 1185 esse
2574 1132 2672 1184 rati
2701 1140 2896 1196 nauttc,
2925 1146 3115 1198 magna
3144 1144 3269 1185 cum
3293 1130 3471 1183 laetitia

1911 1232 2315 1288 exspectavere,
2357 1232 2641 1288 sperantes
2693 1222 2894 1289 aliquid
2945 1236 3095 1274 nova:
3140 1221 3214 1273 rei
3249 1235 3312 1273 ex
3364 1220 3479 1273 illis

1910 1312 2120 1364 disi-ere
2153 1313 2217 1365 de
2245 1310 2601 1365 familiaribus
2632 1313 2766 1375 suis,
2795 1322 2854 1364 tit
2885 1312 2995 1364 ﬁeri
3032 1311 3229 1365 assolet
3260 1329 3275 1363 :
3302 1326 3473 1378 appa-

1909 1406 2017 1457 ruit
2046 1404 2241 1457 deinde
2262 1404 2424 1456 etiam
2458 1404 2610 1455 navis
2654 1403 2809 1455 tertia
2840 1421 2854 1455 :
2885 1404 3081 1470 quibus
3122 1402 3340 1472 propius
3391 1403 3473 1453 fa-

1906 1498 2006 1549 ctis
2040 1494 2320 1561 cognitum
2351 1502 2433 1547 est
2458 1492 2835 1547 Catalanorum
2864 1508 2956 1546 eas
2987 1507 3105 1546 esse
3132 1506 3312 1553 naves,
3345 1492 3468 1559 qui-

1905 1588 2004 1641 bus
2032 1585 2217 1639 nescio
2246 1599 2350 1652 qua
2387 1584 2472 1636 via
2502 1584 2813 1637 innotucrat
2868 1580 2927 1639 S.
2968 1581 3245 1636 Athanasii
3276 1596 3471 1649 corpus

1906 1695 1966 1733 ea
1996 1677 2123 1730 navi
2155 1676 2300 1738 vehi,
2327 1676 2778 1743 quemadmodum
2823 1690 2889 1729 ex
2932 1684 3046 1742 post
3084 1674 3283 1728 secutis
3316 1689 3470 1742 appa-

1906 1770 2031 1822 ruit.
2060 1768 2259 1822 Verum
2286 1769 2611 1836 disponente
2648 1768 2725 1821 sic
2754 1767 2863 1820 Deo
2893 1766 3092 1819 factum
3128 1775 3236 1827 est,
3277 1775 3336 1819 ut
3367 1765 3465 1818 ali-

1906 1867 2105 1927 quanto
2145 1858 2281 1912 infra
2311 1860 2489 1911 navim
2528 1857 2787 1912 Venetam
2818 1858 3150 1927 appellentes
3188 1857 3313 1922 illm,
3360 1872 3467 1911 non

1904 1949 2175 2019 potuerint
2214 1949 2313 2018 ipsi
2356 1964 2414 2003 se
2464 1950 2738 2019 applicare
2778 1961 2883 2002 tam
2919 1964 3085 2017 prope
3126 1965 3285 2017 quam
3318 1940 3466 2003 vole-

1910 2043 2061 2106 bant,
2090 2042 2157 2095 ad
2190 2042 2289 2097 hoc
2319 2050 2375 2095 ut
2405 2057 2603 2110 corpus
2629 2052 2876 2096 sanctum
2909 2042 3178 2110 eriperent
3210 2040 3465 2106 Venetiis,

1903 2134 2039 2187 nihil
2075 2134 2250 2189 minus
2282 2149 2441 2202 quam
2480 2134 2622 2203 quod
2657 2134 2897 2187 Calalani
2943 2133 3340 2186 meditabantur
3368 2148 3466 2186 sn-

1900 2225 2257 2292 spicantibus.
2288 2226 2529 2295 Cumque
2554 2224 2801 2293 sequenti
2831 2234 2989 2278 nocte
3028 2224 3282 2278 solvisset
3312 2224 3466 2277 navis

1907 2314 2129 2381 Veneta,
2171 2318 2273 2371 iter
2322 2332 2474 2371 suum
2524 2326 2898 2386 prosecutura,
2948 2315 3177 2380 litigium
3214 2329 3375 2383 super
3400 2329 3467 2367 ea

1903 2421 1959 2459 re
1985 2422 2235 2476 magnum
2265 2407 2472 2461 exstitit
2499 2408 2638 2460 inter
2661 2406 2969 2468 Catalanos,
2995 2405 3232 2472 elapsam
3274 2420 3303 2458 e
3351 2421 3466 2457 nta-

1908 2497 2066 2551 nibus
2100 2498 2280 2550 navim
2316 2496 2573 2553 Venetam
2601 2498 2963 2565 conspicatus,
3007 2496 3476 2564 quemadmodum

1902 2598 2079 2655 postea
2126 2586 2363 2642 Venetiis
2387 2598 2537 2642 certo
2565 2590 2787 2642 innotuit
2840 2604 2934 2653 per
2966 2590 3220 2655 ipsosmet
3244 2588 3464 2641 Catala-

1902 2693 2019 2743 nos,
2053 2680 2141 2747 qui
2196 2680 2259 2733 iis
2306 2682 2531 2734 navibus
2585 2682 2937 2740 vehebantur,
2970 2692 3130 2746 atque
3163 2679 3367 2748 appulsi
3410 2680 3479 2732 in-

1901 2770 2275 2824 Catalauniam
2338 2774 2806 2826 commorantihus
2881 2772 3002 2826 istic
3075 2772 3469 2825 mercatoribus

1904 2862 2121 2915 Venetis
2168 2874 2524 2917 narravcrunt
2560 2881 2677 2932 qua:
2717 2864 3055 2931 contigerant
3096 2864 3149 2917 in
3192 2863 3277 2916 via
3321 2862 3467 2916 circa

1904 2953 2159 3006 Venetam
2200 2969 2410 3007 navem.

1976 3062 1994 3093 ι
2034 3043 2159 3098 llaec
2194 3060 2329 3113 ergo
2358 3060 2455 3113 per
2484 3044 2576 3098 Dei
2612 3046 2837 3114 gratiam
2867 3054 2919 3099 et
2953 3043 3135 3097 Sancti
3164 3043 3244 3097 sui
3274 3042 3462 3099 merita

1901 3135 1979 3189 sic
2013 3135 2236 3189 liberata
2269 3136 2320 3188 itt
2358 3136 2567 3189 Istriam
2616 3137 2841 3205 appulit,
2904 3136 2989 3190 ubi
3030 3138 3334 3190 navarcbus
3372 3150 3467 3189 cx-

240 3249 255 3280 t
284 3231 504 3287 ecclesia
534 3232 596 3287 Ξ.
618 3230 906 3286 Athanasii
924 3248 941 3283 :
961 3230 1109 3298 cuius
1124 3244 1320 3299 corpus
1349 3229 1542 3283 ibidem
1575 3227 1798 3282 babere-
1825 3254 1866 3310 ο
1901 3225 2241 3278 scansionem
2275 3224 2402 3279 fecit
2430 3236 2483 3279 et
2516 3226 2769 3279 Venetias
2807 3226 2951 3279 venit
2985 3243 2997 3278 :
3036 3226 3147 3294 ipsa
3194 3225 3314 3279 dein
3350 3226 3462 3278 \'c|.t

240 3342 255 3371 ι
287 3336 427 3376 retur
463 3326 516 3376 in
558 3324 760 3391 capella
794 3334 1047 3389 cooperta
1089 3322 1325 3391 plumbo,
1353 3320 1491 3374 intra
1526 3336 1705 3374 arcam
1735 3321 1800 3374 li.-

241 3432 257 3462 ι
283 3430 462 3481 gneam
491 3426 549 3468 et
582 3416 807 3483 pictam.
841 3432 861 3464 ι
896 3414 1253 3481 Interrogatus
1287 3428 1354 3466 an
1401 3414 1577 3481 aliquo
1607 3414 1657 3466 in
1698 3414 1799 3466 ho-

237 3522 355 3559 nore
395 3508 573 3573 ipsum
611 3522 815 3574 corpus
850 3505 923 3558 ibi
957 3514 1121 3567 esset,
1161 3504 1456 3572 respondit,
1497 3519 1617 3557 esse
1661 3504 1799 3572 apud

233 3593 532 3649 Cathohcos
568 3594 802 3664 aliquos.
838 3594 917 3648 Ad
943 3594 1045 3646 alia
1085 3593 1318 3662 denique
1346 3592 1512 3647 multa
1539 3594 1604 3648 de
1635 3594 1799 3649 variis

296 3796 367 3865 (η)
400 3796 574 3849 Nemo
601 3796 738 3851 alius
778 3796 867 3850 hic
895 3794 1111 3865 intelligi
1162 3804 1377 3864 potest,
1408 3810 1564 3862 quam
1596 3797 1730 3863 print
1745 3816 1804 3851 ns

232 3865 436 3920 Venetae
477 3866 632 3920 urbis
690 3868 998 3936 patriarcha
1030 3905 1044 3926 .
1080 3875 1137 3919 tit
1186 3866 1329 3919 infra
1370 3866 1599 3929 dicitur;
1654 3877 1707 3919 et
1748 3879 1803 3916 ιιι

231 3939 439 4002 proprio
475 3953 603 3990 eum
643 3935 864 3989 nemine
903 3935 1250 4004 Hermolaus,
1280 3936 1589 4005 qui0ptime
1625 3952 1798 3998 amat,

228 4008 455 4074 appellat
487 4046 503 4067 ,
543 4005 605 4059 Β.
644 4006 974 4060 Laurentius
1024 4005 1357 4059 Justiuiauus
1385 4046 1399 4068 ,
1432 4023 1552 4059 eum
1588 4007 1796 4058 titulum

230 4089 553 4129 Consecutus
584 4092 612 4128 a
649 4076 870 4129 Nicultto
915 4074 949 4126 ν
983 4092 1123 4128 anno
1159 4076 1316 4135 1451,
1351 4086 1403 4128 et
1452 4076 1553 4127 vita
1591 4075 1801 4127 functus

231 4161 367 4199 anno
404 4146 566 4207 1455,
613 4145 647 4198 8
690 4145 957 4205 Januarii,
1010 4145 1086 4197 uti
1139 4162 1201 4198 ex
1244 4146 1514 4213 epilaphio
1570 4154 1798 4199 constat.

231 4213 453 4284 ideoque
490 4217 653 4269 initio
684 4214 846 4282 hujus
877 4215 1139 4278 historitc,
1183 4215 1270 4267 ubi
1307 4217 1589 4267 notabatur
1638 4217 1797 4267 abso-

231 4282 335 4337 lute
362 4282 567 4340 mensis
601 4285 898 4338 December
915 4286 1037 4337 anni
1072 4285 1228 4349 1454,
1253 4285 1423 4351 posui.
1451 4287 1577 4338 «sub
1602 4300 1797 4336 annum

232 4354 418 4419 “54,:
442 4372 471 4410 a
498 4354 763 4409 Januario
797 4354 1006 4407 scilicet
1037 4356 1278 4417 proximo
1307 4355 1682 4406 inchoatnlntn.
1707 4353 1801 4407 Ne-

233 4439 331 4490 que
353 4429 495 4478 enim
529 4426 632 4478 alia
664 4440 727 4477 eo
765 4426 984 4476 vivente
1033 4426 1141 4487 geri
1179 4426 1493 4493 potuissent,
1524 4440 1646 4492 qua:
1679 4439 1801 4490 pro-

232 4496 375 4548 rimo
405 4496 717 4559 Februario,
738 4494 913 4561 Aprili
946 4505 999 4546 et
1023 4494 1157 4545 Maio
1180 4503 1324 4561 gesta
1347 4510 1468 4547 esse
1507 4495 1643 4546 infra
1672 4510 1800 4545 nar-

236 4579 438 4619 rantur.
474 4566 580 4620 Sed
616 4563 892 4630 quomodo
920 4563 1003 4617 hic
1054 4564 1310 4631 Mocenigi
1343 4580 1534 4616 nomen
1589 4565 1803 4616 additur

238 4636 539 4703 cognomini
571 4633 865 4688 Justiuiaui
891 4673 905 4696 ,
943 4648 1047 4687 non
1078 4633 1349 4685 Laurentii
1375 4632 1397 4684 ?
1424 4636 1503 4685 An
1535 4648 1599 4685 ex
1629 4631 1801 4685 Mace-

238 4704 352 4770 niga
391 4706 595 4758 familia
645 4706 743 4758 fuit
796 4713 970 4755 mater
1004 4704 1272 4768 Quirina?
1308 4713 1364 4755 ιιι
1394 4704 1550 4768 hujus
1585 4718 1802 4771 quoque

238 4788 525 4842 cognomen
573 4791 693 4826 cum
734 4782 967 4841 paterno
997 4782 1349 4840 cognomento
1392 4774 1701 4840 usurparit?
1734 4789 1800 4825 an

238 4856 361 4895 vero
388 4861 518 4912 gens
546 4844 901 4898 Justinianwa
938 4844 987 4893 in
1023 4846 1153 4893 duos
1178 4843 1348 4894 divisa
1384 4858 1563 4896 ramos
1587 4882 1600 4904 ,
1633 4844 1802 4896 altero

241 4916 446 4967 nomine
476 4916 661 4968 addito
709 4913 1197 4979 diStinguebzttur?
1241 4913 1509 4966 Veneticte
1550 4913 1802 4964 nobilita-

244 4984 311 5034 tis
334 4981 1070 5038 studiosis'considerandnnt
1104 4984 1203 5035 hoc
1234 4983 1477 5048 relinquo
1511 5001 1523 5035 :
1554 4983 1633 5035 sic
1657 4984 1799 5035 enim

242 5054 378 5106 clare
409 5057 666 5108 scribitur
694 5068 708 5105 :
742 5072 760 5103 ι
812 5053 857 5102 la
902 5050 1146 5118 Signoria
1176 5056 1530 5105 reverendtss.
1561 5054 1625 5105 de
1650 5068 1800 5106 ttion-

240 5124 411 5189 signor
439 5125 749 5191 patriarcha
788 5122 1063 5191 Mozenigo
1091 5120 1419 5176 Giustinian.
1444 5140 1463 5191 γι

309 5194 374 5261 tb)
408 5190 575 5249 Recte
613 5210 677 5246 ac
725 5208 855 5245 vere
892 5190 1215 5259 Ξηρό).οφος,
1241 5191 1289 5243 id
1314 5203 1392 5245 est
1418 5190 1609 5243 Aridus
1631 5192 1796 5245 collis.

244 5260 331 5314 Est
362 5277 536 5318 autem
577 5263 809 5315 ultimus
858 5271 911 5314 et
966 5266 1229 5314 maximus
1257 5276 1286 5313 θ
1334 5273 1534 5329 septem
1561 5299 1575 5322 ,
1605 5264 1802 5329 quibus

242 5338 521 5388 secundum
575 5330 849 5401 Bosphori
900 5330 1044 5383 littus
1095 5342 1369 5401 spectatur
1417 5332 1607 5401 Civitas
1659 5332 1802 5384 velut

241 5402 440 5457 vallata.
480 5399 758 5457 Describit
799 5414 922 5451 eum
958 5409 1205 5453 accurate
1235 5399 1426 5453 Petrus
1476 5400 1669 5455 Gillius
1703 5403 1795 5453 lib.

240 5485 290 5544 tv
327 5473 395 5527 De
420 5472 773 5544 topographia
806 5468 1389 5544 gonstantinopolitana
1414 5509 1427 5533 ,
1465 5486 1581 5544 cap.
1687 5488 1700 5525 :
1729 5472 1800 5544 li-

235 5543 327 5596 bro
353 5539 599 5603 autem],
632 5539 761 5609 Cap.
800 5540 884 5600 18,
918 5539 1014 5602 ait,
1046 5556 1063 5589 t
1090 5540 1203 5608 plus
1244 5542 1485 5594 minusve
1516 5541 1797 5593 duodecim

229 5614 385 5667 millia
424 5608 786 5683 passuttm’in
821 5609 1045 5683 circuitu
1078 5608 1357 5678 complecti
1380 5649 1405 5683 ,_
1424 5624 1485 5662 ac
1514 5610 1796 5683 plusquam

232 5680 439 5737 tertiani
464 5686 618 5737 urbis
646 5689 865 5748 partem
898 5681 1206 5744 continere;
1255 5697 1274 5729 ›
1315 5681 1409 5733 sed
1436 5694 1496 5732 ea
1528 5680 1665 5732 haud
1694 5681 1797 5733 du-

224 5751 307 5807 bio
331 5755 503 5808 laxior
528 5752 788 5817 acceptio
820 5757 923 5799 est.

291 5826 359 5894 (ς)
393 5826 569 5878 Etiam
611 5825 784 5889 hujus
829 5818 1109 5878 columnaa,
1155 5833 1310 5894 quam
1340 5818 1596 5894 Arcadius
1628 5817 1797 5885 impe-

214 5889 360 5951 rator
389 5895 672 5953 exstruxit
696 5895 798 5962 ,ct
839 5898 1017 5943 Statua
1049 5904 1143 5945 sua
1167 5890 1392 5959 desuper
1419 5889 1675 5943 collocata
1706 5904 1795 5942 oro

1832 4602 1879 4660 Ι)

1904 3316 2029 3370 lccit
2062 3330 2248 3369 versus
2280 3326 2517 3386 portum,
2570 3316 2788 3369 notabili
2816 3317 2986 3383 spatio
3023 3316 3155 3368 foris
3182 3324 3335 3369 extra
3377 3316 3456 3368 fu-

1900 3424 2019 3463 eam
2057 3406 2150 3477 (g).
2182 3409 2260 3460 Ad
2302 3424 2419 3461 eam
2450 3409 2518 3462 ibi
2540 3409 2919 3462 consistentem
2952 3410 3254 3461 navarchus
3281 3409 3465 3470 'rediit,

1901 3516 2021 3555 cum
2064 3501 2271 3555 duobus
2318 3500 2606 3567 nepotibus
2655 3515 2718 3554 ac
2767 3502 2940 3553 tribus
2991 3499 3207 3553 famulis
3250 3499 3362 3552 suis
3410 3500 3463 3551 in

1902 3593 2113 3665 cymba,
2147 3593 2325 3648 salvus
2363 3594 2606 3663 quidem,
2653 3594 2744 3648 sed
2788 3607 2896 3647 non
2942 3593 3059 3647 sine
3102 3592 3301 3657 labore,
3336 3592 3463 3661 quia

1911 3797 2077 3859 lavit,
2115 3794 2517 3850 cxactissintant
2551 3792 2963 3863 descriptionem
2995 3791 3153 3846 habet
3181 3790 3319 3863 idem
3354 3788 3466 3842 Gil-

1902 3865 2008 3920 lius
2055 3858 2200 3921 dicto
2252 3866 2362 3929 jam
2410 3866 2501 3917 lib.
2535 3881 2608 3927 tv,
2644 3858 2761 3932 cap.
2793 3864 2842 3916 ’1.
2877 3864 2966 3916 list
2998 3874 3175 3915 autcttt
3204 3858 3467 3932 columna:

1900 3953 2111 4003 scapus,
2147 3947 2203 3988 ut
2254 3938 2395 3990 idem
2449 3934 2543 4000 ait,
2599 3954 2615 3984 t
2658 3930 2892 4002 scalptus
2934 3932 3122 4000 pugnis
3162 3930 3357 4003 variis;
3411 3939 3477 3981 eL

1904 3998 2177 4071 scalptura
2211 4006 2455 4075 procedit
2481 3998 2538 4057 in
2566 3998 2782 4059 moduni
2813 3998 3096 4063 columna),
3135 4016 3253 4075 qua:
3284 3998 3466 4051 [toruae

1904 4075 2136 4141 'l'rajatto
2182 4073 2331 4129 sacra
2365 4084 2471 4139 est,
2508 4076 2644 4129 inter
2685 4076 2845 4127 elices
2882 4074 3035 4127 binas
3057 4073 3288 4125 cochleae
3318 4084 3466 4122 more

1904 4156 2204 4213 surgentes.
2231 4164 2249 4195 ›

1974 4210 2057 4285 (ii)
2089 4216 2265 4285 ltaliee
2302 4214 2579 4283 pluraliter
2608 4212 2748 4267 delle
2789 4213 2977 4285 piaze:
3008 4210 3261 4285 Quamvis
3287 4217 3481 4261 autem~

1906 4282 2131 4354 singula:
2161 4282 2407 4353 regiones
2450 4285 2598 4337 urbis
2641 4299 2736 4336 sua
2773 4282 3031 4354 haberent
3073 4283 3210 4344 fora,
3240 4289 3465 4354 etquie-

1906 4345 2027 4408 ὼιῆ
2070 4345 2247 4423 plura:
2273 4370 2546 4423 unumque
2573 4364 2714 4405 esset
2746 4351 3071 4423 nominatius
3098 4349 3327 4423 caeteris,
3360 4345 3467 4423 1ςύ-

1910 4440 2025 4477 rum
2070 4417 2515 4477 'antonotnasliite
2550 4424 2749 4475 dictum
2778 4461 2792 4483 ,
2843 4419 2979 4474 alias
3028 4434 3057 4472 a
3111 4417 3463 4471 Constantino

1910 4502 2128 4547 auctore
2158 4495 2481 4560 appellatum
2511 4511 2524 4545 :
2550 4502 2766 4559 apparet
2792 4499 2965 4543 tamen
2990 4499 3191 4560 certum
3232 4487 3462 4560 aliquem

1910 4564 2083 4617 locum
2130 4557 2351 4630 intelligi
2380 4602 2394 4625 ,
2445 4563 2496 4614 in
2550 4557 2702 4629 plura
2735 4560 2962 4613 divisum
3008 4559 3122 4630 {ora
3154 4595 3168 4619 ,
3204 4557 3343 4607 unde
3373 4557 3464 4630 de:

1908 4636 2192 4685 terminata
2237 4625 2415 4698 poSsct
2442 4625 2695 4685 distantia
2734 4630 2943 4696 accipi;
2981 4636 3031 4681 et
3065 4628 3209 4701 hunc
3240 4625 3459 4701 putoztd

1906 4704 2075 4768 ripam
2114 4701 2371 4768 Bosphori
2402 4700 2806 4768 concipiendum
2837 4708 2986 4751 extra
3040 4698 3188 4768 urbis
3220 4698 3418 4746 minuta
3443 4732 3458 4753 ,

1907 4772 1992 4824 ubi
2023 4767 2248 4839 singulae
2281 4772 2521 4824 nationes
2550 4767 2701 4823 suum
2724 4768 3033 4821 dictinctum
3064 4767 3236 4819 lorum
3259 4773 3311 4817 et
3335 4778 3460 4815 con-

1904 4854 2192 4910 sequenter
2213 4842 2376 4893 etiam
2401 4842 2686 4894 stationem
2732 4840 2989 4913 haberent
3016 4852 3134 4889 eum
3152 4850 3295 4913 “suas
3322 4847 3463 4884 tuer-

1904 4904 1998 4965 res
2025 4926 2214 4965 venum
2239 4920 2659 4979 exponerent,ut
2686 4908 2880 4975 passim
2909 4908 2959 4959 in
2992 4904 3195 4979 magnis
3225 4904 3289 4979 ad
3318 4916 3465 4953 mare

1907 4992 1995 5035 aut
2030 4981 2247 5033 [lumina
2274 4972 2473 5035 laxiora
2514 4972 2769 5046 emporiis
2797 4979 2907 5030 lieri
2936 4978 3175 5039 scimus;
3216 4972 3354 5050 adeo
3379 4980 3464 5050 ,ιιι

1905 5054 2121 5119 proprie
2150 5052 2234 5103 bic
2269 5045 2733 5119 iltlclltgztlttripeti
2757 5086 2772 5109 ,
2813 5058 3069 5119 quantum
3126 5058 3156 5119 _a
3190 5045 3299 5119 ripa
3351 5045 3466 5119 sive

1905 5114 2089 5175 iittore
2116 5124 2340 5174 distaret
2386 5114 2469 5173 δῖ
2494 5114 2769 5173 Athanasii
2808 5117 3059 5179 ecclesia,
3095 5115 3209 5168 sive
3238 5114 3387 5165 locus
3412 5114 3467 5161 ir-

1904 5208 2010 5261 quo
2040 5192 2525 5261 stabatcolutnna.
2651 5258 2660 5261 _
2787 5257 2817 5261 _7
3094 5255 3103 5261 _
3229 5251 3268 5261 ,ο

1978 5262 2047 5331 (ε)
2094 5262 2284 5313 Totam
2341 5264 2479 5314 hanc
2517 5257 2820 5327 inquirendi
2872 5255 3194 5322 diligentiam
3227 5251 3483 5331 Venetiis.

1905 5322 2204 5385 adhibitam
2232 5369 2246 5393 ,
2289 5345 2343 5384 et
2399 5346 2517 5398 qum
2552 5322 2802 5393 tleittccps
2834 5335 3128 5394 sequuntur
3173 5322 3266 5399 ad
3292 5322 3484 5399 satICli'

1902 5403 2147 5469 εοτρυτίδ
2172 5385 2455 5455 νιέτὶιειιθιῖι
2502 5385 2950 5469 comprobandam
2978 5432 2993 5459 ,
3043 5388 3275 5445 transilit
3335 5385 3467 5436 lier-

1904 5477 2130 5524 Inolatts.
2240 5514 2243 5515 ν

1976 5540 2044 5611 (Ῑ)
2076 5541 2328 5595 Methone
2354 5537 2632 5611 Messenia;
2657 5550 2763 5611 ora:
2793 5533 2921 5611 urbs
2954 5528 3190 5611 antiqua,
3212 5524 3263 5611 in

1904 5603 2439 5678 ntaui’elobunneso,
2475 5608 2562 5659 ubi
2597 5603 3004 5670 Arcltille'i'ia'w‘
3034 5607 3201 5678 Iunii"
3233 5605 3469 5678 f’"l°"=’3”

1902 5664 2069 5733 naves
2100 5664 2437 5733 Adriaticum
2473 5692 2621 5728 tuare
2656 5664 2842 5727 V'etstts
2869 5664 3085 5722 cursum
3130 5664 3344 5717 llecterc
3386 5664 3472 5710 itt-

1901 5762 2127 5804 ctpttlnl.

1956 5767 2276 5885 liginl'titlicc,
2310 5831 2451 5870 cerro
2493 5812 2540 5865 cl
2582 5821 2725 5885 porto
2878 5799 3355 5885 [ttorrt‘dcllarl'iom
3401 5818 3473 5885 mi

1899 5873 2069 5958 grain!
2112 5873 2289 5954 ymo.
2333 5906 2348 5939 ι
2387 5884 2561 5938 Locus
2582 5873 2673 5950 qui
2709 5873 2884 5933 hodie
2919 5878 2965 5930 la
2998 5875 3133 5929 Ense
3170 5873 3384 5938 dic-itit":
3417 5880 3472 5923 ει
