  <div class='ocr_page' id='page_1' title='image "/cluster/home/n/w/nwhite01/storage/ocr_20150623/25/hvd.32044004972428/281.png"; bbox 0 0 4010 6520; ppageno 0'>
   <div class='ocr_carea' id='block_1_1' title="bbox 541 459 776 503">
    <p class='ocr_par' dir='ltr' id='par_1_1' title="bbox 541 459 776 503">
     <span class='ocr_line' id='line_1_1' title="bbox 541 459 776 503; baseline 0.004 -1"><span class='ocrx_word' id='word_1_1' title='bbox 541 459 776 503; x_wconf 70' lang='lat' dir='ltr'><strong>CCLXVIII</strong></span> 
     </span>
    </p>
   </div>
   <div class='ocr_carea' id='block_1_2' title="bbox 1868 447 2401 504">
    <p class='ocr_par' dir='ltr' id='par_1_2' title="bbox 1868 447 2401 504">
     <span class='ocr_line' id='line_1_2' title="bbox 1868 447 2401 504; baseline 0 -2"><span class='ocrx_word' id='word_1_2' title='bbox 1868 447 2401 504; x_wconf 78' lang='lat' dir='ltr'><strong>PROLECOMENA.</strong></span> 
     </span>
    </p>
   </div>
   <div class='ocr_carea' id='block_1_3' title="bbox 547 566 3768 639">
    <p class='ocr_par' dir='ltr' id='par_1_3' title="bbox 547 566 3768 639">
     <span class='ocr_line' id='line_1_3' title="bbox 547 566 3768 639; baseline 0.002 -20"><span class='ocrx_word' id='word_1_3' title='bbox 547 578 739 621; x_wconf 90' lang='lat' dir='ltr'><strong>ventus</strong></span> <span class='ocrx_word' id='word_1_4' title='bbox 779 566 1160 621; x_wconf 85' lang='lat' dir='ltr'><strong>vehementior</strong></span> <span class='ocrx_word' id='word_1_5' title='bbox 1193 579 1581 623; x_wconf 86' lang='lat' dir='ltr'><strong>Insurrexerat.</strong></span> <span class='ocrx_word' id='word_1_6' title='bbox 1625 567 1883 621; x_wconf 80' lang='lat' dir='ltr'><strong>Dominus</strong></span> <span class='ocrx_word' id='word_1_7' title='bbox 1920 576 2098 619; x_wconf 89' lang='lat' dir='ltr'><strong>autem</strong></span> <span class='ocrx_word' id='word_1_8' title='bbox 2129 571 2172 624; x_wconf 84' lang='lat' dir='ltr'><strong>A</strong></span> <span class='ocrx_word' id='word_1_9' title='bbox 2209 584 2357 636; x_wconf 87' lang='lat' dir='ltr'><strong>gum,</strong></span> <span class='ocrx_word' id='word_1_10' title='bbox 2389 569 2530 623; x_wconf 90' lang='lat' dir='ltr'><strong>unde</strong></span> <span class='ocrx_word' id='word_1_11' title='bbox 2559 583 2754 638; x_wconf 86' lang='lat' dir='ltr'><strong>corpus</strong></span> <span class='ocrx_word' id='word_1_12' title='bbox 2797 567 2924 622; x_wconf 89' lang='lat' dir='ltr'><strong>illud</strong></span> <span class='ocrx_word' id='word_1_13' title='bbox 2971 570 3295 626; x_wconf 82' lang='lat' dir='ltr'><strong>sustulisset.</strong></span> <span class='ocrx_word' id='word_1_14' title='bbox 3322 572 3423 637; x_wconf 78' lang='lat' dir='ltr'><strong>Qui</strong></span> <span class='ocrx_word' id='word_1_15' title='bbox 3467 571 3768 639; x_wconf 81' lang='lat' dir='ltr'><strong>respondit,</strong></span> 
     </span>
    </p>
   </div>
   <div class='ocr_carea' id='block_1_4' title="bbox 551 657 2094 728">
    <p class='ocr_par' dir='ltr' id='par_1_4' title="bbox 551 657 2094 728">
     <span class='ocr_line' id='line_1_4' title="bbox 551 657 2094 728; baseline 0 -19"><span class='ocrx_word' id='word_1_16' title='bbox 551 657 859 725; x_wconf 66' lang='lat' dir='ltr'><strong>patriarcha</strong></span> <span class='ocrx_word' id='word_1_17' title='bbox 904 658 1215 728; x_wconf 70' lang='lat' dir='ltr'><strong>intelligens</strong></span> <span class='ocrx_word' id='word_1_18' title='bbox 1258 660 1541 725; x_wconf 74' lang='lat' dir='ltr'><strong>advenisse</strong></span> <span class='ocrx_word' id='word_1_19' title='bbox 1572 659 1773 722; x_wconf 91' lang='lat' dir='ltr'><strong>navim,</strong></span> <span class='ocrx_word' id='word_1_20' title='bbox 1801 657 1995 710; x_wconf 80' lang='lat' dir='ltr'><strong>auferri</strong></span> <span class='ocrx_word' id='word_1_21' title='bbox 2027 658 2094 709; x_wconf 89' lang='lat' dir='ltr'><strong>ab</strong></span> 
     </span>
    </p>
   </div>
   <div class='ocr_carea' id='block_1_5' title="bbox 548 750 2098 820">
    <p class='ocr_par' dir='ltr' id='par_1_5' title="bbox 548 750 2098 820">
     <span class='ocr_line' id='line_1_5' title="bbox 548 750 2098 820; baseline 0.001 -18"><span class='ocrx_word' id='word_1_22' title='bbox 548 765 611 802; x_wconf 88' lang='lat' dir='ltr'><strong>ea</strong></span> <span class='ocrx_word' id='word_1_23' title='bbox 652 761 896 804; x_wconf 87' lang='lat' dir='ltr'><strong>sanctum</strong></span> <span class='ocrx_word' id='word_1_24' title='bbox 949 767 1145 818; x_wconf 86' lang='lat' dir='ltr'><strong>corpus</strong></span> <span class='ocrx_word' id='word_1_25' title='bbox 1173 752 1331 819; x_wconf 89' lang='lat' dir='ltr'><strong>jussit</strong></span> <span class='ocrx_word' id='word_1_26' title='bbox 1366 770 1380 805; x_wconf 90' lang='lat'>:</span> <span class='ocrx_word' id='word_1_27' title='bbox 1432 753 1522 806; x_wconf 89' lang='lat' dir='ltr'><strong>sed</strong></span> <span class='ocrx_word' id='word_1_28' title='bbox 1563 752 1685 820; x_wconf 88' lang='lat' dir='ltr'><strong>quia</strong></span> <span class='ocrx_word' id='word_1_29' title='bbox 1737 750 2098 805; x_wconf 87' lang='lat' dir='ltr'><strong>invalescebat</strong></span> 
     </span>
    </p>
   </div>
   <div class='ocr_carea' id='block_1_6' title="bbox 547 841 2094 912">
    <p class='ocr_par' dir='ltr' id='par_1_6' title="bbox 547 841 2094 912">
     <span class='ocr_line' id='line_1_6' title="bbox 547 841 2094 912; baseline 0 -19"><span class='ocrx_word' id='word_1_30' title='bbox 547 851 760 909; x_wconf 88' lang='lat' dir='ltr'><strong>ventus,</strong></span> <span class='ocrx_word' id='word_1_31' title='bbox 793 858 927 910; x_wconf 90' lang='lat' dir='ltr'><strong>opus</strong></span> <span class='ocrx_word' id='word_1_32' title='bbox 949 843 1047 897; x_wconf 82' lang='lat' dir='ltr'><strong>fuit</strong></span> <span class='ocrx_word' id='word_1_33' title='bbox 1067 847 1278 898; x_wconf 75' lang='lat' dir='ltr'><strong>mittere</strong></span> <span class='ocrx_word' id='word_1_34' title='bbox 1296 844 1599 898; x_wconf 90' lang='lat' dir='ltr'><strong>onerariam</strong></span> <span class='ocrx_word' id='word_1_35' title='bbox 1624 844 1976 897; x_wconf 71' lang='lat' dir='ltr'><strong>robustiorem</strong></span> <span class='ocrx_word' id='word_1_36' title='bbox 1995 841 2094 912; x_wconf 87' lang='lat' dir='ltr'><strong>(a),</strong></span> 
     </span>
    </p>
   </div>
   <div class='ocr_carea' id='block_1_7' title="bbox 544 934 2097 1005">
    <p class='ocr_par' dir='ltr' id='par_1_7' title="bbox 544 934 2097 1005">
     <span class='ocr_line' id='line_1_7' title="bbox 544 934 2097 1005; baseline 0.001 -19"><span class='ocrx_word' id='word_1_37' title='bbox 544 944 592 986; x_wconf 90' lang='lat' dir='ltr'><strong>et</strong></span> <span class='ocrx_word' id='word_1_38' title='bbox 631 934 745 988; x_wconf 61' lang='lat' dir='ltr'><strong>haec</strong></span> <span class='ocrx_word' id='word_1_39' title='bbox 778 936 890 1005; x_wconf 90' lang='lat' dir='ltr'><strong>ipsa</strong></span> <span class='ocrx_word' id='word_1_40' title='bbox 924 937 1013 990; x_wconf 89' lang='lat' dir='ltr'><strong>ubi</strong></span> <span class='ocrx_word' id='word_1_41' title='bbox 1052 937 1103 989; x_wconf 92' lang='lat' dir='ltr'><strong>in</strong></span> <span class='ocrx_word' id='word_1_42' title='bbox 1137 936 1269 990; x_wconf 88' lang='lat' dir='ltr'><strong>mari</strong></span> <span class='ocrx_word' id='word_1_43' title='bbox 1308 934 1406 989; x_wconf 77' lang='lat' dir='ltr'><strong>fuit</strong></span> <span class='ocrx_word' id='word_1_44' title='bbox 1436 934 1673 989; x_wconf 88' lang='lat' dir='ltr'><strong>nonnulli</strong></span> <span class='ocrx_word' id='word_1_45' title='bbox 1718 949 1783 989; x_wconf 80' lang='lat' dir='ltr'><strong>ex</strong></span> <span class='ocrx_word' id='word_1_46' title='bbox 1819 934 2097 988; x_wconf 88' lang='lat' dir='ltr'><strong>navicula-</strong></span> 
     </span>
    </p>
   </div>
   <div class='ocr_carea' id='block_1_8' title="bbox 548 1023 2097 1097">
    <p class='ocr_par' dir='ltr' id='par_1_8' title="bbox 548 1023 2097 1097">
     <span class='ocr_line' id='line_1_8' title="bbox 548 1023 2097 1097; baseline 0.001 -20"><span class='ocrx_word' id='word_1_47' title='bbox 548 1026 641 1078; x_wconf 86' lang='lat' dir='ltr'><strong>riis</strong></span> <span class='ocrx_word' id='word_1_48' title='bbox 697 1044 952 1082; x_wconf 75' lang='lat' dir='ltr'><strong>nauseam</strong></span> <span class='ocrx_word' id='word_1_49' title='bbox 1005 1030 1113 1097; x_wconf 88' lang='lat' dir='ltr'><strong>pati</strong></span> <span class='ocrx_word' id='word_1_50' title='bbox 1154 1035 1455 1097; x_wconf 58' lang='lat' dir='ltr'><strong>coeperunt,</strong></span> <span class='ocrx_word' id='word_1_51' title='bbox 1504 1026 1597 1079; x_wconf 82' lang='lat' dir='ltr'><strong>alii</strong></span> <span class='ocrx_word' id='word_1_52' title='bbox 1658 1035 1835 1080; x_wconf 87' lang='lat' dir='ltr'><strong>autem</strong></span> <span class='ocrx_word' id='word_1_53' title='bbox 1892 1023 2097 1079; x_wconf 87' lang='lat' dir='ltr'><strong>turbari</strong></span> 
     </span>
    </p>
   </div>
   <div class='ocr_carea' id='block_1_9' title="bbox 546 1117 2098 1188">
    <p class='ocr_par' dir='ltr' id='par_1_9' title="bbox 546 1117 2098 1188">
     <span class='ocr_line' id='line_1_9' title="bbox 546 1117 2098 1188; baseline 0.001 -19"><span class='ocrx_word' id='word_1_54' title='bbox 546 1130 765 1187; x_wconf 87' lang='lat' dir='ltr'><strong>propter</strong></span> <span class='ocrx_word' id='word_1_55' title='bbox 791 1120 1098 1174; x_wconf 83' lang='lat' dir='ltr'><strong>violentiam</strong></span> <span class='ocrx_word' id='word_1_56' title='bbox 1142 1117 1498 1188; x_wconf 83' lang='lat' dir='ltr'><strong>tempestatis.</strong></span> <span class='ocrx_word' id='word_1_57' title='bbox 1529 1118 1661 1172; x_wconf 88' lang='lat' dir='ltr'><strong>Cum</strong></span> <span class='ocrx_word' id='word_1_58' title='bbox 1697 1128 1875 1172; x_wconf 86' lang='lat' dir='ltr'><strong>autem</strong></span> <span class='ocrx_word' id='word_1_59' title='bbox 1916 1129 2098 1171; x_wconf 89' lang='lat' dir='ltr'><strong>acces-</strong></span> 
     </span>
    </p>
   </div>
   <div class='ocr_carea' id='block_1_10' title="bbox 544 1209 2099 1280">
    <p class='ocr_par' dir='ltr' id='par_1_10' title="bbox 544 1209 2099 1280">
     <span class='ocr_line' id='line_1_10' title="bbox 544 1209 2099 1280; baseline -0.001 -18"><span class='ocrx_word' id='word_1_60' title='bbox 544 1221 735 1265; x_wconf 88' lang='lat' dir='ltr'><strong>serunt</strong></span> <span class='ocrx_word' id='word_1_61' title='bbox 772 1213 837 1265; x_wconf 89' lang='lat' dir='ltr'><strong>ad</strong></span> <span class='ocrx_word' id='word_1_62' title='bbox 869 1212 1070 1278; x_wconf 91' lang='lat' dir='ltr'><strong>navim,</strong></span> <span class='ocrx_word' id='word_1_63' title='bbox 1099 1212 1346 1265; x_wconf 89' lang='lat' dir='ltr'><strong>viderunt</strong></span> <span class='ocrx_word' id='word_1_64' title='bbox 1372 1211 1619 1280; x_wconf 79' lang='lat' dir='ltr'><strong>cymbam</strong></span> <span class='ocrx_word' id='word_1_65' title='bbox 1647 1209 1902 1263; x_wconf 83' lang='lat' dir='ltr'><strong>navarchi</strong></span> <span class='ocrx_word' id='word_1_66' title='bbox 1933 1210 2099 1261; x_wconf 82' lang='lat' dir='ltr'><strong>abna-</strong></span> 
     </span>
    </p>
   </div>
   <div class='ocr_carea' id='block_1_11' title="bbox 547 1292 2115 1371">
    <p class='ocr_par' dir='ltr' id='par_1_11' title="bbox 547 1292 2115 1371">
     <span class='ocr_line' id='line_1_11' title="bbox 547 1292 2115 1371; baseline -0.001 -18"><span class='ocrx_word' id='word_1_67' title='bbox 547 1301 750 1371; x_wconf 83' lang='lat' dir='ltr'><strong>vigasse</strong></span> <span class='ocrx_word' id='word_1_68' title='bbox 774 1318 895 1356; x_wconf 91' lang='lat' dir='ltr'><strong>cum</strong></span> <span class='ocrx_word' id='word_1_69' title='bbox 920 1312 1109 1356; x_wconf 84' lang='lat' dir='ltr'><strong>sancto</strong></span> <span class='ocrx_word' id='word_1_70' title='bbox 1144 1316 1394 1369; x_wconf 90' lang='lat' dir='ltr'><strong>corpore;</strong></span> <span class='ocrx_word' id='word_1_71' title='bbox 1423 1302 1650 1370; x_wconf 81' lang='lat' dir='ltr'><strong>ideoque</strong></span> <span class='ocrx_word' id='word_1_72' title='bbox 1680 1309 1862 1353; x_wconf 81' lang='lat' dir='ltr'><strong>inatuo</strong></span> <span class='ocrx_word' id='word_1_73' title='bbox 1892 1314 1951 1352; x_wconf 90' lang='lat' dir='ltr'><strong>se</strong></span> <span class='ocrx_word' id='word_1_74' title='bbox 1979 1292 2115 1351; x_wconf 82' lang='lat' dir='ltr'><strong>ani-‘</strong></span> 
     </span>
    </p>
   </div>
   <div class='ocr_carea' id='block_1_12' title="bbox 544 1377 2101 1464">
    <p class='ocr_par' dir='ltr' id='par_1_12' title="bbox 544 1377 2101 1464">
     <span class='ocr_line' id='line_1_12' title="bbox 544 1377 2101 1464; baseline 0 -21"><span class='ocrx_word' id='word_1_75' title='bbox 544 1401 749 1446; x_wconf 86' lang='lat' dir='ltr'><strong>mantes</strong></span> <span class='ocrx_word' id='word_1_76' title='bbox 780 1377 1067 1448; x_wconf 75' lang='lat' dir='ltr'><strong>dicebant:</strong></span> <span class='ocrx_word' id='word_1_77' title='bbox 1103 1413 1121 1446; x_wconf 80' lang='grc' dir='ltr'><strong>ι</strong></span> <span class='ocrx_word' id='word_1_78' title='bbox 1156 1394 1249 1448; x_wconf 86' lang='lat' dir='ltr'><strong>Eia</strong></span> <span class='ocrx_word' id='word_1_79' title='bbox 1285 1394 1631 1464; x_wconf 79' lang='lat' dir='ltr'><strong>insequamur</strong></span> <span class='ocrx_word' id='word_1_80' title='bbox 1672 1389 1979 1460; x_wconf 85' lang='lat' dir='ltr'><strong>cymhulam</strong></span> <span class='ocrx_word' id='word_1_81' title='bbox 2026 1389 2101 1444; x_wconf 84' lang='lat' dir='ltr'><strong>is-</strong></span> 
     </span>
    </p>
   </div>
   <div class='ocr_carea' id='block_1_13' title="bbox 546 1480 2102 1554">
    <p class='ocr_par' dir='ltr' id='par_1_13' title="bbox 546 1480 2102 1554">
     <span class='ocr_line' id='line_1_13' title="bbox 546 1480 2102 1554; baseline 0.001 -22"><span class='ocrx_word' id='word_1_82' title='bbox 546 1500 565 1532; x_wconf 84' lang='grc' dir='ltr'><strong>ι</strong></span> <span class='ocrx_word' id='word_1_83' title='bbox 597 1493 742 1548; x_wconf 84' lang='lat' dir='ltr'><strong>tam;</strong></span> <span class='ocrx_word' id='word_1_84' title='bbox 773 1494 826 1536; x_wconf 91' lang='lat' dir='ltr'><strong>ut</strong></span> <span class='ocrx_word' id='word_1_85' title='bbox 859 1486 1054 1539; x_wconf 87' lang='lat' dir='ltr'><strong>auxilio</strong></span> <span class='ocrx_word' id='word_1_86' title='bbox 1086 1485 1134 1540; x_wconf 89' lang='lat' dir='ltr'><strong>ei</strong></span> <span class='ocrx_word' id='word_1_87' title='bbox 1166 1500 1284 1539; x_wconf 88' lang='lat' dir='ltr'><strong>esse</strong></span> <span class='ocrx_word' id='word_1_88' title='bbox 1316 1488 1601 1554; x_wconf 88' lang='lat' dir='ltr'><strong>possimus,</strong></span> <span class='ocrx_word' id='word_1_89' title='bbox 1631 1483 1673 1537; x_wconf 93' lang='lat' dir='ltr'><strong>si</strong></span> <span class='ocrx_word' id='word_1_90' title='bbox 1702 1484 1827 1552; x_wconf 92' lang='lat' dir='ltr'><strong>quid</strong></span> <span class='ocrx_word' id='word_1_91' title='bbox 1860 1480 1996 1535; x_wconf 78' lang='lat' dir='ltr'><strong>forte</strong></span> <span class='ocrx_word' id='word_1_92' title='bbox 2028 1480 2102 1535; x_wconf 88' lang='lat' dir='ltr'><strong>si-</strong></span> 
     </span>
    </p>
   </div>
   <div class='ocr_carea' id='block_1_14' title="bbox 545 1573 2101 1647">
    <p class='ocr_par' dir='ltr' id='par_1_14' title="bbox 545 1573 2101 1647">
     <span class='ocr_line' id='line_1_14' title="bbox 545 1573 2101 1647; baseline 0.003 -24"><span class='ocrx_word' id='word_1_93' title='bbox 545 1591 564 1623; x_wconf 77' lang='grc' dir='ltr'><strong>ι</strong></span> <span class='ocrx_word' id='word_1_94' title='bbox 595 1574 817 1628; x_wconf 82' lang='lat' dir='ltr'><strong>nistrum</strong></span> <span class='ocrx_word' id='word_1_95' title='bbox 845 1576 1375 1646; x_wconf 81' lang='lat' dir='ltr'><strong>contingat.chrum</strong></span> <span class='ocrx_word' id='word_1_96' title='bbox 1396 1577 1679 1647; x_wconf 78' lang='lat' dir='ltr'><strong>navigabat</strong></span> <span class='ocrx_word' id='word_1_97' title='bbox 1707 1575 1793 1628; x_wconf 85' lang='lat' dir='ltr'><strong>illa</strong></span> <span class='ocrx_word' id='word_1_98' title='bbox 1825 1585 1930 1628; x_wconf 88' lang='lat' dir='ltr'><strong>tam</strong></span> <span class='ocrx_word' id='word_1_99' title='bbox 1949 1573 2101 1643; x_wconf 88' lang='lat' dir='ltr'><strong>quie-</strong></span> 
     </span>
    </p>
   </div>
   <div class='ocr_carea' id='block_1_15' title="bbox 543 1667 2099 1740">
    <p class='ocr_par' dir='ltr' id='par_1_15' title="bbox 543 1667 2099 1740">
     <span class='ocr_line' id='line_1_15' title="bbox 543 1667 2099 1740; baseline 0.001 -21"><span class='ocrx_word' id='word_1_100' title='bbox 543 1676 611 1727; x_wconf 82' lang='lat' dir='ltr'><strong>te,</strong></span> <span class='ocrx_word' id='word_1_101' title='bbox 633 1676 689 1721; x_wconf 89' lang='lat' dir='ltr'><strong>ut</strong></span> <span class='ocrx_word' id='word_1_102' title='bbox 712 1683 870 1737; x_wconf 85' lang='lat' dir='ltr'><strong>supra</strong></span> <span class='ocrx_word' id='word_1_103' title='bbox 892 1670 1125 1723; x_wconf 89' lang='lat' dir='ltr'><strong>marinos</strong></span> <span class='ocrx_word' id='word_1_104' title='bbox 1145 1667 1354 1734; x_wconf 85' lang='lat' dir='ltr'><strong>ﬂuctus,</strong></span> <span class='ocrx_word' id='word_1_105' title='bbox 1382 1684 1483 1723; x_wconf 90' lang='lat' dir='ltr'><strong>non</strong></span> <span class='ocrx_word' id='word_1_106' title='bbox 1515 1667 1724 1740; x_wconf 82' lang='lat' dir='ltr'><strong>cymba,</strong></span> <span class='ocrx_word' id='word_1_107' title='bbox 1743 1668 1833 1722; x_wconf 91' lang='lat' dir='ltr'><strong>sed</strong></span> <span class='ocrx_word' id='word_1_108' title='bbox 1865 1667 1979 1720; x_wconf 89' lang='lat' dir='ltr'><strong>avis</strong></span> <span class='ocrx_word' id='word_1_109' title='bbox 2009 1680 2099 1720; x_wconf 84' lang='lat' dir='ltr'><strong>vo-</strong></span> 
     </span>
    </p>
   </div>
   <div class='ocr_carea' id='block_1_16' title="bbox 541 1757 2101 1831">
    <p class='ocr_par' dir='ltr' id='par_1_16' title="bbox 541 1757 2101 1831">
     <span class='ocr_line' id='line_1_16' title="bbox 541 1757 2101 1831; baseline 0 -18"><span class='ocrx_word' id='word_1_110' title='bbox 541 1757 654 1813; x_wconf 83' lang='lat' dir='ltr'><strong>lare</strong></span> <span class='ocrx_word' id='word_1_111' title='bbox 684 1760 995 1826; x_wconf 85' lang='lat' dir='ltr'><strong>videretur;</strong></span> <span class='ocrx_word' id='word_1_112' title='bbox 1021 1770 1075 1815; x_wconf 91' lang='lat' dir='ltr'><strong>et</strong></span> <span class='ocrx_word' id='word_1_113' title='bbox 1103 1777 1199 1831; x_wconf 87' lang='lat' dir='ltr'><strong>per</strong></span> <span class='ocrx_word' id='word_1_114' title='bbox 1234 1762 1327 1817; x_wconf 90' lang='lat' dir='ltr'><strong>Dei</strong></span> <span class='ocrx_word' id='word_1_115' title='bbox 1356 1763 1587 1830; x_wconf 80' lang='lat' dir='ltr'><strong>gratiam</strong></span> <span class='ocrx_word' id='word_1_116' title='bbox 1619 1760 1763 1815; x_wconf 88' lang='lat' dir='ltr'><strong>salva</strong></span> <span class='ocrx_word' id='word_1_117' title='bbox 1798 1759 1936 1813; x_wconf 90' lang='lat' dir='ltr'><strong>citra</strong></span> <span class='ocrx_word' id='word_1_118' title='bbox 1965 1759 2101 1825; x_wconf 86' lang='lat' dir='ltr'><strong>peri-</strong></span> 
     </span>
    </p>
   </div>
   <div class='ocr_carea' id='block_1_17' title="bbox 538 1851 2099 1922">
    <p class='ocr_par' dir='ltr' id='par_1_17' title="bbox 538 1851 2099 1922">
     <span class='ocr_line' id='line_1_17' title="bbox 538 1851 2099 1922; baseline -0.003 -15"><span class='ocrx_word' id='word_1_119' title='bbox 538 1851 719 1907; x_wconf 86' lang='lat' dir='ltr'><strong>culum</strong></span> <span class='ocrx_word' id='word_1_120' title='bbox 778 1851 1028 1921; x_wconf 85' lang='lat' dir='ltr'><strong>appulit;</strong></span> <span class='ocrx_word' id='word_1_121' title='bbox 1077 1867 1197 1906; x_wconf 88' lang='lat' dir='ltr'><strong>cmn</strong></span> <span class='ocrx_word' id='word_1_122' title='bbox 1232 1854 1478 1907; x_wconf 86' lang='lat' dir='ltr'><strong>oneraria</strong></span> <span class='ocrx_word' id='word_1_123' title='bbox 1534 1851 1908 1922; x_wconf 87' lang='lat' dir='ltr'><strong>patriarcbalis</strong></span> <span class='ocrx_word' id='word_1_124' title='bbox 1961 1865 2099 1905; x_wconf 90' lang='lat' dir='ltr'><strong>non-</strong></span> 
     </span>
    </p>
   </div>
   <div class='ocr_carea' id='block_1_18' title="bbox 538 1940 2099 2010">
    <p class='ocr_par' dir='ltr' id='par_1_18' title="bbox 538 1940 2099 2010">
     <span class='ocr_line' id='line_1_18' title="bbox 538 1940 2099 2010; baseline 0.002 -16"><span class='ocrx_word' id='word_1_125' title='bbox 538 1942 643 1994; x_wconf 86' lang='lat' dir='ltr'><strong>nisi</strong></span> <span class='ocrx_word' id='word_1_126' title='bbox 706 1941 876 1996; x_wconf 90' lang='lat' dir='ltr'><strong>multo</strong></span> <span class='ocrx_word' id='word_1_127' title='bbox 931 1957 1051 1995; x_wconf 91' lang='lat' dir='ltr'><strong>cum</strong></span> <span class='ocrx_word' id='word_1_128' title='bbox 1106 1940 1289 1995; x_wconf 89' lang='lat' dir='ltr'><strong>labore</strong></span> <span class='ocrx_word' id='word_1_129' title='bbox 1338 1942 1480 1996; x_wconf 90' lang='lat' dir='ltr'><strong>viam</strong></span> <span class='ocrx_word' id='word_1_130' title='bbox 1540 1957 1604 1996; x_wconf 86' lang='lat' dir='ltr'><strong>ac</strong></span> <span class='ocrx_word' id='word_1_131' title='bbox 1663 1952 1874 2010; x_wconf 90' lang='lat' dir='ltr'><strong>portum</strong></span> <span class='ocrx_word' id='word_1_132' title='bbox 1918 1951 2099 1997; x_wconf 85' lang='lat' dir='ltr'><strong>tenere</strong></span> 
     </span>
    </p>
   </div>
   <div class='ocr_carea' id='block_1_19' title="bbox 538 2033 2095 2104">
    <p class='ocr_par' dir='ltr' id='par_1_19' title="bbox 538 2033 2095 2104">
     <span class='ocr_line' id='line_1_19' title="bbox 538 2033 2095 2104; baseline 0.001 -20"><span class='ocrx_word' id='word_1_133' title='bbox 538 2036 791 2103; x_wconf 86' lang='lat' dir='ltr'><strong>potuerit.</strong></span> <span class='ocrx_word' id='word_1_134' title='bbox 853 2034 919 2089; x_wconf 88' lang='lat' dir='ltr'><strong>Et</strong></span> <span class='ocrx_word' id='word_1_135' title='bbox 969 2044 1147 2089; x_wconf 87' lang='lat' dir='ltr'><strong>tamen</strong></span> <span class='ocrx_word' id='word_1_136' title='bbox 1197 2033 1391 2104; x_wconf 73' lang='lat' dir='ltr'><strong>cymba</strong></span> <span class='ocrx_word' id='word_1_137' title='bbox 1450 2033 1565 2101; x_wconf 90' lang='lat' dir='ltr'><strong>illa,</strong></span> <span class='ocrx_word' id='word_1_138' title='bbox 1621 2044 1821 2103; x_wconf 65' lang='lat' dir='ltr'><strong>prmter</strong></span> <span class='ocrx_word' id='word_1_139' title='bbox 1884 2048 2095 2088; x_wconf 84' lang='lat' dir='ltr'><strong>sacrant</strong></span> 
     </span>
    </p>
   </div>
   <div class='ocr_carea' id='block_1_20' title="bbox 537 2124 2099 2196">
    <p class='ocr_par' dir='ltr' id='par_1_20' title="bbox 537 2124 2099 2196">
     <span class='ocr_line' id='line_1_20' title="bbox 537 2124 2099 2196; baseline -0.004 -14"><span class='ocrx_word' id='word_1_140' title='bbox 537 2143 769 2196; x_wconf 86' lang='lat' dir='ltr'><strong>corpus,</strong></span> <span class='ocrx_word' id='word_1_141' title='bbox 805 2142 899 2183; x_wconf 90' lang='lat' dir='ltr'><strong>sex</strong></span> <span class='ocrx_word' id='word_1_142' title='bbox 950 2127 1192 2183; x_wconf 89' lang='lat' dir='ltr'><strong>homines</strong></span> <span class='ocrx_word' id='word_1_143' title='bbox 1246 2127 1485 2191; x_wconf 81' lang='lat' dir='ltr'><strong>ferebat,</strong></span> <span class='ocrx_word' id='word_1_144' title='bbox 1542 2133 1599 2179; x_wconf 89' lang='lat' dir='ltr'><strong>et</strong></span> <span class='ocrx_word' id='word_1_145' title='bbox 1647 2126 1823 2178; x_wconf 88' lang='lat' dir='ltr'><strong>varias</strong></span> <span class='ocrx_word' id='word_1_146' title='bbox 1880 2124 2099 2191; x_wconf 89' lang='lat' dir='ltr'><strong>insuper</strong></span> 
     </span>
    </p>
   </div>
   <div class='ocr_carea' id='block_1_21' title="bbox 536 2205 2098 2289">
    <p class='ocr_par' dir='ltr' id='par_1_21' title="bbox 536 2205 2098 2289">
     <span class='ocr_line' id='line_1_21' title="bbox 536 2205 2098 2289; baseline -0.001 -18"><span class='ocrx_word' id='word_1_147' title='bbox 536 2234 771 2285; x_wconf 86' lang='lat' dir='ltr'><strong>merces,</strong></span> <span class='ocrx_word' id='word_1_148' title='bbox 816 2221 1024 2289; x_wconf 91' lang='lat' dir='ltr'><strong>pondus</strong></span> <span class='ocrx_word' id='word_1_149' title='bbox 1066 2205 1306 2289; x_wconf 77' lang='lat' dir='ltr'><strong>ipsorum</strong></span> <span class='ocrx_word' id='word_1_150' title='bbox 1344 2227 1624 2274; x_wconf 83' lang='lat' dir='ltr'><strong>vectorum</strong></span> <span class='ocrx_word' id='word_1_151' title='bbox 1676 2216 1899 2271; x_wconf 88' lang='lat' dir='ltr'><strong>multum</strong></span> <span class='ocrx_word' id='word_1_152' title='bbox 1940 2230 2098 2284; x_wconf 84' lang='lat' dir='ltr'><strong>supe-</strong></span> 
     </span>
    </p>
   </div>
   <div class='ocr_carea' id='block_1_22' title="bbox 534 2322 740 2368">
    <p class='ocr_par' dir='ltr' id='par_1_22' title="bbox 534 2322 740 2368">
     <span class='ocr_line' id='line_1_22' title="bbox 534 2322 740 2368; baseline -0.005 0"><span class='ocrx_word' id='word_1_153' title='bbox 534 2322 740 2368; x_wconf 81' lang='lat' dir='ltr'><strong>rantes.</strong></span> 
     </span>
    </p>
   </div>
   <div class='ocr_carea' id='block_1_23' title="bbox 552 2494 2097 2562">
    <p class='ocr_par' dir='ltr' id='par_1_23' title="bbox 552 2494 2097 2562">
     <span class='ocr_line' id='line_1_23' title="bbox 552 2494 2097 2562; baseline -0.003 -12"><span class='ocrx_word' id='word_1_154' title='bbox 552 2495 757 2551; x_wconf 73' lang='lat' dir='ltr'><strong>Veritas</strong></span> <span class='ocrx_word' id='word_1_155' title='bbox 801 2497 973 2549; x_wconf 79' lang='lat' dir='ltr'><strong>sancti</strong></span> <span class='ocrx_word' id='word_1_156' title='bbox 1010 2496 1242 2562; x_wconf 77' lang='lat' dir='ltr'><strong>corporis</strong></span> <span class='ocrx_word' id='word_1_157' title='bbox 1276 2512 1307 2547; x_wconf 90' lang='lat' dir='ltr'><strong>a</strong></span> <span class='ocrx_word' id='word_1_158' title='bbox 1350 2494 1658 2559; x_wconf 80' lang='lat' dir='ltr'><strong>patriarcha</strong></span> <span class='ocrx_word' id='word_1_159' title='bbox 1715 2498 2014 2545; x_wconf 69' lang='lat' dir='ltr'><strong>examinata</strong></span> <span class='ocrx_word' id='word_1_160' title='bbox 2050 2502 2097 2545; x_wconf 84' lang='lat' dir='ltr'><strong>et</strong></span> 
     </span>
    </p>
   </div>
   <div class='ocr_carea' id='block_1_24' title="bbox 603 2562 2097 2691">
    <p class='ocr_par' dir='ltr' id='par_1_24' title="bbox 603 2562 2097 2691">
     <span class='ocr_line' id='line_1_24' title="bbox 605 2562 2097 2634; baseline 0 -18"><span class='ocrx_word' id='word_1_161' title='bbox 605 2566 841 2634; x_wconf 79' lang='lat' dir='ltr'><strong>probata.</strong></span> <span class='ocrx_word' id='word_1_162' title='bbox 871 2565 1171 2620; x_wconf 81' lang='lat' dir='ltr'><strong>Translatio</strong></span> <span class='ocrx_word' id='word_1_163' title='bbox 1197 2567 1426 2634; x_wconf 81' lang='lat' dir='ltr'><strong>ejusdem</strong></span> <span class='ocrx_word' id='word_1_164' title='bbox 1450 2565 1694 2618; x_wconf 78' lang='lat' dir='ltr'><strong>solemnis</strong></span> <span class='ocrx_word' id='word_1_165' title='bbox 1725 2566 1791 2616; x_wconf 87' lang='lat' dir='ltr'><strong>ad</strong></span> <span class='ocrx_word' id='word_1_166' title='bbox 1830 2562 2097 2617; x_wconf 75' lang='lat' dir='ltr'><strong>ecclesiam</strong></span> 
     </span>
     <span class='ocr_line' id='line_1_25' title="bbox 603 2634 1044 2691; baseline 0 0"><span class='ocrx_word' id='word_1_167' title='bbox 603 2636 818 2691; x_wconf 77' lang='lat' dir='ltr'><strong>Sancta:</strong></span> <span class='ocrx_word' id='word_1_168' title='bbox 842 2634 1044 2691; x_wconf 80' lang='lat' dir='ltr'><strong>Crucis.</strong></span> 
     </span>
    </p>
   </div>
   <div class='ocr_carea' id='block_1_25' title="bbox 650 2652 1044 2693">
    <p class='ocr_par' dir='ltr' id='par_1_25' title="bbox 650 2652 1044 2693">
     <span class='ocr_line' id='line_1_26' title="bbox 650 2652 1044 2693; baseline 0.008 -5"><span class='ocrx_word' id='word_1_169' title='bbox 650 2652 818 2690; x_wconf 72' lang='lat' dir='ltr'><strong>aucta:</strong></span> <span class='ocrx_word' id='word_1_170' title='bbox 842 2652 877 2689; x_wconf 65' lang='grc' dir='ltr'><strong>(Α</strong></span> <span class='ocrx_word' id='word_1_171' title='bbox 888 2652 1044 2693; x_wconf 79' lang='lat' dir='ltr'><strong>ruczs.</strong></span> 
     </span>
    </p>
   </div>
   <div class='ocr_carea' id='block_1_26' title="bbox 608 2814 2098 2886">
    <p class='ocr_par' dir='ltr' id='par_1_26' title="bbox 608 2814 2098 2886">
     <span class='ocr_line' id='line_1_27' title="bbox 608 2814 2098 2886; baseline -0.003 -17"><span class='ocrx_word' id='word_1_172' title='bbox 608 2835 627 2868; x_wconf 79' lang='grc' dir='ltr'><strong>ι</strong></span> <span class='ocrx_word' id='word_1_173' title='bbox 668 2815 865 2869; x_wconf 87' lang='lat' dir='ltr'><strong>Detulit</strong></span> <span class='ocrx_word' id='word_1_174' title='bbox 892 2824 1067 2869; x_wconf 86' lang='lat' dir='ltr'><strong>autem</strong></span> <span class='ocrx_word' id='word_1_175' title='bbox 1088 2815 1274 2886; x_wconf 82' lang='lat' dir='ltr'><strong>cymba</strong></span> <span class='ocrx_word' id='word_1_176' title='bbox 1308 2814 1395 2867; x_wconf 87' lang='lat' dir='ltr'><strong>illa</strong></span> <span class='ocrx_word' id='word_1_177' title='bbox 1424 2826 1622 2880; x_wconf 90' lang='lat' dir='ltr'><strong>corpus</strong></span> <span class='ocrx_word' id='word_1_178' title='bbox 1651 2821 1900 2866; x_wconf 87' lang='lat' dir='ltr'><strong>sanctum</strong></span> <span class='ocrx_word' id='word_1_179' title='bbox 1929 2826 2098 2879; x_wconf 89' lang='lat' dir='ltr'><strong>usque</strong></span> 
     </span>
    </p>
   </div>
   <div class='ocr_carea' id='block_1_27' title="bbox 533 2905 2099 2974">
    <p class='ocr_par' dir='ltr' id='par_1_27' title="bbox 533 2905 2099 2974">
     <span class='ocr_line' id='line_1_28' title="bbox 533 2905 2099 2974; baseline -0.005 -11"><span class='ocrx_word' id='word_1_180' title='bbox 533 2907 822 2963; x_wconf 79' lang='lat' dir='ltr'><strong>Castellum</strong></span> <span class='ocrx_word' id='word_1_181' title='bbox 868 2905 964 2973; x_wconf 72' lang='grc' dir='ltr'><strong>(ὑ),</strong></span> <span class='ocrx_word' id='word_1_182' title='bbox 998 2907 1086 2961; x_wconf 91' lang='lat' dir='ltr'><strong>ubi</strong></span> <span class='ocrx_word' id='word_1_183' title='bbox 1131 2906 1255 2960; x_wconf 84' lang='lat' dir='ltr'><strong>illud</strong></span> <span class='ocrx_word' id='word_1_184' title='bbox 1290 2913 1674 2974; x_wconf 51' lang='lat' dir='ltr'><strong>praesentatum</strong></span> <span class='ocrx_word' id='word_1_185' title='bbox 1732 2912 1815 2957; x_wconf 87' lang='lat' dir='ltr'><strong>est</strong></span> <span class='ocrx_word' id='word_1_186' title='bbox 1846 2918 2099 2958; x_wconf 87' lang='lat' dir='ltr'><strong>reveren-</strong></span> 
     </span>
    </p>
   </div>
   <div class='ocr_carea' id='block_1_28' title="bbox 532 2992 2095 3066">
    <p class='ocr_par' dir='ltr' id='par_1_28' title="bbox 532 2992 2095 3066">
     <span class='ocr_line' id='line_1_29' title="bbox 532 2992 2095 3066; baseline -0.006 -12"><span class='ocrx_word' id='word_1_187' title='bbox 532 3000 771 3055; x_wconf 76' lang='lat' dir='ltr'><strong>dissima:</strong></span> <span class='ocrx_word' id='word_1_188' title='bbox 809 2998 1161 3053; x_wconf 89' lang='lat' dir='ltr'><strong>dominationi</strong></span> <span class='ocrx_word' id='word_1_189' title='bbox 1200 2996 1261 3052; x_wconf 93' lang='lat' dir='ltr'><strong>D.</strong></span> <span class='ocrx_word' id='word_1_190' title='bbox 1306 2994 1563 3066; x_wconf 83' lang='lat' dir='ltr'><strong>Mocenigi</strong></span> <span class='ocrx_word' id='word_1_191' title='bbox 1594 2994 1907 3058; x_wconf 86' lang='lat' dir='ltr'><strong>Justiniani,</strong></span> <span class='ocrx_word' id='word_1_192' title='bbox 1938 2992 2095 3062; x_wconf 87' lang='lat' dir='ltr'><strong>primi</strong></span> 
     </span>
    </p>
   </div>
   <div class='ocr_carea' id='block_1_29' title="bbox 530 3086 2096 3161">
    <p class='ocr_par' dir='ltr' id='par_1_29' title="bbox 530 3086 2096 3161">
     <span class='ocr_line' id='line_1_30' title="bbox 530 3086 2096 3161; baseline -0.005 -14"><span class='ocrx_word' id='word_1_193' title='bbox 530 3090 877 3147; x_wconf 77' lang='lat' dir='ltr'><strong>Venetiarum</strong></span> <span class='ocrx_word' id='word_1_194' title='bbox 910 3090 1229 3161; x_wconf 53' lang='lat' dir='ltr'><strong>patriarcha).</strong></span> <span class='ocrx_word' id='word_1_195' title='bbox 1256 3130 1271 3154; x_wconf 87' lang='lat'><strong>,</strong></span> <span class='ocrx_word' id='word_1_196' title='bbox 1310 3088 1400 3157; x_wconf 90' lang='lat' dir='ltr'><strong>qui</strong></span> <span class='ocrx_word' id='word_1_197' title='bbox 1440 3087 1603 3157; x_wconf 88' lang='lat' dir='ltr'><strong>jussit</strong></span> <span class='ocrx_word' id='word_1_198' title='bbox 1635 3098 1693 3140; x_wconf 87' lang='lat' dir='ltr'><strong>ut</strong></span> <span class='ocrx_word' id='word_1_199' title='bbox 1740 3096 1950 3141; x_wconf 88' lang='lat' dir='ltr'><strong>secreto</strong></span> <span class='ocrx_word' id='word_1_200' title='bbox 2004 3086 2096 3140; x_wconf 87' lang='lat' dir='ltr'><strong>de—</strong></span> 
     </span>
    </p>
   </div>
   <div class='ocr_carea' id='block_1_30' title="bbox 529 3177 2089 3255">
    <p class='ocr_par' dir='ltr' id='par_1_30' title="bbox 529 3177 2089 3255">
     <span class='ocr_line' id='line_1_31' title="bbox 529 3177 2089 3255; baseline -0.006 -16"><span class='ocrx_word' id='word_1_201' title='bbox 529 3196 836 3255; x_wconf 77' lang='lat' dir='ltr'><strong>portaretur</strong></span> <span class='ocrx_word' id='word_1_202' title='bbox 863 3185 925 3238; x_wconf 90' lang='lat' dir='ltr'><strong>ad</strong></span> <span class='ocrx_word' id='word_1_203' title='bbox 961 3182 1207 3239; x_wconf 80' lang='lat' dir='ltr'><strong>dominas</strong></span> <span class='ocrx_word' id='word_1_204' title='bbox 1252 3180 1466 3235; x_wconf 75' lang='lat' dir='ltr'><strong>Sancta:</strong></span> <span class='ocrx_word' id='word_1_205' title='bbox 1510 3179 1698 3235; x_wconf 87' lang='lat' dir='ltr'><strong>Crucis</strong></span> <span class='ocrx_word' id='word_1_206' title='bbox 1752 3180 1803 3233; x_wconf 92' lang='lat' dir='ltr'><strong>in</strong></span> <span class='ocrx_word' id='word_1_207' title='bbox 1848 3177 2089 3242; x_wconf 80' lang='lat' dir='ltr'><strong>Judaica,</strong></span> 
     </span>
    </p>
   </div>
   <div class='ocr_carea' id='block_1_31' title="bbox 531 3256 2093 3345">
    <p class='ocr_par' dir='ltr' id='par_1_31' title="bbox 531 3256 2093 3345">
     <span class='ocr_line' id='line_1_32' title="bbox 531 3256 2093 3345; baseline -0.005 -13"><span class='ocrx_word' id='word_1_208' title='bbox 531 3278 769 3332; x_wconf 76' lang='lat' dir='ltr'><strong>districto</strong></span> <span class='ocrx_word' id='word_1_209' title='bbox 794 3274 1127 3345; x_wconf 90' lang='lat' dir='ltr'><strong>prohibendo</strong></span> <span class='ocrx_word' id='word_1_210' title='bbox 1155 3290 1222 3330; x_wconf 90' lang='lat' dir='ltr'><strong>ne</strong></span> <span class='ocrx_word' id='word_1_211' title='bbox 1253 3274 1327 3329; x_wconf 92' lang='lat' dir='ltr'><strong>illi</strong></span> <span class='ocrx_word' id='word_1_212' title='bbox 1356 3275 1531 3328; x_wconf 91' lang='lat' dir='ltr'><strong>honor</strong></span> <span class='ocrx_word' id='word_1_213' title='bbox 1558 3256 1755 3340; x_wconf 80' lang='lat' dir='ltr'><strong>aliquis</strong></span> <span class='ocrx_word' id='word_1_214' title='bbox 1797 3280 1891 3325; x_wconf 89' lang='lat' dir='ltr'><strong>aut</strong></span> <span class='ocrx_word' id='word_1_215' title='bbox 1938 3284 2093 3324; x_wconf 84' lang='lat' dir='ltr'><strong>reve-</strong></span> 
     </span>
    </p>
   </div>
   <div class='ocr_carea' id='block_1_32' title="bbox 531 3361 2096 3435">
    <p class='ocr_par' dir='ltr' id='par_1_32' title="bbox 531 3361 2096 3435">
     <span class='ocr_line' id='line_1_33' title="bbox 531 3361 2096 3435; baseline -0.003 -16"><span class='ocrx_word' id='word_1_216' title='bbox 531 3369 707 3423; x_wconf 87' lang='lat' dir='ltr'><strong>rentia</strong></span> <span class='ocrx_word' id='word_1_217' title='bbox 732 3368 1099 3431; x_wconf 82' lang='lat' dir='ltr'><strong>exhiberetur,</strong></span> <span class='ocrx_word' id='word_1_218' title='bbox 1134 3367 1449 3435; x_wconf 88' lang='lat' dir='ltr'><strong>priusquam</strong></span> <span class='ocrx_word' id='word_1_219' title='bbox 1482 3366 1684 3417; x_wconf 89' lang='lat' dir='ltr'><strong>certior</strong></span> <span class='ocrx_word' id='word_1_220' title='bbox 1730 3371 1876 3416; x_wconf 80' lang='lat' dir='ltr'><strong>esset</strong></span> <span class='ocrx_word' id='word_1_221' title='bbox 1923 3361 2096 3415; x_wconf 80' lang='lat' dir='ltr'><strong>lactus</strong></span> 
     </span>
    </p>
   </div>
   <div class='ocr_carea' id='block_1_33' title="bbox 530 3451 2093 3529">
    <p class='ocr_par' dir='ltr' id='par_1_33' title="bbox 530 3451 2093 3529">
     <span class='ocr_line' id='line_1_34' title="bbox 530 3451 2093 3529; baseline -0.004 -16"><span class='ocrx_word' id='word_1_222' title='bbox 530 3460 705 3529; x_wconf 83' lang='lat' dir='ltr'><strong>ipsum</strong></span> <span class='ocrx_word' id='word_1_223' title='bbox 738 3473 863 3512; x_wconf 86' lang='lat' dir='ltr'><strong>vere</strong></span> <span class='ocrx_word' id='word_1_224' title='bbox 887 3473 1009 3513; x_wconf 84' lang='lat' dir='ltr'><strong>esse</strong></span> <span class='ocrx_word' id='word_1_225' title='bbox 1059 3472 1256 3526; x_wconf 88' lang='lat' dir='ltr'><strong>corpus</strong></span> <span class='ocrx_word' id='word_1_226' title='bbox 1282 3456 1340 3511; x_wconf 92' lang='lat' dir='ltr'><strong>S.</strong></span> <span class='ocrx_word' id='word_1_227' title='bbox 1370 3454 1648 3510; x_wconf 84' lang='lat' dir='ltr'><strong>Athanasii</strong></span> <span class='ocrx_word' id='word_1_228' title='bbox 1676 3495 1691 3519; x_wconf 96' lang='lat'><strong>,</strong></span> <span class='ocrx_word' id='word_1_229' title='bbox 1719 3452 1957 3508; x_wconf 78' lang='lat' dir='ltr'><strong>doctoris</strong></span> <span class='ocrx_word' id='word_1_230' title='bbox 1991 3451 2093 3507; x_wconf 84' lang='lat' dir='ltr'><strong>Ec-</strong></span> 
     </span>
    </p>
   </div>
   <div class='ocr_carea' id='block_1_34' title="bbox 529 3546 2097 3617">
    <p class='ocr_par' dir='ltr' id='par_1_34' title="bbox 529 3546 2097 3617">
     <span class='ocr_line' id='line_1_35' title="bbox 529 3546 2097 3617; baseline -0.005 -9"><span class='ocrx_word' id='word_1_231' title='bbox 529 3551 710 3608; x_wconf 78' lang='lat' dir='ltr'><strong>clesia:</strong></span> <span class='ocrx_word' id='word_1_232' title='bbox 747 3549 1046 3611; x_wconf 66' lang='lat' dir='ltr'><strong>catholicae,</strong></span> <span class='ocrx_word' id='word_1_233' title='bbox 1082 3548 1173 3616; x_wconf 89' lang='lat' dir='ltr'><strong>qui</strong></span> <span class='ocrx_word' id='word_1_234' title='bbox 1205 3547 1333 3602; x_wconf 76' lang='lat' dir='ltr'><strong>fecit</strong></span> <span class='ocrx_word' id='word_1_235' title='bbox 1384 3548 1664 3615; x_wconf 88' lang='lat' dir='ltr'><strong>pulchrum</strong></span> <span class='ocrx_word' id='word_1_236' title='bbox 1708 3546 1851 3600; x_wconf 86' lang='lat' dir='ltr'><strong>istud</strong></span> <span class='ocrx_word' id='word_1_237' title='bbox 1883 3547 2097 3617; x_wconf 83' lang='lat' dir='ltr'><strong>symbo-</strong></span> 
     </span>
    </p>
   </div>
   <div class='ocr_carea' id='block_1_35' title="bbox 530 3639 2097 3712">
    <p class='ocr_par' dir='ltr' id='par_1_35' title="bbox 530 3639 2097 3712">
     <span class='ocr_line' id='line_1_36' title="bbox 530 3639 2097 3712; baseline -0.003 -12"><span class='ocrx_word' id='word_1_238' title='bbox 530 3644 641 3700; x_wconf 85' lang='lat' dir='ltr'><strong>lum</strong></span> <span class='ocrx_word' id='word_1_239' title='bbox 672 3644 812 3712; x_wconf 86' lang='lat' dir='ltr'><strong>quod</strong></span> <span class='ocrx_word' id='word_1_240' title='bbox 846 3643 1029 3711; x_wconf 79' lang='lat' dir='ltr'><strong>incipit</strong></span> <span class='ocrx_word' id='word_1_241' title='bbox 1057 3659 1073 3695; x_wconf 88' lang='lat'><strong>:</strong></span> <span class='ocrx_word' id='word_1_242' title='bbox 1105 3640 1414 3709; x_wconf 75' lang='lat' dir='ltr'><strong>Quicunque</strong></span> <span class='ocrx_word' id='word_1_243' title='bbox 1448 3641 1556 3693; x_wconf 85' lang='lat' dir='ltr'><strong>vult</strong></span> <span class='ocrx_word' id='word_1_244' title='bbox 1608 3639 1781 3693; x_wconf 80' lang='lat' dir='ltr'><strong>salvus</strong></span> <span class='ocrx_word' id='word_1_245' title='bbox 1815 3656 1942 3704; x_wconf 78' lang='lat' dir='ltr'><strong>esse,</strong></span> <span class='ocrx_word' id='word_1_246' title='bbox 1979 3651 2097 3695; x_wconf 83' lang='lat' dir='ltr'><strong>ante</strong></span> 
     </span>
    </p>
   </div>
   <div class='ocr_carea' id='block_1_36' title="bbox 531 3730 2096 3806">
    <p class='ocr_par' dir='ltr' id='par_1_36' title="bbox 531 3730 2096 3806">
     <span class='ocr_line' id='line_1_37' title="bbox 531 3730 2096 3806; baseline -0.004 -14"><span class='ocrx_word' id='word_1_247' title='bbox 531 3740 709 3792; x_wconf 85' lang='lat' dir='ltr'><strong>omnia</strong></span> <span class='ocrx_word' id='word_1_248' title='bbox 742 3754 868 3806; x_wconf 77' lang='lat' dir='ltr'><strong>opus</strong></span> <span class='ocrx_word' id='word_1_249' title='bbox 901 3746 975 3790; x_wconf 78' lang='lat' dir='ltr'><strong>est</strong></span> <span class='ocrx_word' id='word_1_250' title='bbox 1018 3744 1075 3787; x_wconf 84' lang='lat' dir='ltr'><strong>ut</strong></span> <span class='ocrx_word' id='word_1_251' title='bbox 1128 3742 1298 3786; x_wconf 78' lang='lat' dir='ltr'><strong>teneat</strong></span> <span class='ocrx_word' id='word_1_252' title='bbox 1347 3731 1656 3785; x_wconf 82' lang='lat' dir='ltr'><strong>catholicam</strong></span> <span class='ocrx_word' id='word_1_253' title='bbox 1683 3732 1861 3800; x_wconf 82' lang='lat' dir='ltr'><strong>ﬁdem.</strong></span> <span class='ocrx_word' id='word_1_254' title='bbox 1901 3730 2096 3786; x_wconf 84' lang='lat' dir='ltr'><strong>Volens</strong></span> 
     </span>
    </p>
   </div>
   <div class='ocr_carea' id='block_1_37' title="bbox 530 3820 2096 3898">
    <p class='ocr_par' dir='ltr' id='par_1_37' title="bbox 530 3820 2096 3898">
     <span class='ocr_line' id='line_1_38' title="bbox 530 3820 2096 3898; baseline -0.005 -16"><span class='ocrx_word' id='word_1_255' title='bbox 530 3843 664 3898; x_wconf 83' lang='lat' dir='ltr'><strong>ergo</strong></span> <span class='ocrx_word' id='word_1_256' title='bbox 689 3830 757 3881; x_wconf 92' lang='lat' dir='ltr'><strong>de</strong></span> <span class='ocrx_word' id='word_1_257' title='bbox 793 3843 849 3882; x_wconf 92' lang='lat' dir='ltr'><strong>re</strong></span> <span class='ocrx_word' id='word_1_258' title='bbox 878 3833 987 3880; x_wconf 86' lang='lat' dir='ltr'><strong>tota</strong></span> <span class='ocrx_word' id='word_1_259' title='bbox 1020 3823 1309 3878; x_wconf 88' lang='lat' dir='ltr'><strong>certilicari</strong></span> <span class='ocrx_word' id='word_1_260' title='bbox 1331 3864 1346 3886; x_wconf 91' lang='lat'><strong>,</strong></span> <span class='ocrx_word' id='word_1_261' title='bbox 1379 3822 1629 3891; x_wconf 91' lang='lat' dir='ltr'><strong>quamvis</strong></span> <span class='ocrx_word' id='word_1_262' title='bbox 1674 3821 1782 3889; x_wconf 85' lang='lat' dir='ltr'><strong>jam</strong></span> <span class='ocrx_word' id='word_1_263' title='bbox 1823 3832 1981 3875; x_wconf 89' lang='lat' dir='ltr'><strong>antea</strong></span> <span class='ocrx_word' id='word_1_264' title='bbox 2015 3820 2096 3875; x_wconf 83' lang='lat' dir='ltr'><strong>lo-</strong></span> 
     </span>
    </p>
   </div>
   <div class='ocr_carea' id='block_1_38' title="bbox 529 3913 2093 3985">
    <p class='ocr_par' dir='ltr' id='par_1_38' title="bbox 529 3913 2093 3985">
     <span class='ocr_line' id='line_1_39' title="bbox 529 3913 2093 3985; baseline -0.005 -10"><span class='ocrx_word' id='word_1_265' title='bbox 529 3932 689 3976; x_wconf 85' lang='lat' dir='ltr'><strong>cutus</strong></span> <span class='ocrx_word' id='word_1_266' title='bbox 714 3920 1042 3972; x_wconf 80' lang='lat' dir='ltr'><strong>fuissetcum</strong></span> <span class='ocrx_word' id='word_1_267' title='bbox 1078 3917 1392 3985; x_wconf 89' lang='lat' dir='ltr'><strong>supradicto</strong></span> <span class='ocrx_word' id='word_1_268' title='bbox 1437 3914 1573 3984; x_wconf 83' lang='lat' dir='ltr'><strong>Mag.</strong></span> <span class='ocrx_word' id='word_1_269' title='bbox 1603 3913 1803 3969; x_wconf 81' lang='lat' dir='ltr'><strong>Jacobo</strong></span> <span class='ocrx_word' id='word_1_270' title='bbox 1843 3925 2093 3978; x_wconf 85' lang='lat' dir='ltr'><strong>tonsore,</strong></span> 
     </span>
    </p>
   </div>
   <div class='ocr_carea' id='block_1_39' title="bbox 527 4007 2090 4083">
    <p class='ocr_par' dir='ltr' id='par_1_39' title="bbox 527 4007 2090 4083">
     <span class='ocr_line' id='line_1_40' title="bbox 527 4007 2090 4083; baseline -0.005 -17"><span class='ocrx_word' id='word_1_271' title='bbox 527 4014 618 4083; x_wconf 91' lang='lat' dir='ltr'><strong>qui</strong></span> <span class='ocrx_word' id='word_1_272' title='bbox 645 4013 840 4081; x_wconf 65' lang='lat' dir='ltr'><strong>smpius</strong></span> <span class='ocrx_word' id='word_1_273' title='bbox 869 4011 1185 4064; x_wconf 89' lang='lat' dir='ltr'><strong>visitaverat</strong></span> <span class='ocrx_word' id='word_1_274' title='bbox 1213 4018 1266 4063; x_wconf 88' lang='lat' dir='ltr'><strong>et</strong></span> <span class='ocrx_word' id='word_1_275' title='bbox 1305 4010 1612 4077; x_wconf 85' lang='lat' dir='ltr'><strong>inspexerat</strong></span> <span class='ocrx_word' id='word_1_276' title='bbox 1649 4007 1821 4076; x_wconf 89' lang='lat' dir='ltr'><strong>ipsmn</strong></span> <span class='ocrx_word' id='word_1_277' title='bbox 1846 4017 2090 4061; x_wconf 89' lang='lat' dir='ltr'><strong>sanetum</strong></span> 
     </span>
    </p>
   </div>
   <div class='ocr_carea' id='block_1_40' title="bbox 527 4098 2093 4171">
    <p class='ocr_par' dir='ltr' id='par_1_40' title="bbox 527 4098 2093 4171">
     <span class='ocr_line' id='line_1_41' title="bbox 527 4098 2093 4171; baseline -0.003 -15"><span class='ocrx_word' id='word_1_278' title='bbox 527 4118 725 4171; x_wconf 68' lang='lat' dir='ltr'><strong>corpus</strong></span> <span class='ocrx_word' id='word_1_279' title='bbox 750 4141 767 4168; x_wconf 92' lang='lat'><strong>,</strong></span> <span class='ocrx_word' id='word_1_280' title='bbox 818 4102 893 4155; x_wconf 90' lang='lat' dir='ltr'><strong>uti</strong></span> <span class='ocrx_word' id='word_1_281' title='bbox 932 4099 1297 4169; x_wconf 80' lang='lat' dir='ltr'><strong>supradictum</strong></span> <span class='ocrx_word' id='word_1_282' title='bbox 1335 4107 1449 4165; x_wconf 89' lang='lat' dir='ltr'><strong>est;</strong></span> <span class='ocrx_word' id='word_1_283' title='bbox 1491 4098 1677 4159; x_wconf 87' lang='lat' dir='ltr'><strong>statim</strong></span> <span class='ocrx_word' id='word_1_284' title='bbox 1711 4110 1889 4153; x_wconf 90' lang='lat' dir='ltr'><strong>tamen</strong></span> <span class='ocrx_word' id='word_1_285' title='bbox 1929 4108 2093 4166; x_wconf 86' lang='lat' dir='ltr'><strong>atque</strong></span> 
     </span>
    </p>
   </div>
   <div class='ocr_carea' id='block_1_41' title="bbox 528 4190 2093 4264">
    <p class='ocr_par' dir='ltr' id='par_1_41' title="bbox 528 4190 2093 4264">
     <span class='ocr_line' id='line_1_42' title="bbox 528 4190 2093 4264; baseline -0.005 -13"><span class='ocrx_word' id='word_1_286' title='bbox 528 4197 684 4251; x_wconf 88' lang='lat' dir='ltr'><strong>navis</strong></span> <span class='ocrx_word' id='word_1_287' title='bbox 727 4194 954 4264; x_wconf 90' lang='lat' dir='ltr'><strong>appulit,</strong></span> <span class='ocrx_word' id='word_1_288' title='bbox 980 4193 1140 4261; x_wconf 83' lang='lat' dir='ltr'><strong>jussit</strong></span> <span class='ocrx_word' id='word_1_289' title='bbox 1163 4192 1457 4246; x_wconf 79' lang='lat' dir='ltr'><strong>dominatio</strong></span> <span class='ocrx_word' id='word_1_290' title='bbox 1491 4206 1585 4246; x_wconf 90' lang='lat' dir='ltr'><strong>sua</strong></span> <span class='ocrx_word' id='word_1_291' title='bbox 1621 4190 1995 4261; x_wconf 88' lang='lat' dir='ltr'><strong>patriarchalis</strong></span> <span class='ocrx_word' id='word_1_292' title='bbox 2031 4192 2093 4244; x_wconf 89' lang='lat' dir='ltr'><strong>il-</strong></span> 
     </span>
    </p>
   </div>
   <div class='ocr_carea' id='block_1_42' title="bbox 527 4285 2089 4356">
    <p class='ocr_par' dir='ltr' id='par_1_42' title="bbox 527 4285 2089 4356">
     <span class='ocr_line' id='line_1_43' title="bbox 527 4285 2089 4356; baseline -0.003 -14"><span class='ocrx_word' id='word_1_293' title='bbox 527 4289 638 4342; x_wconf 85' lang='lat' dir='ltr'><strong>lum</strong></span> <span class='ocrx_word' id='word_1_294' title='bbox 684 4287 976 4351; x_wconf 86' lang='lat' dir='ltr'><strong>accersiri,</strong></span> <span class='ocrx_word' id='word_1_295' title='bbox 1009 4285 1277 4356; x_wconf 83' lang='lat' dir='ltr'><strong>simulque</strong></span> <span class='ocrx_word' id='word_1_296' title='bbox 1313 4300 1617 4356; x_wconf 81' lang='lat' dir='ltr'><strong>nanpegum</strong></span> <span class='ocrx_word' id='word_1_297' title='bbox 1670 4285 1760 4354; x_wconf 92' lang='lat' dir='ltr'><strong>qui</strong></span> <span class='ocrx_word' id='word_1_298' title='bbox 1795 4285 2089 4355; x_wconf 84' lang='lat' dir='ltr'><strong>gloriosum</strong></span> 
     </span>
    </p>
   </div>
   <div class='ocr_carea' id='block_1_43' title="bbox 528 4376 2090 4447">
    <p class='ocr_par' dir='ltr' id='par_1_43' title="bbox 528 4376 2090 4447">
     <span class='ocr_line' id='line_1_44' title="bbox 528 4376 2090 4447; baseline -0.002 -15"><span class='ocrx_word' id='word_1_299' title='bbox 528 4395 726 4447; x_wconf 81' lang='lat' dir='ltr'><strong>corpus</strong></span> <span class='ocrx_word' id='word_1_300' title='bbox 757 4392 821 4433; x_wconf 86' lang='lat' dir='ltr'><strong>ex</strong></span> <span class='ocrx_word' id='word_1_301' title='bbox 861 4394 956 4433; x_wconf 91' lang='lat' dir='ltr'><strong>sua</strong></span> <span class='ocrx_word' id='word_1_302' title='bbox 989 4378 1193 4446; x_wconf 83' lang='lat' dir='ltr'><strong>capella</strong></span> <span class='ocrx_word' id='word_1_303' title='bbox 1246 4377 1712 4446; x_wconf 81' lang='lat' dir='ltr'><strong>Constantinopoli</strong></span> <span class='ocrx_word' id='word_1_304' title='bbox 1759 4376 2090 4442; x_wconf 88' lang='lat' dir='ltr'><strong>abstulerat;</strong></span> 
     </span>
    </p>
   </div>
   <div class='ocr_carea' id='block_1_44' title="bbox 526 4470 2092 4537">
    <p class='ocr_par' dir='ltr' id='par_1_44' title="bbox 526 4470 2092 4537">
     <span class='ocr_line' id='line_1_45' title="bbox 526 4470 2092 4537; baseline -0.004 -10"><span class='ocrx_word' id='word_1_305' title='bbox 526 4490 648 4528; x_wconf 82' lang='lat' dir='ltr'><strong>cum</strong></span> <span class='ocrx_word' id='word_1_306' title='bbox 676 4488 816 4527; x_wconf 92' lang='lat' dir='ltr'><strong>unus</strong></span> <span class='ocrx_word' id='word_1_307' title='bbox 850 4472 982 4527; x_wconf 89' lang='lat' dir='ltr'><strong>nihil</strong></span> <span class='ocrx_word' id='word_1_308' title='bbox 1021 4472 1185 4525; x_wconf 89' lang='lat' dir='ltr'><strong>sciret</strong></span> <span class='ocrx_word' id='word_1_309' title='bbox 1219 4472 1283 4525; x_wconf 88' lang='lat' dir='ltr'><strong>de</strong></span> <span class='ocrx_word' id='word_1_310' title='bbox 1322 4470 1513 4536; x_wconf 89' lang='lat' dir='ltr'><strong>altero,</strong></span> <span class='ocrx_word' id='word_1_311' title='bbox 1545 4479 1599 4525; x_wconf 91' lang='lat' dir='ltr'><strong>et</strong></span> <span class='ocrx_word' id='word_1_312' title='bbox 1630 4485 1929 4537; x_wconf 79' lang='lat' dir='ltr'><strong>nanpegum</strong></span> <span class='ocrx_word' id='word_1_313' title='bbox 1956 4484 2092 4522; x_wconf 90' lang='lat' dir='ltr'><strong>nun-</strong></span> 
     </span>
    </p>
   </div>
   <div class='ocr_carea' id='block_1_45' title="bbox 2207 659 3773 732">
    <p class='ocr_par' dir='ltr' id='par_1_45' title="bbox 2207 659 3773 732">
     <span class='ocr_line' id='line_1_46' title="bbox 2207 659 3773 732; baseline 0.003 -20"><span class='ocrx_word' id='word_1_314' title='bbox 2207 659 2249 712; x_wconf 84' lang='lat' dir='ltr'>E</span> <span class='ocrx_word' id='word_1_315' title='bbox 2297 660 2511 727; x_wconf 85' lang='lat' dir='ltr'><strong>regione</strong></span> <span class='ocrx_word' id='word_1_316' title='bbox 2542 671 2596 714; x_wconf 90' lang='lat' dir='ltr'><strong>et</strong></span> <span class='ocrx_word' id='word_1_317' title='bbox 2636 660 2852 715; x_wconf 87' lang='lat' dir='ltr'><strong>civitate</strong></span> <span class='ocrx_word' id='word_1_318' title='bbox 2891 660 3505 732; x_wconf 77' lang='lat' dir='ltr'><strong>Constantinopolitana.</strong></span> <span class='ocrx_word' id='word_1_319' title='bbox 3542 662 3621 716; x_wconf 88' lang='lat' dir='ltr'><strong>Ex</strong></span> <span class='ocrx_word' id='word_1_320' title='bbox 3664 680 3773 732; x_wconf 88' lang='lat' dir='ltr'><strong>quo</strong></span> 
     </span>
    </p>
   </div>
   <div class='ocr_carea' id='block_1_46' title="bbox 2204 751 3766 825">
    <p class='ocr_par' dir='ltr' id='par_1_46' title="bbox 2204 751 3766 825">
     <span class='ocr_line' id='line_1_47' title="bbox 2204 751 3766 825; baseline 0.004 -22"><span class='ocrx_word' id='word_1_321' title='bbox 2204 751 2365 804; x_wconf 81' lang='lat' dir='ltr'><strong>vico?</strong></span> <span class='ocrx_word' id='word_1_322' title='bbox 2394 754 2565 821; x_wconf 92' lang='lat' dir='ltr'><strong>inquit</strong></span> <span class='ocrx_word' id='word_1_323' title='bbox 2588 754 2909 822; x_wconf 88' lang='lat' dir='ltr'><strong>patriarcha.</strong></span> <span class='ocrx_word' id='word_1_324' title='bbox 2944 754 3018 807; x_wconf 85' lang='lat' dir='ltr'><strong>Ex</strong></span> <span class='ocrx_word' id='word_1_325' title='bbox 3045 770 3129 820; x_wconf 92' lang='lat' dir='ltr'><strong>eo,</strong></span> <span class='ocrx_word' id='word_1_326' title='bbox 3159 757 3435 825; x_wconf 89' lang='lat' dir='ltr'><strong>respondit</strong></span> <span class='ocrx_word' id='word_1_327' title='bbox 3467 772 3766 823; x_wconf 78' lang='lat' dir='ltr'><strong>naupegns,</strong></span> 
     </span>
    </p>
   </div>
   <div class='ocr_carea' id='block_1_47' title="bbox 2210 839 3769 914">
    <p class='ocr_par' dir='ltr' id='par_1_47' title="bbox 2210 839 3769 914">
     <span class='ocr_line' id='line_1_48' title="bbox 2210 839 3769 914; baseline 0.004 -24"><span class='ocrx_word' id='word_1_328' title='bbox 2210 839 2298 907; x_wconf 91' lang='lat' dir='ltr'><strong>qui</strong></span> <span class='ocrx_word' id='word_1_329' title='bbox 2334 840 2665 910; x_wconf 85' lang='lat' dir='ltr'><strong>lxirolapbus</strong></span> <span class='ocrx_word' id='word_1_330' title='bbox 2700 844 2915 907; x_wconf 82' lang='lat' dir='ltr'><strong>dicitur,</strong></span> <span class='ocrx_word' id='word_1_331' title='bbox 2945 845 3034 898; x_wconf 91' lang='lat' dir='ltr'><strong>ubi</strong></span> <span class='ocrx_word' id='word_1_332' title='bbox 3067 856 3147 899; x_wconf 89' lang='lat' dir='ltr'><strong>est</strong></span> <span class='ocrx_word' id='word_1_333' title='bbox 3183 846 3432 899; x_wconf 86' lang='lat' dir='ltr'><strong>columna</strong></span> <span class='ocrx_word' id='word_1_334' title='bbox 3461 846 3685 914; x_wconf 84' lang='lat' dir='ltr'><strong>grandis</strong></span> <span class='ocrx_word' id='word_1_335' title='bbox 3717 851 3769 897; x_wconf 77' lang='lat' dir='ltr'><strong>et</strong></span> 
     </span>
    </p>
   </div>
   <div class='ocr_carea' id='block_1_48' title="bbox 2203 930 3767 1003">
    <p class='ocr_par' dir='ltr' id='par_1_48' title="bbox 2203 930 3767 1003">
     <span class='ocr_line' id='line_1_49' title="bbox 2203 930 3767 1003; baseline 0.003 -22"><span class='ocrx_word' id='word_1_336' title='bbox 2203 930 2447 998; x_wconf 89' lang='lat' dir='ltr'><strong>pulchra.</strong></span> <span class='ocrx_word' id='word_1_337' title='bbox 2501 934 2574 987; x_wconf 89' lang='lat' dir='ltr'><strong>De</strong></span> <span class='ocrx_word' id='word_1_338' title='bbox 2611 949 2715 1002; x_wconf 85' lang='lat' dir='ltr'><strong>qua</strong></span> <span class='ocrx_word' id='word_1_339' title='bbox 2752 935 3025 990; x_wconf 85' lang='lat' dir='ltr'><strong>ecclesia?</strong></span> <span class='ocrx_word' id='word_1_340' title='bbox 3070 936 3261 1003; x_wconf 89' lang='lat' dir='ltr'><strong>inquit.</strong></span> <span class='ocrx_word' id='word_1_341' title='bbox 3310 934 3384 990; x_wconf 85' lang='lat' dir='ltr'><strong>De</strong></span> <span class='ocrx_word' id='word_1_342' title='bbox 3433 936 3661 989; x_wconf 83' lang='lat' dir='ltr'><strong>ecclesia</strong></span> <span class='ocrx_word' id='word_1_343' title='bbox 3705 933 3767 987; x_wconf 84' lang='lat' dir='ltr'><strong>S.</strong></span> 
     </span>
    </p>
   </div>
   <div class='ocr_carea' id='block_1_49' title="bbox 2214 1021 3771 1093">
    <p class='ocr_par' dir='ltr' id='par_1_49' title="bbox 2214 1021 3771 1093">
     <span class='ocr_line' id='line_1_50' title="bbox 2214 1021 3771 1093; baseline 0.001 -20"><span class='ocrx_word' id='word_1_344' title='bbox 2214 1021 2521 1088; x_wconf 81' lang='lat' dir='ltr'><strong>Athanasii,</strong></span> <span class='ocrx_word' id='word_1_345' title='bbox 2545 1025 2818 1091; x_wconf 79' lang='lat' dir='ltr'><strong>respondit</strong></span> <span class='ocrx_word' id='word_1_346' title='bbox 2851 1027 3008 1081; x_wconf 83' lang='lat' dir='ltr'><strong>alter.</strong></span> <span class='ocrx_word' id='word_1_347' title='bbox 3033 1025 3125 1080; x_wconf 79' lang='lat' dir='ltr'><strong>ille</strong></span> <span class='ocrx_word' id='word_1_348' title='bbox 3165 1028 3382 1091; x_wconf 89' lang='lat' dir='ltr'><strong>iterum,</strong></span> <span class='ocrx_word' id='word_1_349' title='bbox 3411 1026 3485 1079; x_wconf 87' lang='lat' dir='ltr'><strong>De</strong></span> <span class='ocrx_word' id='word_1_350' title='bbox 3533 1041 3637 1093; x_wconf 93' lang='lat' dir='ltr'><strong>qua</strong></span> <span class='ocrx_word' id='word_1_351' title='bbox 3672 1041 3771 1076; x_wconf 68' lang='lat' dir='ltr'><strong>cav</strong></span> 
     </span>
    </p>
   </div>
   <div class='ocr_carea' id='block_1_50' title="bbox 2201 1113 3765 1188">
    <p class='ocr_par' dir='ltr' id='par_1_50' title="bbox 2201 1113 3765 1188">
     <span class='ocr_line' id='line_1_51' title="bbox 2201 1113 3765 1188; baseline 0.003 -25"><span class='ocrx_word' id='word_1_352' title='bbox 2201 1113 2386 1181; x_wconf 87' lang='lat' dir='ltr'><strong>pella?</strong></span> <span class='ocrx_word' id='word_1_353' title='bbox 2441 1116 2513 1170; x_wconf 92' lang='lat' dir='ltr'><strong>De</strong></span> <span class='ocrx_word' id='word_1_354' title='bbox 2566 1133 2689 1182; x_wconf 89' lang='lat' dir='ltr'><strong>una,</strong></span> <span class='ocrx_word' id='word_1_355' title='bbox 2730 1118 2909 1172; x_wconf 90' lang='lat' dir='ltr'><strong>retulit</strong></span> <span class='ocrx_word' id='word_1_356' title='bbox 2941 1119 3091 1185; x_wconf 87' lang='lat' dir='ltr'><strong>alter,</strong></span> <span class='ocrx_word' id='word_1_357' title='bbox 3127 1134 3246 1188; x_wconf 57' lang='lat' dir='ltr'><strong>quae</strong></span> <span class='ocrx_word' id='word_1_358' title='bbox 3280 1118 3497 1187; x_wconf 88' lang='lat' dir='ltr'><strong>plumbo</strong></span> <span class='ocrx_word' id='word_1_359' title='bbox 3545 1117 3765 1184; x_wconf 75' lang='lat' dir='ltr'><strong>tegitur.</strong></span> 
     </span>
    </p>
   </div>
   <div class='ocr_carea' id='block_1_51' title="bbox 2209 1203 3759 1278">
    <p class='ocr_par' dir='ltr' id='par_1_51' title="bbox 2209 1203 3759 1278">
     <span class='ocr_line' id='line_1_52' title="bbox 2209 1203 3759 1278; baseline 0 -21"><span class='ocrx_word' id='word_1_360' title='bbox 2209 1203 2577 1275; x_wconf 83' lang='lat' dir='ltr'><strong>Interrogatus</strong></span> <span class='ocrx_word' id='word_1_361' title='bbox 2605 1219 2782 1261; x_wconf 89' lang='lat' dir='ltr'><strong>autem</strong></span> <span class='ocrx_word' id='word_1_362' title='bbox 2819 1209 2884 1262; x_wconf 92' lang='lat' dir='ltr'><strong>de</strong></span> <span class='ocrx_word' id='word_1_363' title='bbox 2914 1209 3081 1264; x_wconf 81' lang='lat' dir='ltr'><strong>forma</strong></span> <span class='ocrx_word' id='word_1_364' title='bbox 3110 1211 3419 1278; x_wconf 66' lang='lat' dir='ltr'><strong>sepulturae,</strong></span> <span class='ocrx_word' id='word_1_365' title='bbox 3459 1204 3759 1273; x_wconf 84' lang='lat' dir='ltr'><strong>respondit,</strong></span> 
     </span>
    </p>
   </div>
   <div class='ocr_carea' id='block_1_52' title="bbox 2211 1295 3767 1365">
    <p class='ocr_par' dir='ltr' id='par_1_52' title="bbox 2211 1295 3767 1365">
     <span class='ocr_line' id='line_1_53' title="bbox 2211 1295 3767 1365; baseline 0 -18"><span class='ocrx_word' id='word_1_366' title='bbox 2211 1310 2425 1363; x_wconf 85' lang='lat' dir='ltr'><strong>capsam</strong></span> <span class='ocrx_word' id='word_1_367' title='bbox 2462 1295 2627 1351; x_wconf 81' lang='lat' dir='ltr'><strong>fuisse</strong></span> <span class='ocrx_word' id='word_1_368' title='bbox 2661 1299 2887 1365; x_wconf 82' lang='lat' dir='ltr'><strong>ligneam</strong></span> <span class='ocrx_word' id='word_1_369' title='bbox 2919 1315 2933 1352; x_wconf 91' lang='lat'><strong>:</strong></span> <span class='ocrx_word' id='word_1_370' title='bbox 2964 1302 3057 1353; x_wconf 89' lang='lat' dir='ltr'><strong>sed</strong></span> <span class='ocrx_word' id='word_1_371' title='bbox 3092 1309 3144 1352; x_wconf 91' lang='lat' dir='ltr'><strong>et</strong></span> <span class='ocrx_word' id='word_1_372' title='bbox 3176 1302 3243 1352; x_wconf 91' lang='lat' dir='ltr'><strong>de</strong></span> <span class='ocrx_word' id='word_1_373' title='bbox 3277 1298 3446 1365; x_wconf 86' lang='lat' dir='ltr'><strong>signis</strong></span> <span class='ocrx_word' id='word_1_374' title='bbox 3494 1296 3637 1349; x_wconf 82' lang='lat' dir='ltr'><strong>mule</strong></span> <span class='ocrx_word' id='word_1_375' title='bbox 3682 1311 3767 1347; x_wconf 66' lang='lat' dir='ltr'><strong>eoo</strong></span> 
     </span>
    </p>
   </div>
   <div class='ocr_carea' id='block_1_53' title="bbox 2207 1386 3767 1458">
    <p class='ocr_par' dir='ltr' id='par_1_53' title="bbox 2207 1386 3767 1458">
     <span class='ocr_line' id='line_1_54' title="bbox 2207 1386 3767 1458; baseline 0 -21"><span class='ocrx_word' id='word_1_376' title='bbox 2207 1387 2399 1455; x_wconf 84' lang='lat' dir='ltr'><strong>gnosci</strong></span> <span class='ocrx_word' id='word_1_377' title='bbox 2440 1387 2747 1443; x_wconf 85' lang='lat' dir='ltr'><strong>distinctius</strong></span> <span class='ocrx_word' id='word_1_378' title='bbox 2783 1400 2960 1457; x_wconf 86' lang='lat' dir='ltr'><strong>posset</strong></span> <span class='ocrx_word' id='word_1_379' title='bbox 3008 1390 3323 1458; x_wconf 86' lang='lat' dir='ltr'><strong>requisitas.</strong></span> <span class='ocrx_word' id='word_1_380' title='bbox 3352 1388 3487 1441; x_wconf 82' lang='lat' dir='ltr'><strong>dixit</strong></span> <span class='ocrx_word' id='word_1_381' title='bbox 3514 1386 3683 1439; x_wconf 87' lang='lat' dir='ltr'><strong>al&#39;oris</strong></span> <span class='ocrx_word' id='word_1_382' title='bbox 3713 1391 3767 1437; x_wconf 82' lang='lat' dir='ltr'><strong>et</strong></span> 
     </span>
    </p>
   </div>
   <div class='ocr_carea' id='block_1_54' title="bbox 2209 1475 3767 1548">
    <p class='ocr_par' dir='ltr' id='par_1_54' title="bbox 2209 1475 3767 1548">
     <span class='ocr_line' id='line_1_55' title="bbox 2209 1475 3767 1548; baseline -0.003 -17"><span class='ocrx_word' id='word_1_383' title='bbox 2209 1477 2427 1533; x_wconf 87' lang='lat' dir='ltr'><strong>deintus</strong></span> <span class='ocrx_word' id='word_1_384' title='bbox 2456 1479 2656 1546; x_wconf 88' lang='lat' dir='ltr'><strong>pictam</strong></span> <span class='ocrx_word' id='word_1_385' title='bbox 2686 1495 2824 1534; x_wconf 88' lang='lat' dir='ltr'><strong>esse.</strong></span> <span class='ocrx_word' id='word_1_386' title='bbox 2853 1478 2990 1545; x_wconf 86' lang='lat' dir='ltr'><strong>Quin</strong></span> <span class='ocrx_word' id='word_1_387' title='bbox 3021 1492 3074 1533; x_wconf 89' lang='lat' dir='ltr'><strong>et</strong></span> <span class='ocrx_word' id='word_1_388' title='bbox 3097 1482 3241 1535; x_wconf 89' lang='lat' dir='ltr'><strong>circa</strong></span> <span class='ocrx_word' id='word_1_389' title='bbox 3280 1480 3423 1548; x_wconf 85' lang='lat' dir='ltr'><strong>ipsas</strong></span> <span class='ocrx_word' id='word_1_390' title='bbox 3444 1480 3642 1547; x_wconf 71' lang='lat' dir='ltr'><strong>figuras</strong></span> <span class='ocrx_word' id='word_1_391' title='bbox 3663 1475 3767 1529; x_wconf 81' lang='lat' dir='ltr'><strong>ibi-</strong></span> 
     </span>
    </p>
   </div>
   <div class='ocr_carea' id='block_1_55' title="bbox 2208 1568 3769 1641">
    <p class='ocr_par' dir='ltr' id='par_1_55' title="bbox 2208 1568 3769 1641">
     <span class='ocr_line' id='line_1_56' title="bbox 2208 1568 3769 1641; baseline -0.001 -19"><span class='ocrx_word' id='word_1_392' title='bbox 2208 1569 2327 1623; x_wconf 89' lang='lat' dir='ltr'><strong>dem</strong></span> <span class='ocrx_word' id='word_1_393' title='bbox 2359 1570 2599 1639; x_wconf 84' lang='lat' dir='ltr'><strong>depictas</strong></span> <span class='ocrx_word' id='word_1_394' title='bbox 2645 1574 3010 1635; x_wconf 90' lang='lat' dir='ltr'><strong>examinatus,</strong></span> <span class='ocrx_word' id='word_1_395' title='bbox 3038 1574 3311 1641; x_wconf 87' lang='lat' dir='ltr'><strong>respondit</strong></span> <span class='ocrx_word' id='word_1_396' title='bbox 3346 1572 3568 1640; x_wconf 84' lang='lat' dir='ltr'><strong>ﬁguram</strong></span> <span class='ocrx_word' id='word_1_397' title='bbox 3610 1568 3769 1621; x_wconf 84' lang='lat' dir='ltr'><strong>abin-</strong></span> 
     </span>
    </p>
   </div>
   <div class='ocr_carea' id='block_1_56' title="bbox 2210 1662 3764 1733">
    <p class='ocr_par' dir='ltr' id='par_1_56' title="bbox 2210 1662 3764 1733">
     <span class='ocr_line' id='line_1_57' title="bbox 2210 1662 3764 1733; baseline -0.001 -20"><span class='ocrx_word' id='word_1_398' title='bbox 2210 1670 2295 1714; x_wconf 86' lang='lat' dir='ltr'><strong>tus</strong></span> <span class='ocrx_word' id='word_1_399' title='bbox 2330 1662 2495 1716; x_wconf 78' lang='lat' dir='ltr'><strong>videri</strong></span> <span class='ocrx_word' id='word_1_400' title='bbox 2553 1663 2610 1721; x_wconf 87' lang='lat' dir='ltr'><strong>S.</strong></span> <span class='ocrx_word' id='word_1_401' title='bbox 2646 1664 2946 1718; x_wconf 81' lang='lat' dir='ltr'><strong>Athanasii.</strong></span> <span class='ocrx_word' id='word_1_402' title='bbox 2988 1664 3226 1733; x_wconf 86' lang='lat' dir='ltr'><strong>Denique</strong></span> <span class='ocrx_word' id='word_1_403' title='bbox 3253 1664 3318 1715; x_wconf 88' lang='lat' dir='ltr'><strong>ad</strong></span> <span class='ocrx_word' id='word_1_404' title='bbox 3370 1676 3586 1716; x_wconf 89' lang='lat' dir='ltr'><strong>omnem</strong></span> <span class='ocrx_word' id='word_1_405' title='bbox 3647 1674 3764 1727; x_wconf 69' lang='lat' dir='ltr'><strong>quia</strong></span> 
     </span>
    </p>
   </div>
   <div class='ocr_carea' id='block_1_57' title="bbox 2201 1755 3769 1828">
    <p class='ocr_par' dir='ltr' id='par_1_57' title="bbox 2201 1755 3769 1828">
     <span class='ocr_line' id='line_1_58' title="bbox 2201 1755 3769 1828; baseline -0.007 -15"><span class='ocrx_word' id='word_1_406' title='bbox 2201 1760 2307 1813; x_wconf 88' lang='lat' dir='ltr'><strong>sibi</strong></span> <span class='ocrx_word' id='word_1_407' title='bbox 2342 1761 2502 1813; x_wconf 83' lang='lat' dir='ltr'><strong>liebat</strong></span> <span class='ocrx_word' id='word_1_408' title='bbox 2525 1760 2874 1828; x_wconf 58' lang='lat' dir='ltr'><strong>quaestionem</strong></span> <span class='ocrx_word' id='word_1_409' title='bbox 2910 1758 3187 1828; x_wconf 87' lang='lat' dir='ltr'><strong>respondit</strong></span> <span class='ocrx_word' id='word_1_410' title='bbox 3222 1770 3496 1825; x_wconf 87' lang='lat' dir='ltr'><strong>naupegus</strong></span> <span class='ocrx_word' id='word_1_411' title='bbox 3529 1755 3600 1806; x_wconf 90' lang='lat' dir='ltr'><strong>ita</strong></span> <span class='ocrx_word' id='word_1_412' title='bbox 3635 1766 3769 1804; x_wconf 70' lang='lat' dir='ltr'><strong>con-</strong></span> 
     </span>
    </p>
   </div>
   <div class='ocr_carea' id='block_1_58' title="bbox 2203 1848 3762 1915">
    <p class='ocr_par' dir='ltr' id='par_1_58' title="bbox 2203 1848 3762 1915">
     <span class='ocr_line' id='line_1_59' title="bbox 2203 1848 3762 1915; baseline -0.003 -15"><span class='ocrx_word' id='word_1_413' title='bbox 2203 1863 2332 1915; x_wconf 80' lang='lat' dir='ltr'><strong>grue</strong></span> <span class='ocrx_word' id='word_1_414' title='bbox 2361 1857 2414 1901; x_wconf 89' lang='lat' dir='ltr'><strong>et</strong></span> <span class='ocrx_word' id='word_1_415' title='bbox 2444 1849 2794 1901; x_wconf 83' lang='lat' dir='ltr'><strong>conformiter</strong></span> <span class='ocrx_word' id='word_1_416' title='bbox 2838 1850 2902 1901; x_wconf 88' lang='lat' dir='ltr'><strong>ad</strong></span> <span class='ocrx_word' id='word_1_417' title='bbox 2951 1859 3077 1902; x_wconf 90' lang='lat' dir='ltr'><strong>ante</strong></span> <span class='ocrx_word' id='word_1_418' title='bbox 3107 1848 3269 1903; x_wconf 89' lang='lat' dir='ltr'><strong>relata</strong></span> <span class='ocrx_word' id='word_1_419' title='bbox 3315 1862 3344 1900; x_wconf 90' lang='lat' dir='ltr'><strong>a</strong></span> <span class='ocrx_word' id='word_1_420' title='bbox 3387 1855 3610 1899; x_wconf 86' lang='lat' dir='ltr'><strong>tonsore</strong></span> <span class='ocrx_word' id='word_1_421' title='bbox 3643 1883 3658 1906; x_wconf 84' lang='lat'><strong>,</strong></span> <span class='ocrx_word' id='word_1_422' title='bbox 3706 1852 3762 1895; x_wconf 90' lang='lat' dir='ltr'><strong>ut</strong></span> 
     </span>
    </p>
   </div>
   <div class='ocr_carea' id='block_1_59' title="bbox 2203 1934 3765 2007">
    <p class='ocr_par' dir='ltr' id='par_1_59' title="bbox 2203 1934 3765 2007">
     <span class='ocr_line' id='line_1_60' title="bbox 2203 1934 3765 2007; baseline -0.006 -16"><span class='ocrx_word' id='word_1_423' title='bbox 2203 1937 2434 1991; x_wconf 87' lang='lat' dir='ltr'><strong>dubitari</strong></span> <span class='ocrx_word' id='word_1_424' title='bbox 2467 1952 2570 1991; x_wconf 91' lang='lat' dir='ltr'><strong>non</strong></span> <span class='ocrx_word' id='word_1_425' title='bbox 2596 1946 2797 2005; x_wconf 87' lang='lat' dir='ltr'><strong>posset,</strong></span> <span class='ocrx_word' id='word_1_426' title='bbox 2824 1938 2952 2007; x_wconf 88' lang='lat' dir='ltr'><strong>quin</strong></span> <span class='ocrx_word' id='word_1_427' title='bbox 2986 1938 3165 1991; x_wconf 88' lang='lat' dir='ltr'><strong>omnia</strong></span> <span class='ocrx_word' id='word_1_428' title='bbox 3203 1952 3321 1990; x_wconf 87' lang='lat' dir='ltr'><strong>cmn</strong></span> <span class='ocrx_word' id='word_1_429' title='bbox 3364 1934 3587 1987; x_wconf 85' lang='lat' dir='ltr'><strong>veritate</strong></span> <span class='ocrx_word' id='word_1_430' title='bbox 3629 1946 3765 1983; x_wconf 81' lang='lat' dir='ltr'><strong>con-</strong></span> 
     </span>
    </p>
   </div>
   <div class='ocr_carea' id='block_1_60' title="bbox 2197 2020 3731 2092">
    <p class='ocr_par' dir='ltr' id='par_1_60' title="bbox 2197 2020 3731 2092">
     <span class='ocr_line' id='line_1_61' title="bbox 2197 2020 3731 2092; baseline -0.009 -12"><span class='ocrx_word' id='word_1_431' title='bbox 2197 2028 2488 2091; x_wconf 90' lang='lat' dir='ltr'><strong>sisterent;</strong></span> <span class='ocrx_word' id='word_1_432' title='bbox 2519 2035 2573 2079; x_wconf 93' lang='lat' dir='ltr'><strong>et</strong></span> <span class='ocrx_word' id='word_1_433' title='bbox 2602 2025 2895 2078; x_wconf 88' lang='lat' dir='ltr'><strong>dominatio</strong></span> <span class='ocrx_word' id='word_1_434' title='bbox 2931 2039 3026 2077; x_wconf 89' lang='lat' dir='ltr'><strong>sua</strong></span> <span class='ocrx_word' id='word_1_435' title='bbox 3068 2020 3470 2092; x_wconf 84' lang='lat' dir='ltr'><strong>patriarcbalis,</strong></span> <span class='ocrx_word' id='word_1_436' title='bbox 3495 2032 3619 2071; x_wconf 88' lang='lat' dir='ltr'><strong>cum</strong></span> <span class='ocrx_word' id='word_1_437' title='bbox 3644 2031 3731 2068; x_wconf 90' lang='lat' dir='ltr'><strong>om</strong></span> 
     </span>
    </p>
   </div>
   <div class='ocr_carea' id='block_1_61' title="bbox 2199 2107 3763 2186">
    <p class='ocr_par' dir='ltr' id='par_1_61' title="bbox 2199 2107 3763 2186">
     <span class='ocr_line' id='line_1_62' title="bbox 2199 2107 3763 2186; baseline -0.007 -14"><span class='ocrx_word' id='word_1_438' title='bbox 2199 2117 2356 2173; x_wconf 87' lang='lat' dir='ltr'><strong>nibus</strong></span> <span class='ocrx_word' id='word_1_439' title='bbox 2384 2132 2543 2186; x_wconf 87' lang='lat' dir='ltr'><strong>super</strong></span> <span class='ocrx_word' id='word_1_440' title='bbox 2570 2131 2636 2172; x_wconf 90' lang='lat' dir='ltr'><strong>eo</strong></span> <span class='ocrx_word' id='word_1_441' title='bbox 2668 2116 2880 2185; x_wconf 86' lang='lat' dir='ltr'><strong>negotio</strong></span> <span class='ocrx_word' id='word_1_442' title='bbox 2914 2116 3223 2170; x_wconf 88' lang='lat' dir='ltr'><strong>constitutis</strong></span> <span class='ocrx_word' id='word_1_443' title='bbox 3245 2154 3260 2179; x_wconf 89' lang='lat'><strong>,</strong></span> <span class='ocrx_word' id='word_1_444' title='bbox 3288 2112 3631 2169; x_wconf 67' lang='lat' dir='ltr'><strong>satisfactum</strong></span> <span class='ocrx_word' id='word_1_445' title='bbox 3661 2107 3763 2162; x_wconf 89' lang='lat' dir='ltr'><strong>sibi</strong></span> 
     </span>
    </p>
   </div>
   <div class='ocr_carea' id='block_1_62' title="bbox 2196 2201 3765 2277">
    <p class='ocr_par' dir='ltr' id='par_1_62' title="bbox 2196 2201 3765 2277">
     <span class='ocr_line' id='line_1_63' title="bbox 2196 2201 3765 2277; baseline -0.007 -16"><span class='ocrx_word' id='word_1_446' title='bbox 2196 2208 2508 2277; x_wconf 87' lang='lat' dir='ltr'><strong>plenissime</strong></span> <span class='ocrx_word' id='word_1_447' title='bbox 2551 2207 2843 2269; x_wconf 81' lang='lat' dir='ltr'><strong>fateretur;</strong></span> <span class='ocrx_word' id='word_1_448' title='bbox 2876 2208 2999 2275; x_wconf 89' lang='lat' dir='ltr'><strong>quia</strong></span> <span class='ocrx_word' id='word_1_449' title='bbox 3035 2216 3210 2261; x_wconf 88' lang='lat' dir='ltr'><strong>autem</strong></span> <span class='ocrx_word' id='word_1_450' title='bbox 3254 2216 3439 2259; x_wconf 91' lang='lat' dir='ltr'><strong>tonsor</strong></span> <span class='ocrx_word' id='word_1_451' title='bbox 3479 2211 3639 2256; x_wconf 89' lang='lat' dir='ltr'><strong>antea</strong></span> <span class='ocrx_word' id='word_1_452' title='bbox 3682 2201 3765 2252; x_wconf 89' lang='lat' dir='ltr'><strong>di-</strong></span> 
     </span>
    </p>
   </div>
   <div class='ocr_carea' id='block_1_63' title="bbox 2198 2295 3771 2370">
    <p class='ocr_par' dir='ltr' id='par_1_63' title="bbox 2198 2295 3771 2370">
     <span class='ocr_line' id='line_1_64' title="bbox 2198 2295 3771 2370; baseline -0.009 -15"><span class='ocrx_word' id='word_1_453' title='bbox 2198 2310 2373 2366; x_wconf 84' lang='lat' dir='ltr'><strong>xerat,</strong></span> <span class='ocrx_word' id='word_1_454' title='bbox 2409 2300 2578 2370; x_wconf 90' lang='lat' dir='ltr'><strong>ipsum</strong></span> <span class='ocrx_word' id='word_1_455' title='bbox 2614 2315 2811 2368; x_wconf 88' lang='lat' dir='ltr'><strong>corpus</strong></span> <span class='ocrx_word' id='word_1_456' title='bbox 2840 2310 3083 2354; x_wconf 87' lang='lat' dir='ltr'><strong>sanctum</strong></span> <span class='ocrx_word' id='word_1_457' title='bbox 3119 2297 3315 2353; x_wconf 89' lang='lat' dir='ltr'><strong>habere</strong></span> <span class='ocrx_word' id='word_1_458' title='bbox 3350 2305 3496 2350; x_wconf 91' lang='lat' dir='ltr'><strong>retro</strong></span> <span class='ocrx_word' id='word_1_459' title='bbox 3527 2295 3579 2347; x_wconf 93' lang='lat' dir='ltr'><strong>in</strong></span> <span class='ocrx_word' id='word_1_460' title='bbox 3610 2302 3771 2359; x_wconf 78' lang='lat' dir='ltr'><strong>tergo</strong></span> 
     </span>
    </p>
   </div>
   <div class='ocr_carea' id='block_1_64' title="bbox 2198 2385 3759 2461">
    <p class='ocr_par' dir='ltr' id='par_1_64' title="bbox 2198 2385 3759 2461">
     <span class='ocr_line' id='line_1_65' title="bbox 2198 2385 3759 2461; baseline -0.008 -14"><span class='ocrx_word' id='word_1_461' title='bbox 2198 2393 2333 2447; x_wconf 90' lang='lat' dir='ltr'><strong>duas</strong></span> <span class='ocrx_word' id='word_1_462' title='bbox 2364 2392 2603 2446; x_wconf 91' lang='lat' dir='ltr'><strong>maculas</strong></span> <span class='ocrx_word' id='word_1_463' title='bbox 2644 2393 2825 2461; x_wconf 88' lang='lat' dir='ltr'><strong>nigras</strong></span> <span class='ocrx_word' id='word_1_464' title='bbox 2852 2430 2869 2456; x_wconf 94' lang='lat'><strong>,</strong></span> <span class='ocrx_word' id='word_1_465' title='bbox 2921 2393 3084 2445; x_wconf 86' lang='lat' dir='ltr'><strong>etiam</strong></span> <span class='ocrx_word' id='word_1_466' title='bbox 3113 2390 3214 2444; x_wconf 89' lang='lat' dir='ltr'><strong>hoc</strong></span> <span class='ocrx_word' id='word_1_467' title='bbox 3249 2387 3589 2456; x_wconf 85' lang='lat' dir='ltr'><strong>exploratum</strong></span> <span class='ocrx_word' id='word_1_468' title='bbox 3619 2385 3720 2437; x_wconf 79' lang='lat' dir='ltr'><strong>fuit</strong></span> <span class='ocrx_word' id='word_1_469' title='bbox 3742 2422 3759 2445; x_wconf 92' lang='lat'><strong>,</strong></span> 
     </span>
    </p>
   </div>
   <div class='ocr_carea' id='block_1_65' title="bbox 2199 2476 3767 2554">
    <p class='ocr_par' dir='ltr' id='par_1_65' title="bbox 2199 2476 3767 2554">
     <span class='ocr_line' id='line_1_66' title="bbox 2199 2476 3767 2554; baseline -0.007 -15"><span class='ocrx_word' id='word_1_470' title='bbox 2199 2485 2537 2554; x_wconf 68' lang='lat' dir='ltr'><strong>iuventaeque</strong></span> <span class='ocrx_word' id='word_1_471' title='bbox 2565 2485 2735 2553; x_wconf 85' lang='lat' dir='ltr'><strong>reipsa</strong></span> <span class='ocrx_word' id='word_1_472' title='bbox 2776 2482 2995 2537; x_wconf 61' lang='lat' dir='ltr'><strong>maculae</strong></span> <span class='ocrx_word' id='word_1_473' title='bbox 3038 2483 3141 2535; x_wconf 75' lang='lat' dir='ltr'><strong>illa:</strong></span> <span class='ocrx_word' id='word_1_474' title='bbox 3185 2491 3329 2535; x_wconf 90' lang='lat' dir='ltr'><strong>sunt.</strong></span> <span class='ocrx_word' id='word_1_475' title='bbox 3363 2478 3646 2533; x_wconf 82' lang='lat' dir='ltr'><strong>Postremo</strong></span> <span class='ocrx_word' id='word_1_476' title='bbox 3681 2476 3767 2529; x_wconf 83' lang='lat' dir='ltr'><strong>in-</strong></span> 
     </span>
    </p>
   </div>
   <div class='ocr_carea' id='block_1_66' title="bbox 2199 2566 3767 2646">
    <p class='ocr_par' dir='ltr' id='par_1_66' title="bbox 2199 2566 3767 2646">
     <span class='ocr_line' id='line_1_67' title="bbox 2199 2566 3767 2646; baseline -0.006 -16"><span class='ocrx_word' id='word_1_477' title='bbox 2199 2587 2501 2646; x_wconf 87' lang='lat' dir='ltr'><strong>terrogatus</strong></span> <span class='ocrx_word' id='word_1_478' title='bbox 2543 2591 2862 2646; x_wconf 87' lang='lat' dir='ltr'><strong>naupegus,</strong></span> <span class='ocrx_word' id='word_1_479' title='bbox 2913 2589 3038 2627; x_wconf 90' lang='lat' dir='ltr'><strong>num</strong></span> <span class='ocrx_word' id='word_1_480' title='bbox 3089 2574 3156 2627; x_wconf 89' lang='lat' dir='ltr'><strong>de</strong></span> <span class='ocrx_word' id='word_1_481' title='bbox 3208 2572 3297 2625; x_wconf 87' lang='lat' dir='ltr'><strong>illo</strong></span> <span class='ocrx_word' id='word_1_482' title='bbox 3339 2584 3568 2639; x_wconf 90' lang='lat' dir='ltr'><strong>corpore</strong></span> <span class='ocrx_word' id='word_1_483' title='bbox 3618 2566 3767 2620; x_wconf 77' lang='lat' dir='ltr'><strong>fama</strong></span> 
     </span>
    </p>
   </div>
   <div class='ocr_carea' id='block_1_67' title="bbox 2198 2660 3762 2733">
    <p class='ocr_par' dir='ltr' id='par_1_67' title="bbox 2198 2660 3762 2733">
     <span class='ocr_line' id='line_1_68' title="bbox 2198 2660 3762 2733; baseline -0.008 -11"><span class='ocrx_word' id='word_1_484' title='bbox 2198 2678 2343 2723; x_wconf 89' lang='lat' dir='ltr'><strong>esset</strong></span> <span class='ocrx_word' id='word_1_485' title='bbox 2380 2676 2525 2724; x_wconf 86' lang='lat' dir='ltr'><strong>certa</strong></span> <span class='ocrx_word' id='word_1_486' title='bbox 2574 2677 2626 2722; x_wconf 90' lang='lat' dir='ltr'><strong>et</strong></span> <span class='ocrx_word' id='word_1_487' title='bbox 2679 2677 2971 2730; x_wconf 87' lang='lat' dir='ltr'><strong>constans,</strong></span> <span class='ocrx_word' id='word_1_488' title='bbox 3015 2665 3186 2733; x_wconf 91' lang='lat' dir='ltr'><strong>ipsum</strong></span> <span class='ocrx_word' id='word_1_489' title='bbox 3239 2677 3359 2716; x_wconf 87' lang='lat' dir='ltr'><strong>esse</strong></span> <span class='ocrx_word' id='word_1_490' title='bbox 3410 2662 3469 2716; x_wconf 90' lang='lat' dir='ltr'><strong>S.</strong></span> <span class='ocrx_word' id='word_1_491' title='bbox 3516 2660 3762 2715; x_wconf 74' lang='lat' dir='ltr'><strong>Athana-</strong></span> 
     </span>
    </p>
   </div>
   <div class='ocr_carea' id='block_1_68' title="bbox 2199 2746 3765 2825">
    <p class='ocr_par' dir='ltr' id='par_1_68' title="bbox 2199 2746 3765 2825">
     <span class='ocr_line' id='line_1_69' title="bbox 2199 2746 3765 2825; baseline -0.009 -10"><span class='ocrx_word' id='word_1_492' title='bbox 2199 2761 2263 2815; x_wconf 85' lang='lat' dir='ltr'><strong>sii</strong></span> <span class='ocrx_word' id='word_1_493' title='bbox 2294 2757 2531 2813; x_wconf 86' lang='lat' dir='ltr'><strong>doctoris</strong></span> <span class='ocrx_word' id='word_1_494' title='bbox 2580 2757 2868 2821; x_wconf 68' lang='lat' dir='ltr'><strong>Ecclesiae,</strong></span> <span class='ocrx_word' id='word_1_495' title='bbox 2925 2754 3196 2825; x_wconf 84' lang='lat' dir='ltr'><strong>respondit</strong></span> <span class='ocrx_word' id='word_1_496' title='bbox 3234 2751 3455 2807; x_wconf 92' lang='lat' dir='ltr'><strong>omnino</strong></span> <span class='ocrx_word' id='word_1_497' title='bbox 3491 2750 3652 2803; x_wconf 87' lang='lat' dir='ltr'><strong>talem</strong></span> <span class='ocrx_word' id='word_1_498' title='bbox 3694 2746 3765 2802; x_wconf 80' lang='lat' dir='ltr'><strong>ibi</strong></span> 
     </span>
    </p>
   </div>
   <div class='ocr_carea' id='block_1_69' title="bbox 2197 2868 2336 2909">
    <p class='ocr_par' dir='ltr' id='par_1_69' title="bbox 2197 2868 2336 2909">
     <span class='ocr_line' id='line_1_70' title="bbox 2197 2868 2336 2909; baseline 0 0"><span class='ocrx_word' id='word_1_499' title='bbox 2197 2868 2336 2909; x_wconf 85' lang='lat' dir='ltr'><strong>esse.</strong></span> 
     </span>
    </p>
   </div>
   <div class='ocr_carea' id='block_1_70' title="bbox 2275 2935 3759 3014">
    <p class='ocr_par' dir='ltr' id='par_1_70' title="bbox 2275 2935 3759 3014">
     <span class='ocr_line' id='line_1_71' title="bbox 2275 2935 3759 3014; baseline -0.008 -15"><span class='ocrx_word' id='word_1_500' title='bbox 2275 2966 2293 2999; x_wconf 88' lang='grc' dir='ltr'><strong>ι</strong></span> <span class='ocrx_word' id='word_1_501' title='bbox 2326 2946 2565 3002; x_wconf 85' lang='lat' dir='ltr'><strong>Alterum</strong></span> <span class='ocrx_word' id='word_1_502' title='bbox 2594 2952 2851 3014; x_wconf 77' lang='lat' dir='ltr'><strong>prmterea</strong></span> <span class='ocrx_word' id='word_1_503' title='bbox 2900 2941 3266 2996; x_wconf 89' lang='lat' dir='ltr'><strong>testimonium</strong></span> <span class='ocrx_word' id='word_1_504' title='bbox 3298 2936 3514 2991; x_wconf 78' lang='lat' dir='ltr'><strong>veritati</strong></span> <span class='ocrx_word' id='word_1_505' title='bbox 3560 2935 3759 3006; x_wconf 53' lang='lat' dir='ltr'><strong>praedi-</strong></span> 
     </span>
    </p>
   </div>
   <div class='ocr_carea' id='block_1_71' title="bbox 2197 3027 3761 3107">
    <p class='ocr_par' dir='ltr' id='par_1_71' title="bbox 2197 3027 3761 3107">
     <span class='ocr_line' id='line_1_72' title="bbox 2197 3027 3761 3107; baseline -0.01 -14"><span class='ocrx_word' id='word_1_506' title='bbox 2197 3051 2298 3094; x_wconf 68' lang='lat' dir='ltr'><strong>cta:</strong></span> <span class='ocrx_word' id='word_1_507' title='bbox 2348 3037 2540 3107; x_wconf 80' lang='lat' dir='ltr'><strong>obtigit</strong></span> <span class='ocrx_word' id='word_1_508' title='bbox 2579 3037 2679 3090; x_wconf 88' lang='lat' dir='ltr'><strong>hoc</strong></span> <span class='ocrx_word' id='word_1_509' title='bbox 2724 3035 2900 3088; x_wconf 90' lang='lat' dir='ltr'><strong>modo.</strong></span> <span class='ocrx_word' id='word_1_510' title='bbox 2958 3032 3159 3086; x_wconf 84' lang='lat' dir='ltr'><strong>Nobilis</strong></span> <span class='ocrx_word' id='word_1_511' title='bbox 3200 3031 3414 3099; x_wconf 86' lang='lat' dir='ltr'><strong>quidam</strong></span> <span class='ocrx_word' id='word_1_512' title='bbox 3473 3044 3505 3083; x_wconf 89' lang='lat' dir='ltr'><strong>e</strong></span> <span class='ocrx_word' id='word_1_513' title='bbox 3561 3027 3761 3081; x_wconf 79' lang='lat' dir='ltr'><strong>fatnilia</strong></span> 
     </span>
    </p>
   </div>
   <div class='ocr_carea' id='block_1_72' title="bbox 2195 3120 3767 3192">
    <p class='ocr_par' dir='ltr' id='par_1_72' title="bbox 2195 3120 3767 3192">
     <span class='ocr_line' id='line_1_73' title="bbox 2195 3120 3767 3192; baseline -0.012 -4"><span class='ocrx_word' id='word_1_514' title='bbox 2195 3131 2569 3192; x_wconf 71' lang='lat' dir='ltr'><strong>Justinianaea,</strong></span> <span class='ocrx_word' id='word_1_515' title='bbox 2602 3124 3113 3192; x_wconf 90' lang='lat' dir='ltr'><strong>Constantinopolim</strong></span> <span class='ocrx_word' id='word_1_516' title='bbox 3141 3133 3356 3192; x_wconf 87' lang='lat' dir='ltr'><strong>propter</strong></span> <span class='ocrx_word' id='word_1_517' title='bbox 3385 3120 3635 3189; x_wconf 72' lang='lat' dir='ltr'><strong>quaedam</strong></span> <span class='ocrx_word' id='word_1_518' title='bbox 3674 3132 3767 3170; x_wconf 80' lang='lat' dir='ltr'><strong>ne-</strong></span> 
     </span>
    </p>
   </div>
   <div class='ocr_carea' id='block_1_73' title="bbox 2119 3209 3765 3305">
    <p class='ocr_par' dir='ltr' id='par_1_73' title="bbox 2119 3209 3765 3305">
     <span class='ocr_line' id='line_1_74' title="bbox 2119 3209 3765 3305; baseline -0.012 -25"><span class='ocrx_word' id='word_1_519' title='bbox 2119 3247 2161 3305; x_wconf 73' lang='lat' dir='ltr'>c</span> <span class='ocrx_word' id='word_1_520' title='bbox 2201 3229 2340 3293; x_wconf 83' lang='lat' dir='ltr'><strong>gotia</strong></span> <span class='ocrx_word' id='word_1_521' title='bbox 2396 3239 2492 3279; x_wconf 89' lang='lat' dir='ltr'><strong>sua</strong></span> <span class='ocrx_word' id='word_1_522' title='bbox 2551 3232 2666 3276; x_wconf 87' lang='lat' dir='ltr'><strong>erat</strong></span> <span class='ocrx_word' id='word_1_523' title='bbox 2718 3218 3014 3288; x_wconf 85' lang='lat' dir='ltr'><strong>profectus,</strong></span> <span class='ocrx_word' id='word_1_524' title='bbox 3067 3231 3130 3269; x_wconf 92' lang='lat' dir='ltr'><strong>eo</strong></span> <span class='ocrx_word' id='word_1_525' title='bbox 3177 3226 3418 3281; x_wconf 87' lang='lat' dir='ltr'><strong>tempore</strong></span> <span class='ocrx_word' id='word_1_526' title='bbox 3480 3224 3589 3279; x_wconf 90' lang='lat' dir='ltr'><strong>quo</strong></span> <span class='ocrx_word' id='word_1_527' title='bbox 3640 3209 3765 3262; x_wconf 87' lang='lat' dir='ltr'><strong>istic</strong></span> 
     </span>
    </p>
   </div>
   <div class='ocr_carea' id='block_1_74' title="bbox 2198 3299 3767 3387">
    <p class='ocr_par' dir='ltr' id='par_1_74' title="bbox 2198 3299 3767 3387">
     <span class='ocr_line' id='line_1_75' title="bbox 2198 3299 3767 3387; baseline -0.014 -16"><span class='ocrx_word' id='word_1_528' title='bbox 2198 3316 2417 3387; x_wconf 87' lang='lat' dir='ltr'><strong>grandis</strong></span> <span class='ocrx_word' id='word_1_529' title='bbox 2469 3309 2774 3384; x_wconf 87' lang='lat' dir='ltr'><strong>pestilentia</strong></span> <span class='ocrx_word' id='word_1_530' title='bbox 2822 3306 3081 3361; x_wconf 75' lang='lat' dir='ltr'><strong>szeviebat</strong></span> <span class='ocrx_word' id='word_1_531' title='bbox 3129 3326 3140 3360; x_wconf 90' lang='lat'>:</span> <span class='ocrx_word' id='word_1_532' title='bbox 3184 3319 3211 3357; x_wconf 91' lang='lat' dir='ltr'><strong>a</strong></span> <span class='ocrx_word' id='word_1_533' title='bbox 3258 3302 3411 3369; x_wconf 88' lang='lat' dir='ltr'><strong>cujus</strong></span> <span class='ocrx_word' id='word_1_534' title='bbox 3441 3299 3767 3367; x_wconf 82' lang='lat' dir='ltr'><strong>contagione</strong></span> 
     </span>
    </p>
   </div>
   <div class='ocr_carea' id='block_1_75' title="bbox 2198 3391 3760 3463">
    <p class='ocr_par' dir='ltr' id='par_1_75' title="bbox 2198 3391 3760 3463">
     <span class='ocr_line' id='line_1_76' title="bbox 2198 3391 3760 3463; baseline -0.012 -3"><span class='ocrx_word' id='word_1_535' title='bbox 2198 3420 2254 3461; x_wconf 91' lang='lat' dir='ltr'><strong>ut</strong></span> <span class='ocrx_word' id='word_1_536' title='bbox 2305 3407 2549 3463; x_wconf 86' lang='lat' dir='ltr'><strong>securior</strong></span> <span class='ocrx_word' id='word_1_537' title='bbox 2586 3413 2641 3457; x_wconf 93' lang='lat' dir='ltr'><strong>et</strong></span> <span class='ocrx_word' id='word_1_538' title='bbox 2694 3400 2958 3455; x_wconf 91' lang='lat' dir='ltr'><strong>remotior</strong></span> <span class='ocrx_word' id='word_1_539' title='bbox 3008 3406 3154 3452; x_wconf 86' lang='lat' dir='ltr'><strong>esset</strong></span> <span class='ocrx_word' id='word_1_540' title='bbox 3198 3393 3394 3447; x_wconf 90' lang='lat' dir='ltr'><strong>nobilis</strong></span> <span class='ocrx_word' id='word_1_541' title='bbox 3446 3391 3760 3461; x_wconf 66' lang='lat' dir='ltr'><strong>praedictus,</strong></span> 
     </span>
    </p>
   </div>
   <div class='ocr_carea' id='block_1_76' title="bbox 2198 3476 3765 3564">
    <p class='ocr_par' dir='ltr' id='par_1_76' title="bbox 2198 3476 3765 3564">
     <span class='ocr_line' id='line_1_77' title="bbox 2198 3476 3765 3564; baseline -0.013 -14"><span class='ocrx_word' id='word_1_542' title='bbox 2198 3495 2489 3564; x_wconf 89' lang='lat' dir='ltr'><strong>hospitium</strong></span> <span class='ocrx_word' id='word_1_543' title='bbox 2522 3490 2624 3547; x_wconf 88' lang='lat' dir='ltr'><strong>sibi</strong></span> <span class='ocrx_word' id='word_1_544' title='bbox 2654 3489 2927 3557; x_wconf 85' lang='lat' dir='ltr'><strong>delegerat</strong></span> <span class='ocrx_word' id='word_1_545' title='bbox 2962 3486 3099 3554; x_wconf 84' lang='lat' dir='ltr'><strong>apud</strong></span> <span class='ocrx_word' id='word_1_546' title='bbox 3128 3484 3274 3539; x_wconf 90' lang='lat' dir='ltr'><strong>illum</strong></span> <span class='ocrx_word' id='word_1_547' title='bbox 3308 3480 3674 3540; x_wconf 88' lang='lat' dir='ltr'><strong>sacerdotem,</strong></span> <span class='ocrx_word' id='word_1_548' title='bbox 3706 3476 3765 3530; x_wconf 83' lang='lat' dir='ltr'><strong>iu</strong></span> 
     </span>
    </p>
   </div>
   <div class='ocr_carea' id='block_1_77' title="bbox 2196 3579 3767 3655">
    <p class='ocr_par' dir='ltr' id='par_1_77' title="bbox 2196 3579 3767 3655">
     <span class='ocr_line' id='line_1_78' title="bbox 2196 3579 3767 3655; baseline -0.013 -15"><span class='ocrx_word' id='word_1_549' title='bbox 2196 3586 2351 3655; x_wconf 90' lang='lat' dir='ltr'><strong>cujus</strong></span> <span class='ocrx_word' id='word_1_550' title='bbox 2388 3598 2514 3639; x_wconf 89' lang='lat' dir='ltr'><strong>cura</strong></span> <span class='ocrx_word' id='word_1_551' title='bbox 2562 3590 2677 3637; x_wconf 90' lang='lat' dir='ltr'><strong>erat</strong></span> <span class='ocrx_word' id='word_1_552' title='bbox 2722 3579 3036 3649; x_wconf 73' lang='lat' dir='ltr'><strong>przedictum</strong></span> <span class='ocrx_word' id='word_1_553' title='bbox 3086 3582 3329 3628; x_wconf 88' lang='lat' dir='ltr'><strong>sanctmn</strong></span> <span class='ocrx_word' id='word_1_554' title='bbox 3364 3585 3563 3639; x_wconf 74' lang='lat' dir='ltr'><strong>corpus</strong></span> <span class='ocrx_word' id='word_1_555' title='bbox 3594 3585 3609 3633; x_wconf 96' lang='lat'><strong>;</strong></span> <span class='ocrx_word' id='word_1_556' title='bbox 3640 3582 3767 3621; x_wconf 82' lang='lat' dir='ltr'><strong>cum</strong></span> 
     </span>
    </p>
   </div>
   <div class='ocr_carea' id='block_1_78' title="bbox 2195 3660 3762 3747">
    <p class='ocr_par' dir='ltr' id='par_1_78' title="bbox 2195 3660 3762 3747">
     <span class='ocr_line' id='line_1_79' title="bbox 2195 3660 3762 3747; baseline -0.015 -15"><span class='ocrx_word' id='word_1_557' title='bbox 2195 3694 2363 3747; x_wconf 83' lang='lat' dir='ltr'><strong>eoque</strong></span> <span class='ocrx_word' id='word_1_558' title='bbox 2410 3681 2681 3729; x_wconf 89' lang='lat' dir='ltr'><strong>manserat</strong></span> <span class='ocrx_word' id='word_1_559' title='bbox 2727 3669 3002 3725; x_wconf 85' lang='lat' dir='ltr'><strong>mensibus</strong></span> <span class='ocrx_word' id='word_1_560' title='bbox 3038 3681 3154 3730; x_wconf 88' lang='lat' dir='ltr'><strong>sex,</strong></span> <span class='ocrx_word' id='word_1_561' title='bbox 3195 3667 3262 3717; x_wconf 87' lang='lat' dir='ltr'><strong>ab</strong></span> <span class='ocrx_word' id='word_1_562' title='bbox 3305 3663 3495 3715; x_wconf 88' lang='lat' dir='ltr'><strong>eodem</strong></span> <span class='ocrx_word' id='word_1_563' title='bbox 3524 3660 3762 3726; x_wconf 82' lang='lat' dir='ltr'><strong>linguam</strong></span> 
     </span>
    </p>
   </div>
   <div class='ocr_carea' id='block_1_79' title="bbox 2196 3754 3765 3826">
    <p class='ocr_par' dir='ltr' id='par_1_79' title="bbox 2196 3754 3765 3826">
     <span class='ocr_line' id='line_1_80' title="bbox 2196 3754 3765 3826; baseline -0.016 -2"><span class='ocrx_word' id='word_1_564' title='bbox 2196 3769 2435 3825; x_wconf 82' lang='lat' dir='ltr'><strong>Graecam</strong></span> <span class='ocrx_word' id='word_1_565' title='bbox 2461 3767 2695 3826; x_wconf 83' lang='lat' dir='ltr'><strong>discens,</strong></span> <span class='ocrx_word' id='word_1_566' title='bbox 2728 3772 2783 3816; x_wconf 91' lang='lat' dir='ltr'><strong>et</strong></span> <span class='ocrx_word' id='word_1_567' title='bbox 2813 3762 3015 3814; x_wconf 86' lang='lat' dir='ltr'><strong>interea</strong></span> <span class='ocrx_word' id='word_1_568' title='bbox 3045 3758 3241 3824; x_wconf 63' lang='lat' dir='ltr'><strong>Saepius</strong></span> <span class='ocrx_word' id='word_1_569' title='bbox 3282 3754 3456 3821; x_wconf 88' lang='lat' dir='ltr'><strong>ipsum</strong></span> <span class='ocrx_word' id='word_1_570' title='bbox 3509 3758 3765 3803; x_wconf 91' lang='lat' dir='ltr'><strong>sanctum</strong></span> 
     </span>
    </p>
   </div>
   <div class='ocr_carea' id='block_1_80' title="bbox 2196 3836 3767 3927">
    <p class='ocr_par' dir='ltr' id='par_1_80' title="bbox 2196 3836 3767 3927">
     <span class='ocr_line' id='line_1_81' title="bbox 2196 3836 3767 3927; baseline -0.016 -14"><span class='ocrx_word' id='word_1_571' title='bbox 2196 3874 2391 3927; x_wconf 90' lang='lat' dir='ltr'><strong>corpus</strong></span> <span class='ocrx_word' id='word_1_572' title='bbox 2449 3854 2760 3924; x_wconf 89' lang='lat' dir='ltr'><strong>inspiciens.</strong></span> <span class='ocrx_word' id='word_1_573' title='bbox 2836 3849 2935 3903; x_wconf 82' lang='lat' dir='ltr'><strong>Hic</strong></span> <span class='ocrx_word' id='word_1_574' title='bbox 2992 3847 3353 3925; x_wconf 74' lang='lat' dir='ltr'><strong>interrogatus</strong></span> <span class='ocrx_word' id='word_1_575' title='bbox 3428 3856 3555 3894; x_wconf 90' lang='lat' dir='ltr'><strong>num</strong></span> <span class='ocrx_word' id='word_1_576' title='bbox 3633 3836 3767 3891; x_wconf 84' lang='lat' dir='ltr'><strong>illud</strong></span> 
     </span>
    </p>
   </div>
   <div class='ocr_carea' id='block_1_81' title="bbox 2195 3926 3763 4018">
    <p class='ocr_par' dir='ltr' id='par_1_81' title="bbox 2195 3926 3763 4018">
     <span class='ocr_line' id='line_1_82' title="bbox 2195 3926 3763 4018; baseline -0.017 -17"><span class='ocrx_word' id='word_1_577' title='bbox 2195 3926 2475 4018; x_wconf 84' lang='lat' dir='ltr'><strong>agniturus</strong></span> <span class='ocrx_word' id='word_1_578' title='bbox 2515 3950 2657 3998; x_wconf 87' lang='lat' dir='ltr'><strong>esset</strong></span> <span class='ocrx_word' id='word_1_579' title='bbox 2698 3941 2741 3995; x_wconf 91' lang='lat' dir='ltr'><strong>si</strong></span> <span class='ocrx_word' id='word_1_580' title='bbox 2794 3940 3022 4000; x_wconf 85' lang='lat' dir='ltr'><strong>videret,</strong></span> <span class='ocrx_word' id='word_1_581' title='bbox 3089 3929 3385 4002; x_wconf 89' lang='lat' dir='ltr'><strong>respondit,</strong></span> <span class='ocrx_word' id='word_1_582' title='bbox 3434 3942 3495 3981; x_wconf 92' lang='lat' dir='ltr'><strong>se</strong></span> <span class='ocrx_word' id='word_1_583' title='bbox 3549 3926 3602 3979; x_wconf 89' lang='lat' dir='ltr'><strong>id</strong></span> <span class='ocrx_word' id='word_1_584' title='bbox 3657 3937 3763 3977; x_wconf 73' lang='lat' dir='ltr'><strong>nua</strong></span> 
     </span>
    </p>
   </div>
   <div class='ocr_carea' id='block_1_82' title="bbox 2198 4021 3769 4109">
    <p class='ocr_par' dir='ltr' id='par_1_82' title="bbox 2198 4021 3769 4109">
     <span class='ocr_line' id='line_1_83' title="bbox 2198 4021 3769 4109; baseline -0.013 -19"><span class='ocrx_word' id='word_1_585' title='bbox 2198 4053 2356 4109; x_wconf 87' lang='lat' dir='ltr'><strong>posse</strong></span> <span class='ocrx_word' id='word_1_586' title='bbox 2390 4037 2724 4107; x_wconf 88' lang='lat' dir='ltr'><strong>promittere,</strong></span> <span class='ocrx_word' id='word_1_587' title='bbox 2755 4046 2819 4085; x_wconf 87' lang='lat' dir='ltr'><strong>eo</strong></span> <span class='ocrx_word' id='word_1_588' title='bbox 2841 4029 2981 4099; x_wconf 86' lang='lat' dir='ltr'><strong>quod</strong></span> <span class='ocrx_word' id='word_1_589' title='bbox 3005 4028 3115 4097; x_wconf 86' lang='lat' dir='ltr'><strong>jam</strong></span> <span class='ocrx_word' id='word_1_590' title='bbox 3155 4025 3281 4077; x_wconf 89' lang='lat' dir='ltr'><strong>anni</strong></span> <span class='ocrx_word' id='word_1_591' title='bbox 3312 4038 3405 4077; x_wconf 91' lang='lat' dir='ltr'><strong>sex</strong></span> <span class='ocrx_word' id='word_1_592' title='bbox 3438 4021 3769 4075; x_wconf 84' lang='lat' dir='ltr'><strong>transissent</strong></span> 
     </span>
    </p>
   </div>
   <div class='ocr_carea' id='block_1_83' title="bbox 2197 4118 3814 4196">
    <p class='ocr_par' dir='ltr' id='par_1_83' title="bbox 2197 4118 3814 4196">
     <span class='ocr_line' id='line_1_84' title="bbox 2197 4118 3814 4196; baseline -0.017 -11"><span class='ocrx_word' id='word_1_593' title='bbox 2197 4132 2265 4185; x_wconf 89' lang='lat' dir='ltr'><strong>ab</strong></span> <span class='ocrx_word' id='word_1_594' title='bbox 2321 4144 2385 4184; x_wconf 90' lang='lat' dir='ltr'><strong>eo</strong></span> <span class='ocrx_word' id='word_1_595' title='bbox 2434 4139 2672 4196; x_wconf 90' lang='lat' dir='ltr'><strong>tempore</strong></span> <span class='ocrx_word' id='word_1_596' title='bbox 2701 4138 2808 4193; x_wconf 91' lang='lat' dir='ltr'><strong>quo</strong></span> <span class='ocrx_word' id='word_1_597' title='bbox 2839 4122 3083 4176; x_wconf 90' lang='lat' dir='ltr'><strong>ultimum</strong></span> <span class='ocrx_word' id='word_1_598' title='bbox 3126 4118 3301 4179; x_wconf 85' lang='lat' dir='ltr'><strong>vidit;</strong></span> <span class='ocrx_word' id='word_1_599' title='bbox 3337 4130 3503 4169; x_wconf 91' lang='lat' dir='ltr'><strong>unum</strong></span> <span class='ocrx_word' id='word_1_600' title='bbox 3553 4123 3764 4167; x_wconf 85' lang='lat' dir='ltr'><strong>tantum</strong></span> <span class='ocrx_word' id='word_1_601' title='bbox 3808 4152 3814 4157; x_wconf 94' lang='lat'><strong>.</strong></span> 
     </span>
    </p>
   </div>
   <div class='ocr_carea' id='block_1_84' title="bbox 2195 4207 3766 4284">
    <p class='ocr_par' dir='ltr' id='par_1_84' title="bbox 2195 4207 3766 4284">
     <span class='ocr_line' id='line_1_85' title="bbox 2195 4207 3766 4284; baseline -0.015 -8"><span class='ocrx_word' id='word_1_602' title='bbox 2195 4239 2254 4276; x_wconf 91' lang='lat' dir='ltr'><strong>se</strong></span> <span class='ocrx_word' id='word_1_603' title='bbox 2293 4215 2738 4284; x_wconf 88' lang='lat' dir='ltr'><strong>recordari,quod</strong></span> <span class='ocrx_word' id='word_1_604' title='bbox 2773 4213 2976 4269; x_wconf 86' lang='lat' dir='ltr'><strong>scilicet</strong></span> <span class='ocrx_word' id='word_1_605' title='bbox 3008 4210 3203 4279; x_wconf 85' lang='lat' dir='ltr'><strong>digitus</strong></span> <span class='ocrx_word' id='word_1_606' title='bbox 3232 4223 3369 4261; x_wconf 90' lang='lat' dir='ltr'><strong>unus</strong></span> <span class='ocrx_word' id='word_1_607' title='bbox 3398 4207 3616 4258; x_wconf 89' lang='lat' dir='ltr'><strong>deesset</strong></span> <span class='ocrx_word' id='word_1_608' title='bbox 3649 4216 3766 4254; x_wconf 84' lang='lat' dir='ltr'><strong>ma-</strong></span> 
     </span>
    </p>
   </div>
   <div class='ocr_carea' id='block_1_85' title="bbox 2200 4296 3767 4373">
    <p class='ocr_par' dir='ltr' id='par_1_85' title="bbox 2200 4296 3767 4373">
     <span class='ocr_line' id='line_1_86' title="bbox 2200 4296 3767 4373; baseline -0.014 -8"><span class='ocrx_word' id='word_1_609' title='bbox 2200 4311 2291 4365; x_wconf 89' lang='lat' dir='ltr'><strong>nui</strong></span> <span class='ocrx_word' id='word_1_610' title='bbox 2332 4313 2589 4363; x_wconf 73' lang='lat' dir='ltr'><strong>dcxtcrte.</strong></span> <span class='ocrx_word' id='word_1_611' title='bbox 2618 4305 2854 4373; x_wconf 79' lang='lat' dir='ltr'><strong>Rogatus</strong></span> <span class='ocrx_word' id='word_1_612' title='bbox 2886 4302 3076 4356; x_wconf 84' lang='lat' dir='ltr'><strong>deinde</strong></span> <span class='ocrx_word' id='word_1_613' title='bbox 3108 4309 3191 4353; x_wconf 86' lang='lat' dir='ltr'><strong>est</strong></span> <span class='ocrx_word' id='word_1_614' title='bbox 3224 4307 3281 4349; x_wconf 91' lang='lat' dir='ltr'><strong>ut</strong></span> <span class='ocrx_word' id='word_1_615' title='bbox 3310 4296 3631 4364; x_wconf 86' lang='lat' dir='ltr'><strong>dignaretur</strong></span> <span class='ocrx_word' id='word_1_616' title='bbox 3670 4305 3767 4358; x_wconf 88' lang='lat' dir='ltr'><strong>per</strong></span> 
     </span>
    </p>
   </div>
   <div class='ocr_carea' id='block_1_86' title="bbox 2198 4384 3766 4458">
    <p class='ocr_par' dir='ltr' id='par_1_86' title="bbox 2198 4384 3766 4458">
     <span class='ocr_line' id='line_1_87' title="bbox 2198 4384 3766 4458; baseline -0.012 -1"><span class='ocrx_word' id='word_1_617' title='bbox 2198 4418 2318 4458; x_wconf 88' lang='lat' dir='ltr'><strong>sese</strong></span> <span class='ocrx_word' id='word_1_618' title='bbox 2357 4399 2618 4453; x_wconf 89' lang='lat' dir='ltr'><strong>accedere</strong></span> <span class='ocrx_word' id='word_1_619' title='bbox 2677 4398 2743 4450; x_wconf 88' lang='lat' dir='ltr'><strong>ad</strong></span> <span class='ocrx_word' id='word_1_620' title='bbox 2795 4395 3056 4450; x_wconf 89' lang='lat' dir='ltr'><strong>moniales</strong></span> <span class='ocrx_word' id='word_1_621' title='bbox 3099 4392 3309 4446; x_wconf 70' lang='lat' dir='ltr'><strong>Sanctze</strong></span> <span class='ocrx_word' id='word_1_622' title='bbox 3348 4388 3540 4444; x_wconf 89' lang='lat' dir='ltr'><strong>Crucis</strong></span> <span class='ocrx_word' id='word_1_623' title='bbox 3584 4388 3637 4441; x_wconf 88' lang='lat' dir='ltr'><strong>in</strong></span> <span class='ocrx_word' id='word_1_624' title='bbox 3670 4384 3766 4439; x_wconf 84' lang='lat' dir='ltr'><strong>.Iu—</strong></span> 
     </span>
    </p>
   </div>
   <div class='ocr_carea' id='block_1_87' title="bbox 2199 4476 3768 4559">
    <p class='ocr_par' dir='ltr' id='par_1_87' title="bbox 2199 4476 3768 4559">
     <span class='ocr_line' id='line_1_88' title="bbox 2199 4476 3768 4559; baseline -0.015 -10"><span class='ocrx_word' id='word_1_625' title='bbox 2199 4494 2350 4549; x_wconf 85' lang='lat' dir='ltr'><strong>daica</strong></span> <span class='ocrx_word' id='word_1_626' title='bbox 2380 4509 2392 4542; x_wconf 89' lang='lat'><strong>:</strong></span> <span class='ocrx_word' id='word_1_627' title='bbox 2433 4490 2577 4559; x_wconf 90' lang='lat' dir='ltr'><strong>quod</strong></span> <span class='ocrx_word' id='word_1_628' title='bbox 2620 4487 2710 4541; x_wconf 81' lang='lat' dir='ltr'><strong>illo</strong></span> <span class='ocrx_word' id='word_1_629' title='bbox 2752 4487 2980 4540; x_wconf 87' lang='lat' dir='ltr'><strong>libenter</strong></span> <span class='ocrx_word' id='word_1_630' title='bbox 3008 4482 3136 4537; x_wconf 73' lang='lat' dir='ltr'><strong>fecit</strong></span> <span class='ocrx_word' id='word_1_631' title='bbox 3170 4497 3185 4533; x_wconf 90' lang='lat'><strong>:</strong></span> <span class='ocrx_word' id='word_1_632' title='bbox 3219 4480 3511 4547; x_wconf 89' lang='lat' dir='ltr'><strong>statimque</strong></span> <span class='ocrx_word' id='word_1_633' title='bbox 3544 4486 3604 4529; x_wconf 91' lang='lat' dir='ltr'><strong>ut</strong></span> <span class='ocrx_word' id='word_1_634' title='bbox 3634 4476 3768 4529; x_wconf 80' lang='lat' dir='ltr'><strong>vidit</strong></span> 
     </span>
    </p>
   </div>
   <div class='ocr_carea' id='block_1_88' title="bbox 525 4562 3767 4655">
    <p class='ocr_par' dir='ltr' id='par_1_88' title="bbox 525 4562 3767 4655">
     <span class='ocr_line' id='line_1_89' title="bbox 525 4562 3767 4655; baseline -0.002 -37"><span class='ocrx_word' id='word_1_635' title='bbox 525 4583 685 4632; x_wconf 79' lang='lat' dir='ltr'><strong>quam</strong></span> <span class='ocrx_word' id='word_1_636' title='bbox 720 4565 984 4620; x_wconf 89' lang='lat' dir='ltr'><strong>allocutus</strong></span> <span class='ocrx_word' id='word_1_637' title='bbox 1019 4564 1212 4619; x_wconf 86' lang='lat' dir='ltr'><strong>luisset</strong></span> <span class='ocrx_word' id='word_1_638' title='bbox 1238 4564 1437 4619; x_wconf 88' lang='lat' dir='ltr'><strong>nedum</strong></span> <span class='ocrx_word' id='word_1_639' title='bbox 1486 4562 1857 4618; x_wconf 87' lang='lat' dir='ltr'><strong>exatninasset</strong></span> <span class='ocrx_word' id='word_1_640' title='bbox 1904 4569 2093 4617; x_wconf 89' lang='lat' dir='ltr'><strong>tonsor</strong></span> <span class='ocrx_word' id='word_1_641' title='bbox 2127 4601 2170 4655; x_wconf 70' lang='grc' dir='ltr'>ο</span> <span class='ocrx_word' id='word_1_642' title='bbox 2201 4598 2417 4639; x_wconf 61' lang='lat' dir='ltr'><strong>manu&quot;,</strong></span> <span class='ocrx_word' id='word_1_643' title='bbox 2450 4582 2617 4649; x_wconf 61' lang='lat' dir='ltr'><strong>digno</strong></span> <span class='ocrx_word' id='word_1_644' title='bbox 2652 4579 2918 4641; x_wconf 51' lang='lat' dir='ltr'><strong>mutilam,</strong></span> <span class='ocrx_word' id='word_1_645' title='bbox 2948 4573 3285 4635; x_wconf 64' lang='grc' dir='ltr'><strong>ρετιίεείηιο,</strong></span> <span class='ocrx_word' id='word_1_646' title='bbox 3320 4570 3518 4638; x_wconf 70' lang='lat' dir='ltr'><strong>inquit,</strong></span> <span class='ocrx_word' id='word_1_647' title='bbox 3548 4566 3653 4621; x_wconf 77' lang='lat' dir='ltr'><strong>hoc</strong></span> <span class='ocrx_word' id='word_1_648' title='bbox 3683 4575 3767 4619; x_wconf 67' lang='lat' dir='ltr'><strong>est</strong></span> 
     </span>
    </p>
   </div>
   <div class='ocr_carea' id='block_1_89' title="bbox 524 4657 835 4728">
    <p class='ocr_par' dir='ltr' id='par_1_89' title="bbox 524 4657 835 4728">
     <span class='ocr_line' id='line_1_90' title="bbox 524 4657 835 4728; baseline 0 -17"><span class='ocrx_word' id='word_1_649' title='bbox 524 4657 835 4728; x_wconf 68' lang='lat' dir='ltr'><strong>praedictus.</strong></span> 
     </span>
    </p>
   </div>
   <div class='ocr_carea' id='block_1_90' title="bbox 600 4744 2087 4815">
    <p class='ocr_par' dir='ltr' id='par_1_90' title="bbox 600 4744 2087 4815">
     <span class='ocr_line' id='line_1_91' title="bbox 600 4744 2087 4815; baseline -0.001 -16"><span class='ocrx_word' id='word_1_650' title='bbox 600 4766 620 4799; x_wconf 77' lang='grc' dir='ltr'><strong>ι</strong></span> <span class='ocrx_word' id='word_1_651' title='bbox 663 4747 799 4802; x_wconf 90' lang='lat' dir='ltr'><strong>Tum</strong></span> <span class='ocrx_word' id='word_1_652' title='bbox 848 4747 949 4802; x_wconf 86' lang='lat' dir='ltr'><strong>hoc</strong></span> <span class='ocrx_word' id='word_1_653' title='bbox 978 4755 1239 4815; x_wconf 82' lang='lat' dir='ltr'><strong>praesente</strong></span> <span class='ocrx_word' id='word_1_654' title='bbox 1281 4746 1446 4813; x_wconf 73' lang='lat' dir='ltr'><strong>C(Bpil.</strong></span> <span class='ocrx_word' id='word_1_655' title='bbox 1480 4745 1811 4814; x_wconf 85' lang='lat' dir='ltr'><strong>patriarcha,</strong></span> <span class='ocrx_word' id='word_1_656' title='bbox 1837 4744 1989 4812; x_wconf 88' lang='lat' dir='ltr'><strong>juxta</strong></span> <span class='ocrx_word' id='word_1_657' title='bbox 2026 4759 2087 4798; x_wconf 90' lang='lat' dir='ltr'><strong>ea</strong></span> 
     </span>
    </p>
   </div>
   <div class='ocr_carea' id='block_1_91' title="bbox 524 4835 2088 4909">
    <p class='ocr_par' dir='ltr' id='par_1_91' title="bbox 524 4835 2088 4909">
     <span class='ocr_line' id='line_1_92' title="bbox 524 4835 2088 4909; baseline -0.001 -20"><span class='ocrx_word' id='word_1_658' title='bbox 524 4854 644 4909; x_wconf 78' lang='lat' dir='ltr'><strong>qua:</strong></span> <span class='ocrx_word' id='word_1_659' title='bbox 674 4846 834 4891; x_wconf 88' lang='lat' dir='ltr'><strong>antea</strong></span> <span class='ocrx_word' id='word_1_660' title='bbox 856 4850 918 4891; x_wconf 85' lang='lat' dir='ltr'><strong>ex</strong></span> <span class='ocrx_word' id='word_1_661' title='bbox 955 4845 1173 4891; x_wconf 87' lang='lat' dir='ltr'><strong>tonsore</strong></span> <span class='ocrx_word' id='word_1_662' title='bbox 1196 4837 1494 4899; x_wconf 88' lang='lat' dir='ltr'><strong>audiverat,</strong></span> <span class='ocrx_word' id='word_1_663' title='bbox 1530 4835 1858 4905; x_wconf 84' lang='lat' dir='ltr'><strong>interrogare</strong></span> <span class='ocrx_word' id='word_1_664' title='bbox 1886 4850 2088 4903; x_wconf 88' lang='lat' dir='ltr'><strong>naupe-</strong></span> 
     </span>
    </p>
   </div>
   <div class='ocr_carea' id='block_1_92' title="bbox 521 5084 2086 5153">
    <p class='ocr_par' dir='ltr' id='par_1_92' title="bbox 521 5084 2086 5153">
     <span class='ocr_line' id='line_1_93' title="bbox 521 5084 2086 5153; baseline -0.001 -14"><span class='ocrx_word' id='word_1_665' title='bbox 521 5087 651 5140; x_wconf 88' lang='lat' dir='ltr'><strong>olim</strong></span> <span class='ocrx_word' id='word_1_666' title='bbox 681 5085 763 5151; x_wconf 82' lang='lat' dir='ltr'><strong>(ut</strong></span> <span class='ocrx_word' id='word_1_667' title='bbox 789 5084 1020 5153; x_wconf 87' lang='lat' dir='ltr'><strong>videtur)</strong></span> <span class='ocrx_word' id='word_1_668' title='bbox 1052 5086 1329 5139; x_wconf 82' lang='lat' dir='ltr'><strong>dicebatur</strong></span> <span class='ocrx_word' id='word_1_669' title='bbox 1360 5088 1411 5139; x_wconf 90' lang='lat' dir='ltr'><strong>la</strong></span> <span class='ocrx_word' id='word_1_670' title='bbox 1444 5085 1621 5140; x_wconf 78' lang='lat' dir='ltr'><strong>Fucca</strong></span> <span class='ocrx_word' id='word_1_671' title='bbox 1643 5127 1657 5145; x_wconf 82' lang='lat'><strong>,</strong></span> <span class='ocrx_word' id='word_1_672' title='bbox 1690 5088 1861 5138; x_wconf 87' lang='lat' dir='ltr'><strong>tribus</strong></span> <span class='ocrx_word' id='word_1_673' title='bbox 1890 5085 2086 5138; x_wconf 88' lang='lat' dir='ltr'><strong>millia-</strong></span> 
     </span>
    </p>
   </div>
   <div class='ocr_carea' id='block_1_93' title="bbox 524 5154 2085 5225">
    <p class='ocr_par' dir='ltr' id='par_1_93' title="bbox 524 5154 2085 5225">
     <span class='ocr_line' id='line_1_94' title="bbox 524 5154 2085 5225; baseline 0.003 -22"><span class='ocrx_word' id='word_1_674' title='bbox 524 5158 675 5209; x_wconf 81' lang='lat' dir='ltr'><strong>ribns</strong></span> <span class='ocrx_word' id='word_1_675' title='bbox 709 5154 909 5209; x_wconf 87' lang='lat' dir='ltr'><strong>Italicis</strong></span> <span class='ocrx_word' id='word_1_676' title='bbox 935 5156 1098 5209; x_wconf 86' lang='lat' dir='ltr'><strong>distat</strong></span> <span class='ocrx_word' id='word_1_677' title='bbox 1129 5158 1194 5208; x_wconf 90' lang='lat' dir='ltr'><strong>ab</strong></span> <span class='ocrx_word' id='word_1_678' title='bbox 1216 5167 1444 5225; x_wconf 89' lang='lat' dir='ltr'><strong>utroque</strong></span> <span class='ocrx_word' id='word_1_679' title='bbox 1476 5167 1657 5225; x_wconf 88' lang='lat' dir='ltr'><strong>portu.</strong></span> <span class='ocrx_word' id='word_1_680' title='bbox 1688 5157 1737 5210; x_wconf 90' lang='lat' dir='ltr'><strong>id</strong></span> <span class='ocrx_word' id='word_1_681' title='bbox 1771 5166 1899 5207; x_wconf 61' lang='lat' dir='ltr'><strong>esta</strong></span> <span class='ocrx_word' id='word_1_682' title='bbox 1933 5166 2085 5221; x_wconf 90' lang='lat' dir='ltr'><strong>portu</strong></span> 
     </span>
    </p>
   </div>
   <div class='ocr_carea' id='block_1_94' title="bbox 522 5224 2085 5293">
    <p class='ocr_par' dir='ltr' id='par_1_94' title="bbox 522 5224 2085 5293">
     <span class='ocr_line' id='line_1_95' title="bbox 522 5224 2085 5293; baseline -0.001 -14"><span class='ocrx_word' id='word_1_683' title='bbox 522 5224 827 5286; x_wconf 81' lang='lat' dir='ltr'><strong>Malemoci,</strong></span> <span class='ocrx_word' id='word_1_684' title='bbox 855 5240 1014 5292; x_wconf 88' lang='lat' dir='ltr'><strong>quem</strong></span> <span class='ocrx_word' id='word_1_685' title='bbox 1058 5235 1266 5279; x_wconf 86' lang='lat' dir='ltr'><strong>tntrant</strong></span> <span class='ocrx_word' id='word_1_686' title='bbox 1292 5224 1521 5293; x_wconf 86' lang='lat' dir='ltr'><strong>majores</strong></span> <span class='ocrx_word' id='word_1_687' title='bbox 1551 5241 1714 5279; x_wconf 82' lang='lat' dir='ltr'><strong>naves</strong></span> <span class='ocrx_word' id='word_1_688' title='bbox 1741 5266 1756 5287; x_wconf 89' lang='lat'><strong>,</strong></span> <span class='ocrx_word' id='word_1_689' title='bbox 1787 5237 1840 5279; x_wconf 92' lang='lat' dir='ltr'><strong>et</strong></span> <span class='ocrx_word' id='word_1_690' title='bbox 1866 5244 1891 5275; x_wconf 89' lang='lat' dir='ltr'><strong>a</strong></span> <span class='ocrx_word' id='word_1_691' title='bbox 1929 5239 2085 5290; x_wconf 89' lang='lat' dir='ltr'><strong>portu</strong></span> 
     </span>
    </p>
   </div>
   <div class='ocr_carea' id='block_1_95' title="bbox 519 5294 2089 5364">
    <p class='ocr_par' dir='ltr' id='par_1_95' title="bbox 519 5294 2089 5364">
     <span class='ocr_line' id='line_1_96' title="bbox 519 5294 2089 5364; baseline -0.002 -13"><span class='ocrx_word' id='word_1_692' title='bbox 519 5294 869 5364; x_wconf 17' lang='lat' dir='ltr'><strong>Littorisgseu</strong></span> <span class='ocrx_word' id='word_1_693' title='bbox 899 5294 981 5347; x_wconf 89' lang='lat' dir='ltr'><strong>del</strong></span> <span class='ocrx_word' id='word_1_694' title='bbox 1017 5295 1343 5364; x_wconf 87' lang='lat' dir='ltr'><strong>Lido.quem</strong></span> <span class='ocrx_word' id='word_1_695' title='bbox 1370 5296 1533 5348; x_wconf 86' lang='lat' dir='ltr'><strong>etiam</strong></span> <span class='ocrx_word' id='word_1_696' title='bbox 1569 5296 2089 5349; x_wconf 89' lang='lat' dir='ltr'><strong>mediocresintrare</strong></span> 
     </span>
    </p>
   </div>
   <div class='ocr_carea' id='block_1_96' title="bbox 520 5362 2089 5426">
    <p class='ocr_par' dir='ltr' id='par_1_96' title="bbox 520 5362 2089 5426">
     <span class='ocr_line' id='line_1_97' title="bbox 520 5362 2089 5426; baseline -0.001 -7"><span class='ocrx_word' id='word_1_697' title='bbox 520 5366 719 5421; x_wconf 80' lang='lat' dir='ltr'><strong>solent.</strong></span> <span class='ocrx_word' id='word_1_698' title='bbox 754 5362 927 5418; x_wconf 79' lang='lat' dir='ltr'><strong>Locus</strong></span> <span class='ocrx_word' id='word_1_699' title='bbox 948 5381 1076 5418; x_wconf 90' lang='lat' dir='ltr'><strong>vero</strong></span> <span class='ocrx_word' id='word_1_700' title='bbox 1112 5362 1248 5419; x_wconf 78' lang='lat' dir='ltr'><strong>Fose</strong></span> <span class='ocrx_word' id='word_1_701' title='bbox 1281 5366 1480 5426; x_wconf 84' lang='lat' dir='ltr'><strong>dictus,</strong></span> <span class='ocrx_word' id='word_1_702' title='bbox 1513 5366 1754 5418; x_wconf 79' lang='lat' dir='ltr'><strong>extendit</strong></span> <span class='ocrx_word' id='word_1_703' title='bbox 1798 5379 1857 5419; x_wconf 89' lang='lat' dir='ltr'><strong>se</strong></span> <span class='ocrx_word' id='word_1_704' title='bbox 1883 5364 1947 5416; x_wconf 93' lang='lat' dir='ltr'><strong>ad</strong></span> <span class='ocrx_word' id='word_1_705' title='bbox 1984 5364 2089 5418; x_wconf 90' lang='lat' dir='ltr'><strong>duo</strong></span> 
     </span>
    </p>
   </div>
   <div class='ocr_carea' id='block_1_97' title="bbox 520 5433 2088 5502">
    <p class='ocr_par' dir='ltr' id='par_1_97' title="bbox 520 5433 2088 5502">
     <span class='ocr_line' id='line_1_98' title="bbox 520 5433 2088 5502; baseline 0 -15"><span class='ocrx_word' id='word_1_706' title='bbox 520 5436 849 5489; x_wconf 80' lang='lat' dir='ltr'><strong>Germanica</strong></span> <span class='ocrx_word' id='word_1_707' title='bbox 894 5436 1143 5489; x_wconf 87' lang='lat' dir='ltr'><strong>milliaria</strong></span> <span class='ocrx_word' id='word_1_708' title='bbox 1180 5438 1356 5500; x_wconf 87' lang='lat' dir='ltr'><strong>quoad</strong></span> <span class='ocrx_word' id='word_1_709' title='bbox 1393 5435 1729 5487; x_wconf 85' lang='lat' dir='ltr'><strong>latitudinem</strong></span> <span class='ocrx_word' id='word_1_710' title='bbox 1761 5444 1813 5487; x_wconf 91' lang='lat' dir='ltr'><strong>et</strong></span> <span class='ocrx_word' id='word_1_711' title='bbox 1856 5433 2088 5502; x_wconf 84' lang='lat' dir='ltr'><strong>longitu-</strong></span> 
     </span>
    </p>
   </div>
   <div class='ocr_carea' id='block_1_98' title="bbox 519 5503 2082 5573">
    <p class='ocr_par' dir='ltr' id='par_1_98' title="bbox 519 5503 2082 5573">
     <span class='ocr_line' id='line_1_99' title="bbox 519 5503 2082 5573; baseline -0.001 -19"><span class='ocrx_word' id='word_1_712' title='bbox 519 5508 730 5566; x_wconf 87' lang='lat' dir='ltr'><strong>dinem,</strong></span> <span class='ocrx_word' id='word_1_713' title='bbox 765 5506 816 5557; x_wconf 94' lang='lat' dir='ltr'><strong>in</strong></span> <span class='ocrx_word' id='word_1_714' title='bbox 843 5520 949 5573; x_wconf 87' lang='lat' dir='ltr'><strong>quo</strong></span> <span class='ocrx_word' id='word_1_715' title='bbox 980 5522 1115 5573; x_wconf 88' lang='lat' dir='ltr'><strong>aqua</strong></span> <span class='ocrx_word' id='word_1_716' title='bbox 1145 5516 1227 5557; x_wconf 88' lang='lat' dir='ltr'><strong>est</strong></span> <span class='ocrx_word' id='word_1_717' title='bbox 1267 5505 1397 5557; x_wconf 87' lang='lat' dir='ltr'><strong>satis</strong></span> <span class='ocrx_word' id='word_1_718' title='bbox 1429 5503 1689 5570; x_wconf 79' lang='lat' dir='ltr'><strong>profunda</strong></span> <span class='ocrx_word' id='word_1_719' title='bbox 1724 5512 1776 5555; x_wconf 88' lang='lat' dir='ltr'><strong>et</strong></span> <span class='ocrx_word' id='word_1_720' title='bbox 1809 5518 1955 5555; x_wconf 86' lang='lat' dir='ltr'><strong>mare</strong></span> <span class='ocrx_word' id='word_1_721' title='bbox 1984 5520 2082 5573; x_wconf 85' lang='grc' dir='ltr'><strong>ιιιι-</strong></span> 
     </span>
    </p>
   </div>
   <div class='ocr_carea' id='block_1_99' title="bbox 520 5572 2084 5642">
    <p class='ocr_par' dir='ltr' id='par_1_99' title="bbox 520 5572 2084 5642">
     <span class='ocr_line' id='line_1_100' title="bbox 520 5572 2084 5642; baseline 0.001 -18"><span class='ocrx_word' id='word_1_722' title='bbox 520 5579 671 5636; x_wconf 79' lang='lat' dir='ltr'><strong>dum,</strong></span> <span class='ocrx_word' id='word_1_723' title='bbox 704 5577 774 5627; x_wconf 92' lang='lat' dir='ltr'><strong>ita</strong></span> <span class='ocrx_word' id='word_1_724' title='bbox 811 5584 869 5628; x_wconf 88' lang='lat' dir='ltr'><strong>ut</strong></span> <span class='ocrx_word' id='word_1_725' title='bbox 899 5572 1053 5628; x_wconf 80' lang='lat' dir='ltr'><strong>facile</strong></span> <span class='ocrx_word' id='word_1_726' title='bbox 1092 5574 1297 5642; x_wconf 86' lang='lat' dir='ltr'><strong>possint</strong></span> <span class='ocrx_word' id='word_1_727' title='bbox 1320 5574 1582 5641; x_wconf 85' lang='lat' dir='ltr'><strong>projicere</strong></span> <span class='ocrx_word' id='word_1_728' title='bbox 1612 5573 1896 5629; x_wconf 85' lang='lat' dir='ltr'><strong>anchoras,</strong></span> <span class='ocrx_word' id='word_1_729' title='bbox 1931 5582 1985 5624; x_wconf 91' lang='lat' dir='ltr'><strong>et</strong></span> <span class='ocrx_word' id='word_1_730' title='bbox 2013 5572 2084 5626; x_wconf 90' lang='lat' dir='ltr'><strong>ibi</strong></span> 
     </span>
    </p>
   </div>
   <div class='ocr_carea' id='block_1_100' title="bbox 521 5644 2086 5709">
    <p class='ocr_par' dir='ltr' id='par_1_100' title="bbox 521 5644 2086 5709">
     <span class='ocr_line' id='line_1_101' title="bbox 521 5644 2086 5709; baseline -0.001 -14"><span class='ocrx_word' id='word_1_731' title='bbox 521 5645 717 5696; x_wconf 85' lang='lat' dir='ltr'><strong>sistere</strong></span> <span class='ocrx_word' id='word_1_732' title='bbox 745 5658 912 5697; x_wconf 89' lang='lat' dir='ltr'><strong>naves</strong></span> <span class='ocrx_word' id='word_1_733' title='bbox 934 5644 1103 5697; x_wconf 91' lang='lat' dir='ltr'><strong>donec</strong></span> <span class='ocrx_word' id='word_1_734' title='bbox 1126 5644 1354 5697; x_wconf 88' lang='lat' dir='ltr'><strong>habeant</strong></span> <span class='ocrx_word' id='word_1_735' title='bbox 1392 5653 1598 5709; x_wconf 88' lang='lat' dir='ltr'><strong>tempus</strong></span> <span class='ocrx_word' id='word_1_736' title='bbox 1633 5644 1970 5694; x_wconf 82' lang='lat' dir='ltr'><strong>commodum</strong></span> <span class='ocrx_word' id='word_1_737' title='bbox 2007 5644 2086 5693; x_wconf 88' lang='lat' dir='ltr'><strong>in-</strong></span> 
     </span>
    </p>
   </div>
   <div class='ocr_carea' id='block_1_101' title="bbox 520 5710 2086 5779">
    <p class='ocr_par' dir='ltr' id='par_1_101' title="bbox 520 5710 2086 5779">
     <span class='ocr_line' id='line_1_102' title="bbox 520 5710 2086 5779; baseline 0.001 -16"><span class='ocrx_word' id='word_1_738' title='bbox 520 5712 698 5763; x_wconf 90' lang='lat' dir='ltr'><strong>trandi</strong></span> <span class='ocrx_word' id='word_1_739' title='bbox 731 5723 785 5765; x_wconf 92' lang='lat' dir='ltr'><strong>et</strong></span> <span class='ocrx_word' id='word_1_740' title='bbox 808 5713 1062 5764; x_wconf 88' lang='lat' dir='ltr'><strong>auxilium</strong></span> <span class='ocrx_word' id='word_1_741' title='bbox 1119 5712 1274 5779; x_wconf 87' lang='lat' dir='ltr'><strong>periti</strong></span> <span class='ocrx_word' id='word_1_742' title='bbox 1326 5713 1563 5765; x_wconf 88' lang='lat' dir='ltr'><strong>ductoris</strong></span> <span class='ocrx_word' id='word_1_743' title='bbox 1589 5750 1605 5772; x_wconf 94' lang='lat'><strong>,</strong></span> <span class='ocrx_word' id='word_1_744' title='bbox 1642 5710 1732 5777; x_wconf 88' lang='lat' dir='ltr'><strong>qui</strong></span> <span class='ocrx_word' id='word_1_745' title='bbox 1770 5725 1932 5764; x_wconf 76' lang='lat' dir='ltr'><strong>naves</strong></span> <span class='ocrx_word' id='word_1_746' title='bbox 1982 5726 2086 5775; x_wconf 81' lang='lat' dir='ltr'><strong>per</strong></span> 
     </span>
    </p>
   </div>
   <div class='ocr_carea' id='block_1_102' title="bbox 522 5779 2085 5847">
    <p class='ocr_par' dir='ltr' id='par_1_102' title="bbox 522 5779 2085 5847">
     <span class='ocr_line' id='line_1_103' title="bbox 522 5779 2085 5847; baseline 0.001 -16"><span class='ocrx_word' id='word_1_747' title='bbox 522 5779 845 5847; x_wconf 78' lang='lat' dir='ltr'><strong>profundum</strong></span> <span class='ocrx_word' id='word_1_748' title='bbox 878 5796 1269 5846; x_wconf 88' lang='lat' dir='ltr'><strong>recurvumqne</strong></span> <span class='ocrx_word' id='word_1_749' title='bbox 1296 5792 1523 5834; x_wconf 85' lang='lat' dir='ltr'><strong>meatum</strong></span> <span class='ocrx_word' id='word_1_750' title='bbox 1562 5783 1626 5832; x_wconf 90' lang='lat' dir='ltr'><strong>ad</strong></span> <span class='ocrx_word' id='word_1_751' title='bbox 1676 5790 1882 5847; x_wconf 86' lang='lat' dir='ltr'><strong>portum</strong></span> <span class='ocrx_word' id='word_1_752' title='bbox 1919 5782 2085 5833; x_wconf 91' lang='lat' dir='ltr'><strong>intro-</strong></span> 
     </span>
    </p>
   </div>
   <div class='ocr_carea' id='block_1_103' title="bbox 522 5850 2085 5922">
    <p class='ocr_par' dir='ltr' id='par_1_103' title="bbox 522 5850 2085 5922">
     <span class='ocr_line' id='line_1_104' title="bbox 522 5850 2085 5922; baseline 0.001 -20"><span class='ocrx_word' id='word_1_753' title='bbox 522 5850 707 5917; x_wconf 82' lang='lat' dir='ltr'><strong>ducat,</strong></span> <span class='ocrx_word' id='word_1_754' title='bbox 741 5864 807 5906; x_wconf 89' lang='lat' dir='ltr'><strong>ne</strong></span> <span class='ocrx_word' id='word_1_755' title='bbox 834 5852 899 5905; x_wconf 91' lang='lat' dir='ltr'><strong>ad</strong></span> <span class='ocrx_word' id='word_1_756' title='bbox 935 5865 1153 5905; x_wconf 84' lang='lat' dir='ltr'><strong>arenam</strong></span> <span class='ocrx_word' id='word_1_757' title='bbox 1182 5851 1532 5920; x_wconf 81' lang='lat' dir='ltr'><strong>impingentes</strong></span> <span class='ocrx_word' id='word_1_758' title='bbox 1559 5865 1723 5922; x_wconf 86' lang='lat' dir='ltr'><strong>prope</strong></span> <span class='ocrx_word' id='word_1_759' title='bbox 1766 5860 1977 5921; x_wconf 85' lang='lat' dir='ltr'><strong>portum</strong></span> <span class='ocrx_word' id='word_1_760' title='bbox 2005 5852 2085 5921; x_wconf 86' lang='lat' dir='ltr'><strong>(ut</strong></span> 
     </span>
    </p>
   </div>
   <div class='ocr_carea' id='block_1_104' title="bbox 2195 4660 3763 4743">
    <p class='ocr_par' dir='ltr' id='par_1_104' title="bbox 2195 4660 3763 4743">
     <span class='ocr_line' id='line_1_105' title="bbox 2195 4660 3763 4743; baseline -0.013 -12"><span class='ocrx_word' id='word_1_761' title='bbox 2195 4689 2392 4743; x_wconf 89' lang='lat' dir='ltr'><strong>corpus</strong></span> <span class='ocrx_word' id='word_1_762' title='bbox 2448 4673 2589 4736; x_wconf 90' lang='lat' dir='ltr'><strong>quod</strong></span> <span class='ocrx_word' id='word_1_763' title='bbox 2645 4671 2752 4725; x_wconf 89' lang='lat' dir='ltr'><strong>vidi</strong></span> <span class='ocrx_word' id='word_1_764' title='bbox 2800 4687 2816 4724; x_wconf 89' lang='lat'><strong>:</strong></span> <span class='ocrx_word' id='word_1_765' title='bbox 2867 4668 3064 4734; x_wconf 79' lang='lat' dir='ltr'><strong>digitus</strong></span> <span class='ocrx_word' id='word_1_766' title='bbox 3112 4674 3291 4718; x_wconf 89' lang='lat' dir='ltr'><strong>autem</strong></span> <span class='ocrx_word' id='word_1_767' title='bbox 3342 4661 3435 4731; x_wconf 92' lang='lat' dir='ltr'><strong>qui</strong></span> <span class='ocrx_word' id='word_1_768' title='bbox 3472 4660 3560 4714; x_wconf 90' lang='lat' dir='ltr'><strong>hic</strong></span> <span class='ocrx_word' id='word_1_769' title='bbox 3591 4660 3763 4721; x_wconf 86' lang='lat' dir='ltr'><strong>deest,</strong></span> 
     </span>
    </p>
   </div>
   <div class='ocr_carea' id='block_1_105' title="bbox 2197 4746 3769 4830">
    <p class='ocr_par' dir='ltr' id='par_1_105' title="bbox 2197 4746 3769 4830">
     <span class='ocr_line' id='line_1_106' title="bbox 2197 4746 3769 4830; baseline -0.011 -9"><span class='ocrx_word' id='word_1_770' title='bbox 2197 4776 2445 4821; x_wconf 87' lang='lat' dir='ltr'><strong>servatur</strong></span> <span class='ocrx_word' id='word_1_771' title='bbox 2496 4764 2564 4816; x_wconf 90' lang='lat' dir='ltr'><strong>ab</strong></span> <span class='ocrx_word' id='word_1_772' title='bbox 2617 4762 2837 4830; x_wconf 84' lang='lat' dir='ltr'><strong>antiquo</strong></span> <span class='ocrx_word' id='word_1_773' title='bbox 2883 4759 2935 4812; x_wconf 91' lang='lat' dir='ltr'><strong>in</strong></span> <span class='ocrx_word' id='word_1_774' title='bbox 2965 4755 3192 4811; x_wconf 86' lang='lat' dir='ltr'><strong>ecclesia</strong></span> <span class='ocrx_word' id='word_1_775' title='bbox 3245 4751 3304 4808; x_wconf 86' lang='lat' dir='ltr'><strong>S.</strong></span> <span class='ocrx_word' id='word_1_776' title='bbox 3332 4750 3616 4805; x_wconf 89' lang='lat' dir='ltr'><strong>Laurentii</strong></span> <span class='ocrx_word' id='word_1_777' title='bbox 3665 4746 3769 4803; x_wconf 83' lang='lat' dir='ltr'><strong>Ve-</strong></span> 
     </span>
    </p>
   </div>
   <div class='ocr_carea' id='block_1_106' title="bbox 2195 4858 2494 4925">
    <p class='ocr_par' dir='ltr' id='par_1_106' title="bbox 2195 4858 2494 4925">
     <span class='ocr_line' id='line_1_107' title="bbox 2195 4858 2494 4925; baseline -0.017 -12"><span class='ocrx_word' id='word_1_778' title='bbox 2195 4858 2353 4913; x_wconf 84' lang='lat' dir='ltr'><strong>netiis</strong></span> <span class='ocrx_word' id='word_1_779' title='bbox 2401 4858 2494 4925; x_wconf 86' lang='lat' dir='ltr'><strong>(c).</strong></span> 
     </span>
    </p>
   </div>
   <div class='ocr_carea' id='block_1_107' title="bbox 2192 5065 3765 5149">
    <p class='ocr_par' dir='ltr' id='par_1_107' title="bbox 2192 5065 3765 5149">
     <span class='ocr_line' id='line_1_108' title="bbox 2192 5065 3765 5149; baseline -0.012 -14"><span class='ocrx_word' id='word_1_780' title='bbox 2192 5076 2680 5149; x_wconf 62' lang='lat' dir='ltr'><strong>praeﬁdentiorilms</strong></span> <span class='ocrx_word' id='word_1_781' title='bbox 2707 5071 2840 5128; x_wconf 88' lang='lat' dir='ltr'><strong>solet</strong></span> <span class='ocrx_word' id='word_1_782' title='bbox 2865 5084 3246 5139; x_wconf 81' lang='lat' dir='ltr'><strong>nonnunquam</strong></span> <span class='ocrx_word' id='word_1_783' title='bbox 3279 5065 3617 5137; x_wconf 84' lang='lat' dir='ltr'><strong>contingere)</strong></span> <span class='ocrx_word' id='word_1_784' title='bbox 3638 5079 3765 5119; x_wconf 82' lang='lat' dir='ltr'><strong>nau-</strong></span> 
     </span>
    </p>
   </div>
   <div class='ocr_carea' id='block_1_108' title="bbox 2191 5148 2737 5219">
    <p class='ocr_par' dir='ltr' id='par_1_108' title="bbox 2191 5148 2737 5219">
     <span class='ocr_line' id='line_1_109' title="bbox 2191 5148 2737 5219; baseline -0.011 -15"><span class='ocrx_word' id='word_1_785' title='bbox 2191 5148 2421 5219; x_wconf 84' lang='lat' dir='ltr'><strong>l&#39;ragium</strong></span> <span class='ocrx_word' id='word_1_786' title='bbox 2459 5148 2676 5219; x_wconf 81' lang='lat' dir='ltr'><strong>faciant.</strong></span> <span class='ocrx_word' id='word_1_787' title='bbox 2718 5165 2737 5198; x_wconf 76' lang='grc' dir='ltr'><strong>ι</strong></span> 
     </span>
    </p>
   </div>
   <div class='ocr_carea' id='block_1_109' title="bbox 2261 5204 3765 5291">
    <p class='ocr_par' dir='ltr' id='par_1_109' title="bbox 2261 5204 3765 5291">
     <span class='ocr_line' id='line_1_110' title="bbox 2261 5204 3765 5291; baseline -0.01 -19"><span class='ocrx_word' id='word_1_788' title='bbox 2261 5204 2337 5291; x_wconf 69' lang='lat' dir='ltr'><strong>(ii)</strong></span> <span class='ocrx_word' id='word_1_789' title='bbox 2388 5218 2703 5271; x_wconf 84' lang='lat' dir='ltr'><strong>Onerariam</strong></span> <span class='ocrx_word' id='word_1_790' title='bbox 2739 5219 2901 5273; x_wconf 89' lang='lat' dir='ltr'><strong>etiam</strong></span> <span class='ocrx_word' id='word_1_791' title='bbox 2950 5210 3116 5266; x_wconf 89' lang='lat' dir='ltr'><strong>vertit</strong></span> <span class='ocrx_word' id='word_1_792' title='bbox 3167 5207 3526 5271; x_wconf 86' lang='lat' dir='ltr'><strong>llermclaus,</strong></span> <span class='ocrx_word' id='word_1_793' title='bbox 3580 5204 3765 5259; x_wconf 86' lang='lat' dir='ltr'><strong>Italice</strong></span> 
     </span>
    </p>
   </div>
   <div class='ocr_carea' id='block_1_110' title="bbox 2223 5302 2356 5345">
    <p class='ocr_par' dir='ltr' id='par_1_110' title="bbox 2223 5302 2356 5345">
     <span class='ocr_line' id='line_1_111' title="bbox 2223 5302 2356 5345; baseline -0.023 0"><span class='ocrx_word' id='word_1_794' title='bbox 2223 5302 2356 5345; x_wconf 85' lang='lat' dir='ltr'><strong>eota.</strong></span> 
     </span>
    </p>
   </div>
   <div class='ocr_carea' id='block_1_111' title="bbox 2187 5310 3764 5426">
    <p class='ocr_par' dir='ltr' id='par_1_111' title="bbox 2187 5310 3764 5426">
     <span class='ocr_line' id='line_1_112' title="bbox 2187 5310 3761 5362; baseline -0.024 -16"><span class='ocrx_word' id='word_1_795' title='bbox 2187 5310 2356 5362; x_wconf 74' lang='lat' dir='ltr'><strong>pcata.</strong></span> <span class='ocrx_word' id='word_1_796' title='bbox 3750 5342 3761 5353; x_wconf 43' lang='lat'><strong>.</strong></span> 
     </span>
     <span class='ocr_line' id='line_1_113' title="bbox 2261 5344 3764 5426; baseline -0.011 -15"><span class='ocrx_word' id='word_1_797' title='bbox 2261 5359 2337 5426; x_wconf 75' lang='grc' dir='ltr'><strong>(ὁ)</strong></span> <span class='ocrx_word' id='word_1_798' title='bbox 2397 5355 2600 5424; x_wconf 81' lang='lat' dir='ltr'><strong>Exigua</strong></span> <span class='ocrx_word' id='word_1_799' title='bbox 2649 5357 2863 5415; x_wconf 86' lang='lat' dir='ltr'><strong>insula,</strong></span> <span class='ocrx_word' id='word_1_800' title='bbox 2927 5353 3036 5426; x_wconf 68' lang='lat' dir='ltr'><strong>ubi</strong></span> <span class='ocrx_word' id='word_1_801' title='bbox 3067 5350 3237 5419; x_wconf 84' lang='lat' dir='ltr'><strong>prima</strong></span> <span class='ocrx_word' id='word_1_802' title='bbox 3288 5345 3475 5426; x_wconf 81' lang='lat' dir='ltr'><strong>Veneti</strong></span> <span class='ocrx_word' id='word_1_803' title='bbox 3526 5344 3764 5426; x_wconf 77' lang='lat' dir='ltr'><strong>episcopi</strong></span> 
     </span>
    </p>
   </div>
   <div class='ocr_carea' id='block_1_112' title="bbox 2191 5416 3764 5490">
    <p class='ocr_par' dir='ltr' id='par_1_112' title="bbox 2191 5416 3764 5490">
     <span class='ocr_line' id='line_1_114' title="bbox 2191 5416 3764 5490; baseline -0.011 -6"><span class='ocrx_word' id='word_1_804' title='bbox 2191 5416 2350 5484; x_wconf 78' lang='lat' dir='ltr'><strong>sedes</strong></span> <span class='ocrx_word' id='word_1_805' title='bbox 2391 5416 2529 5490; x_wconf 58' lang='lat' dir='ltr'><strong>fuit:</strong></span> <span class='ocrx_word' id='word_1_806' title='bbox 2568 5428 2708 5481; x_wconf 90' lang='lat' dir='ltr'><strong>unde</strong></span> <span class='ocrx_word' id='word_1_807' title='bbox 2740 5437 2791 5477; x_wconf 84' lang='lat' dir='ltr'><strong>et</strong></span> <span class='ocrx_word' id='word_1_808' title='bbox 2839 5416 3294 5490; x_wconf 57' lang='lat' dir='ltr'><strong>Castella&#39;nenses</strong></span> <span class='ocrx_word' id='word_1_809' title='bbox 3325 5416 3567 5490; x_wconf 73' lang='lat' dir='ltr'><strong>episcopi</strong></span> <span class='ocrx_word' id='word_1_810' title='bbox 3613 5416 3764 5490; x_wconf 81' lang='lat' dir='ltr'><strong>dice-</strong></span> 
     </span>
    </p>
   </div>
   <div class='ocr_carea' id='block_1_113' title="bbox 2196 5486 3760 5563">
    <p class='ocr_par' dir='ltr' id='par_1_113' title="bbox 2196 5486 3760 5563">
     <span class='ocr_line' id='line_1_115' title="bbox 2196 5486 3760 5563; baseline -0.012 -10"><span class='ocrx_word' id='word_1_811' title='bbox 2196 5504 2423 5558; x_wconf 69' lang='lat' dir='ltr'><strong>bantur,</strong></span> <span class='ocrx_word' id='word_1_812' title='bbox 2475 5486 2667 5563; x_wconf 81' lang='lat' dir='ltr'><strong>estque</strong></span> <span class='ocrx_word' id='word_1_813' title='bbox 2700 5495 2909 5548; x_wconf 89' lang='lat' dir='ltr'><strong>civitati</strong></span> <span class='ocrx_word' id='word_1_814' title='bbox 2939 5507 3002 5544; x_wconf 83' lang='lat' dir='ltr'><strong>ex</strong></span> <span class='ocrx_word' id='word_1_815' title='bbox 3039 5497 3187 5563; x_wconf 84' lang='lat' dir='ltr'><strong>parte</strong></span> <span class='ocrx_word' id='word_1_816' title='bbox 3220 5487 3466 5563; x_wconf 57' lang='lat' dir='ltr'><strong>urit-Mali</strong></span> <span class='ocrx_word' id='word_1_817' title='bbox 3513 5486 3717 5563; x_wconf 73' lang='lat' dir='ltr'><strong>etttima</strong></span> <span class='ocrx_word' id='word_1_818' title='bbox 3744 5525 3760 5545; x_wconf 86' lang='lat'><strong>,</strong></span> 
     </span>
    </p>
   </div>
   <div class='ocr_carea' id='block_1_114' title="bbox 2192 5554 3764 5638">
    <p class='ocr_par' dir='ltr' id='par_1_114' title="bbox 2192 5554 3764 5638">
     <span class='ocr_line' id='line_1_116' title="bbox 2192 5554 3764 5638; baseline -0.01 -15"><span class='ocrx_word' id='word_1_819' title='bbox 2192 5572 2350 5638; x_wconf 79' lang='lat' dir='ltr'><strong>eique</strong></span> <span class='ocrx_word' id='word_1_820' title='bbox 2390 5554 2485 5636; x_wconf 73' lang='lat' dir='ltr'><strong>per</strong></span> <span class='ocrx_word' id='word_1_821' title='bbox 2516 5554 2733 5631; x_wconf 50' lang='lat' dir='ltr'><strong>po-nt-stu</strong></span> <span class='ocrx_word' id='word_1_822' title='bbox 2766 5578 3012 5618; x_wconf 88' lang='lat' dir='ltr'><strong>connexa</strong></span> <span class='ocrx_word' id='word_1_823' title='bbox 3038 5554 3213 5627; x_wconf 80' lang='lat' dir='ltr'><strong>ipsum</strong></span> <span class='ocrx_word' id='word_1_824' title='bbox 3244 5556 3465 5612; x_wconf 80' lang='lat' dir='ltr'><strong>Portum</strong></span> <span class='ocrx_word' id='word_1_825' title='bbox 3511 5554 3764 5625; x_wconf 75' lang='lat' dir='ltr'><strong>proxime</strong></span> 
     </span>
    </p>
   </div>
   <div class='ocr_carea' id='block_1_115' title="bbox 2190 5638 2541 5709">
    <p class='ocr_par' dir='ltr' id='par_1_115' title="bbox 2190 5638 2541 5709">
     <span class='ocr_line' id='line_1_117' title="bbox 2190 5638 2541 5709; baseline -0.009 -19"><span class='ocrx_word' id='word_1_826' title='bbox 2190 5638 2541 5709; x_wconf 61' lang='lat' dir='ltr'><strong>prospiciens.</strong></span> 
     </span>
    </p>
   </div>
   <div class='ocr_carea' id='block_1_116' title="bbox 2261 5695 3763 5773">
    <p class='ocr_par' dir='ltr' id='par_1_116' title="bbox 2261 5695 3763 5773">
     <span class='ocr_line' id='line_1_118' title="bbox 2261 5695 3763 5773; baseline -0.009 -14"><span class='ocrx_word' id='word_1_827' title='bbox 2261 5695 2331 5773; x_wconf 60' lang='grc' dir='ltr'><strong>(εδ</strong></span> <span class='ocrx_word' id='word_1_828' title='bbox 2362 5704 2865 5759; x_wconf 82' lang='lat' dir='ltr'><strong>Sam-.timonialiutn</strong></span> <span class='ocrx_word' id='word_1_829' title='bbox 2898 5702 3008 5773; x_wconf 76' lang='lat' dir='ltr'><strong>lucc</strong></span> <span class='ocrx_word' id='word_1_830' title='bbox 3053 5707 3135 5773; x_wconf 83' lang='lat' dir='ltr'><strong>est</strong></span> <span class='ocrx_word' id='word_1_831' title='bbox 3173 5696 3450 5773; x_wconf 61' lang='lat' dir='ltr'><strong>ecclesia,</strong></span> <span class='ocrx_word' id='word_1_832' title='bbox 3486 5696 3533 5748; x_wconf 89' lang='lat' dir='ltr'><strong>ei</strong></span> <span class='ocrx_word' id='word_1_833' title='bbox 3565 5695 3617 5747; x_wconf 91' lang='lat' dir='ltr'><strong>in</strong></span> <span class='ocrx_word' id='word_1_834' title='bbox 3654 5707 3763 5773; x_wconf 82' lang='lat' dir='ltr'><strong>qua</strong></span> 
     </span>
    </p>
   </div>
   <div class='ocr_carea' id='block_1_117' title="bbox 2192 5767 3762 5836">
    <p class='ocr_par' dir='ltr' id='par_1_117' title="bbox 2192 5767 3762 5836">
     <span class='ocr_line' id='line_1_119' title="bbox 2192 5767 3762 5836; baseline -0.008 -4"><span class='ocrx_word' id='word_1_835' title='bbox 2192 5767 2444 5831; x_wconf 26' lang='lat' dir='ltr'><strong>SCltlarci</strong></span> <span class='ocrx_word' id='word_1_836' title='bbox 2498 5776 2716 5827; x_wconf 82' lang='lat' dir='ltr'><strong>basilica</strong></span> <span class='ocrx_word' id='word_1_837' title='bbox 2756 5784 2837 5827; x_wconf 88' lang='lat' dir='ltr'><strong>est</strong></span> <span class='ocrx_word' id='word_1_838' title='bbox 2873 5770 3055 5824; x_wconf 77' lang='lat' dir='ltr'><strong>insula:</strong></span> <span class='ocrx_word' id='word_1_839' title='bbox 3083 5768 3334 5836; x_wconf 78' lang='lat' dir='ltr'><strong>vicinior,</strong></span> <span class='ocrx_word' id='word_1_840' title='bbox 3368 5768 3419 5821; x_wconf 89' lang='lat' dir='ltr'><strong>in</strong></span> <span class='ocrx_word' id='word_1_841' title='bbox 3450 5782 3556 5836; x_wconf 82' lang='lat' dir='ltr'><strong>qua</strong></span> <span class='ocrx_word' id='word_1_842' title='bbox 3592 5767 3762 5819; x_wconf 80' lang='lat' dir='ltr'><strong>etiam</strong></span> 
     </span>
    </p>
   </div>
   <div class='ocr_carea' id='block_1_118' title="bbox 2192 5841 3224 5914">
    <p class='ocr_par' dir='ltr' id='par_1_118' title="bbox 2192 5841 3224 5914">
     <span class='ocr_line' id='line_1_120' title="bbox 2192 5841 3224 5914; baseline -0.015 -9"><span class='ocrx_word' id='word_1_843' title='bbox 2192 5862 2273 5905; x_wconf 83' lang='lat' dir='ltr'><strong>est</strong></span> <span class='ocrx_word' id='word_1_844' title='bbox 2302 5846 2525 5904; x_wconf 80' lang='lat' dir='ltr'><strong>ecclesia</strong></span> <span class='ocrx_word' id='word_1_845' title='bbox 2553 5844 2610 5900; x_wconf 79' lang='lat' dir='ltr'><strong>S.</strong></span> <span class='ocrx_word' id='word_1_846' title='bbox 2645 5844 2855 5914; x_wconf 78' lang='lat' dir='ltr'><strong>Georgii</strong></span> <span class='ocrx_word' id='word_1_847' title='bbox 2887 5841 3224 5897; x_wconf 68' lang='lat' dir='ltr'><strong>Graecm&#39;um.</strong></span> 
     </span>
    </p>
   </div>
  </div>
