4010 6534
1377 455 1464 509 DE
1497 455 1728 513 CULTU
1770 456 1827 511 S.
1876 453 2275 513 ATHANASIE.

3248 479 3444 519 εειιιε

268 583 289 620 ι
318 566 560 622 Maxima
605 579 886 638 praeterea
920 579 973 626 et
997 571 1341 628 exactissima
1376 572 1647 643 diligentia
1681 589 1780 628 no-
1808 578 1855 634 Α
1888 572 2007 635 bus,
2061 587 2123 625 ac
2184 574 2414 640 demque
2477 574 2859 632 serenissimus
2907 578 3155 647 princeps
3203 587 3274 650 (ε)
3319 599 3445 635 cum

205 661 291 717 atri
318 663 786 717 reverendissimi
834 664 1035 718 domini
1090 662 1413 733 patriarcha:
1455 672 1632 718 actum
1671 674 1775 729 est,

210 763 259 808 ut
296 753 446 821 plura
491 753 605 805 alia
660 754 918 809 veritatis
965 754 1236 824 praedictae
1283 763 1599 824 argumenta
1630 755 1779 810 clara

212 846 549 909 haberentur,
585 861 618 899 a
653 846 746 900 die
780 848 988 902 decima
1043 847 1116 917 (a)
1161 846 1383 915 Aprilis,
1419 861 1589 916 usque
1617 847 1692 918 (b)
1721 848 1775 902 in

216 939 337 991 diem
364 937 718 991 undecimam
757 938 884 993 Maii
913 953 929 991 :
979 948 1185 1007 tempus
1215 939 1357 992 enim
1393 937 1776 993 intermedium

216 1040 363 1083 tutum
418 1024 683 1083 exactum
735 1040 821 1085 est
874 1031 1266 1100 interrogandis
1313 1039 1368 1084 et
1416 1029 1777 1087 diversimode

213 1112 595 1184 examinandis,
647 1131 760 1175 tam
802 1122 921 1191 ipso
954 1138 1220 1194 naupego,
1271 1123 1361 1189 qui
1397 1138 1591 1192 corpus
1626 1138 1655 1177 a
1685 1139 1776 1179 ca-

215 1210 334 1281 pella
369 1208 427 1264 S.
472 1211 773 1264 Athanasii
814 1210 1096 1267 sustulisse
1143 1227 1201 1267 se
1240 1210 1564 1273 alﬁrmahat.
1611 1229 1774 1281 quam

217 1301 479 1355 navarcho
512 1315 611 1355 seu
636 1312 869 1371 patrono
893 1302 1057 1372 ipsius
1089 1304 1259 1369 navis,
1290 1305 1647 1375 omnibusque
1679 1305 1772 1372 iis,

211 1408 237 1447 a
264 1394 454 1462 quibus
483 1394 751 1449 indicium
780 1395 999 1465 aliquod
1043 1395 1127 1451 vel
1170 1397 1553 1452 documentum
1585 1398 1770 1453 haberi

208 1484 334 1538 circa
367 1498 483 1539 rem
514 1484 680 1539 istam
707 1498 913 1555 posset,
944 1488 1010 1541 ad
1044 1496 1194 1541 certo
1226 1486 1566 1557 dilucideque
1595 1489 1775 1544 scien-

208 1575 317 1626 dum
367 1573 547 1640 ipsum
598 1589 721 1630 esse
756 1589 947 1630 verum
988 1590 1184 1645 corpus
1219 1575 1278 1631 8.
1308 1578 1615 1637 Athanasii.
1664 1578 1773 1633 Ha-

206 1662 302 1719 bita
326 1663 492 1734 igitur
536 1674 646 1719 tam
697 1665 860 1736 plena
903 1668 1250 1734 certitudine,
1288 1685 1482 1740 magno
1512 1686 1633 1726 cum
1660 1670 1769 1727 fer-

205 1772 317 1810 vore
344 1757 625 1811 convertit
668 1773 729 1813 se
757 1774 855 1813 sua
889 1760 1338 1815 reverendissima
1376 1762 1673 1818 dominatio
1700 1763 1768 1819 ad

205 1847 572 1904 honorandum
603 1857 714 1903 tam
739 1864 955 1905 sacrum
988 1851 1216 1921 pignus;
1255 1866 1430 1921 neque
1455 1855 1763 1921 patriarcha

1880 676 1980 715 suo
2013 662 2344 717 nobilissimo
2366 666 2820 735 ornatissitnoqtte
2859 680 3072 733 senatu,
3102 670 3170 724 ad
3204 673 3443 727 debitam

1880 754 2238 807 reverentiam
2262 766 2452 809 sancto
2474 758 2687 826 corpori
2728 759 3114 815 exhibendam.

1954 864 1974 897 ‹
2012 846 2205 900 Verum
2252 846 2339 901 ubi
2389 848 2502 902 haec
2550 848 2983 917 splendidissima
3040 867 3230 921 pompa
3273 854 3341 925 (Γ)
3378 860 3445 908 ad

1892 949 2075 989 aream
2125 936 2183 989 8.
2239 936 2401 990 Marci
2438 939 2662 1008 appulit,
2709 941 3080 997 vehementior
3110 946 3244 998 tnari
3285 946 3441 1000 incu-

1877 1025 1991 1080 buit
2037 1038 2245 1090 ventus,
2300 1044 2458 1093 quam
2502 1031 2836 1098 processioni
2884 1033 3133 1088 ordinate
3179 1034 3442 1089 facienda:

1876 1117 2168 1171 convenire
2194 1118 2478 1172 videbatur
2511 1135 2604 1188 per
2632 1135 2804 1189 aquas
2837 1123 2918 1178 sic
2950 1125 3211 1181 turbatas.
3246 1122 3439 1181 Proce-

1875 1204 2105 1259 deudum
2158 1207 2506 1263 nihilominus
2558 1212 2768 1266 censuit
2830 1216 3282 1276 reverendissima,
3338 1233 3436 1271 sua

1876 1296 2196 1361 dominatio,
2223 1299 2499 1354 confidens
2527 1301 2579 1354 in
2618 1304 2845 1360 Domino
2888 1316 2944 1361 et
2981 1320 3135 1361 servo
3160 1309 3292 1377 ejus.
3328 1308 3437 1362 lta-

1875 1403 1980 1459 que
2033 1390 2326 1459 procedere
2376 1402 2655 1460 cmperunt
2684 1396 2911 1463 primum
2957 1407 3189 1466 quatuor
3215 1398 3436 1465 schola),

1873 1489 1985 1535 tum
2050 1480 2306 1551 religiosi,
2342 1481 2540 1538 deinde
2588 1488 3050 1556 congregatioues,
3086 1503 3150 1543 ac
3205 1489 3437 1560 denique

1873 1571 2170 1640 capitulum
2195 1571 2254 1629 8.
2285 1572 2450 1627 Marci
2482 1588 2605 1630 cum
2650 1574 3015 1632 illustrissimo
3045 1590 3255 1636 senatu.
3301 1581 3432 1647 Qui-

1872 1661 1972 1716 bus
2018 1663 2450 1732 procedentibus,
2500 1663 2665 1732 jussit
2734 1669 3040 1735 patriarcha
3089 1679 3147 1723 ut
3195 1670 3430 1738 episcopi

1870 1765 1996 1808 octo
2027 1755 2411 1822 pontificaliter
2442 1758 2621 1811 vestiti
2655 1768 2819 1828 atque
2850 1761 3051 1814 mitrati
3101 1760 3432 1828 subiicerent

1872 1842 2126 1897 humeros
2155 1859 2310 1899 sacro
2343 1845 2563 1911 feretro,
2597 1848 2919 1903 collocando
2952 1866 3114 1919 supra
3166 1852 3430 1906 contabu-

202 1949 415 2004 lanmm,
444 1940 543 1995 sed
573 1951 630 1996 ει
663 1941 820 1996 mum
856 1942 945 1996 alii
971 1919 1206 2012 έρῖεεορί
1249 1959 1313 1998 ac
1343 1919 1574 2013 ρι-ωῇυιί,
1617 1946 1762 2016 ipse.
1796 1919 1837 1974 Β
1868 1934 2119 1988 lationem
2153 1937 2465 2004 praedictam
2495 1937 2614 1993 loco
2632 1940 2845 1995 excelso
2874 1950 2927 1995 et
2955 1941 3240 2007 cntinenti,
3274 1953 3432 2011 prout

198 2045 289 2099 que
330 2030 744 2086 illustrissimus
780 2043 1004 2087 senatus
1034 2030 1269 2088 Venetus
1312 2049 1433 2089 cum
1473 2038 1618 2091 omni
1664 2053 1761 2106 po—

193 2121 326 2188 pulo,
354 2134 765 2181 consenserunt
790 2128 859 2181 ad
891 2128 1289 2194 celebrandam,
1322 2145 1484 2200 quam
1528 2134 1759 2187 maxima

191 2214 293 2269 ﬁeri
334 2226 525 2285 posset
566 2227 622 2272 et
670 2220 1033 2275 conveniebat
1085 2236 1297 2292 pompa,
1351 2223 1757 2279 translationem

189 2305 562 2373 gloriosissimi
598 2310 759 2364 istius
790 2312 991 2376 sancti,
1017 2328 1175 2382 quem
1208 2312 1349 2368 Deus
1372 2314 1504 2384 ipse,
1534 2331 1629 2385 per
1651 2327 1758 2371 tam

189 2397 482 2453 evidentem
560 2402 1089 2457 demonstrationem
1168 2404 1438 2474 veritatis,
1498 2408 1754 2479 singulari

189 2499 392 2553 prorsus
422 2489 644 2544 honore
675 2490 899 2560 dignum
929 2493 1278 2563 significarat.

255 2595 271 2628 ι
304 2577 503 2633 Parata
566 2589 700 2634 sunt
751 2592 936 2636 autem
986 2585 1166 2638 omnia
1220 2586 1324 2640 huc
1371 2588 1665 2655 spectantia
1704 2588 1755 2642 in
1813 2564 1843 2634 ῗτῖ

186 2666 508 2723 Dominicam
545 2669 692 2724 infra
719 2682 969 2727 octavam
992 2674 1341 2729 Ascensionis
1365 2676 1751 2730 sanctissimae:

188 2761 380 2829 quando
409 2763 517 2816 sub
556 2776 819 2817 auroram
858 2764 1004 2820 misit
1028 2766 1324 2821 dominatio
1369 2782 1464 2822 sua
1514 2782 1757 2822 reveren-

190 2849 408 2914 dissima,
445 2853 545 2921 qui
597 2863 854 2907 sanctqu
903 2869 1099 2925 corpus
1130 2866 1341 2911 secreto
1373 2856 1753 2922 transferrent,

194 2955 219 2994 a
242 2943 429 2997 Sancta
458 2945 648 3000 Cruce
679 2945 734 2999 in
761 2944 1010 3010 Iudaica,
1039 2947 1103 3000 ad
1128 2946 1416 3001 ecclesiam
1441 2946 1499 3000 8.
1539 2947 1702 3000 Marci
1738 2969 1749 3001 :

188 3034 264 3087 ubi
302 3037 477 3090 debita
518 3052 652 3091 cum
687 3038 976 3093 devotione
1014 3048 1067 3093 et
1096 3039 1400 3094 reverentia
1433 3039 1750 3094 collocatum

189 3121 272 3177 fuit
294 3140 451 3195 supra
486 3141 649 3179 aram
679 3125 1005 3197 principem,
1038 3129 1231 3198 pannis
1264 3128 1443 3184 aureis
1472 3129 1754 3199 pretiosis-

191 3212 304 3267 sime
329 3215 891 3286 splendidissimeque
942 3218 1214 3271 vestitam.
1248 3217 1617 3287 Praeparatqu
1663 3219 1748 3272 iu-

188 3305 532 3371 superfuerat
573 3322 645 3361 ex
679 3307 935 3363 maximis
970 3309 1218 3376 navibus,
1251 3310 1392 3363 inter
1427 3325 1547 3365 sese
1579 3310 1750 3364 [irini-

189 3398 257 3442 ter
282 3394 667 3448 concatenatis
694 3395 1188 3465 contahttlatisqne,
1214 3412 1402 3468 pegma
1425 3400 1746 3467 spatiosum,

190 3480 489 3537 instructum
520 3485 814 3550 sedilibus,
860 3488 1157 3556 pannisque
1192 3489 1383 3543 sericis
1429 3490 1631 3544 diversi
1664 3505 1754 3544 co-

191 3569 299 3627 luris
327 3576 624 3646 aureisque
655 3577 1059 3645 speciosissime
1082 3581 1431 3647 adornatum,
1467 3591 1526 3636 ut
1554 3582 1753 3651 grauis-

194 3662 358 3718 simum
408 3668 666 3721 cominus
728 3668 1048 3738 eminusque
1090 3670 1425 3727 intuentibus
1484 3675 1754 3744 praeberet

202 3758 565 3821 spectaculum.
599 3757 945 3827 Competenti
989 3771 1167 3815 autem
1202 3763 1334 3817 hora
1383 3776 1754 3820 convenerunt

200 3849 671 3904 rererendissimus
699 3849 952 3905 dominus
981 3853 1288 3920 patriarcha
1346 3868 1467 3909 cum
1497 3861 1611 3910 suis
1644 3855 1754 3909 suf-

200 3931 435 4004 iraganeis
477 3941 576 4009 (c),
615 3949 671 3994 et
715 3940 781 3997 ι).
832 3941 1116 4012 episc0ptts
1166 3944 1456 4001 Patavinns
1497 3945 1576 4018 (d)
1630 3961 1751 4000 cum

199 4024 298 4080 aliis
332 4031 599 4099 episcopis
649 4042 704 4086 et
753 4032 1011 4101 prmlatis,
1041 4037 1128 4103 qui
1171 4045 1296 4091 tunc
1331 4034 1565 4092 V'enetiis
1603 4037 1754 4090 inve-

207 4114 465 4173 uiebantur
493 4121 815 4189 quindecim
851 4133 943 4177 aut
980 4127 1235 4191 sedecim,
1283 4128 1485 4183 mitrati
1521 4144 1750 4185 omnes:

203 4206 307 4261 item
360 4224 572 4269 cuncta:
619 4215 987 4271 sacerdotales
1026 4222 1473 4289 congregatioues
1520 4236 1753 4276 numero

202 4313 389 4366 novem,
420 4306 715 4374 cunctique
775 4307 1011 4375 religiosi
1048 4324 1168 4362 cum
1204 4310 1318 4364 suis
1357 4312 1610 4382 Capitulis
1660 4326 1751 4366 so-

199 4388 422 4451 lemuiter
450 4401 753 4468 apparatis,
782 4399 920 4453 intra
947 4416 1073 4455 suas
1103 4402 1300 4471 quique
1328 4404 1518 4471 planas
1556 4420 1745 4459 naves.

200 4479 316 4539 Tum
353 4499 584 4558 quatuor
621 4490 861 4560 majores
912 4492 1110 4547 scholae
1153 4508 1276 4548 cum
1318 4495 1431 4549 suis
1466 4494 1749 4549 luminari-

1866 2025 2089 2091 factunt,
2142 2027 2452 2091 sedentibus
2512 2032 2934 2101 circumquaque
2984 2036 3433 2091 reverendissinto

1866 2119 2178 2187 patriarcha
2214 2135 2334 2174 cum
2364 2121 2633 2192 episcopis
2666 2132 2719 2176 et
2750 2124 3004 2190 praelatis,
3054 2127 3428 2181 serenissima-

1866 2226 1971 2279 que
2001 2212 2246 2281 principe
2295 2223 2348 2267 et
2380 2216 2723 2268 senatoribus
2750 2217 2886 2285 ejus.
2944 2216 3147 2282 Quibus
3176 2218 3428 2273 omnibus

1864 2306 1917 2361 in
1963 2307 2229 2362 destinata
2280 2306 2382 2363 sibi
2420 2310 2607 2363 sedilia
2664 2310 2932 2380 receptis,
2985 2312 3162 2379 posuit
3208 2322 3426 2376 ventus,

1863 2399 2175 2467 conquievit
2212 2414 2386 2467 mare,
2423 2411 2477 2455 et
2519 2400 2658 2455 facta
2692 2410 2775 2456 est
2821 2402 3183 2472 tranquillitas
3230 2417 3425 2473 magna

1813 2548 1820 2556 _
1860 2497 1916 2542 et
1948 2490 2305 2545 admirabilis.

1935 2598 1954 2630 ι
1989 2581 2042 2634 lu
2079 2582 2219 2635 hunc
2254 2582 2470 2636 modum
2497 2582 2793 2637 discessum
2839 2598 2867 2636 a
2915 2581 3095 2636 littore
3118 2591 3201 2637 est
3232 2596 3425 2637 versus

1857 2666 2155 2735 Iudaicam,
2177 2685 2369 2740 magno
2396 2685 2517 2725 cum
2542 2669 2715 2738 jubilo
2736 2681 2790 2725 et
2815 2672 2995 2726 laetitia
3022 2672 3421 2737 universorum,

1858 2761 2278 2826 personantibus
2310 2761 2453 2814 tubis
2489 2761 2745 2829 tibiisque
2790 2769 2845 2815 ct
2874 2763 3051 2816 omnis
3081 2763 3296 2832 generis
3336 2763 3421 2815 in-

1860 2850 2183 2904 Strumeutis
2232 2851 2471 2906 musicis.
2519 2852 2939 2907 Exscensiouent
3000 2863 3180 2907 autem
3232 2869 3422 2909 munes

1858 2939 2103 2994 fecerunt
2132 2943 2317 2996 eodem
2347 2957 2455 3010 quo
2482 2955 2742 2997 venerant
2773 2944 2983 3009 ordine,
3034 2946 3254 3009 scholae,
3290 2946 3419 3000 reli-

1856 3030 2011 3095 piosi,
2045 3033 2489 3105 congregationes
2532 3034 2904 3099 sacerdotum,
2939 3042 2988 3088 et
3014 3037 3193 3090 cancri
3230 3038 3296 3090 ad
3325 3054 3420 3105 pa-

1855 3122 2093 3177 rochiam
2142 3122 2200 3178 8.
2242 3122 2547 3192 Euphemia:
2572 3125 2668 3194 (g),
2716 3135 2877 3195 atque
2903 3128 2970 3180 ad
2997 3125 3248 3181 Sanctam
3279 3128 3418 3183 Cru—

1856 3228 1973 3268 cem
2030 3225 2411 3284 processerunt
2462 3232 2558 3285 per
2609 3217 2858 3283 insulam,
2909 3229 3072 3273 totam
3117 3221 3418 3273 virentibus

1857 3304 2020 3357 ramis
2052 3291 2341 3373 herbisque
2394 3305 2677 3361 instratam
2729 3322 2792 3361 ac
2840 3309 3195 3363 convestitam
3224 3329 3237 3364 :
3268 3326 3415 3364 cam-

1853 3412 1979 3466 pum
2010 3412 2139 3452 vero
2175 3396 2319 3452 illius
2364 3413 2576 3452 omnem
2626 3399 2920 3469 implebant
2968 3401 3220 3465 tentoria,
3270 3400 3419 3455 ordi-

1855 3497 1978 3543 nate
2024 3497 2188 3558 atque
2245 3489 2440 3545 devote
2470 3490 2749 3559 disposita.
2783 3489 3002 3545 Interim
3030 3492 3283 3561 paulatim
3314 3494 3411 3546 ad-

1855 3579 2076 3633 natabat
2128 3579 2392 3645 machina,
2424 3590 2682 3633 sanctum
2739 3596 2937 3650 corpus
2978 3596 3100 3635 cum
3129 3597 3228 3637 suo
3263 3598 3417 3637 reve-

1855 3668 2178 3723 rendissimo
2227 3683 2291 3722 ac
2334 3668 2687 3722 serenissimo
2732 3671 2990 3723 comitatu
3040 3669 3252 3725 ferens:
3291 3686 3411 3739 quae

1854 3760 1943 3815 ubi
1968 3760 2130 3815 etiam
2165 3761 2277 3830 ipsa
2312 3760 2365 3814 in
2404 3762 2617 3814 modum
2648 3775 2839 3815 currus
2871 3762 3211 3831 triumphalis
3241 3763 3411 3830 appli-

1854 3853 1985 3918 cuit,
2012 3853 2479 3923 progredientibus
2511 3854 2727 3906 obviam
2757 3853 2997 3922 pluribus
3025 3854 3406 3923 parochiarum

1857 3943 2181 4000 Venetarum
2210 3945 2477 4014 plebanis,
2514 3959 2704 3999 cereos
2752 3947 2982 4014 grandes
3018 3946 3271 4000 ardentes
3320 3961 3412 4015 ge-

1857 4037 2143 4101 stantibus,
2196 4036 2460 4090 suhlatum
2496 4046 2583 4091 est
2625 4036 2883 4091 feretrum
2934 4038 3173 4093 humeris
3219 4039 3412 4106 praedi-

1855 4140 2065 4183 ctorum
2095 4128 2465 4198 praelatorum,
2498 4138 2656 4196 atque
2695 4128 2835 4182 intra
2866 4128 3151 4183 ecclesiam
3197 4128 3411 4181 Sancta:

1854 4219 2044 4274 Crucis
2093 4220 2352 4282 delatum,
2399 4219 2450 4272 in
2494 4219 2715 4288 ejusque
2750 4221 2924 4275 medio
2970 4221 3273 4290 impositum
3316 4236 3410 4276 ex.

1853 4311 1998 4365 celso
2033 4312 2263 4381 pegmati
2296 4312 2359 4364 ad
2393 4312 2444 4365 id
2475 4322 2795 4380 praparato.

1928 4420 1947 4454 ι
1988 4402 2174 4472 Neque
2200 4418 2327 4457 vero
2350 4403 2467 4457 sine
2506 4406 2765 4473 mysterio
2815 4403 2981 4459 fuisse
3008 4406 3237 4469 videtur,
3264 4406 3405 4474 quod

1854 4495 2225 4566 praelaudatus
2245 4494 2547 4548 navarchus
2568 4494 2683 4563 ejus
2704 4498 2874 4549 sancti
2909 4512 3103 4566 corpus
3122 4536 3136 4561 ,
3165 4496 3254 4564 qui
3284 4497 3408 4550 dum

256 4755 323 4826 (ιι)
356 4754 507 4807 Anno
551 4754 693 4808 “54
744 4754 949 4809 Pascha
988 4754 1169 4813 fnit2l
1224 4755 1423 4825 Aprilis
1460 4774 1474 4810 :
1509 4765 1747 4826 emplum
1781 4764 1823 4818 ῐ)
1855 4757 2041 4811 unitis.

199 4824 314 4889 ergo
340 4841 561 4877 exatncn
588 4837 717 4878 ante
744 4826 1135 4879 hebdomadam
1158 4824 1425 4893 sanetam,
1460 4829 1547 4882 die
1594 4824 1745 4880 Jovis

201 4904 302 4953 DOsl
332 4896 658 4949 Dominicam
698 4894 987 4948 Passionis.

260 4966 323 5036 (b)
354 4969 405 5021 lu
436 4964 625 5017 Italico
657 4965 860 5018 dicitur
897 4981 913 5013 ι
942 4980 1115 5036 usque
1165 4966 1214 5018 in
1257 4965 1394 5018 diem
1433 4965 1745 5036 translatio-

201 5033 405 5106 nis,'qni
452 5036 550 5106 fuit
584 5036 907 5106 undecimus
936 5033 1079 5087 Maii.
1122 5054 1139 5085 ι
1182 5036 1377 5106 Verum
1409 5036 1639 5091 inferius
1661 5035 1744 5087 di-

199 5102 653 5160 ritur’Translatio
700 5103 845 5157 facta
900 5122 917 5153 ι
981 5106 1254 5159 Dominica
1295 5104 1430 5159 infra
1488 5116 1738 5159 octavam

198 5174 532 5238 Ascensionis,
568 5194 586 5226 ›
624 5188 747 5242 qua:
777 5172 1047 5227 Dominica
1076 5190 1141 5227 eo
1168 5190 1329 5236 anno,
1354 5175 1531 5228 littera
1564 5175 1738 5227 Domi-

201 5246 333 5299 nicali
380 5247 437 5310 F,
486 5245 593 5298 fuit
655 5244 775 5295 dies
820 5242 854 5294 ‘2
906 5242 1068 5296 Junii.
1113 5244 1297 5312 Itaque
1324 5246 1737 5312 Cespitatimtem

199 5318 446 5383 scripturis
475 5316 685 5368 claram
732 5314 1009 5383 corrigens
1032 5351 1047 5377 ,
1081 5314 1247 5366 delevi
1278 5316 1436 5367 verba
1474 5316 1596 5369 loco
1617 5329 1738 5383 Anon

194 5380 497 5454 suo‘pnsita.
537 5384 725 5437 Voluit
776 5380 999 5454 fortasse
1045 5395 1232 5438 auctor
1266 5385 1445 5437 dicere
1470 5425 1484 5446 ,
1519 5386 1567 5453 2
1611 5380 1736 5454 Maii

188 5451 323 5507 linito
354 5456 630 5515 examine,
657 5453 1009 5506 constitutum
1040 5454 1225 5515 fuisse,
1264 5463 1321 5504 ut
1352 5458 1506 5508 fieret
1537 5451 1738 5508 sulem-

184 5524 254 5575 ωδ
281 5526 554 5581 tmnslatio
589 5524 707 5591 jam
739 5523 876 5572 dicta
931 5521 1226 5575 Dutniuica.
1261 5520 1368 5576 Nec
1414 5540 1539 5578 vero
1565 5536 1738 5587 appa-

180 5598 300 5647 ratni
350 5595 672 5651 necessario
697 5592 910 5643 brevius
958 5603 1186 5658 tempus,
1214 5608 1369 5660 quam
1401 5598 1559 5646 trium
1604 5593 1738 5643 lteb-

174 5661 511 5719 domadarum
542 5703 558 5725 ,
597 5660 855 5731 suﬂicere
880 5672 1119 5731 poterat;
1172 5674 1248 5717 tot
1289 5673 1467 5716 autem
1499 5661 1735 5731 praecise

170 5747 510 5789 numerantur
533 5736 606 5786 ab
640 5732 700 5782 11
740 5729 859 5781 Maii
886 5732 950 5782 ad
978 5730 1012 5783 2
1033 5728 1201 5785 Junii.

233 5807 767 5873 (c)(1ltorepiscopos
796 5801 1046 5873 intellige,
1073 5817 1167 5868 pro
1194 5801 1445 5855 ccclesiis
1467 5801 1731 5873 Castella.

162 5891 224 5929 na
252 5868 303 5931 et
328 5868 603 5931 Gradc'ttsi
652 5871 754 5925 sub
794 5884 895 5923 uno
919 5868 1100 5925 veneti
1134 5873 1530 5941 patriarchatus
1559 5872 1720 5926 titulo

1924 4829 2002 4897 (ά)
2038 4822 2614 4897 FantinusDandulus,
2640 4819 2832 4897 nobilis
2851 4819 3109 4897 Venetus,
3137 4821 3410 4878 Patavinae

1854 4892 2110 4951 Ecclesia:
2136 4894 2349 4960 praefuit
2377 4895 2441 4945 ab
2465 4909 2605 4946 anno
2633 4892 2767 4946 1448
2800 4892 2863 4945 ad
2896 4892 3050 4945 1459.

1928 4969 1996 5034 (ε)
2027 4964 2348 5018 Franciscus
2378 4963 2672 5021 Fusrarus.
2698 4965 2815 5034 dux
2842 4978 2934 5014 seu
2962 4964 3206 5029 princeps
3230 4960 3407 5015 Vene—

1853 5032 2074 5098 tiarum,
2105 5037 2171 5087 ah
2204 5049 2345 5086 anno
2369 5034 2508 5086 1425
2529 5036 2594 5085 ad
2623 5032 2779 5096 “57,
2813 5034 3047 5100 longatvo
3069 5034 3325 5099 regimine
3355 5034 3404 5084 id

1852 5117 2156 5167 assecutus,
2187 5117 2241 5155 ut
2273 5120 2642 5157 successorem
2671 5104 2821 5157 vivus
2857 5103 3149 5170 acciperet;
3180 5104 3318 5171 quod
3352 5104 3400 5156 ci

1848 5186 2074 5229 mortem
2095 5173 2431 5226 acceleravit.

1921 5245 1987 5315 (ί)
2039 5244 2227 5297 Totam
2275 5244 2411 5296 hanc
2458 5256 2704 5311 pompam
2760 5241 3119 5315 prmtermittit
3176 5241 3402 5293 llermo-

1848 5315 1969 5369 laus
2010 5331 2022 5366 :
2056 5323 2275 5367 econtra
2307 5316 2530 5381 primam
2574 5314 2938 5381 rect-ptionem
2968 5349 2983 5373 ,
3016 5327 3117 5377 qua
3157 5320 3401 5365 sanctum

1850 5399 2050 5454 corpus
2078 5386 2143 5435 ad
2193 5383 2482 5436 Castellum
2509 5393 2721 5450 exceptt
2756 5382 3094 5458 patriarcha,
3130 5394 3403 5458 columen-

1855 5451 2002 5508 data
2042 5456 2234 5525 festivo
2289 5461 2545 5522 apparatu
2574 5464 2736 5525 totius
2760 5465 2923 5518 prope
2968 5451 3398 5525 civitatisinnoc-

1851 5540 2068 5576 Cttl'sttlll
2123 5519 2457 5586 effusa-{et
2526 5523 2818 5589 gratiarum
2876 5520 3032 5593 a'gris
3089 5519 3401 5593 corporibus

1847 5594 2308 5661 itnpctrandarum
2349 5608 2443 5661 spe
2481 5593 2655 5643 visere
2702 5605 2767 5644 ac
2818 5592 3125 5655 contingere
3162 5592 3397 5655 gesticu-

1841 5672 1928 5717 tts.

1921 5733 1995 5799 (g)
2017 5730 2287 5787 .Parcrhia
2326 5729 2384 5784 8.
2419 5727 2723 5799 Ειψιιοηιίω
2758 5726 2811 5779 in
2838 5724 2948 5792 ipsa
2976 5721 3217 5799 Judaica,
3258 5723 3399 5799 inter

1842 5793 1963 5854 HO"
1990 5803 2272 5867 parochias
2313 5799 2459 5855 urbis
2494 5793 2703 5852 Veneta:
2736 5805 2983 5851 censetur
3007 5794 3212 5861 ultima,
3245 5793 3399 5865 vulgo

1838 5868 1898 5923 8.
1935 5868 2146 5923 Fumia.
