4010 6520
600 428 781 469 CCLXX

1926 372 2475 465 PROLEGOMENa:

606 532 740 584 vixit
767 544 867 599 pro
888 526 990 584 lidé
1028 535 1228 583 sanctae
1275 528 1452 583 erucis
1496 528 1631 582 adeo
1665 527 1893 581 viriliter
1929 527 2168 580 decerla-
2193 526 2239 582 Α
2267 531 2320 578 et
2348 528 2475 586 Ave,
2519 520 2647 590 jube
2682 518 2774 573 libi
2811 518 3083 573 admoveri
3115 518 3374 588 reliquias
3421 514 3564 571 illius
3616 512 3845 580 Sancti,

608 623 707 687 vit,
744 622 1052 676 donandum
1077 622 1344 674 censuerit
1370 620 1609 683 ejusdem
1638 618 2007 672 Sanctissimae
2036 615 2166 670 Cru-

603 710 685 771 cis
716 710 962 765 ecclesiae
997 709 1465 779 :quandoquidem
1491 710 1651 763 etiam
1671 707 1896 763 Domino
1928 708 2037 760 Deo
2060 707 2167 775 pla-

604 800 803 864 cuerit,
830 809 888 852 ut
910 798 1072 852 vitam
1102 799 1282 852 liniret
1320 809 1480 868 atque
1509 798 1575 852 ad
1605 806 1913 867 perpetuam
1941 797 2163 866 gloriam

606 891 859 945 transiret
891 890 944 944 in
971 890 1243 961 pervigilio
1263 887 1452 946 Crucis
1476 890 1725 945 iuventae.
1758 890 2033 945 Collocato
2078 904 2165 942 au-

603 988 733 1045 tem,
764 990 822 1034 ut
854 981 1106 1046 diximus,
1127 996 1373 1050 corpore,
1401 980 1622 1036 recitata
1679 980 1783 1035 fuit
1831 982 2012 1036 brevis
2039 997 2165 1035 ora-

606 1070 681 1124 tio
702 1109 719 1135 ,
749 1086 853 1141 qua
890 1072 1028 1127 Deus
1078 1072 1400 1128 laudabatur
1430 1074 1495 1129 de
1528 1074 1616 1128 tali
1648 1074 1790 1128 dono
1823 1090 1885 1127 ac
1916 1087 2157 1137 munere,

516 1232 529 1239 -
606 1160 734 1216 huic
758 1163 1054 1218 benedicta:
1072 1163 1278 1219 civitati
1307 1162 1653 1219 Venetiarum
1696 1164 1896 1229 oblato,
1923 1166 2062 1234 quod
2084 1180 2164 1221 es-

606 1260 692 1308 set
718 1269 904 1309 verum
945 1269 1142 1324 corpus
1168 1255 1327 1312 unius
1357 1271 1421 1311 ex
1450 1267 1650 1312 sanctae
1694 1257 1948 1312 Ecclesi:e
1985 1257 2163 1311 docto—

606 1343 783 1397 ribus.
813 1343 962 1398 Actze
991 1344 1181 1405 deinde
1208 1345 1393 1414 gratiae
1437 1353 1562 1400 sunt
1608 1346 2057 1402 reverendissimo
2100 1345 2159 1400 Ι).

600 1431 927 1501 patriarchae
949 1472 965 1498 ,
1005 1434 1364 1502 omnibusque
1412 1434 1678 1504 episc0pis
1708 1443 1759 1489 et
1783 1434 2018 1502 praelatis
2040 1450 2160 1488 eum

603 1521 1008 1587 comitantibus,
1040 1533 1149 1578 tum
1178 1524 1522 1579 serenissima
1552 1525 1777 1595 principi
1808 1526 2015 1596 totique
2045 1526 2164 1579 illu-

600 1613 872 1668 strissimo
903 1614 1136 1679 senatui,
1182 1624 1238 1670 et
1278 1615 1525 1671 omnibus
1573 1630 1664 1671 eos
1696 1617 1915 1678 secutis,
1941 1618 2007 1672 de
2068 1618 2161 1672 tali

601 1722 669 1761 ac
703 1715 849 1762 tanto
878 1706 1104 1762 honore.

682 1814 702 1848 ι
735 1795 920 1865 Neque
946 1812 1074 1853 vero
1105 1797 1174 1853 ab
1205 1797 1484 1853 hominum
1520 1797 1779 1852 memoria
1817 1798 1929 1853 visa
1955 1808 2037 1853 est
2074 1813 2183 1852 sor

600 1888 857 1946 lemnitas
895 1898 1003 1944 tam
1051 1900 1238 1945 ornata
1271 1901 1489 1961 tamque
1528 1891 1738 1945 devota.
1772 1890 2041 1960 Rapuerat
2068 1891 2154 1944 illa

597 1981 840 2036 omnium
894 1981 1081 2038 oculos
1144 1983 1460 2052 animosque
1529 1983 1713 2038 statim
1775 1999 1805 2037 a
1840 1985 2155 2054 .principio,

596 2072 819 2140 qutmdo
858 2082 1102 2128 sanctum
1128 2089 1327 2143 corpus
1358 2074 1704 2131 deferebatur
1730 2076 1797 2130 ab
1829 2077 2055 2131 ecclesia
2095 2078 2153 2132 8.

601 2159 770 2216 Marci
811 2177 828 2228 ;
872 2164 1043 2234 magis
1089 2179 1220 2221 vero
1250 2165 1304 2219 in
1332 2180 1622 2236 progressu
1654 2182 1750 2237 per
1779 2183 2008 2237 aquam:
2045 2186 2159 2223 ma-

601 2251 745 2305 xime
793 2262 973 2308 autem
1016 2254 1140 2309 dum
1189 2268 1480 2326 poneretur
1532 2258 1649 2312 loco
1700 2275 1818 2326 suo,
1864 2276 1984 2313 cum
2014 2271 2156 2315 tanta

596 2340 781 2428 quiete
808 2357 873 2397 ac
901 2346 1222 2413 reverentia,
1259 2347 1311 2428 in
1342 2347 1478 2403 adeo
1494 2351 1684 2419 grandi
1721 2351 1898 2420 populi
1928 2354 2160 2422 undique

598 2424 872 2486 alﬂuentis
902 2424 1277 2503 multitudine,
1292 2446 1352 2490 ut
1387 2438 1570 2494 nullus
1625 2441 1882 2510 strepitus
1904 2482 1919 2506 ,
1958 2444 2158 2498 nulluut

594 2525 807 2590 uspiam
839 2524 1152 2579 scandalum
1180 2524 1340 2582 fuerit
1361 2538 1626 2595 notatum,
1646 2531 1783 2586 nihil
1808 2534 1973 2587 etiam
1998 2536 2162 2590 amis-

582 2630 718 2668 .sum
750 2615 1110 2684 perditumve.
1160 2617 1338 2684 Quare
1389 2621 1811 2678 consolatissimi
1844 2640 2032 2682 omnes
2076 2643 2162 2681 re-

597 2717 902 2773 cesserunt,
930 2720 1280 2779 agnoscentes
1307 2727 1418 2767 rem
1462 2723 1626 2769 totam
1664 2718 1964 2773 certissimo
1985 2728 2159 2773 actam

596 2810 719 2851 esse
751 2813 818 2853 ex
847 2799 943 2854 Dei
969 2801 1350 2872 omnipotentis
1372 2804 1665 2875 voluntate,
1698 2810 1762 2861 ad
1791 2810 2159 2866 honorandum

601 2887 829 2945 Servum
856 2907 1012 2947 suum
1039 2894 1092 2948 in
1123 2895 1226 2952 hoc
1246 2896 1531 2955 benedicto
1555 2903 1672 2955 loco
1699 2900 1911 2956 Sancta:
1935 2902 2156 2959 Crucis:

593 2983 741 3047 quod
772 2992 827 3037 et
857 2983 1237 3044 demonstrare
1267 3004 1370 3045 non
1401 3003 1573 3047 cessat
1596 2995 1922 3063 quotidianis
1945 2998 2161 3051 eviden-

597 3070 852 3142 tibusque
887 3076 1164 3134 miraculis
1191 3095 1255 3135 ac
1278 3082 1468 3152 signis,
1497 3099 1614 3154 quze
1652 3087 1811 3142 isthic
1836 3088 2015 3142 divina
2049 3104 2160 3142 ma—

594 3159 763 3230 iestas
786 3179 1062 3236 operatur,
1090 3170 1140 3225 iu
1182 3172 1420 3228 favorem
1460 3177 1696 3231 omnium
1730 3178 1821 3247 qui
1866 3195 1927 3234 sc
1954 3180 2160 3234 meritis
2188 3207 2234 3268 ο

595 3264 653 3310 et
696 3257 1072 3316 intercessioni
1126 3263 1184 3318 8.
1233 3264 1518 3320 Athanasii
1578 3269 1974 3328 commendant.
2008 3270 2163 3325 Unde

596 3346 726 3402 licet
750 3351 1097 3416 probationes
1130 3355 1401 3422 praedictae
1451 3357 1767 3424 deficerent,
1794 3360 1860 3413 ad
1886 3360 2162 3415 declaran-

597 3439 725 3492 dum
763 3443 905 3508 quod
941 3441 1049 3497 hoc
1082 3444 1158 3498 sit
1179 3460 1365 3500 verum
1399 3462 1594 3517 corpus
1644 3449 1703 3505 S.
1735 3451 2039 3517 Athanasii,
2068 3454 2160 3522 qui

599 3529 816 3597 scripsit
857 3531 1137 3599 pulchrum
1170 3535 1312 3590 istud
1347 3539 1669 3608 symbolum,
1704 3539 2006 3611 Quicunque
2056 3545 2161 3599 vult

592 3618 771 3670 salvus
798 3635 943 3684 esse;
1001 3622 1336 3678 miraculosae
1379 3635 1552 3680 tamen
1594 3630 1817 3697 gratiae,
1864 3646 2005 3699 quas
2036 3632 2161 3687 fecit

601 3707 741 3763 Deus
799 3711 1124 3778 specialibus
1173 3716 1489 3783 quibusdam
1543 3722 1829 3787 personis,
1873 3724 1938 3775 ad
1991 3725 2159 3793 ipsum

591 3801 898 3869 symbolum
939 3805 1161 3873 ejusque
1194 3807 1479 3874 gloriosum
1518 3822 1790 3868 auctorem
1822 3815 1904 3883 pie
1932 3817 2157 3883 devotis,

592 3888 907 3945 sufﬁcerent
946 3895 1011 3946 ad
1037 3894 1248 3962 plenam
1277 3899 1656 3956 certitudinem
1695 3900 2017 3960 faciendam.
2040 3906 2158 3960 Ali-

596 3994 733 4045 quas
769 3996 978 4047 earum,
1005 4000 1070 4039 ne
1104 3987 1312 4056 longior
1331 3991 1612 4059 prolixitas
1653 3994 1926 4051 fastidium
1952 4000 2154 4068 pariat,

600 4068 689 4122 hic
729 4086 1123 4143 consequenter
1152 4080 1487 4137 subnectam.
1537 4104 1556 4136 ι

600 4177 867 4237 ΜίιοαςαΙα
909 4186 972 4240 S.
1005 4187 1281 4244 Athanasii
1318 4196 1579 4275 prmejpue
1615 4207 1729 4263 post
1762 4199 2157 4257 translationem

1244 4279 1508 4331 corporis.

674 4356 694 4391 ί
725 4339 962 4398 Primum
994 4349 1136 4417 quod
1165 4351 1224 4406 S.
1270 4354 1601 4413 Athanasius
1636 4356 1768 4413 fecit
1813 4361 2153 4429 miraculum,

592 4432 803 4486 censeri
835 4434 992 4491 debet
1037 4442 1392 4500 suavissimus
1414 4448 1567 4513 odor,
1606 4452 1904 4518 procedens
1941 4452 2007 4507 ab
2039 4453 2156 4522 ejus

2267 624 2321 668 et
2346 613 2530 668 statim
2572 612 2706 666 liber
2745 611 2874 665 eris.
2912 629 2931 662 ›
2958 610 3110 665 Fecit
3159 608 3420 675 postridie
3464 607 3605 678 quod
3647 606 3830 674 jussus

2264 714 2381 760 erat
2436 718 2580 773 aeger
2616 703 2756 757 circa
2797 701 2984 756 horam
3030 701 3430 770 Vesperarum,
3479 697 3710 753 accessit
3762 697 3827 748 ad

2268 795 2554 851 ecclesiam
2596 794 2806 848 Sanctae
2857 793 3089 856 Crucis,
3143 791 3233 846 ubi
3290 790 3490 861 reperit
3535 797 3830 857 occupatos

2266 888 2575 942 sacerdotes
2635 886 2687 939 in
2752 894 2939 940 sancto
2991 900 3218 953 corpore
3278 892 3399 952 apte
3459 882 3830 948 decentequ

2266 976 2615 1041 collocando;
2671 975 2925 1045 reliquias
2969 974 3087 1043 ejus
3143 974 3356 1028 affectae
3402 972 3649 1041 corporis
3687 970 3843 1039 parti

2265 1065 2525 1129 admovit,
2574 1079 2803 1134 moxque
2846 1063 3161 1119 convaluit:
3204 1062 3345 1133 quod
3392 1076 3511 1115 cum
3545 1060 3665 1130 ejus
3714 1060 3830 1127 qui-

2264 1156 2386 1209 dam
2436 1156 2711 1224 proximus
2756 1155 3223 1224 consanguineus,
3268 1153 3322 1207 in
3374 1151 3527 1221 cujus
3568 1152 3827 1205 comitatu

2265 1246 2577 1312 advenerat,
2595 1245 2861 1300 dubitaret
2886 1246 3104 1301 credere
3123 1258 3140 1298 :
3158 1264 3176 1297 ‹
3196 1243 3378 1309 Τυίε,›
3401 1243 3575 1313 inquit
3589 1242 3825 1309 juvenis,

2270 1357 2289 1389 ο
2322 1336 2567 1392 manibus
2594 1338 2812 1406 explora
2838 1353 2961 1391 num
2984 1338 3257 1390 veritatem
3287 1335 3491 1404 loquar.
3520 1353 3538 1385 ι
3562 1332 3827 1400 Explora-

2262 1428 2342 1481 vit
2391 1428 2476 1483 ille
2498 1468 2513 1495 ,
2549 1438 2604 1482 et
2647 1427 2729 1481 ita
2772 1442 2884 1481 rem
2917 1441 2975 1482 se
3008 1426 3207 1481 habere
3238 1424 3491 1495 cognovit
3529 1438 3594 1478 ac
3642 1421 3828 1477 credi-

2264 1519 2365 1573 dit.

2339 1626 2357 1660 ‹
2400 1606 2587 1662 Mulier
2621 1608 2861 1678 quaedam
2894 1621 3273 1677 gravnssmtam
3316 1604 3628 1675 patiebatur
3682 1601 3830 1657 infir-

2265 1703 2505 1757 mitatem
2562 1718 2657 1771 per
2714 1714 2883 1755 annos
2930 1700 3273 1769 quindecim,
3323 1713 3429 1769 qua
3472 1713 3667 1752 omnes
3713 1697 3829 1765 ejus

2267 1797 2414 1849 nervi
2445 1792 2920 1855 contrahebantur,
2951 1792 3084 1845 adeo
3114 1800 3169 1845 ut
3198 1800 3309 1844 toto
3352 1804 3584 1858 corpore
3615 1790 3829 1843 asside-

2191 1859 2233 1913 Β
2266 1893 2379 1940 rata
2424 1885 2594 1937 instar
2621 1882 2927 1953 paralyticm
2962 1889 3231 1935 tremeret.
3256 1876 3394 1932 Nulli
3437 1892 3555 1932 eam
3610 1878 3829 1940 medici,

2268 1975 2544 2030 medicina:
2572 1975 2728 2029 nulla:
2771 1975 2964 2043 juvare
2998 1980 3316 2041 potuerant;
3368 1970 3461 2024 sed
3495 1970 3672 2039 magis
3712 1986 3828 2023 ma-

2265 2069 2450 2137 gisque
2487 2068 2877 2135 aggravabatur
2907 2064 3124 2118 malum.
3156 2063 3286 2119 Cum
3314 2079 3443 2132 ergo
3476 2061 3832 2116 intellexisset

2267 2159 2501 2214 delatum
2538 2173 2655 2212 esse
2685 2156 2935 2211 Venetias
2984 2156 3274 2226 gloriosum
3331 2170 3527 2223 corpus
3568 2153 3627 2207 S.
3662 2154 3830 2207 Atha-

2266 2252 2424 2314 nasii,
2450 2250 2644 2319 saepius
2693 2249 2993 2317 schiusque
3023 2248 3257 2319 ejusdem
3291 2248 3540 2316 precibus
3583 2262 3643 2303 se
3683 2264 3832 2302 com-

2266 2344 2525 2397 mendare
2568 2342 2754 2411 carpit.
2787 2341 3023 2407 Quadam
3057 2350 3236 2394 autem
3282 2342 3365 2393 die
3397 2340 3514 2409 plus
3543 2340 3707 2395 solito
3737 2355 3833 2409 pa-

2265 2434 2427 2496 tiens,
2448 2433 2595 2485 auxit
2617 2433 2778 2485 etiam
2805 2430 3142 2485 devotionem
3166 2446 3229 2484 ac
3252 2432 3430 2495 fidem,
3450 2446 3648 2500 rogans
3666 2432 3829 2483 Deum

2265 2540 2362 2594 per
2391 2523 2664 2579 benedicti
2702 2522 2840 2577 illius
2871 2522 3055 2578 Sancti
3112 2523 3320 2585 merita,
3354 2532 3410 2575 ut
3445 2523 3716 2592 siquidem
3746 2537 3831 2575 sa-

2266 2615 2360 2669 luti
2386 2617 2577 2670 auimaz
2607 2631 2716 2670 sua:
2753 2615 3006 2683 expedire
3036 2624 3403 2681 cognosceret,
3434 2614 3571 2667 hanc
3598 2613 3833 2666 infirmi-

2268 2718 2427 2761 tatem
2456 2722 2483 2759 a
2517 2722 2573 2761 se
2597 2706 2853 2759 auferret.
2885 2704 2951 2758 Et
2984 2705 3121 2758 hanc
3156 2705 3452 2758 orationem
3477 2702 3690 2757 faciens
3722 2721 3832 2758 nte-

2268 2798 2368 2851 lius
2390 2798 2495 2851 sibi
2535 2798 2647 2851 fieri
2682 2796 2868 2863 sensit,
2896 2796 3117 2866 ipsoque
3148 2795 3238 2849 dic
3287 2803 3572 2862 persanata
3600 2795 3827 2860 exstitit,

2265 2904 2364 2943 nec
2394 2888 2623 2955 amplius
2662 2888 2905 2942 morbum
2932 2887 3080 2941 illum
3112 2894 3194 2941 est
3219 2901 3394 2955 passa.

2345 3001 2363 3032 ι
2403 2980 2587 3033 Mulier
2620 2980 2893 3049 quaedam,
2926 2980 3052 3033 totis
3096 2989 3325 3047 quatuor
3381 2981 3665 3036 mensibus
3711 2996 3829 3035 cum

2266 3073 2501 3125 maximo
2523 3072 2714 3141 capitis
2739 3073 2979 3125 cruciatu
3024 3070 3353 3137 conflictata,
3387 3087 3488 3127 nec
3522 3074 3720 3127 minori
3777 3075 3828 3127 in

2266 3162 2488 3216 brachio
2514 3202 2527 3223 ,
2564 3163 2747 3215 statim
2796 3172 2854 3215 ut
2900 3177 2959 3216 se
2991 3162 3383 3217 commendavit
3435 3162 3496 3217 S.
3531 3163 3833 3218 Athanasio

2267 3253 2547 3322 utriusque
2578 3252 2800 3307 membri
2835 3253 3126 3307 sanitatem
3160 3253 3422 3319 obtinuit,
3450 3263 3507 3308 et
3539 3255 3832 3324 utriusque

2264 3360 2479 3400 cereum
2507 3344 2852 3399 simulacrum
2883 3345 3093 3410 attulit,
3125 3346 3189 3399 ad
3221 3346 3548 3400 visitandum
3575 3357 3831 3401 sanctum

2261 3450 2456 3504 corpus
2482 3449 2603 3488 cum
2632 3434 2922 3503 gratiarum
2951 3433 3160 3489 actione
3196 3435 3439 3489 veniens.
3466 3434 3587 3489 Alia
3628 3437 3823 3489 mulier

2262 3524 2480 3580 filiolum
2535 3525 2807 3590 habebat,
2857 3526 3033 3594 capite
3063 3535 3267 3579 tantum
3316 3525 3503 3580 inflato
3532 3536 3591 3580 ut
3625 3526 3829 3581 nullam

2261 3614 2433 3669 lucem
2461 3615 2635 3669 oculis
2674 3614 2981 3667 admitteret
3010 3632 3021 3667 :
3054 3614 3229 3681 posuit
3261 3627 3440 3669 autem
3489 3628 3615 3669 eum
3667 3630 3833 3684 super

2261 3706 2433 3761 altare
2461 3706 2517 3760 S.
2552 3706 2855 3773 Athanasii,
2902 3716 2956 3761 et
2991 3722 3122 3776 puer
3142 3722 3324 3760 coram
3362 3707 3547 3762 multis
3592 3723 3830 3776 praesen-

2262 3798 2404 3853 tibus
2454 3798 2665 3867 aperuit
2717 3796 2901 3852 o‘culos
2946 3812 3008 3850 ac
3052 3797 3197 3851 clare
3234 3798 3413 3853 videre
3459 3800 3646 3867 coepit.
3684 3799 3828 3852 Ter-

2264 3889 2333 3943 tia
2360 3928 2378 3954 ,
2427 3904 2599 3958 eaque
2649 3889 2841 3943 nobilis
2884 3878 3139 3942 continuo
3182 3905 3323 3943 anno
3356 3889 3643 3943 brachium
3677 3890 3827 3944 dole-

2259 3981 2351 4037 bat
2396 3982 2528 4035 adeo
2577 3979 2815 4049 graviter
2850 3991 2907 4032 ut
2961 3979 3133 4048 ipsum
3185 3981 3326 4035 nulla
3377 3990 3561 4050 posset
3614 3984 3829 4036 ratione

2260 4086 2480 4126 movere
2516 4085 2531 4124 :
2574 4086 2691 4139 qua:
2718 4070 2920 4125 Sancto
2954 4087 3011 4127 se
3036 4071 3422 4127 commendans
3449 4113 3463 4137 ,
3504 4082 3559 4126 et
3593 4073 3829 4137 Quicun-

2259 4178 2355 4231 que
2389 4162 2649 4224 recitatis,
2680 4169 2838 4230 atque
2866 4160 3109 4217 affectam
3152 4173 3358 4233 partem
3389 4178 3553 4218 cruce
3580 4166 3825 4232 signans,

2263 4257 2442 4312 subito
2477 4255 2759 4310 liberatam
2787 4272 2821 4309 a
2857 4257 3096 4311 cruciatu
3129 4258 3219 4313 illo
3244 4274 3362 4314 sesc
3388 4267 3614 4328 experta
3637 4268 3693 4312 et
3727 4259 3828 4311 mi-

2259 4360 2376 4403 rata
2407 4359 2509 4402 est.
3161 4388 3191 4409 ,

2332 4458 2352 4492 ι
2408 4442 2589 4494 Altera
2620 4440 2817 4494 fredutn
2847 4440 2900 4494 in
2925 4440 3063 4495 facie
3098 4442 3340 4495 morbum
3373 4444 3703 4512 patiebatur,
3729 4460 3826 4498 nec

589 4536 842 4592 corpore,
878 4543 943 4583 eo
965 4530 1015 4585 in
1043 4531 1160 4588 loco
1202 4534 1379 4605 inquo
1409 4539 1508 4593 fuit
1532 4541 1856 4610 depositum,
1890 4558 2011 4598 οιηη
2040 4562 2155 4598 ma-
2187 4556 2229 4611 ι)
2263 4548 2293 4587 a
2324 4532 2549 4587 medicis
2593 4532 2674 4586 vel
2736 4534 3016 4588 medicinis
3058 4534 3220 4587 ullum
3273 4535 3478 4589 ferebat
3508 4537 3768 4591 auxilium
3802 4554 3817 4591 :

588 4615 734 4669 lima
760 4619 1230 4680 circumstantium
1258 4631 1499 4683 omnium
1535 4632 1910 4687 admiratione.
1941 4634 2154 4699 Quanto

588 4705 733 4759 enim
766 4709 832 4761 ad
885 4712 1221 4768 euntlocum
1271 4719 1500 4788 quisque
1560 4724 1851 4777 accedebat
1898 4725 2153 4791 propius,

590 4798 742 4849 tanto
773 4800 941 4868 magis
970 4800 1113 4856 illum
1159 4810 1485 4877 suaviusque
1538 4814 1890 4882 percipiebat,
1929 4825 1985 4868 et
2031 4832 2152 4869 cum

590 4899 809 4955 stupore
835 4890 1044 4946 dicebat
1068 4910 1085 4947 ξ
1109 4895 1236 4961 Qua:
1271 4898 1369 4952 ista
1393 4911 1474 4954 est
1502 4902 1841 4972 fragrantia?
1870 4922 2029 4974 quam
2057 4908 2154 4960 mi-

591 4976 820 5030 rabilis!
860 4978 915 5032 lu
968 4982 1084 5050 ipso
1131 5000 1309 5041 autem
1360 5004 1471 5045 sua:
1520 4993 1887 5049 translationis
1921 4997 2152 5063 glorioso

586 5067 695 5128 die,
721 5081 1040 5141 quacunque
1076 5091 1285 5132 sacrum
1316 5094 1513 5150 corpus
1542 5085 1829 5149 transibat,
1853 5086 1991 5140 idem
2021 5089 2155 5143 odor

590 5158 1010 5226 percipiebatur.

665 5249 893 5307 rFuerat
919 5270 1154 5323 praesens
1168 5257 1405 5315 Venetiis
1421 5260 1637 5330 juvenis
1658 5264 1874 5331 quidam
1905 5267 2155 5324 Parmen-

584 5344 681 5408 sis,
704 5360 825 5398 cum
863 5362 1075 5403 sacrum
1091 5364 1290 5421 corpus
1313 5371 1377 5409 ex
1403 5356 1525 5407 navi
1555 5358 1755 5409 elatum
1790 5358 1960 5425 primo
1989 5360 2153 5427 depo-

586 5449 810 5493 neretur
849 5442 987 5510 apud
1016 5442 1269 5499 Sanctam
1304 5448 1534 5501 Crucem
1572 5465 1584 5500 :
1622 5449 1745 5502 huic
1771 5449 1962 5503 deinde
1987 5453 2151 5519 pestis

586 5530 809 5584 advenit
845 5550 859 5587 :
890 5547 996 5601 qua
1045 5536 1433 5600 invalescente,
1467 5538 1717 5606 apparuit
1759 5540 1805 5592 ei
1834 5522 1999 5593 tinctu
2028 5559 2153 5593 sau-

589 5631 707 5673 ctus
740 5623 960 5690 quidam
1012 5627 1321 5697 episcopus,
1357 5642 1587 5696 eumque
1623 5627 1932 5681 confortans
1961 5647 1973 5681 :
2020 5656 2037 5680 I
2073 5631 2154 5686 Ne

591 5713 828 5763 animum
853 5751 869 5775 ,
905 5713 1112 5783 inquit,
1161 5717 1468 5785 desponde:
1498 5716 1589 5771 sed
1620 5718 1755 5771 vade
1792 5718 1856 5769 ad
1900 5718 2150 5776 Sanctam

595 5801 824 5858 Crucem
859 5805 911 5861 in
930 5804 1178 5877 Judaica,
1205 5810 1384 5879 ibique
1414 5812 1601 5866 devote
1626 5810 1860 5866 recitatis
1884 5822 1963 5868 ter
1991 5811 2152 5868 Pater

2259 4638 2427 4693 quare
2485 4625 2709 4678 multum
2757 4625 2916 4678 auxia
2973 4626 3204 4680 decrevit
3241 4626 3463 4682 visitare
3514 4642 3713 4697 corpus
3763 4630 3823 4682 S.

2253 4715 2535 4770 Athanasii
2562 4758 2577 4781 ,
2612 4732 2792 4771 coram
2829 4732 2936 4785 quo
2958 4733 3119 4771 orans
3148 4718 3315 4771 dixit:
3348 4736 3368 4769 ‹
3406 4718 3634 4775 Domine
3666 4721 3823 4784 Deus,

2261 4825 2281 4858 ι
2318 4822 2411 4877 per
2438 4809 2624 4862 merita
2649 4808 2807 4875 hujus
2832 4809 3043 4875 gloriosi
3069 4808 3279 4873 Sancti,
3304 4810 3527 4879 dignare
3551 4812 3684 4865 mihi
3709 4814 3826 4865 red-

2260 4919 2279 4951 ‹
2318 4900 2444 4955 dere
2460 4902 2767 4965 sanitatem,
2785 4916 2943 4969 quam
2964 4902 3149 4955 medici
3181 4918 3243 4955 ac
3270 4902 3548 4956 medicinae
3567 4904 3821 4960 restitue-

2261 5014 2280 5047 ι
2318 5010 2375 5050 re
2429 5004 2744 5064 nequeunt:
2787 5012 2806 5044 ι
2860 5002 2968 5047 tum
3015 4991 3346 5059 globulorum
3394 4994 3823 5059 precatoriorum

2256 5095 2483 5149 sertum,
2511 5086 2649 5153 quod
2686 5083 2898 5153 corpori
2952 5092 3139 5136 saneto
3186 5083 3523 5150 admoverat,
3560 5084 3822 5153 applicuit

2255 5176 2442 5241 vultui,
2484 5192 2549 5231 eo
2598 5190 2655 5230 se
2705 5175 2824 5231 loco
2863 5176 3051 5230 devote
3076 5176 3297 5245 signans
3321 5174 3407 5229 ubi
3435 5175 3640 5228 malum
3672 5176 3824 5230 sedc-

2254 5266 2370 5332 bat,
2405 5277 2457 5321 et
2489 5278 2675 5321 sanata
2700 5268 2825 5322 fuit.
2872 5267 3075 5322 Nobilis
3103 5268 3319 5336 quidam
3348 5267 3538 5337 grandi
3569 5276 3626 5321 et
3649 5268 3817 5321 conti-

2255 5372 2383 5423 nua,
2416 5373 2576 5427 quam
2611 5359 2938 5428 patiebatur,
2966 5361 3099 5415 febri
3153 5360 3219 5413 ad
3270 5370 3499 5414 mortem
3532 5360 3819 5423 adductus,

2254 5449 2400 5502 vovit
2433 5450 2687 5516 praedicto
2709 5451 2944 5520 glorioso
2984 5452 3203 5517 Sancto,
3230 5451 3369 5520 quod
3402 5450 3448 5505 si
3500 5466 3530 5504 a
3575 5450 3725 5505 febre
3750 5449 3817 5503 li-

2256 5537 2557 5604 beraretur,
2592 5538 2791 5591 nullum
2825 5540 2986 5592 alium
3017 5540 3082 5593 ad
3115 5540 3287 5594 locum
3322 5539 3471 5608 prius
3498 5538 3625 5603 iret,
3659 5553 3817 5609 quam

2254 5631 2319 5683 atl
2348 5630 2669 5683 visitandutn
2699 5628 2815 5697 ejus
2840 5646 3055 5699 corpus,
3077 5631 3255 5699 ibique
3282 5630 3561 5700 pulchram
3599 5632 3816 5685 miss:im

2254 5720 2464 5774 cantari
2493 5720 2690 5774 faceret
2726 5739 2740 5774 :
2780 5737 3006 5789 moxque
3047 5732 3266 5777 sanatus
3295 5730 3475 5777 votum
3507 5738 3665 5778 suum
3695 5737 3812 5777 cum

2256 5812 2512 5882 singulari
2549 5813 2831 5869 devotione
2868 5813 3119 5882 implevit.
