4010 6500
1348 395 1434 449 DE
1476 396 1706 454 CULTU
1752 399 1811 468 S.
1851 400 2217 458 ATIIANASII

3229 432 3418 474 εειηι

270 498 550 596 t'ilulieris
580 504 859 574 cujusdam
893 509 1132 596 infirmus
1164 511 1302 566 ﬁlius
1338 514 1507 583 magis
1543 516 1744 582 magis-
1783 522 1828 576 Α
1861 529 1940 571 ret
1971 522 2036 572 ad
2071 519 2320 575 Sanctam
2351 522 2596 588 Crucem,
2629 524 2714 578 ubi
2746 533 2831 578 est
2863 525 3006 580 istud
3055 505 3249 596 corpus
3295 545 3422 584 san-

207 603 296 663 que
330 594 567 662 quotidie
606 599 863 666 vergebat
893 589 958 652 ad
999 611 1225 654 mortem
1275 616 1290 656 :
1342 603 1436 658 sed
1467 605 1534 658 ad
1565 615 1750 658 votum

211 689 396 750 tuatris,
423 698 637 741 ceream
671 704 774 756 pro
797 705 860 744 eo
887 702 1115 745 statuam
1150 708 1269 745 cum
1298 694 1482 755 missa,
1517 695 1562 748 si
1587 710 1751 748 sana-

211 780 609 844 returdicenda,
641 781 1042 850 promittentis,
1069 783 1247 836 subito
1273 784 1565 838 convaluit.
1599 785 1756 838 Alius

210 880 342 937 puer,
395 881 632 938 quatuor
680 871 947 926 mensium
988 873 1162 941 spatio
1216 874 1566 941 assideratus,
1628 885 1752 929 erat

209 959 294 1013 sub
323 975 441 1014 cura
473 960 821 1016 medicorum
862 977 880 1026 ;
925 964 1017 1017 sed
1051 977 1168 1015 eam
1203 963 1336 1017 nihil
1365 964 1630 1032 proficere
1661 979 1756 1016 ex-

213 1047 398 1115 periens
443 1058 622 1102 mater
674 1050 806 1104 huic
839 1051 1071 1120 glorioso
1103 1050 1304 1106 Sancto
1331 1065 1450 1105 eum
1484 1067 1757 1106 commen-

213 1138 353 1202 davit,
381 1143 433 1192 et
485 1139 639 1193 brevi
677 1142 858 1210 spatio
896 1153 1237 1211 persanatum
1284 1143 1491 1197 habuit.
1533 1141 1756 1198 Juvenis

211 1221 396 1296 quidam
456 1229 758 1286 incurabili
806 1233 1118 1286 infirmitate
1167 1247 1358 1286 novem
1411 1233 1566 1287 annis
1608 1234 1758 1287 labo-

213 1329 335 1384 rans,
363 1311 594 1390 signavit
626 1336 691 1378 se
722 1324 948 1379 candela
983 1340 1102 1392 qua:
1135 1339 1330 1394 corpus
1381 1341 1596 1378 sacrum
1629 1326 1755 1378 atti-

213 1421 355 1478 gerat,
386 1412 687 1482 subitoque
719 1415 1014 1479 convaluit,
1050 1424 1209 1484 atque
1245 1415 1389 1469 vovit
1419 1415 1592 1484 ipsum
1628 1431 1752 1469 san-

213 1512 328 1554 etum
359 1518 555 1573 corpus
591 1505 860 1560 visitare:
895 1508 985 1560 sed
1019 1507 1142 1575 quia
1181 1518 1362 1560 votum
1406 1507 1629 1575 implere
1661 1520 1754 1559 nea-

213 1593 363 1663 glexit,
393 1597 588 1650 eadem
636 1598 739 1666 ipsi
778 1599 1064 1653 infirmitas
1099 1608 1154 1652 et
1185 1600 1353 1652 tnulto
1400 1614 1559 1667 quam
1594 1608 1752 1652 antea

211 1686 391 1750 gravior
419 1690 608 1743 rediit.
645 1689 871 1744 Femina
915 1691 1158 1760 quaedam
1194 1691 1422 1744 habebat
1459 1684 1624 1743 lilium
1662 1689 1752 1758 qui

212 1777 352 1844 spatio
376 1782 622 1850 quinque
670 1783 932 1836 mensium
978 1784 1065 1837 diu
1102 1793 1366 1852 noctuque
1400 1797 1504 1836 non
1537 1781 1750 1835 desine-

1843 619 2026 685 .ctum.
2071 611 2188 679 ipso
2217 628 2348 680 ergo
2379 613 2468 666 illo
2493 616 2754 669 matutino
2784 626 3021 686 tempore
3051 621 3270 676 deduxit
3297 637 3422 678 eam

1863 709 2106 752 matrona
2148 703 2398 769 praedicta
2438 720 2557 757 cum
2594 705 2963 773 snisjfurcillis
3001 710 3065 764 ad
3103 713 3420 778 praedictum

1861 798 2144 852 sanctum,
2181 793 2472 849 [nmmlaus
2521 794 2728 850 duobus
2789 795 3007 852 famulis
3060 807 3112 851 ιιι
3178 815 3295 854 eam
3351 803 3421 856 de

1865 881 2061 948 cymba
2096 881 2289 936 elatam
2319 901 2661 955 carruraeque
2711 889 3016 955 impositam
3062 892 3319 945 veherent
3349 893 3418 946 ad

1863 969 2186 1024 ecclesiam:
2229 988 2347 1040 qua:
2398 974 2620 1027 multum
2669 977 2859 1031 devote
2909 993 2967 1032 se
3018 979 3416 1033 commendavit

1860 1058 2142 1114 benedicta
2194 1063 2278 1116 isti
2327 1063 2545 1131 Sancto,
2598 1081 2661 1120 ac
2699 1068 2888 1124 deinde
2940 1070 3154 1124 domum
3199 1081 3415 1124 revecta

1864 1161 1947 1205 est
1974 1167 2095 1207 cum
2124 1155 2338 1208 domina
2383 1173 2502 1210 sua.
2551 1158 2806 1228 Sequenti
2855 1171 3032 1216 autem
3068 1172 3223 1216 nocte
3246 1177 3414 1232 appa-

1864 1244 1972 1296 ruit
2017 1243 2190 1298 eidem
2240 1247 2546 1316 episcOpus;
2562 1253 2869 1318 praedictus,
2907 1267 3135 1322 eamque
3181 1255 3417 1322 palpavit

1863 1347 1959 1401 per
1982 1347 2171 1388 omnes
2205 1350 2299 1389 eas
2325 1349 2504 1405 partes
2536 1341 2776 1408 corporis
2815 1343 2866 1395 in
2897 1343 3090 1411 quibus
3117 1353 3236 1398 erat
3270 1344 3415 1398 assi-

1868 1422 2093 1476 derata:
2129 1424 2393 1494 dixitque,
2435 1446 2452 1478 ι
2483 1426 2637 1483 Scias
2682 1439 2730 1484 te
2773 1447 2890 1485 esse
2935 1448 3158 1497 sanam;
3190 1453 3208 1486 ι
3237 1435 3418 1488 abstu-

1865 1513 2030 1582 litque
2067 1515 2304 1571 furculas
2331 1519 2478 1587 juxta
2515 1521 2734 1587 positas,
2777 1523 3070 1592 detnlitque
3099 1526 3162 1578 ad
3192 1526 3416 1580 alteram

1866 1605 2094 1658 cubiculi
2130 1617 2358 1674 partem.
2390 1609 2661 1678 Evigiians
2690 1620 2868 1664 autem
2897 1613 2982 1666 illa
3039 1616 3336 1669 somniasse
3359 1631 3419 1669 se

1863 1701 2141 1764 credebat,
2183 1711 2346 1770 atque
2373 1703 2438 1756 ad
2474 1704 2710 1758 furculas
2735 1705 3022 1773 capiendas
3065 1721 3279 1758 manum
3319 1717 3419 1759 ex-

1863 1793 2106 1853 tendens.
2157 1796 2344 1850 deesse
2388 1795 2506 1848 illas
2559 1796 2935 1863 deprehendit.
2994 1797 3243 1851 Tentavit
3289 1812 3421 1865 ergo

211 1866 282 1923 bat
308 1872 524 1938 cjulare,
585 1891 695 1944 prae
721 1876 962 1930 cruciatu
991 1890 1150 1944 quem
1205 1875 1510 1929 sustinebat
1539 1890 1554 1927 :
1610 1872 1754 1943 quod
1791 1864 1832 1920 Β
1868 1893 1996 1931 num
2029 1880 2235 1948 absque
2263 1881 2328 1936 iis
2364 1898 2578 1938 movere
2617 1899 2674 1938 se
2718 1896 2920 1954 posset,
2975 1887 3328 1953 rnorebatque
3361 1864 3420 1940 Se

211 1977 401 2018 cernens
449 1964 664 2021 afﬂicta
725 1977 899 2022 mater
941 1981 1220 2037 pueroque
1271 1966 1622 2035 compatiens,
1677 1980 1756 2019 re-

211 2055 394 2110 cordata
438 2069 534 2113 est
577 2058 736 2127 lmjus
783 2059 1054 2114 benedicti
1105 2059 1317 2124 sancti,
1358 2059 1611 2128 vovitque
1659 2058 1754 2112 de-

213 2145 324 2201 ferre
363 2147 536 2202 filium
568 2149 620 2203 in
655 2149 942 2204 ecclesiam
989 2151 1076 2205 ubi
1112 2151 1226 2219 ejus
1256 2166 1451 2220 corpus
1480 2160 1750 2206 servatur.

209 2233 294 2293 Nec
321 2255 460 2294 mora
493 2259 510 2295 :
545 2251 773 2296 sanatus
821 2251 903 2297 est
935 2257 1088 2313 puer,
1121 2252 1175 2298 et
1205 2252 1386 2298 votum
1419 2258 1575 2299 suum
1628 2243 1749 2297 facta

212 2337 350 2384 mater
377 2326 614 2400 implere
651 2332 950 2387 festinavit.

266 2439 281 2471 ι
313 2422 418 2475 Alia
452 2422 689 2486 femina,
725 2424 956 2492 quadam
991 2424 1074 2479 sui
1105 2425 1346 2494 corporis
1393 2433 1544 2495 parte
1575 2425 1748 2493 impe-

211 2509 311 2573 dita.
345 2514 770 2568 commendabat
798 2530 857 2569 se
885 2515 1045 2569 variis
1081 2517 1274 2585 quibus
1314 2516 1507 2570 devote
1550 2515 1756 2570 allicie-

210 2599 336 2655 batur
359 2605 595 2670 sanctis,
632 2605 903 2674 praecipue
931 2605 981 2659 in
1011 2607 1323 2661 eorutndem
1366 2606 1752 2664 festivitatibus

209 2694 394 2758 gratiam
461 2688 748 2764 postulans
812 2696 1062 2750 sanitatis
1125 2717 1137 2752 :
1195 2697 1424 2767 denique
1472 2698 1634 2751 etiam
1687 2697 1754 2751 ad

209 2781 255 2837 S.
304 2787 666 2840 Athanasium
716 2801 776 2841 se
822 2797 1166 2854 convertens,
1217 2789 1502 2857 subitoque
1544 2800 1751 2854 curata,

209 2877 401 2933 nescivit
434 2879 655 2934 cuinam
693 2878 1053 2948 potissimum,
1076 2895 1140 2934 ex
1174 2880 1412 2950 pluribus
1443 2897 1578 2950 quos
1604 2882 1756 2935 invo-

206 2982 414 3036 caverat,
450 2982 736 3040 acceptam
783 2971 1002 3026 deberet
1029 2972 1314 3026 sanitatem
1359 2973 1582 3028 referre.
1618 2973 1752 3028 llinc

207 3063 324 3117 vario
365 3066 767 3134 cogitationum
810 3073 942 3118 mstu
981 3065 1182 3135 jactata
1235 3081 1354 3120 cum
1391 3067 1615 3120 multum
1645 3085 1746 3120 an-

207 3155 445 3218 xiaretur,
486 3165 546 3210 et
578 3156 666 3209 die
701 3156 933 3224 quadam
967 3163 1085 3210 orto
1136 3157 1273 3210 inter
1331 3156 1497 3226 ipsam
1526 3166 1583 3211 et
1619 3172 1752 3211 cou-

204 3257 375 3302 sortem
415 3248 591 3318 litigio
623 3257 810 3301 coacta
842 3246 1031 3301 fuisset
1062 3247 1220 3300 domo
1253 3248 1460 3317 egredi,
1492 3248 1668 3302 denuo
1694 3266 1753 3305 se

203 3339 583 3393 commendavit
652 3337 712 3394 S.
772 3337 1090 3405 Athanasio,
1150 3338 1376 3393 dicens:
1415 3356 1434 3390 ι
1489 3338 1750 3396 Osancte

208 3430 520 3495 «Athanasi,
552 3430 596 3484 si
634 3441 687 3484 tu
716 3443 776 3483 es
808 3429 896 3482 ille
932 3443 1024 3497 per
1049 3429 1202 3496 cujus
1239 3430 1430 3484 merita
1461 3429 1600 3484 Deus
1627 3431 1757 3486 mihi

204 3522 457 3575 «contulit
494 3521 811 3584 sanitatem,
853 3520 934 3573 fac
962 3519 1187 3574 obsecro
1224 3530 1281 3574 ut
1314 3520 1528 3574 domum
1569 3537 1757 3576 rever-

207 3628 220 3660 ι
247 3623 352 3666 tens
384 3627 574 3682 pacem
608 3612 881 3665 inveniam
907 3625 922 3663 :
954 3630 972 3662 ι
1003 3612 1298 3678 eodemque
1330 3612 1416 3665 die
1441 3613 1759 3668 desideratis

203 3707 364 3771 gratiae
393 3719 618 3774 compos
651 3703 814 3766 facta,
853 3703 1016 3756 vitam
1065 3703 1316 3771 deinceps
1354 3718 1475 3757 cum
1506 3714 1757 3758 consorte

202 3795 290 3862 egit
314 3796 364 3848 in
397 3810 554 3863 pace,
598 3792 1051 3861 quemadmodum
1083 3801 1262 3845 antea.

268 3880 588 3934 «Triremis
646 3881 892 3948 quaedam
941 3880 1222 3948 peregrina
1278 3879 1584 3947 jactabatur
1621 3891 1757 3936 tem-

204 3982 392 4038 pestate
421 3972 472 4026 iu
504 3972 662 4036 mari,
692 3987 816 4026 cum
857 3973 1245 4040 superveniens
1301 3972 1495 4028 fluctus
1527 3975 1755 4044 quinde-

203 4065 294 4120 cim
335 4083 396 4120 ex
427 4082 494 4122 eo
528 4067 780 4121 homines
815 4068 1012 4135 rapuit,
1059 4077 1114 4122 et
1171 4077 1397 4124 ueteres
1440 4070 1508 4123 ita
1539 4081 1758 4124 conter-

206 4159 322 4220 ruit,
351 4171 407 4212 ut
438 4161 504 4214 de
550 4161 659 4214 vita
719 4174 816 4215 sua
862 4160 1212 4228 desperantes
1250 4172 1469 4230 peccata
1528 4164 1757 4220 invicem

204 4253 599 4307 confiterentur.
632 4254 764 4308 Erat
799 4254 940 4306 inter
963 4266 1058 4307 eos
1079 4254 1321 4323 quidam,
1362 4256 1454 4324 qui
1486 4255 1758 4313 Constan-

207 4343 410 4411 tiuopoli
462 4344 736 4398 eXsistens
796 4342 973 4396 fuerat
1022 4343 1250 4399 devotus
1297 4344 1358 4400 S.
1411 4349 1756 4406 Athanasio:

208 4435 322 4492 huic
351 4454 477 4506 ergo
516 4448 699 4491 votum
733 4435 862 4490 facit
893 4451 908 4497 ;
955 4445 1011 4490 et
1038 4452 1164 4491 ecce
1192 4436 1384 4493 fluctus
1424 4440 1492 4494 ab
1536 4441 1642 4495 alio
1675 4442 1756 4496 la-

1856 1969 2058 2038 optime
2087 1987 2103 2025 :
2134 1987 2304 2040 quare
2326 1974 2506 2027 subito
2533 1990 2851 2045 assurgens,
2886 1979 3117 2032 maxima
3155 1994 3274 2031 cum
3322 1978 3418 2030 lae-

1859 2059 1977 2113 titia
2024 2062 2261 2128 perrexit
2312 2061 2377 2116 ad
2421 2064 2722 2118 cubiculum
2756 2065 2982 2119 domina:
3011 2081 3157 2129 suae;
3188 2075 3243 2118 et
3269 2064 3420 2133 quid-

1858 2150 1986 2218 quid
2021 2150 2298 2206 acciderat
2326 2153 2427 2206 sibi
2461 2154 2633 2208 eidem
2687 2156 2950 2209 narravit.
2991 2155 3082 2208 Die
3117 2163 3297 2208 autem
3337 2154 3417 2207 fu-

1859 2249 1947 2294 cto
2001 2242 2148 2296 venit
2201 2241 2268 2296 ad
2317 2241 2570 2296 Sanctam
2621 2243 2848 2298 Crucem
2902 2246 2953 2298 in
3020 2242 3238 2298 Judaica
3293 2258 3416 2297 cum

1860 2334 2056 2403 gaudio
2095 2351 2311 2405 magno,
2357 2337 2672 2405 curavitque
2721 2337 2792 2392 ibi
2836 2335 3156 2391 cantandum
3197 2334 3416 2387 missam

1855 2425 1910 2480 ln
1977 2427 2235 2480 honorem
2309 2427 2468 2495 hujus
2537 2427 2755 2497 gloriosi
2829 2428 2889 2482 S.
2947 2426 3229 2480 Athanasii
3282 2443 3295 2481 :
3363 2432 3419 2478 et

1859 2518 1910 2571 in
1941 2529 2347 2573 monumentum
2379 2519 2508 2574 facti
2540 2520 2593 2573 in
2623 2535 2682 2574 se
2713 2519 2960 2573 miraculi
2988 2518 3183 2573 ibidem
3214 2532 3414 2586 appen-

1857 2612 1934 2665 dit
1962 2610 2199 2666 furculas
2246 2623 2393 2677 snas,
2450 2611 2675 2665 laudans
2721 2611 2884 2664 Deum
2932 2618 2987 2664 et
3030 2610 3172 2663 hunc
3201 2608 3420 2663 benedi-

1857 2710 2003 2754 ctum
2049 2700 2329 2765 Sanctum,
2365 2701 2457 2771 qui
2504 2709 2612 2754 tam
2655 2699 2940 2770 pulchrum
2991 2697 3308 2752 miraculum
3361 2697 3417 2750 in

1860 2804 1919 2846 se
1946 2791 2122 2844 fuerat
2148 2801 2424 2857 operatus.

1936 2898 1954 2932 ι
1988 2879 2082 2934 Vir
2113 2881 2329 2949 quidam
2370 2882 2623 2936 honestus
2667 2895 2733 2935 ex
2773 2880 3003 2935 Pastena
3053 2888 3108 2934 et
3156 2880 3260 2933 duo
3299 2878 3419 2945 ejus

1861 2970 1955 3024 filii
1994 2971 2332 3040 patiebantur
2363 2987 2580 3040 gravent
2629 2972 2998 3026 infirmitatem
3043 2989 3059 3025 :
3113 2984 3340 3036 cmnqne
3367 2967 3418 3020 ei

1859 3063 2094 3116 venisset
2134 3061 2185 3114 in
2229 3061 2540 3114 memoriam
2573 3062 2789 3131 egregia
2837 3061 3102 3115 festivitas
3139 3075 3243 3128 qua
3273 3057 3419 3111 cele-

1860 3155 2011 3208 brata
2040 3154 2214 3206 fuerat
2261 3150 2322 3206 ὃ.
2365 3153 2644 3206 Athanasii
2678 3152 2979 3216 translatio,
3012 3150 3186 3206 eidem
3219 3163 3337 3203 sese
3362 3156 3419 3200 et

1867 3247 2004 3302 filios
2062 3262 2190 3301 suos
2237 3247 2448 3301 devovit
2495 3263 2508 3300 :
2559 3246 2856 3313 eademque
2907 3245 3035 3298 hora
3076 3244 3247 3297 sanati
3293 3248 3419 3294 sunt

1861 3352 2050 3392 omnes
2099 3339 2166 3390 ab
2216 3336 2528 3391 infirmitate
2581 3336 2689 3391 illa.
2721 3334 2979 3390 Similiter
3012 3335 3190 3389 subi-to
3218 3347 3418 3386 conva-

1859 3431 1954 3484 luit
1999 3444 2152 3500 puer,
2195 3444 2352 3498 quem
2398 3429 2628 3482 animam
2673 3441 2833 3496 agerc
2880 3426 3068 3480 videns
3119 3435 3314 3487 mater,
3338 3423 3417 3476 ei-

1861 3521 1980 3574 dem
2040 3520 2238 3573 Sancto
2273 3520 2583 3572 devoverat.
2623 3515 2814 3570 Mulier
2849 3515 3093 3584 quazdam
3124 3528 3186 3567 ex
3222 3510 3415 3577 ilerza,

1862 3611 2137 3666 mensibus
2195 3620 2320 3664 octo
2366 3609 2601 3674 infirma,
2630 3618 2683 3663 et
2710 3617 2816 3662 tam
2845 3607 2961 3661 dire
2987 3604 3223 3658 cruciata
3251 3613 3304 3654 ut
3329 3603 3418 3654 diu

1862 3713 2129 3771 noctuque
2180 3702 2569 3756 vociferaretur
2619 3699 2848 3768 ejulans,
2907 3698 3156 3766 nulloque
3200 3698 3422 3750 invento

1865 3794 2102 3848 remedio
2129 3795 2197 3847 ad
2231 3792 2420 3847 mortis
2451 3791 2738 3846 articulum
2787 3789 3011 3845 deducta
3049 3787 3418 3856 judicaretur;

1868 3884 2145 3938 recordata
2176 3892 2259 3938 est
2290 3883 2505 3953 gloriosi
2541 3883 2599 3937 S.
2637 3880 2945 3945 Athanasii,
2979 3879 3136 3948 eique
3177 3893 3234 3930 se
3272 3891 3422 3929 com.

1866 3976 2141 4029 mendavit
2188 3991 2308 4030 cum
2353 3974 2625 4029 desiderio
2665 3973 2914 4042 tangendi
2958 3970 3157 4040 aliquid
3192 3969 3258 4023 de
3304 3967 3424 4021 reli-

1866 4071 2007 4140 quiis
2059 4071 2193 4137 ejus.
2244 4071 2400 4124 Venit
2454 4079 2636 4122 autem
2693 4070 2738 4123 ei
2791 4069 2844 4122 in
2895 4077 3126 4121 mentem
3172 4062 3422 4126 aunuius,

1875 4178 2033 4231 quem
2065 4162 2132 4215 ab
2163 4161 2414 4230 episc0po
2450 4159 2706 4214 Patavine
2748 4168 3074 4228 acceperant
3115 4157 3425 4211 reverenda:

1867 4263 2071 4307 matres
2115 4253 2431 4307 monasterii
2477 4269 2505 4306 a
2551 4267 2779 4319 corpore
2837 4251 3045 4304 Domini
3093 4246 3422 4316 nuncupali,

1870 4346 1960 4414 qui
1997 4344 2226 4398 atmulus
2256 4344 2429 4398 sancti
2464 4343 2709 4413 corporis
2744 4351 2949 4394 attactu
2978 4348 3095 4392 erat
3139 4353 3424 4392 consecra-

1865 4449 1978 4494 tus.
2011 4436 2174 4492 Petiit
2215 4451 2344 4504 ergo
2392 4435 2535 4489 illum
2582 4435 2682 4488 sibi
2730 4433 2908 4486 afferri
2936 4446 3002 4485 ex
3045 4431 3189 4484 dicto
3233 4444 3420 4481 mona-

209 4538 313 4584 tere
356 4532 406 4585 in
457 4532 635 4585 navim
686 4529 913 4585 veniens
949 4529 1092 4598 ipsos
1119 4530 1237 4584 illos
1270 4530 1576 4597 quindecim
1619 4549 1754 4600 quos
1789 4542 1837 4602 ι)
1865 4531 2054 4595 sterio,
2082 4527 2406 4595 allatnmque
2436 4525 2612 4593 posuit
2654 4538 2718 4576 eo
2753 4522 2854 4576 loci
2887 4521 2974 4573 ubi
3007 4519 3261 4587 majorem
3301 4533 3424 4570 seu-

213 4624 343 4689 prior
373 4630 687 4676 excusserat
719 4623 774 4674 in
802 4635 920 4674 eam
952 4624 1211 4690 reposuit,
1245 4621 1488 4692 factaque
1529 4633 1612 4678 est
1661 4641 1753 4679 su-

209 4712 307 4766 bito
373 4714 732 4782 tranquillitas
801 4727 1011 4779 magna.
1079 4713 1321 4768 Scientes
1368 4726 1546 4769 autetn
1613 4720 1755 4785 quod

211 4818 384 4873 corpus
412 4806 469 4860 S.
500 4805 788 4860 Athanasii
824 4801 1063 4858 Venetiis
1099 4803 1212 4872 jam
1258 4817 1422 4873 esset,
1453 4823 1614 4874 quam
1651 4811 1756 4878 pri-

213 4913 334 4951 mum
363 4909 582 4968 potuere
618 4900 762 4955 istuc
800 4908 1061 4953 venerunt
1102 4915 1116 4952 :
1172 4910 1402 4969 votoque
1449 4917 1556 4970 quo
1602 4913 1758 4960 erant

210 4990 403 5059 obligati
432 4993 670 5062 expleto,
709 4991 1216 5047 sanctimoniaiibus
1261 5005 1624 5049 narraveruut
1658 4996 1758 5050 mi-

212 5086 424 5140 raculum
455 5087 594 5155 quod
638 5085 742 5138 sibi
776 5083 1072 5137 acciderat.

275 5193 290 5225 ι
324 5176 487 5232 Nobili
514 5177 734 5232 cuidam
769 5184 1030 5228 matrona:
1058 5174 1258 5228 famula
1287 5184 1404 5228 erat
1433 5175 1753 5242 nasiderala,

213 5267 517 5337 multumque
547 5267 772 5331 afflicta,
808 5281 875 5320 eo
902 5267 1040 5333 quod
1072 5266 1274 5320 nullam
1307 5267 1528 5321 haberet
1555 5270 1757 5338 absque

213 5357 602 5414 suhaxillaribus
633 5357 829 5411 fulcris
860 5356 1136 5424 gradiendi
1168 5358 1500 5411 facultatem.
1534 5357 1669 5413 lluic
1702 5359 1754 5413 in

213 5446 388 5506 visione
429 5451 688 5521 apparuit
725 5449 1012 5517 episcopus
1046 5448 1264 5517 quidam
1303 5449 1529 5503 dicens:
1568 5470 1584 5501 ι
1616 5449 1758 5505 Vade

212 5557 225 5587 ι
255 5542 310 5594 ad
348 5543 598 5600 Sanctam
629 5543 868 5599 Crucem
901 5541 951 5594 in
981 5539 1223 5604 Judaica,
1253 5551 1307 5595 et
1350 5540 1437 5594 isti
1478 5542 1676 5596 Sancto
1709 5551 1759 5596 te

207 5648 223 5680 ι
250 5639 558 5692 commenda
607 5652 623 5689 :
679 5634 798 5703 ipse
825 5632 991 5697 enim,
1022 5631 1114 5685 Dei
1161 5638 1331 5700 gratia
1369 5636 1658 5704 mediante,
1708 5647 1758 5693 te

204 5742 220 5776 ι
247 5731 468 5784 sanabit.
506 5748 525 5782 ι
567 5727 854 5797 Evigilans
881 5739 1038 5792 porro
1059 5726 1192 5780 dixit
1214 5726 1444 5781 domina:
1476 5742 1586 5781 sum
1613 5745 1759 5796 qum-

194 5829 391 5896 cunque
421 5820 632 5875 viderat
667 5825 725 5873 et
758 5815 1022 5892 audierat,
1057 5830 1247 5885 rogans
1288 5827 1343 5872 ut
1383 5816 1551 5886 ipsam
1599 5817 1759 5872 doceo

1867 4623 2035 4676 tiebat
2063 4619 2386 4678 cruciatum,
2412 4631 2474 4669 ac
2504 4615 2684 4668 subito
2731 4611 2968 4667 dormire
3028 4610 3215 4677 C(Bpil,
3265 4608 3424 4660 vidit-

1869 4729 1976 4784 que
2003 4724 2197 4778 pueros
2236 4707 2430 4761 multos
2478 4705 2618 4758 albis
2664 4703 2904 4766 vestitos,
2944 4702 3190 4770 interque
3216 4715 3308 4753 eos
3338 4701 3422 4752 vi—

1864 4823 1982 4860 rum
2009 4803 2291 4864 illustrem,
2319 4809 2373 4853 et
2401 4799 2490 4868 qui
2516 4798 2685 4853 dixit:
2715 4814 2733 4847 ι
2757 4795 2892 4863 Quid
2918 4794 3009 4848 tibi
3037 4803 3117 4848 est
3145 4791 3372 4845 mulier?
3404 4810 3420 4841 ι

1863 4897 1956 4952 illa
2002 4909 2148 4960 vero,
2209 4912 2225 4943 ι
2265 4891 2379 4945 Ahl
2419 4889 2614 4944 malum
2644 4889 2863 4960 grande.
2911 4905 2929 4937 ι
2973 4885 3091 4954 Ipse
3126 4893 3302 4936 autem
3335 4898 3429 4934 ca-

1868 4991 1964 5060 piti
2006 4987 2122 5059 ejus
2158 4985 2410 5054 imposuit
2437 4998 2653 5037 manum
2690 4981 2914 5035 dicens:
2945 4997 2964 5029 v
2996 4976 3178 5030 Redde
3204 4987 3254 5029 te
3298 4975 3426 5027 mihi

1863 5102 1884 5133 ι
1923 5089 2137 5150 sponte.
2174 5077 2376 5131 nullum
2432 5075 2574 5130 enim
2618 5072 2846 5141 amplius
2893 5069 3091 5124 malum
3155 5065 3376 5120 senties.
3405 5082 3422 5113 ι

1865 5176 2018 5230 Tunc
2057 5171 2143 5225 illa
2175 5168 2445 5223 curiosius
2486 5167 2699 5222 intuens
2731 5164 2863 5218 vidit
2889 5177 3012 5215 eum
3060 5173 3179 5213 esse
3223 5158 3428 5223 absque

1859 5265 2072 5333 capite:
2114 5271 2168 5315 et
2219 5267 2534 5330 experrecta
2584 5256 2827 5312 narravit
2858 5255 2976 5308 viro
3022 5268 3118 5306 suo
3149 5263 3243 5319 per
3278 5247 3426 5301 ordi~

1861 5369 1982 5408 netu
2031 5367 2150 5422 qua:
2196 5351 2425 5405 viderat.
2474 5349 2571 5403 Cui
2609 5348 2689 5402 vir
2742 5359 2913 5402 snns:
2961 5362 2979 5394 ι
3012 5343 3187 5403 Scias,
3229 5336 3426 5404 inquit,

1865 5461 1883 5495 ι
1913 5459 2036 5499 eum
2085 5454 2357 5506 sanctum,
2389 5444 2479 5511 qui
2509 5440 2740 5495 habetur
2787 5438 2850 5489 ad
2889 5436 3140 5489 Sanctam
3174 5432 3423 5491 Crucem,

1866 5557 1885 5590 ι
1917 5538 2111 5607 cuique
2150 5547 2202 5592 te
2239 5535 2652 5596 commendasti,
2688 5547 2789 5585 non
2828 5530 3027 5582 habere
3065 5534 3248 5592 caput.
3284 5540 3302 5573 ι
3341 5521 3425 5574 Ab

1865 5647 2035 5701 eaque
2076 5631 2206 5684 bora
2237 5638 2290 5683 et
2318 5629 2567 5695 deinceps
2597 5621 2858 5679 remansit
2891 5632 3020 5673 sana
3047 5617 3114 5670 ab
3145 5615 3291 5669 onmi
3337 5613 3422 5667 iud

1863 5723 2138 5777 firmitate.

1942 5837 1961 5872 ι
1993 5815 2179 5872 Mulier
2205 5815 2332 5870 alia.
2379 5828 2406 5867 a
2441 5808 2633 5881 primis
2658 5805 2899 5871 pueritiae
2922 5803 3095 5871 annis,
3128 5801 3420 5858 maximum
