4010 6574
570 469 792 514 CCLXXII

1886 436 2421 501 PROLEGOMENA.

572 562 814 619 dolorem
848 554 1157 634 patiebatur
1189 577 1241 615 tn
1283 560 1420 625 tihta,
1441 576 1505 617 ex
1542 557 1767 631 quodam
1814 559 1929 630 ejus
1980 558 2128 614 defe-
2157 563 2203 619 Α
2237 559 2368 612 tium
2399 555 2623 618 minuti;
2655 549 2921 625 qualia'iu
2955 550 3236 625 plerisque
3273 562 3459 611 eorum
3480 591 3496 615 ,
3528 560 3651 619 qna:
3676 558 3807 618 post

564 642 660 717 cui
683 670 701 722 ;
732 654 867 709 adeo
894 663 953 708 ut
995 653 1209 708 nonnisi
1252 649 1540 723 pauxillum
1592 662 1774 721 posset
1821 651 2121 721 ambulare.

566 744 700 797 Cum
758 742 922 814 igitur
969 742 1128 797 annis
1184 741 1370 796 multis
1412 756 1530 795 eam
1569 740 1941 795 inﬁrmitatem
1992 739 2121 795 tole-

567 841 763 899 rasset,
794 833 1190 888 commendavit
1219 847 1277 886 se
1318 830 1377 886 S.
1410 831 1725 897 Athanasio,
1765 831 1851 886 cui
1879 832 1991 901 jam
2029 846 2126 884 an-

567 933 649 975 tea
681 925 905 978 multum
942 924 1130 979 devota
1172 923 1372 989 fuerat,
1416 923 1556 977 haud
1606 924 1790 992 paucis
1815 924 1884 977 ah
1908 938 1973 977 eo
2002 938 2126 992 gra-

566 1014 658 1067 tiis
694 1014 816 1068 aliis
844 1025 1143 1069 munerata.
1175 1013 1435 1079 Quamvis
1474 1021 1651 1068 autem
1697 1012 1927 1067 difficilis
1956 1014 2125 1082 impe-

567 1111 713 1157 tratu
746 1104 847 1171 ipsi
876 1104 1146 1159 videretur
1172 1103 1378 1158 sanitas
1416 1118 1537 1169 sua,
1567 1119 1690 1158 cum
1724 1119 1916 1174 magna
1945 1113 2124 1157 tamen

568 1192 764 1248 ﬁducia
798 1206 849 1249 et
873 1195 1162 1249 devotione
1188 1195 1352 1248 etiam
1384 1195 1523 1249 hanc
1554 1195 1784 1264 gratiam
1825 1196 1893 1250 ab
1940 1196 2125 1249 eodem

567 1286 809 1341 decrevit
835 1297 1039 1356 petere.
1074 1287 1214 1340 votis
1247 1296 1302 1341 et
1331 1288 1583 1356 precibus
1609 1289 1676 1342 ad
1716 1303 1838 1342 eum
1868 1286 2125 1341 directis:

564 1378 850 1447 subitoque
896 1378 1122 1433 liberam
1172 1393 1232 1432 se
1281 1381 1521 1433 sentiens
1551 1420 1568 1444 ,
1615 1378 1893 1433 ambulare
1940 1376 2126 1445 coepit,

565 1470 725 1524 solita
763 1470 1018 1539 deinceps
1049 1470 1231 1524 dicere
1271 1469 1490 1540 saepius,
1521 1470 1663 1538 quod
1712 1470 1941 1523 libenter
1971 1466 2132 1522 fecis-

567 1569 651 1615 set
675 1574 866 1613 manus
906 1560 1064 1613 unius
1095 1559 1362 1627 iacturam
1391 1574 1487 1628 pro
1515 1558 1772 1613 facultate
1819 1555 2126 1611 ambulandi

566 1648 877 1702 obtinenda.
909 1648 1089 1714 Quare
1125 1663 1193 1703 ex
1224 1663 1291 1703 eo
1328 1650 1470 1718 quod
1502 1648 1605 1703 sibi
1635 1648 1905 1702 acciderat
1934 1661 2128 1702 conso-

568 1738 830 1794 latissima
887 1741 1163 1805 remansit,
1245 1756 1345 1797 nec
1391 1740 1673 1795 videbatur
1719 1738 1923 1806 expleri
1973 1754 2134 1809 posse

566 1831 788 1899 agendis
818 1830 922 1885 Deo
955 1831 1145 1902 gratiis
1177 1840 1232 1886 et
1264 1830 1549 1886 benedicto
1601 1829 1717 1900 ejus
1766 1830 1990 1893 Sancto,
2032 1844 2130 1900 pro

2235 659 2460 705 mortem
2496 651 2698 718 integra
2740 646 3132 716 quadamtenus
3179 652 3575 706 monstrantur,
3601 657 3802 710 corpo-

2232 757 2352 797 rum
2382 749 2687 795 sanctorum
2725 737 2925 807 passim
2953 736 3303 808 conspexisse
3336 734 3556 788 memini
3582 733 3606 787 ?
3636 732 3799 785 Dein-

2228 832 2297 887 de
2320 830 2579 886 ordinarii
2619 829 2760 883 sacci
2797 842 3046 881 mensura
3074 866 3089 891 ,
3115 826 3208 896 qui
3239 840 3434 894 corpus
3460 839 3659 892 capere
3690 837 3798 876 non

2228 924 2527 994 potuisset,
2565 919 2667 974 nisi
2702 918 2856 973 flexis
2900 917 2953 972 in
2988 926 3171 986 tergus
3218 916 3443 985 pedibus
3490 914 3798 968 immissum

2230 1015 2400 1077 foret;
2437 1013 2649 1077 suadet,
2683 1011 2861 1080 capite
2905 1010 3249 1064 imminutum
3308 1006 3472 1062 fuisse
3518 1016 3797 1068 truncum,

2228 1125 2351 1164 nam
2372 1108 2533 1163 etiam
2573 1108 2675 1162 hoc
2714 1105 2875 1160 altius
2907 1119 3065 1159 sacco
3091 1103 3414 1165 exstitisset,
3450 1114 3549 1155 nec
3578 1099 3805 1154 sivisset

2231 1212 2475 1268 naupego
2494 1196 2739 1252 eumdem
2767 1208 2982 1249 saccum
3021 1194 3351 1248 abscondere
3387 1192 3486 1245 sub
3519 1203 3587 1244 eo
3635 1202 3798 1257 quem

2229 1286 2446 1343 indutus
2473 1295 2590 1340 erat
2624 1282 3007 1340 bardocucullo
3035 1298 3051 1336 :
3078 1283 3279 1351 absque
3308 1280 3399 1335 illo
3446 1289 3632 1333 autem
3680 1292 3805 1331 sar-

2232 1378 2351 1433 cina
2379 1416 2396 1441 ,
2427 1377 2571 1432 haud
2614 1375 2778 1430 multo
2817 1374 2936 1444 plus
2960 1389 3119 1443 quam
3154 1382 3262 1428 tres
3283 1381 3337 1427 et
3369 1371 3605 1426 medium
3633 1368 3803 1439 pedes

2230 1468 2389 1536 longa
2412 1504 2430 1533 ,
2487 1464 2687 1521 deferri
2717 1464 2817 1519 sub
2848 1461 3008 1518 axilla
3045 1462 3187 1517 haud
3215 1459 3498 1517 dilliculter
3528 1458 3583 1513 iu
3638 1472 3805 1513 sacco

2228 1558 2421 1631 potuit.

2302 1651 2372 1703 At
2426 1649 2659 1718 q'uonam
2709 1645 2942 1701 delatum
2992 1651 3154 1716 caput
3208 1641 3500 1698 dicemus?
3556 1638 3809 1695 Venetiis

2233 1740 2492 1806 creditur,
2521 1739 2728 1808 pridem
2766 1737 2894 1793 illud
2921 1736 3106 1791 Roma:
3133 1735 3343 1790 haberi.
3370 1732 3426 1788 Id
3450 1732 3494 1787 si
3522 1732 3649 1799 fuit,
3700 1731 3799 1784 ad-

2236 1832 2453 1886 modum
2495 1832 2702 1901 pridem
2758 1830 2925 1887 fuisse
2980 1828 3410 1899 oportuit:nam
3464 1824 3628 1879 modo
3657 1823 3801 1877 nulla

570 1921 754 1976 favore
778 1932 884 1976 tam
917 1922 1200 1994 singulari.
1237 1922 1418 1976 Infans
1447 1921 1666 1991 quidam
1700 1921 1772 1975 ita
1808 1920 2050 1991 leprosus
2076 1922 2127 1975 in
2160 1907 2203 1963 Β
2229 1924 2350 1991 ejus
2385 1924 2456 1978 ibi
2496 1923 2684 1977 notitia
2712 1933 2803 1977 aut
2835 1921 3113 1977 memoria.
3143 1920 3239 1975 Fr.
3271 1918 3567 1987 Gregorius
3596 1915 3803 1971 Bravur

567 2016 823 2069 mundum
872 2025 1031 2069 natus
1079 2024 1220 2081 erat,
1269 2025 1327 2068 ut
1369 2030 1492 2077 cum
1548 2013 1730 2070 fascia:
1769 2015 1817 2069 ei
1859 2029 1922 2068 ac
1970 2013 2129 2084 panni

568 2116 930 2171 mutarentur,
978 2122 1174 2162 carnes
1222 2106 1541 2161 deciderent
1590 2114 1645 2160 et
1672 2105 1866 2160 tenella
1890 2121 2010 2160 ossa
2048 2115 2131 2160 to-

568 2194 677 2249 tius
718 2195 962 2264 corporis
992 2196 1130 2250 nuda
1164 2204 1506 2265 apparerent.
1552 2184 1668 2250 Non
1723 2195 1954 2250 audebat
1988 2195 2132 2249 illius

569 2296 744 2339 mater
791 2286 1305 2340 medicamentorum
1360 2285 1637 2354 quidpiam
1697 2286 1987 2340 admovere
2058 2286 2131 2352 ei,

568 2384 819 2429 metuens
865 2389 931 2430 ne
965 2376 1117 2444 pejus
1153 2374 1351 2430 exinde
1395 2376 1652 2430 haberet:
1687 2375 1859 2430 solum
1891 2390 2013 2429 cum
2041 2376 2132 2429 de-

568 2464 784 2517 votione
831 2473 886 2517 et
930 2464 1035 2518 ﬁde
1083 2466 1315 2518 maxima
1379 2479 1657 2519 recursum
1727 2464 1914 2517 habuit
1958 2465 2022 2518 ad
2071 2464 2130 2519 8.

569 2553 958 2608 Athanasium:
994 2555 1077 2608 cui
1108 2571 1227 2608 mox
1253 2564 1415 2625 atque
1442 2565 1622 2610 votum
1665 2554 1811 2618 fecit,
1844 2555 2022 2609 infans
2048 2564 2130 2611 to-

570 2652 661 2696 tus
690 2657 854 2697 sanus
884 2643 1201 2713 integerque
1231 2646 1501 2717 apparuit,
1551 2655 1806 2715 tanquam
1841 2646 1973 2700 nihil
2004 2647 2133 2702 mali

577 2748 814 2802 unquam
846 2749 1055 2803 passus.

656 2843 675 2877 ι
708 2824 929 2881 iuvenis
965 2827 1205 2896 quidam,
1240 2828 1400 2883 annis
1428 2838 1658 2898 quatuor
1696 2829 1980 2886 incurabili
2008 2838 2136 2885 corl-

575 2929 822 2988 sutnptus
851 2917 1019 2989 lepra,
1059 2929 1176 2973 erat
1203 2935 1233 2974 a
1269 2920 1489 2976 medicis
1518 2922 1833 2991 depositus:
1876 2938 2047 2993 quare
2069 2924 2134 2977 ad

579 3007 641 3063 8.
676 3009 1026 3066 Athanasium
1066 3024 1187 3068 vota
1235 3021 1291 3067 et
1335 3028 1488 3082 spem
1538 3015 1830 3081 convertit,
1863 3030 1927 3069 ac
1957 3015 2135 3070 subito

580 3102 777 3157 melius
814 3103 1012 3160 habere
1044 3104 1229 3174 cmpit,
1272 3115 1502 3174 cuteque
1537 3106 1740 3160 siccata
1777 3107 1910 3160 nihil
1958 3108 2008 3161 ei
2047 3121 2138 3161 ve-

578 3192 710 3248 teris
736 3193 902 3248 morbi
943 3198 1205 3251 remansit
1236 3206 1430 3268 prmter
1465 3197 1717 3266 exiguum
1745 3198 2049 3266 vestigium,
2073 3212 2138 3251 eo

576 3281 682 3335 loci
718 3282 807 3335 ubi
839 3283 1070 3350 primum
1099 3296 1441 3355 apparuerat.
1487 3287 1617 3340 Erat
1650 3298 1829 3340 autem
1854 3298 1981 3341 tunc
2024 3287 2139 3343 dies

577 3371 800 3427 Sabbati
827 3415 842 3441 ,
874 3372 1037 3429 Lunai
1076 3386 1253 3430 autem
1284 3377 1530 3444 sequenti
1565 3378 1709 3431 venit
1764 3378 1877 3447 ipse
1920 3379 1986 3433 ad
2013 3379 2141 3433 visi-

581 3464 798 3517 tandum
857 3464 1199 3523 benedictum
1256 3466 1400 3519 hunc
1438 3465 1496 3520 8.
1550 3465 1905 3522 Athanasium
1939 3478 2033 3524 :et
2086 3471 2138 3524 in

580 3553 895 3612 memoriam
948 3555 1079 3613 tanti
1141 3555 1421 3625 miraculi,
1469 3557 1646 3628 posito
1672 3559 1876 3624 veteri,
1928 3574 2141 3614 assum-

577 3644 687 3714 psit
737 3660 931 3700 nomen
986 3647 1287 3702 Athanasii.
1352 3648 1491 3701 Puer
1545 3649 1761 3718 quidam
1815 3650 1972 3707 annis
2030 3647 2141 3721 jam

582 3733 754 3787 tribus
809 3744 1072 3801 quartana
1122 3738 1402 3792 laborabat
1452 3740 1583 3794 febri
1639 3742 1923 3796 admodum
1983 3745 2143 3798 vehe—

581 3823 771 3890 menti,
797 3834 852 3879 et
883 3826 1088 3881 nullum
1120 3828 1171 3881 in
1205 3831 1428 3885 medicis
1455 3843 1548 3885 aut
1578 3833 1858 3889 medicinis
1909 3837 2145 3905 reperie-

581 3915 675 3969 bat
706 3915 968 3983 levamen,
1009 3920 1183 3975 douec'
1213 3931 1367 3990 pater
1408 3938 1537 3978 suus
1575 3940 1696 3979 eum
1745 3928 2145 3983 commendavit

585 4007 645 4061 S.
676 4009 1005 4077 Athanasio,
1052 4010 1208 4080 cujus
1262 4014 1475 4070 meritis
1521 4016 1608 4072 ille
1647 4034 1769 4073 mox
1820 4030 2146 4091 persanatus

584 4097 709 4153 fuit.
740 4117 759 4151 ι

711 4186 784 4241 De
807 4188 950 4242 cultu
982 4193 1120 4247 sacri
1147 4194 1329 4263 capitis
1358 4195 1413 4248 in
1441 4194 1699 4266 Hispania
1725 4208 1771 4253 et
1809 4196 2036 4261 Gallia.)
2086 4186 2091 4191 ’

656 4279 882 4335 Sacrum
911 4281 969 4338 8.
992 4284 1272 4341 Athanasii
1309 4302 1526 4357 corpus,
1559 4305 1664 4343 nou
1698 4292 1857 4345 modo
1885 4308 2025 4346 nunc
2048 4307 2139 4346 ca-

585 4384 710 4425 rere
744 4372 921 4440 capite
950 4373 1299 4444 deprehendit
1341 4379 1406 4433 ll.
1441 4379 1502 4434 P.
1535 4380 1790 4451 Aloysius
1821 4382 2140 4449 Carnolius;

584 4462 679 4515 sed
715 4476 744 4515 a
776 4463 1038 4534 principio
1072 4481 1182 4522 sua:
1204 4472 1270 4523 ad
1297 4467 1526 4525 Venetos
1553 4472 1924 4527 translationis
1944 4479 2148 4544 alisque

585 4569 652 4608 eo
674 4552 860 4621 fuisse,
887 4556 1168 4613 manifeste
1193 4572 1416 4629 apparet
1452 4578 1517 4616 ex
1540 4563 1722 4618 verbis
1751 4580 1914 4634 supra
1941 4566 2145 4630 relatis,

587 4660 709 4699 cum
744 4646 802 4701 8.
833 4647 1161 4704 Athanasius
1188 4653 1524 4708 moribundae
1574 4656 1783 4711 mulieri
1834 4666 1983 4711 esset
2031 4658 2151 4712 sine

588 4738 763 4804 capite
779 4751 1114 4807 conspectus.
1143 4742 1400 4809 Quamvis
1423 4745 1569 4799 enim
1597 4749 1648 4800 in
1675 4757 1784 4802 tota
1816 4750 2147 4817 praecedenti

588 4828 900 4883 narratione
931 4841 986 4884 et
1030 4834 1279 4889 exaurine
1306 4876 1321 4901 ,
1376 4850 1537 4906 super
1582 4838 1729 4893 allati
1763 4851 1856 4894 aut
1890 4841 2151 4895 afferendi

589 4921 835 4989 corporis
868 4922 1097 4977 veritate
1132 4924 1319 4980 habito
1343 4966 1358 4990 ,
1388 4928 1530 4980 nulla
1584 4927 1674 4981 ﬁat
1731 4931 1933 4985 mentio
1963 4932 2153 5000 Capitis

591 5012 933 5077 deﬁcientis;
970 5014 1104 5068 satis
1167 5026 1344 5073 tamen
1396 5020 1447 5073 id
1501 5022 1791 5090 colligitur,
1854 5023 2028 5092 primo
2086 5040 2153 5078 ex

593 5100 776 5155 verbis
820 5104 1017 5158 nobilis
1045 5105 1187 5161 illius
1218 5108 1431 5173 Veneti,
1476 5111 1567 5178 qui
1606 5112 1889 5167 dubitabat
1914 5128 1982 5167 an
2015 5128 2155 5184 saepe

589 5192 693 5247 sibi
739 5194 913 5247 visum
946 5212 1142 5266 corpus
1174 5209 1321 5254 esset
1349 5202 1631 5271 aguiturus
1660 5242 1674 5268 ,
1707 5213 1829 5273 post
1855 5220 2022 5259 annos
2060 5220 2151 5259 sex

591 5285 788 5354 quibus
836 5286 1304 5361 Constantinopoli
1347 5308 1451 5346 non
1497 5292 1719 5358 fuerat,
1754 5295 1856 5349 nisi
1904 5311 1968 5350 ex
2002 5297 2154 5366 digiti

594 5377 753 5430 unius
780 5375 1027 5443 defectu;
1071 5393 1138 5432 ex
1174 5380 1386 5434 duabus
1417 5382 1647 5436 maculis
1685 5383 1853 5451 nigris
1877 5421 1892 5447 ,
1925 5384 1976 5437 in
2011 5392 2159 5452 tergo

593 5467 833 5534 ejusdem
867 5472 1110 5540 corporis
1146 5474 1424 5541 requisitis
1450 5512 1466 5537 ,
1523 5474 1675 5543 juxta
1706 5475 1891 5530 Jacobi
1928 5476 2159 5531 tonsoris

599 5560 989 5615 testimonium.
1050 5564 1262 5630 Quanto
1298 5565 1440 5618 enim
1493 5566 1829 5620 distiuctiora
1886 5566 2162 5633 magisque

596 5652 755 5705 obvia
784 5651 981 5708 indicia
1024 5669 1117 5710 seu
1150 5656 1302 5726 signa
1352 5655 1662 5710 distinctiva
1715 5655 1921 5710 desumi
1954 5660 2162 5723 potuis-

600 5748 741 5806 sent,
773 5756 839 5796 ex
876 5743 1044 5798 forma
1089 5756 1146 5800 et
1185 5756 1329 5800 Statu
1371 5746 1551 5800 vultus
1580 5745 1797 5815 integri,
1847 5753 1941 5798 aut
1971 5756 2153 5803 extre-

598 5831 880 5894 mitatibus
918 5838 1161 5909 narium,
1195 5841 1429 5911 aurium,
1461 5841 1544 5898 vel
1576 5838 1846 5920 Vlabiorum
1897 5838 2153 5896 deﬁcien-

2232 2016 2298 2071 de
2329 2016 2669 2085 Sotomayor,
2702 2016 2755 2068 in
2802 2013 3025 2068 historia
3075 2010 3388 2068 monasterii
3418 2006 3807 2064 Vallis-Vena-

2232 2123 2349 2162 rutn
2383 2108 2539 2176 vulgo
2591 2107 2930 2169 Valvanera,
2981 2106 3032 2158 in
3092 2103 3321 2158 termino
3373 2102 3805 2171 Calagurritante

2231 2197 2546 2259 ditnceseos,
2580 2205 2717 2265 part.
2773 2211 2813 2260 t,
2863 2208 2981 2261 cap.
3011 2194 3066 2257 8,
3122 2192 3160 2247 f.
3209 2190 3298 2256 40,
3326 2190 3465 2245 inter
3495 2191 3605 2243 alia
3636 2204 3805 2258 argu-

2234 2296 2412 2341 menta
2442 2285 2635 2355 quibus
2666 2292 2895 2339 conatur
2931 2286 3159 2352 probare
3188 2322 3203 2345 ,
3255 2297 3438 2335 veram
3485 2294 3609 2335 esse
3639 2278 3806 2333 tradi-

2234 2380 2432 2433 tionem
2470 2377 2596 2441 loci,
2631 2392 2736 2446 quo
2763 2377 3004 2432 creditur
3023 2375 3080 2430 S.
3099 2374 3429 2428 Athanasius
3456 2371 3807 2425 Alexandria:

2233 2472 2517 2540 episcopus
2569 2470 2765 2524 ibidem
2821 2477 3180 2539 persequente
3235 2468 3406 2535 ipsum
3457 2462 3802 2524 Constantio,

2235 2564 2531 2627 delituisse,
2568 2571 2623 2616 et
2657 2560 2887 2616 emnobii
2929 2574 3156 2626 coquum
3194 2559 3393 2628 egisse,
3436 2567 3637 2625 quarto
3689 2554 3806 2606 loco

2235 2655 2475 2723 allegat,
2520 2671 2538 2704 ι
2589 2655 2732 2721 quod
2782 2652 2879 2705 hac
2926 2650 3212 2704 traditione
3267 2649 3511 2702 instante
3541 2686 3557 2708 ,
3596 2645 3801 2713 antiqui

2234 2746 2422 2801 Patres
2475 2745 2633 2814 hujus
2678 2742 2910 2798 cmnobii
2951 2757 2978 2795 a
3014 2740 3249 2809 quodam
3283 2752 3496 2794 summo
3551 2738 3807 2805 pontiﬁce

2236 2839 2413 2908 adepti
2450 2846 2574 2891 sunt
2620 2835 2857 2891 casulam
2902 2834 2960 2888 8.
2993 2833 3320 2896 Athanasii,
3372 2840 3423 2884 et
3469 2839 3636 2897 caput
3686 2844 3804 2880 cum

2236 2927 2413 2997 lingua
2444 2944 2458 2982 :
2490 2940 2610 2995 qua:
2645 2922 2937 2978 honoriﬁce
2980 2928 3331 2976 asservantur
3376 2917 3519 2971 inter
3560 2915 3696 2968 alias
3726 2928 3807 2965 re-

2238 3019 2432 3087 liquias
2465 3018 2517 3071 iu
2555 3015 2741 3082 majori
2774 3028 2887 3067 ara.
2922 3031 2940 3064 ι
2974 3011 3340 3066 Traditionem
3364 3008 3537 3077 ipsam
3576 3004 3806 3074 probare

2240 3126 2343 3165 non
2374 3125 2590 3179 possum
2626 3125 2641 3162 :
2675 3107 2908 3174 ideoque
2936 3103 3176 3160 Antonio
3202 3101 3268 3156 de
3298 3100 3481 3169 Yepez
3514 3095 3689 3166 magis
3721 3109 3808 3147 as-

2241 3203 2466 3264 sentior,
2506 3214 2735 3266 coquum
2778 3196 3091 3250 monasterii
3126 3192 3513 3256 Athanasium,
3542 3187 3701 3257 cujus
3734 3185 3804 3239 ibi

2244 3292 2501 3348 memoria
2551 3305 2674 3345 cum
2704 3289 3008 3344 sanctitatis
3038 3286 3292 3356 opinione
3317 3285 3533 3353 vigeat,
3565 3290 3621 3334 et
3656 3278 3811 3348 cujus

2240 3387 2527 3439 occasione
2561 3392 2684 3436 nata
2728 3382 2798 3436 sit
2846 3381 3031 3449 opinio
3056 3378 3123 3431 de
3152 3376 3355 3429 latebra
3401 3372 3461 3428 8.
3509 3370 3811 3426 Athanasio

2240 3477 2607 3532 Alexandrino
2640 3475 2802 3529 isthic
2847 3472 3092 3541 praebita,
3141 3470 3304 3523 fuisse
3345 3466 3554 3522 ordinis
3584 3463 3813 3519 Benedi-

2242 3567 2371 3621 ctini
2399 3565 2740 3618 monachmn.
2774 3564 2913 3617 Idem
2934 3577 3055 3615 cuin
3077 3560 3306 3630 Yepesio
3334 3567 3521 3613 censet
3541 3556 3813 3623 Tamayus

2244 3661 2309 3714 de
2339 3659 2562 3713 Salazar
2596 3658 2661 3711 ad
2716 3657 2859 3711 hunc
2888 3657 3066 3720 diem,
3093 3655 3145 3708 in
3180 3668 3277 3708 suo
3306 3649 3693 3721 Martymmgio
3719 3647 3811 3699 lli-

2244 3751 2464 3823 spauico
2514 3767 2530 3803 :
2581 3763 2758 3819 neque
2810 3757 3054 3801 mevetur
3100 3760 3181 3799 eo
3212 3752 3532 3810 anguinento
3599 3739 3756 3792 llr-avi
3791 3776 3807 3799 ,

2249 3865 2268 3898 ε
2306 3845 2449 3915 quod
2480 3844 2593 3899 lere
2625 3841 2679 3895 in
2719 3837 3300 3907 omnibusprivilegiis,
3329 3834 3520 3904 gratiis
3550 3843 3606 3884 et
3640 3830 3811 3883 indul-

2244 3936 2439 4005 gentiis
2465 3975 2480 3998 ,
2513 3935 2711 4004 quibus
2768 3930 2911 3986 hunc
2964 3931 3137 3982 locum
3179 3926 3580 3992 locupletarunt
3614 3920 3808 3976 sumuzi

2246 4024 2472 4079 Romani
2511 4020 2824 4092 pontiﬁces,
2864 4018 3129 4073 asseritur
3157 4032 3218 4070 ea
3253 4015 3371 4068 illos
3401 4014 3705 4067 concedere
3758 4009 3809 4061 in

2247 4119 2503 4173 honorem
2533 4114 2593 4168 Β.
2630 4113 2811 4167 Maria:
2844 4126 2896 4167 et
2927 4111 2985 4165 8.
3018 4108 3299 4165 Athanasii
3346 4105 3585 4159 doctoris
3615 4103 3814 4170 magni,

2247 4208 2337 4277 qui
2370 4207 2423 4260 in
2457 4206 2543 4260 illa
2578 4203 2841 4259 habitavit
2878 4204 3069 4266 domo;
3100 4212 3154 4255 et
3185 4198 3327 4267 quod
3378 4193 3813 4250 lnuoceutiuslll

2250 4294 2494 4367 pontifex
2522 4294 2811 4355 maximus,
2849 4295 2936 4360 qui
2981 4290 3269 4344 Ecclesium
3300 4286 3364 4340 ad
3414 4302 3508 4338 an.
3537 4284 3680 4337 Hi7
3725 4299 3816 4351 gu-

2249 4388 2517 4452 bernavit,
2544 4395 2597 4438 et
2621 4385 2901 4439 Athanasii
2932 4382 3103 4436 Vitam
3131 4380 3367 4450 scripsit,
3393 4378 3669 4432 ctittCessit
3694 4375 3817 4428 huic

2249 4455 2429 4533 doinui
2456 4492 2675 4548 magnas
2719 4474 3112 4545 indulgentias,
3158 4470 3615 4540 contemplatione
3646 4468 3815 4521 sancti

2256 4569 2528 4633 Doctoris,
2582 4567 2820 4623 referens
2870 4565 3227 4620 habitaculum
3268 4564 3318 4615 in
3349 4575 3431 4614 ea.
3480 4580 3498 4612 ι
3538 4560 3595 4615 Si
3640 4569 3814 4613 tamen

2256 4674 2380 4731 pars
2406 4659 2573 4712 altera
2612 4656 2923 4710 traditionis
2952 4655 3018 4708 de
3040 4652 3243 4714 casula,
3270 4651 3465 4719 capite,
3499 4650 3682 4719 lingua
3717 4649 3820 4701 llo-

2253 4767 2395 4807 mam
2435 4749 2615 4803 allatis
2647 4747 2891 4802 subsistit
2918 4784 2934 4809 ,
2968 4756 3130 4811 quam
3177 4743 3402 4796 credere
3428 4740 3553 4794 volo
3582 4742 3817 4808 ipsarum

2257 4841 2606 4910 reliquiarum
2632 4836 2966 4891 exhibitione
3001 4833 3251 4902 praesenti
3280 4831 3499 4900 probari
3531 4846 3730 4897 posse;
3757 4843 3820 4882 eo

2253 4934 2343 4988 illa
2372 4933 2627 4985 evaderet
2659 4926 3038 4987 verosimilior,
3068 4940 3177 4993 quo
3220 4923 3505 4993 integritas
3557 4923 3817 4975 hactenus

2255 5032 2479 5077 servata:
2507 5021 2703 5089 lingua:
2746 5032 2872 5073 vero
2903 5032 3117 5087 quoque
3167 5014 3397 5070 similius
3433 5014 3564 5069 facit
3608 5029 3674 5067 ex
3704 5027 3820 5065 cor-

2254 5128 2386 5184 pore
2414 5113 2675 5167 hactenus
2700 5112 2907 5179 integro
2935 5113 3102 5178 ipsam
3128 5123 3266 5163 esse.

2328 5205 2528 5260 Verum
2571 5204 2819 5273 lliSpanis
2862 5203 3215 5255 adversantur
3266 5199 3482 5263 Franci,
3516 5200 3658 5266 apud
3692 5212 3823 5267 quos

2258 5298 2309 5353 in
2335 5297 2554 5351 dimcesi
2588 5295 2885 5349 Turoneusi
2928 5308 3095 5363 pagus
3127 5300 3209 5345 est
3239 5331 3255 5355 ,
3306 5292 3375 5342 du
3407 5290 3593 5343 Ser-riu
3625 5290 3818 5348 dicltts,

2258 5390 2311 5443 in
2354 5403 2527 5459 eoque
2584 5387 2811 5442 ecclesia
2862 5383 3228 5453 parochialis,
3276 5396 3396 5449 qua:
3449 5384 3507 5435 8.
3546 5383 3820 5435 Αιιιθιηιμιή

2259 5480 2607 5537 Alexandrini
2638 5486 2799 5547 caput
2824 5477 3088 5543 hodieque
3123 5486 3358 5528 ostentat
3386 5493 3399 5528 :
3439 5476 3609 5542 quod,
3639 5475 3713 5526 uti
3736 5490 3824 5526 su-

2260 5585 2358 5640 per
2392 5571 2476 5623 his
2529 5577 2748 5638 rogatus
2796 5565 2863 5618 ll.
2918 5564 2979 5617 P.
3037 5563 3353 5618 Guilielmus
3406 5563 3620 5628 Quirini
3673 5563 3824 5617 nobis

2261 5660 2503 5728 scripsit,
2534 5677 2552 5710 ι
2591 5657 2890 5712 creduntur
2924 5654 3246 5708 Alexandria
3294 5653 3548 5706 attulisse
3572 5664 3627 5705 et
3671 5653 3825 5705 isthic

2266 5751 2577 5819 deposuisse
2608 5749 2808 5803 domini
2844 5747 2911 5800 de
2946 5745 3277 5809 Sanblanse,
3313 5745 3435 5814 pagi
3470 5745 3725 5798 Serrenin
3752 5744 3825 5793 vi-

2267 5842 2395 5914 cini,
2422 5841 2511 5912 qui
2534 5850 2588 5897 et
2611 5840 2779 5896 duces
2805 5839 3224 5908 Andegaveuses
3256 5837 3383 5892 olim
3426 5848 3478 5892 et
3514 5851 3668 5907 reges
3696 5833 3823 5889 Bie-
