4010 6552
1516 398 1763 457 ELOCIA
1808 387 2153 457 verr-mnu.
2247 378 2270 393 '

3209 419 3442 460 CCLXXII!

228 515 468 575 risalcm.
497 532 517 567 ›
550 513 781 569 Tabulae
811 513 1173 585 geographira‘
1203 513 1354 567 tertia
1380 514 1446 567 ab
1478 517 1609 569 urbe
1636 514 1786 569 leuca
1819 519 1866 574 Α
1892 515 2139 585 exemplo
2164 514 2230 569 ad
2262 515 2397 570 idem
2429 516 2785 585 praestandum
2812 517 3115 587 invitantes,
3142 527 3201 573 ut
3240 520 3445 574 scilicet

229 618 398 666 notant
430 606 703 675 Oppidum
743 605 1115 698 Samblqnpny,
1161 606 1313 673 eique
1355 607 1418 659 ad
1449 607 1784 661 occidentem

230 700 443 753 ricinum
468 696 516 747 re
552 693 783 748 Serrain
806 735 820 758 ,
856 695 906 746 in
931 693 1037 763 quo
1064 693 1173 761 jam
1214 696 1391 747 dictus
1414 694 1573 748 Pater
1604 699 1783 763 (quem

227 802 341 845 suus
364 801 460 855 pro
485 786 592 838 ho’c
623 799 793 853 Opere
819 783 968 838 zelus
1000 784 1253 852 compulit
1280 784 1567 852 ipsummet
1593 800 1657 839 eo
1684 784 1783 857 ire)

227 877 413 933 invenit
452 890 545 928 an.
584 874 730 929 1676
781 891 801 925 r
854 883 1014 942 caput
1061 874 1118 927 S.
1154 875 1474 937 Athanasii,
1527 887 1785 943 argenteo

225 969 367 1038 capiti
422 967 707 1022 inclusum
736 1006 752 1031 ,
780 975 834 1020 et
884 966 1161 1019 honestius
1194 982 1354 1034 quam
1387 966 1521 1020 alias
1574 968 1783 1021 viderat

222 1068 540 1116 asservatum
568 1099 584 1121 ,
619 1057 716 1113 sed
750 1059 954 1127 absque
995 1058 1282 1127 scripturis
1315 1058 1436 1113 ullis
1475 1075 1489 1111 :
1525 1078 1543 1110 ι
1574 1061 1783 1127 accepit

224 1163 377 1207 tamen
402 1166 430 1203 a
463 1158 694 1218 pastore
725 1167 745 1200 ι
776 1149 897 1214 loci,
930 1149 1022 1218 qui
1054 1148 1105 1202 in
1135 1149 1446 1218 apostolicis
1473 1149 1662 1204 litteris
1691 1166 1783 1219 ap-

223 1243 431 1310 pellatur
463 1240 524 1294 S.
554 1239 875 1307 Athanasii,
908 1258 927 1292 ι
973 1240 1248 1309 exemplar
1294 1240 1778 1310 archiepiscopalis

223 1331 437 1384 mandati
496 1340 632 1384 ante
664 1346 773 1385 non
813 1330 1005 1384 multos
1063 1344 1279 1385 menses
1322 1329 1489 1397 editi,
1538 1331 1681 1399 quod
1713 1346 1779 1384 ex

220 1425 403 1479 Gallico
433 1423 615 1491 placet
648 1422 904 1477 Latinum
946 1422 1149 1478 facere.
1398 1476 1406 1483 ,

284 1534 299 1563 ι
328 1513 582 1579 Michael,
622 1514 719 1569 Dei
751 1512 1121 1568 misericordia
1147 1520 1200 1567 et
1240 1496 1437 1567 sancta}
1471 1512 1616 1567 sedis
1650 1527 1780 1581 apo-

224 1604 401 1658 stolicae
434 1604 620 1672 gratia
662 1603 1105 1672 archiepiscopus
1152 1600 1501 1665 Turonensis,
1535 1602 1776 1656 charita-

224 1697 327 1748 tivis
360 1694 613 1748 tidelibus
658 1703 861 1748 nostra:
891 1692 1145 1746 dimcesis
1174 1694 1399 1746 salutem
1450 1701 1507 1745 et
1550 1692 1775 1746 benedi-

224 1787 436 1840 ctionem
473 1785 526 1839 in
558 1786 805 1840 Domino
839 1783 961 1839 Jesu
991 1786 1229 1848 Christo,
1260 1784 1351 1853 qui
1382 1793 1467 1837 est
1502 1784 1645 1836 Deus
1678 1797 1775 1850 pa-
1808 1828 1821 1853 _,

1888 618 2181 673 praesentes
2228 608 2405 661 adsint
2454 610 2779 676 processioni
2826 620 2879 665 et
2928 612 3290 679 praedicationi
3339 612 3445 666 ibi-

1888 694 2008 747 dem
2072 694 2350 761 faciendae,
2404 705 2457 750 et
2513 711 2633 750 cum
2686 698 3059 752 benedictione
3114 679 3443 753 sanctissimi

1887 785 2221 839 Sacramenti
2286 788 2654 842 terminandm.
2707 789 2899 842 Datum
2954 789 3287 854 Turonibus,
3338 789 3441 842 sub

1887 875 2041 944 signo
2085 888 2268 931 nostro
2306 887 2361 931 et
2407 879 2580 948 sigillo
2626 879 3093 948 archiepiscOpali,
3141 895 3263 932 cum
3316 879 3444 933 sub-

1885 966 2185 1033 signatione
2231 970 2505 1022 secretarii
2552 983 2765 1038 quoque
2807 970 2998 1034 nostri,
3060 984 3193 1022 xvm
3240 950 3442 1038 Aprilis

1887 1057 2042 1110 1676.
2076 1075 2095 1110 ι

1957 1148 2071 1202 Νοη
2119 1162 2199 1203 est
2246 1166 2419 1204 meum
2470 1166 2790 1218 componere
2818 1162 3282 1237 .controversmm.
3318 1165 3438 1214 qua:

1885 1241 2008 1294 hinc
2026 1242 2242 1295 exsistit
2273 1242 2411 1295 inter
2438 1241 2703 1312 llispanos
2731 1256 2785 1297 et
2816 1243 3091 1298 Francos:
3124 1258 3244 1296 nam
3277 1243 3321 1297 si
3358 1243 3441 1295 his

1879 1328 2093 1383 diﬂicile
2148 1338 2230 1382 est
2298 1332 2546 1397 probare,
2608 1331 2930 1383 Alexandria
2981 1341 3256 1398 acceptum
3319 1344 3442 1383 esse

1879 1421 2021 1490 quod
2054 1421 2256 1475 habent
2284 1432 2484 1490 caput;
2556 1423 2908 1476 nihilominus
2958 1423 3277 1477 laborabunt
3313 1421 3436 1475 llis-

1879 1513 2022 1582 pani,
2054 1522 2110 1566 ut
2142 1514 2371 1581 probent
2400 1526 2460 1567 se
2501 1512 2671 1567 Roma
2701 1515 2972 1583 accepisse
3002 1516 3140 1582 quod
3169 1513 3432 1567 obtinent.

1879 1603 1935 1659 Si
1967 1604 2250 1672 objiciatur
2278 1604 2532 1673 Hispanis
2564 1603 2822 1658 credibile
2851 1620 2990 1667 esse,
3019 1605 3273 1671 reliquias
3296 1618 3432 1670 quas

1876 1704 2169 1759 ostentant,
2195 1696 2389 1763 capitis
2417 1697 2714 1765 praesertim
2748 1707 2800 1749 et
2832 1696 3045 1764 linguze,
3081 1710 3200 1749 esse
3232 1695 3435 1750 fortas-

1879 1787 1954 1840 sis
1983 1787 2126 1840 illius
2147 1788 2329 1856 coqui,
2359 1790 2499 1842 unde
2528 1797 2741 1857 sumpta
2759 1790 2974 1842 occasio
2996 1778 3438 1842 comminisccndi

219 1880 284 1933 cis
308 1888 358 1933 et
383 1878 708 1934 charilatis.
751 1877 944 1933 Nescio
990 1878 1260 1947 quomodo
1303 1876 1414 1938 ﬁat,
1448 1887 1505 1929 ut
1535 1890 1623 1930 res
1664 1891 1776 1928 ma-
1807 1851 1849 1907 Β
1880 1878 2165 1931 incolatum
2203 1879 2259 1932 S.
2289 1879 2564 1931 Athanasii
2592 1879 2826 1947 episcopi
2881 1878 2931 1931 in
2980 1879 3068 1932 illo
3098 1878 3216 1933 loco
3241 1893 3255 1932 :
3283 1894 3438 1946 repo-

218 1970 285 2039 gis
326 1978 522 2023 Sanctae
577 1977 643 2024 et
688 1968 881 2035 majori
938 1968 1284 2022 veneratione
1337 1969 1530 2036 dignae.
1583 1966 1772 2034 majori

218 2063 507 2129 plerumque
548 2067 884 2127 premantur
931 2059 1204 2129 pauperie.
1242 2057 1400 2112 Certe
1437 2073 1543 2111 non
1570 2059 1775 2126 absque

218 2151 389 2220 gemitu
442 2161 645 2204 nostro
707 2148 909 2203 intueri
953 2164 1262 2219 possumus,
1323 2157 1561 2203 veterem
1622 2148 1770 2203 illam

217 2241 412 2294 Serrinii
441 2240 773 2303 ecclesiam,
812 2254 916 2295 non
952 2240 1125 2295 minus
1143 2240 1459 2310 antiquitate
1488 2254 1582 2295 sua
1613 2255 1772 2311 quam

216 2335 541 2400 pretiosarum
606 2333 965 2401 reliquiarum
1033 2334 1297 2388 thesauris
1366 2334 1771 2388 commendabi-

219 2426 319 2491 lem,
352 2440 413 2479 eo
446 2425 740 2479 redactam
786 2432 1101 2495 paupertate
1132 2425 1235 2481 loci
1264 2434 1321 2479 ut
1365 2426 1572 2480 ruinam
1618 2426 1773 2479 undi-

218 2530 299 2583 que
343 2517 660 2571 minitetur.
712 2512 973 2586 Cogimur
998 2531 1126 2587 ergo
1164 2517 1483 2573 charitatem
1535 2517 1770 2572 ﬁdelium

217 2608 434 2662 ditecesis
465 2619 682 2663 nostra:
731 2616 788 2662 et
831 2608 1057 2661 aliarum
1094 2608 1403 2677 implorare,
1440 2618 1497 2661 ut
1525 2608 1772 2664 conferre

214 2694 355 2749 velint
382 2696 596 2767 aliquid
646 2699 713 2754 de
749 2714 850 2752 suo
881 2699 1168 2754 abundanti
1216 2698 1281 2751 ad
1321 2699 1767 2753 restaurationem-

217 2785 490 2854 istiusloci,
523 2804 706 2859 supra
751 2803 919 2858 quem
967 2805 1085 2844 eam
1118 2789 1555 2844 benedictionum
1600 2790 1769 2844 coele-

215 2880 346 2932 stium
367 2880 687 2951 largitatem
718 2880 909 2934 elIudit
941 2881 1158 2948 ccelum,
1186 2896 1345 2950 quam
1388 2889 1658 2936 testantur
1683 2883 1767 2936 in-

213 2968 466 3039 dulgentize
497 2972 779 3041 plcnarite
820 2972 994 3025 eidem
1030 2988 1324 3038 concessae,
1356 2973 1551 3027 intuitu
1585 2974 1766 3044 magni

212 3057 258 3116 S.
284 3062 593 3126 Athanasii,
628 3062 787 3129 cujus
840 3062 1001 3132 caput
1053 3064 1141 3118 illa
1202 3067 1466 3135 integrum
1504 3066 1765 3135 possidet,

207 3168 304 3206 cum
332 3153 443 3208 aliis
469 3153 747 3222 pluribus
787 3154 1041 3223 pretiosis
1086 3156 1366 3227 reliquiis:
1405 3174 1632 3227 quarum
1681 3159 1761 3212 iu-
1793 3181 1836 3239 ο

208 3243 587 3313 dulgentiarmn
646 3244 941 3301 thesaurus
991 3251 1265 3316 aperietur
1298 3249 1364 3303 ad
1400 3249 1605 3319 primas
1659 3248 1761 3303 Ve-

206 3349 362 3400 speras
396 3334 534 3391 festi
588 3332 836 3403 ejusdem
893 3336 1100 3403 Sancti,
1150 3338 1324 3407 prima
1386 3339 1472 3394 die
1528 3340 1759 3408 proximi

207 3422 328 3490 Maii,
350 3428 615 3483 omnibus
648 3428 904 3497 personis
925 3428 1281 3495 charitativis,
1312 3432 1400 3501 qui
1427 3432 1495 3485 de
1525 3445 1623 3486 suo
1653 3430 1761 3487 illic

207 3514 415 3573 tribuent
448 3519 695 3588 aliquid,
730 3518 1052 3588 pollicendo,
1091 3522 1230 3590 quod
1259 3520 1420 3577 futuri
1455 3523 1563 3578 sint
1593 3521 1763 3591 parti-

204 3610 343 3675 cipes,
370 3610 686 3681 generatim
725 3618 783 3664 et
818 3611 1198 3679 particulatim,
1223 3614 1464 3669 omnium
1515 3631 1757 3684 precum,

207 3714 304 3765 quae
354 3702 558 3755 ibidem
620 3700 731 3755 loci
791 3699 943 3754 ﬁent.
1006 3703 1240 3759 Dilectos
1300 3715 1477 3759 autem
1542 3715 1759 3760 nostros

208 3794 384 3860 priores
407 3804 463 3848 et
491 3802 727 3849 curatos
760 3790 971 3847 vicinos
1005 3794 1378 3861 exhortamur,
1410 3805 1472 3850 ut
1510 3812 1629 3851 cum
1660 3812 1755 3853 sua

208 3885 407 3956 quisque
437 3886 603 3957 plebe
640 3885 775 3941 illuc
804 3887 1277 3956 processionaliter
1311 3890 1595 3953 accedant,
1632 3892 1757 3946 red-

202 3975 363 4033 dentes
389 3988 508 4035 vota
536 3991 681 4045 sua;
714 3984 772 4032 et
798 3978 1113 4033 commissos
1158 3978 1259 4034 sibi
1294 3979 1518 4051 pOpulOS
1546 3979 1756 4037 emcaci

1879 1979 2006 2023 nent
2040 1968 2281 2037 Hispani,
2310 1984 2460 2038 mque
2497 1968 2653 2023 facile
2678 1968 2791 2021 ﬁeri
2823 1969 3081 2039 potuisse,
3121 1980 3179 2021 ut
3205 1984 3268 2022 ex
3295 1969 3438 2022 Con-

1877 2061 2358 2127 stantinopolitano
2394 2062 2570 2127 potius
2606 2075 2766 2128 quam
2809 2059 3172 2111 Alexandrino
3202 2059 3440 2127 patriar-

1875 2150 2033 2219 cbatu
2063 2152 2373 2219 acceperint
2407 2150 2547 2204 Galli
2588 2159 2748 2217 caput
2805 2149 3104 2217 cnjnspiam
3153 2148 3213 2201 S.
3266 2148 3439 2199 Atha-

1876 2242 2009 2296 nasii
2056 2242 2316 2313 episcOpi,
2365 2252 2492 2310 puta
2538 2242 2966 2305 Corinthiorum,
3022 2239 3112 2309 qui
3162 2237 3438 2294 colitur-5

1874 2337 2021 2391 Maii.
2058 2336 2139 2389 Ad
2190 2336 2322 2400 haec,
2366 2350 2525 2403 quam
2564 2345 2647 2389 est
2699 2335 2973 2388 incertum
3008 2348 3075 2384 an
3108 2345 3310 2398 coquus
3348 2328 3437 2382 ille

1873 2434 2095 2480 sanctus
2124 2440 2360 2495 unquam
2391 2428 2441 2478 in
2471 2441 2648 2479 rerum
2679 2438 2870 2479 natura
2906 2424 3089 2488 fuerit,
3116 2434 3208 2475 aut
3240 2422 3430 2475 saltem

1874 2530 1941 2569 an
1971 2516 2249 2570 Athanasii
2283 2516 2499 2570 nomine
2545 2516 2878 2585 appellatus;
2924 2524 3030 2567 tam
3080 2514 3290 2567 videtur
3319 2527 3437 2566 cer-

1875 2617 1984 2662 tum
2018 2606 2254 2663 casulam
2288 2607 2446 2661 simul
2477 2616 2809 2660 asservatant
2855 2621 2978 2659 cum
3025 2605 3199 2675 capite
3224 2604 3431 2674 signum

1870 2697 2107 2768 episcopi
2134 2711 2276 2763 esse,
2308 2712 2413 2750 non
2448 2695 2636 2750 fratris
2671 2695 2788 2750 laici
2821 2713 2835 2749 :
2895 2697 3128 2764 itemque
3163 2695 3275 2749 sola
3311 2707 3433 2748 cra-

1870 2791 1945 2845 nii
1973 2805 2118 2856 ossa,
2150 2789 2295 2843 omni
2326 2803 2499 2842 carne
2530 2788 2731 2841 tmdata
2766 2801 2886 2841 esse
2922 2788 2972 2840 in
3004 2786 3176 2841 Gallia
3204 2802 3221 2852 ;
3275 2795 3434 2855 caput

1872 2894 2047 2935 autem
2088 2882 2227 2949 quod
2279 2887 2362 2933 est
2406 2880 2457 2933 in
2516 2877 2796 2946 Hispania,
2852 2875 2927 2929 uti
2986 2876 3219 2946 linguam
3256 2876 3431 2928 adhuc

1870 2972 2156 3042 impntrem
2212 2978 2413 3033 servat,
2465 2969 2536 3023 ita
2592 2977 2646 3022 et
2695 2983 2915 3022 scrvare
2964 2982 3184 3021 carnem
3244 2967 3431 3020 saltem

1866 3068 2151 3117 'exsuccam
2186 3077 2201 3127 ;
2247 3059 2387 3129 quod
2420 3058 2587 3127 magis
2628 3058 2882 3113 convenit
2928 3056 2976 3110 ei
3023 3055 3184 3110 statui
3233 3053 3284 3108 in
3325 3068 3433 3122 quo

1870 3165 1953 3209 est
1978 3154 2239 3221 reliquum
2273 3166 2469 3220 corpus
2504 3149 2763 3205 Venetiis.
2796 3148 2946 3214 Quod
2990 3147 3034 3201 si
3081 3150 3154 3200 ita
3189 3146 3310 3215 quis
3341 3144 3431 3212 ju-

1873 3248 2079 3303 dicaret
2116 3247 2181 3299 de
2219 3245 2393 3314 capite
2430 3244 2778 3307 Serriniensi,
2820 3242 2988 3296 multo
3024 3240 3192 3309 magis
3231 3241 3309 3295 sic
3345 3239 3434 3307 ju-

1871 3335 2167 3392 dicarctde
2206 3333 2450 3395 brachio,
2482 3331 2624 3401 quod
2677 3346 2773 3401 nos
2809 3345 2898 3384 an.
2946 3329 3106 3391 1661,
3144 3329 3209 3383 17
3252 3327 3428 3383 Martii

1869 3429 2101 3483 vidimus
2137 3427 2190 3481 in
2237 3425 2478 3480 sacrario
2525 3421 2835 3478 monasterii
2879 3421 3235 3486 Cassinensis,
3276 3421 3427 3475 etde

1867 3529 2041 3585 costa,
2075 3533 2234 3588 quam
2259 3515 2496 3571 Joannes
2522 3512 2935 3567 Schekmannus
2962 3512 3015 3565 in
3051 3509 3291 3578 Epitome
3332 3524 3427 3564 seu

1871 3610 2104 3666 Medulla
2137 3619 2399 3679 gestorum
2453 3605 2836 3660 ’l'revirensium
2894 3617 2984 3656 an.
3034 3601 3172 3655 1617
3204 3615 3425 3661 excusa,

1868 3704 1961 3759 fol.
1990 3702 2082 3767 55,
2118 3702 2315 3756 asserit
2349 3700 2402 3753 in
2437 3699 2767 3753 monasterio
2816 3686 2873 3751 S'.
2931 3693 3206 3748 Maximini
3248 3705 3431 3746 serva-

1869 3795 2257 3863 tam;scilicet
2306 3807 2425 3848 eam
2476 3807 2583 3846 non
2638 3804 2796 3861 posse
2837 3789 2985 3844 credi
3039 3788 3097 3843 S.
3142 3784 3427 3842 Athanasii

1866 3886 2239 3954 Alexandrini,
2278 3884 2323 3938 si
2353 3882 2469 3953 ejus
2501 3892 2586 3938 est
2617 3897 2813 3952 corpus
2842 3889 3117 3935 servatum
3157 3876 3421 3937 Venetiis.

1870 3983 1938 4037 de
1977 3994 2083 4050 quo
2113 3992 2219 4034 non
2244 3976 2458 4033 videtur
2482 3975 2832 4032 dubitandum
2862 3972 3113 4044 amplius.
