4010 6496
1434 357 1686 414 ELOGIA
1725 356 2080 417 VETERUM.

3168 372 3376 415 CCLXIV

1242 518 1375 574 Item
1402 522 1456 574 in
1487 522 1594 575 alia
1624 523 1848 592 epistola
1882 523 1950 577 ad
1981 521 2242 576 eumdem.

232 717 367 771 ὀταν
403 713 511 787 μὲν
539 717 686 788 πρὸς
727 718 796 772 τά
822 719 1118 790 πράγματα
1156 720 1573 791 υποόλέψωμεν,
1618 722 1713 775 καὶ

1883 723 2106 789 Quando
2140 724 2207 779 ad
2242 738 2330 779 res
2368 724 2513 793 ipsas
2539 722 2755 793 quidem
2806 722 3153 793 respicimus,
3186 731 3240 776 et
3270 723 3381 776 dif-

181 811 242 871 τὰς
259 808 532 871 δυσκολίας
561 811 897 880 κατίδωμεν,
934 810 1022 878 ὑφ’
1045 805 1118 863 ὧν
1151 814 1300 865 πᾶσα
1330 812 1532 880 ἀγαθοῦ
1565 814 1714 885 ἐνέρ-

181 918 258 968 γεια
280 895 380 953 οἷον
419 901 535 953 ὑπό
568 919 720 964 τινος
744 902 942 973 δεσμοῦ
978 902 1370 974 ἐμποδιζομένη
1399 905 1709 975 κατέχεται,

180 996 229 1055 εἰς
245 992 541 1059 ἀπόγνωσιν
577 993 793 1046 ἑαυτῶν
835 993 1104 1064 ἐρχόμεθα
1150 995 1423 1065 παντελῆ·
1468 996 1598 1049 ὃταν
1654 996 1711 1049 δὲ

180 1082 283 1133 πάλιν
322 1082 462 1150 πρὸς
510 1082 620 1151 τὴν
670 1082 771 1151 σὴν
805 1083 1083 1151 ἀπίδωμεν
1113 1083 1544 1154 σεμνοπρέπειαν
1566 1124 1580 1146 ,
1616 1085 1711 1137 καὶ

180 1173 487 1243 ὶιγισάιμςθα,
530 1176 616 1225 ὅτι
652 1190 714 1225 σε
744 1174 922 1245 ἰατρὸν
964 1174 1070 1226 τῶν
1103 1176 1159 1226 ἐν
1191 1177 1307 1237 ταῖς
1364 1175 1712 1246 Ἐκκλησίαις

179 1264 578 1336 ἀρρωστημάτων
636 1267 666 1317 ὁ
712 1264 917 1336 Κύριος
971 1263 1125 1334 ἡμῶν
1156 1264 1534 1334 ἐταμιεύσατο,
1579 1266 1711 1318 ἀνα-

178 1358 469 1428 λαμϐάνομεν
520 1357 740 1410 ἑαυτῶν
795 1357 919 1419 τοὺς
971 1357 1295 1426 λογισμοὺς,
1350 1358 1441 1409 καὶ
1483 1361 1547 1411 ἐκ
1613 1359 1708 1411 τοῦ

177 1452 266 1504 κατᾶ
298 1451 393 1521 τὴν
421 1451 750 1518 ἀπόγνωσιν
776 1449 1067 1520 πτώματος
1092 1450 1228 1520 πρὸς
1248 1450 1343 1520 τὴν
1380 1450 1569 1503 ἐλπίδα
1599 1450 1707 1504 τῶν

176 1543 501 1613 χρηστοτέρων
532 1541 953 1611 διανιστάμεθα.

1813 802 2077 868 ficultates
2122 815 2494 883 expendimus,
2538 830 2566 868 a
2599 814 2792 883 quibus
2817 814 2994 867 omnis
3029 814 3149 867 boni
3187 813 3381 866 eﬂicax

1812 906 2076 974 operatio,
2107 906 2262 975 quasi
2295 907 2525 975 quodam
2576 906 2876 961 retinaculo
2925 907 3181 968 impedita
3229 907 3368 961 deti-

1814 1009 1994 1061 netur,
2035 1011 2101 1051 eo
2135 996 2453 1062 relabimnr,
2482 1009 2541 1051 ut
2569 1012 2792 1067 prorsus
2814 998 2880 1050 de
2912 998 3068 1052 nobis
3115 997 3247 1067 ipsis
3284 999 3378 1049 de-

1814 1101 2121 1154 speremus.
2155 1085 2381 1152 Quando
2404 1102 2533 1142 vero
2558 1090 2624 1142 ad
2652 1088 2931 1143 honestam
2970 1088 3111 1141 illam
3143 1089 3379 1158 gravita-

1814 1190 1921 1231 tem
1956 1186 2099 1231 tuam
2138 1180 2523 1243 convertimur,
2574 1196 2637 1234 ac
2688 1181 2985 1251 cogitamus
3014 1181 3168 1251 [quod
3201 1190 3252 1235 te
3283 1197 3378 1235 ec-

1814 1269 2243 1324 clesiasticarum
2270 1271 2642 1326 inﬁrmitatum
2684 1272 2943 1328 Dominus
2983 1282 3169 1327 noster
3208 1273 3382 1327 medi-

1814 1378 1935 1417 cum
1961 1364 2323 1427 constituerit,
2367 1363 2576 1418 animos
2625 1366 2967 1429 resumimus,
3013 1374 3067 1421 et
3094 1380 3157 1420 ex
3186 1365 3371 1433 despet

1816 1455 2045 1510 rationis
2075 1454 2224 1526 lapsu
2253 1455 2319 1509 ad
2350 1469 2498 1525 spem
2529 1470 2708 1510 rerum
2744 1456 3027 1511 meliorum
3055 1456 3341 1526 erigimur.

1560 1720 1626 1776 Et
1654 1723 1812 1793 paulo
1840 1733 1953 1793 post
1986 1737 2007 1776 :

210 1899 330 1970 Πρὸς
350 1899 526 1952 ταῦτα
555 1900 646 1961 τίς
679 1900 861 1965 ἱκανὸς
921 1900 1297 1970 κυϐερνήτης;
1328 1897 1411 1961 τίς
1436 1897 1583 1963 ἄξιος
1629 1897 1709 1949 δι-

1887 1900 1953 1955 Ει
1980 1899 2046 1954 ad
2078 1899 2180 1954 ista
2209 1899 2331 1969 quis
2365 1899 2633 1955 sulﬁciens
2671 1900 3039 1970 gubernator?
3066 1900 3188 1971 quis
3215 1905 3383 1955 tanta:

174 1994 417 2062 αναστῆσαι
443 1993 535 2044 τὸν
571 1994 784 2064 Κύριον
807 1994 1123 2062 ἐπιτιμῆσαι
1148 1990 1225 2062 τῷ
1267 1991 1451 2060 ἀνέμῳ
1482 1990 1574 2043 καὶ
1616 1989 1710 2040 θα-

164 2081 322 2154 λάςστμ
346 2081 429 2144 τίς
454 2082 652 2151 ἔτερος
685 2083 719 2152 ἢ
747 2086 775 2136 ὁ
808 2085 871 2136 ἐκ
898 2082 1084 2145 παιδὸς
1114 2086 1225 2145 τοῖς
1254 2081 1393 2151 ὑπὲρ
1426 2078 1705 2145 εὐσεϐείας

169 2174 418 2244 ἑνιθλήσας
448 2174 667 2243 ἀγῶσιν
686 2190 703 2240 ;

1790 1990 1979 2059 ﬁdei,
2032 2001 2091 2045 ut
2136 1992 2389 2047 credatur
2434 1993 2765 2046 excitaturus
2817 1992 3128 2057 Dominum,
3190 1992 3280 2060 qui
3326 2000 3381 2045 et

1816 2092 2032 2137 ventum
2065 2081 2304 2151 increpet
2352 2091 2408 2137 et
2453 2096 2606 2137 mare
2639 2080 2663 2135 Ἰ
2710 2083 2833 2151 quis
2864 2080 3001 2135 alius
3027 2096 3187 2150 quam
3217 2078 3309 2148 qui
3342 2093 3373 2131 a

1815 2187 1988 2244 puero
2011 2174 2065 2228 in
2096 2173 2311 2243 pietatis
2338 2172 2599 2242 agonibus
2624 2172 2953 2229 decertavit?

1348 2331 1573 2387 Rursum
1605 2330 1660 2383 in
1685 2329 1901 2400 epistola
1925 2332 2178 2403 sequenti.

213 2515 317 2568 Τῶν
343 2514 518 2567 ἀλλων
546 2513 665 2575 τοῖς
700 2510 972 2574 πλείστοις
1012 2510 1231 2581 ἐξαρκεῖ
1258 2509 1317 2562 τὸ
1364 2508 1483 2563 καθ’
1520 2508 1712 2562 ἑαυτὸν

169 2606 351 2658 ἕκαστον
402 2606 794 2676 περισκοπεῖν
844 2602 926 2654 σοὶ
952 2602 1007 2654 δέ
1040 2603 1137 2671 οὐχ
1186 2600 1363 2653 ἱκανὸν
1391 2599 1565 2664 τοῦτο,
1598 2598 1710 2652 ἀλλ’

170 2695 427 2768 ἡμέριμνά
464 2711 549 2747 σοι
586 2694 784 2746 πασῶν
818 2692 926 2745 τῶν
961 2690 1293 2763 Ἐκκλησιῶν
1323 2690 1578 2760 τοσαύτη,
1608 2690 1707 2760 ὅση

171 2791 234 2841 καὶ
260 2789 391 2851 ἰδίως
422 2786 577 2858 παρά
603 2784 701 2837 τοῦ
737 2782 916 2837 κοινοῦ
942 2783 1205 2835 Δεσπότου
1234 2782 1389 2852 ἡμῶν
1417 2784 1710 2851 ἐμπιστευ-

170 2880 317 2951 θείσης
346 2880 647 2937 ἐπίκειται,
672 2877 731 2938 ὅς
760 2891 823 2943 γε
851 2873 1037 2926 οὐδένα
1069 2872 1254 2942 χρόνον
1284 2871 1576 2932 διαλείπεις
1599 2869 1713 2922 δια-

168 2970 414 3039 λεγόμενος
433 3010 449 3032 ,
495 2965 773 3020 νουθετῶν
797 3005 811 3028 ,
860 2964 1205 3029 ἐπιστέλλων,
1235 2963 1536 3033 ἐκπέμπων
1568 2960 1715 3024 τινὰς

167 3064 387 3116 ἑκάστοτε
419 3063 548 3123 τοὺς
569 3057 997 3129 ὑποτιθεμένους
1019 3056 1086 3109 τά
1106 3055 1372 3125 βέλτιστα.
1400 3053 1719 3126 [Videantur

162 3158 326 3213 iisdem
358 3159 408 3213 in
437 3155 690 3226 epistolis
716 3150 916 3224 plura.)

1889 2508 2151 2575 Quoniam
2177 2506 2402 2563 aliorum
2431 2507 2678 2579 plurimis
2725 2508 2829 2563 hoc
2871 2507 3004 2563 satis
3034 2514 3139 2573 est,
3179 2506 3226 2562 si
3268 2505 3371 2562 sibi

1818 2604 2051 2671 quisque
2087 2599 2512 2669 circumspiciat,
2546 2608 2602 2652 at
2626 2598 2720 2653 tibi
2752 2598 2893 2653 istud
2918 2598 3062 2654 haud
3091 2597 3377 2661 satisfacit,

1820 2690 1914 2745 sed
1984 2698 2190 2743 tantam
2253 2689 2395 2760 geris
2460 2689 2700 2744 omnium
2749 2688 3109 2744 Ecclesiarum
3173 2704 3383 2753 curam,

1820 2792 2074 2850 quantam
2100 2780 2237 2851 ejus,
2272 2796 2392 2851 quae
2424 2780 2518 2835 tibi
2550 2780 2894 2847 peculiariter
2924 2796 2954 2835 a
2985 2779 3212 2835 Domino
3251 2794 3381 2835 con-

1820 2870 2027 2925 credita
2083 2879 2186 2931 est,
2245 2868 2320 2923 ita
2370 2878 2430 2923 ut
2476 2868 2621 2923 nullo
2657 2884 2763 2923 non
2809 2878 3053 2937 tempore
3104 2868 3171 2923 de
3212 2868 3387 2923 sacris

1821 2964 2110 3029 edisseras,
2142 2962 2455 3025 admoneas,
2485 2961 2711 3024 scribas,
2742 2961 3160 3029 frequenterque
3193 2959 3381 3013 mittas

1821 3055 2070 3123 aliquos,
2118 3053 2211 3123 qui
2257 3052 2532 3108 undelibet
2580 3054 2705 3125 quid
2757 3051 3017 3121 Optimum
3069 3050 3142 3109 sit
3185 3050 3377 3103 admo-

1746 3145 1789 3204 C
1824 3158 2000 3204 neant.

386 3359 570 3415 Julius
604 3358 876 3413 Romanus
907 3357 959 3411 in
985 3357 1205 3426 epistola
1235 3359 1299 3412 ad
1332 3357 1719 3483 Alexaétdrizo‘s
1746 3359 1886 3479 ἀρρά
1913 3356 2205 3478 διῖςταιειη,
2240 3356 2329 3412 lib.
2359 3370 2396 3410 tt
2433 3355 2571 3413 Hist.
2605 3354 2824 3421 eccles.,
2855 3370 2974 3423 cap.
3003 3351 3074 3406 23
3100 3390 3119 3417 ,

1529 3444 1626 3481 r.e
1668 3444 1727 3481 ι.
1762 3444 2055 3482 meram.

1529 3444 1570 3480 r.
1600 3444 1727 3481 eau.
1762 3444 1897 3482 ιιιιεγ
1927 3444 2055 3481 atta.

221 3632 321 3685 Καὶ
365 3632 559 3701 ἔγωγε,
616 3630 915 3700 ἀγαπητοὶ,
947 3629 1035 3681 τὸν
1083 3628 1368 3698 γενόμενον
1413 3628 1715 3683 κατάὐτοῦ

164 3726 319 3778 πάντα
366 3725 677 3796 πειρασμὸν
723 3724 825 3777 οὐκ
868 3719 1053 3786 ἄδοξον
1078 3721 1317 3791 ἠγοῦμαι
1356 3719 1713 3790 γεγενῆσθαι’

168 3820 246 3870 καὶ
276 3818 374 3888 γὰρ
396 3821 488 3871 καὶ
522 3821 557 3889 ἡ
589 3815 833 3887 ὑμετέρα
861 3815 1009 3884 καὶὴ
1042 3813 1227 3865 τούτου
1257 3812 1435 3875 πίστις
1473 3811 1717 3881 ἐγνώσθη

168 3911 299 3980 παρά
330 3914 459 3963 πᾶσι
511 3910 609 3962 καὶ
661 3907 1061 3975 δεδοκίμασται.
1098 3906 1158 3957 Εἰ
1201 3903 1307 3974 γὰρ
1360 3904 1432 3974 μὴ
1484 3903 1721 3956 τοσαῦτα

171 4002 497 4072 συμϐεϐήκει,
534 4000 621 4061 τίς
652 3998 719 4052 ἂν
748 3995 1062 4049 ἐπίστευσεν
1095 3994 1127 4065 ἢ
1163 3995 1241 4058 εἰς
1285 3994 1427 4063 ὑμᾶς
1456 3992 1720 4063 τοσαύτην

171 4093 344 4162 κρίσιν,
376 4094 471 4147 καὶ
512 4090 789 4159 τοσαύτην
836 4090 1051 4159 ἀγάπην
1103 4086 1232 4156 περὶ
1276 4086 1364 4138 τὸν
1408 4084 1722 4157 τηλικοῦτον

174 4183 440 4237 ἐπίσκοπον
470 4185 639 4254 ἔχειν,
674 4182 708 4252 ἦ
742 4183 946 4233 ἐκεῖνον
990 4178 1281 4240 τοσαύταις
1306 4179 1527 4249 ἀρεταῖς
1560 4192 1719 4247 περιο

176 4274 462 4345 ίεὸλῆσθαι,
514 4275 585 4327 δι’
626 4272 693 4335 ἃς
731 4271 826 4323 καὶ
856 4270 952 4341 τῆς
985 4270 1042 4321 ἐν
1075 4270 1321 4340 οὐρανοῖς
1376 4267 1589 4330 ἐλπίδος
1626 4266 1725 4318 οὐκ

176 4364 421 4437 ἀλλότριος
448 4365 661 4431 γένοιτο
686 4378 701 4425 ;
747 4359 1007 4428 Ἐπὲτυχε
1044 4359 1221 4411 τοίνυν
1247 4358 1343 4427 οἴῳ
1368 4356 1565 4428 δήποτε
1594 4356 1723 4428 τρό-

1895 3632 2069 3701 Atque
2116 3646 2203 3688 res
2254 3647 2443 3688 omnes
2498 3632 2779 3697 adversas,
2817 3646 2953 3701 quas
2984 3638 3237 3703 expertus
3280 3640 3395 3697 est,

1826 3722 2022 3777 fratres
2049 3720 2371 3788 charissimi,
2399 3739 2496 3779 sua
2548 3724 2707 3778 laude
2732 3723 2951 3778 minime
3015 3736 3203 3778 carere
3249 3723 3393 3776 arhi-

1840 3823 1970 3867 tror.
2023 3814 2230 3869 Etenim
2279 3816 2381 3870 hoc
2435 3815 2594 3870 modo
2628 3830 2751 3871 cum
2801 3824 3000 3881 vestra,
3051 3824 3162 3869 tum
3218 3815 3392 3887 ipsius

1828 3908 1959 3963 fides
1989 3909 2125 3978 apud
2159 3924 2347 3963 omnes
2376 3921 2653 3980 perspecta
2679 3912 3065 3982 explorataque
3100 3920 3203 3966 est.
3253 3910 3389 3965 Nam

1828 4001 1872 4055 si
1915 4009 2022 4053 tam
2076 4000 2255 4069 gravis
2302 4016 2461 4058 casus
2492 4001 2639 4057 illum
2674 4018 2777 4058 non
2806 4001 3106 4069 amisisset,
3138 4002 3264 4075 quis
3287 4019 3391 4057 un-

1830 4105 1989 4159 quam
2022 4092 2342 4147 credidisset
2357 4093 2442 4147 vel
2471 4102 2577 4147 tam
2605 4093 2797 4149 stabile
2818 4093 3082 4163 judicium
3114 4094 3168 4148 in
3198 4094 3394 4149 vestris

1826 4181 2021 4235 animis
2097 4182 2390 4248 insedisse,
2432 4185 2761 4253 ,‘tantumque
2816 4185 3095 4239 charitatis
3142 4186 3391 4239 ardorem

1828 4287 1955 4343 erga
2009 4284 2114 4327 tam
2147 4274 2421 4345 egregium
2448 4276 2756 4345 episcopum
2807 4275 3089 4331 incensum
3132 4290 3278 4341 esse,
3308 4275 3395 4329 vel

1833 4366 1984 4420 illum
2012 4376 2116 4419 tam
2147 4366 2428 4436 prmclaris
2453 4367 2746 4420 virtutibus
2796 4367 3098 4435 praeditum,
3148 4366 3218 4419 ob
3258 4380 3393 4422 uuas

174 4472 263 4527 πω,
288 4459 376 4511 καὶ
402 4458 459 4509 ἐν
483 4456 563 4527 τῷ
594 4454 691 4507 νῦν
721 4452 816 4504 καὶ
843 4453 900 4503 ἐν
931 4449 1007 4520 τῷ
1034 4450 1299 4518 μέλλοντι,
1319 4451 1413 4502 καὶ
1437 4448 1720 4519 ὁμολογίας

1831 4459 1967 4528 spei,
2028 4474 2148 4527 quze
2199 4467 2284 4513 est
2332 4458 2485 4513 nobis
2519 4458 2571 4511 in
2627 4457 2781 4511 cmlis
2817 4458 3076 4525 reposita,
3124 4455 3395 4525 particeps

175 4548 355 4613 ἔνδοξον
390 4546 719 4620 μαρτυρίαν.
756 4544 1034 4615 Διαφόρως
1078 4543 1187 4612 γὰρ
1224 4543 1363 4594 κατά
1394 4559 1452 4593 τε
1486 4542 1588 4611 γῆν
1632 4543 1723 4593 καὶ

176 4645 293 4695 κατά
339 4644 609 4696 θάλατταν
665 4638 837 4692 πολλά
887 4635 1220 4707 πειρασθείς,
1270 4636 1366 4706 τὴν
1422 4635 1726 4706 σκευωρίαν

176 4736 330 4785 πᾶσαν
379 4736 479 4806 τῆς
548 4730 832 4802 Ἀρειανῆς
891 4729 1152 4800 αἱρέσεως
1210 4729 1581 4799 κατεπάτησε,
1636 4729 1728 4780 καὶ

174 4827 405 4890 πολλάκις
434 4827 524 4880 διὰ
552 4824 747 4894 φθόνον
778 4821 872 4874 καὶ
914 4822 993 4883 εἰς
1031 4820 1271 4873 κίνδυνον
1305 4818 1727 4880 ἐπιϐουλευθεὶς,

172 4919 520 4989 κατεφρόνησε
556 4914 791 4968 θανάτου
813 4952 828 4975 ,
876 4910 1276 4981 φρουρούμενος
1330 4910 1433 4961 ὑπὸ
1464 4909 1556 4961 τοῦ
1600 4926 1732 4960 παν-

171 5012 476 5083 τοκράτορος
498 5006 663 5071 Θεοῦ,
700 5006 795 5058 καὶ
822 5004 915 5056 τοῦ
958 5003 1348 5073 Κυρίουιὴμῶν
1386 5000 1559 5071 Ἰησοῦ
1601 5002 1733 5072 Χρι-

174 5104 302 5166 στοῦ,
334 5104 573 5167 ἐλπίζων
600 5100 719 5170 ἅμα
748 5098 843 5151 καὶ
870 5098 968 5160 τὰς
1002 5096 1289 5158 ἐπιϐουλὰς
1334 5095 1599 5148 ἐκκλίνειν
1642 5096 1734 5146 καὶ

173 5192 782 5265 ἀποκατασταθήσεσθαι
845 5190 979 5261 πρὸς
1038 5188 1308 5259 ὑμετέραν
1370 5186 1733 5257 παράκλησιν,

176 5287 337 5357 φέρων
360 5292 486 5360 ὑμῖν
514 5288 635 5357 ἅμα
662 5287 728 5336 ἐκ
762 5282 861 5351 τῆς
896 5282 1165 5354 ὑμετέρας
1210 5280 1567 5349 συνειδήσεως
1616 5279 1735 5349 μείς

176 5377 289 5441 ζονα
314 5382 381 5434 τὰ
405 5383 647 5453 τρόπαια
672 5394 687 5409 ⁸
731 5378 788 5429 ἐν
814 5370 893 5438 οἷς
938 5376 1029 5427 καί
1066 5375 1190 5444 ἄχρι
1235 5372 1520 5443 τερμάτων
1557 5371 1738 5444 πάσης

176 5471 262 5539 τῆς
285 5478 381 5544 γῆς
432 5473 647 5537 ἔνδοξος
677 5468 923 5537 ἐγνώσθη
948 5508 961 5529 ,
1007 5466 1351 5536 δοκιμασθεὶς
1385 5467 1449 5518 ἐκ
1478 5466 1570 5518 τοῦ
1600 5463 1735 5533 βίου,

178 5566 681 5635 παρρησιασάμενος
730 5562 826 5630 μὲν
876 5564 941 5630 τῇ
992 5559 1243 5631 προθέσει
1288 5558 1381 5610 καὶ
1419 5562 1484 5629 τῇ
1515 5557 1740 5630 οὐρανέᾳ

177 5651 491 5733 διδασκαλία,
535 5653 878 5723 ἀποδειχθεὶς
929 5653 983 5709 δὲ
1051 5650 1301 5723 ἀθανάτῳ
1377 5652 1552 5724 κρίσει
1610 5652 1738 5723 παρ’

181 5746 207 5797 ὑ
215 5748 320 5816 μῶν
350 5749 739 5821 ἀγαπώμενος.

1832 4550 1963 4604 fiet?
2006 4549 2363 4616 Quamobrem
2407 4564 2527 4603 cum
2570 4549 2622 4603 in
2680 4548 2931 4617 praesenti
2986 4556 3097 4600 tum
3131 4547 3182 4601 in
3212 4545 3397 4601 futuro

1831 4641 2025 4696 srecnlo
2047 4641 2304 4695 eximium
2327 4640 2703 4725 .conl'essionis
2760 4639 3127 4693 testimonium
3159 4648 3237 4693 est
3266 4622 3397 4694 con-

1832 4742 2067 4788 secutus.
2094 4732 2229 4785 Nam
2265 4731 2459 4785 multas
2485 4730 2825 4791 calamitates
2856 4731 3020 4785 variis
3046 4730 3220 4785 modis
3249 4740 3395 4786 terra

1834 4825 2080 4891 marique
2105 4831 2380 4891 expertus,
2408 4837 2596 4876 omnes
2627 4823 2843 4876 Ariaiim
2883 4819 3139 4878 factionis
3169 4820 3400 4877 insidias

1834 4915 1991 4984 quasi
2023 4913 2251 4983 pedibus
2284 4913 2644 4968 conculcavit.
2672 4913 2748 4967 Ac
2780 4927 3148 4982 saepenumero
3183 4912 3401 4967 invidia:

1838 5020 2001 5061 causa
2054 5005 2105 5059 in
2140 5004 2265 5058 vitae
2312 5004 2612 5073 periculum
2648 5021 2745 5075 per
2772 5004 3113 5060 adversarios
3144 5005 3404 5059 insidiose

1837 5096 2135 5165 coniectus,
2169 5105 2401 5150 mortem
2433 5097 2757 5165 contempsit
2786 5096 2875 5150 ille
2899 5096 3115 5165 quidem
3145 5113 3158 5149 :
3190 5098 3282 5150 sed
3323 5105 3405 5149 ta-

1839 5206 1961 5244 tnen
1993 5187 2083 5242 Dei
2110 5188 2496 5257 omnipotentis
2529 5197 2582 5241 et
2614 5188 2824 5242 Domini
2852 5189 3021 5241 nostri
3046 5186 3170 5242 Jesn
3199 5186 3402 5240 Christi

1840 5281 2041 5336 auxilio
2071 5281 2244 5334 evasit
2278 5279 2582 5333 incolumis.
2626 5277 2781 5334 Unde
2814 5294 2962 5348 spem
2998 5281 3179 5330 animo
3207 5290 3405 5327 conce-

1839 5375 1939 5442 pit,
1969 5386 2027 5425 se
2056 5382 2169 5424 tum
2207 5371 2440 5425 hostium
2473 5372 2699 5425 insidias
2727 5370 3114 5429 devitaturum,
3151 5378 3261 5417 tum
3298 5380 3395 5415 vo-

1841 5466 1923 5520 bis
1973 5466 2041 5519 ad
2086 5476 2393 5519 vestrorum
2454 5465 2761 5519 animorum
2790 5462 3038 5516 solatium
3080 5457 3295 5510 tandem
3332 5470 3408 5507 re-

1842 5560 2094 5613 stitutum
2113 5557 2197 5619 iri,
2227 5571 2333 5625 quo
2359 5572 2422 5611 ex
2455 5565 2633 5609 vestra
2664 5564 2807 5608 recte
2834 5552 3096 5604 factorum
3125 5546 3410 5600 conscien-

1845 5651 1914 5704 tia
1949 5664 2052 5702 una
2103 5648 2376 5703 vobiscum
2421 5645 2783 5701 illustrissima
2836 5650 3033 5709 tropzea
3080 5645 3412 5705 reportaret,

1852 5741 2048 5810 quibus
2100 5755 2229 5795 sane
2284 5742 2351 5795 ad
2404 5749 2675 5795 extremas
2732 5733 3030 5804 universa-
3062 5741 3221 5787 terra:
3287 5744 3416 5789 oras
