4010 6516
622 372 854 415 count
2006 348 2372 408 PROLEGOM
2382 348 2535 405 ENA.

623 448 825 501 eximie
854 446 1165 501 nobilitatus
1218 454 1321 510 est,
1387 445 1797 515 certissimaque
1826 441 1971 497 'vitae
2024 443 2277 511 praelate
2327 450 2585 494 anteactce
2630 438 2826 494 indit-ia
2874 439 3113 495 omnium
3164 440 3333 496 oculis
3373 442 3625 511 subjecit,
3663 444 3860 513 quippe

626 542 721 611 qui
754 558 859 598 non
889 543 1048 597 modo
1084 542 1208 597 tidei
1240 557 1350 598 sure
1396 540 1786 611 professionem
1847 550 1901 592 et
1962 537 2261 592 doctrinam
2307 536 2579 591 caelestem
2630 534 2701 589 sit
2744 534 2912 589 libere
2950 542 3174 598 tutatus,
3208 549 3390 590 verum
3454 536 3623 593 etiam
3658 536 3862 607 judICiO

622 643 776 689 certo
802 642 857 689 et
885 634 1040 704 quasi
1067 632 1361 689 inmortali
1414 640 1648 687 vestrum
1696 644 1824 699 erga
1874 629 2045 699 ipsum
2069 627 2394 699 singularem
2428 640 2669 683 amorem
2698 625 2987 697 perspicue
3020 624 3397 682 declaraverit.
3802 622 3810 629 ’

2029 803 2081 858 Ε
2081 816 2098 860 ι
2128 804 2284 875 paulo
2319 812 2455 873 post.

690 990 836 1057 Quid
884 999 1063 1045 autem
1121 997 1266 1044 tanto
1310 988 1425 1042 viro
1474 987 1688 1059 dignum
1723 985 1949 1057 proferri
1987 984 2175 1056 possit,
2210 1003 2255 1060 Α

2351 980 2415 1033 Τί
2446 982 2510 1035 ἄν
2548 997 2630 1044 τις
2662 980 2805 1033 εἴποι
2847 982 2970 1035 κατ’
3019 980 3175 1047 ἀξίαν
3213 980 3307 1036 τοῦ
3348 982 3605 1037 τοσούτου
3641 984 3854 1056 ἀνδρδς,

614 1083 714 1149 qui
760 1092 839 1138 tot
876 1092 939 1138 et
978 1081 1143 1135 tantis
1168 1081 1527 1150 periculorum
1561 1078 1851 1133 exantlatis
1879 1077 2174 1140 laboribus,

2284 1072 2363 1137 ὃς,
2392 1071 2667 1136 κινδύνους
2694 1071 2958 1126 τοσούτων
2983 1072 3211 1139 θλίψεων
3240 1077 3498 1146 νικήσας,
3547 1078 3856 1132 ἀποδίδοται

628 1176 876 1230 redditur
922 1175 1135 1227 tandem
1193 1173 1344 1227 vobis
1397 1172 1697 1237 incolumis,
1757 1186 1861 1225 non
1915 1172 2176 1227 beneficio

2286 1166 2413 1237 ὑμῖν
2444 1164 2638 1230 ἀθῶος,
2662 1166 2723 1220 οὐ
2752 1169 2883 1237 παρ’
2906 1168 3062 1239 ήμῶν
3094 1168 3194 1239 (sic
3227 1170 3371 1223 enim
3403 1185 3525 1224 cum
3560 1170 3858 1242 interprete

620 1266 791 1320 nostri
851 1266 1243 1329 tantummodo,
1283 1280 1469 1319 verum
1526 1266 1686 1318 etiam
1755 1264 1914 1317 totius
1961 1262 2177 1317 concilii

2288 1258 2471 1312 malim
2505 1258 2704 1330 legere)
2738 1258 2931 1328 μόνον,
2986 1258 3119 1312 ἀλλά
3178 1260 3271 1314 καὶ
3320 1261 3469 1332 παρά
3516 1261 3700 1333 πάσης
3756 1263 3858 1332 τῆς

613 1357 817 1424 judicio
862 1359 983 1413 talis
1023 1358 1372 1412 declaratus?
1408 1357 1682 1426 Siquidem
1717 1356 1816 1409 hoc
1847 1355 1951 1409 sibi
1984 1354 2179 1409 divini-

2290 1352 2506 1405 συνόδου
2538 1353 2918 1424 ἀποδειχθείς·;
2954 1352 3053 1409 Ubi
3099 1355 3257 1409 simul
3312 1356 3474 1409 etiam
3510 1357 3614 1410 sibi
3660 1357 3759 1425 ipsi
3791 1359 3858 1413 de

617 1462 707 1504 tus
734 1466 1046 1505 concessum
1073 1464 1193 1505 esse
1223 1451 1481 1514 decrevit,
1509 1450 1648 1516 quod
1676 1449 1925 1502 nimirum
1963 1447 2016 1501 in
2046 1446 2180 1501 tanti

2284 1442 2385 1496 hoc
2412 1443 2729 1510 gratulatur,
2764 1444 2883 1496 Ὅτι
2916 1442 3097 1498 θεόθεν
3137 1444 3230 1497 καὶ
3268 1443 3425 1497 τοῦτο
3463 1444 3617 1514 αὐτῷ
3656 1459 3856 1513 συγκε-

619 1541 720 1593 viri
740 1541 1114 1609 cognitionem
1144 1541 1326 1595 venire
1360 1540 1614 1610 potuerit.

2281 1534 2561 1606 χωρῆσθαι
2591 1534 2950 1605 συνέστηκεν,
2978 1536 3123 1598 ὅπως
3148 1537 3227 1599 είς
3259 1536 3457 1604 γνῶσιν
3486 1535 3581 1589 τοῦ
3606 1533 3857 1606 τηλικού-

2281 1645 2374 1680 του
2399 1626 2590 1699 ἀνδρὸς
2616 1627 2790 1680 ἐλθεῖν
2822 1627 3125 1698 δεδύνηται.

1139 1793 1514 1847 Constantinus
1539 1792 1725 1862 jnnior
1750 1790 2085 1847 Constantini
2111 1791 2191 1847 Μ.
2230 1790 2300 1850 F.
2333 1792 2464 1860 imp.
2493 1793 2546 1845 in
2570 1791 2790 1861 epistola
2820 1791 2888 1844 ad
2921 1790 3322 1846 Alexandrinas.

688 1947 801 2019 Ego
866 1949 1180 2021 episc0putn
1258 1962 1495 2003 vestrum
1562 1948 1916 2002 Athanasium
1978 1946 2167 2003 libenti

2360 1946 2500 2015 Ἐγὼ
2533 1946 2626 2002 τὸν
2673 1945 2935 2017 ὑμέτερον
2984 1946 3278 1999 ἐπίσκοπον
3331 1943 3651 2001 Ἀθανὰσιον
3682 1945 3853 2017 ἀσμέ-

620 2042 793 2096 snimo
839 2043 1151 2112 complexus
1194 2058 1337 2105 sum,
1383 2052 1434 2096 et
1471 2041 1541 2095 ita
1592 2058 1712 2095 cum
1754 2040 1841 2097 illo
1871 2041 2177 2096 collocutus

2280 2057 2385 2104 νως
2436 2041 2832 2111 προσηκάμην,
2890 2038 3029 2092 οὕτω
3096 2056 3157 2091 τε
3217 2039 3735 2111 προσεφθεγξάμην,
3779 2039 3854 2103 ὡς

610 2149 755 2198 sum,
808 2143 868 2191 ut
922 2150 1046 2191 vere
1113 2134 1206 2191 Dei
1269 2136 1541 2191 hominem
1601 2150 1721 2191 esse
1778 2135 1910 2191 mihi
1946 2127 2192 2206 persua-'

1896 2135 1910 2191 i
1946 2127 2192 2206 persua-I
2280 2132 2563 2205 ἄνθρωπον
2595 2132 2756 2187 αὐτὸν
2786 2132 2916 2186 Θεοῦ
2944 2131 3072 2187 ὄντα
3100 2132 3479 2203 πεπεισμένος.

608 2237 797 2283 δεηιη.

1046 2401 1257 2457 Joriuni
1292 2400 1619 2471 imperatoris
1640 2397 1876 2468 epistola,
1910 2398 2186 2452 Athanasii
2215 2396 2405 2453 laudes
2435 2399 2734 2463 continens,
2766 2406 2941 2453 exstat
2970 2398 3133 2468 infra,
3163 2394 3295 2453 tom;
3320 2397 3384 2453 II

671 2604 738 2658 D.
769 2602 1118 2673 Hieronymus
1145 2603 1198 2657 in
1250 2602 1616 2671 Scriptoribus
1646 2602 2049 2658 ecclesiasticis.
2531 2602 2857 2671 Saphronius
2884 2604 3133 2673 interpres
3163 2600 3500 2674 Hieronymi.
3524 2606 3538 2625 ’

682 2742 1006 2796 Athanasius
1057 2742 1400 2798 Alexandria
1443 2743 1593 2798 urbis
1641 2747 1924 2814 episcopus
1971 2746 2166 2800 multas
2194 2752 2237 2807 B

2347 2744 2662 2809 Ἀθανάσιος
2701 2745 3106 2817 Ἀλεξανδρείας
3146 2746 3475 2813 ἐπίσκοπος,
3505 2747 3713 2813 πολλὰς
3749 2766 3854 2803 πα-

605 2833 929 2889 Arianorum
958 2849 1249 2904 perpessus
1278 2835 1520 2899 insidias,
1562 2834 1627 2889 ad
1659 2834 2012 2889 Constantem
2036 2834 2166 2890 Gal-

2276 2834 2344 2908 ρὰ
2374 2836 2482 2889 τῶν
2523 2836 2814 2909 Ἀρειανῶν
2840 2838 3136 2909 ὑπομείνας
3162 2840 3455 2905 ὲπιόουλάς
3473 2882 3488 2902 ,
3527 2843 3669 2914 πρὸς
3701 2843 3854 2896 Κών-

608 2926 795 2980 liarmn
834 2926 1129 2996 principem
1168 2928 1344 2996 l'ugit:
1381 2928 1519 2980 unde
1566 2942 1820 2981 reversus
1863 2943 1982 2983 cum
2020 2927 2166 2983 litte-

2274 2942 2471 2980 σταντα
2532 2927 2641 2980 τῶν
2697 2926 2938 2983 Γαλλιῶν
3010 2930 3232 3000 βασιλέα
3290 2934 3681 3006 προσέφυγεν
3730 2937 3852 2991 ὅθεν

605 3021 699 3082 ris,
751 3028 869 3088 post
924 3030 1147 3073 mortem
1203 3017 1317 3087 ejus
1369 3033 1580 3072 rursum
1622 3016 1837 3088 fugatus
1878 3033 2051 3087 usque
2100 3019 2166 3071 ad

2273 3018 2574 3084 ἀναζεύξας
2624 3020 2760 3091 μετά
2806 3024 3171 3093 γραμμάτων,
3219 3025 3314 3077 καὶ
3367 3022 3525 3091 αὖθις
3580 3029 3719 3099 μετᾶ
3752 3028 3852 3100 τὴν

600 3109 809 3165 Joviani
861 3111 1143 3181 itnperium
1195 3111 1375 3175 latuit,
1418 3126 1447 3164 a
1497 3125 1602 3178 quo
1646 3124 1856 3178 recepta
1897 3109 2163 3173 Ecclesia,

2272 3111 2437 3164 αὐτοῦ
2465 3112 2717 3183 τελευτὴν
2741 3112 3018 3183 διωχθεὶς,
3061 3116 3163 3181 ἕως
3196 3118 3293 3188 τῆς
3337 3118 3618 3198 βασιλείας
3658 3121 3836 3175 Ἰοϐια-

601 3206 703 3259 sub
732 3205 955 3262 Valente
985 3208 1239 3263 moritur.
1270 3206 1544 3261 Feruntur
1573 3205 1693 3275 ejus
1744 3205 2007 3259 adversus
2034 3220 2165 3274 gen-

2271 3201 2361 3254 νοῦ
2414 3202 2645 3268 διέλαθε,
2695 3204 2788 3257 καὶ
2834 3205 3113 3260 ἀναλαϐὼν
3173 3208 3271 3279 τὴν
3333 3210 3699 3282 Ἐκκλησίαν,
3760 3213 3852 3265 ἐπὶ

603 3307 684 3352 tes
733 3296 854 3352 libri
912 3300 1038 3363 duo,
1092 3307 1148 3353 et
1199 3308 1385 3352 contra
1437 3296 1717 3351 Valentem
1778 3305 1833 3349 et
1883 3294 2162 3349 Ursacium

2272 3292 2567 3357 υύἀλεντος
2600 3294 2843 3366 τελευτᾷ.
2884 3298 3143 3369 Φέρονται
3167 3299 3329 3353 αὐτοῦ
3370 3302 3510 3355 κατὰ
3539 3303 3653 3358 τῶν
3681 3303 3851 3359 ἐθνῶν

600 3406 765 3453 unus,
791 3401 844 3445 et
874 3391 938 3445 de
975 3391 1303 3461 virginitate,
1336 3399 1389 3446 et
1419 3391 1484 3445 de
1513 3389 1977 3460 persecutionibus
2002 3390 2156 3442 Aria-

2268 3388 2412 3456 λὸγοι
2436 3387 2546 3452 δύο,
2577 3390 2716 3442 κατὰ
2748 3391 3043 3456 Οὐάλεντος
3075 3394 3168 3446 καὶ
3215 3396 3523 3468 Οὐρσακίου
3574 3394 3677 3464 εἷς,
3708 3400 3851 3471 περὶ

601 3499 793 3537 norum
832 3483 1068 3551 plurimi,
1096 3493 1149 3536 et
1172 3485 1235 3536 de
1263 3483 1597 3536 Psaltnorum
1635 3483 1827 3547 titulis,
1858 3493 1911 3535 et
1938 3482 2158 3536 historia

2280 3480 2557 3550 αρθενεας,
2596 3481 2723 3553 περὶ
2763 3482 3018 3554 διωγμῶν
3060 3486 3354 3558 Ἀρειανῶν
3396 3489 3679 3556 πλεῖστοι,
3715 3494 3846 3565 περὶ

597 3574 814 3629 Antonii
850 3574 1187 3629 anachoreta:
1232 3572 1407 3628 Vitam
1454 3574 1757 3641 continens,
1792 3583 1845 3628 et
1881 3576 2162 3645 ἑορταστι-

2270 3572 2579 3644 ὲπιγραφῆς
2621 3573 2885 3646 ψαλμῶν,
2929 3578 3022 3631 καὶ
3063 3579 3269 3649 ἱστορία
3311 3580 3601 3635 Ἀντωνίου
3635 3586 3851 3655 ἀναχω-

598 3667 693 3721 καὶ
721 3666 981 3738 epistolae,
1020 3674 1075 3721 et
1113 3666 1280 3721 multa
1319 3666 1446 3734 alia,
1477 3682 1595 3738 qua:
1620 3682 1906 3723 numerare
1943 3667 2159 3739 longum

2270 3665 2432 3733 ρήτου
2461 3665 2549 3717 τὸν
2582 3668 2703 3720 Βίον
2732 3670 3057 3741 περιέχουσα
3078 3710 3093 3733 ,
3133 3673 3225 3724 καὶ
3258 3672 3607 3742 ἑορταστικαὶ
3630 3676 3848 3728 ἐπιστο-

597 3768 699 3813 est.
2268 3754 2374 3817 λαὶ,
2423 3757 2515 3809 καὶ
2572 3759 2797 3812 πλεῖστα
2839 3761 2972 3815 ἄλλα
3020 3762 3161 3827 τινὰ,
3223 3763 3364 3816 ἆπεο
3412 3764 3848 3836 ἀπαριθμείσθαι

2268 3847 2430 3902 ὀκνῶ.

1568 3960 1809 4031 Ruﬁnus,
1844 3963 2235 4019 Ecclesiastica:
2277 3964 2420 4020 llist.
2453 3967 2546 4023 lib.
2578 3982 2615 4034 ι,
2638 3984 2752 4036 cap.
2782 3969 2868 4023 M.

668 4052 836 4123 Igitur
858 4054 995 4125 apud
1028 4053 1406 4110 Alexandriam
1438 4057 1692 4112 defuncto
1723 4058 2030 4113 Alexandro
2061 4058 2396 4114 Athanasius
2440 4070 2753 4129 susceperat
2805 4063 3010 4119 sedem.
3037 4062 3188 4128 Quou
3220 4077 3347 4116 vero
3386 4072 3533 4117 esset
3578 4064 3664 4117 vir
3703 4063 3845 4117 acris

595 4143 816 4212 ingenii,
849 4157 906 4200 et
932 4146 984 4199 in
1012 4146 1392 4202 ecclesiasticis
1421 4151 1653 4217 negotiis
1685 4153 1927 4217 apprime
1952 4152 2206 4219 vigilans,
2227 4133 2374 4208 satis
2401 4152 2515 4221 jam
2554 4164 2677 4207 tunc
2708 4153 2972 4207 lucreticis
3018 4154 3361 4212 innotuerat.
3394 4170 3517 4208 cum
3560 4156 3629 4208 ad
3662 4156 3846 4208 conci-

594 4238 722 4296 lium
758 4237 1031 4296 Nicaanum
1061 4256 1178 4296 cum
1215 4243 1470 4314 episc0po
1504 4260 1600 4299 suo
1624 4259 1754 4300 sene
1779 4246 2092 4301 Alexandro
2120 4256 2347 4302 venerat
2370 4288 2388 4315 ,
2422 4250 2576 4317 cujus
2608 4248 3040 4317 suggestiouibus
3093 4247 3471 4302 luereticorum
3503 4249 3617 4304 ludi
3648 4266 3711 4304 ac
3742 4248 3843 4308 [ai-

520 4391 531 4399 ,
591 4331 745 4387 lacia:
772 4332 1066 4404 vigilanter
1087 4334 1498 4407 detegebantur.

1453 4471 1684 4528 Joannes
1715 4472 2016 4536 Cassianus,
2045 4472 2141 4529 lib.
2176 4489 2249 4528 vn
2286 4475 2672 4544 Deincarnat.,
2697 4494 2817 4547 cap.
2847 4479 2941 4532 ult.
2979 4536 2985 4545 ,

659 4616 983 4672 Athanasius
1009 4618 1348 4673 Alexandriae
1381 4620 1534 4674 urbis
1563 4621 1836 4684 sacerdos,
1872 4620 2136 4675 eximium
2168 4620 2491 4674 constantia:
2526 4629 2581 4673 et
2612 4620 2827 4675 virtutis
2861 4620 3196 4688 exemplum;
3236 4633 3396 4690 quem
3423 4619 3696 4674 hmreticm
3718 4636 3846 4687 per.

588 4708 881 4762 secutionis
908 4708 1135 4775 procella
1164 4723 1269 4762 non
1297 4710 1572 4774 contrivit,
1613 4710 1705 4765 Sed
1760 4711 2012 4779 probavit
2045 4728 2060 4766 :
2090 4708 2180 4777 qui
2235 4709 2469 4763 similem
2513 4725 2730 4780 semper
2780 4711 3074 4780 Splendenti
3131 4709 3351 4780 speculo
3392 4709 3559 4763 vitam
3609 4711 3839 4774 habens,

587 4802 737 4870 prius
756 4816 891 4869 pene
923 4802 1167 4870 imleptus
1198 4812 1285 4858 est
1319 4804 1575 4872 martyris
1603 4804 1879 4869 meritum,
1904 4818 2068 4873 quam
2104 4802 2440 4857 confessoris
2469 4813 2691 4873 caperet
2725 4803 3066 4872 dignitatem.

917 4891 1210 4947 Vincentius
1242 4894 1548 4959 Lirinensis,
1582 4897 1634 4947 in
1664 4893 2093 4959 Commonitorio,
2118 4905 2300 4948 contra
2342 4895 2597 4963 profanas
2623 4895 2879 4947 ltwresum
2916 4892 3239 4953 nocationes,
3278 4905 3394 4955 cap.
3419 4889 3516 4947 $9..

557 5026 563 5033 ν
660 4984 796 5039 Sunt
842 4988 1062 5055 ergoghi
1099 4989 1237 5052 viri,
1270 5002 1500 5056 quorum
1536 4987 1588 5040 in
1639 4987 1731 5040 illo
1764 4986 2053 5055 (Ephesino
2100 4987 2140 5054 ι)
2179 4986 2433 5051 concilio,
2468 4986 2551 5041 vel
2591 4995 2850 5055 tanquam
2890 4983 3161 5053 judicum,
3196 4984 3276 5037 vel
3313 4994 3575 5052 tanquam
3614 4982 3834 5037 testium

587 5081 784 5149 scripta
804 5086 1028 5135 recitata
1052 5085 1216 5151 sunt]:
1244 5084 1301 5137 S.
1331 5082 1526 5137 Petrus
1553 5081 1944 5136 Alexandrinus
1976 5084 2266 5152 episcopus
2308 5081 2505 5136 doctor
2553 5079 3070 5152 prtestantissimus',
3102 5087 3157 5131 et
3206 5087 3411 5147 martyr
3461 5078 3833 5137 beatissimus,

586 5184 804 5231 sanctus
825 5177 1155 5232 Athanasius
1177 5178 1421 5247 ejusdem
1456 5177 1695 5231 civitatis
1722 5180 1970 5244 antistes,
2006 5177 2263 5248 magister
2298 5177 2667 5242 ﬁdelissimus,
2701 5184 2754 5232 et
2792 5175 3070 5230 confessor
3098 5171 3590 5228 eminentissimus.

992 5354 1219 5425 Cyri/ius
1244 5354 1629 5409 Alexandrinus
1655 5356 1708 5409 in
1736 5356 1886 5421 epist.
1913 5357 1981 5407 ad
2007 5355 2352 5425 presbyteros,
2388 5357 2666 5417 diaconos,
2704 5363 2750 5407 et
2787 5351 2977 5425 Patres
3007 5352 3377 5406 monachorum
3401 5389 3419 5416 ,

1548 5441 1663 5494 qua:
1682 5437 1847 5479 exstat
1872 5428 1926 5479 in
1949 5426 2089 5479 Actis
2115 5423 2527 5497 sunodnEpltes.
2554 5442 2593 5490 ι,
2628 5438 2743 5492 cap.
2780 5423 2830 5476 1.

653 5623 939 5680 Enimvero
985 5622 1311 5692 percelebris
1359 5626 1632 5683 memoria:
1674 5624 1834 5679 Pater
1884 5624 2129 5681 Athana-
2165 5629 2206 5687 C

2309 5623 2418 5677 Καὶ
2450 5621 2579 5691 γοῦν
2630 5620 2656 5675 ὁ
2706 5619 2803 5690 τῆς
2857 5619 3097 5690 ἀοιδίμου
3157 5619 3383 5690 μνήμης
3430 5618 3626 5691 Πατὴρ
3674 5616 3830 5692 ήμιῗν

584 5716 719 5777 sius,
747 5719 833 5782 qui
871 5722 1011 5769 totos
1044 5716 1392 5783 quadraginta
1428 5733 1516 5773 ses
1553 5734 1722 5773 annos
1750 5717 2132 5772 Alexandrina:

2260 5714 2590 5779 Ἀθανασιος,
2627 5714 2724 5783 τῆς
2767 5710 3159 5778 Ἀλεξανδρέων
3222 5710 3549 5775 Ἐκκλησίας
3595 5729 3830 5767 κατακο-
