4010 6534
1515 438 1764 494 ELOGIA
1801 438 2157 495 VETERUM.

225 557 423 629 σμήσας
470 554 564 605 τὸν
630 550 827 623 θρόνον
872 550 955 619 ἐφ’
1009 550 1147 612 ὅλοις
1200 547 1342 601 ἔτεσι
1376 550 1783 618 τεσσαράκοντα

222 641 306 701 uel.
328 646 383 709 ἐξ
414 644 504 696 τὸν
538 642 803 712 ἀριθμὸν,
830 643 923 694 καὶ
944 644 1063 703 ταῖς
1089 641 1196 693 τῶν
1227 639 1457 692 ἀνοσίων
1495 636 1784 711 αἱρετικῶν

226 729 602 803 εὓρεσιλογίαις
635 728 852 797 ἄμαχόν
874 744 989 779 τινα
1015 728 1106 779 καὶ
1138 727 1497 795 ἀποστολικὴν
1535 725 1785 779 ἀντιτάτ-

227 838 317 876 των
347 821 580 882 σύνεσιν,
635 819 737 872 καὶ
777 812 887 871 οἷον
918 818 1262 887 εὐοσμοτάτῳ
1302 817 1457 887 μύρῳ
1491 820 1604 880 τοῖς
1640 816 1788 880 ίδίοις

229 911 600 981 συγγράμμασι
666 909 1081 978 κατευφραίνων
1140 907 1238 977 τὴν
1287 909 1380 959 ὑπ’
1419 907 1664 977 οὐρανὸν,
1700 907 1784 958 ἐπ’

225 1003 449 1075 ὀρθότητι
482 1002 577 1055 καὶ
599 1000 864 1071 ἀκριϐείᾳ
898 999 1043 1070 παρὰ
1069 999 1284 1053 πάντων
1318 1000 1692 1068 μαρτυρεῖται.

3208 463 3457 504 CCLXX?"

1896 551 2153 604 Ecclesia:
2179 549 2547 619 pontificatum
2577 551 2789 621 egregia
2819 567 2937 608 cum
2972 554 3129 609 laude
3155 559 3340 625 gessit,
3378 561 3456 613 lo-

1895 641 2265 710 quacibusque
2328 641 2657 711 impurorum
2702 642 3075 698 htereticorum
3133 652 3455 702 commentis

1897 727 2093 782 invicta
2124 730 2389 799 planeque
2411 730 2700 799 apostolica
2732 730 2992 800 sapientia
3016 734 3232 799 restitit,
3260 738 3454 804 quippe

1898 818 2117 886 scriptis
2142 820 2253 873 suis
2292 819 2456 874 veluti
2485 820 2909 889 fragrantissimo
2936 823 3162 891 quodam
3185 836 3455 893 unguento

1899 915 2067 962 totum
2093 908 2236 962 hunc
2262 911 2446 964 orbem
2488 911 2714 965 mirifice
2743 912 3027 975 recreavit,
3061 921 3114 967 et
3137 913 3205 966 ob
3234 914 3451 983 dogma-

1896 1005 2009 1049 tum
2037 996 2340 1051 absolutam
2384 999 2749 1068 integritatem
2788 1001 3026 1069 ﬁdeique
3070 1002 3449 1057 rectitudinem

1894 1100 2085 1154 magna
2142 1086 2281 1155 apud
2328 1102 2516 1144 omnes
2567 1090 2973 1147 existimatione
3019 1099 3075 1148 et
3131 1094 3451 1149 auctoritate

1890 1175 2014 1229 fuit.
2622 1196 2623 1199 η

1502 1284 1569 1338 Et
1598 1286 1751 1353 paulo
1795 1298 1930 1357 post,
1954 1290 2160 1346 ibidem.

292 1398 611 1467 Ἄξιόχρεως
659 1398 765 1466 μὲν
807 1393 899 1450 οὖν
927 1397 955 1449 ὁ
982 1396 1118 1467 ἀνὴρ
1161 1396 1251 1450 καὶ
1283 1396 1600 1469 θαρσεῖσθαι
1650 1399 1784 1471 πρέ-

228 1506 340 1553 πων,
384 1490 441 1552 ὃς
464 1489 570 1541 οὐκ
602 1487 673 1542 ἂν
703 1488 807 1557 ἔφη
842 1472 897 1541 ¹τι
933 1488 1042 1541 τῶν
1062 1490 1159 1542 ὅσα
1195 1489 1267 1559 μή
1300 1490 1414 1541 ἐστι
1460 1492 1573 1551 τοῖς
1617 1490 1781 1559 ἱεροῖς

228 1579 568 1651 συμϐαίνοντα
597 1579 804 1647 λόγοις.
841 1579 964 1643 Πῶς
1011 1580 1121 1651 γὰρ
1152 1580 1218 1633 ἂν
1251 1580 1484 1651 ἁμάρτοι
1516 1580 1780 1651 τάληθοῦς

226 1672 501 1742 ὀλαμπρδς
526 1665 687 1734 οὗτος
724 1671 818 1723 καὶ
848 1670 1150 1742 διαϐόητος,
1184 1671 1277 1725 καὶ
1298 1671 1356 1724 ἐν
1388 1670 1521 1740 αὐτῇ
1552 1673 1617 1740 τῇ
1648 1671 1782 1741 ἁγίᾳ

226 1764 303 1817 καὶ
334 1763 543 1834 μεγάλῃ
580 1761 809 1830 συνόδῳ,
845 1763 909 1831 τῇ
946 1762 1003 1814 ὲν
1036 1761 1238 1831 Νικαίᾳ
1270 1761 1412 1830 φημὶ
1440 1776 1779 1829 συναγηγερ-

228 1857 359 1927 μένῃ,
392 1855 531 1925 πρὸς
567 1851 828 1907 ἁπάντων
854 1852 1295 1922 τεθαυμασμένος
1315 1868 1330 1916 ;
1354 1850 1516 1904 Οὔπω
1547 1850 1644 1921 μὲν
1672 1849 1779 1921 γὰρ

227 1946 298 1997 τὸν
314 1946 406 2015 τῆς
428 1946 747 2015 ἐπισκοπῆς
776 1945 948 1997 διεῖπε
978 1944 1185 2016 θρόνον,
1208 1944 1380 1997 ἐτέλει
1400 1943 1456 1996 δὲ
1492 1942 1688 2013 μᾶλλον
1722 1943 1779 1995 ἐν

226 2037 502 2106 κληρικοῖς,
550 2037 692 2106 πλὴν
715 2036 991 2105 ἀγχιονίας
1013 2036 1194 2099 ἕνεκα,
1228 2037 1320 2088 καὶ¹
1348 2036 1447 2105 τῆς
1472 2035 1634 2103 ἄλλης
1660 2035 1781 2086 ἐπι-

226 2128 401 2190 εικείας
454 2126 553 2179 καὶ
597 2125 792 2196 ἰσχνῆς
848 2128 985 2194 ἄγαν
1034 2126 1126 2179 καὶ
1180 2125 1507 2195 ἀσυγκρίτου
1563 2122 1775 2193 φρενὸς,

225 2220 524 2291 παρελήφθη
568 2221 669 2291 μὲν
706 2221 769 2274 τὸ
812 2220 1063 2292 τηνικάδε
1094 2218 1245 2291 παρᾶ
1271 2219 1362 2272 τοῦ
1389 2213 1484 2287 τῆς
1509 2218 1779 2289 μακαρίας

226 2313 416 2382 μνήμης
464 2311 825 2384 Ἀλεξάνδρου
867 2311 960 2365 τοῦ
1018 2312 1334 2365 ἐπισκόπου.
1388 2310 1561 2380 Συνῆν
1602 2309 1659 2361 δὲ
1701 2308 1777 2377 τῷ

224 2402 495 2474 πρεσϐύτῃ,
528 2400 619 2456 οἷά
650 2414 760 2472 περ
808 2403 922 2466 υἱὸς
952 2404 1147 2474 πατρὶ,
1180 2401 1428 2471 ποδηγᾶω
1454 2403 1532 2463 είς
1573 2399 1777 2453 ἕκαστα

223 2490 309 2542 τῶν
333 2492 649 2563 χρησίμων,
685 2493 784 2544 καὶ
826 2491 925 2562 τὴν
966 2493 1050 2561 ἐφ’
1091 2492 1303 2561 ἑκάστῳ
1340 2490 1447 2543 τῶν
1490 2488 1775 2559 πρακτέων

220 2579 317 2632 ὀῶν
338 2578 392 2634 εὖ
434 2582 578 2652 μάλα
615 2581 1005 2654 παραδεικνύς.

1960 1402 2103 1457 Sane
2153 1403 2377 1459 idoneus
2420 1414 2502 1459 est
2547 1404 2636 1460 hic
2685 1405 2769 1461 vlr
2817 1408 3164 1479 apprimeqac
3220 1411 3438 1481 dignus.

1888 1496 1974 1547 cui
2006 1494 2268 1561 intrepide
2300 1493 2457 1548 fidem
2497 1495 2809 1565 adiungere,
2839 1512 3104 1568 quemque
3153 1508 3267 1555 tuto
3295 1504 3447 1570 sequi

1885 1583 2068 1648 liceat,
2109 1594 2167 1636 ut
2203 1584 2294 1651 qui
2350 1584 2478 1637 nihil
2538 1585 2831 1654 quidquam
2891 1588 3183 1656 aliquando
3229 1592 3448 1654 dixerit.

1883 1672 2027 1741 quod
2061 1686 2089 1724 a
2118 1671 2284 1726 sacris
2306 1671 2499 1728 litteris
2515 1673 2748 1729 alienum
2777 1684 2940 1730 esset.
2974 1675 3095 1742 Quo
3120 1680 3265 1732 enim
3292 1692 3448 1749 pacto

1886 1761 2110 1816 illustris
2158 1762 2247 1817 ille
2291 1762 2706 1834 celebratusque
2743 1765 2920 1829 Pater,
2950 1768 3039 1835 qui
3074 1767 3126 1821 in
3171 1769 3449 1822 sacrailla

1885 1865 2182 1921 magnaque
2217 1853 2421 1922 synodo
2457 1853 2677 1908 Nicaena
2717 1855 2771 1908 in
2819 1864 2967 1909 tanta
2992 1857 3233 1910 omnium
3269 1858 3445 1910 admi-

1883 1944 2093 1998 ratione
2129 1944 2341 1998 habitus
2366 1955 2466 2008 est,
2504 1960 2533 1999 a
2564 1945 2809 2001 veritatis
2855 1946 3073 2000 tramite
3124 1946 3447 2001 aberraret?

1882 2032 2014 2085 Nam
2050 2033 2153 2086 etsi
2194 2048 2287 2100 per
2344 2035 2394 2088 id
2439 2042 2665 2103 tempus
2703 2037 2938 2105 episcopi
2976 2052 3168 2091 munus
3208 2041 3443 2092 nondum

1880 2125 2191 2187 sustineret,
2262 2126 2354 2179 sed
2429 2126 2568 2180 inter
2635 2126 2907 2181 inferioris
2963 2129 3166 2182 ordinis
3222 2129 3447 2183 clericos

1883 2215 2178 2268 etiamnum
2214 2218 2453 2286 degeret,
2483 2225 2720 2270 attamen
2769 2226 2991 2287 propter
3018 2218 3328 2286 praeclaram
3361 2220 3444 2272 itt-

1880 2305 2053 2360 dulem
2088 2305 2456 2374 insignemque
2480 2307 2601 2361 vita:
2632 2308 2973 2377 probitatem,
2999 2318 3053 2365 et
3074 2310 3446 2365 incredibilem

1880 2411 2123 2466 peneque
2163 2397 2649 2466 incomparabilem
2701 2398 2893 2453 mentis
2944 2400 3357 2468 perspicaciam,
3415 2417 3444 2452 a

1880 2487 2053 2542 beatae
2083 2490 2354 2543 memoriae
2385 2490 2638 2558 episcopo
2668 2489 2974 2544 Alexandro
3020 2491 3086 2544 ad
3119 2492 3442 2560 episcopalis

1877 2578 2165 2645 provinciae
2217 2581 2547 2632 consortium
2583 2581 2783 2635 ascitus
2817 2581 2935 2635 fuit.
2982 2579 3313 2637 Versabatur
3353 2598 3447 2635 att-

224 2681 311 2729 tem
334 2664 450 2732 eum
476 2692 633 2743 sene,
664 2686 920 2746 tanquam
952 2676 1094 2730 ﬁlius
1124 2690 1243 2730 cum
1268 2682 1417 2744 patre
1438 2713 1452 2737 ,
1502 2673 1567 2737 ad
1616 2672 1825 2741 quidvis
1857 2671 2061 2724 utiliter
2123 2671 2515 2725 conficiendum
2582 2686 2701 2728 sese
2766 2676 2958 2729 ducem
2994 2674 3235 2745 praebens
3262 2713 3276 2737 ,
3321 2688 3448 2731 nec—

223 2775 309 2815 non
330 2764 377 2817 in
409 2763 684 2827 omnibus,
719 2778 844 2833 quae
875 2762 1120 2819 obeunda
1163 2762 1360 2825 forent,
1414 2761 1757 2817 commodum
1797 2759 1902 2813 iter
1923 2759 2238 2813 ostendens.

296 2892 593 2948 Marcianus
627 2894 929 2962 imperator,
961 2896 1014 2948 in
1052 2911 1201 2948 sacra
1230 2901 1421 2965 contra
1446 2890 1713 2965 hqreticos
1743 2897 1847 2965 act.
1887 2888 2286 2965 ulti_ma_.sgnodi
2336 2888 2793 2958 Chalcedonensis,
2824 2902 2872 2947 et
2912 2895 2966 2947 in
3001 2893 3062 2948 L.
3105 2894 3445 2965 Quicunque,

1380 2960 1440 3013 (ἶ.
1483 2958 1557 3012 De
1583 2958 1836 3011 haereticis
1868 2966 1916 3009 et
1942 2958 2265 3011 illaniclmlis.

284 3076 588 3145 Quicunque
613 3091 748 3146 ergo
776 3075 862 3130 vel
898 3076 949 3129 in
972 3077 1072 3131 hac
1092 3091 1244 3131 sacra
1288 3076 1440 3139 urbe,
1472 3074 1553 3129 vel
1586 3073 1640 3144 in
1680 3072 2037 3129 Alexandrina
2071 3072 2309 3136 civitate,
2343 3075 2427 3127 vel
2457 3075 2511 3128 in
2558 3075 2703 3129 omni
2744 3075 3061 3146 Egyptiaca
3105 3078 3366 3146 dioecesi,
3398 3088 3453 3137 et

225 3164 426 3219 diversis
445 3165 565 3218 aliis
596 3163 895 3233 provinciis
924 3164 1239 3235 Eutychetis
1270 3163 1553 3234 profanam
1584 3163 1989 3233 perversitatem
2022 3171 2341 3230 sequuntur,
2384 3173 2437 3217 et
2476 3162 2547 3216 ita
2595 3180 2699 3217 non
2732 3166 2979 3229 credunt,
3012 3175 3068 3219 ut
3099 3170 3323 3223 trecenti
3359 3170 3451 3224 de-

224 3268 319 3308 cem
348 3261 398 3307 et
422 3264 545 3308 octo
579 3253 757 3309 sancti
783 3252 970 3310 Patres
1007 3254 1364 3320 tradiderunt,
1394 3254 1715 3309 catholicam
1746 3263 1985 3308 sanctam
2017 3253 2172 3307 [idem
2206 3252 2259 3306 in
2289 3252 2505 3320 Nicaena
2554 3255 2776 3309 civitate
2810 3254 3093 3311 fundentes
3127 3272 3141 3311 :
3173 3259 3253 3313 vel
3287 3260 3359 3313 ita
3393 3275 3451 3314 ut

221 3357 413 3402 centum
446 3348 842 3418 quinquaginta
897 3349 987 3412 alii
1034 3348 1368 3403 venerabiles
1397 3348 1664 3417 episcopi,
1706 3348 1759 3401 in
1813 3346 1916 3401 hac
1966 3347 2103 3399 alma
2158 3346 2293 3400 urbe
2327 3356 2739 3401 convenerunt:
2780 3356 2833 3401 et
2862 3348 3004 3403 sicut
3032 3349 3363 3406 Athanasius
3396 3364 3452 3407 ct

225 3440 552 3511 Theophilus,
571 3450 628 3497 et
654 3438 894 3513 Cyrillus
916 3452 1115 3497 sanctae
1155 3441 1550 3496 recordationis
1584 3440 1820 3509 episcopi
1852 3440 2234 3493 Alexandrinae
2256 3438 2497 3494 civitatis
2527 3440 2896 3507 crediderunt,
2920 3456 3056 3511 quos
3076 3443 3239 3499 etiam
3265 3444 3448 3515 Ephe-

221 3533 322 3589 sina
349 3534 583 3605 synodus
604 3535 714 3605 (cui
740 3536 910 3589 beatae
939 3534 1209 3590 memoriae
1234 3534 1467 3606 Cyrillus
1495 3533 1732 3604 prrefuit,
1769 3534 1825 3588 in
1858 3549 1964 3603 qua
2011 3531 2244 3587 Nestorii
2298 3547 2451 3587 error
2488 3534 2744 3603 expulsus
2776 3535 2878 3601 est)
2924 3536 3212 3593 universos
3262 3549 3447 3595 secuta

223 3638 293 3681 est
318 3643 447 3697 quos
476 3638 529 3683 ει
560 3642 734 3697 nuper
757 3628 1081 3684 venerabilis
1108 3626 1564 3684 Chalcedonensis
1595 3628 1834 3699 synodus
1864 3636 1947 3689 est
1970 3636 2183 3691 secuta,
2209 3626 2481 3696 prioribus
2517 3626 2763 3681 conciliis
2804 3630 3145 3684 sacerdotum
3190 3645 3257 3685 ex
3299 3632 3444 3686 omni

226 3726 354 3785 parte
390 3718 751 3781 consentiens,
794 3716 1030 3787 nihilque
1085 3719 1330 3773 adimens
1377 3730 1730 3775 sacrosancto
1765 3718 2043 3788 Symbolo,
2088 3732 2259 3787 neque
2290 3717 2568 3788 adjiciens,
2602 3718 2695 3772 sed
2750 3717 3067 3788 Eutychetis
3113 3721 3326 3779 funesta
3350 3726 3448 3780 do-

224 3821 382 3879 gmata
402 3812 793 3873 condemnatis,
829 3810 1000 3864 sciant
1025 3825 1082 3866 se
1104 3825 1227 3867 esse
1259 3812 1542 3867 haereticos
1578 3812 2008 3880 Apollinaristas,
2042 3820 2149 3864 etc.

506 3949 754 4019 Synodus
780 3947 1235 4009 Chalcedonensis,
1272 3953 1459 4015 quarta
1488 3946 1821 4007 cecumenica,
1854 3954 1957 3996 act.
1992 3958 2101 4005 xw,
2136 3943 2188 3995 in
2224 3942 2472 3995 relatione
2498 3942 2566 3995 ad
2590 3944 2714 4013 imp.
2751 3944 3100 4002 Marcianum.

289 4059 370 4115 Sic
396 4061 673 4118 Athanasii
706 4060 773 4115 ad
802 4062 1102 4131 Epictetum
1131 4058 1512 4128 amplectimur
1545 4056 1774 4119 litteras,
1805 4056 1883 4110 sic
1907 4062 2181 4126 tanquam
2225 4054 2496 4125 propriam
2528 4055 2777 4125 Gregorii
2814 4060 2878 4114 ad
2922 4060 3297 4117 Chelidouium
3330 4064 3443 4133 epi-

231 4151 400 4208 stolam
426 4155 616 4226 ubique
636 4154 989 4225 proferimus.

899 4287 1248 4343 Theodoretus
1282 4288 1533 4358 Cyrensis
1560 4288 1776 4358 episcopi

1885 4303 1915 4338 η
1941 4283 2164 4352 Dialogo
2193 4286 2359 4351 primo
2384 4285 2461 4354 τῷ
2495 4284 2794 4353 Ἀτρὲπτῳ.

302 4397 448 4453 ὉΡΒ.
488 4400 807 4471 Ἀξιόχρεως
828 4397 964 4453 εἷναί
1002 4418 1081 4453 σοι
1119 4402 1263 4455 δοκεί
1297 4402 1606 4466 Ἀθανάσιος
1633 4403 1774 4455 ἐκεῖ·

1948 4396 2124 4452 On'ru.
2166 4394 2415 4462 Nunquid
2444 4394 2657 4447 videtur
2686 4394 2909 4447 idoneus
2943 4407 3065 4448 esse
3099 4395 3437 4450 Athanasius

232 4501 327 4548 voc,
356 4489 382 4539 ὁ
404 4489 847 4562 πολοθρύλλητος,
878 4491 906 4543 ὁ
938 4491 1230 4557 φανότατος
1269 4492 1369 4559 τῆς
1392 4492 1501 4545 τῶν
1517 4492 1736 4557 Ἀλεξαν
1754 4520 1767 4529 -

233 4572 380 4642 δρέων
416 4576 734 4646 Ἐκκλησίας
768 4580 1025 4649 φωστήρ;
1079 4580 1244 4632 ‘EPA.
1286 4581 1434 4633 Πάνυ
1464 4598 1547 4647 γε.
1597 4582 1763 4634 ὈΡΘ.

234 4661 342 4725 Tel;
381 4665 479 4734 γὰρ
518 4667 617 4738 τῆς
652 4666 911 4737 ἀληθείας
957 4668 1243 4739 παθήμασι
1280 4671 1380 4739 τὴν
1420 4670 1765 4725 διδασκαλίαν

234 4751 495 4823 ἐκύρωσεν.
529 4757 672 4812 Idem
704 4758 757 4811 in
791 4768 1019 4813 tractatu
1048 4760 1157 4813 MS.
1187 4759 1340 4825 Quod
1370 4773 1481 4830 post
1518 4764 1770 4815 incarna-

237 4842 401 4897 tionem
433 4863 562 4901 umts
608 4850 677 4901 sit
712 4847 952 4902 Christus
990 4862 1009 4900 :
1040 4850 1336 4920 Ταῦτατῆς
1376 4850 1768 4923 Ἀλεξανδρέων

235 4929 277 4979 οί
315 4934 513 5000 μεγάλοι
564 4937 851 5007 φωστῆρες
891 4937 1233 5010 Ἀλέξανδρος
1283 4943 1376 4995 καὶ
1432 4941 1766 5004 Ἀθανάσιος,

240 5020 317 5071 καὶ
329 5020 756 5097 ὁμοφρονοῦντες,
786 5031 915 5092 τοὺς
936 5030 1085 5101 παρὰ
1106 5030 1319 5084 πάντων
1343 5032 1633 5102 ᾀδομένους
1659 5048 1770 5083 κιν-

238 5106 393 5175 δύνους
430 5116 746 5190 ὑπέμειναν.

1875 4487 1986 4552 ille,
2039 4486 2447 4541 celeberrimum
2489 4495 2544 4538 et
2604 4483 2995 4538 lucidissimum
3063 4484 3440 4538 Alexandrinae

1876 4578 2128 4633 Ecclesia:
2173 4576 2387 4629 lumen?
2426 4573 2557 4627 Eas.
2603 4573 2853 4629 Omnino.
2902 4573 3075 4628 Orum.
3114 4572 3309 4642 Utpote
3346 4574 3435 4647 qui

1879 4668 2045 4722 variis
2075 4666 2385 4736 perturbata
2424 4664 2654 4719 mutibns
2680 4664 2910 4717 veritate
2937 4661 3235 4717 doctrinam
3283 4676 3434 4715 suam

1879 4757 2207 4811 auctoritate
2233 4754 2449 4825 propria
2481 4754 2871 4822 comprobavit.

1950 4846 2074 4900 llaec
2101 4846 2240 4899 inter
2268 4854 2480 4908 caetera,
2530 4846 2636 4898 duo
2672 4844 2759 4898 illa
2793 4858 2984 4914 magna
3039 4843 3432 4898 Alexandrino-

1876 4952 1993 4992 rutn
2047 4935 2301 4991 Ecclesiae
2350 4934 2619 4990 columina
2665 4934 2968 4989 Alexander
2999 4942 3054 4989 et
3086 4933 3434 5001 Athanasius,

1874 5028 1944 5083 ab
1975 5029 2231 5082 omnibus
2258 5041 2533 5095 nunquam
2564 5025 2696 5081 satis
2726 5026 3008 5081 decantata
3044 5026 3280 5095 pericula
3312 5042 3440 5101 una-

1877 5118 2094 5173 nimiter
2124 5117 2450 5174 tolerarunt.

738 5249 960 5321 Vigilius
999 5254 1261 5322 episwpus
1300 5253 1631 5310 Tridentinus
1662 5267 1708 5309 et
1742 5265 1943 5326 martyr
1961 5254 2052 5309 lib.
2090 5272 2126 5311 tt
2160 5254 2361 5310 Contra
2393 5254 2682 5324 Eutychen,
2712 5270 2827 5321 cap.
2860 5252 2912 5306 4.

301 5348 392 5404 Cur
419 5352 669 5413 formidas
693 5359 827 5415 duas
864 5360 1045 5417 dicere
1072 5372 1313 5438 naturas,
1350 5366 1490 5432 quod
1522 5365 1856 5422 Athanasius
1894 5366 2139 5423 omnium
2188 5367 2684 5423 ecclesiaSticornm
2721 5366 2959 5420 virorum
3002 5362 3201 5433 judicio
3239 5359 3436 5429 proba-

241 5441 448 5501 tissimos
474 5450 638 5505 dixit?
661 5451 716 5506 ln
744 5468 847 5521 qua
884 5454 1005 5510 fidei
1047 5455 1376 5525 professione
1411 5462 1590 5513 cuncti
1626 5460 1831 5515 Graecae
1876 5463 2073 5532 lingua:
2108 5470 2466 5528 tructatores,
2508 5478 2643 5531 quos
2687 5462 2963 5531 superiore
2999 5458 3177 5513 libello
3206 5468 3439 5508 comme-

242 5536 435 5625 ξξ¹⁰ηνῖι
459 5548 509 5592 ει
543 5554 732 5596 omnes
760 5542 937 5599 Latini
975 5548 1239 5602 sermonis
1274 5550 1550 5617 apostolici
1594 5553 1718 5616 viri,
1762 5552 1813 5606 id
1845 5565 1949 5621 est,
1986 5553 2247 5617 Hilarius,
2293 5555 2578 5620 Eusebius,
2627 5551 2965 5615 Ambrosius,
3006 5546 3346 5618 Augustinus,
3366 5549 3439 5625 ‘et

240 5621 582 5703 Hieronymus,
624 5639 928 5696 ctelestibus
965 5642 1153 5697 imbuti
1176 5644 1456 5709 doctrinis,
1487 5644 1647 5699 simul
1677 5643 1989 5714 pariterque
2021 5649 2390 5703 consentiunt.

450 5727 715 5795 Ρλτιιοι.
756 5732 874 5793 Gn.
910 5736 1112 5797 XXV.

3090 5742 3127 5785 r
