  <div class='ocr_page' id='page_1' title='image "/cluster/home/n/w/nwhite01/storage/ocr_20150623/25/hvd.32044004972428/291.png"; bbox 0 0 4010 6508; ppageno 0'>
   <div class='ocr_carea' id='block_1_1' title="bbox 492 380 781 443">
    <p class='ocr_par' dir='ltr' id='par_1_1' title="bbox 492 380 781 443">
     <span class='ocr_line' id='line_1_1' title="bbox 492 380 781 443; baseline 0.01 -4"><span class='ocrx_word' id='word_1_1' title='bbox 492 380 781 443; x_wconf 72' lang='lat' dir='ltr'><strong>.ccutviu</strong></span> 
     </span>
    </p>
   </div>
   <div class='ocr_carea' id='block_1_2' title="bbox 1883 387 2485 447">
    <p class='ocr_par' dir='ltr' id='par_1_2' title="bbox 1883 387 2485 447">
     <span class='ocr_line' id='line_1_2' title="bbox 1883 387 2485 447; baseline 0.003 -4"><span class='ocrx_word' id='word_1_2' title='bbox 1883 387 2256 447; x_wconf 71' lang='lat' dir='ltr'><strong>PROLEGOM</strong></span> <span class='ocrx_word' id='word_1_3' title='bbox 2265 388 2423 446; x_wconf 80' lang='lat' dir='ltr'><strong>ENA.</strong></span> <span class='ocrx_word' id='word_1_4' title='bbox 2482 414 2485 415; x_wconf 50' lang='grc' dir='ltr'><em>ν</em></span> 
     </span>
    </p>
   </div>
   <div class='ocr_carea' id='block_1_3' title="bbox 1507 500 2872 572">
    <p class='ocr_par' dir='ltr' id='par_1_3' title="bbox 1507 500 2872 572">
     <span class='ocr_line' id='line_1_3' title="bbox 1507 500 2872 572; baseline 0.004 -17"><span class='ocrx_word' id='word_1_5' title='bbox 1507 500 1812 557; x_wconf 69' lang='lat' dir='ltr'><strong>Maxentius</strong></span> <span class='ocrx_word' id='word_1_6' title='bbox 1841 500 2077 558; x_wconf 78' lang='lat' dir='ltr'><strong>Joannes</strong></span> <span class='ocrx_word' id='word_1_7' title='bbox 2102 504 2157 558; x_wconf 87' lang='lat' dir='ltr'><strong>in</strong></span> <span class='ocrx_word' id='word_1_8' title='bbox 2189 503 2366 558; x_wconf 76' lang='lat' dir='ltr'><strong>libello</strong></span> <span class='ocrx_word' id='word_1_9' title='bbox 2387 503 2536 572; x_wconf 76' lang='lat' dir='ltr'><strong>ﬁdei,</strong></span> <span class='ocrx_word' id='word_1_10' title='bbox 2561 518 2679 572; x_wconf 81' lang='lat' dir='ltr'><strong>cap.</strong></span> <span class='ocrx_word' id='word_1_11' title='bbox 2710 503 2765 560; x_wconf 68' lang='grc' dir='ltr'><strong>ε.</strong></span> <span class='ocrx_word' id='word_1_12' title='bbox 2868 537 2872 540; x_wconf 60' lang='grc' dir='ltr'><strong>σ</strong></span> 
     </span>
    </p>
   </div>
   <div class='ocr_carea' id='block_1_4' title="bbox 583 588 3742 661">
    <p class='ocr_par' dir='ltr' id='par_1_4' title="bbox 583 588 3742 661">
     <span class='ocr_line' id='line_1_4' title="bbox 583 588 3742 661; baseline 0.003 -16"><span class='ocrx_word' id='word_1_13' title='bbox 583 588 694 646; x_wconf 78' lang='lat' dir='ltr'><strong>Bas</strong></span> <span class='ocrx_word' id='word_1_14' title='bbox 732 590 896 660; x_wconf 87' lang='lat' dir='ltr'><strong>igitur</strong></span> <span class='ocrx_word' id='word_1_15' title='bbox 925 590 1061 647; x_wconf 82' lang='lat' dir='ltr'><strong>duas</strong></span> <span class='ocrx_word' id='word_1_16' title='bbox 1088 599 1310 647; x_wconf 89' lang='lat' dir='ltr'><strong>naturas</strong></span> <span class='ocrx_word' id='word_1_17' title='bbox 1340 592 1434 647; x_wconf 88' lang='lat' dir='ltr'><strong>Del</strong></span> <span class='ocrx_word' id='word_1_18' title='bbox 1468 591 1630 648; x_wconf 73' lang='lat' dir='ltr'><strong>Verbi</strong></span> <span class='ocrx_word' id='word_1_19' title='bbox 1662 595 1873 651; x_wconf 79' lang='lat' dir='ltr'><strong>Domini</strong></span> <span class='ocrx_word' id='word_1_20' title='bbox 1904 594 2075 650; x_wconf 90' lang='lat' dir='ltr'><strong>nostri</strong></span> <span class='ocrx_word' id='word_1_21' title='bbox 2105 592 2233 650; x_wconf 80' lang='lat' dir='ltr'><strong>Jesn</strong></span> <span class='ocrx_word' id='word_1_22' title='bbox 2261 593 2489 656; x_wconf 82' lang='lat' dir='ltr'><strong>Christi,</strong></span> <span class='ocrx_word' id='word_1_23' title='bbox 2517 593 2621 649; x_wconf 89' lang='lat' dir='ltr'><strong>hoc</strong></span> <span class='ocrx_word' id='word_1_24' title='bbox 2660 603 2769 661; x_wconf 86' lang='lat' dir='ltr'><strong>est,</strong></span> <span class='ocrx_word' id='word_1_25' title='bbox 2797 595 3101 652; x_wconf 74' lang='lat' dir='ltr'><strong>divinitatis</strong></span> <span class='ocrx_word' id='word_1_26' title='bbox 3133 604 3187 651; x_wconf 87' lang='lat' dir='ltr'><strong>et</strong></span> <span class='ocrx_word' id='word_1_27' title='bbox 3230 596 3581 654; x_wconf 83' lang='lat' dir='ltr'><strong>humanitatis</strong></span> <span class='ocrx_word' id='word_1_28' title='bbox 3617 610 3742 655; x_wconf 79' lang='lat' dir='ltr'><strong>natu</strong></span> 
     </span>
    </p>
   </div>
   <div class='ocr_carea' id='block_1_5' title="bbox 511 682 3755 751">
    <p class='ocr_par' dir='ltr' id='par_1_5' title="bbox 511 682 3755 751">
     <span class='ocr_line' id='line_1_5' title="bbox 511 682 3755 751; baseline 0.002 -15"><span class='ocrx_word' id='word_1_29' title='bbox 511 682 700 737; x_wconf 88' lang='lat' dir='ltr'><strong>raliter</strong></span> <span class='ocrx_word' id='word_1_30' title='bbox 737 682 851 738; x_wconf 94' lang='lat' dir='ltr'><strong>sive</strong></span> <span class='ocrx_word' id='word_1_31' title='bbox 889 682 1344 748; x_wconf 86' lang='lat' dir='ltr'><strong>substantialiter,</strong></span> <span class='ocrx_word' id='word_1_32' title='bbox 1371 684 1672 738; x_wconf 86' lang='lat' dir='ltr'><strong>secundum</strong></span> <span class='ocrx_word' id='word_1_33' title='bbox 1694 685 2044 739; x_wconf 89' lang='lat' dir='ltr'><strong>traditionem</strong></span> <span class='ocrx_word' id='word_1_34' title='bbox 2078 692 2398 737; x_wconf 85' lang='lat' dir='ltr'><strong>sanctorum</strong></span> <span class='ocrx_word' id='word_1_35' title='bbox 2431 682 2672 747; x_wconf 80' lang='lat' dir='ltr'><strong>Patrum,</strong></span> <span class='ocrx_word' id='word_1_36' title='bbox 2714 683 2986 739; x_wconf 90' lang='lat' dir='ltr'><strong>credimus</strong></span> <span class='ocrx_word' id='word_1_37' title='bbox 3018 693 3072 739; x_wconf 88' lang='lat' dir='ltr'><strong>et</strong></span> <span class='ocrx_word' id='word_1_38' title='bbox 3111 685 3436 740; x_wconf 79' lang='lat' dir='ltr'><strong>conﬁtemur</strong></span> <span class='ocrx_word' id='word_1_39' title='bbox 3463 689 3669 751; x_wconf 82' lang='lat' dir='ltr'><strong>unitas,</strong></span> <span class='ocrx_word' id='word_1_40' title='bbox 3702 704 3755 743; x_wconf 80' lang='lat' dir='ltr'><strong>er</strong></span> 
     </span>
    </p>
   </div>
   <div class='ocr_carea' id='block_1_6' title="bbox 511 772 3753 846">
    <p class='ocr_par' dir='ltr' id='par_1_6' title="bbox 511 772 3753 846">
     <span class='ocr_line' id='line_1_6' title="bbox 511 772 3753 846; baseline 0.002 -18"><span class='ocrx_word' id='word_1_41' title='bbox 511 775 655 844; x_wconf 89' lang='lat' dir='ltr'><strong>quod</strong></span> <span class='ocrx_word' id='word_1_42' title='bbox 684 783 874 830; x_wconf 82' lang='lat' dir='ltr'><strong>natura</strong></span> <span class='ocrx_word' id='word_1_43' title='bbox 908 772 1234 835; x_wconf 76' lang='lat' dir='ltr'><strong>inviolabilis</strong></span> <span class='ocrx_word' id='word_1_44' title='bbox 1259 772 1350 828; x_wconf 85' lang='lat' dir='ltr'><strong>Dei</strong></span> <span class='ocrx_word' id='word_1_45' title='bbox 1380 772 1568 841; x_wconf 82' lang='lat' dir='ltr'><strong>Verbi,</strong></span> <span class='ocrx_word' id='word_1_46' title='bbox 1606 783 1817 829; x_wconf 70' lang='lat' dir='ltr'><strong>natura:</strong></span> <span class='ocrx_word' id='word_1_47' title='bbox 1849 775 1997 829; x_wconf 85' lang='lat' dir='ltr'><strong>unita</strong></span> <span class='ocrx_word' id='word_1_48' title='bbox 2021 782 2104 828; x_wconf 87' lang='lat' dir='ltr'><strong>est</strong></span> <span class='ocrx_word' id='word_1_49' title='bbox 2135 772 2377 843; x_wconf 89' lang='lat' dir='ltr'><strong>passibili</strong></span> <span class='ocrx_word' id='word_1_50' title='bbox 2404 791 2420 825; x_wconf 84' lang='lat'>:</span> <span class='ocrx_word' id='word_1_51' title='bbox 2450 772 2765 829; x_wconf 84' lang='lat' dir='ltr'><strong>beatissimo</strong></span> <span class='ocrx_word' id='word_1_52' title='bbox 2788 773 2951 830; x_wconf 81' lang='lat' dir='ltr'><strong>simul</strong></span> <span class='ocrx_word' id='word_1_53' title='bbox 2977 784 3140 846; x_wconf 80' lang='lat' dir='ltr'><strong>atque</strong></span> <span class='ocrx_word' id='word_1_54' title='bbox 3180 775 3492 831; x_wconf 80' lang='lat' dir='ltr'><strong>doctissimo</strong></span> <span class='ocrx_word' id='word_1_55' title='bbox 3527 777 3753 836; x_wconf 83' lang='lat' dir='ltr'><strong>Athana-</strong></span> 
     </span>
    </p>
   </div>
   <div class='ocr_carea' id='block_1_7' title="bbox 510 861 2355 934">
    <p class='ocr_par' dir='ltr' id='par_1_7' title="bbox 510 861 2355 934">
     <span class='ocr_line' id='line_1_7' title="bbox 510 861 2355 934; baseline -0.001 -15"><span class='ocrx_word' id='word_1_56' title='bbox 510 865 593 921; x_wconf 93' lang='lat' dir='ltr'><strong>sio</strong></span> <span class='ocrx_word' id='word_1_57' title='bbox 613 864 826 921; x_wconf 81' lang='lat' dir='ltr'><strong>dicente</strong></span> <span class='ocrx_word' id='word_1_58' title='bbox 859 881 873 918; x_wconf 91' lang='lat'><strong>:</strong></span> <span class='ocrx_word' id='word_1_59' title='bbox 924 861 1144 919; x_wconf 72' lang='lat' dir='ltr'><strong>Verbum</strong></span> <span class='ocrx_word' id='word_1_60' title='bbox 1170 880 1315 929; x_wconf 84' lang='lat' dir='ltr'><strong>caro,</strong></span> <span class='ocrx_word' id='word_1_61' title='bbox 1340 878 1445 918; x_wconf 91' lang='lat' dir='ltr'><strong>non</strong></span> <span class='ocrx_word' id='word_1_62' title='bbox 1473 878 1602 920; x_wconf 91' lang='lat' dir='ltr'><strong>caro</strong></span> <span class='ocrx_word' id='word_1_63' title='bbox 1641 864 1878 920; x_wconf 80' lang='lat' dir='ltr'><strong>Verbum</strong></span> <span class='ocrx_word' id='word_1_64' title='bbox 1905 865 2108 934; x_wconf 76' lang='lat' dir='ltr'><strong>factum</strong></span> <span class='ocrx_word' id='word_1_65' title='bbox 2127 872 2224 929; x_wconf 79' lang='lat' dir='ltr'><strong>est,</strong></span> <span class='ocrx_word' id='word_1_66' title='bbox 2250 871 2355 918; x_wconf 86' lang='lat' dir='ltr'><strong>etc.</strong></span> 
     </span>
    </p>
   </div>
   <div class='ocr_carea' id='block_1_8' title="bbox 1434 977 2814 1051">
    <p class='ocr_par' dir='ltr' id='par_1_8' title="bbox 1434 977 2814 1051">
     <span class='ocr_line' id='line_1_8' title="bbox 1434 977 2814 1051; baseline 0.001 -17"><span class='ocrx_word' id='word_1_67' title='bbox 1434 977 1768 1035; x_wconf 80' lang='lat' dir='ltr'><strong>lustinianus</strong></span> <span class='ocrx_word' id='word_1_68' title='bbox 1797 980 2039 1051; x_wconf 85' lang='lat' dir='ltr'><strong>imperat.</strong></span> <span class='ocrx_word' id='word_1_69' title='bbox 2069 980 2124 1033; x_wconf 87' lang='lat' dir='ltr'><strong>in</strong></span> <span class='ocrx_word' id='word_1_70' title='bbox 2152 980 2323 1037; x_wconf 79' lang='lat' dir='ltr'><strong>edicto</strong></span> <span class='ocrx_word' id='word_1_71' title='bbox 2354 978 2430 1032; x_wconf 86' lang='lat' dir='ltr'><strong>De</strong></span> <span class='ocrx_word' id='word_1_72' title='bbox 2449 979 2574 1046; x_wconf 77' lang='lat' dir='ltr'><strong>ﬁds,</strong></span> <span class='ocrx_word' id='word_1_73' title='bbox 2610 995 2724 1049; x_wconf 84' lang='lat' dir='ltr'><strong>cap.</strong></span> <span class='ocrx_word' id='word_1_74' title='bbox 2757 980 2814 1035; x_wconf 70' lang='grc'>4.</span> 
     </span>
    </p>
   </div>
   <div class='ocr_carea' id='block_1_9' title="bbox 577 1089 3755 1177">
    <p class='ocr_par' dir='ltr' id='par_1_9' title="bbox 577 1089 3755 1177">
     <span class='ocr_line' id='line_1_9' title="bbox 577 1089 3755 1177; baseline 0.003 -30"><span class='ocrx_word' id='word_1_75' title='bbox 577 1090 809 1163; x_wconf 84' lang='lat' dir='ltr'><strong>Propter</strong></span> <span class='ocrx_word' id='word_1_76' title='bbox 833 1092 948 1148; x_wconf 82' lang='lat' dir='ltr'><strong>haec</strong></span> <span class='ocrx_word' id='word_1_77' title='bbox 986 1092 1149 1162; x_wconf 90' lang='lat' dir='ltr'><strong>igitur</strong></span> <span class='ocrx_word' id='word_1_78' title='bbox 1180 1093 1466 1163; x_wconf 79' lang='lat' dir='ltr'><strong>oportebat</strong></span> <span class='ocrx_word' id='word_1_79' title='bbox 1500 1105 1615 1159; x_wconf 88' lang='lat' dir='ltr'><strong>eos,</strong></span> <span class='ocrx_word' id='word_1_80' title='bbox 1647 1093 1691 1148; x_wconf 91' lang='lat' dir='ltr'><strong>si</strong></span> <span class='ocrx_word' id='word_1_81' title='bbox 1734 1091 1937 1177; x_wconf 79' lang='lat' dir='ltr'><strong>factum</strong></span> <span class='ocrx_word' id='word_1_82' title='bbox 1968 1090 2249 1147; x_wconf 82' lang='lat' dir='ltr'><strong>consilium</strong></span> <span class='ocrx_word' id='word_1_83' title='bbox 2283 1095 2430 1143; x_wconf 88' lang='lat' dir='ltr'><strong>recte</strong></span> <span class='ocrx_word' id='word_1_84' title='bbox 2458 1089 2835 1158; x_wconf 84' lang='lat' dir='ltr'><strong>susciperent,</strong></span> <span class='ocrx_word' id='word_1_85' title='bbox 2867 1102 2973 1144; x_wconf 93' lang='lat' dir='ltr'><strong>non</strong></span> <span class='ocrx_word' id='word_1_86' title='bbox 3016 1089 3150 1145; x_wconf 82' lang='lat' dir='ltr'><strong>tales</strong></span> <span class='ocrx_word' id='word_1_87' title='bbox 3184 1091 3550 1163; x_wconf 87' lang='lat' dir='ltr'><strong>blasphemias</strong></span> <span class='ocrx_word' id='word_1_88' title='bbox 3581 1099 3631 1154; x_wconf 90' lang='lat' dir='ltr'><strong>ei</strong></span> <span class='ocrx_word' id='word_1_89' title='bbox 3676 1117 3755 1173; x_wconf 83' lang='lat' dir='ltr'><strong>sp-</strong></span> 
     </span>
    </p>
   </div>
   <div class='ocr_carea' id='block_1_10' title="bbox 507 1181 3759 1254">
    <p class='ocr_par' dir='ltr' id='par_1_10' title="bbox 507 1181 3759 1254">
     <span class='ocr_line' id='line_1_10' title="bbox 507 1181 3759 1254; baseline 0.005 -19"><span class='ocrx_word' id='word_1_90' title='bbox 507 1182 733 1250; x_wconf 89' lang='lat' dir='ltr'><strong>plicare,</strong></span> <span class='ocrx_word' id='word_1_91' title='bbox 789 1184 883 1239; x_wconf 85' lang='lat' dir='ltr'><strong>sed</strong></span> <span class='ocrx_word' id='word_1_92' title='bbox 929 1184 1083 1254; x_wconf 83' lang='lat' dir='ltr'><strong>sequi</strong></span> <span class='ocrx_word' id='word_1_93' title='bbox 1123 1186 1373 1240; x_wconf 87' lang='lat' dir='ltr'><strong>doctores</strong></span> <span class='ocrx_word' id='word_1_94' title='bbox 1418 1185 1699 1240; x_wconf 69' lang='lat' dir='ltr'><strong>catholica:</strong></span> <span class='ocrx_word' id='word_1_95' title='bbox 1741 1184 2035 1248; x_wconf 67' lang='lat' dir='ltr'><strong>Ecclesiae,</strong></span> <span class='ocrx_word' id='word_1_96' title='bbox 2064 1194 2116 1239; x_wconf 89' lang='lat' dir='ltr'><strong>et</strong></span> <span class='ocrx_word' id='word_1_97' title='bbox 2158 1182 2393 1239; x_wconf 79' lang='lat' dir='ltr'><strong>maxime</strong></span> <span class='ocrx_word' id='word_1_98' title='bbox 2431 1190 2683 1235; x_wconf 89' lang='lat' dir='ltr'><strong>sanctum</strong></span> <span class='ocrx_word' id='word_1_99' title='bbox 2728 1181 3107 1250; x_wconf 87' lang='lat' dir='ltr'><strong>Athanasium,</strong></span> <span class='ocrx_word' id='word_1_100' title='bbox 3145 1183 3382 1253; x_wconf 77' lang='lat' dir='ltr'><strong>qniJuit</strong></span> <span class='ocrx_word' id='word_1_101' title='bbox 3426 1188 3759 1250; x_wconf 74' lang='lat' dir='ltr'><strong>Alexandria</strong></span> 
     </span>
    </p>
   </div>
   <div class='ocr_carea' id='block_1_11' title="bbox 507 1273 3759 1348">
    <p class='ocr_par' dir='ltr' id='par_1_11' title="bbox 507 1273 3759 1348">
     <span class='ocr_line' id='line_1_11' title="bbox 507 1273 3759 1348; baseline 0.004 -19"><span class='ocrx_word' id='word_1_102' title='bbox 507 1278 815 1348; x_wconf 81' lang='lat' dir='ltr'><strong>episcopus,</strong></span> <span class='ocrx_word' id='word_1_103' title='bbox 847 1287 903 1332; x_wconf 88' lang='lat' dir='ltr'><strong>ct</strong></span> <span class='ocrx_word' id='word_1_104' title='bbox 930 1277 1191 1347; x_wconf 85' lang='lat' dir='ltr'><strong>plurimos</strong></span> <span class='ocrx_word' id='word_1_105' title='bbox 1228 1288 1282 1334; x_wconf 89' lang='lat' dir='ltr'><strong>et</strong></span> <span class='ocrx_word' id='word_1_106' title='bbox 1317 1293 1542 1347; x_wconf 79' lang='lat' dir='ltr'><strong>magnos</strong></span> <span class='ocrx_word' id='word_1_107' title='bbox 1589 1278 1805 1333; x_wconf 81' lang='lat' dir='ltr'><strong>labores</strong></span> <span class='ocrx_word' id='word_1_108' title='bbox 1842 1278 2084 1347; x_wconf 85' lang='lat' dir='ltr'><strong>suscepit</strong></span> <span class='ocrx_word' id='word_1_109' title='bbox 2120 1291 2222 1346; x_wconf 90' lang='lat' dir='ltr'><strong>pro</strong></span> <span class='ocrx_word' id='word_1_110' title='bbox 2263 1286 2409 1330; x_wconf 84' lang='lat' dir='ltr'><strong>recta</strong></span> <span class='ocrx_word' id='word_1_111' title='bbox 2453 1273 2889 1330; x_wconf 86' lang='lat' dir='ltr'><strong>Christianorum</strong></span> <span class='ocrx_word' id='word_1_112' title='bbox 2924 1275 3031 1329; x_wconf 82' lang='lat' dir='ltr'><strong>ﬁde</strong></span> <span class='ocrx_word' id='word_1_113' title='bbox 3057 1277 3319 1333; x_wconf 86' lang='lat' dir='ltr'><strong>adversus</strong></span> <span class='ocrx_word' id='word_1_114' title='bbox 3342 1293 3562 1337; x_wconf 85' lang='lat' dir='ltr'><strong>omnem</strong></span> <span class='ocrx_word' id='word_1_115' title='bbox 3592 1285 3759 1343; x_wconf 52' lang='lat' dir='ltr'><strong>hatre-</strong></span> 
     </span>
    </p>
   </div>
   <div class='ocr_carea' id='block_1_12' title="bbox 506 1365 3761 1439">
    <p class='ocr_par' dir='ltr' id='par_1_12' title="bbox 506 1365 3761 1439">
     <span class='ocr_line' id='line_1_12' title="bbox 506 1365 3761 1439; baseline 0.004 -20"><span class='ocrx_word' id='word_1_116' title='bbox 506 1367 616 1431; x_wconf 86' lang='lat' dir='ltr'><strong>sin,</strong></span> <span class='ocrx_word' id='word_1_117' title='bbox 648 1373 703 1422; x_wconf 89' lang='lat' dir='ltr'><strong>et</strong></span> <span class='ocrx_word' id='word_1_118' title='bbox 731 1368 966 1425; x_wconf 78' lang='lat' dir='ltr'><strong>maxime</strong></span> <span class='ocrx_word' id='word_1_119' title='bbox 998 1379 1187 1425; x_wconf 89' lang='lat' dir='ltr'><strong>contra</strong></span> <span class='ocrx_word' id='word_1_120' title='bbox 1225 1369 1579 1439; x_wconf 90' lang='lat' dir='ltr'><strong>impiissimos</strong></span> <span class='ocrx_word' id='word_1_121' title='bbox 1601 1369 1856 1424; x_wconf 89' lang='lat' dir='ltr'><strong>Arianos.</strong></span> <span class='ocrx_word' id='word_1_122' title='bbox 1886 1367 2021 1437; x_wconf 84' lang='lat' dir='ltr'><strong>lpsis</strong></span> <span class='ocrx_word' id='word_1_123' title='bbox 2044 1370 2189 1422; x_wconf 92' lang='lat' dir='ltr'><strong>enim</strong></span> <span class='ocrx_word' id='word_1_124' title='bbox 2229 1366 2450 1422; x_wconf 90' lang='lat' dir='ltr'><strong>Arianis</strong></span> <span class='ocrx_word' id='word_1_125' title='bbox 2496 1370 2563 1421; x_wconf 86' lang='lat' dir='ltr'><strong>ad</strong></span> <span class='ocrx_word' id='word_1_126' title='bbox 2598 1365 2945 1435; x_wconf 84' lang='lat' dir='ltr'><strong>decipiendos</strong></span> <span class='ocrx_word' id='word_1_127' title='bbox 2977 1369 3204 1437; x_wconf 88' lang='lat' dir='ltr'><strong>populos</strong></span> <span class='ocrx_word' id='word_1_128' title='bbox 3238 1383 3370 1425; x_wconf 86' lang='lat' dir='ltr'><strong>suos</strong></span> <span class='ocrx_word' id='word_1_129' title='bbox 3408 1375 3587 1430; x_wconf 89' lang='lat' dir='ltr'><strong>errori</strong></span> <span class='ocrx_word' id='word_1_130' title='bbox 3635 1392 3761 1433; x_wconf 82' lang='lat' dir='ltr'><strong>con-</strong></span> 
     </span>
    </p>
   </div>
   <div class='ocr_carea' id='block_1_13' title="bbox 499 1458 3759 1537">
    <p class='ocr_par' dir='ltr' id='par_1_13' title="bbox 499 1458 3759 1537">
     <span class='ocr_line' id='line_1_13' title="bbox 499 1458 3759 1537; baseline 0.005 -28"><span class='ocrx_word' id='word_1_131' title='bbox 499 1458 855 1529; x_wconf 82' lang='lat' dir='ltr'><strong>jungentibus</strong></span> <span class='ocrx_word' id='word_1_132' title='bbox 894 1462 1249 1534; x_wconf 80' lang='lat' dir='ltr'><strong>Dionysium.</strong></span> <span class='ocrx_word' id='word_1_133' title='bbox 1280 1462 1377 1533; x_wconf 79' lang='lat' dir='ltr'><strong>qui</strong></span> <span class='ocrx_word' id='word_1_134' title='bbox 1419 1460 1602 1516; x_wconf 91' lang='lat' dir='ltr'><strong>multis</strong></span> <span class='ocrx_word' id='word_1_135' title='bbox 1641 1460 1799 1515; x_wconf 81' lang='lat' dir='ltr'><strong>anuis</strong></span> <span class='ocrx_word' id='word_1_136' title='bbox 1838 1468 1963 1515; x_wconf 86' lang='lat' dir='ltr'><strong>ante</strong></span> <span class='ocrx_word' id='word_1_137' title='bbox 2004 1459 2361 1515; x_wconf 83' lang='lat' dir='ltr'><strong>Athanasium</strong></span> <span class='ocrx_word' id='word_1_138' title='bbox 2411 1458 2514 1514; x_wconf 78' lang='lat' dir='ltr'><strong>fuit</strong></span> <span class='ocrx_word' id='word_1_139' title='bbox 2548 1458 2889 1515; x_wconf 68' lang='lat' dir='ltr'><strong>Alexandriae</strong></span> <span class='ocrx_word' id='word_1_140' title='bbox 2929 1461 3236 1530; x_wconf 87' lang='lat' dir='ltr'><strong>episcopus,</strong></span> <span class='ocrx_word' id='word_1_141' title='bbox 3265 1462 3595 1533; x_wconf 76' lang='lat' dir='ltr'><strong>dicentibus,</strong></span> <span class='ocrx_word' id='word_1_142' title='bbox 3627 1472 3759 1537; x_wconf 82' lang='lat' dir='ltr'><strong>quod</strong></span> 
     </span>
    </p>
   </div>
   <div class='ocr_carea' id='block_1_14' title="bbox 502 1549 3763 1621">
    <p class='ocr_par' dir='ltr' id='par_1_14' title="bbox 502 1549 3763 1621">
     <span class='ocr_line' id='line_1_14' title="bbox 502 1549 3763 1621; baseline 0.003 -18"><span class='ocrx_word' id='word_1_143' title='bbox 502 1558 557 1603; x_wconf 88' lang='lat' dir='ltr'><strong>et</strong></span> <span class='ocrx_word' id='word_1_144' title='bbox 600 1551 717 1621; x_wconf 84' lang='lat' dir='ltr'><strong>ipse</strong></span> <span class='ocrx_word' id='word_1_145' title='bbox 756 1550 1047 1621; x_wconf 79' lang='lat' dir='ltr'><strong>Dionysius</strong></span> <span class='ocrx_word' id='word_1_146' title='bbox 1092 1550 1294 1607; x_wconf 85' lang='lat' dir='ltr'><strong>similia</strong></span> <span class='ocrx_word' id='word_1_147' title='bbox 1339 1552 1419 1606; x_wconf 88' lang='lat' dir='ltr'><strong>eis</strong></span> <span class='ocrx_word' id='word_1_148' title='bbox 1469 1551 1649 1621; x_wconf 77' lang='lat' dir='ltr'><strong>sapuit</strong></span> <span class='ocrx_word' id='word_1_149' title='bbox 1692 1565 1706 1601; x_wconf 85' lang='lat'><strong>:</strong></span> <span class='ocrx_word' id='word_1_150' title='bbox 1755 1549 2085 1604; x_wconf 77' lang='lat' dir='ltr'><strong>Athanasius</strong></span> <span class='ocrx_word' id='word_1_151' title='bbox 2140 1563 2368 1619; x_wconf 84' lang='lat' dir='ltr'><strong>magnus</strong></span> <span class='ocrx_word' id='word_1_152' title='bbox 2405 1549 2662 1605; x_wconf 74' lang='lat' dir='ltr'><strong>Ecclesia:</strong></span> <span class='ocrx_word' id='word_1_153' title='bbox 2706 1550 2899 1604; x_wconf 90' lang='lat' dir='ltr'><strong>doctor</strong></span> <span class='ocrx_word' id='word_1_154' title='bbox 2952 1552 3145 1607; x_wconf 88' lang='lat' dir='ltr'><strong>multis</strong></span> <span class='ocrx_word' id='word_1_155' title='bbox 3195 1556 3368 1609; x_wconf 89' lang='lat' dir='ltr'><strong>modis</strong></span> <span class='ocrx_word' id='word_1_156' title='bbox 3428 1560 3669 1613; x_wconf 83' lang='lat' dir='ltr'><strong>ostendit</strong></span> <span class='ocrx_word' id='word_1_157' title='bbox 3712 1561 3763 1613; x_wconf 74' lang='lat' dir='ltr'><strong>is</strong></span> 
     </span>
    </p>
   </div>
   <div class='ocr_carea' id='block_1_15' title="bbox 506 1639 3764 1719">
    <p class='ocr_par' dir='ltr' id='par_1_15' title="bbox 506 1639 3764 1719">
     <span class='ocr_line' id='line_1_15' title="bbox 506 1639 3764 1719; baseline 0.004 -26"><span class='ocrx_word' id='word_1_158' title='bbox 506 1641 725 1710; x_wconf 87' lang='lat' dir='ltr'><strong>scriptis</strong></span> <span class='ocrx_word' id='word_1_159' title='bbox 762 1650 969 1698; x_wconf 87' lang='lat' dir='ltr'><strong>certam</strong></span> <span class='ocrx_word' id='word_1_160' title='bbox 1022 1641 1181 1699; x_wconf 85' lang='lat' dir='ltr'><strong>tidem</strong></span> <span class='ocrx_word' id='word_1_161' title='bbox 1220 1641 1537 1712; x_wconf 82' lang='lat' dir='ltr'><strong>Dionysium</strong></span> <span class='ocrx_word' id='word_1_162' title='bbox 1592 1643 1659 1697; x_wconf 89' lang='lat' dir='ltr'><strong>ab</strong></span> <span class='ocrx_word' id='word_1_163' title='bbox 1712 1642 1869 1697; x_wconf 92' lang='lat' dir='ltr'><strong>initio</strong></span> <span class='ocrx_word' id='word_1_164' title='bbox 1918 1640 2278 1711; x_wconf 68' lang='lat' dir='ltr'><strong>praedicasse,</strong></span> <span class='ocrx_word' id='word_1_165' title='bbox 2334 1639 2588 1710; x_wconf 90' lang='lat' dir='ltr'><strong>nulloque</strong></span> <span class='ocrx_word' id='word_1_166' title='bbox 2639 1640 2801 1696; x_wconf 89' lang='lat' dir='ltr'><strong>modo</strong></span> <span class='ocrx_word' id='word_1_167' title='bbox 2855 1642 3176 1714; x_wconf 85' lang='lat' dir='ltr'><strong>participem</strong></span> <span class='ocrx_word' id='word_1_168' title='bbox 3217 1646 3437 1703; x_wconf 65' lang='lat' dir='ltr'><strong>Asiana</strong></span> <span class='ocrx_word' id='word_1_169' title='bbox 3471 1650 3764 1719; x_wconf 79' lang='lat' dir='ltr'><strong>impietatis</strong></span> 
     </span>
    </p>
   </div>
   <div class='ocr_carea' id='block_1_16' title="bbox 512 1735 704 1791">
    <p class='ocr_par' dir='ltr' id='par_1_16' title="bbox 512 1735 704 1791">
     <span class='ocr_line' id='line_1_16' title="bbox 512 1735 704 1791; baseline 0.021 -4"><span class='ocrx_word' id='word_1_170' title='bbox 512 1735 538 1786; x_wconf 68' lang='grc' dir='ltr'><strong>ί</strong></span> <span class='ocrx_word' id='word_1_171' title='bbox 538 1735 704 1791; x_wconf 88' lang='lat' dir='ltr'><strong>uisse.</strong></span> 
     </span>
    </p>
   </div>
   <div class='ocr_carea' id='block_1_17' title="bbox 971 1828 3255 1899">
    <p class='ocr_par' dir='ltr' id='par_1_17' title="bbox 971 1828 3255 1899">
     <span class='ocr_line' id='line_1_17' title="bbox 971 1828 3255 1899; baseline 0.002 -16"><span class='ocrx_word' id='word_1_172' title='bbox 971 1828 1349 1883; x_wconf 70' lang='lat' dir='ltr'><strong>Constantinus</strong></span> <span class='ocrx_word' id='word_1_173' title='bbox 1376 1829 1503 1898; x_wconf 83' lang='lat' dir='ltr'><strong>imp.</strong></span> <span class='ocrx_word' id='word_1_174' title='bbox 1533 1832 1585 1883; x_wconf 85' lang='lat' dir='ltr'><strong>in</strong></span> <span class='ocrx_word' id='word_1_175' title='bbox 1615 1832 1767 1898; x_wconf 75' lang='lat' dir='ltr'><strong>epist.</strong></span> <span class='ocrx_word' id='word_1_176' title='bbox 1804 1831 1872 1883; x_wconf 85' lang='lat' dir='ltr'><strong>ad</strong></span> <span class='ocrx_word' id='word_1_177' title='bbox 1899 1828 2282 1885; x_wconf 74' lang='lat' dir='ltr'><strong>Occidentales.</strong></span> <span class='ocrx_word' id='word_1_178' title='bbox 2322 1838 2426 1883; x_wconf 76' lang='lat' dir='ltr'><strong>act.</strong></span> <span class='ocrx_word' id='word_1_179' title='bbox 2454 1844 2580 1883; x_wconf 77' lang='lat' dir='ltr'><strong>xvm</strong></span> <span class='ocrx_word' id='word_1_180' title='bbox 2613 1831 2799 1899; x_wconf 81' lang='lat' dir='ltr'><strong>synodi</strong></span> <span class='ocrx_word' id='word_1_181' title='bbox 2827 1846 2880 1884; x_wconf 67' lang='grc' dir='ltr'>γι</span> <span class='ocrx_word' id='word_1_182' title='bbox 2910 1834 3255 1887; x_wconf 72' lang='lat' dir='ltr'><strong>mcumenicw.</strong></span> 
     </span>
    </p>
   </div>
   <div class='ocr_carea' id='block_1_18' title="bbox 583 1937 2065 2018">
    <p class='ocr_par' dir='ltr' id='par_1_18' title="bbox 583 1937 2065 2007">
     <span class='ocr_line' id='line_1_18' title="bbox 583 1937 2065 2007; baseline -0.001 -14"><span class='ocrx_word' id='word_1_183' title='bbox 583 1939 649 1993; x_wconf 83' lang='lat' dir='ltr'><strong>Et</strong></span> <span class='ocrx_word' id='word_1_184' title='bbox 681 1941 832 1995; x_wconf 91' lang='lat' dir='ltr'><strong>testis</strong></span> <span class='ocrx_word' id='word_1_185' title='bbox 861 1940 1052 1993; x_wconf 91' lang='lat' dir='ltr'><strong>horum</strong></span> <span class='ocrx_word' id='word_1_186' title='bbox 1087 1937 1578 2007; x_wconf 82' lang='lat' dir='ltr'><strong>irreprehensibilis</strong></span> <span class='ocrx_word' id='word_1_187' title='bbox 1612 1940 1810 1994; x_wconf 83' lang='lat' dir='ltr'><strong>athleta</strong></span> <span class='ocrx_word' id='word_1_188' title='bbox 1840 1940 1929 1993; x_wconf 85' lang='lat' dir='ltr'><strong>Dei</strong></span> <span class='ocrx_word' id='word_1_189' title='bbox 1956 1938 2065 1994; x_wconf 87' lang='lat' dir='ltr'><strong>cul-</strong></span> 
     </span>
    </p>
   </div>
   <div class='ocr_carea' id='block_1_19' title="bbox 2170 1937 3761 2018">
    <p class='ocr_par' dir='ltr' id='par_1_19' title="bbox 2248 1938 3761 2018">
     <span class='ocr_line' id='line_1_19' title="bbox 2248 1938 3761 2018; baseline 0.003 -25"><span class='ocrx_word' id='word_1_190' title='bbox 2248 1940 2355 1993; x_wconf 77' lang='grc' dir='ltr'><strong>Καὶ</strong></span> <span class='ocrx_word' id='word_1_191' title='bbox 2383 1938 2590 2009; x_wconf 77' lang='grc' dir='ltr'><strong>μάρτυς</strong></span> <span class='ocrx_word' id='word_1_192' title='bbox 2637 1938 2840 1992; x_wconf 78' lang='grc' dir='ltr'>τούτων</span> <span class='ocrx_word' id='word_1_193' title='bbox 2882 1939 3172 2010; x_wconf 78' lang='grc' dir='ltr'><strong>ἄμεμπτος</strong></span> <span class='ocrx_word' id='word_1_194' title='bbox 3221 1944 3602 2018; x_wconf 65' lang='grc' dir='ltr'>ἁθλητὴςξκαὶ</span> <span class='ocrx_word' id='word_1_195' title='bbox 3651 1951 3761 2006; x_wconf 76' lang='grc' dir='ltr'><strong>θω-</strong></span> 
     </span>
    </p>
   </div>
   <div class='ocr_carea' id='block_1_20' title="bbox 508 2025 1359 2081">
    <p class='ocr_par' dir='ltr' id='par_1_20' title="bbox 508 2025 1359 2081">
     <span class='ocr_line' id='line_1_20' title="bbox 508 2025 1359 2081; baseline -0.002 -1"><span class='ocrx_word' id='word_1_196' title='bbox 508 2034 593 2080; x_wconf 78' lang='lat' dir='ltr'><strong>tor</strong></span> <span class='ocrx_word' id='word_1_197' title='bbox 615 2025 775 2081; x_wconf 83' lang='lat' dir='ltr'><strong>Pater</strong></span> <span class='ocrx_word' id='word_1_198' title='bbox 806 2033 988 2081; x_wconf 90' lang='lat' dir='ltr'><strong>noster</strong></span> <span class='ocrx_word' id='word_1_199' title='bbox 1013 2025 1359 2081; x_wconf 83' lang='lat' dir='ltr'><strong>Athanasius.</strong></span> 
     </span>
    </p>
   </div>
   <div class='ocr_carea' id='block_1_21' title="bbox 2188 2030 3190 2101">
    <p class='ocr_par' dir='ltr' id='par_1_21' title="bbox 2188 2030 3190 2101">
     <span class='ocr_line' id='line_1_21' title="bbox 2188 2030 3190 2101; baseline 0.002 -17"><span class='ocrx_word' id='word_1_200' title='bbox 2188 2031 2353 2100; x_wconf 74' lang='grc' dir='ltr'>σεδὴς</span> <span class='ocrx_word' id='word_1_201' title='bbox 2384 2032 2412 2082; x_wconf 77' lang='grc' dir='ltr'><strong>ὁ</strong></span> <span class='ocrx_word' id='word_1_202' title='bbox 2443 2030 2817 2101; x_wconf 1' lang='grc' dir='ltr'>Πατὴρρήμῶν</span> <span class='ocrx_word' id='word_1_203' title='bbox 2856 2030 3190 2096; x_wconf 79' lang='grc' dir='ltr'>Ἀθανάσιος.</span> 
     </span>
    </p>
   </div>
   <div class='ocr_carea' id='block_1_22' title="bbox 1482 2140 2770 2212">
    <p class='ocr_par' dir='ltr' id='par_1_22' title="bbox 1482 2140 2770 2212">
     <span class='ocr_line' id='line_1_22' title="bbox 1482 2140 2770 2212; baseline 0.004 -19"><span class='ocrx_word' id='word_1_204' title='bbox 1482 2140 1859 2207; x_wconf 76' lang='grc' dir='ltr'>ὓαηιαετεηιιε,</span> <span class='ocrx_word' id='word_1_205' title='bbox 1894 2142 2045 2197; x_wconf 82' lang='lat' dir='ltr'><strong>Orat.</strong></span> <span class='ocrx_word' id='word_1_206' title='bbox 2073 2146 2137 2198; x_wconf 83' lang='lat' dir='ltr'><strong>de</strong></span> <span class='ocrx_word' id='word_1_207' title='bbox 2160 2144 2443 2210; x_wconf 80' lang='lat' dir='ltr'><strong>defunctis,</strong></span> <span class='ocrx_word' id='word_1_208' title='bbox 2474 2145 2567 2197; x_wconf 85' lang='lat' dir='ltr'><strong>sub</strong></span> <span class='ocrx_word' id='word_1_209' title='bbox 2593 2144 2770 2212; x_wconf 77' lang='lat' dir='ltr'><strong>ﬁnem.</strong></span> 
     </span>
    </p>
   </div>
   <div class='ocr_carea' id='block_1_23' title="bbox 586 2250 2087 2320">
    <p class='ocr_par' dir='ltr' id='par_1_23' title="bbox 586 2250 2087 2320">
     <span class='ocr_line' id='line_1_23' title="bbox 586 2250 2087 2320; baseline 0.001 -12"><span class='ocrx_word' id='word_1_210' title='bbox 586 2250 711 2309; x_wconf 77' lang='lat' dir='ltr'><strong>Vita</strong></span> <span class='ocrx_word' id='word_1_211' title='bbox 737 2261 792 2309; x_wconf 87' lang='lat' dir='ltr'><strong>et</strong></span> <span class='ocrx_word' id='word_1_212' title='bbox 828 2253 1071 2309; x_wconf 87' lang='lat' dir='ltr'><strong>moribus</strong></span> <span class='ocrx_word' id='word_1_213' title='bbox 1092 2253 1450 2320; x_wconf 86' lang='lat' dir='ltr'><strong>admirabilis,</strong></span> <span class='ocrx_word' id='word_1_214' title='bbox 1479 2262 1532 2307; x_wconf 91' lang='lat' dir='ltr'><strong>et</strong></span> <span class='ocrx_word' id='word_1_215' title='bbox 1560 2252 1654 2307; x_wconf 84' lang='lat' dir='ltr'><strong>Dei</strong></span> <span class='ocrx_word' id='word_1_216' title='bbox 1680 2252 1935 2308; x_wconf 71' lang='lat' dir='ltr'><strong>Ecclesim</strong></span> <span class='ocrx_word' id='word_1_217' title='bbox 1968 2254 2087 2309; x_wconf 80' lang='lat' dir='ltr'><strong>lun-</strong></span> 
     </span>
    </p>
   </div>
   <div class='ocr_carea' id='block_1_24' title="bbox 508 2344 1215 2401">
    <p class='ocr_par' dir='ltr' id='par_1_24' title="bbox 508 2344 1215 2401">
     <span class='ocr_line' id='line_1_24' title="bbox 508 2344 1215 2401; baseline 0.008 -6"><span class='ocrx_word' id='word_1_218' title='bbox 508 2345 825 2399; x_wconf 88' lang='lat' dir='ltr'><strong>damentum</strong></span> <span class='ocrx_word' id='word_1_219' title='bbox 865 2344 1215 2401; x_wconf 82' lang='lat' dir='ltr'><strong>Athanasius.</strong></span> 
     </span>
    </p>
   </div>
   <div class='ocr_carea' id='block_1_25' title="bbox 2265 2253 3766 2334">
    <p class='ocr_par' dir='ltr' id='par_1_25' title="bbox 2265 2253 3766 2334">
     <span class='ocr_line' id='line_1_25' title="bbox 2265 2253 3766 2334; baseline 0.007 -27"><span class='ocrx_word' id='word_1_220' title='bbox 2265 2254 2322 2307; x_wconf 81' lang='grc' dir='ltr'>Ὀ</span> <span class='ocrx_word' id='word_1_221' title='bbox 2368 2254 2425 2306; x_wconf 81' lang='grc' dir='ltr'>ὲν</span> <span class='ocrx_word' id='word_1_222' title='bbox 2464 2253 2564 2324; x_wconf 80' lang='grc' dir='ltr'>βίῳ</span> <span class='ocrx_word' id='word_1_223' title='bbox 2601 2255 2694 2306; x_wconf 76' lang='grc' dir='ltr'>καὶ</span> <span class='ocrx_word' id='word_1_224' title='bbox 2753 2254 2893 2326; x_wconf 83' lang='grc' dir='ltr'>λόγῳ</span> <span class='ocrx_word' id='word_1_225' title='bbox 2949 2257 3326 2327; x_wconf 76' lang='grc' dir='ltr'>περίϐλεπτος,</span> <span class='ocrx_word' id='word_1_226' title='bbox 3376 2264 3469 2316; x_wconf 75' lang='grc' dir='ltr'>καὶ</span> <span class='ocrx_word' id='word_1_227' title='bbox 3518 2265 3619 2334; x_wconf 82' lang='grc' dir='ltr'>τῆς</span> <span class='ocrx_word' id='word_1_228' title='bbox 3669 2268 3766 2323; x_wconf 66' lang='grc' dir='ltr'><strong>τοῦ</strong></span> 
     </span>
    </p>
   </div>
   <div class='ocr_carea' id='block_1_26' title="bbox 2186 2346 3347 2418">
    <p class='ocr_par' dir='ltr' id='par_1_26' title="bbox 2186 2346 3347 2418">
     <span class='ocr_line' id='line_1_26' title="bbox 2186 2346 3347 2418; baseline 0.005 -19"><span class='ocrx_word' id='word_1_229' title='bbox 2186 2346 2326 2399; x_wconf 76' lang='grc' dir='ltr'><strong>Θεοῦ</strong></span> <span class='ocrx_word' id='word_1_230' title='bbox 2367 2346 2696 2418; x_wconf 69' lang='grc' dir='ltr'>Ἐκκλησίας</span> <span class='ocrx_word' id='word_1_231' title='bbox 2725 2346 2968 2417; x_wconf 81' lang='grc' dir='ltr'>Θεμέλιος</span> <span class='ocrx_word' id='word_1_232' title='bbox 3012 2348 3347 2415; x_wconf 78' lang='grc' dir='ltr'>’Δθανάσιος.</span> 
     </span>
    </p>
   </div>
   <div class='ocr_carea' id='block_1_27' title="bbox 500 2460 3764 2537">
    <p class='ocr_par' dir='ltr' id='par_1_27' title="bbox 500 2460 3764 2537">
     <span class='ocr_line' id='line_1_27' title="bbox 500 2460 3764 2537; baseline 0 -24"><span class='ocrx_word' id='word_1_233' title='bbox 500 2460 727 2537; x_wconf 70' lang='lat' dir='ltr'><strong>Photius</strong></span> <span class='ocrx_word' id='word_1_234' title='bbox 754 2464 812 2537; x_wconf 74' lang='lat' dir='ltr'><strong>in</strong></span> <span class='ocrx_word' id='word_1_235' title='bbox 841 2462 1316 2537; x_wconf 84' lang='lat' dir='ltr'><strong>Bi_hlio_theca_sua,</strong></span> <span class='ocrx_word' id='word_1_236' title='bbox 1344 2462 1496 2537; x_wconf 67' lang='lat' dir='ltr'><strong>cujus</strong></span> <span class='ocrx_word' id='word_1_237' title='bbox 1528 2462 1622 2514; x_wconf 85' lang='lat' dir='ltr'><strong>hoc</strong></span> <span class='ocrx_word' id='word_1_238' title='bbox 1665 2460 2022 2537; x_wconf 66' lang='lat' dir='ltr'><strong>fragmentum</strong></span> <span class='ocrx_word' id='word_1_239' title='bbox 2044 2461 2375 2537; x_wconf 26' lang='lat' dir='ltr'><strong>‘optinioillo</strong></span> <span class='ocrx_word' id='word_1_240' title='bbox 2421 2463 2871 2537; x_wconf 28' lang='lat' dir='ltr'><strong>cetastissimoq‘ue</strong></span> <span class='ocrx_word' id='word_1_241' title='bbox 2910 2465 3277 2537; x_wconf 57' lang='grc' dir='ltr'>ΑιΙιαηαεῑηκο</span> <span class='ocrx_word' id='word_1_242' title='bbox 3314 2467 3513 2535; x_wconf 80' lang='lat' dir='ltr'><strong>codice,</strong></span> <span class='ocrx_word' id='word_1_243' title='bbox 3553 2470 3653 2537; x_wconf 70' lang='lat' dir='ltr'><strong>qui</strong></span> <span class='ocrx_word' id='word_1_244' title='bbox 3689 2471 3764 2521; x_wconf 69' lang='lat' dir='ltr'><strong>ut</strong></span> 
     </span>
    </p>
   </div>
   <div class='ocr_carea' id='block_1_28' title="bbox 572 2530 3763 2604">
    <p class='ocr_par' dir='ltr' id='par_1_28' title="bbox 572 2530 3763 2604">
     <span class='ocr_line' id='line_1_28' title="bbox 572 2530 3763 2604; baseline 0.003 -21"><span class='ocrx_word' id='word_1_245' title='bbox 572 2532 860 2585; x_wconf 78' lang='lat' dir='ltr'><strong>academia:</strong></span> <span class='ocrx_word' id='word_1_246' title='bbox 888 2530 1231 2604; x_wconf 65' lang='lat' dir='ltr'><strong>Basileensis,</strong></span> <span class='ocrx_word' id='word_1_247' title='bbox 1253 2533 1539 2604; x_wconf 63' lang='lat' dir='ltr'><strong>prwﬁxum</strong></span> <span class='ocrx_word' id='word_1_248' title='bbox 1572 2539 1646 2585; x_wconf 82' lang='lat' dir='ltr'><strong>est</strong></span> <span class='ocrx_word' id='word_1_249' title='bbox 1676 2533 1893 2586; x_wconf 79' lang='lat' dir='ltr'><strong>totidem</strong></span> <span class='ocrx_word' id='word_1_250' title='bbox 1918 2531 2081 2585; x_wconf 73' lang='lat' dir='ltr'><strong>verbis</strong></span> <span class='ocrx_word' id='word_1_251' title='bbox 2106 2545 2123 2582; x_wconf 92' lang='lat'><em>:</em></span> <span class='ocrx_word' id='word_1_252' title='bbox 2152 2531 2385 2603; x_wconf 80' lang='lat' dir='ltr'><strong>illudque</strong></span> <span class='ocrx_word' id='word_1_253' title='bbox 2408 2531 2522 2601; x_wconf 89' lang='lat' dir='ltr'><strong>jam</strong></span> <span class='ocrx_word' id='word_1_254' title='bbox 2556 2532 2677 2585; x_wconf 86' lang='lat' dir='ltr'><strong>olim</strong></span> <span class='ocrx_word' id='word_1_255' title='bbox 2719 2550 2750 2585; x_wconf 92' lang='lat' dir='ltr'><strong>a</strong></span> <span class='ocrx_word' id='word_1_256' title='bbox 2783 2533 2933 2587; x_wconf 80' lang='lat' dir='ltr'><strong>Petro</strong></span> <span class='ocrx_word' id='word_1_257' title='bbox 2961 2532 3197 2600; x_wconf 84' lang='lat' dir='ltr'><strong>Nauuio,</strong></span> <span class='ocrx_word' id='word_1_258' title='bbox 3236 2537 3326 2604; x_wconf 85' lang='lat' dir='ltr'><strong>qui</strong></span> <span class='ocrx_word' id='word_1_259' title='bbox 3358 2530 3541 2592; x_wconf 73' lang='lat' dir='ltr'><strong>eodeni</strong></span> <span class='ocrx_word' id='word_1_260' title='bbox 3566 2530 3763 2593; x_wconf 52' lang='lat' dir='ltr'><strong>&#39;codiu</strong></span> 
     </span>
    </p>
   </div>
   <div class='ocr_carea' id='block_1_29' title="bbox 570 2598 1558 2664">
    <p class='ocr_par' dir='ltr' id='par_1_29' title="bbox 570 2598 1558 2664">
     <span class='ocr_line' id='line_1_29' title="bbox 570 2598 1558 2664; baseline 0.002 -13"><span class='ocrx_word' id='word_1_261' title='bbox 570 2616 694 2654; x_wconf 83' lang='lat' dir='ltr'><strong>usus</strong></span> <span class='ocrx_word' id='word_1_262' title='bbox 717 2609 818 2664; x_wconf 85' lang='lat' dir='ltr'><strong>est,</strong></span> <span class='ocrx_word' id='word_1_263' title='bbox 854 2602 930 2655; x_wconf 88' lang='lat' dir='ltr'><strong>sic</strong></span> <span class='ocrx_word' id='word_1_264' title='bbox 959 2598 1149 2654; x_wconf 84' lang='lat' dir='ltr'><strong>Latine</strong></span> <span class='ocrx_word' id='word_1_265' title='bbox 1174 2600 1436 2653; x_wconf 85' lang='lat' dir='ltr'><strong>redditum</strong></span> <span class='ocrx_word' id='word_1_266' title='bbox 1463 2610 1558 2653; x_wconf 77' lang='lat' dir='ltr'><strong>est.</strong></span> 
     </span>
    </p>
   </div>
   <div class='ocr_carea' id='block_1_30' title="bbox 572 2722 2065 2801">
    <p class='ocr_par' dir='ltr' id='par_1_30' title="bbox 572 2722 2065 2795">
     <span class='ocr_line' id='line_1_30' title="bbox 572 2722 2065 2795; baseline 0.003 -18"><span class='ocrx_word' id='word_1_267' title='bbox 572 2722 798 2778; x_wconf 85' lang='lat' dir='ltr'><strong>Photius</strong></span> <span class='ocrx_word' id='word_1_268' title='bbox 867 2722 1306 2794; x_wconf 85' lang='lat' dir='ltr'><strong>archiepiscopus</strong></span> <span class='ocrx_word' id='word_1_269' title='bbox 1396 2722 2065 2795; x_wconf 88' lang='lat' dir='ltr'><strong>Constantinopolitanus,</strong></span> 
     </span>
    </p>
   </div>
   <div class='ocr_carea' id='block_1_31' title="bbox 2170 2722 3759 2801">
    <p class='ocr_par' dir='ltr' id='par_1_31' title="bbox 2243 2726 3759 2801">
     <span class='ocr_line' id='line_1_31' title="bbox 2243 2726 3759 2801; baseline 0.001 -20"><span class='ocrx_word' id='word_1_270' title='bbox 2243 2729 2448 2783; x_wconf 81' lang='grc' dir='ltr'>Φωτίου</span> <span class='ocrx_word' id='word_1_271' title='bbox 2476 2726 2907 2801; x_wconf 82' lang='grc' dir='ltr'>ἀρχιεπισκόπου</span> <span class='ocrx_word' id='word_1_272' title='bbox 2957 2728 3584 2792; x_wconf 79' lang='grc' dir='ltr'>Κωνσταντινουπόλεως</span> <span class='ocrx_word' id='word_1_273' title='bbox 3630 2731 3759 2800; x_wconf 83' lang='grc' dir='ltr'>πρὸς</span> 
     </span>
    </p>
   </div>
   <div class='ocr_carea' id='block_1_32' title="bbox 498 2815 2070 2889">
    <p class='ocr_par' dir='ltr' id='par_1_32' title="bbox 498 2815 2070 2889">
     <span class='ocr_line' id='line_1_32' title="bbox 498 2815 2070 2889; baseline 0.005 -21"><span class='ocrx_word' id='word_1_274' title='bbox 498 2815 565 2868; x_wconf 89' lang='lat' dir='ltr'><strong>ad</strong></span> <span class='ocrx_word' id='word_1_275' title='bbox 599 2816 821 2870; x_wconf 82' lang='lat' dir='ltr'><strong>fratrem</strong></span> <span class='ocrx_word' id='word_1_276' title='bbox 846 2831 1001 2871; x_wconf 89' lang='lat' dir='ltr'><strong>suum</strong></span> <span class='ocrx_word' id='word_1_277' title='bbox 1032 2816 1317 2872; x_wconf 87' lang='lat' dir='ltr'><strong>Tarasium</strong></span> <span class='ocrx_word' id='word_1_278' title='bbox 1342 2856 1359 2883; x_wconf 92' lang='lat'><strong>,</strong></span> <span class='ocrx_word' id='word_1_279' title='bbox 1412 2817 1479 2872; x_wconf 91' lang='lat' dir='ltr'><strong>de</strong></span> <span class='ocrx_word' id='word_1_280' title='bbox 1521 2818 1863 2873; x_wconf 83' lang='lat' dir='ltr'><strong>sermonibus</strong></span> <span class='ocrx_word' id='word_1_281' title='bbox 1893 2822 2070 2889; x_wconf 90' lang='lat' dir='ltr'><strong>magni</strong></span> 
     </span>
    </p>
   </div>
   <div class='ocr_carea' id='block_1_33' title="bbox 499 2908 2034 2981">
    <p class='ocr_par' dir='ltr' id='par_1_33' title="bbox 499 2908 2034 2981">
     <span class='ocr_line' id='line_1_33' title="bbox 499 2908 2034 2981; baseline 0.004 -21"><span class='ocrx_word' id='word_1_282' title='bbox 499 2908 640 2961; x_wconf 87' lang='lat' dir='ltr'><strong>inter</strong></span> <span class='ocrx_word' id='word_1_283' title='bbox 667 2917 886 2963; x_wconf 85' lang='lat' dir='ltr'><strong>sanctos</strong></span> <span class='ocrx_word' id='word_1_284' title='bbox 924 2908 1211 2965; x_wconf 82' lang='lat' dir='ltr'><strong>Athanasii</strong></span> <span class='ocrx_word' id='word_1_285' title='bbox 1245 2908 1586 2965; x_wconf 75' lang='lat' dir='ltr'><strong>Alexandria:</strong></span> <span class='ocrx_word' id='word_1_286' title='bbox 1616 2909 2034 2981; x_wconf 83' lang='lat' dir='ltr'><strong>archiepiscopi.</strong></span> 
     </span>
    </p>
   </div>
   <div class='ocr_carea' id='block_1_34' title="bbox 568 3084 2072 3157">
    <p class='ocr_par' dir='ltr' id='par_1_34' title="bbox 568 3084 2072 3157">
     <span class='ocr_line' id='line_1_34' title="bbox 568 3084 2072 3157; baseline 0.003 -18"><span class='ocrx_word' id='word_1_287' title='bbox 568 3084 687 3153; x_wconf 78' lang='lat' dir='ltr'><strong>llic,</strong></span> <span class='ocrx_word' id='word_1_288' title='bbox 735 3086 933 3156; x_wconf 86' lang='lat' dir='ltr'><strong>inquit,</strong></span> <span class='ocrx_word' id='word_1_289' title='bbox 983 3096 1037 3141; x_wconf 90' lang='lat' dir='ltr'><strong>et</strong></span> <span class='ocrx_word' id='word_1_290' title='bbox 1088 3088 1140 3141; x_wconf 89' lang='lat' dir='ltr'><strong>in</strong></span> <span class='ocrx_word' id='word_1_291' title='bbox 1188 3086 1777 3157; x_wconf 80' lang='lat' dir='ltr'><strong>sermonibus&#39;uhique</strong></span> <span class='ocrx_word' id='word_1_292' title='bbox 1804 3087 2072 3145; x_wconf 88' lang='lat' dir='ltr'><strong>locutione</strong></span> 
     </span>
    </p>
   </div>
   <div class='ocr_carea' id='block_1_35' title="bbox 494 3178 2073 3249">
    <p class='ocr_par' dir='ltr' id='par_1_35' title="bbox 494 3178 2073 3249">
     <span class='ocr_line' id='line_1_35' title="bbox 494 3178 2073 3249; baseline 0.005 -21"><span class='ocrx_word' id='word_1_293' title='bbox 494 3178 673 3233; x_wconf 74' lang='lat' dir='ltr'><strong>clarus</strong></span> <span class='ocrx_word' id='word_1_294' title='bbox 700 3187 809 3242; x_wconf 83' lang='lat' dir='ltr'><strong>est,</strong></span> <span class='ocrx_word' id='word_1_295' title='bbox 839 3178 1021 3234; x_wconf 84' lang='lat' dir='ltr'><strong>brevis</strong></span> <span class='ocrx_word' id='word_1_296' title='bbox 1050 3188 1104 3233; x_wconf 89' lang='lat' dir='ltr'><strong>et</strong></span> <span class='ocrx_word' id='word_1_297' title='bbox 1136 3179 1368 3249; x_wconf 78' lang='lat' dir='ltr'><strong>simplex</strong></span> <span class='ocrx_word' id='word_1_298' title='bbox 1392 3196 1408 3235; x_wconf 92' lang='lat'><strong>:</strong></span> <span class='ocrx_word' id='word_1_299' title='bbox 1451 3188 1649 3235; x_wconf 88' lang='lat' dir='ltr'><strong>acutus</strong></span> <span class='ocrx_word' id='word_1_300' title='bbox 1672 3179 1877 3235; x_wconf 80' lang='lat' dir='ltr'><strong>’tamcn</strong></span> <span class='ocrx_word' id='word_1_301' title='bbox 1906 3188 1961 3236; x_wconf 91' lang='lat' dir='ltr'><strong>et</strong></span> <span class='ocrx_word' id='word_1_302' title='bbox 1994 3181 2073 3236; x_wconf 87' lang='lat' dir='ltr'><strong>al-</strong></span> 
     </span>
    </p>
   </div>
   <div class='ocr_carea' id='block_1_36' title="bbox 495 3269 2076 3341">
    <p class='ocr_par' dir='ltr' id='par_1_36' title="bbox 495 3269 2076 3341">
     <span class='ocr_line' id='line_1_36' title="bbox 495 3269 2076 3341; baseline 0.004 -19"><span class='ocrx_word' id='word_1_303' title='bbox 495 3280 601 3331; x_wconf 88' lang='lat' dir='ltr'><strong>tus,</strong></span> <span class='ocrx_word' id='word_1_304' title='bbox 632 3279 688 3324; x_wconf 90' lang='lat' dir='ltr'><strong>et</strong></span> <span class='ocrx_word' id='word_1_305' title='bbox 719 3270 1278 3340; x_wconf 74' lang='lat' dir='ltr'><strong>argumentationibus</strong></span> <span class='ocrx_word' id='word_1_306' title='bbox 1311 3269 1537 3327; x_wconf 91' lang='lat' dir='ltr'><strong>omnino</strong></span> <span class='ocrx_word' id='word_1_307' title='bbox 1568 3271 1880 3337; x_wconf 87' lang='lat' dir='ltr'><strong>vehemens,</strong></span> <span class='ocrx_word' id='word_1_308' title='bbox 1923 3281 1979 3328; x_wconf 89' lang='lat' dir='ltr'><strong>et</strong></span> <span class='ocrx_word' id='word_1_309' title='bbox 2007 3272 2076 3341; x_wconf 44' lang='lat' dir='ltr'><strong>,in</strong></span> 
     </span>
    </p>
   </div>
   <div class='ocr_carea' id='block_1_37' title="bbox 499 3360 2075 3433">
    <p class='ocr_par' dir='ltr' id='par_1_37' title="bbox 499 3360 2075 3433">
     <span class='ocr_line' id='line_1_37' title="bbox 499 3360 2075 3433; baseline 0.003 -20"><span class='ocrx_word' id='word_1_310' title='bbox 499 3360 581 3415; x_wconf 84' lang='lat' dir='ltr'><strong>his</strong></span> <span class='ocrx_word' id='word_1_311' title='bbox 610 3371 763 3417; x_wconf 88' lang='lat' dir='ltr'><strong>tanta</strong></span> <span class='ocrx_word' id='word_1_312' title='bbox 801 3362 1047 3429; x_wconf 87' lang='lat' dir='ltr'><strong>ubertas,</strong></span> <span class='ocrx_word' id='word_1_313' title='bbox 1080 3372 1141 3417; x_wconf 90' lang='lat' dir='ltr'><strong>ut</strong></span> <span class='ocrx_word' id='word_1_314' title='bbox 1169 3360 1505 3418; x_wconf 86' lang='lat' dir='ltr'><strong>admirabilis</strong></span> <span class='ocrx_word' id='word_1_315' title='bbox 1533 3363 1624 3419; x_wconf 90' lang='lat' dir='ltr'><strong>sit.</strong></span> <span class='ocrx_word' id='word_1_316' title='bbox 1653 3361 1867 3433; x_wconf 85' lang='lat' dir='ltr'><strong>Logicis</strong></span> <span class='ocrx_word' id='word_1_317' title='bbox 1893 3372 2075 3418; x_wconf 85' lang='lat' dir='ltr'><strong>autem</strong></span> 
     </span>
    </p>
   </div>
   <div class='ocr_carea' id='block_1_38' title="bbox 497 3452 2063 3524">
    <p class='ocr_par' dir='ltr' id='par_1_38' title="bbox 497 3452 2063 3524">
     <span class='ocr_line' id='line_1_38' title="bbox 497 3452 2063 3524; baseline 0.003 -21"><span class='ocrx_word' id='word_1_318' title='bbox 497 3453 768 3508; x_wconf 81' lang='lat' dir='ltr'><strong>methodis</strong></span> <span class='ocrx_word' id='word_1_319' title='bbox 796 3452 930 3508; x_wconf 90' lang='lat' dir='ltr'><strong>nihil</strong></span> <span class='ocrx_word' id='word_1_320' title='bbox 967 3454 1224 3517; x_wconf 84' lang='lat' dir='ltr'><strong>tenuiter,</strong></span> <span class='ocrx_word' id='word_1_321' title='bbox 1257 3452 1389 3508; x_wconf 92' lang='lat' dir='ltr'><strong>nihil</strong></span> <span class='ocrx_word' id='word_1_322' title='bbox 1420 3453 1755 3521; x_wconf 74' lang='lat' dir='ltr'><strong>iuveniliter,</strong></span> <span class='ocrx_word' id='word_1_323' title='bbox 1810 3464 1869 3507; x_wconf 91' lang='lat' dir='ltr'><strong>ut</strong></span> <span class='ocrx_word' id='word_1_324' title='bbox 1926 3468 2063 3524; x_wconf 89' lang='lat' dir='ltr'><strong>puer</strong></span> 
     </span>
    </p>
   </div>
   <div class='ocr_carea' id='block_1_39' title="bbox 495 3542 2071 3613">
    <p class='ocr_par' dir='ltr' id='par_1_39' title="bbox 495 3542 2071 3613">
     <span class='ocr_line' id='line_1_39' title="bbox 495 3542 2071 3613; baseline 0.006 -20"><span class='ocrx_word' id='word_1_325' title='bbox 495 3552 548 3595; x_wconf 76' lang='grc' dir='ltr'>(ιι</span> <span class='ocrx_word' id='word_1_326' title='bbox 591 3544 771 3607; x_wconf 86' lang='lat' dir='ltr'><strong>rudes,</strong></span> <span class='ocrx_word' id='word_1_327' title='bbox 820 3543 917 3599; x_wconf 87' lang='lat' dir='ltr'><strong>sed</strong></span> <span class='ocrx_word' id='word_1_328' title='bbox 963 3543 1359 3613; x_wconf 84' lang='lat' dir='ltr'><strong>philosophice,</strong></span> <span class='ocrx_word' id='word_1_329' title='bbox 1402 3544 1503 3598; x_wconf 87' lang='lat' dir='ltr'><strong>sed</strong></span> <span class='ocrx_word' id='word_1_330' title='bbox 1547 3542 1831 3613; x_wconf 76' lang='lat' dir='ltr'><strong>magniﬁce</strong></span> <span class='ocrx_word' id='word_1_331' title='bbox 1876 3543 2071 3602; x_wconf 90' lang='lat' dir='ltr'><strong>utitur.</strong></span> 
     </span>
    </p>
   </div>
   <div class='ocr_carea' id='block_1_40' title="bbox 496 3635 2070 3706">
    <p class='ocr_par' dir='ltr' id='par_1_40' title="bbox 496 3635 2070 3706">
     <span class='ocr_line' id='line_1_40' title="bbox 496 3635 2070 3706; baseline 0.003 -19"><span class='ocrx_word' id='word_1_332' title='bbox 496 3637 904 3706; x_wconf 72' lang='lat' dir='ltr'><strong>Scripturarum</strong></span> <span class='ocrx_word' id='word_1_333' title='bbox 936 3637 1258 3692; x_wconf 84' lang='lat' dir='ltr'><strong>testimoniis</strong></span> <span class='ocrx_word' id='word_1_334' title='bbox 1307 3651 1371 3693; x_wconf 88' lang='lat' dir='ltr'><strong>ac</strong></span> <span class='ocrx_word' id='word_1_335' title='bbox 1414 3635 1971 3692; x_wconf 82' lang='lat' dir='ltr'><strong>demonstrationibus</strong></span> <span class='ocrx_word' id='word_1_336' title='bbox 2003 3636 2070 3691; x_wconf 89' lang='lat' dir='ltr'><strong>ad</strong></span> 
     </span>
    </p>
   </div>
   <div class='ocr_carea' id='block_1_41' title="bbox 496 3726 2068 3798">
    <p class='ocr_par' dir='ltr' id='par_1_41' title="bbox 496 3726 2068 3798">
     <span class='ocr_line' id='line_1_41' title="bbox 496 3726 2068 3798; baseline 0.003 -21"><span class='ocrx_word' id='word_1_337' title='bbox 496 3726 966 3783; x_wconf 78' lang='lat' dir='ltr'><strong>confirmationem</strong></span> <span class='ocrx_word' id='word_1_338' title='bbox 988 3728 1356 3783; x_wconf 77' lang='lat' dir='ltr'><strong>communitus</strong></span> <span class='ocrx_word' id='word_1_339' title='bbox 1380 3734 1489 3792; x_wconf 90' lang='lat' dir='ltr'><strong>est,</strong></span> <span class='ocrx_word' id='word_1_340' title='bbox 1518 3735 1573 3783; x_wconf 92' lang='lat' dir='ltr'><strong>et</strong></span> <span class='ocrx_word' id='word_1_341' title='bbox 1602 3727 1658 3782; x_wconf 90' lang='lat' dir='ltr'><strong>in</strong></span> <span class='ocrx_word' id='word_1_342' title='bbox 1673 3727 1865 3798; x_wconf 82' lang='lat' dir='ltr'><strong>primis</strong></span> <span class='ocrx_word' id='word_1_343' title='bbox 1887 3741 2068 3782; x_wconf 91' lang='lat' dir='ltr'><strong>sermo</strong></span> 
     </span>
    </p>
   </div>
   <div class='ocr_carea' id='block_1_42' title="bbox 493 3816 2065 3889">
    <p class='ocr_par' dir='ltr' id='par_1_42' title="bbox 493 3816 2065 3889">
     <span class='ocr_line' id='line_1_42' title="bbox 493 3816 2065 3889; baseline 0.004 -20"><span class='ocrx_word' id='word_1_344' title='bbox 493 3816 582 3871; x_wconf 88' lang='lat' dir='ltr'><strong>ille</strong></span> <span class='ocrx_word' id='word_1_345' title='bbox 629 3827 815 3873; x_wconf 87' lang='lat' dir='ltr'><strong>contra</strong></span> <span class='ocrx_word' id='word_1_346' title='bbox 868 3818 1094 3889; x_wconf 90' lang='lat' dir='ltr'><strong>gentiles</strong></span> <span class='ocrx_word' id='word_1_347' title='bbox 1147 3827 1199 3872; x_wconf 82' lang='lat' dir='ltr'><strong>et</strong></span> <span class='ocrx_word' id='word_1_348' title='bbox 1248 3818 1342 3889; x_wconf 88' lang='lat' dir='ltr'><strong>qui</strong></span> <span class='ocrx_word' id='word_1_349' title='bbox 1390 3817 1459 3872; x_wconf 92' lang='lat' dir='ltr'><strong>de</strong></span> <span class='ocrx_word' id='word_1_350' title='bbox 1512 3817 1852 3873; x_wconf 87' lang='lat' dir='ltr'><strong>humanitate</strong></span> <span class='ocrx_word' id='word_1_351' title='bbox 1905 3819 2065 3877; x_wconf 84' lang='lat' dir='ltr'><strong>Verbi</strong></span> 
     </span>
    </p>
   </div>
   <div class='ocr_carea' id='block_1_43' title="bbox 496 3908 2061 3981">
    <p class='ocr_par' dir='ltr' id='par_1_43' title="bbox 496 3908 2061 3981">
     <span class='ocr_line' id='line_1_43' title="bbox 496 3908 2061 3981; baseline 0.003 -19"><span class='ocrx_word' id='word_1_352' title='bbox 496 3908 588 3963; x_wconf 87' lang='lat' dir='ltr'><strong>Dei</strong></span> <span class='ocrx_word' id='word_1_353' title='bbox 621 3909 841 3965; x_wconf 77' lang='lat' dir='ltr'><strong>habitus</strong></span> <span class='ocrx_word' id='word_1_354' title='bbox 872 3917 981 3973; x_wconf 88' lang='lat' dir='ltr'><strong>est,</strong></span> <span class='ocrx_word' id='word_1_355' title='bbox 1006 3910 1246 3979; x_wconf 85' lang='lat' dir='ltr'><strong>quinque</strong></span> <span class='ocrx_word' id='word_1_356' title='bbox 1276 3909 1335 3965; x_wconf 86' lang='lat' dir='ltr'><strong>in</strong></span> <span class='ocrx_word' id='word_1_357' title='bbox 1354 3908 1542 3964; x_wconf 89' lang='lat' dir='ltr'><strong>Arium</strong></span> <span class='ocrx_word' id='word_1_358' title='bbox 1579 3908 1726 3977; x_wconf 78' lang='lat' dir='ltr'><strong>libri,</strong></span> <span class='ocrx_word' id='word_1_359' title='bbox 1751 3910 1852 3981; x_wconf 85' lang='lat' dir='ltr'><strong>qui</strong></span> <span class='ocrx_word' id='word_1_360' title='bbox 1876 3921 2061 3966; x_wconf 79' lang='lat' dir='ltr'><strong>revera</strong></span> 
     </span>
    </p>
   </div>
   <div class='ocr_carea' id='block_1_44' title="bbox 489 3998 2050 4071">
    <p class='ocr_par' dir='ltr' id='par_1_44' title="bbox 489 3998 2050 4071">
     <span class='ocr_line' id='line_1_44' title="bbox 489 3998 2050 4071; baseline 0.005 -23"><span class='ocrx_word' id='word_1_361' title='bbox 489 4008 620 4052; x_wconf 81' lang='lat' dir='ltr'><strong>sunt</strong></span> <span class='ocrx_word' id='word_1_362' title='bbox 639 3998 816 4055; x_wconf 88' lang='lat' dir='ltr'><strong>omnis</strong></span> <span class='ocrx_word' id='word_1_363' title='bbox 856 3998 1124 4055; x_wconf 67' lang='lat' dir='ltr'><strong>haereseos</strong></span> <span class='ocrx_word' id='word_1_364' title='bbox 1154 4009 1440 4071; x_wconf 68' lang='lat' dir='ltr'><strong>tropaeum,</strong></span> <span class='ocrx_word' id='word_1_365' title='bbox 1489 4000 1585 4055; x_wconf 91' lang='lat' dir='ltr'><strong>sed</strong></span> <span class='ocrx_word' id='word_1_366' title='bbox 1632 3999 1850 4055; x_wconf 71' lang='lat' dir='ltr'><strong>Arianae</strong></span> <span class='ocrx_word' id='word_1_367' title='bbox 1882 4000 2050 4071; x_wconf 89' lang='lat' dir='ltr'><strong>potis-</strong></span> 
     </span>
    </p>
   </div>
   <div class='ocr_carea' id='block_1_45' title="bbox 2180 2817 3757 2889">
    <p class='ocr_par' dir='ltr' id='par_1_45' title="bbox 2180 2817 3757 2889">
     <span class='ocr_line' id='line_1_45' title="bbox 2180 2817 3757 2889; baseline -0.003 -14"><span class='ocrx_word' id='word_1_368' title='bbox 2180 2822 2269 2875; x_wconf 69' lang='grc' dir='ltr'><strong>τὸν</strong></span> <span class='ocrx_word' id='word_1_369' title='bbox 2302 2821 2430 2875; x_wconf 74' lang='grc' dir='ltr'>ἴδιον</span> <span class='ocrx_word' id='word_1_370' title='bbox 2478 2820 2707 2889; x_wconf 77' lang='grc' dir='ltr'>ἀδελφὺν</span> <span class='ocrx_word' id='word_1_371' title='bbox 2742 2818 3013 2889; x_wconf 72' lang='grc' dir='ltr'>Ταράσιον</span> <span class='ocrx_word' id='word_1_372' title='bbox 3055 2818 3182 2889; x_wconf 77' lang='grc' dir='ltr'>περὶ</span> <span class='ocrx_word' id='word_1_373' title='bbox 3220 2817 3331 2869; x_wconf 87' lang='grc' dir='ltr'><strong>τῶν</strong></span> <span class='ocrx_word' id='word_1_374' title='bbox 3377 2818 3553 2885; x_wconf 84' lang='grc' dir='ltr'>λόγων</span> <span class='ocrx_word' id='word_1_375' title='bbox 3582 2817 3678 2871; x_wconf 79' lang='grc' dir='ltr'>τοῦ</span> <span class='ocrx_word' id='word_1_376' title='bbox 3704 2820 3757 2871; x_wconf 72' lang='grc' dir='ltr'>ἑν</span> 
     </span>
    </p>
   </div>
   <div class='ocr_carea' id='block_1_46' title="bbox 2180 2909 3759 2985">
    <p class='ocr_par' dir='ltr' id='par_1_46' title="bbox 2180 2909 3759 2985">
     <span class='ocr_line' id='line_1_46' title="bbox 2180 2909 3759 2985; baseline -0.003 -17"><span class='ocrx_word' id='word_1_377' title='bbox 2180 2916 2355 2983; x_wconf 77' lang='grc' dir='ltr'>ἁγίοις</span> <span class='ocrx_word' id='word_1_378' title='bbox 2400 2912 2631 2985; x_wconf 77' lang='grc' dir='ltr'><strong>μεγάλου</strong></span> <span class='ocrx_word' id='word_1_379' title='bbox 2671 2910 2988 2964; x_wconf 78' lang='grc' dir='ltr'>Ἀθανασίου</span> <span class='ocrx_word' id='word_1_380' title='bbox 3033 2909 3466 2981; x_wconf 81' lang='grc' dir='ltr'>ἅρχιεπισκόπου</span> <span class='ocrx_word' id='word_1_381' title='bbox 3516 2909 3759 2977; x_wconf 79' lang='grc' dir='ltr'>Ἀλεξαν-</span> 
     </span>
    </p>
   </div>
   <div class='ocr_carea' id='block_1_47' title="bbox 2179 3005 2385 3075">
    <p class='ocr_par' dir='ltr' id='par_1_47' title="bbox 2179 3005 2385 3075">
     <span class='ocr_line' id='line_1_47' title="bbox 2179 3005 2385 3075; baseline 0 -18"><span class='ocrx_word' id='word_1_382' title='bbox 2179 3005 2385 3075; x_wconf 80' lang='grc' dir='ltr'>δρείας.</span> 
     </span>
    </p>
   </div>
   <div class='ocr_carea' id='block_1_48' title="bbox 2263 3088 3757 3166">
    <p class='ocr_par' dir='ltr' id='par_1_48' title="bbox 2263 3088 3757 3166">
     <span class='ocr_line' id='line_1_48' title="bbox 2263 3088 3757 3166; baseline -0.001 -20"><span class='ocrx_word' id='word_1_383' title='bbox 2263 3095 2349 3146; x_wconf 85' lang='grc' dir='ltr'>Ἐν</span> <span class='ocrx_word' id='word_1_384' title='bbox 2370 3088 2451 3158; x_wconf 78' lang='grc' dir='ltr'><strong>οἷς</strong></span> <span class='ocrx_word' id='word_1_385' title='bbox 2481 3110 2680 3166; x_wconf 79' lang='grc' dir='ltr'>φησιν,</span> <span class='ocrx_word' id='word_1_386' title='bbox 2731 3093 2814 3147; x_wconf 79' lang='grc' dir='ltr'>ὅτι</span> <span class='ocrx_word' id='word_1_387' title='bbox 2868 3092 3044 3163; x_wconf 71' lang='grc' dir='ltr'>σαφὴς</span> <span class='ocrx_word' id='word_1_388' title='bbox 3079 3091 3178 3162; x_wconf 84' lang='grc' dir='ltr'><strong>μέν</strong></span> <span class='ocrx_word' id='word_1_389' title='bbox 3226 3092 3343 3145; x_wconf 73' lang='grc' dir='ltr'>ἐστι</span> <span class='ocrx_word' id='word_1_390' title='bbox 3378 3092 3476 3163; x_wconf 77' lang='grc' dir='ltr'>τὴν</span> <span class='ocrx_word' id='word_1_391' title='bbox 3537 3094 3757 3165; x_wconf 71' lang='grc' dir='ltr'>φράσιν,</span> 
     </span>
    </p>
   </div>
   <div class='ocr_carea' id='block_1_49' title="bbox 2173 3182 3755 3255">
    <p class='ocr_par' dir='ltr' id='par_1_49' title="bbox 2173 3182 3755 3255">
     <span class='ocr_line' id='line_1_49' title="bbox 2173 3182 3755 3255; baseline -0.001 -19"><span class='ocrx_word' id='word_1_392' title='bbox 2173 3184 2362 3255; x_wconf 78' lang='grc' dir='ltr'>ὥσπερ</span> <span class='ocrx_word' id='word_1_393' title='bbox 2387 3182 2701 3253; x_wconf 73' lang='grc' dir='ltr'>ἅπανταχοῦ</span> <span class='ocrx_word' id='word_1_394' title='bbox 2737 3182 2847 3235; x_wconf 78' lang='grc' dir='ltr'>τῶν</span> <span class='ocrx_word' id='word_1_395' title='bbox 2874 3183 3048 3250; x_wconf 77' lang='grc' dir='ltr'>λόγων</span> <span class='ocrx_word' id='word_1_396' title='bbox 3100 3182 3296 3248; x_wconf 74' lang='grc' dir='ltr'>αὑτοῦ,</span> <span class='ocrx_word' id='word_1_397' title='bbox 3340 3182 3434 3235; x_wconf 74' lang='grc' dir='ltr'>καὶ</span> <span class='ocrx_word' id='word_1_398' title='bbox 3467 3182 3755 3253; x_wconf 79' lang='grc' dir='ltr'>ἀπέριττος</span> 
     </span>
    </p>
   </div>
   <div class='ocr_carea' id='block_1_50' title="bbox 2174 3271 3754 3344">
    <p class='ocr_par' dir='ltr' id='par_1_50' title="bbox 2174 3271 3754 3344">
     <span class='ocr_line' id='line_1_50' title="bbox 2174 3271 3754 3344; baseline -0.001 -18"><span class='ocrx_word' id='word_1_399' title='bbox 2174 3274 2269 3327; x_wconf 74' lang='grc' dir='ltr'>καὶ</span> <span class='ocrx_word' id='word_1_400' title='bbox 2320 3274 2561 3344; x_wconf 60' lang='grc' dir='ltr'>ἀφελήςο</span> <span class='ocrx_word' id='word_1_401' title='bbox 2617 3273 2814 3343; x_wconf 79' lang='grc' dir='ltr'>δριμὺς</span> <span class='ocrx_word' id='word_1_402' title='bbox 2859 3272 2914 3325; x_wconf 81' lang='grc' dir='ltr'><strong>δὲ</strong></span> <span class='ocrx_word' id='word_1_403' title='bbox 2950 3273 3044 3325; x_wconf 79' lang='grc' dir='ltr'>καὶ</span> <span class='ocrx_word' id='word_1_404' title='bbox 3104 3271 3292 3341; x_wconf 79' lang='grc' dir='ltr'>βαθὺς,</span> <span class='ocrx_word' id='word_1_405' title='bbox 3357 3273 3453 3325; x_wconf 69' lang='grc' dir='ltr'><strong>καὶ</strong></span> <span class='ocrx_word' id='word_1_406' title='bbox 3498 3272 3621 3325; x_wconf 82' lang='grc' dir='ltr'>λίαν</span> <span class='ocrx_word' id='word_1_407' title='bbox 3647 3277 3754 3336; x_wconf 80' lang='grc' dir='ltr'><strong>τοίς</strong></span> 
     </span>
    </p>
   </div>
   <div class='ocr_carea' id='block_1_51' title="bbox 2175 3360 3751 3435">
    <p class='ocr_par' dir='ltr' id='par_1_51' title="bbox 2175 3360 3751 3435">
     <span class='ocr_line' id='line_1_51' title="bbox 2175 3360 3751 3435; baseline -0.003 -18"><span class='ocrx_word' id='word_1_408' title='bbox 2175 3364 2595 3435; x_wconf 68' lang='grc' dir='ltr'><strong>ἐπιχειρήμασιν</strong></span> <span class='ocrx_word' id='word_1_409' title='bbox 2620 3361 2833 3425; x_wconf 72' lang='grc' dir='ltr'>εὔτονος</span> <span class='ocrx_word' id='word_1_410' title='bbox 2855 3379 2868 3391; x_wconf 72' lang='grc'><strong><em>⁸</em></strong></span> <span class='ocrx_word' id='word_1_411' title='bbox 2902 3363 2995 3414; x_wconf 76' lang='grc' dir='ltr'><strong>καὶ</strong></span> <span class='ocrx_word' id='word_1_412' title='bbox 3028 3362 3088 3413; x_wconf 73' lang='grc' dir='ltr'><strong>τὸ</strong></span> <span class='ocrx_word' id='word_1_413' title='bbox 3113 3361 3336 3430; x_wconf 85' lang='grc' dir='ltr'>γόνιμον</span> <span class='ocrx_word' id='word_1_414' title='bbox 3377 3360 3435 3413; x_wconf 71' lang='grc' dir='ltr'><strong>δὲ</strong></span> <span class='ocrx_word' id='word_1_415' title='bbox 3483 3360 3649 3414; x_wconf 79' lang='grc' dir='ltr'><strong>αὗτοῦ</strong></span> <span class='ocrx_word' id='word_1_416' title='bbox 3698 3364 3751 3414; x_wconf 77' lang='grc' dir='ltr'>ἐν</span> 
     </span>
    </p>
   </div>
   <div class='ocr_carea' id='block_1_52' title="bbox 2174 3450 3753 3524">
    <p class='ocr_par' dir='ltr' id='par_1_52' title="bbox 2174 3450 3753 3524">
     <span class='ocr_line' id='line_1_52' title="bbox 2174 3450 3753 3524; baseline -0.004 -15"><span class='ocrx_word' id='word_1_417' title='bbox 2174 3455 2383 3517; x_wconf 71' lang='grc' dir='ltr'>τῦοτοις</span> <span class='ocrx_word' id='word_1_418' title='bbox 2434 3452 2620 3524; x_wconf 75' lang='grc' dir='ltr'>ἡλίκον</span> <span class='ocrx_word' id='word_1_419' title='bbox 2676 3451 2797 3505; x_wconf 83' lang='grc' dir='ltr'>ὅσον</span> <span class='ocrx_word' id='word_1_420' title='bbox 2852 3451 2985 3521; x_wconf 71' lang='grc' dir='ltr'><strong>φησὶ</strong></span> <span class='ocrx_word' id='word_1_421' title='bbox 3038 3450 3360 3521; x_wconf 81' lang='grc' dir='ltr'>θαυμάσιον.</span> <span class='ocrx_word' id='word_1_422' title='bbox 3421 3453 3673 3519; x_wconf 76' lang='grc' dir='ltr'>Λογικοῖς</span> <span class='ocrx_word' id='word_1_423' title='bbox 3697 3468 3753 3502; x_wconf 88' lang='grc' dir='ltr'><strong>τε</strong></span> 
     </span>
    </p>
   </div>
   <div class='ocr_carea' id='block_1_53' title="bbox 2183 3540 3753 3618">
    <p class='ocr_par' dir='ltr' id='par_1_53' title="bbox 2183 3540 3753 3618">
     <span class='ocr_line' id='line_1_53' title="bbox 2183 3540 3753 3618; baseline -0.005 -18"><span class='ocrx_word' id='word_1_424' title='bbox 2183 3545 2309 3618; x_wconf 85' lang='lat' dir='ltr'><strong>[sic]</strong></span> <span class='ocrx_word' id='word_1_425' title='bbox 2335 3544 2472 3613; x_wconf 66' lang='lat' dir='ltr'><strong>(MS.</strong></span> <span class='ocrx_word' id='word_1_426' title='bbox 2500 3544 2768 3612; x_wconf 90' lang='lat' dir='ltr'><strong>interpres</strong></span> <span class='ocrx_word' id='word_1_427' title='bbox 2806 3543 3017 3596; x_wconf 89' lang='lat' dir='ltr'><strong>videtur</strong></span> <span class='ocrx_word' id='word_1_428' title='bbox 3038 3542 3234 3611; x_wconf 84' lang='lat' dir='ltr'><strong>legisse</strong></span> <span class='ocrx_word' id='word_1_429' title='bbox 3258 3540 3338 3609; x_wconf 82' lang='grc' dir='ltr'><strong>δὲ)</strong></span> <span class='ocrx_word' id='word_1_430' title='bbox 3370 3540 3619 3611; x_wconf 79' lang='grc' dir='ltr'>μεθόδοις</span> <span class='ocrx_word' id='word_1_431' title='bbox 3641 3542 3753 3595; x_wconf 71' lang='grc' dir='ltr'>οὔτι</span> 
     </span>
    </p>
   </div>
   <div class='ocr_carea' id='block_1_54' title="bbox 2178 3631 3756 3707">
    <p class='ocr_par' dir='ltr' id='par_1_54' title="bbox 2178 3631 3756 3707">
     <span class='ocr_line' id='line_1_54' title="bbox 2178 3631 3756 3707; baseline -0.004 -18"><span class='ocrx_word' id='word_1_432' title='bbox 2178 3635 2397 3707; x_wconf 87' lang='grc' dir='ltr'>γυμνῶς</span> <span class='ocrx_word' id='word_1_433' title='bbox 2430 3632 2524 3688; x_wconf 68' lang='grc' dir='ltr'>καὶ</span> <span class='ocrx_word' id='word_1_434' title='bbox 2564 3631 2974 3705; x_wconf 82' lang='grc' dir='ltr'><strong>μειρακιωδῶς,</strong></span> <span class='ocrx_word' id='word_1_435' title='bbox 3021 3633 3212 3703; x_wconf 82' lang='grc' dir='ltr'>ὥσπερ</span> <span class='ocrx_word' id='word_1_436' title='bbox 3239 3633 3289 3685; x_wconf 75' lang='grc' dir='ltr'><strong>οἱ</strong></span> <span class='ocrx_word' id='word_1_437' title='bbox 3324 3632 3512 3694; x_wconf 79' lang='grc' dir='ltr'>παῖδες</span> <span class='ocrx_word' id='word_1_438' title='bbox 3541 3633 3635 3684; x_wconf 75' lang='grc' dir='ltr'>καὶ</span> <span class='ocrx_word' id='word_1_439' title='bbox 3663 3634 3756 3701; x_wconf 70' lang='grc' dir='ltr'><strong>ἀρ⁴</strong></span> 
     </span>
    </p>
   </div>
   <div class='ocr_carea' id='block_1_55' title="bbox 2177 3722 3755 3798">
    <p class='ocr_par' dir='ltr' id='par_1_55' title="bbox 2177 3722 3755 3798">
     <span class='ocr_line' id='line_1_55' title="bbox 2177 3722 3755 3798; baseline -0.006 -17"><span class='ocrx_word' id='word_1_440' title='bbox 2177 3726 2459 3798; x_wconf 84' lang='grc' dir='ltr'>τιμαθεῖς,</span> <span class='ocrx_word' id='word_1_441' title='bbox 2534 3723 2668 3778; x_wconf 78' lang='grc' dir='ltr'>ἀλλὰ</span> <span class='ocrx_word' id='word_1_442' title='bbox 2719 3722 3022 3793; x_wconf 70' lang='grc' dir='ltr'>φιλοσόφως</span> <span class='ocrx_word' id='word_1_443' title='bbox 3085 3740 3144 3776; x_wconf 85' lang='grc' dir='ltr'><strong>τε</strong></span> <span class='ocrx_word' id='word_1_444' title='bbox 3168 3723 3267 3776; x_wconf 60' lang='grc' dir='ltr'>καὶ</span> <span class='ocrx_word' id='word_1_445' title='bbox 3324 3722 3755 3793; x_wconf 73' lang='grc' dir='ltr'>μεγαλοπρεπῶς</span> 
     </span>
    </p>
   </div>
   <div class='ocr_carea' id='block_1_56' title="bbox 2174 3811 3754 3886">
    <p class='ocr_par' dir='ltr' id='par_1_56' title="bbox 2174 3811 3754 3886">
     <span class='ocr_line' id='line_1_56' title="bbox 2174 3811 3754 3886; baseline -0.006 -16"><span class='ocrx_word' id='word_1_446' title='bbox 2174 3814 2570 3886; x_wconf 80' lang='grc' dir='ltr'>ἀποκέχρηται.</span> <span class='ocrx_word' id='word_1_447' title='bbox 2612 3813 2918 3883; x_wconf 81' lang='grc' dir='ltr'>Γραφικαῖς</span> <span class='ocrx_word' id='word_1_448' title='bbox 2956 3829 3016 3865; x_wconf 85' lang='grc' dir='ltr'><strong>τε</strong></span> <span class='ocrx_word' id='word_1_449' title='bbox 3055 3811 3382 3883; x_wconf 73' lang='grc' dir='ltr'>μαρτυρίαις</span> <span class='ocrx_word' id='word_1_450' title='bbox 3424 3812 3516 3865; x_wconf 70' lang='grc' dir='ltr'>καὶ</span> <span class='ocrx_word' id='word_1_451' title='bbox 3546 3811 3754 3864; x_wconf 77' lang='grc' dir='ltr'>ἀποδεί-</span> 
     </span>
    </p>
   </div>
   <div class='ocr_carea' id='block_1_57' title="bbox 2176 3902 3752 3975">
    <p class='ocr_par' dir='ltr' id='par_1_57' title="bbox 2176 3902 3752 3975">
     <span class='ocr_line' id='line_1_57' title="bbox 2176 3902 3752 3975; baseline -0.006 -15"><span class='ocrx_word' id='word_1_452' title='bbox 2176 3906 2319 3971; x_wconf 82' lang='grc' dir='ltr'>ξεσιν</span> <span class='ocrx_word' id='word_1_453' title='bbox 2343 3906 2421 3969; x_wconf 87' lang='grc' dir='ltr'><strong>είς</strong></span> <span class='ocrx_word' id='word_1_454' title='bbox 2444 3904 2507 3957; x_wconf 75' lang='grc' dir='ltr'>τὸ</span> <span class='ocrx_word' id='word_1_455' title='bbox 2532 3902 2794 3975; x_wconf 79' lang='grc' dir='ltr'>καρτερὸν</span> <span class='ocrx_word' id='word_1_456' title='bbox 2825 3902 3217 3974; x_wconf 78' lang='grc' dir='ltr'>κατωχύρωται</span> <span class='ocrx_word' id='word_1_457' title='bbox 3241 3919 3253 3931; x_wconf 91' lang='grc'><strong>·</strong></span> <span class='ocrx_word' id='word_1_458' title='bbox 3294 3904 3386 3955; x_wconf 74' lang='grc' dir='ltr'>καὶ</span> <span class='ocrx_word' id='word_1_459' title='bbox 3423 3902 3658 3969; x_wconf 79' lang='grc' dir='ltr'>μάλιστά</span> <span class='ocrx_word' id='word_1_460' title='bbox 3692 3917 3752 3966; x_wconf 83' lang='grc' dir='ltr'>γε</span> 
     </span>
    </p>
   </div>
   <div class='ocr_carea' id='block_1_58' title="bbox 2163 3991 3748 4067">
    <p class='ocr_par' dir='ltr' id='par_1_58' title="bbox 2163 3991 3748 4067">
     <span class='ocr_line' id='line_1_58' title="bbox 2163 3991 3748 4067; baseline -0.007 -13"><span class='ocrx_word' id='word_1_461' title='bbox 2163 4001 2195 4054; x_wconf 80' lang='grc' dir='ltr'>ὁ</span> <span class='ocrx_word' id='word_1_462' title='bbox 2224 3997 2371 4053; x_wconf 82' lang='grc' dir='ltr'>κατὰ</span> <span class='ocrx_word' id='word_1_463' title='bbox 2399 3994 2687 4065; x_wconf 83' lang='grc' dir='ltr'>Ἑλλήνων,</span> <span class='ocrx_word' id='word_1_464' title='bbox 2731 3993 2758 4046; x_wconf 85' lang='grc' dir='ltr'><strong>ὃ</strong></span> <span class='ocrx_word' id='word_1_465' title='bbox 2788 4012 2845 4047; x_wconf 90' lang='grc' dir='ltr'><strong>τε</strong></span> <span class='ocrx_word' id='word_1_466' title='bbox 2881 3995 3005 4067; x_wconf 76' lang='grc' dir='ltr'>περὶ</span> <span class='ocrx_word' id='word_1_467' title='bbox 3031 3995 3130 4063; x_wconf 81' lang='grc' dir='ltr'>τῆς</span> <span class='ocrx_word' id='word_1_468' title='bbox 3176 3992 3627 4063; x_wconf 77' lang='grc' dir='ltr'>ὲνσωματὼσεως</span> <span class='ocrx_word' id='word_1_469' title='bbox 3659 3991 3748 4043; x_wconf 74' lang='grc' dir='ltr'><strong>τοῦ</strong></span> 
     </span>
    </p>
   </div>
   <div class='ocr_carea' id='block_1_59' title="bbox 486 4084 2065 4163">
    <p class='ocr_par' dir='ltr' id='par_1_59' title="bbox 486 4090 2061 4163">
     <span class='ocr_line' id='line_1_59' title="bbox 486 4090 2061 4163; baseline 0.001 -18"><span class='ocrx_word' id='word_1_470' title='bbox 486 4091 707 4145; x_wconf 86' lang='lat' dir='ltr'><strong>simum.</strong></span> <span class='ocrx_word' id='word_1_471' title='bbox 748 4090 884 4146; x_wconf 79' lang='lat' dir='ltr'><strong>Etsi</strong></span> <span class='ocrx_word' id='word_1_472' title='bbox 916 4091 1035 4161; x_wconf 92' lang='lat' dir='ltr'><strong>quis</strong></span> <span class='ocrx_word' id='word_1_473' title='bbox 1059 4091 1387 4163; x_wconf 85' lang='lat' dir='ltr'><strong>Theologum</strong></span> <span class='ocrx_word' id='word_1_474' title='bbox 1421 4092 1766 4161; x_wconf 85' lang='lat' dir='ltr'><strong>Gregorium,</strong></span> <span class='ocrx_word' id='word_1_475' title='bbox 1809 4100 1866 4147; x_wconf 89' lang='lat' dir='ltr'><strong>et</strong></span> <span class='ocrx_word' id='word_1_476' title='bbox 1922 4091 2061 4147; x_wconf 89' lang='lat' dir='ltr'><strong>divi-</strong></span> 
     </span>
    </p>
   </div>
   <div class='ocr_carea' id='block_1_60' title="bbox 2170 4084 3755 4163">
    <p class='ocr_par' dir='ltr' id='par_1_60' title="bbox 2170 4084 3755 4158">
     <span class='ocr_line' id='line_1_60' title="bbox 2170 4084 3755 4158; baseline -0.006 -15"><span class='ocrx_word' id='word_1_477' title='bbox 2170 4088 2303 4143; x_wconf 86' lang='grc' dir='ltr'><strong>Θεοῦ</strong></span> <span class='ocrx_word' id='word_1_478' title='bbox 2333 4088 2505 4155; x_wconf 79' lang='grc' dir='ltr'>Λόγου</span> <span class='ocrx_word' id='word_1_479' title='bbox 2533 4085 2842 4158; x_wconf 74' lang='grc' dir='ltr'>εἰρημένος,</span> <span class='ocrx_word' id='word_1_480' title='bbox 2871 4088 2964 4139; x_wconf 74' lang='grc' dir='ltr'>καὶ</span> <span class='ocrx_word' id='word_1_481' title='bbox 2989 4088 3020 4155; x_wconf 85' lang='grc' dir='ltr'>ή</span> <span class='ocrx_word' id='word_1_482' title='bbox 3046 4084 3206 4153; x_wconf 30' lang='grc' dir='ltr'>ττκατὰ</span> <span class='ocrx_word' id='word_1_483' title='bbox 3242 4085 3452 4155; x_wconf 78' lang='grc' dir='ltr'>Ἀρείου</span> <span class='ocrx_word' id='word_1_484' title='bbox 3506 4084 3755 4136; x_wconf 69' lang='grc' dir='ltr'>πέντὰὂι-</span> 
     </span>
    </p>
   </div>
   <div class='ocr_carea' id='block_1_61' title="bbox 492 4180 2063 4253">
    <p class='ocr_par' dir='ltr' id='par_1_61' title="bbox 492 4180 2063 4253">
     <span class='ocr_line' id='line_1_61' title="bbox 492 4180 2063 4253; baseline 0.003 -19"><span class='ocrx_word' id='word_1_485' title='bbox 492 4196 619 4235; x_wconf 89' lang='lat' dir='ltr'><strong>num</strong></span> <span class='ocrx_word' id='word_1_486' title='bbox 652 4180 910 4238; x_wconf 83' lang='lat' dir='ltr'><strong>Basilium</strong></span> <span class='ocrx_word' id='word_1_487' title='bbox 947 4183 1150 4239; x_wconf 87' lang='lat' dir='ltr'><strong>diceret</strong></span> <span class='ocrx_word' id='word_1_488' title='bbox 1174 4197 1239 4238; x_wconf 82' lang='lat' dir='ltr'><strong>ex</strong></span> <span class='ocrx_word' id='word_1_489' title='bbox 1279 4184 1383 4239; x_wconf 91' lang='lat' dir='ltr'><strong>hoc</strong></span> <span class='ocrx_word' id='word_1_490' title='bbox 1423 4182 1563 4241; x_wconf 89' lang='lat' dir='ltr'><strong>lihro</strong></span> <span class='ocrx_word' id='word_1_491' title='bbox 1617 4194 1871 4253; x_wconf 87' lang='lat' dir='ltr'><strong>tanquam</strong></span> <span class='ocrx_word' id='word_1_492' title='bbox 1917 4182 2063 4238; x_wconf 81' lang='lat' dir='ltr'><strong>fonte</strong></span> 
     </span>
    </p>
   </div>
   <div class='ocr_carea' id='block_1_62' title="bbox 488 4273 2066 4344">
    <p class='ocr_par' dir='ltr' id='par_1_62' title="bbox 488 4273 2066 4344">
     <span class='ocr_line' id='line_1_62' title="bbox 488 4273 2066 4344; baseline 0.001 -17"><span class='ocrx_word' id='word_1_493' title='bbox 488 4273 722 4342; x_wconf 85' lang='lat' dir='ltr'><strong>quodam</strong></span> <span class='ocrx_word' id='word_1_494' title='bbox 753 4274 1091 4339; x_wconf 86' lang='lat' dir='ltr'><strong>haurientes,</strong></span> <span class='ocrx_word' id='word_1_495' title='bbox 1112 4274 1382 4330; x_wconf 87' lang='lat' dir='ltr'><strong>orationis</strong></span> <span class='ocrx_word' id='word_1_496' title='bbox 1412 4289 1525 4330; x_wconf 72' lang='lat' dir='ltr'><strong>sua:</strong></span> <span class='ocrx_word' id='word_1_497' title='bbox 1564 4275 1820 4344; x_wconf 85' lang='lat' dir='ltr'><strong>pulchros</strong></span> <span class='ocrx_word' id='word_1_498' title='bbox 1848 4289 1912 4330; x_wconf 88' lang='lat' dir='ltr'><strong>ac</strong></span> <span class='ocrx_word' id='word_1_499' title='bbox 1940 4288 2066 4344; x_wconf 90' lang='lat' dir='ltr'><strong>per-</strong></span> 
     </span>
    </p>
   </div>
   <div class='ocr_carea' id='block_1_63' title="bbox 489 4364 2061 4429">
    <p class='ocr_par' dir='ltr' id='par_1_63' title="bbox 489 4364 2061 4429">
     <span class='ocr_line' id='line_1_63' title="bbox 489 4364 2061 4429; baseline 0.002 -14"><span class='ocrx_word' id='word_1_500' title='bbox 489 4364 695 4420; x_wconf 88' lang='lat' dir='ltr'><strong>lucidos</strong></span> <span class='ocrx_word' id='word_1_501' title='bbox 729 4373 917 4420; x_wconf 88' lang='lat' dir='ltr'><strong>contra</strong></span> <span class='ocrx_word' id='word_1_502' title='bbox 948 4379 1191 4421; x_wconf 89' lang='lat' dir='ltr'><strong>errorem</strong></span> <span class='ocrx_word' id='word_1_503' title='bbox 1243 4366 1473 4423; x_wconf 78' lang='lat' dir='ltr'><strong>fundere</strong></span> <span class='ocrx_word' id='word_1_504' title='bbox 1525 4364 1738 4429; x_wconf 81' lang='lat' dir='ltr'><strong>ﬂuvios,</strong></span> <span class='ocrx_word' id='word_1_505' title='bbox 1768 4380 1879 4421; x_wconf 88' lang='lat' dir='ltr'><strong>non</strong></span> <span class='ocrx_word' id='word_1_506' title='bbox 1934 4365 2061 4427; x_wconf 89' lang='lat' dir='ltr'><strong>erit,</strong></span> 
     </span>
    </p>
   </div>
   <div class='ocr_carea' id='block_1_64' title="bbox 486 4455 2061 4526">
    <p class='ocr_par' dir='ltr' id='par_1_64' title="bbox 486 4455 2061 4526">
     <span class='ocr_line' id='line_1_64' title="bbox 486 4455 2061 4526; baseline 0.003 -21"><span class='ocrx_word' id='word_1_507' title='bbox 486 4458 831 4521; x_wconf 77' lang='lat' dir='ltr'><strong>ntarhitror,</strong></span> <span class='ocrx_word' id='word_1_508' title='bbox 871 4457 1057 4525; x_wconf 87' lang='lat' dir='ltr'><strong>procul</strong></span> <span class='ocrx_word' id='word_1_509' title='bbox 1090 4472 1118 4511; x_wconf 89' lang='lat' dir='ltr'><strong>a</strong></span> <span class='ocrx_word' id='word_1_510' title='bbox 1162 4455 1657 4513; x_wconf 84' lang='lat' dir='ltr'><strong>verisimilitudine.</strong></span> <span class='ocrx_word' id='word_1_511' title='bbox 1695 4456 1910 4526; x_wconf 89' lang='lat' dir='ltr'><strong>Scripta</strong></span> <span class='ocrx_word' id='word_1_512' title='bbox 1932 4462 2061 4510; x_wconf 81' lang='lat' dir='ltr'><strong>sunt</strong></span> 
     </span>
    </p>
   </div>
   <div class='ocr_carea' id='block_1_65' title="bbox 485 4546 2065 4613">
    <p class='ocr_par' dir='ltr' id='par_1_65' title="bbox 485 4546 2065 4613">
     <span class='ocr_line' id='line_1_65' title="bbox 485 4546 2065 4613; baseline 0.001 -14"><span class='ocrx_word' id='word_1_513' title='bbox 485 4556 666 4600; x_wconf 86' lang='lat' dir='ltr'><strong>autem</strong></span> <span class='ocrx_word' id='word_1_514' title='bbox 694 4548 763 4600; x_wconf 89' lang='lat' dir='ltr'><strong>ab</strong></span> <span class='ocrx_word' id='word_1_515' title='bbox 791 4562 877 4613; x_wconf 87' lang='lat' dir='ltr'><strong>eo,</strong></span> <span class='ocrx_word' id='word_1_516' title='bbox 918 4555 976 4602; x_wconf 78' lang='lat' dir='ltr'><strong>et</strong></span> <span class='ocrx_word' id='word_1_517' title='bbox 1028 4547 1081 4603; x_wconf 88' lang='lat' dir='ltr'><strong>in</strong></span> <span class='ocrx_word' id='word_1_518' title='bbox 1118 4546 1501 4603; x_wconf 86' lang='lat' dir='ltr'><strong>Ecclesiastetu</strong></span> <span class='ocrx_word' id='word_1_519' title='bbox 1534 4546 1971 4611; x_wconf 86' lang='lat' dir='ltr'><strong>Commentaria,</strong></span> <span class='ocrx_word' id='word_1_520' title='bbox 2008 4553 2065 4600; x_wconf 81' lang='lat' dir='ltr'><strong>et</strong></span> 
     </span>
    </p>
   </div>
   <div class='ocr_carea' id='block_1_66' title="bbox 483 4634 2057 4704">
    <p class='ocr_par' dir='ltr' id='par_1_66' title="bbox 483 4634 2057 4704">
     <span class='ocr_line' id='line_1_66' title="bbox 483 4634 2057 4704; baseline 0.001 -15"><span class='ocrx_word' id='word_1_521' title='bbox 483 4634 537 4690; x_wconf 92' lang='lat' dir='ltr'><strong>iu</strong></span> <span class='ocrx_word' id='word_1_522' title='bbox 561 4636 785 4691; x_wconf 80' lang='lat' dir='ltr'><strong>Cantica</strong></span> <span class='ocrx_word' id='word_1_523' title='bbox 826 4637 1187 4704; x_wconf 86' lang='lat' dir='ltr'><strong>canticorum,</strong></span> <span class='ocrx_word' id='word_1_524' title='bbox 1219 4640 1300 4693; x_wconf 85' lang='lat' dir='ltr'><strong>sic</strong></span> <span class='ocrx_word' id='word_1_525' title='bbox 1339 4646 1395 4693; x_wconf 89' lang='lat' dir='ltr'><strong>et</strong></span> <span class='ocrx_word' id='word_1_526' title='bbox 1425 4638 1480 4693; x_wconf 82' lang='lat' dir='ltr'><strong>in</strong></span> <span class='ocrx_word' id='word_1_527' title='bbox 1523 4636 1875 4701; x_wconf 82' lang='lat' dir='ltr'><strong>Psalterium,</strong></span> <span class='ocrx_word' id='word_1_528' title='bbox 1917 4646 1973 4692; x_wconf 77' lang='lat' dir='ltr'><strong>et</strong></span> <span class='ocrx_word' id='word_1_529' title='bbox 2002 4637 2057 4691; x_wconf 91' lang='lat' dir='ltr'><strong>&#39;n</strong></span> 
     </span>
    </p>
   </div>
   <div class='ocr_carea' id='block_1_67' title="bbox 482 4728 2063 4785">
    <p class='ocr_par' dir='ltr' id='par_1_67' title="bbox 482 4728 2063 4785">
     <span class='ocr_line' id='line_1_67' title="bbox 482 4728 2063 4785; baseline 0.001 -5"><span class='ocrx_word' id='word_1_530' title='bbox 482 4728 586 4781; x_wconf 86' lang='lat' dir='ltr'><strong>alia</strong></span> <span class='ocrx_word' id='word_1_531' title='bbox 618 4730 805 4783; x_wconf 87' lang='lat' dir='ltr'><strong>multa.</strong></span> <span class='ocrx_word' id='word_1_532' title='bbox 838 4729 1023 4784; x_wconf 87' lang='lat' dir='ltr'><strong>Gratia</strong></span> <span class='ocrx_word' id='word_1_533' title='bbox 1074 4739 1249 4785; x_wconf 87' lang='lat' dir='ltr'><strong>tamen</strong></span> <span class='ocrx_word' id='word_1_534' title='bbox 1292 4740 1347 4785; x_wconf 89' lang='lat' dir='ltr'><strong>et</strong></span> <span class='ocrx_word' id='word_1_535' title='bbox 1389 4739 1586 4785; x_wconf 85' lang='lat' dir='ltr'><strong>ornatu</strong></span> <span class='ocrx_word' id='word_1_536' title='bbox 1625 4743 1753 4785; x_wconf 76' lang='lat' dir='ltr'><strong>vere</strong></span> <span class='ocrx_word' id='word_1_537' title='bbox 1791 4728 2063 4784; x_wconf 77' lang='lat' dir='ltr'><strong>excellunt</strong></span> 
     </span>
    </p>
   </div>
   <div class='ocr_carea' id='block_1_68' title="bbox 479 4816 2061 4889">
    <p class='ocr_par' dir='ltr' id='par_1_68' title="bbox 479 4816 2061 4889">
     <span class='ocr_line' id='line_1_68' title="bbox 479 4816 2061 4889; baseline 0 -18"><span class='ocrx_word' id='word_1_538' title='bbox 479 4816 774 4873; x_wconf 84' lang='lat' dir='ltr'><strong>Sermones</strong></span> <span class='ocrx_word' id='word_1_539' title='bbox 812 4829 1000 4875; x_wconf 82' lang='lat' dir='ltr'><strong>contra</strong></span> <span class='ocrx_word' id='word_1_540' title='bbox 1040 4820 1451 4889; x_wconf 83' lang='lat' dir='ltr'><strong>Apollinarium,</strong></span> <span class='ocrx_word' id='word_1_541' title='bbox 1494 4829 1550 4873; x_wconf 89' lang='lat' dir='ltr'><strong>et</strong></span> <span class='ocrx_word' id='word_1_542' title='bbox 1592 4817 1858 4889; x_wconf 69' lang='lat' dir='ltr'><strong>epistolae,</strong></span> <span class='ocrx_word' id='word_1_543' title='bbox 1902 4825 2061 4887; x_wconf 88' lang='lat' dir='ltr'><strong>quot-</strong></span> 
     </span>
    </p>
   </div>
   <div class='ocr_carea' id='block_1_69' title="bbox 476 4908 1525 4977">
    <p class='ocr_par' dir='ltr' id='par_1_69' title="bbox 476 4908 1525 4977">
     <span class='ocr_line' id='line_1_69' title="bbox 476 4908 1525 4977; baseline 0.006 -18"><span class='ocrx_word' id='word_1_544' title='bbox 476 4918 614 4977; x_wconf 83' lang='lat' dir='ltr'><strong>quot</strong></span> <span class='ocrx_word' id='word_1_545' title='bbox 645 4908 763 4975; x_wconf 85' lang='lat' dir='ltr'><strong>ejus</strong></span> <span class='ocrx_word' id='word_1_546' title='bbox 791 4911 1193 4966; x_wconf 77' lang='lat' dir='ltr'><strong>excusationem</strong></span> <span class='ocrx_word' id='word_1_547' title='bbox 1219 4913 1525 4966; x_wconf 87' lang='lat' dir='ltr'><strong>continent.</strong></span> 
     </span>
    </p>
   </div>
   <div class='ocr_carea' id='block_1_70' title="bbox 480 5001 2106 5076">
    <p class='ocr_par' dir='ltr' id='par_1_70' title="bbox 480 5001 2106 5076">
     <span class='ocr_line' id='line_1_70' title="bbox 480 5001 2106 5076; baseline 0 -21"><span class='ocrx_word' id='word_1_548' title='bbox 480 5004 540 5056; x_wconf 70' lang='lat' dir='ltr'><strong>iv</strong></span> <span class='ocrx_word' id='word_1_549' title='bbox 572 5002 777 5075; x_wconf 76' lang='grc' dir='ltr'>ἑτέροις</span> <span class='ocrx_word' id='word_1_550' title='bbox 808 5003 1041 5067; x_wconf 79' lang='grc' dir='ltr'>πολλοῖς.</span> <span class='ocrx_word' id='word_1_551' title='bbox 1069 5002 1164 5067; x_wconf 71' lang='lat' dir='ltr'><strong>El;</strong></span> <span class='ocrx_word' id='word_1_552' title='bbox 1186 5006 1286 5074; x_wconf 75' lang='grc' dir='ltr'>μὲν</span> <span class='ocrx_word' id='word_1_553' title='bbox 1309 5005 1419 5076; x_wconf 68' lang='grc' dir='ltr'>τὴνσ</span> <span class='ocrx_word' id='word_1_554' title='bbox 1433 5006 1595 5075; x_wconf 78' lang='grc' dir='ltr'>χάριν</span> <span class='ocrx_word' id='word_1_555' title='bbox 1624 5004 1721 5059; x_wconf 75' lang='grc' dir='ltr'>καὶ</span> <span class='ocrx_word' id='word_1_556' title='bbox 1762 5002 1822 5057; x_wconf 74' lang='grc' dir='ltr'><strong>τὸ</strong></span> <span class='ocrx_word' id='word_1_557' title='bbox 1887 5001 2106 5065; x_wconf 78' lang='grc' dir='ltr'>κάλλος,</span> 
     </span>
    </p>
   </div>
   <div class='ocr_carea' id='block_1_71' title="bbox 2172 4170 3752 4250">
    <p class='ocr_par' dir='ltr' id='par_1_71' title="bbox 2172 4170 3752 4250">
     <span class='ocr_line' id='line_1_71' title="bbox 2172 4170 3752 4250; baseline -0.004 -20"><span class='ocrx_word' id='word_1_558' title='bbox 2172 4178 2316 4241; x_wconf 74' lang='grc' dir='ltr'>ὅλος,</span> <span class='ocrx_word' id='word_1_559' title='bbox 2343 4176 2600 4250; x_wconf 86' lang='grc' dir='ltr'>τρόπαιον</span> <span class='ocrx_word' id='word_1_560' title='bbox 2628 4170 2764 4230; x_wconf 72' lang='grc' dir='ltr'>οὖσα</span> <span class='ocrx_word' id='word_1_561' title='bbox 2788 4174 2931 4229; x_wconf 79' lang='grc' dir='ltr'>κατὰ</span> <span class='ocrx_word' id='word_1_562' title='bbox 2964 4176 3143 4244; x_wconf 75' lang='grc' dir='ltr'>πάσης</span> <span class='ocrx_word' id='word_1_563' title='bbox 3171 4175 3269 4246; x_wconf 85' lang='grc' dir='ltr'>μὲν</span> <span class='ocrx_word' id='word_1_564' title='bbox 3295 4177 3587 4246; x_wconf 79' lang='grc' dir='ltr'>αἱρέσεως,</span> <span class='ocrx_word' id='word_1_565' title='bbox 3611 4173 3752 4236; x_wconf 73' lang='grc' dir='ltr'>ἐξαι-</span> 
     </span>
    </p>
   </div>
   <div class='ocr_carea' id='block_1_72' title="bbox 2172 4266 3751 4341">
    <p class='ocr_par' dir='ltr' id='par_1_72' title="bbox 2172 4266 3751 4341">
     <span class='ocr_line' id='line_1_72' title="bbox 2172 4266 3751 4341; baseline -0.004 -20"><span class='ocrx_word' id='word_1_566' title='bbox 2172 4270 2341 4341; x_wconf 83' lang='grc' dir='ltr'>ρέτως</span> <span class='ocrx_word' id='word_1_567' title='bbox 2378 4269 2434 4321; x_wconf 83' lang='grc' dir='ltr'><strong>δὲ</strong></span> <span class='ocrx_word' id='word_1_568' title='bbox 2470 4268 2567 4338; x_wconf 82' lang='grc' dir='ltr'>τῆς</span> <span class='ocrx_word' id='word_1_569' title='bbox 2608 4267 2913 4340; x_wconf 74' lang='grc' dir='ltr'>’Δρειανῆς.</span> <span class='ocrx_word' id='word_1_570' title='bbox 2947 4268 3056 4320; x_wconf 68' lang='grc' dir='ltr'><strong>Καὶ</strong></span> <span class='ocrx_word' id='word_1_571' title='bbox 3102 4267 3156 4320; x_wconf 79' lang='grc' dir='ltr'>εἶ</span> <span class='ocrx_word' id='word_1_572' title='bbox 3200 4285 3283 4331; x_wconf 84' lang='grc' dir='ltr'><strong>τις</strong></span> <span class='ocrx_word' id='word_1_573' title='bbox 3342 4267 3432 4319; x_wconf 80' lang='grc' dir='ltr'>τὸν</span> <span class='ocrx_word' id='word_1_574' title='bbox 3493 4266 3751 4331; x_wconf 81' lang='grc' dir='ltr'>Θεολόγον</span> 
     </span>
    </p>
   </div>
   <div class='ocr_carea' id='block_1_73' title="bbox 2168 4356 3749 4431">
    <p class='ocr_par' dir='ltr' id='par_1_73' title="bbox 2168 4356 3749 4431">
     <span class='ocr_line' id='line_1_73' title="bbox 2168 4356 3749 4431; baseline -0.004 -19"><span class='ocrx_word' id='word_1_575' title='bbox 2168 4360 2489 4431; x_wconf 78' lang='grc' dir='ltr'>Γρηγόριον,</span> <span class='ocrx_word' id='word_1_576' title='bbox 2526 4359 2621 4412; x_wconf 64' lang='grc' dir='ltr'><strong>καλ⁵</strong></span> <span class='ocrx_word' id='word_1_577' title='bbox 2646 4359 2738 4411; x_wconf 84' lang='grc' dir='ltr'>τὸν</span> <span class='ocrx_word' id='word_1_578' title='bbox 2774 4358 2917 4411; x_wconf 84' lang='grc' dir='ltr'><strong>Θείσν</strong></span> <span class='ocrx_word' id='word_1_579' title='bbox 2941 4357 3217 4409; x_wconf 77' lang='grc' dir='ltr'>Βασίλειον</span> <span class='ocrx_word' id='word_1_580' title='bbox 3241 4359 3306 4410; x_wconf 74' lang='grc' dir='ltr'>ὲκ</span> <span class='ocrx_word' id='word_1_581' title='bbox 3328 4356 3535 4425; x_wconf 72' lang='grc' dir='ltr'>ταύτης</span> <span class='ocrx_word' id='word_1_582' title='bbox 3564 4356 3749 4421; x_wconf 75' lang='grc' dir='ltr'>ὥσπερ</span> 
     </span>
    </p>
   </div>
   <div class='ocr_carea' id='block_1_74' title="bbox 2166 4448 3750 4522">
    <p class='ocr_par' dir='ltr' id='par_1_74' title="bbox 2166 4448 3750 4522">
     <span class='ocr_line' id='line_1_74' title="bbox 2166 4448 3750 4522; baseline -0.006 -16"><span class='ocrx_word' id='word_1_583' title='bbox 2166 4452 2276 4506; x_wconf 79' lang='grc' dir='ltr'><strong>ἀπὸ</strong></span> <span class='ocrx_word' id='word_1_584' title='bbox 2320 4452 2503 4522; x_wconf 75' lang='grc' dir='ltr'>πηγῆς</span> <span class='ocrx_word' id='word_1_585' title='bbox 2549 4450 2928 4522; x_wconf 81' lang='grc' dir='ltr'>ἀρυσαμένους</span> <span class='ocrx_word' id='word_1_586' title='bbox 2954 4449 3087 4518; x_wconf 78' lang='grc' dir='ltr'>φαίη</span> <span class='ocrx_word' id='word_1_587' title='bbox 3125 4448 3228 4517; x_wconf 73' lang='grc' dir='ltr'>τῆς</span> <span class='ocrx_word' id='word_1_588' title='bbox 3260 4448 3444 4518; x_wconf 76' lang='grc' dir='ltr'>βίϐλου</span> <span class='ocrx_word' id='word_1_589' title='bbox 3497 4449 3623 4510; x_wconf 70' lang='grc' dir='ltr'>τοὺς</span> <span class='ocrx_word' id='word_1_590' title='bbox 3653 4464 3750 4498; x_wconf 82' lang='grc' dir='ltr'>κα-</span> 
     </span>
    </p>
   </div>
   <div class='ocr_carea' id='block_1_75' title="bbox 2167 4538 3748 4610">
    <p class='ocr_par' dir='ltr' id='par_1_75' title="bbox 2167 4538 3748 4610">
     <span class='ocr_line' id='line_1_75' title="bbox 2167 4538 3748 4610; baseline -0.006 -13"><span class='ocrx_word' id='word_1_591' title='bbox 2167 4543 2297 4607; x_wconf 77' lang='grc' dir='ltr'>λοὺς</span> <span class='ocrx_word' id='word_1_592' title='bbox 2322 4542 2565 4605; x_wconf 76' lang='grc' dir='ltr'>ἐκείνους</span> <span class='ocrx_word' id='word_1_593' title='bbox 2618 4544 2711 4596; x_wconf 73' lang='grc' dir='ltr'>καὶ</span> <span class='ocrx_word' id='word_1_594' title='bbox 2744 4543 2983 4610; x_wconf 76' lang='grc' dir='ltr'>διαυγεῖς</span> <span class='ocrx_word' id='word_1_595' title='bbox 3017 4541 3127 4595; x_wconf 85' lang='grc' dir='ltr'><strong>τῶν</strong></span> <span class='ocrx_word' id='word_1_596' title='bbox 3155 4541 3371 4594; x_wconf 73' lang='grc' dir='ltr'>οἰκείων</span> <span class='ocrx_word' id='word_1_597' title='bbox 3408 4540 3580 4606; x_wconf 79' lang='grc' dir='ltr'>λόγων</span> <span class='ocrx_word' id='word_1_598' title='bbox 3608 4538 3748 4590; x_wconf 64' lang='grc' dir='ltr'>κατὰ</span> 
     </span>
    </p>
   </div>
   <div class='ocr_carea' id='block_1_76' title="bbox 2163 4627 3745 4705">
    <p class='ocr_par' dir='ltr' id='par_1_76' title="bbox 2163 4627 3745 4705">
     <span class='ocr_line' id='line_1_76' title="bbox 2163 4627 3745 4705; baseline -0.006 -18"><span class='ocrx_word' id='word_1_599' title='bbox 2163 4634 2264 4705; x_wconf 85' lang='grc' dir='ltr'>τῆς</span> <span class='ocrx_word' id='word_1_600' title='bbox 2292 4632 2499 4705; x_wconf 80' lang='grc' dir='ltr'>πλάνης</span> <span class='ocrx_word' id='word_1_601' title='bbox 2527 4631 2717 4704; x_wconf 76' lang='grc' dir='ltr'>ῥεῦσαι</span> <span class='ocrx_word' id='word_1_602' title='bbox 2757 4632 3052 4701; x_wconf 75' lang='grc' dir='ltr'>ποταμοὺς,</span> <span class='ocrx_word' id='word_1_603' title='bbox 3075 4632 3177 4686; x_wconf 74' lang='grc' dir='ltr'>οὐκ</span> <span class='ocrx_word' id='word_1_604' title='bbox 3205 4631 3290 4694; x_wconf 86' lang='grc' dir='ltr'>ἂν,</span> <span class='ocrx_word' id='word_1_605' title='bbox 3315 4627 3489 4699; x_wconf 75' lang='grc' dir='ltr'>οἶμαι,</span> <span class='ocrx_word' id='word_1_606' title='bbox 3517 4628 3745 4697; x_wconf 63' lang='grc' dir='ltr'>σφαλείη</span> 
     </span>
    </p>
   </div>
   <div class='ocr_carea' id='block_1_77' title="bbox 2161 4718 3746 4795">
    <p class='ocr_par' dir='ltr' id='par_1_77' title="bbox 2161 4718 3746 4795">
     <span class='ocr_line' id='line_1_77' title="bbox 2161 4718 3746 4795; baseline -0.004 -19"><span class='ocrx_word' id='word_1_607' title='bbox 2161 4723 2255 4776; x_wconf 81' lang='grc' dir='ltr'>τοῦ</span> <span class='ocrx_word' id='word_1_608' title='bbox 2286 4722 2749 4795; x_wconf 83' lang='grc' dir='ltr'>παραδείγματος.</span> <span class='ocrx_word' id='word_1_609' title='bbox 2794 4721 3093 4791; x_wconf 85' lang='grc' dir='ltr'>Πεποίηται</span> <span class='ocrx_word' id='word_1_610' title='bbox 3123 4722 3181 4775; x_wconf 78' lang='grc' dir='ltr'><strong>δὲ</strong></span> <span class='ocrx_word' id='word_1_611' title='bbox 3231 4721 3380 4790; x_wconf 81' lang='grc' dir='ltr'>αὑτῷ</span> <span class='ocrx_word' id='word_1_612' title='bbox 3404 4759 3418 4781; x_wconf 93' lang='grc'><strong>,</strong></span> <span class='ocrx_word' id='word_1_613' title='bbox 3448 4720 3617 4788; x_wconf 63' lang='grc' dir='ltr'>φησὶ,</span> <span class='ocrx_word' id='word_1_614' title='bbox 3653 4718 3746 4771; x_wconf 66' lang='grc' dir='ltr'>καὶ</span> 
     </span>
    </p>
   </div>
   <div class='ocr_carea' id='block_1_78' title="bbox 2161 4804 3746 4882">
    <p class='ocr_par' dir='ltr' id='par_1_78' title="bbox 2161 4804 3746 4882">
     <span class='ocr_line' id='line_1_78' title="bbox 2161 4804 3746 4882; baseline -0.006 -15"><span class='ocrx_word' id='word_1_615' title='bbox 2161 4816 2240 4878; x_wconf 81' lang='grc' dir='ltr'><strong>είς</strong></span> <span class='ocrx_word' id='word_1_616' title='bbox 2266 4814 2358 4868; x_wconf 71' lang='grc' dir='ltr'>τὸν</span> <span class='ocrx_word' id='word_1_617' title='bbox 2399 4810 2828 4882; x_wconf 76' lang='grc' dir='ltr'>Ἐκκλησιαστὴν</span> <span class='ocrx_word' id='word_1_618' title='bbox 2849 4852 2863 4876; x_wconf 89' lang='grc'><strong>,</strong></span> <span class='ocrx_word' id='word_1_619' title='bbox 2893 4812 2988 4864; x_wconf 74' lang='grc' dir='ltr'>καὶ</span> <span class='ocrx_word' id='word_1_620' title='bbox 3018 4812 3095 4873; x_wconf 82' lang='grc' dir='ltr'><strong>εἰς</strong></span> <span class='ocrx_word' id='word_1_621' title='bbox 3117 4811 3177 4863; x_wconf 83' lang='grc' dir='ltr'>τὸ</span> <span class='ocrx_word' id='word_1_622' title='bbox 3203 4804 3395 4879; x_wconf 58' lang='grc' dir='ltr'>τᾼσμα</span> <span class='ocrx_word' id='word_1_623' title='bbox 3421 4806 3531 4858; x_wconf 76' lang='grc' dir='ltr'>τῶν</span> <span class='ocrx_word' id='word_1_624' title='bbox 3570 4806 3746 4877; x_wconf 78' lang='grc' dir='ltr'><strong>ᾀσμά-</strong></span> 
     </span>
    </p>
   </div>
   <div class='ocr_carea' id='block_1_79' title="bbox 2160 4895 3757 4977">
    <p class='ocr_par' dir='ltr' id='par_1_79' title="bbox 2160 4895 3757 4977">
     <span class='ocr_line' id='line_1_79' title="bbox 2160 4895 3757 4977; baseline -0.008 -18"><span class='ocrx_word' id='word_1_625' title='bbox 2160 4923 2270 4960; x_wconf 63' lang='lat' dir='ltr'><strong>saw</strong></span> <span class='ocrx_word' id='word_1_626' title='bbox 2292 4906 2688 4975; x_wconf 76' lang='grc' dir='ltr'>ὑπομνήματα,</span> <span class='ocrx_word' id='word_1_627' title='bbox 2734 4902 2923 4971; x_wconf 82' lang='grc' dir='ltr'>ὥσπερ</span> <span class='ocrx_word' id='word_1_628' title='bbox 2959 4900 3053 4954; x_wconf 75' lang='grc' dir='ltr'>καὶ</span> <span class='ocrx_word' id='word_1_629' title='bbox 3089 4901 3169 4962; x_wconf 87' lang='grc' dir='ltr'><strong>είς</strong></span> <span class='ocrx_word' id='word_1_630' title='bbox 3213 4899 3303 4952; x_wconf 81' lang='grc' dir='ltr'>τὸν</span> <span class='ocrx_word' id='word_1_631' title='bbox 3335 4897 3624 4966; x_wconf 62' lang='grc' dir='ltr'>Ψαλτῖπη,</span> <span class='ocrx_word' id='word_1_632' title='bbox 3652 4895 3757 4977; x_wconf 54' lang='grc' dir='ltr'><strong>και</strong></span> 
     </span>
    </p>
   </div>
   <div class='ocr_carea' id='block_1_80' title="bbox 2160 4991 3741 5069">
    <p class='ocr_par' dir='ltr' id='par_1_80' title="bbox 2160 4991 3741 5069">
     <span class='ocr_line' id='line_1_80' title="bbox 2160 4991 3741 5069; baseline -0.008 -16"><span class='ocrx_word' id='word_1_633' title='bbox 2160 4998 2399 5069; x_wconf 79' lang='grc' dir='ltr'>ἀτεχνῶς</span> <span class='ocrx_word' id='word_1_634' title='bbox 2453 4998 2801 5066; x_wconf 77' lang='grc' dir='ltr'>διαφέρουσιν</span> <span class='ocrx_word' id='word_1_635' title='bbox 2835 4997 2884 5048; x_wconf 79' lang='lat' dir='ltr'><strong>oi</strong></span> <span class='ocrx_word' id='word_1_636' title='bbox 2932 4996 3073 5048; x_wconf 87' lang='grc' dir='ltr'>κατὰ</span> <span class='ocrx_word' id='word_1_637' title='bbox 3116 4992 3526 5062; x_wconf 73' lang='grc' dir='ltr'>’Δπολλιναρίου</span> <span class='ocrx_word' id='word_1_638' title='bbox 3574 4991 3741 5057; x_wconf 70' lang='grc' dir='ltr'>λόγοι,</span> 
     </span>
    </p>
   </div>
   <div class='ocr_carea' id='block_1_81' title="bbox 476 5092 2643 5173">
    <p class='ocr_par' dir='ltr' id='par_1_81' title="bbox 476 5092 2643 5173">
     <span class='ocr_line' id='line_1_81' title="bbox 476 5092 2643 5173; baseline -0.003 -21"><span class='ocrx_word' id='word_1_639' title='bbox 476 5097 711 5152; x_wconf 77' lang='grc' dir='ltr'>καὶτῶν</span> <span class='ocrx_word' id='word_1_640' title='bbox 743 5098 1042 5152; x_wconf 73' lang='grc' dir='ltr'>ἐπιστολῶν</span> <span class='ocrx_word' id='word_1_641' title='bbox 1089 5101 1209 5153; x_wconf 83' lang='grc' dir='ltr'>ὅσαι</span> <span class='ocrx_word' id='word_1_642' title='bbox 1253 5100 1351 5173; x_wconf 80' lang='grc' dir='ltr'>τὴν</span> <span class='ocrx_word' id='word_1_643' title='bbox 1407 5100 1704 5169; x_wconf 79' lang='grc' dir='ltr'>ἀπολογίαν</span> <span class='ocrx_word' id='word_1_644' title='bbox 1756 5098 1903 5168; x_wconf 80' lang='grc' dir='ltr'>αὐτῷ</span> <span class='ocrx_word' id='word_1_645' title='bbox 1931 5096 2030 5167; x_wconf 84' lang='grc' dir='ltr'>τῆς</span> <span class='ocrx_word' id='word_1_646' title='bbox 2069 5095 2247 5166; x_wconf 76' lang='grc' dir='ltr'>φυγῆς</span> <span class='ocrx_word' id='word_1_647' title='bbox 2283 5092 2643 5166; x_wconf 75' lang='grc' dir='ltr'>περιέχουσιν.</span> 
     </span>
    </p>
   </div>
   <div class='ocr_carea' id='block_1_82' title="bbox 472 5218 2065 5309">
    <p class='ocr_par' dir='ltr' id='par_1_82' title="bbox 472 5234 2065 5309">
     <span class='ocr_line' id='line_1_82' title="bbox 472 5234 2065 5309; baseline -0.004 -18"><span class='ocrx_word' id='word_1_648' title='bbox 472 5234 581 5291; x_wconf 80' lang='grc' dir='ltr'><strong>Τοῦ</strong></span> <span class='ocrx_word' id='word_1_649' title='bbox 611 5235 987 5309; x_wconf 80' lang='grc' dir='ltr'>Δοξαπάτρου,</span> <span class='ocrx_word' id='word_1_650' title='bbox 1014 5237 1105 5309; x_wconf 75' lang='lat' dir='ltr'><strong>qui</strong></span> <span class='ocrx_word' id='word_1_651' title='bbox 1132 5252 1290 5309; x_wconf 69' lang='lat' dir='ltr'><strong>manu</strong></span> <span class='ocrx_word' id='word_1_652' title='bbox 1330 5253 1427 5309; x_wconf 78' lang='lat' dir='ltr'><strong>sua</strong></span> <span class='ocrx_word' id='word_1_653' title='bbox 1456 5236 1692 5292; x_wconf 80' lang='lat' dir='ltr'><strong>codicem</strong></span> <span class='ocrx_word' id='word_1_654' title='bbox 1716 5235 1841 5309; x_wconf 71' lang='lat' dir='ltr'><strong>Bas.</strong></span> <span class='ocrx_word' id='word_1_655' title='bbox 1874 5234 2027 5309; x_wconf 55' lang='lat' dir='ltr'><strong>cuius</strong></span> <span class='ocrx_word' id='word_1_656' title='bbox 2062 5255 2065 5283; x_wconf 62' lang='grc' dir='ltr'><strong>τ</strong></span> 
     </span>
    </p>
   </div>
   <div class='ocr_carea' id='block_1_83' title="bbox 2170 5218 3738 5309">
    <p class='ocr_par' dir='ltr' id='par_1_83' title="bbox 2170 5218 3738 5309">
     <span class='ocr_line' id='line_1_83' title="bbox 2170 5218 3738 5309; baseline -0.009 -23"><span class='ocrx_word' id='word_1_657' title='bbox 2170 5233 2414 5309; x_wconf 56' lang='lat' dir='ltr'><strong>uiuimus,</strong></span> <span class='ocrx_word' id='word_1_658' title='bbox 2442 5230 2670 5309; x_wconf 63' lang='lat' dir='ltr'><strong>scripsit,</strong></span> <span class='ocrx_word' id='word_1_659' title='bbox 2694 5228 2835 5309; x_wconf 74' lang='grc' dir='ltr'><strong>¹ἔπος</strong></span> <span class='ocrx_word' id='word_1_660' title='bbox 2859 5228 2917 5309; x_wconf 75' lang='lat' dir='ltr'><strong>in</strong></span> <span class='ocrx_word' id='word_1_661' title='bbox 2939 5222 3480 5309; x_wconf 36' lang='lat' dir='ltr'><strong>Ariuin&#39;de‘landibus</strong></span> <span class='ocrx_word' id='word_1_662' title='bbox 3508 5218 3738 5272; x_wconf 77' lang='lat' dir='ltr'><strong>Athana-</strong></span> 
     </span>
    </p>
   </div>
   <div class='ocr_carea' id='block_1_84' title="bbox 957 5294 3262 5377">
    <p class='ocr_par' dir='ltr' id='par_1_84' title="bbox 957 5294 3262 5377">
     <span class='ocr_line' id='line_1_84' title="bbox 957 5294 3262 5377; baseline -0.007 -16"><span class='ocrx_word' id='word_1_663' title='bbox 957 5294 1045 5372; x_wconf 68' lang='lat' dir='ltr'><strong>sii,</strong></span> <span class='ocrx_word' id='word_1_664' title='bbox 1067 5308 1123 5361; x_wconf 87' lang='lat' dir='ltr'><strong>in</strong></span> <span class='ocrx_word' id='word_1_665' title='bbox 1158 5306 1338 5362; x_wconf 80' lang='lat' dir='ltr'><strong>limine</strong></span> <span class='ocrx_word' id='word_1_666' title='bbox 1359 5306 1593 5377; x_wconf 73' lang='lat' dir='ltr'><strong>ejusdem</strong></span> <span class='ocrx_word' id='word_1_667' title='bbox 1621 5305 1839 5364; x_wconf 77' lang='lat' dir='ltr'><strong>codicis.</strong></span> <span class='ocrx_word' id='word_1_668' title='bbox 1885 5294 2099 5358; x_wconf 62' lang='lat' dir='ltr'><strong>(iditum</strong></span> <span class='ocrx_word' id='word_1_669' title='bbox 2133 5319 2164 5355; x_wconf 87' lang='lat' dir='ltr'><strong>a</strong></span> <span class='ocrx_word' id='word_1_670' title='bbox 2193 5294 2661 5368; x_wconf 45' lang='lat' dir='ltr'><strong>Felckmanno&#39;qui</strong></span> <span class='ocrx_word' id='word_1_671' title='bbox 2686 5300 2796 5352; x_wconf 77' lang='lat' dir='ltr'><strong>Iure</strong></span> <span class='ocrx_word' id='word_1_672' title='bbox 2829 5297 2998 5366; x_wconf 87' lang='lat' dir='ltr'><strong>elogia</strong></span> <span class='ocrx_word' id='word_1_673' title='bbox 3035 5294 3262 5362; x_wconf 81' lang='lat' dir='ltr'><strong>collegit.</strong></span> 
     </span>
    </p>
   </div>
   <div class='ocr_carea' id='block_1_85' title="bbox 478 5434 1580 5508">
    <p class='ocr_par' dir='ltr' id='par_1_85' title="bbox 478 5434 1580 5508">
     <span class='ocr_line' id='line_1_85' title="bbox 478 5434 1580 5508; baseline -0.002 -17"><span class='ocrx_word' id='word_1_674' title='bbox 478 5434 594 5502; x_wconf 86' lang='lat' dir='ltr'><strong>Ari,</strong></span> <span class='ocrx_word' id='word_1_675' title='bbox 627 5447 769 5503; x_wconf 90' lang='lat' dir='ltr'><strong>tace,</strong></span> <span class='ocrx_word' id='word_1_676' title='bbox 795 5437 887 5508; x_wconf 88' lang='lat' dir='ltr'><strong>qui</strong></span> <span class='ocrx_word' id='word_1_677' title='bbox 925 5437 1144 5494; x_wconf 88' lang='lat' dir='ltr'><strong>silentio</strong></span> <span class='ocrx_word' id='word_1_678' title='bbox 1173 5438 1464 5494; x_wconf 84' lang='lat' dir='ltr'><strong>damnatus</strong></span> <span class='ocrx_word' id='word_1_679' title='bbox 1496 5455 1580 5504; x_wconf 77' lang='lat' dir='ltr'><strong>es,</strong></span> 
     </span>
    </p>
   </div>
   <div class='ocr_carea' id='block_1_86' title="bbox 473 5528 1271 5603">
    <p class='ocr_par' dir='ltr' id='par_1_86' title="bbox 473 5528 1271 5603">
     <span class='ocr_line' id='line_1_86' title="bbox 473 5528 1271 5603; baseline 0.005 -21"><span class='ocrx_word' id='word_1_680' title='bbox 473 5528 775 5585; x_wconf 84' lang='lat' dir='ltr'><strong>Athanasio</strong></span> <span class='ocrx_word' id='word_1_681' title='bbox 805 5530 967 5585; x_wconf 88' lang='lat' dir='ltr'><strong>docto</strong></span> <span class='ocrx_word' id='word_1_682' title='bbox 997 5530 1271 5603; x_wconf 87' lang='lat' dir='ltr'><strong>loquente.</strong></span> 
     </span>
    </p>
   </div>
   <div class='ocr_carea' id='block_1_87' title="bbox 475 5618 1690 5693">
    <p class='ocr_par' dir='ltr' id='par_1_87' title="bbox 475 5618 1690 5693">
     <span class='ocr_line' id='line_1_87' title="bbox 475 5618 1690 5693; baseline -0.002 -21"><span class='ocrx_word' id='word_1_683' title='bbox 475 5618 657 5687; x_wconf 85' lang='lat' dir='ltr'><strong>Inepte</strong></span> <span class='ocrx_word' id='word_1_684' title='bbox 692 5620 921 5684; x_wconf 84' lang='lat' dir='ltr'><strong>hlatcro,</strong></span> <span class='ocrx_word' id='word_1_685' title='bbox 948 5622 1155 5693; x_wconf 85' lang='lat' dir='ltr'><strong>putide,</strong></span> <span class='ocrx_word' id='word_1_686' title='bbox 1186 5620 1426 5691; x_wconf 84' lang='lat' dir='ltr'><strong>nequitia</strong></span> <span class='ocrx_word' id='word_1_687' title='bbox 1454 5626 1690 5683; x_wconf 80' lang='lat' dir='ltr'><strong>scatens,</strong></span> 
     </span>
    </p>
   </div>
   <div class='ocr_carea' id='block_1_88' title="bbox 464 5709 1699 5779">
    <p class='ocr_par' dir='ltr' id='par_1_88' title="bbox 464 5709 1699 5779">
     <span class='ocr_line' id='line_1_88' title="bbox 464 5709 1699 5779; baseline -0.002 -16"><span class='ocrx_word' id='word_1_688' title='bbox 464 5709 729 5778; x_wconf 70' lang='lat' dir='ltr'><strong>Sophista</strong></span> <span class='ocrx_word' id='word_1_689' title='bbox 764 5713 942 5768; x_wconf 81' lang='lat' dir='ltr'><strong>vetulo</strong></span> <span class='ocrx_word' id='word_1_690' title='bbox 965 5712 1337 5767; x_wconf 88' lang='lat' dir='ltr'><strong>satauicorutn</strong></span> <span class='ocrx_word' id='word_1_691' title='bbox 1364 5711 1699 5779; x_wconf 85' lang='lat' dir='ltr'><strong>dogmatum,</strong></span> 
     </span>
    </p>
   </div>
   <div class='ocr_carea' id='block_1_89' title="bbox 464 5797 1730 5873">
    <p class='ocr_par' dir='ltr' id='par_1_89' title="bbox 464 5797 1730 5873">
     <span class='ocr_line' id='line_1_89' title="bbox 464 5797 1730 5873; baseline -0.002 -19"><span class='ocrx_word' id='word_1_692' title='bbox 464 5798 737 5867; x_wconf 76' lang='lat' dir='ltr'><strong>Delitesce</strong></span> <span class='ocrx_word' id='word_1_693' title='bbox 773 5804 987 5861; x_wconf 86' lang='lat' dir='ltr'><strong>tandem</strong></span> <span class='ocrx_word' id='word_1_694' title='bbox 1025 5804 1195 5861; x_wconf 87' lang='lat' dir='ltr'><strong>multo</strong></span> <span class='ocrx_word' id='word_1_695' title='bbox 1228 5802 1433 5873; x_wconf 87' lang='lat' dir='ltr'><strong>pudore</strong></span> <span class='ocrx_word' id='word_1_696' title='bbox 1455 5797 1730 5863; x_wconf 80' lang='lat' dir='ltr'><strong>confusus,</strong></span> 
     </span>
    </p>
   </div>
   <div class='ocr_carea' id='block_1_90' title="bbox 2088 5403 3231 5504">
    <p class='ocr_par' dir='ltr' id='par_1_90' title="bbox 2088 5403 3231 5504">
     <span class='ocr_line' id='line_1_90' title="bbox 2088 5403 3231 5504; baseline -0.009 -18"><span class='ocrx_word' id='word_1_697' title='bbox 2088 5403 2132 5457; x_wconf 75' lang='grc' dir='ltr'><strong>Β</strong></span> <span class='ocrx_word' id='word_1_698' title='bbox 2165 5436 2374 5504; x_wconf 81' lang='grc' dir='ltr'>Ἀρειε,</span> <span class='ocrx_word' id='word_1_699' title='bbox 2397 5433 2542 5499; x_wconf 82' lang='grc' dir='ltr'>σίγα,</span> <span class='ocrx_word' id='word_1_700' title='bbox 2571 5432 2670 5502; x_wconf 84' lang='grc' dir='ltr'>τὴν</span> <span class='ocrx_word' id='word_1_701' title='bbox 2695 5429 2849 5499; x_wconf 83' lang='grc' dir='ltr'>σιγὴν</span> <span class='ocrx_word' id='word_1_702' title='bbox 2878 5423 3231 5495; x_wconf 79' lang='grc' dir='ltr'>κατεκρίοης,</span> 
     </span>
    </p>
   </div>
   <div class='ocr_carea' id='block_1_91' title="bbox 2175 5515 3179 5587">
    <p class='ocr_par' dir='ltr' id='par_1_91' title="bbox 2175 5515 3179 5587">
     <span class='ocr_line' id='line_1_91' title="bbox 2175 5515 3179 5587; baseline -0.009 -12"><span class='ocrx_word' id='word_1_703' title='bbox 2175 5520 2491 5576; x_wconf 84' lang='grc' dir='ltr'>Ἀθανασίου</span> <span class='ocrx_word' id='word_1_704' title='bbox 2514 5520 2608 5573; x_wconf 78' lang='grc' dir='ltr'><strong>τοῦ</strong></span> <span class='ocrx_word' id='word_1_705' title='bbox 2640 5518 2804 5587; x_wconf 62' lang='grc' dir='ltr'>σοφοῦ</span> <span class='ocrx_word' id='word_1_706' title='bbox 2828 5515 3179 5587; x_wconf 85' lang='grc' dir='ltr'>κεκραγότος.</span> 
     </span>
    </p>
   </div>
   <div class='ocr_carea' id='block_1_92' title="bbox 2159 5602 3176 5682">
    <p class='ocr_par' dir='ltr' id='par_1_92' title="bbox 2159 5602 3176 5682">
     <span class='ocr_line' id='line_1_92' title="bbox 2159 5602 3176 5682; baseline -0.011 -17"><span class='ocrx_word' id='word_1_707' title='bbox 2159 5612 2427 5682; x_wconf 70' lang='grc' dir='ltr'>Φλήναφε,</span> <span class='ocrx_word' id='word_1_708' title='bbox 2457 5609 2775 5681; x_wconf 74' lang='grc' dir='ltr'>παμϐἑῦηλε</span> <span class='ocrx_word' id='word_1_709' title='bbox 2803 5606 2999 5668; x_wconf 78' lang='grc' dir='ltr'>κακίας</span> <span class='ocrx_word' id='word_1_710' title='bbox 3032 5602 3176 5666; x_wconf 73' lang='grc' dir='ltr'>πίθε,</span> 
     </span>
    </p>
   </div>
   <div class='ocr_carea' id='block_1_93' title="bbox 2158 5693 3318 5775">
    <p class='ocr_par' dir='ltr' id='par_1_93' title="bbox 2158 5693 3318 5775">
     <span class='ocr_line' id='line_1_93' title="bbox 2158 5693 3318 5775; baseline -0.009 -19"><span class='ocrx_word' id='word_1_711' title='bbox 2158 5704 2199 5756; x_wconf 84' lang='grc' dir='ltr'><strong>Γ</strong></span> <span class='ocrx_word' id='word_1_712' title='bbox 2202 5703 2225 5755; x_wconf 89' lang='grc' dir='ltr'><em>ἐ</em></span> <span class='ocrx_word' id='word_1_713' title='bbox 2235 5720 2326 5775; x_wconf 86' lang='grc' dir='ltr'><strong>ρον</strong></span> <span class='ocrx_word' id='word_1_714' title='bbox 2357 5700 2584 5770; x_wconf 77' lang='grc' dir='ltr'>σοφιστὰ</span> <span class='ocrx_word' id='word_1_715' title='bbox 2612 5698 2718 5753; x_wconf 84' lang='grc' dir='ltr'><strong>τῶν</strong></span> <span class='ocrx_word' id='word_1_716' title='bbox 2744 5698 2920 5749; x_wconf 80' lang='grc' dir='ltr'>Σατᾶν</span> <span class='ocrx_word' id='word_1_717' title='bbox 2948 5693 3318 5763; x_wconf 75' lang='grc' dir='ltr'>σοφισμάτων,</span> 
     </span>
    </p>
   </div>
   <div class='ocr_carea' id='block_1_94' title="bbox 2160 5783 3421 5865">
    <p class='ocr_par' dir='ltr' id='par_1_94' title="bbox 2160 5783 3421 5865">
     <span class='ocr_line' id='line_1_94' title="bbox 2160 5783 3421 5865; baseline -0.01 -16"><span class='ocrx_word' id='word_1_718' title='bbox 2160 5794 2445 5865; x_wconf 67' lang='grc' dir='ltr'>Κρύφθητι</span> <span class='ocrx_word' id='word_1_719' title='bbox 2473 5790 2660 5845; x_wconf 73' lang='grc' dir='ltr'>λοιπὸν</span> <span class='ocrx_word' id='word_1_720' title='bbox 2689 5787 2947 5858; x_wconf 68' lang='grc' dir='ltr'><strong>αἰσχύνη,</strong></span> <span class='ocrx_word' id='word_1_721' title='bbox 2984 5785 3182 5857; x_wconf 79' lang='grc' dir='ltr'>πολλῆς</span> <span class='ocrx_word' id='word_1_722' title='bbox 3214 5783 3421 5854; x_wconf 79' lang='grc' dir='ltr'>γέμων.</span> 
     </span>
    </p>
   </div>
  </div>
