4010 6510
552 445 763 488 acus:
994 448 1001 455 ·
1888 418 2255 475 PROLECOM
2264 415 2417 471 ENA.

557 542 909 597 Nobilitatem
932 536 1152 608 generis
1178 535 1551 606 pessundatam
1730 540 1733 543 ‘

2220 530 2330 599 Τὴν
2359 529 2631 595 εὐγένειαν
2665 526 2761 596 τὴν
2796 525 2944 577 κάτω
2976 525 3316 597 πατουμένην

557 631 879 699 Temporum
908 627 1229 681 mutationes
1259 623 1487 679 reddunt
1518 619 1843 675 instabilem.

1833 658 1843 672 .
2220 619 2436 688 Χρόνιον
2471 618 2632 687 φοραὶ⁵
2661 616 2968 685 φθείρουσιν
2992 614 3416 685 ἆστατουμένην.

558 719 808 773 Alienum
839 726 1015 770 tamen
1043 716 1295 770 obtinens
1333 710 1609 781 negotium

2234 706 2529 775 Ἀλλότριον
2549 705 2609 756 τὸ
2642 706 2870 773 πρᾶγμα
2894 703 3145 772 τυγχάνει
3171 704 3213 755 δ’
3243 705 3412 773 ὅμως,

558 806 754 862 Inutile
781 804 991 861 exstitit
1023 802 1450 873 possidentibus.

2235 794 2542 851 Ἀσυντελὲς
2574 792 2781 860 πέφυκε
2814 794 2923 853 τοῖς
2950 792 3323 861 κεκτημένοις.

560 898 687 951 Mihi
716 910 844 964 ergo
874 894 1035 964 hujus
1059 894 1181 946 vita:
1210 891 1429 945 fortuita

2235 884 2387 953 Ἐμοὶ
2412 880 2503 934 οὖν
2533 882 2599 933 τὰ
2629 881 2815 934 τούτου
2844 880 2937 933 τοῦ
2971 881 3082 951 βίου

560 982 989 1052 Sicjudicantur
1021 989 1074 1035 et
1101 980 1459 1042 :estimautur,
1489 990 1521 1029 o
1551 974 1806 1038 Verbum,

1779 994 1806 1038 ι,
2224 974 2377 1027 Οὕτω
2414 973 2683 1042 κρίνονται
2718 973 2812 1024 καὶ
2836 971 3172 1038 λογίζονται,
3202 971 3362 1039 Δόγε,

561 1070 635 1126 Ut
663 1072 777 1140 ipse
804 1068 947 1124 nosti
971 1066 1134 1135 judex
1158 1064 1391 1119 universi
1422 1062 1652 1131 generis.

2235 1062 2321 1123 Ὠς
2354 1057 2499 1123 οἶδας
2530 1060 2689 1123 αὐτὸς
2722 1062 2750 1112 ό
2789 1058 2981 1129 κριτὴς
3012 1058 3209 1119 παντὸς
3239 1060 3449 1126 γένους.

564 1159 670 1214 Alii
702 1173 832 1214 vero
864 1158 1130 1228 gaudeant
1163 1155 1215 1207 in
1242 1152 1411 1223 gloria
1438 1152 1561 1206 vitae

2230 1149 2408 1201 Ἀλλοι
2443 1150 2499 1201 δὲ
2523 1150 2852 1220 χαιρέτωσαν
2882 1150 2938 1200 έν
2970 1148 3093 1218 δόξῃ
3126 1147 3262 1231 βίου,

561 1248 669 1303 Nos
706 1248 947 1301 videntes
985 1245 1037 1300 in
1070 1244 1226 1298 malis
1255 1242 1653 1305 sordescentes,

2200 1308 2203 1309 ν
2239 1240 2413 1307 Ἦμᾶς
2444 1240 2674 1309 ὁρῶντες
2699 1242 2755 1292 ὲν
2785 1240 2971 1301 κακοῖς
2997 1239 3373 1310 πεφυρμένους
3392 1256 3406 1271 ·

564 1338 793 1391 Tantum
819 1334 1185 1389 abstineamus
1209 1346 1239 1384 a
1275 1329 1632 1399 blasphemia.
2145 1381 2147 1389 Α

2145 1335 2191 1390 Α
2219 1329 2391 1381 Μόνον
2422 1329 2821 1399 φυλαχθείημεν
2858 1330 2921 1381 ἐκ
2966 1328 3333 1401 βλασφημίας.

560 1427 627 1482 Ει
658 1427 741 1496 pie
766 1425 1080 1495 imperantis
1110 1420 1353 1477 coronati

2226 1419 2335 1471 Καὶ
2363 1419 2454 1472 τοῦ
2486 1419 2807 1490 κρατοῦντος
2840 1419 3079 1483 εὐσεϐῶς
3112 1422 3451 1491 στεφηφόρου

562 1516 819 1569 Auditum
852 1514 1190 1567 inveniamus
1223 1508 1561 1563 inimicorum
1592 1508 1929 1561 sermonibus

1787 1508 1929 1561 tibus
2224 1508 2334 1579 Τὴν
2367 1509 2535 1578 ἀκοὴν
2566 1502 2923 1579 εὕροιμενέἰς
2949 1509 3159 1579 ἐχθρῶν
3182 1510 3370 1578 λόγους

562 1603 778 1657 Aditum
805 1600 1162 1662 claudentem,
1190 1608 1247 1651 ut
1272 1596 1547 1666 Scriptura
1584 1596 1838 1663 loquitur.

1832 1634 1838 1648 .
2225 1598 2336 1667 Τὴν
2366 1597 2566 1650 εἴσοδον
2605 1598 2906 1659 κλείουσαν,
2933 1598 3006 1659 ὡς
3036 1597 3225 1668 Γραφὴ
3250 1597 3415 1667 λέγει.

560 1689 916 1760 Δοξαπατρὴς
945 1688 1045 1743 ista
1079 1703 1200 1741 cum
1231 1686 1485 1740 lamentis
1518 1684 1734 1747 scribit,

2236 1689 2294 1743 '0
2329 1688 2681 1759 Δοξαπάτρης
2712 1678 2884 1742 ταῦτα
2918 1691 3013 1742 σὺν
3040 1690 3182 1757 γόοις
3213 1691 3432 1761 γράφει,

561 1781 696 1834 Cum
722 1779 1009 1851 gemitibus
1034 1777 1341 1832 monodiam
1376 1785 1585 1829 texens.

2225 1781 2379 1835 Μετὰ
2401 1781 2714 1851 στεναγμῶν
2744 1781 2841 1850 τὴν
2874 1781 3135 1849 μονῳδίαν
3170 1781 3398 1834 πὶέκων.

563 1871 713 1926 Mitte
739 1885 866 1924 vero
896 1884 1084 1924 novam
1109 1868 1366 1921 visionem
1400 1882 1465 1920 ex
1494 1864 1627 1930 alto,
1653 1879 1686 1919 o
1717 1860 1977 1927 Verbum,

1804 1864 1977 1927 flium.
2225 1871 2442 1941 Πέμψον
2466 1872 2521 1923 δὲ
2552 1870 2739 1941 καινὴν
2768 1870 2889 1939 ὄψιν
2910 1868 2970 1934 ἐξ
3001 1870 3184 1938 ὕψους,
3225 1873 3387 1939 Λόγε,

564 1960 798 2015 Paciﬁco
822 1960 933 2027 regi
959 1958 1327 2013 Romanorum

2226 1961 2315 2030 Τῷ
2349 1960 2677 2030 παγγαλήνῳ
2717 1960 2921 2029 βασιλεῖ
2957 1960 3063 2011 τῶν
3094 1961 3362 2023 Αὐσόνων,

563 2050 783 2106 Occulta
812 2051 1089 2104 docentem
1124 2047 1297 2116 ipsum
1327 2045 1377 2097 in
1405 2043 1630 2111 judicio,

2227 2052 2306 2104 Τὰ
2334 2052 2547 2122 κρυπτὰ
2568 2051 2919 2103 διδάσκουσαν
2957 2050 3117 2103 αὑτὸν
3145 2052 3201 2103 ὲν
3226 2053 3422 2120 κρίσει,

562 2140 804 2207 Qualiter
830 2138 981 2209 plura
1010 2147 1224 2192 tuorum
1257 2135 1559 2204 sapientum
1592 2132 1794 2201 judicio
1808 2148 1919 2186 rum

1808 2148 1919 2186 rum
2240 2143 2295 2195 ὐ
2306 2145 2423 2194 ποῖα
2446 2140 2613 2193 πολλὰ
2639 2140 2745 2193 τῶν
2770 2140 2946 2207 σοφῶν
2982 2157 3072 2192 σου
3100 2141 3378 2209 κριμάτων

564 2232 743 2286 Multis
770 2229 1070 2299 prmstitere
1100 2225 1343 2279 notitiam
1372 2223 1708 2278 occultorum

2228 2233 2446 2295 Πολλοῖς
2474 2232 2712 2303 παρέσχε
2746 2230 2944 2299 γνῶσιν
2975 2231 3379 2300 ἀγνοουμένων·

562 2321 896 2391 Jatnjamque
931 2317 1209 2372 morituris
1238 2314 1383 2368 nullo
1420 2314 1612 2367 merito

2227 2323 2489 2392 Θνήσκειν
2526 2321 2581 2374 δὲ
2607 2322 2699 2374 καὶ¹
2724 2320 3001 2391 μέλλουσιν
3026 2320 3366 2381 ἁδικωτὰτως

564 2411 944 2480 lmpertierunt
968 2407 1191 2463 salutem
1217 2404 1369 2475 quasi
1398 2413 1591 2473 praeter
1616 2417 1785 2473 spem.

1772 2441 1785 2454 -
2228 2415 2435 2467 Δέδωκε
2459 2412 2555 2481 τὴν
2588 2411 2857 2483 λύτρωσιν
2886 2410 2960 2473 ὡς
2992 2411 3119 2481 παρ’
3147 2411 3351 2463 ἐλπίδα.

566 2503 625 2557 Si
660 2503 802 2555 enim
826 2500 1024 2554 docere
1055 2498 1314 2568 digneris,
1347 2511 1379 2551 ο
1411 2496 1652 2556 Domine,

2228 2505 2291 2556 El
2322 2503 2433 2573 γὰρ
2455 2503 2725 2555 διδάσκειν
2753 2500 2938 2566 ἀξιοῖς,
2974 2502 3001 2552 ό
3027 2500 3318 2569 Δεσπότης,

565 2590 893 2645 Abscondita
928 2590 1280 2656 imperantem
1305 2586 1567 2639 universa:
1600 2584 1808 2648 “cum,

2230 2594 2310 2645 Τὰ
2338 2594 2554 2663 κρυπτὰ
2576 2591 2666 2644 τὸν
2694 2590 2993 2661 κρατοῦντα
3024 2589 3122 2658 τῆς
3164 2588 3383 2660 Ῥώμης
3405 2590 3556 2660 ὅλης,

566 2682 645 2735 Ad
676 2691 819 2735 tuam
843 2682 1135 2736 bonitatem
1170 2679 1577 2749 suspicientetn,

2156 2669 2202 2728 Β
2228 2684 2369 2754 Πρὸς
2398 2684 2494 2753 σὴν
2528 2682 2833 2752 ἀγαθότητα
2858 2680 2948 2732 τὸν
2978 2679 3282 2750 δεδορκότα,

566 2771 647 2825 Ad
676 2780 818 2825 tuam
852 2772 1238 2826 humanitatem
1269 2770 1599 2835 tendentem,

2230 2774 2338 2827 Καὶ
2369 2772 2503 2843 πρὸς
2528 2772 2588 2824 τὸ
2614 2770 2992 2841 (φιλάνθρωπον
3022 2768 3339 2839 ἡτονηκότα,

567 2860 977 2931 Compatibilem
1007 2862 1244 2916 anitnum
1272 2870 1569 2930 gerentem,

2233 2866 2341 2919 Καὶ
2372 2862 2630 2933 συμπαθῆ
2658 2861 2891 2931 φέροντα
2918 2858 3097 2923 καλῶς
3128 2858 3351 2929 καρδίαν
3376 2876 3387 2888 ·

568 2948 798 3003 Omnino
826 2950 1031 3019 profert
1064 2949 1156 3004 tibi
1192 2948 1518 3004 sacriﬁcium
1552 2946 1900 3013 luculentins,

1740 2947 1900 3013 ntins,
2233 2954 2455 3017 Πάντως
2486 2953 2747 3023 προσάγει
2769 2952 2957 3005 θυσίαν
2998 2969 3077 3004 σοι
3104 2951 3323 3013 καλλίω,

568 3038 927 3105 Proficiendo,
952 3039 1262 3101 crescendo.
1291 3047 1343 3094 et
1366 3038 1612 3107 augendo
1912 3034 2123 3109 [tionis.

1912 3034 2123 3109 [tionis.
2246 3043 2355 3094 Ἀεὶ
2388 3043 2729 3113 προκόπτων,
2756 3041 3079 3103 ἀναϐαίνων,
3113 3040 3353 3105 αὐξάνων

568 3127 959 3185 Incrementum
1007 3131 1247 3186 divinum
1286 3138 1341 3185 et
1372 3127 1555 3184 ellicax
1592 3142 1838 3198 supernae
1880 3125 2127 3183 domina-

1810 3142 1838 3183 e
1880 3125 2127 3183 domina-
2231 3131 2410 3204 Δῠξην
2438 3132 2693 3202 Θεουργὸν
2734 3130 2831 3203 τὴς
2859 3130 2971 3185 ἄνω
3008 3128 3393 3201 σκηπτουχίας.
