4010 6502
215 448 3395 506 mm

271 494 1339 506 --Μ
1632 487 3263 501 W

270 487 1604 509 m————_————_I___—___"7ﬂ
1632 487 3263 501 W’
2891 487 2896 488 ⁷
2909 487 2914 488 ⁷
2954 487 2962 488 ⁷
2981 487 2986 488 ⁷
3077 487 3263 489 ⁷⁷Ῠ⁷νή⁷ῖ⁷

1423 677 1719 792 ΜΟΝ
1732 676 1876 789 IT
1900 677 2089 790 UM

600 909 685 971 IN
730 906 932 969 DUOS
975 904 1293 968 CONTRA
1350 901 1667 965 GENTES
1708 901 1812 962 ET
1856 900 1961 961 DE
2001 898 2601 962 INCARNATIONE
2643 901 2947 963 LIBROS.

262 1243 297 1298 1.
319 1244 580 1297 Athanasii
616 1243 749 1297 duos
774 1241 976 1299 Contra
1004 1252 1194 1314 gentes
1218 1244 1383 1297 libros
1414 1245 1842 1300 commemoravit
1874 1243 2230 1313 Hieronymus
2261 1248 2315 1300 in
2347 1246 2481 1299 libro
2514 1247 2587 1304 De
2611 1249 2969 1319 scriptoribus
2998 1252 3401 1320 ecclesiasticis.

212 1338 285 1389 hoc
301 1344 437 1403 pacto
460 1350 479 1387 :
513 1352 531 1383 ι
575 1331 843 1387 Feruntur
864 1332 973 1402 ejus
1007 1344 1255 1387 adversus
1278 1345 1453 1403 gentes
1484 1334 1606 1386 libri
1634 1334 1759 1397 duo,
1796 1354 1814 1387 s
1846 1346 1942 1390 etc.
1978 1352 1997 1398 ;
2042 1332 2264 1390 Photius
2297 1353 2412 1390 vero
2447 1336 2562 1390 loco
2589 1341 2823 1403 superius
2854 1343 3037 1405 allato,
3087 1345 3311 1412 priorem
3334 1346 3402 1398 li-

212 1431 327 1480 brum
354 1428 540 1481 Contra
573 1437 761 1492 gentes
785 1436 1067 1494 nuncupat,
1105 1428 1449 1495 posteriorem
1484 1443 1601 1480 vero
1626 1427 1698 1480 De
1728 1428 2120 1483 incarnatione.
2158 1426 2223 1481 Et
2246 1439 2414 1482 tamen
2446 1431 2769 1497 exploratum
2792 1445 2867 1485 est
2890 1435 3044 1488 hosce
3068 1435 3249 1499 libros,
3276 1454 3405 1507 qua-

212 1522 305 1573 libet
335 1521 529 1572 tandem
562 1521 803 1587 ferantur
832 1518 1189 1585 inscriptione,
1220 1522 1429 1573 eosdem
1462 1520 1605 1588 ipsos
1631 1536 1741 1573 esse
1760 1519 1852 1583 qui
1882 1532 2243 1574 memorantur
2267 1521 2331 1573 ob
2358 1519 2701 1591 Hieronymo.
2732 1518 2871 1577 Nam
2894 1540 2959 1578 ea:
2982 1528 3135 1581 modo
3163 1529 3402 1583 ordiendi

209 1612 423 1677 posterior
442 1609 571 1662 liber
600 1610 782 1661 nativa
805 1610 934 1663 serie
963 1610 1184 1663 colueret
1208 1626 1322 1662 cum
1346 1610 1519 1678 priore
1549 1624 1567 1663 :
1598 1618 1647 1664 et
1678 1626 1866 1680 magna
1893 1627 2013 1676 pars
2046 1612 2220 1675 initio,
2257 1622 2439 1665 contra
2467 1622 2644 1681 gentes
2669 1629 2731 1666 ac
2752 1614 3035 1681 foedissima
3063 1618 3401 1677 conﬁctorum

210 1701 436 1752 numinum
461 1700 775 1760 simulacra,
814 1700 1107 1765 conscripta
1143 1699 1244 1767 fuit
1270 1714 1288 1751 :
1324 1698 1523 1765 reliqua
1549 1715 1667 1753 vero
1702 1702 1766 1753 de
1798 1700 2161 1753 incarnatione
2193 1715 2211 1762 ;
2254 1700 2327 1752 ita
2354 1712 2406 1752 ut
2433 1701 2556 1767 jure
2581 1719 2642 1754 ac
2666 1704 2849 1755 merito
2882 1704 3031 1757 illum
3063 1716 3275 1776 utroque
3306 1724 3403 1761 no-

210 1793 314 1844 stine
336 1790 612 1844 inscribere
638 1790 867 1856 facultas
899 1790 1080 1856 fuerit.
1103 1788 1248 1843 Editi
1279 1799 1452 1843 tamen
1481 1806 1543 1843 ac
1567 1790 1770 1842 codices
1798 1806 1974 1843 omnes
1998 1801 2316 1857 postremum
2349 1789 2421 1844 De
2446 1791 2819 1846 incarnatione
2850 1794 3163 1849 inscribunt.

261 1886 311 1941 ll.
336 1883 441 1948 Quo
464 1891 642 1936 autem
668 1897 807 1934 anno
839 1883 1018 1935 isthcec
1053 1882 1378 1935 Athanasius
1407 1881 1637 1935 emiserit
1669 1881 1726 1934 in
1758 1880 1951 1944 lucem,
1984 1897 2241 1950 nusquam
2276 1881 2467 1948 fertur.
2503 1881 2660 1935 Hand
2688 1883 2818 1937 leves
2872 1896 3044 1940 tamen
3092 1890 3405 1958 conjectum

215 1987 327 2041 sunt,
350 1975 531 2045 quibus
564 1974 809 2042 proxime
841 1972 910 2024 ad
944 1972 1049 2025 veri
1078 1972 1322 2040 temporis
1345 1971 1478 2040 ﬁnes
1511 1970 1853 2024 deducamur.
1896 1968 2037 2022 Nam
2060 1970 2199 2039 quod
2226 1969 2497 2024 observata
2534 1973 2922 2041 dignissimum,
2978 1977 3030 2028 in
3081 1978 3399 2043 posteriore.

209 2072 299 2122 licet
325 2069 385 2121 ad
414 2067 611 2121 Christi
643 2066 892 2118 deitatem
923 2065 1439 2119 commonstrandam
1476 2062 1639 2118 multa
1665 2063 1980 2131 afferuntur,
2017 2062 2151 2115 nihil
2180 2073 2467 2131 comparet,
2486 2066 2623 2134 qttod
2654 2066 2730 2117 vel
2754 2065 3002 2119 Arianam
3027 2069 3264 2121 Itteresim
3283 2070 3401 2139 jam

210 2161 430 2211 subortam
457 2156 680 2219 indicet,
710 2154 787 2208 vel
827 2170 1030 2223 pugnas
1056 2154 1188 2206 oleat
1222 2169 1340 2206 cum
1370 2153 1582 2207 Arionis
1616 2154 1777 2206 initas
1809 2166 1827 2205 :
1860 2168 1921 2205 ac
1949 2152 2068 2205 licet
2098 2152 2327 2221 idipsum
2348 2154 2432 2206 hic
2464 2164 2645 2207 contra
2684 2153 2905 2209 Judmos
2959 2160 3401 2225 comprobandum

210 2248 362 2311 veniat,
382 2246 514 2313 quod
548 2254 729 2309 postea
758 2255 940 2297 contra
978 2244 1205 2296 Arianos
1235 2254 1495 2297 assertum
1528 2242 1655 2311 fuit,
1681 2242 1914 2295 videlicet
1938 2242 2109 2295 deitas
2135 2241 2363 2307 Christi,
2404 2246 2556 2296 varia
2610 2261 2825 2310 prorsus
2872 2259 3180 2315 argumenta
3237 2259 3357 2302 sunt
3384 2292 3399 2317 ,

211 2339 529 2407 diversumque
557 2338 834 2407 pugnandi
854 2353 1035 2407 genus.
1066 2334 1275 2390 Etenim
1308 2336 1354 2390 si
1365 2336 1484 2405 jam
1514 2351 1629 2388 cum
1653 2335 1863 2388 Arionis
1894 2334 2200 2388 dimicatum
2230 2334 2434 2404 fuisset,
2462 2337 2669 2389 etiamsi
2697 2337 2759 2390 de
2789 2339 3048 2390 industria
3079 2339 3193 2391 Arii
3217 2356 3400 2396 nomen

212 2445 345 2487 tacere
377 2436 622 2488 voluisset
659 2432 1007 2494 Athanasius,
1042 2433 1179 2498 quod
1200 2432 1345 2484 haud
1381 2432 1665 2485 verisimile
1689 2439 1788 2495 est,
1836 2431 2013 2499 aliqua
2041 2440 2214 2484 tamen
2239 2431 2357 2499 jam
2391 2430 2535 2483 inita:
2558 2447 2745 2499 pugna:
2774 2431 2924 2500 signa
2955 2447 3296 2499 superessent,
3347 2446 3401 2486 ut

210 2523 291 2590 fere
312 2522 360 2588 ﬁt
384 2524 433 2574 in
456 2522 769 2591 hujusmodi
805 2522 975 2575 rebus.
1016 2517 1168 2575 Unde
1195 2522 1522 2574 arbitramur
1552 2531 1672 2573 ante
1702 2530 1911 2574 exortus
1944 2520 2223 2573 Arianicas
2250 2523 2429 2573 turbas
2456 2522 2565 2573 haac
2598 2522 2894 2588 conscripta
2924 2523 3108 2589 fuisse,
3138 2540 3273 2578 anno
3305 2525 3406 2577 cir-

207 2616 305 2665 citer
328 2614 439 2668 518.
463 2612 553 2668 Sic
581 2616 751 2683 igitur
771 2612 967 2668 Christi
996 2613 1240 2665 militiam
1280 2615 1544 2682 ingressus
1570 2613 1921 2679 Athanasius,
1954 2629 2072 2665 cum
2096 2629 2188 2677 per
2208 2623 2416 2667 tetatem
2441 2613 2655 2667 vixdum
2678 2614 2933 2683 ejusmodi
2966 2615 3173 2669 militia'
3201 2618 3402 2685 potiens

207 2715 325 2767 esset,
353 2707 521 2758 statim
553 2704 909 2773 ferocissimos
937 2704 1253 2757 Christianae
1290 2703 1415 2771 fidei
1445 2706 1615 2757 hostes
1646 2705 1917 2775 proﬂigat,
1954 2704 2170 2774 gentiles
2199 2706 2445 2759 nimirum
2468 2715 2517 2760 et
2558 2705 2801 2761 Judceas.
2838 2704 3021 2777 Neque
3054 2718 3224 2760 tamen
3268 2710 3402 2763 alios

207 2811 307 2848 terte
332 2796 823 2862 ﬁdeiadrersarios,
850 2794 1172 2849 Manichtvos
1207 2796 1479 2861 nimirum,
1502 2811 1726 2865 quorum
1756 2805 1866 2850 tum
1898 2798 2144 2862 temporis
2174 2798 2387 2851 hteresis
2414 2802 2779 2867 grassabatur,
2810 2798 3179 2865 Marcionitas,
3216 2799 3402 2856 Valeri-

208 2887 393 2941 tim‘anos
420 2901 745 2958 ca-terosque
775 2890 997 2942 intactos
1024 2888 1403 2955 prwtermittit,
1432 2887 1538 2940 imo
1566 2888 1907 2953 validissime,
1935 2889 2101 2942 sicubi
2128 2905 2210 2942 res
2242 2890 2363 2957 fert,
2404 2892 2709 2959 aggreditur
2736 2905 2754 2943 :
2789 2892 2952 2945 ntulto
2979 2910 3103 2946 sane
3135 2896 3307 2947 minus
3336 2897 3400 2948 ab

205 2982 375 3035 Arionis
398 2987 769 3050 abstinuisset,
797 2986 842 3038 si
863 2987 972 3048 iam
997 2984 1173 3053 infesti
1204 2999 1379 3037 veram
1411 2984 1711 3037 doctrinam
1739 2984 1915 3037 adorti
1938 2984 2156 3053 fuissent
2179 3000 2197 3037 :
2228 2985 2599 3039 vehementiore
2630 3002 2849 3055 namque
2875 2988 3088 3053 impetu,
3108 3005 3263 3055 quam
3282 2990 3403 3044 alia:

208 3089 344 3127 omnes
368 3079 701 3144 superiorum
733 3086 953 3129 cetatum
980 3076 1223 3137 haereses,
1253 3074 1581 3127 divinitatem
1630 3074 1830 3127 Christi
1864 3075 2178 3142 oppugnavit
2213 3074 2430 3128 Ariona.
2464 3073 2595 3139 Quia
2621 3075 2667 3127 si
2678 3075 2795 3142 jam
2828 3076 2981 3144 signa
3010 3079 3284 3131 adversum
3313 3095 3402 3130 ca-

205 3180 299 3219 nere
319 3169 561 3233 tmpissel,
622 3177 852 3235 putasne
893 3165 1144 3219 athletam
1198 3174 1435 3219 nostrum
1466 3181 1692 3233 pugnam
1726 3165 2140 3217 detrectaturum
2178 3164 2393 3232 fuisse?
2429 3164 2523 3217 I'Jst
2559 3165 2709 3218 aliud
2738 3168 2876 3219 unde
2905 3167 3128 3232 fortasse
3154 3170 3397 3237 qua'dam

206 3259 405 3325 temporis
430 3262 569 3313 ratio
602 3261 733 3312 duci
769 3259 933 3311 valeat
966 3273 983 3311 :
1010 3268 1281 3326 postquam
1312 3259 1449 3311 enim
1476 3257 1796 3310 Athanasius
1822 3257 2090 3326 gentilium
2123 3255 2458 3321 ἀποθεώσεις
2480 3257 2783 3327 exagitavit,
2826 3258 2905 3311 his
2930 3260 3093 3312 verbis
3122 3261 3195 3312 ita
3225 3278 3402 3329 prosc-

206 3351 348 3413 qetitur
374 3368 392 3405 :
427 3354 537 3405 Καὶ
571 3352 647 3422 μή
685 3367 770 3403 τοι
805 3350 1114 3421 Θαυμάσῃς,
1150 3350 1283 3420 μηδὲ
1316 3349 1532 3420 μακρὰν
1564 3348 1799 3411 πίστεως
1834 3343 1971 3401 εἶναι
2006 3349 2067 3401 τὸ
2113 3348 2399 3420 λεγόμενον
2424 3350 2649 3419 νομίσῃς
2675 3388 2689 3411 ,
2742 3350 2873 3402 ὅπου
2902 3367 2964 3419 γε
2992 3352 3086 3404 καὶ
3121 3352 3181 3404 οὐ
3224 3353 3401 3425 πολλῷ

203 3441 435 3513 πρότερον,
462 3440 497 3515 ἦ
531 3442 679 3511 τάχα
699 3443 794 3494 καὶ
831 3441 990 3512 μέχρι
1018 3440 1111 3493 νῦν
1139 3442 1173 3508 ὴ
1217 3441 1503 3510 Ῥωμαίων
1528 3439 1827 3510 σύγκλητος
1858 3441 1983 3503 τοὺς
2010 3440 2226 3493 πώποτε
2250 3441 2426 3493 αὐτῶν
2458 3440 2516 3504 ἐξ
2552 3440 2725 3511 ἀρχῆς
2759 3439 3026 3511 ἄρξαντας
3056 3442 3306 3512 βασιλέας
3329 3484 3343 3508 ,
3366 3446 3397 3517 ἢ

202 3532 412 3604 πάνταςῆ
440 3534 532 3597 οὓς
558 3534 627 3587 ἂν
642 3534 798 3587 αὐτοὶ
822 3532 1112 3603 βούλωνται
1146 3532 1238 3585 καὶ
1257 3532 1505 3602 κρίνωσι,
1522 3531 1933 3603 δογματίζουσιν
1955 3534 2011 3585 ἐν
2037 3531 2176 3594 Θεοῖς
2205 3527 2365 3595 εἶναι,
2395 3532 2488 3584 καὶ
2515 3530 2905 3602 θρησκευέσθαι
2929 3532 3081 3596 θεοὺς
3108 3533 3396 3603 γράφουσι.

202 3622 252 3674 ld
268 3636 331 3678 est
358 3641 375 3678 :
408 3646 426 3678 ι
460 3629 619 3694 Quod
650 3629 863 3697 quidem
899 3644 961 3681 ne
984 3628 1211 3691 mireris,
1248 3644 1409 3697 neque
1439 3628 1625 3694 procul
1650 3646 1680 3681 a
1708 3628 1812 3695 ﬁde
1837 3644 1948 3681 esse
1974 3628 2236 3681 existimes
2270 3629 2421 3681 velim
2441 3666 2457 3691 ,
2494 3627 2701 3697 quando
2756 3644 2860 3681 non
2906 3630 2980 3681 ita
3041 3629 3239 3696 pridem
3265 3666 3280 3692 ,
3311 3634 3401 3685 sed

203 3711 395 3776 fortassis
412 3722 571 3773 etiam
611 3719 712 3773 hoc
740 3728 968 3787 tempore
992 3728 1204 3771 senatus
1239 3716 1528 3780 Romanus,
1556 3735 1685 3788 quos
1706 3719 1771 3771 ab
1808 3719 1955 3771 initio
1986 3717 2169 3769 habuit
2214 3718 2573 3781 imperatores,
2613 3716 2687 3769 vel
2709 3732 2907 3781 omnes,
2934 3718 3008 3771 vel
3032 3718 3215 3771 saltent
3271 3735 3402 3787 quos

202 3807 279 3872 ipsi
306 3812 480 3877 placet,
521 3823 571 3867 et
601 3811 873 3880 ejusmodi
905 3810 1099 3864 honore
1143 3811 1328 3879 dignos
1374 3821 1567 3876 censet,
1607 3816 1748 3865 inter
1781 3812 1906 3865 deos
1930 3827 2042 3864 esse
2069 3811 2324 3873 decernit,
2361 3825 2422 3863 ac
2455 3819 2706 3878 tanquam
2734 3809 2857 3863 deos
2881 3810 2982 3863 coli
2998 3810 3167 3879 jubet.
3210 3829 3228 3862 s
3257 3808 3404 3865 Unde

201 3896 306 3964 forte
321 3904 428 3971 quis
454 3906 682 3972 inferat,
708 3916 821 3954 tum
845 3902 1065 3971 scriptos
1089 3902 1253 3971 fuisse
1282 3901 1443 3956 libros
1478 3908 1650 3968 hosce,
1677 3920 1794 3957 cum
1827 3901 2205 3957 Constantinus
2232 3904 2441 3970 quidem
2467 3903 2768 3956 accessisset
2800 3902 2869 3955 ad
2900 3903 3056 3971 ﬁdem
3080 3917 3098 3955 :
3122 3919 3238 3955 nam
3263 3920 3402 3957 anno

200 3991 280 4043 513
307 3997 343 4047 is
363 3995 728 4050 Christianum
765 3996 963 4048 cultum
995 3995 1268 4062 amplexus
1308 4006 1387 4049 est
1409 4011 1429 4049 :
1464 4013 1625 4067 neque
1657 4007 1831 4049 tamen
1859 3995 2099 4064 protinus
2143 3995 2503 4048 Romanorum
2543 4006 2753 4048 senatus
2782 3996 3121 4048 inveteratam
3156 3995 3303 4048 illam
3356 4008 3403 4049 et

200 4080 371 4146 impiam
402 4076 752 4156 imperatorei
776 4088 1119 4139 consecrandi
1167 4087 1602 4140 consuetudinem
1635 4087 1895 4153 posuisset
1926 4099 1944 4137 :
1980 4088 2103 4154 quia
2145 4101 2247 4138 non
2283 4084 2463 4137 statim
2496 4084 2559 4137 ab
2585 4084 2735 4138 initio
2766 4088 3115 4138 exsecrandos
3145 4086 3280 4138 ritus
3311 4102 3405 4154 po-

199 4173 274 4223 tuit
304 4172 673 4231 Constantinus
696 4177 995 4245 antiquare.
1023 4176 1178 4229 Hunc
1211 4193 1366 4243 porro
1391 4179 1561 4229 locum
1583 4178 1790 4231 erudito
1820 4177 2002 4230 lectori
2033 4178 2318 4230 sistendum
2345 4174 2616 4239 duximus,
2642 4190 2745 4229 non
2774 4190 2877 4246 quo
2902 4183 3145 4243 putemus
3172 4177 3405 4231 validum

199 4268 419 4327 quoddam
440 4272 561 4324 hinc
578 4270 699 4324 erui
716 4280 1110 4337 argumentum,
1140 4271 1229 4322 sed
1255 4277 1309 4321 ut
1332 4271 1476 4322 illius
1506 4270 1712 4338 judicio
1740 4284 1849 4322 rem
1884 4270 2269 4337 permittamus.

249 4356 321 4411 ιιι.
355 4360 482 4430 Styli
509 4378 673 4430 porro
697 4376 861 4430 genus
888 4361 1027 4429 quod
1054 4370 1275 4428 spectat,
1311 4362 1513 4429 fateare
1540 4378 1745 4415 necesse
1771 4372 1869 4426 est,
1905 4362 1991 4414 via:
2020 4363 2293 4430 quidpiam
2320 4380 2379 4416 eo
2404 4363 2455 4415 in
2484 4378 2667 4431 genere
2696 4370 2842 4410 tanta
2870 4358 3221 4411 concinnitate
3247 4359 3407 4411 ador-

198 4455 344 4500 natum
367 4449 547 4518 fuisse,
593 4454 794 4504 mirere
850 4467 976 4504 sane
1005 4452 1343 4520 elegantiam,
1392 4452 1549 4516 sales,
1577 4454 1677 4507 vim
1723 4455 2042 4522 argumenti,
2065 4456 2417 4508 eruditionem
2456 4454 2681 4514 variam,
2718 4452 2947 4504 maxime
2973 4468 3089 4504 vero
3125 4452 3179 4503 in
3230 4450 3405 4519 prima

196 4540 411 4607 oratione,
437 4562 555 4613 qua:
588 4548 734 4597 inter
769 4544 1051 4609 primorios
1098 4546 1231 4597 tanti
1265 4546 1367 4598 viri
1392 4545 1531 4613 fetus
1558 4546 1727 4599 locum
1784 4547 1954 4600 habet.
1992 4545 2149 4600 Vides
2180 4547 2551 4610 Athanasium,
2588 4542 2718 4596 nihil
2755 4560 2935 4595 eorum
2981 4560 3098 4612 qua?
3138 4540 3407 4611 gentilium

196 4620 487 4702 theologiam,
516 4638 625 4690 sive
669 4638 846 4703 potius
896 4636 1285 4707 ματαιολογίαν
1328 4649 1585 4705 spectant,
1621 4640 1887 4708 ignorare,
1922 4642 2074 4707 inque
2108 4640 2258 4691 libris
2286 4638 2523 4701 Homeri,
2562 4633 2803 4688 Platonis
2834 4634 3159 4702 aliorumque
3187 4633 3407 4699 scripto-

194 4733 284 4774 tum
316 4729 726 4781 versutissimum
759 4743 892 4790 esse,
925 4739 977 4779 nt
1023 4730 1234 4781 decebat
1266 4745 1383 4782 eum
1408 4730 1498 4799 qui
1526 4729 1829 4798 hnjnsmodi
1862 4746 2073 4797 operam
2098 4729 2348 4795 suscepit.
2376 4728 2440 4781 In
2469 4727 2705 4780 oratione
2732 4741 2889 4793 porro
2913 4725 2985 4779 De
3010 4724 3405 4788 incnrnatiom-,

197 4813 346 4868 validis
366 4819 694 4887 argumentis
727 4829 1108 4872 commonstrat
1135 4820 1413 4874 veritatem
1458 4820 1724 4890 religionis
1750 4820 2075 4874 Christiana:
2096 4830 2145 4873 et
2168 4818 2552 4871 incarnationis
2573 4816 2607 4870 J
2612 4834 2699 4871 esu
2746 4816 2961 4879 Christi.
2985 4814 3262 4869 Laudatur
3284 4831 3375 4867 ora
3393 4844 3407 4855 -

193 4907 244 4956 tio
265 4906 451 4965 Contra
473 4924 667 4984 gentes
694 4916 753 4967 in
779 4915 975 4982 synodo
998 4914 1215 4968 Nicaenu
1238 4931 1300 4978 ll,
1325 4916 1441 4970 loco
1461 4916 1688 4984 inferius
1719 4916 1905 4969 allato.
1938 4915 2011 4969 De
2034 4916 2272 4969 oratione
2299 4931 2415 4967 vero
2442 4930 2559 4983 qua:
2581 4914 2654 4966 De
2679 4911 3053 4966 incarnatione
3080 4910 3402 4970 inscribitur,

192 4995 275 5049 hac
298 5002 441 5057 habet
496 5004 895 5058 Felckmannus
928 5021 947 5059 :
975 5023 993 5055 s
1040 5003 1246 5058 Titulus
1273 5007 1437 5075 hujus
1470 5007 1730 5060 orationis
1763 5007 1817 5059 in
1849 5007 2092 5059 omnibus
2131 5004 2323 5057 nostris
2353 5004 2739 5067 exemplaribus
2764 5012 2837 5055 est
2878 4999 3015 5071 Περὶ
3052 4998 3405 5071 ὲνανθρωπή-

192 5103 319 5154 σεως,
340 5106 384 5147 et
407 5098 486 5150 sic
515 5098 716 5150 citotur
746 5098 904 5150 etiam
948 5115 979 5151 u
1033 5096 1358 5152 Theodoreto
1388 5098 1594 5167 Dialog.
1625 5099 1678 5164 5,
1702 5096 1777 5168 τῷ
1799 5097 2024 5159 ἀπαθεῖ,
2057 5097 2144 5149 ubi
2171 5096 2375 5162 aliquot
2404 5094 2519 5164 ejus
2546 5094 2661 5147 loca
2686 5094 2927 5158 adducit,
2954 5109 3070 5162 qtta’
3095 5091 3209 5145 vide
3239 5088 3401 5159 infra.

190 5180 422 5242 Adrianus
444 5188 474 5242 1
504 5207 644 5259 papa
674 5189 734 5242 in
770 5188 921 5256 epist.
948 5189 1016 5241 ad
1056 5192 1467 5245 Constantinum
1495 5199 1546 5244 et
1572 5188 1766 5244 Irenen
1787 5191 1977 5257 impp.,
2011 5204 2128 5258 qua:
2158 5197 2326 5241 exstat
2349 5188 2400 5239 in
2432 5188 2561 5239 actis
2593 5202 2710 5255 syn.
2739 5200 2813 5239 \‘ll
2843 5201 3029 5239 tecum.
3063 5184 3169 5236 sive
3197 5182 3401 5234 Nica’n.

192 5287 239 5334 Il,
270 5290 362 5334 act.
394 5297 455 5345 ιι,
487 5284 624 5335 hanc
645 5284 842 5345 citans,
873 5282 947 5335 sic
962 5283 1120 5335 etiam
1153 5282 1426 5345 describit,
1452 5283 1528 5335 De
1555 5298 1619 5337 eo
1639 5283 1781 5351 quod
1822 5282 2085 5336 Dominus
2117 5294 2338 5333 carnem
2375 5280 2663 5333 humanam
2706 5278 3018 5346 assumpsit.
3048 5274 3239 5327 Locum
3253 5285 3400 5338 quem

187 5374 405 5437 excerpsit
431 5374 546 5426 vide
576 5374 744 5442 infra.
782 5371 1002 5425 Photius
1047 5373 1103 5425 in
1150 5372 1492 5426 Bibliotheca
1537 5372 1671 5443 (loco
1696 5374 1770 5440 inf

1819 5388 1839 5424 ι
1862 5369 2160 5441 offerendo)
2188 5368 2418 5438 appellat
2445 5367 2601 5435 λόγον
2635 5369 2775 5420 hunc
2803 5366 2938 5437 Περὶ
2965 5356 3402 5431 ὲνσωματώσεως

185 5455 260 5509 τοῦ
292 5459 417 5514 Θεοῦ
444 5465 643 5534 Λόγου.
673 5464 754 5517 De
774 5462 853 5516 his
883 5465 1041 5527 enim,
1073 5479 1174 5516 non
1202 5478 1316 5516 vero
1342 5466 1408 5515 de
1434 5461 1527 5514 illo
1553 5462 1719 5531 infra,
1746 5461 1983 5531 ejusdem
2008 5459 2302 5528 argumenti
2333 5468 2515 5511 contra
2544 5455 2954 5524 Apollinarium,
2985 5466 3102 5505 eum
3128 5445 3271 5513 loqui
3294 5444 3405 5496 exi-

186 5548 333 5605 stimo.
360 5553 487 5607 Mss.
521 5557 750 5617 codices,
775 5570 995 5624 quorum
1020 5554 1249 5623 quinque
1275 5552 1574 5619 habuimus,
1597 5552 1944 5606 Basiliensem
1970 5552 2240 5614 nimirum,
2264 5548 2634 5618 Anglicanam,
2653 5544 3027 5599 Goblerianum
3064 5539 3090 5592 1
3119 5548 3169 5593 et
3196 5535 3281 5601 11,
3311 5535 3403 5587 hos

184 5653 441 5713 Mangrnos
474 5658 521 5700 et
549 5648 740 5702 incerti
764 5647 1004 5709 dominii,
1035 5664 1104 5700 an
1129 5646 1285 5714 λόγος
1322 5662 1516 5710 sermo,
1549 5654 1640 5698 aut
1677 5644 1870 5709 oratio,
1903 5645 2010 5697 sive
2034 5643 2187 5709 liber,
2218 5640 2295 5694 vel
2322 5640 2565 5708 epistola,
2590 5637 2665 5689 vel
2688 5635 2837 5689 aliud
2874 5633 2998 5701 quid
3032 5631 3115 5684 hic
3148 5638 3405 5684 tractatus

183 5731 258 5793 sit,
279 5750 375 5787 non
419 5740 774 5791 consentiunt.
810 5734 939 5790 Bas.
975 5737 1113 5790 enim
1161 5746 1309 5789 vocat
1339 5735 1500 5803 λόγον
1524 5773 1542 5801 ,
1567 5734 1753 5804 reliqui
1783 5748 1965 5786 omnes
1996 5740 2169 5784 tacent
2204 5746 2268 5782 ac
2296 5728 2348 5780 in
2379 5729 2578 5780 incerto
2605 5725 2930 5792 relinquunt.
2958 5719 3219 5773 Prwtereu
3249 5717 3404 5785 illud,

180 5819 314 5893 θεοῦ,
343 5829 396 5880 in
421 5830 760 5898 inscriptione
792 5846 894 5882 non
934 5839 1009 5882 est
1040 5829 1141 5883 nisi
1167 5829 1220 5882 in
1246 5828 1355 5883 solo
1383 5825 1467 5894 11,
1500 5844 1601 5898 quo
1630 5839 1802 5881 ovem
1830 5824 1887 5881 in
1921 5821 2230 5893 colligendis
2259 5819 2447 5873 litteris
2472 5831 2581 5871 usa:
2603 5824 2746 5869 sunt.
2790 5832 2807 5865 ι
2840 5811 2968 5867 11αέ
2998 5809 3401 5866 lt'elckmannus.

360 5920 623 5983 Ps'ruOL.
667 5922 785 5982 Gn.
836 5920 1035 5983 XXV.
3060 5902 3089 5961 1
