4010 6514
1157 430 1215 483 S.
1259 423 1627 481 ATHANASII
1661 422 1808 477 UPP.
1852 419 2032 474 PARS
2063 419 2104 475 ι.
2143 449 2212 462 -——
2243 416 2610 473 lllSTORlCA
2646 414 2729 469 ET
2765 412 3181 468 DllGMATlCA.
3745 411 3785 469 ι

572 561 3768 615 W

1287 739 1512 827 ΤΟΥ
1585 737 1729 821 ΕΝ
1801 731 2159 818 ΑΓΙΟΙΣ
2232 726 2662 815 ΠΑΤΡΟΣ
2736 722 3059 811 ΗΜΩΝ

1532 914 2826 1096 ΑΘΑΝΑΣΙΟΥ

931 1204 2208 1330 ΑΡΧΙΕΠΙΣΚΟΠΟΥ
2287 1189 3427 1315 ΑΛΕΞΑΝΔΡΕΙΑΣ

1178 1432 1763 1570 ΛΟΓΟΣ
1817 1422 2281 1559 ΚΑΤΑ
2350 1420 3184 1556 ΕΛΛΗΝΩΝ.

1318 1844 1476 2000 S.
1545 1849 1719 1997 P.
1787 1841 1973 1998 Ν.
2040 1831 3077 1992 ATHANASII

1680 2102 2198 2163 ARCHIEPISCOPI
2233 2100 2705 2160 ALEXANDRUE

1072 2287 1661 2420 ORATIO
1754 2280 2389 2415 CONTRA
2484 2279 3093 2414 GENTES
3172 2265 3300 2406 (θ.

649 2696 745 2751 Dei
780 2693 996 2765 quidem
1040 2688 1215 2747 cultus
1262 2701 1550 2757 rerumque
1604 2684 1842 2741 omnium
1896 2683 2139 2738 veritatis

2311 2682 2361 2735 i.
2400 2682 2463 2734 Ἦ
2480 2681 2578 2752 μὲν
2599 2680 2841 2752 περὶτῆς
2857 2680 3165 2747 θεοσεϐείας
3183 2681 3278 2736 καὶ.
3297 2681 3396 2754 τῆς
3412 2681 3522 2738 τῶν
3538 2684 3677 2738 ὅλων
3687 2685 3810 2759 ἀλη·

578 2789 817 2861 cognitio
846 2802 949 2841 non
982 2797 1087 2838 tam
1122 2782 1401 2837 hominum
1433 2778 1679 2835 doctrina
1718 2777 1941 2847 indiget,
1972 2790 2135 2845 quam

579 2897 645 2935 ex
676 2880 852 2949 seipsa
879 2876 1067 2932 haberi
1103 2884 1301 2944 potest,
1330 2873 1529 2941 quippe
1568 2884 1687 2940 qua:
1725 2868 1967 2938 quotidie
2010 2879 2138 2935 ope-

579 2973 730 3027 ribus
759 2984 925 3039 prope
954 2967 1169 3030 clamet,
1216 2976 1271 3019 et
1315 2979 1434 3019 sese
1474 2978 1568 3032 per
1601 2959 1801 3017 Christi
1837 2958 2138 3014 doctrinam

580 3062 696 3118 sole
728 3060 928 3115 clarius
958 3063 1364 3112 commonstret.
1389 3054 1526 3121 Quia
1560 3062 1734 3107 tamen
1768 3067 1834 3107 ea
1862 3052 1928 3104 de
1963 3066 2018 3104 re
2045 3052 2141 3103 do-

580 3146 691 3201 ceri
741 3147 1038 3208 desideras,
1092 3160 1124 3200 o
1161 3143 1241 3196 vir
1293 3142 1487 3205 beate,
1540 3155 1658 3211 age,
1700 3155 1871 3209 pauca
1918 3138 1985 3193 de
2037 3138 2141 3193 lide

580 3237 783 3293 Christi
814 3252 910 3306 pro
926 3236 1131 3289 viribus
1154 3234 1352 3288 nostris
1380 3248 1736 3303 exponamus.
1770 3230 1903 3285 Nam
1926 3231 2139 3285 tametsi

582 3331 726 3385 illam
754 3344 821 3382 ex
850 3327 1048 3382 divinis
1087 3325 1306 3380 Litteris
1338 3326 1431 3381 tibi
1454 3325 1569 3394 ipse
1599 3337 1915 3391 comparare
1966 3331 2140 3392 potes,

581 3440 650 3479 ex
688 3423 809 3477 aliis
836 3430 1013 3474 tamen
1050 3421 1213 3472 etiam
1248 3418 1457 3472 discere
1484 3424 1732 3485 exoptas.
1768 3414 1833 3467 Et
1857 3428 1984 3467 vero
2012 3427 2140 3467 san-

583 3526 684 3567 cta:
724 3528 787 3565 ac
812 3512 1006 3565 divinae
1044 3507 1338 3576 Scriptum
1378 3508 1507 3575 ipsa:
1546 3520 1640 3575 per
1668 3519 1726 3558 se
1751 3504 1883 3557 satis
1922 3513 2047 3557 sunt
2076 3503 2142 3556 ad

586 3607 867 3661 veritatem
900 3601 1260 3655 iudicandam.
1298 3599 1525 3651 Exstant
1568 3609 1781 3666 quoque
1832 3594 2045 3664 plurimi
2080 3610 2143 3650 ea

586 3696 653 3752 de
699 3710 758 3749 re
806 3708 835 3746 a
881 3692 1056 3747 beatis
1082 3688 1283 3742 nostris
1334 3688 1605 3757 magistris
1655 3686 1948 3755 conscripti
1999 3685 2142 3750 libri,

587 3802 727 3856 quos
768 3784 814 3838 si
845 3779 1614 3852 quislegerit,Scripturarutn
1646 3778 2141 3848 interpretationem

589 3878 822 3946 quodam
849 3874 1005 3928 modo
1042 3871 1322 3941 intelliget,
1364 3879 1420 3923 et
1454 3885 1571 3923 eam
1616 3885 1775 3939 quam
1820 3871 2027 3939 expetit
2054 3886 2146 3925 co-

590 3969 886 4039 gnitionem
915 3964 1170 4032 consequi
1214 3960 1427 4031 poterit.
1463 3959 1843 4017 Verumtamen
1879 3977 2001 4018 cum
2029 3978 2143 4016 ma-

2238 2773 2387 2837 θείας
2424 2772 2627 2841 γνῶσις
2653 2772 2713 2824 οὐ
2743 2772 2993 2827 τοσοῦτον
3025 2774 3123 2844 τῆς
3154 2772 3305 2845 παρὰ
3340 2772 3417 2845 (2)
3454 2775 3563 2831 τῶν
3599 2777 3809 2850 ἀνθρώ·

2240 2882 2355 2921 πων
2396 2864 2743 2928 διδασκαλίας
2794 2865 2982 2929 δεῖται,
3030 2866 3153 2919 ὅσον
3203 2866 3296 2934 ἀφ’
3342 2867 3544 2939 ἑαυτῆς
3590 2868 3702 2940 ἔχει
3752 2870 3809 2924 τδ

2238 2958 2544 3028 γνώριμον⁶
2588 2957 2747 3026 μόνον
2779 2958 2887 3026 γὰρ
2916 2959 3034 3030 ουχὶ
3077 2957 3196 3013 καθ’
3226 2961 3441 3031 ἡμέραν
3475 2964 3590 3025 τοῖς
3633 2962 3809 3033 ἔργοις

2240 3047 2499 3119 κέκραγε,
2536 3046 2629 3098 καὶ
2664 3046 2813 3117 ἡλίου
2850 3047 3227 3121 λαμπρότερον
3258 3052 3331 3121 (5)
3365 3052 3567 3122 ἑαυτὴν
3595 3051 3684 3105 διὰ
3715 3054 3810 3122 τῆς

2240 3137 2474 3210 Χριστοῦ
2506 3136 2856 3202 διδασκαλίας
2905 3140 3301 3193 ὲπιδείκνυται”
3339 3140 3592 3194 ποθοῦντι
3633 3141 3691 3195 δέ
3731 3159 3811 3195 σοι

2240 3230 2387 3301 ὅμως
2415 3228 2482 3281 τά
2508 3229 2635 3299 περὶ
2666 3228 2868 3301 ταύτης
2898 3230 3148 3294 ἀκοῦσαι,
3190 3232 3342 3302 φέρε,
3374 3226 3419 3285 ὧ
3453 3232 3714 3305 μακάριε,
3738 3233 3811 3296 ὡς

2240 3321 2306 3375 ἂν
2331 3315 2429 3372 οἷοί
2455 3337 2513 3373 τε
2539 3314 2707 3390 ὦμεν,
2731 3320 2886 3389 ὀλίγα
2909 3322 3007 3392 τῆς
3040 3322 3181 3376 κατὰ
3206 3322 3438 3392 Χριστὸν
3465 3322 3699 3386 πίστεως
3723 3322 3813 3375 ὲκ-

2244 3410 2482 3481 θώμεθα,
2500 3410 2780 3482 δυναμένῳ
2806 3412 2901 3483 μέν
2925 3430 3006 3465 σοι
3031 3414 3123 3467 καὶ⁵
3149 3413 3255 3466 ἀπὸ
3283 3413 3390 3466 τῶν
3420 3413 3579 3467 θείων
3604 3415 3812 3482 Λογίων

2202 3502 2446 3574 (ταύτην
2478 3504 2679 3574 εὑρεῖν,
2709 3503 3007 3587 φιλοκάλως
3042 3504 3096 3556 δὲ
3124 3505 3273 3575 ὅμως
3312 3507 3406 3559 καὶ
3449 3508 3583 3577 παρ’
3615 3507 3813 3577 ἐτέρων

2244 3590 2515 3646 ἀκούοντι.
2549 3586 2851 3662 Αὐτάρκεις
2886 3593 2984 3663 μὲν
3012 3593 3119 3665 γάρ
3146 3595 3280 3648 εἰσιν
3310 3597 3367 3648 al
3402 3596 3557 3664 ἅγιαι
3586 3597 3682 3649 καὶ
3708 3596 3815 3649 θεό-

2246 3701 2500 3753 πνευστοι
2544 3684 2759 3756 Γραφαὶ
2806 3685 2940 3757 πρὸς
2981 3687 3080 3757 τὴν
3125 3690 3224 3760 τῆς
3262 3687 3515 3759 ἀληθείας
3566 3690 3813 3757 ἀπαγγε-

2245 3777 2362 3831 λίαν
2403 3776 2497 3847 (4)·
2531 3777 2637 3829 είσὶ
2672 3775 2727 3828 δὲ
2762 3777 2853 3830 καὶ
2890 3776 3071 3831 πολλοὶ
3100 3779 3205 3831 τῶν
3241 3778 3525 3849 μακαρίων
3551 3780 3707 3851 ἡμῶν
3730 3782 3813 3833 δι-

2245 3869 2526 3922 δασκάλων
2551 3870 2629 3931 εἰς
2663 3866 2837 3920 ταῦτα
2872 3867 3251 3938 συνταχθέντες
3280 3869 3424 3937 λόγοι
3444 3885 3459 3900 ’
3494 3864 3576 3932 οἷς
3609 3871 3702 3921 ἐάν
3731 3886 3813 3933 τις

2247 3961 2477 4031 ἐντύχοι,
2506 3960 2711 4014 εἵσεται
2738 3960 2837 4030 μέν
2862 3977 2976 4023 πως
3000 3960 3097 4031 τὴν
3120 3960 3225 4013 τῶν
3247 3959 3474 4030 Γραφῶν
3496 3961 3812 4031 ἑρμηνείαν,

590 4061 879 4131 gistrorum
910 4058 1073 4109 libros
1106 4055 1159 4108 in
1187 4052 1431 4106 manibus
1463 4068 1605 4105 nunc
1653 4066 1761 4105 non
1826 4051 2143 4118 habeamus,

2247 4046 2312 4122 ἧς
2366 4052 2422 4104 δὲ
2471 4050 2723 4123 ὀρέγεται
2766 4049 3018 4118 γνώσεως
3074 4054 3255 4121 τυχεῖν
3305 4051 3614 4121 δυνήσεται.
3676 4050 3811 4102 Ἀλλ’

592 4164 813 4206 necesse
839 4158 1008 4203 estea
1046 4162 1163 4215 quae
1190 4145 1257 4199 ab
1307 4144 1410 4198 illis
1458 4143 1746 4199 didicimus
1796 4143 1890 4198 tibi
1935 4144 2147 4215 patefa-

591 4261 717 4300 cere
743 4252 798 4298 et
846 4242 1083 4297 scribere
1129 4241 1345 4312 (loquor
1368 4248 1545 4291 autem
1583 4238 1647 4292 de
1692 4248 1873 4293 nostra
1906 4239 1957 4291 in
1985 4238 2148 4293 Chri-

591 4350 735 4391 stum
778 4333 1111 4388 Salvatorem
1154 4329 1304 4400 (ide),
1349 4338 1408 4382 ut
1452 4328 1666 4397 nequis
1716 4328 1798 4380 vel
1842 4329 2147 4381 doctrinam

591 4441 697 4494 qua
741 4423 1097 4478 informamur
1144 4421 1294 4491 parvi
1354 4423 1573 4489 pendat,
1622 4419 1701 4472 vel
1744 4420 1899 4473 [idem
1947 4434 2051 4487 qua
2095 4417 2149 4471 in
2186 4460 2189 4461 ν

590 4516 863 4569 Christum
894 4514 1185 4578 credimus,
1213 4511 1358 4564 nulla
1388 4512 1595 4564 ratione
1627 4510 1862 4563 innixam
1890 4525 2009 4565 esse
2030 4524 2150 4564 sus-

592 4609 837 4675 picetur;
863 4618 922 4660 ut
951 4607 1223 4660 immerito
1259 4612 1409 4658 certe
1449 4605 1691 4657 sentiunt
1747 4603 1994 4671 gentiles,
2055 4602 2149 4669 qui

591 4700 762 4752 variis
792 4697 1076 4750 calumniis
1106 4711 1202 4750 nos
1232 4694 1487 4748 vellicant
1510 4701 1565 4746 et
1610 4694 1843 4761 profusis
1873 4692 2152 4747 cachinnis

595 4790 844 4852 irrident,
884 4788 1014 4841 nihil
1044 4787 1185 4841 aliud
1209 4788 1363 4841 nobis
1385 4802 1544 4857 quam
1572 4787 1770 4841 Christi
1812 4801 2028 4841 crucem
2057 4786 2152 4840 ob-

587 4880 862 4945 jicientes.
911 4876 1023 4943 Qua
1061 4878 1276 4944 quidem
1323 4880 1375 4931 in
1426 4893 1481 4932 re
1528 4877 1741 4930 illorum
1782 4878 2150 4947 stupiditatem

598 4969 835 5021 maxime
864 4968 1114 5021 miserari
1144 4969 1418 5033 c0nvenit,
1440 4970 1585 5038 quod
1616 4968 1972 5025 scilicetdum
2005 4969 2155 5023 cruci

599 5059 882 5123 insultant,
908 5057 1148 5121 ejusdem
1199 5060 1399 5114 virtute
1438 5073 1606 5115 totum
1659 5060 1842 5115 orbem
1891 5070 2156 5114 terrarum

598 5149 815 5221 repleri,
846 5158 897 5203 et
937 5163 1031 5217 per
1056 5165 1172 5203 eam
1215 5151 1407 5205 divina:
1433 5151 1759 5220 cognitionis
1785 5165 1949 5219 opera
1983 5152 2159 5205 omni-

597 5242 697 5296 bus
744 5240 1014 5310 patefacta
1056 5241 1224 5295 fuisse
1273 5258 1377 5296 non
1430 5244 1665 5295 videant.
1694 5240 1879 5310 Neque
1909 5242 2076 5309 enim,
2109 5242 2156 5296 si

668 5398 746 5468 (1)
776 5397 872 5451 Ms.
899 5397 1239 5468 Colbertinus
1282 5400 1423 5451 hunc
1455 5400 1616 5451 habet
1650 5400 1863 5452 titulum
1915 5418 1929 5452 :
1986 5399 2148 5452 Ἀθα-

598 5466 781 5539 νασίου
826 5466 1237 5539 κ’ᾼλεξανδρείας
1262 5468 1403 5521 κατὰ
1442 5468 1721 5539 Ἑλλήνων.
1770 5470 2153 5539 Seguerianus,

598 5537 740 5592 κατὰ
770 5537 1019 5591 εἰδώλων.
1052 5537 1165 5592 Vox
1192 5538 1347 5607 λόγος
1369 5540 1517 5592 deest
1547 5537 1596 5591 iu
1632 5550 1875 5607 utroque.
1902 5538 2157 5593 Basilien-

599 5612 673 5661 sis
705 5619 758 5661 et
782 5607 1125 5660 Felckmanni
1152 5610 1420 5677 secundus
1444 5618 1503 5677 et
1532 5610 1723 5661 tertius
1752 5621 2066 5677 anonymus.
2100 5618 2158 5662 ttt

601 5679 715 5741 ipse
746 5685 920 5742 vocat,
950 5677 1145 5730 habent
1194 5676 1335 5730 κατὰ
1396 5676 1645 5731 εἰδώλων.
1695 5676 2054 5732 Gohlerianus
2109 5686 2162 5732 et

601 5744 945 5817 Felcltmanni
977 5747 1003 5817 l
1040 5748 1557 5817 anonymustxztd
1597 5748 1883 5816 Ἑλλήνων.

674 5812 750 5883 (2)
779 5814 935 5885 Παρά
961 5816 1110 5869 deest
1136 5812 1201 5870 in'
1244 5831 1346 5871 tus.
1375 5816 1528 5871 Colb.

2248 4143 2431 4213 ἐπειδὴ
2457 4142 2555 4206 τὰς
2576 4144 2682 4196 τῶν
2701 4142 3031 4197 διδασκάλων
3049 4142 3325 4205 συντάξεις
3347 4144 3403 4193 ὲν
3421 4142 3578 4212 χερσὶ
3602 4141 3696 4193 νῦν
3716 4143 3813 4194 οὐκ

2246 4236 2462 4307 ἔχομεν,
2494 4237 2790 4304 ἀναγκαῖόν
2822 4238 2966 4289 ἐστιν
3004 4235 3040 4287 ἃ
3079 4236 3206 4305 παρ’
3243 4234 3467 4286 ἐκείνων
3516 4233 3812 4303 ἐμάθομεν,

2247 4327 2417 4380 ταῦτα
2451 4329 2543 4381 καὶ
2563 4327 2923 4396 ἀπαγγέλλειν
2951 4328 3043 4380 καὶ
3065 4328 3292 4398 γράφειν
3318 4342 3435 4380 σοι·
3463 4326 3607 4394 λέγω
3629 4326 3691 4396 δὴ
3716 4327 3815 4396 τὴν

2250 4419 2391 4472 κατὰ
2422 4420 2512 4472 τὸν
2546 4420 2775 4489 Σωτῆρα
2812 4420 3043 4490 Χριστὸν
3086 4420 3298 4471 πίστινο
3337 4420 3423 4472 ἵνα
3455 4422 3593 4489 μήτε
3626 4418 3815 4489 εὔτελῆ

2248 4528 2331 4573 τις
2358 4510 2454 4580 τὴν
2484 4510 2574 4562 τοῦ
2609 4511 2728 4563 καθ’
2755 4513 2901 4582 ἡμᾶς
2941 4511 3096 4579 λόγου
3139 4511 3482 4564 διδασκαλίαν
3525 4513 3816 4583 ἡγήσηται,

2252 4602 2387 4671 μήτε
2424 4600 2614 4669 ἄλογον
2642 4602 2738 4673 τὴν
2769 4605 2846 4665 είς
2891 4604 3122 4673 Χριστὸν
3175 4604 3356 4657 πίστιν
3412 4605 3661 4677 ὑπολάϐῃ
3702 4604 3777 4674 (5)
3801 4621 3814 4633 ⁸

2248 4696 2405 4745 ὁποῖα
2435 4694 2809 4757 διαϐάλλοντες
2850 4696 3106 4765 Ἕλληνες
3148 4697 3487 4765 χλευάζουσι,
3524 4697 3619 4751 καὶ
3650 4697 3820 4749 πλατὺ

2251 4784 2450 4853 γελῶσι
2487 4786 2607 4838 καθ’
2639 4787 2793 4857 ἡμῶν
2813 4827 2828 4852 ,
2867 4788 3017 4839 οὐδὲν
3047 4788 3129 4839 ’ἐτε
3142 4805 3230 4858 ρον
3262 4789 3293 4859 ἢ
3334 4789 3426 4841 τὸν
3471 4790 3701 4860 σταυρὸν
3728 4787 3821 4840 τοῦ

2260 4877 2494 4947 Χριστοῦ
2544 4878 2902 4949 προφέροντες
2934 4880 3042 4949 (6)⁶
3080 4882 3161 4948 ἐφ’
3212 4873 3257 4947 ᾧ
3301 4880 3534 4951 μάλιστα
3587 4884 3680 4936 καὶ
3723 4883 3824 4953 τὴν

2261 4968 2614 5040 ἀναισθησίαν
2654 4971 2830 5023 αὐτῶν
2879 4972 3268 5042 οἰκτειρήσειεν
3315 4974 3379 5027 ἄν
3418 4991 3523 5038 τις,
3570 4975 3686 5036 ὃτι,
3731 4974 3825 5027 τὸν

2264 5059 2491 5131 σταυρὸν
2530 5061 2920 5125 διαϐάλλοντες,
2953 5064 3047 5132 οὐχ
3075 5062 3241 5133 ὁρῶσι
3267 5064 3363 5134 τὴν
3388 5065 3575 5117 τούτου
3604 5065 3828 5135 δύναμιν

2265 5154 2444 5207 πᾶσαν
2491 5154 2588 5224 τὴν
2634 5154 2953 5226 οἰκουμένην
2990 5155 3443 5226 πεπληρωκυῖαν,
3491 5160 3587 5210 καὶ
3639 5159 3718 5209 ὅτι
3757 5157 3828 5211 δι’

2265 5244 2427 5298 αὑτοῦ
2467 5246 2549 5299 τὰ¹
2576 5247 2673 5317 τῆς
2714 5246 3038 5315 θεογνωσίας
3078 5246 3217 5317 ἔργα
3249 5249 3380 5300 πᾶσι
3424 5248 3828 5316 πεφανέρωται.

2331 5402 2407 5474 (5)
2444 5400 2791 5474 Felckmanni
2815 5403 3176 5474 danntiyitius
3198 5442 3210 5463 ,
3239 5402 3646 5474 λαμπροτέραν.

2331 5468 2406 5541 (4)
2447 5473 2600 5524 Cnlh.
2641 5485 2693 5525 et
2738 5468 3087 5540 Anglicanus,
3132 5468 3485 5541 ἐπαγγελίαν.
3524 5468 3688 5524 l’aulo
3715 5481 3833 5539 post

2265 5542 2670 5610 συνταχθέντες,
2704 5542 2854 5596 Coll).
2892 5543 3051 5595 habet
3084 5543 3443 5604 συντιθέντες.

2334 5611 2411 5679 (5)
2434 5609 2536 5667 Sic
2563 5610 2816 5681 Seguer.,
2844 5612 2934 5681 alii
2969 5626 3094 5664 vero
3124 5626 3247 5664 cum
3281 5613 3439 5667 editis
3454 5609 3739 5681 ὑπολάϐρι.

2335 5676 2411 5751 (6)
2450 5681 2540 5737 Sic
2597 5676 2824 5752 Ségucr.
2888 5680 3051 5752 Basil.
3104 5681 3321 5749 Anglic.
3380 5681 3598 5736 Gobler.
3654 5676 3837 5752 Feler-

2265 5749 2497 5805 mannil
2538 5764 2592 5808 et
2635 5749 2871 5807 ﬁ'anon.
2916 5749 3015 5805 Alii
3063 5765 3194 5809 vero
3239 5752 3560 5824 cum_editis
3594 5750 3834 5823 προσφέ-

2267 5839 2470 5891 ροντες.
