4010 6518
180 440 204 492 5
1284 430 1543 488 ORATIO
1580 425 1865 488 CONTRA
1898 423 2191 489 GENTES.
3344 428 3380 492 6

181 556 261 609 Οὐκ
288 558 342 608 ἂν
368 554 493 624 γὰρ,
532 553 697 624 εἴπερ
736 545 873 623 ἦσαν
896 551 989 604 καὶ
1022 549 1175 603 αὐτοὶ
1202 550 1439 618 γνησίως
1473 551 1700 621 ἐπιστή-

1808 549 1908 618 ipsi
1935 551 2157 605 sincero
2188 554 2507 617 attentoque
2551 547 2737 603 animo
2772 549 2889 621 ejus
2919 551 3256 609 divinitatem
3291 554 3381 609 in-

180 663 321 709 σαντες
344 644 505 697 αὑτοῦ
547 648 617 717 τῇ
652 646 863 714 θεότητι
895 643 985 696 τὸν
1017 642 1161 707 νοῦν,
1198 642 1485 714 ἐχλεύαζον
1513 644 1574 696 τὸ
1602 661 1700 714 τη⁹

178 738 365 791 λ;κοῦτον
384 753 400 766 ο
424 737 564 789 ἀλλά
600 737 800 807 μᾶλλον
828 736 916 788 καὶ
942 736 1092 788 αὐτοὶ
1119 735 1304 788 τοῦτον
1336 736 1699 804 ἐπεγίνωσκον

178 828 352 897 Σωτῆρα
370 826 461 879 τοῦ
489 827 717 891 παντὸς,
742 830 832 881 καὶ
857 828 947 881 τὸν
977 827 1204 898 σταυρὸν
1234 826 1306 897 μὴ
1335 826 1537 900 βλάϐην
1563 830 1700 884 ἀλλά

176 920 415 991 θεραπείαν
443 923 543 990 τῆς
583 921 812 984 κτίσεως
850 914 1148 989 γεγονέναι.
1180 920 1243 971 Εἰ
1271 919 1379 991 γὰρ
1411 920 1503 973 τοῦ
1534 937 1699 973 σταυ-

178 1010 244 1081 poti
260 1009 535 1079 γενομένου
555 1010 656 1081 (7),
674 1012 821 1064 πᾶσα
845 1009 939 1079 μὲν
961 1007 1369 1080 εἰδωλολατρεία
1398 1008 1696 1082 καθῃρέθη,

176 1103 285 1153 πᾶσα
313 1102 365 1153 δὲ
399 1101 674 1171 δαιμόνων
711 1100 974 1168 φαντασία
1007 1100 1083 1172 τῷ
1133 1102 1341 1172 σημείῳ
1367 1102 1538 1172 τούτῳ
1565 1103 1701 1155 ἀπε-

177 1194 392 1257 λαύνεται,
420 1192 515 1246 καί¹
549 1193 712 1263 μόνος
740 1195 768 1245 ό
808 1192 1037 1260 Χριστὸς
1072 1195 1475 1263 προσκυνεῖται,
1514 1194 1607 1247 καὶ
1632 1194 1698 1246 δι’

178 1286 295 1338 αὐτοῦ
319 1284 643 1352 γινώσκεται
678 1290 708 1341 ὁ
740 1287 944 1361 Πατὴρ,
982 1289 1073 1340 καὶ
1100 1282 1154 1341 οἱ
1192 1289 1289 1358 μὲν
1332 1288 1700 1357 ἀντιλέγοντες

178 1373 591 1443 καταισχύνονται,
618 1377 647 1429 ὁ
676 1376 731 1429 δὲ
754 1377 857 1429 τῶν
891 1376 1278 1445 ἀντιλεγόντων
1302 1377 1567 1448 ὁσημέραι
1600 1378 1699 1441 τὰς

177 1466 306 1536 ψυχὰς
328 1466 542 1535 ἀφανῶς
574 1469 922 1538 μεταπείθει’
946 1467 1061 1532 πῶς
1090 1469 1108 1539 (
1132 1469 1355 1532 εἰκότως
1386 1469 1494 1541 γὰρ
1525 1470 1588 1523 ἄν
1613 1487 1699 1533 τις

178 1556 281 1609 εἴποι
320 1557 450 1626 πρὸς
490 1558 725 1628 αὐτούς)
771 1558 848 1611 ἔτι
889 1558 963 1629 (8)
997 1558 1337 1630 ἀνθρώπινον
1391 1559 1539 1612 ἔστιν
1577 1560 1700 1613 ἐπι-

178 1651 276 1701 νοεῖν
303 1648 355 1700 τὸ
391 1651 647 1719 πρᾶγμα,
684 1649 778 1701 καὶ
814 1649 873 1700 οὑ
910 1649 1111 1719 μᾶλλον
1143 1648 1423 1721 ὁμολογεῖν
1455 1649 1589 1703 Θεοῦ
1622 1650 1696 1722 (9)

177 1740 303 1806 Λόγον
344 1742 435 1793 καὶ
482 1741 718 1812 Σωτῆρα
762 1739 900 1794 εἶναι
944 1741 1036 1793 τοῦ
1081 1741 1280 1805 παντὸς
1330 1742 1419 1795 τὸν
1466 1744 1557 1794 ἐπὶ
1603 1742 1697 1795 τοῦ

177 1832 360 1903 σταυροῦ
395 1833 707 1897 ἀναδάντα;
743 1834 969 1903 πάσχειν
1006 1833 1062 1886 δὲ
1095 1834 1186 1886 καὶ
1213 1827 1357 1887 οῦτοί
1393 1852 1480 1904 μοι
1513 1834 1699 1887 δοκοῦ-

1807 641 2136 709 spexisseut,
2168 653 2280 694 rem
2323 647 2530 693 tantam
2566 640 2852 710 riderent;
2886 647 2980 700 sed
3020 647 3166 703 illum
3200 651 3382 719 potius

1808 732 1992 785 mundi
2026 732 2363 786 Salvatorem
2414 745 2535 786 esse
2588 746 2972 802 agnoscerent,
2999 738 3221 809 ejusque
3243 755 3375 796 crua

1807 838 1921 878 cem
1953 839 2058 877 non
2091 824 2387 893 perniciem
2422 837 2602 878 rerum
2636 825 2729 878 sed
2760 828 3081 883 medicinam
3105 830 3269 886 fuisse
3299 830 3380 887 {aa

1808 923 2069 968 terentur.
2110 914 2352 983 Namque
2380 915 2427 970 si
2451 924 2631 969 erecta
2649 931 2834 980 cruce.
2858 920 3109 977 universa
3146 922 3375 976 idolola+

1808 1008 1913 1061 tria
1944 1022 2132 1062 eversa
2169 1018 2292 1073 est;
2353 1010 2397 1063 si
2431 1009 2533 1066 hoc
2572 1012 2623 1080 2
2650 1014 2803 1082 signo
2841 1029 3030 1070 omnes
3073 1017 3373 1074 daemonum

1808 1099 2095 1168 praestigiae
2117 1097 2391 1168 fugantur,
2425 1102 2682 1171 solusque
2704 1102 2954 1160 Christus
3003 1108 3284 1175 aduratur,
3320 1113 3377 1164 et

1805 1202 1903 1260 per
1934 1192 2108 1260 ipsum
2138 1191 2298 1245 Pater
2324 1194 2709 1262 cognoscitur;
2746 1196 2791 1251 si
2832 1197 3062 1267 denique
3082 1199 3131 1252 hi
3157 1201 3373 1268 quidem

1806 1282 1896 1352 qui
1925 1282 2333 1347 contradicunt,
2366 1284 2692 1340 erubescere
2745 1297 3035 1357 coguntur,
3082 1289 3195 1357 ipse
3246 1303 3379 1345 vero

1807 1373 2293 1428 contradicentium
2318 1375 2529 1430 animos
2562 1377 2805 1445 quotidie
2828 1379 3061 1434 latenter
3089 1381 3373 1436 immutat:

1807 1467 1900 1534 qui
1932 1465 1998 1519 Iit
2032 1465 2050 1535 (
2077 1462 2289 1520 merito'
2321 1467 2465 1521 enim
2505 1469 2629 1536 quis
2670 1483 2767 1523 eos
2812 1470 2882 1523 ita
2913 1472 3289 1543 aggrediatur)
3320 1483 3379 1527 ut

1808 1558 2106 1610 humanum
2140 1573 2275 1626 opus
2312 1557 2365 1612 id
2405 1559 2581 1613 adhuc
2607 1561 2918 1629 opinentur,
2953 1578 3017 1617 ac
3063 1577 3167 1617 non
3202 1566 3380 1634 potius

1806 1646 2082 1702 fateantur
2110 1648 2203 1703 Dei
2235 1649 2495 1718 Verbum,
2527 1661 2581 1705 et
2620 1650 2954 1707 Salvatorem
2993 1654 3175 1708 mundi
3228 1655 3378 1720 illum

1804 1754 1948 1805 esse,
1981 1740 2072 1809 qui
2103 1741 2154 1793 in
2186 1756 2403 1795 crucem
2428 1742 2716 1797 ascendit?
2744 1744 2885 1798 Sane
2919 1744 3058 1798 idem
3083 1745 3202 1801 istis
3235 1745 3382 1800 soci-

1806 1831 1934 1885 dere
1957 1832 2090 1886 mihi
2125 1832 2362 1896 videtur,
2394 1848 2460 1888 ac
2492 1834 2536 1888 si
2562 1834 2685 1903 quis
2712 1834 2881 1889 solem
2912 1836 3149 1890 nubibus
3178 1837 3379 1891 obscu-

176 1941 236 1975 σιν
258 1926 439 1994 ὅμοιον,
473 1925 551 1987 ὡς
582 1924 637 1976 εἴ
668 1942 753 1988 τις
790 1924 881 1978 τὸν
918 1925 1015 1995 μὲν
1051 1925 1201 1996 ἥλιον
1233 1925 1339 1979 ὑπὸ
1368 1926 1543 1995 νεφῶν
1577 1944 1700 1980 σκε-

1805 1933 1978 1977 ratum
2013 1924 2395 1993 reprehendat,
2425 1925 2654 1995 ejusque
2686 1926 3040 1981 nihilominus
3083 1926 3259 1981 lucem
3290 1930 3382 1980 adv

175 2017 360 2086 πιόμενον
387 2016 685 2079 διαϐάλλοι,
718 2016 778 2069 τὸ
801 2017 858 2071 δὲ
897 2017 1086 2070 τούτου
1113 2018 1229 2085 φῶς
1258 2017 1546 2089 θαυμάζοι,
1585 2019 1704 2089 βλέ-

174 2124 274 2172 πων,
306 2108 379 2160 ὅτι
408 2109 560 2161 πᾶσα
593 2109 627 2178 ἡ
665 2108 845 2172 κτίσις
885 2109 997 2161 ’ὑπὸ
1031 2109 1220 2162 τούτου
1262 2111 1698 2181 καταλάμπεται.

180 2197 243 2259 Ὧς
266 2198 360 2269 γὰρ
387 2198 552 2252 καλὸν
583 2199 645 2251 τὸ
681 2198 815 2268 φῶς,
845 2200 940 2253 καὶ⁵
963 2200 1197 2254 καλλίων
1225 2203 1253 2254 ὁ
1274 2202 1368 2255 τοῦ
1401 2204 1576 2271 φωτὸς
1603 2205 1702 2275 ἀρ-

171 2290 297 2359 χηγὸς
339 2292 511 2360 ἥλιοςο
549 2290 691 2345 οῦτω
734 2292 842 2363 (IOl
882 2292 1026 2346 θείου
1069 2294 1392 2365 πράγματος
1423 2296 1576 2360 ὄντος
1606 2295 1699 2349 τοῦ

1806 2016 2053 2083 miretur,
2079 2017 2278 2087 quippe
2306 2017 2400 2086 qui
2440 2026 2613 2071 totum
2654 2027 2925 2072 terrarum
2988 2019 3177 2073 urbem
3210 2018 3280 2073 ab
3313 2034 3381 2073 ea

1803 2107 2163 2163 illuminatum
2190 2116 2397 2163 cernat.
2418 2107 2648 2164 Uteuim
2678 2108 2899 2173 pulchra
2923 2107 3012 2162 lux
3041 2118 3146 2174 est,
3170 2118 3226 2164 et
3260 2110 3382 2177 ipse

1802 2197 1906 2264 sol,
1940 2198 2073 2255 lucis
2099 2209 2311 2263 auctor,
2354 2199 2475 2253 luce
2505 2199 2779 2269 pulchrior
2793 2208 2875 2253 est
2903 2200 3011 2253 :ita
3039 2210 3160 2252 cum
3190 2212 3276 2253 res
3306 2199 3380 2252 sit

1802 2288 1961 2358 plane
1988 2290 2193 2356 divina,
2243 2290 2551 2346 universum
2578 2290 2832 2345 mundum
2853 2290 2944 2344 Dei
2962 2290 3265 2360 cognitione
3298 2305 3380 2344 res

1801 2378 2004 2449 pletum
2037 2394 2179 2441 esse,
2208 2393 2427 2436 necesse
2451 2387 2538 2434 est
2576 2378 2767 2432 ducem
2807 2389 2864 2431 et
2910 2387 3184 2432 auctorem
3238 2377 3375 2431 tanti

1801 2471 1985 2538 operis
2019 2470 2185 2525 Deum
2219 2472 2393 2539 ipsum
2418 2480 2474 2524 et
2497 2469 2591 2525 Dei
2615 2468 2852 2523 Verbum
2885 2484 3025 2523 esse.
3053 2469 3242 2539 Itaque
3274 2483 3377 2538 pro

1802 2559 1947 2614 virili
1978 2571 2130 2630 parte
2155 2559 2222 2614 de
2252 2576 2313 2615 re
2344 2569 2451 2614 tam
2480 2558 2788 2615 admirabili
2814 2559 3164 2625 disseremus,
3195 2559 3378 2629 priuss

1801 2665 1909 2720 que
1945 2650 2243 2706 inﬁdelium
2274 2650 2548 2706 inscitiam
2586 2650 2917 2715 refellemus,
2956 2659 3013 2704 ut
3065 2650 3220 2707 falsis
3245 2666 3378 2705 cona

1800 2743 2006 2809 futatis,
2040 2743 2238 2798 veritas
2279 2757 2375 2812 per
2400 2743 2636 2812 seipsam
2664 2745 2923 2814 deinceps
2950 2743 3255 2811 illucescat,
3290 2754 3377 2799 tu-

1800 2849 1905 2905 que
1940 2836 2075 2904 ipse,
2106 2836 2452 2902 charissime,
2482 2846 2691 2892 certum
2719 2851 3150 2907 persuasumque
3171 2836 3375 2892 habeas

1803 2935 1856 2980 te
1905 2926 2121 2981 veritati
2173 2927 2495 2991 credidisse,
2544 2926 2937 2995 Christumque
2998 2927 3374 2996 cognoscendo

171 2383 241 2453 τὴν
263 2385 569 2456 οἰκουμένην
596 2387 777 2439 πᾶσαν
810 2387 909 2457 τῆν
936 2383 1098 2440 αὐτοῦ
1127 2384 1377 2456 γνώσεως
1414 2389 1703 2462 πεπληρῶ-

173 2476 279 2539 σθαι,
306 2476 510 2548 ἀνάγκη
542 2476 633 2531 τὸν
667 2478 909 2549 ἀρχηγὸν
942 2480 1036 2532 καὶ
1068 2479 1307 2551 ἡγεμόνα
1334 2480 1426 2533 τοῦ
1461 2482 1701 2534 τοιούτου

172 2568 543 2639 κατορθώματος
603 2565 745 2623 εἶναι
794 2571 927 2623 Θεὸν
976 2570 1070 2623 καὶ
1117 2570 1251 2625 Θεοῦ
1304 2572 1495 2640 Λόγον.
1534 2573 1701 2641 Λέγο-

173 2673 246 2725 μεν
267 2658 361 2729 (II)
391 2656 482 2713 οῦν
511 2660 587 2723 ὡς
614 2661 837 2729 ἐφικτὸν
866 2663 1015 2732 ἡμῖν,
1044 2662 1306 2733 πρότερον
1334 2663 1705 2732 διελέγξαντες-

169 2749 353 2820 τὴντῶν
389 2752 636 2804 ἀπίστων
684 2751 955 2822 ἀμαθίαν⁸
988 2753 1094 2817 ἴνα,
1122 2754 1230 2808 τῶν
1266 2753 1476 2823 ψευδῶν
1497 2753 1703 2823 διελεγ-

170 2834 375 2904 χθέντων,
408 2838 592 2892 λοιπὸν
628 2841 661 2910 ἡ
697 2840 923 2911 ἀλήθεια
951 2840 1016 2894 δι’
1046 2843 1246 2913 ἑαυτῆς
1277 2842 1581 2915 ἐπιλάμψῃ,
1608 2844 1701 2896 καὶ

170 2926 334 2999 θαρρῇς
351 2931 438 2983 καὶ
469 2933 657 2994 αὐτὸς,
695 2926 741 2985 ὧ
765 2932 1035 3005 ἄνθρωπε,
1056 2935 1135 2987 ὅτι
1160 2934 1384 3005 ἀληθείᾳ
1413 2936 1702 2988 πεπίστευ-

169 3034 261 3085 κας,
290 3022 481 3074 καὶτὸν
507 3022 746 3093 Χριστὸν
775 3021 1057 3091 γινώσκων
1092 3024 1191 3077 οὐκ
1224 3023 1533 3095 ἡπατήθης.
1561 3024 1701 3095 Πρέ-

169 3125 260 3160 τέειν
287 3110 337 3163 δέ
373 3129 451 3164 σοι
489 3112 733 3183 ἡγοῦμαι
771 3113 1098 3185 φιλοχρίστῳ
1143 3113 1256 3166 ὄντι
1300 3113 1369 3167 τά
1398 3114 1526 3185 περὶ
1564 3112 1700 3184 Χρι-

170 3202 264 3254 στοῦ
290 3205 646 3274 διαλέγεσθαι,
693 3208 816 3259 ἐπεὶ
854 3207 946 3260 καὶ
978 3208 1195 3260 πάντων
1226 3207 1564 3278 τιμιωτέραν
1600 3207 1701 3278 τὴν

1801 3017 2081 3085 deceptum
2116 3032 2225 3071 non
2256 3015 2445 3072 fuisse.
2484 3016 2685 3072 Tecum
2727 3031 2911 3087 porro,
2953 3016 3044 3087 qui
3093 3014 3373 3070 Christum

1801 3124 1975 3173 amas,
2013 3110 2079 3164 de
2106 3108 2323 3164 Christo
2349 3108 2619 3163 disserere
2644 3109 2880 3162 maxime
2901 3106 3193 3162 convenire
3218 3103 3372 3159 arbi-t

1803 3206 1937 3263 tror,
1965 3198 2401 3268 quandoquidem
2451 3207 2501 3253 te
2541 3196 2659 3266 ejus
2699 3196 3065 3267 cognitionem
3120 3208 3178 3251 et
3206 3195 3371 3251 ﬁdem

168 3296 265 3365 περί
296 3296 474 3350 τούτου
516 3299 721 3366 γνῶσιν
770 3300 863 3353 καὶ
896 3298 1078 3353 πίστιν
1112 3288 1384 3370 ἧγεῖσθαί
1406 3315 1487 3351 -σε
1537 3299 1699 3352 πεπίο

1805 3290 1965 3345 rebus
1997 3289 2249 3344 omnibus
2273 3288 2646 3358 pretiosiorem
2673 3288 2873 3343 ducere
2903 3296 3147 3342 autumo.

169 3400 349 3440 στευκα.

214 3477 257 3530 2.
299 3480 380 3545 Ἐξ
416 3482 593 3553 ἀρχῆς
644 3481 745 3553 μὲν
788 3482 885 3535 οὐκ
921 3477 989 3553 ἦν
1024 3483 1188 3536 κακία
1213 3498 1226 3514 ·
1277 3484 1398 3537 οὐδὲ
1431 3483 1539 3556 γὰρ
1581 3482 1700 3536 οὐδὲ

164 3567 237 3619 νῦν
256 3572 305 3622 ὲν
335 3575 439 3635 τοῖς
463 3574 639 3641 ἁγίοις
663 3573 832 3637 ἐστὶν,
864 3573 969 3626 οὐδ’
992 3574 1130 3637 ὅλως
1158 3576 1279 3627 κατ’
1304 3574 1502 3637 αὐτοὺς
1526 3574 1701 3645 ὑπάρ-

164 3676 225 3727 χει
248 3661 371 3733 αῦτη
392 3681 403 3693 ⁸
438 3664 716 3735 ἄνθρωποι
744 3664 802 3718 δὲ
838 3664 1039 3734 ταύτην
1074 3664 1297 3736 ὕστερον
1330 3668 1564 3720 ἐπινοεῖν
1598 3666 1699 3736 ἦρ·-

165 3749 303 3814 ξαντο,
335 3756 425 3807 καὶ
458 3755 580 3809 καθ’
616 3756 824 3809 ἑαυτῶν
854 3756 965 3826 (12)
1000 3756 1405 3810 ἀνατυποῦσθαι
1425 3774 1439 3787 ⁸
1471 3757 1593 3809 ὅθεν
1633 3756 1698 3826 δὴ

163 3842 235 3891 καὶ
257 3844 343 3913 τὴν
373 3844 476 3898 τῶν
513 3845 748 3898 εἰδώλων
790 3845 1029 3898 ἐπίνοιαν
1062 3846 1269 3908 ἑαυτοῖς
1304 3845 1698 3907 άνεπλάσαντο,

163 3933 214 3983 τὶ
236 3938 319 3989 οὐκ
357 3939 483 3993 ὄντα
515 3940 590 4003 ὡς
623 3939 753 3993 ὅντα
803 3939 1159 4011 λογιζόμενοι.
1218 3941 1275 3993 Ὀ
1312 3941 1413 4011 μὲν
1452 3940 1560 4011 γὰρ
1606 3938 1698 3992 τοῦ

163 4030 327 4093 παντὸς
360 4031 691 4103 δημιουργὸς
736 4032 831 4083 καὶ
869 4031 1245 4101 παμδασιλεὺς
1290 4028 1444 4096 θεδςν
1477 4034 1504 4084 ὁ
1537 4032 1703 4101 ὺπέρ

162 4114 312 4191 ἐκεινα
336 4123 511 4193 πάσης
539 4122 731 4187 οὐσίας
757 4122 851 4175 καὶ
883 4122 1228 4194 ἀνθρωπίνης
1253 4123 1491 4185 ἐπινοίας
1524 4122 1702 4193 ὑπάρ-

162 4223 267 4273 χων,
301 4209 385 4263 ᾶτε
410 4212 470 4283 δὴ
503 4213 707 4281 ἀγαθὸς
740 4212 835 4265 καὶ
869 4212 1169 4283 ὑπέρκαλος
1200 4210 1293 4277 ὢν,
1329 4211 1418 4265 διὰ
1444 4211 1536 4265 τοῦ
1572 4212 1701 4265 ἰδίου

160 4296 305 4365 Λόγου
329 4302 416 4355 τοῦ
446 4306 600 4376 Σωτῆ
612 4322 701 4375 ρος
735 4306 766 4374 ή
777 4304 893 4374 μῶν
937 4304 1109 4374 Ἰησοῦ
1136 4303 1370 4374 Χριστοῦ
1400 4305 1461 4356 τὸ
1492 4301 1702 4373 ἀνθρώ-

162 4404 287 4443 πινον
311 4395 455 4461 γένος
487 4398 606 4449 κατ’
645 4395 781 4448 ἰδίαν
812 4396 991 4448 εἰκόνα
1034 4395 1330 4466 πεποίηκε·
1364 4396 1457 4448 καὶ
1488 4394 1594 4447 τῶν
1620 4393 1705 4445 ὃν-

160 4496 248 4533 των
286 4486 437 4539 αὑτὸν
469 4488 754 4559 θεωρητὴν
790 4487 885 4540 καὶ
916 4490 1250 4557 ἐπιστήμονα
1298 4486 1387 4540 διὰ
1433 4486 1533 4555 τῆς
1569 4485 1705 4554 πρὸς

160 4569 296 4623 αὐτὸν
336 4574 642 4644 ὁμοιώσεως
676 4574 784 4647 (15)
824 4574 1212 4639 κατεσκεύασε,
1253 4575 1375 4639 δοὺς
1414 4573 1564 4645 αὐτῷ
1610 4575 1704 4626 καὶ

1869 3465 1925 3521 2.
1961 3467 2236 3538 Principio
2278 3467 2494 3537 quidem
2542 3467 2747 3522 malitia
2792 3483 2898 3522 non
2944 3465 3067 3533 fuit,
3108 3467 3365 3537 quoniam

1800 3576 1867 3616 ne
1894 3576 2036 3615 nunc
2061 3562 2281 3631 quidem
2322 3561 2377 3616 in
2426 3561 2630 3617 sanctis
2676 3562 2962 3631 reperitur,
3011 3575 3111 3616 nec
3149 3575 3371 3630 prorsus

1799 3654 1854 3711 in
1887 3654 1992 3711 illis
2021 3654 2240 3710 exsistit
2264 3676 2275 3709 :
2306 3654 2400 3710 sed
2427 3669 2547 3709 eam
2579 3666 2764 3724 postea
2784 3654 3033 3710 homines
3062 3652 3370 3722 excogitare

1798 3756 1961 3815 atque
1992 3748 2258 3802 adversus
2300 3747 2511 3817 seipsos
2564 3745 2823 3815 eﬂingere
2869 3755 3186 3815 cmperunt;
3228 3742 3371 3796 unde

1799 3839 1965 3893 etiam
2000 3838 2267 3893 idolorum
2317 3848 2624 3893 commenta
2674 3838 3055 3903 eﬂinxere,ea
3104 3850 3229 3905 quae
3264 3849 3368 3887 non

1801 3938 1948 3995 sunt,
2003 3931 2232 3999 perinde
2288 3945 2353 3984 ac
2404 3930 2449 3983 si
2501 3937 2706 3991 essent,
2750 3929 2933 3982 animo
2976 3925 3367 3995 concipientes.

1799 4019 2005 4091 Nempe
2037 4021 2224 4075 mundi
2261 4021 2441 4089 opifex
2481 4032 2533 4074 et
2561 4020 2803 4075 omnium
2841 4021 3149 4074 moderator
3205 4016 3367 4079 Deus.

1801 4111 1890 4181 qui
1918 4112 2173 4166 universa
2216 4121 2406 4165 natura
2448 4120 2502 4166 et
2546 4112 2780 4165 humana
2826 4108 3183 4178 intelligentia
3212 4107 3372 4175 longe

1801 4204 2050 4273 Superior
2098 4211 2200 4268 est,
2268 4212 2325 4257 ut
2358 4218 2483 4257 vere
2513 4205 2685 4258 bonus
2726 4217 2791 4257 ac
2831 4215 3041 4255 summe
3082 4198 3370 4267 benignus.

1802 4310 1899 4364 per
1927 4296 2207 4365 proprium
2240 4294 2473 4349 Verbum
2514 4305 2569 4348 et
2602 4294 2936 4349 Salvatorem
2987 4300 3235 4346 nostrum
3282 4287 3373 4342 Jea

1804 4402 1923 4441 sum
1952 4387 2250 4451 Christum,
2283 4385 2574 4440 humanum
2608 4400 2781 4455 genus
2814 4386 2879 4438 ad
2910 4381 3190 4453 propriam
3235 4380 3373 4433 ima—

1806 4476 1985 4547 ginem
2040 4476 2191 4543 fecit,
2249 4491 2354 4546 qua
2410 4475 2498 4530 illa
2557 4490 2740 4530 secum
2803 4471 3152 4527 similitudine
3199 4469 3373 4523 homi—

1808 4584 1931 4623 nem
1964 4569 2028 4622 ad
2059 4584 2236 4623 rerum
2286 4576 2534 4620 naturam
2562 4564 2989 4635 cognoscendam
3030 4576 3085 4617 et
3126 4568 3371 4616 contenta

160 4660 242 4729 τῆς
283 4665 409 4729 ἰδίας
448 4668 750 4738 ἀῖδιότητος
795 4666 1001 4720 ἔννοιαν
1048 4667 1136 4719 καὶ
1178 4666 1411 4735 γνῶσιν,
1448 4666 1555 4731 ἴνα,
1605 4665 1700 4736 τὴν

1806 4657 2055 4726 plandam
2086 4665 2269 4726 aptum
2309 4657 2561 4710 reddidit.
2608 4654 2743 4708 Hinc
2775 4654 3005 4724 propriae
3026 4651 3189 4705 etiam
3214 4658 3375 4702 teterd

161 4756 429 4828 ταυτότητα
472 4759 684 4823 σώζων,
731 4761 867 4830 μήτε
908 4760 1005 4829 τῆς
1056 4760 1182 4829 περί
1229 4757 1363 4811 Θεοῦ
1404 4757 1701 4827 φαντασίας

161 4847 272 4897 ποτὲ
311 4849 544 4922 ἀποστῇ,
580 4853 720 4923 μήτε
763 4852 860 4921 τῆς
900 4851 1008 4903 τῶν
1047 4849 1214 4918 ἁγίων
1266 4850 1547 4923 συζήσεως
1590 4849 1700 4919 (14)

159 4936 474 5017 ἀποπηδήσῃ,
536 4946 676 5010 ἀλλ’,
700 4944 838 5015 ἔχων
891 4945 988 5015 τὴν
1042 4945 1134 4998 τοῦ
1180 4945 1471 5009 δεδωκότος
1521 4945 1704 5016 χάριν,

160 5025 280 5097 ἔχων
313 5035 398 5086 καὶ
418 5036 514 5106 τὴν
550 5036 683 5088 ἰδίαν
712 5036 777 5086 ὲκ
813 5033 907 5087 τοῦ
937 5033 1203 5105 πατρικοῦ
1238 5034 1412 5102 Λόγου
1449 5033 1704 5105 δῦναμιν,

158 5118 432 5195 ἀγάλληται
472 5128 564 5180 καὶ
606 5125 865 5196 συνομιλῇ
894 5126 971 5197 τῷ
1002 5126 1160 5196 Θείῳ,
1191 5124 1298 5189 ζῶν
1321 5127 1412 5181 τὸν
1448 5126 1705 5195 ἀπήμονα

158 5212 240 5264 καὶ
276 5218 529 5290 μακάριον
561 5219 733 5282 ὅντως
766 5202 855 5271 ὢν
902 5217 1165 5270 ἀθάνατον
1216 5216 1347 5286 βίον.
1394 5215 1562 5270 Οὐδὲν
1597 5214 1704 5285 γὰρ

156 5303 279 5373 ἔχων
306 5311 547 5380 ἐμπόδιον
574 5314 653 5374 εἰς
679 5312 779 5383 τὴν
808 5312 935 5381 περὶ
959 5310 1052 5362 τοῦ
1081 5309 1235 5363 Θείου
1262 5309 1484 5378 γνῶσιν,
1513 5308 1707 5378 θεωρεῖ

214 5458 290 5529 (7)
316 5461 531 5536 Seguer.
559 5466 781 5522 Gobler.
811 5475 865 5521 et
891 5460 1124 5521 Felckm.
1153 5468 1174 5520 I
1212 5477 1534 5535 anonymus,
1563 5479 1707 5531 γινοο

152 5528 437 5669 μὲἶὲἴ”Ετι
464 5609 612 5664 deest
637 5610 690 5665 in
724 5608 887 5665 Basil.
918 5608 1135 5666 Gobler.
1163 5617 1218 5662 et
1243 5604 1481 5660 Felckm.
1524 5605 1551 5659 I
1586 5617 1676 5657 an.

217 5669 293 5741 (9)
332 5675 547 5747 Seguer.
577 5690 632 5734 et
659 5681 812 5736 Colb.
846 5678 997 5735 Θεόν.
1627 5744 1637 5754 _

217 5742 330 5797 (Illi
356 5747 575 5797 Setmer.
603 5750 795 5797 οὕτως-
825 5762 878 5797 et
910 5754 979 5797 ila
1021 5748 1276 5797 deinceps
1315 5745 1530 5797 saepius.
1563 5743 1677 5797 Ibtd

217 5743 575 5862 £10)Séguer.
603 5750 795 5814 οὕτως,
825 5762 878 5804 et
910 5754 979 5803 ita
1021 5748 1276 5829 deinceps
1315 5745 1530 5814 saepius.
1563 5743 1700 5797 Ibid.

149 5806 922 5896 ‘habetjmowdyjtato;
949 5836 1045 5896 pro
1067 5827 1416 5896 jtpatypgtrog.
1663 5885 1696 5896 ,Α

218 5882 329 5952 (“)-
357 5882 681 5948 Omuibduus
716 5882 925 5948 videtur
951 5882 1175 5957 'legisse
1202 5882 1507 5956 λέγωμεν,
1540 5885 1704 5941 vertit

1810 4748 1993 4803 uitatis
2025 4748 2411 4817 cogitationem
2442 4756 2496 4800 et
2521 4746 2883 4816 cognitionem
2914 4744 3089 4798 eidem
3128 4741 3375 4809 imperti-

1806 4841 2231 4909 vit,utvidelicet
2249 4842 2353 4895 hac
2372 4848 2685 4895 conservata
2704 4834 3077 4902 similitudine,
3101 4847 3374 4901 nunquam

1807 4933 2190 5003 cogitationem
2215 4948 2247 4987 a
2288 4932 2396 4988 Deo
2438 4940 2728 4998 averteret,
2776 4942 2953 4999 neque
2987 4941 3017 4981 a
3060 4934 3377 4981 sanctorum

1805 5023 2055 5080 convictu
2088 5024 2433 5079 discederet:
2464 5023 2559 5078 sed
2582 5023 2761 5077 datam
2787 5019 2884 5074 Dei
2917 5018 3148 5090 gratiam
3173 5023 3227 5071 et
3252 5029 3378 5085 pro-

1806 5113 1979 5186 priam
2007 5129 2073 5169 ex
2104 5124 2330 5184 paterno
2365 5115 2542 5170 Verbo
2580 5114 2686 5167 vim
2718 5110 2950 5167 inlusam
3007 5109 3246 5165 retinens
3277 5120 3376 5160 εχει

1810 5204 2057 5272 saltaret,
2088 5216 2142 5261 et
2179 5222 2300 5263 cum
2325 5202 2435 5262 Deo
2462 5205 2802 5260 familiariter
2828 5204 3059 5267 viveret,
3090 5211 3373 5256 securam-

1808 5309 1917 5367 que
1964 5309 2029 5350 ac
2063 5312 2190 5353 vere
2239 5298 2453 5353 beatam
2507 5295 2866 5352 immortalem
2908 5295 3077 5347 ‘vitam
3130 5291 3372 5343 duceret.
3412 5356 3417 5361 _

1814 5461 2267 5522 enim,dicamus.
2716 5522 2725 5523 ί
2969 5506 2980 5523 λ
3074 5511 3127 5523 η,
3248 5509 3280 5523 _.

1884 5513 1993 5601 (te)
2029 5527 2356 5601 I‘eIckm._3
2397 5536 2583 5601 anon.,
2633 5522 2755 5601 καθζ
2792 5515 3037 5601 ἑαυτούςί
3073 5513 3375 5601 ξίε-Ξίἰίιιῐξ

1809 5593 2005 5671 legisse
2038 5600 2248 5671 videtur
2276 5596 2639 5671 Omnibonus,
2665 5593 2754 5671 qui
2790 5593 2981 5669 vertit,
3029 5598 3120 5652 per
3175 5593 3374 5647 δείμασι

1809 5662 2911 5739 [ἰιῖθενε.νΑιίἰουιιιθύίιίεὴκαίγἑαυτῶν..
3010 5724 3025 5739 ι
3083 5735 3209 5739 ΑΗΔ
3280 5717 3349 5739 ιη

1906 5717 2627 5810 ῖεῖδίῐὲᾰέιξενζςουιετ.
2674 5741 2729 5783 et
2771 5724 2952 5780 Felck.
3005 5724 3028 5777 ι
3077 5735 3236 5776 anon.
3269 5717 3373 5773 Alii

1810 5804 2117 5885 cuin_editi_s
2139 5804 2473 5885 ὁμοιότητος.
2568 5870 2593 5885 ν
2676 5869 2687 5885 '

1882 5877 1991 5950 (I4)
2020 5870 2465 5939 EdithomuieL,
2495 5870 2858 5940 συζητήσεωσ.
