4010 6502
590 417 624 473 7
908 400 917 407 ’
1182 410 1240 465 S.
1277 404 1647 464 A'IZHANASII
1681 403 1831 460 OPP.
1872 399 2053 456 PARS
2090 398 2131 451 1.
2172 428 2241 438 —-
2280 395 2643 454 ilISTORlCA
2682 395 2770 450 ET
2811 393 3231 452 DOGMATICA.
3797 396 3830 451 8

592 536 726 592 Nam
755 534 801 588 si
829 530 935 587 ulla
970 544 1026 585 re
1054 544 1082 583 a
1117 529 1207 584 Dei
1239 528 1547 598 cognitione
1576 524 1923 594 impediatur,
1968 519 2159 573 animae

2271 517 2363 586 μὲν
2396 517 2483 569 ἀεὶ
2513 516 2600 568 διὰ
2628 516 2725 587 τῆς
2774 514 2939 567 αὐτοῦ
2975 512 3342 584 καθαρότητος
3380 512 3476 583 τὴν
3504 529 3598 565 τιυ
3624 511 3832 581 Πατρὸς

592 623 879 685 munditia,
916 620 1093 674 Patris
1122 617 1433 687 imaginem,
1461 614 1629 667 Deum
1668 612 1928 672 Verbum,
1960 610 2025 661 ad
2060 623 2154 659 cu-

587 719 679 791 jus
703 729 919 786 quoque
940 712 1231 780 imaginem
1265 711 1440 765 lactus
1462 717 1563 771 est,
1589 720 1802 774 semper
1824 699 2160 769 contempla-

597 822 705 873 tur,
739 807 1080 875 maximaque
1107 803 1469 859 admiratione
1500 799 1753 861 allicitur,
1799 811 1923 850 cum
1975 792 2163 848 Provi-

595 902 856 967 dentiam,
885 914 991 968 qua
1022 896 1255 952 mundus
1279 909 1375 964 per
1402 894 1575 963 ipsum
1607 890 2036 950 administratur,
2075 886 2161 940 in—

598 995 808 1062 telligit.
847 992 926 1046 Ita
963 992 1126 1045 rebus
1181 988 1397 1057 quidem
1432 1000 1552 1055 qua:
1594 984 1695 1038 sub
1732 970 1926 1037 sensus
1966 978 2164 1035 cadunt

590 1097 651 1140 et
678 1097 956 1154 corporea:
989 1088 1114 1135 sunt
1170 1078 1434 1134 excelsior
1472 1076 1722 1138 ellicitur.
1768 1089 1888 1128 cum
1918 1072 2002 1126 his
2036 1084 2163 1124 vero

597 1179 645 1231 vi
679 1176 875 1231 mentis
903 1174 1272 1244 coniungitur,
1301 1187 1422 1243 quae
1450 1171 1703 1226 caelestes
1730 1182 1795 1223 ac
1818 1165 2014 1221 divinae
2038 1172 2164 1218 sunt

596 1268 817 1337 solaque
844 1265 1197 1336 intelligentia
1258 1263 1808 1334 comprehenduntur.
1842 1259 1978 1313 Cum
2016 1256 2160 1309 enim

594 1357 911 1429 corporibus
958 1372 1110 1412 mens
1146 1356 1383 1411 humana
1438 1371 1543 1410 non
1592 1353 1936 1415 adhaerescit,
1991 1361 2165 1417 neque

595 1450 800 1519 aliquid
834 1465 900 1505 ex
923 1465 1114 1505 eorum
1141 1448 1439 1516 cupiditate
1471 1446 1820 1501 extrinsecus
1873 1441 2160 1496 admistum

598 1542 785 1604 habet,
813 1543 908 1597 sed
942 1548 1053 1596 tota
1091 1540 1202 1609 ipsa
1237 1554 1451 1594 sursum
1488 1551 1670 1591 secum
1708 1543 1814 1599 est,
1864 1532 2022 1586 sicuti
2056 1531 2162 1583 ini-

599 1635 674 1688 tio
708 1634 848 1687 facta
875 1641 1002 1698 est;
1034 1642 1162 1685 tunc
1201 1645 1263 1685 ea
1294 1643 1414 1698 quae
1468 1643 1658 1682 sensus
1697 1634 1913 1680 movent
1952 1623 2163 1677 omnia-

597 1737 704 1793 que
739 1724 974 1779 humana
1013 1724 1424 1783 transcendens,
1454 1719 1505 1773 in
1535 1718 1770 1773 sublime
1800 1717 1993 1781 fertur,
2032 1712 2165 1767 Ver—

599 1818 857 1886 bumque,
900 1817 1041 1871 etin
1082 1814 1259 1870 Verbo
1321 1812 1485 1867 Verbi
1532 1810 1746 1865 Patrem
1797 1809 1962 1873 videt,
2012 1806 2164 1875 cujus

598 1907 1060 1977 contemplatione
1088 1906 1379 1970 delectata,
1419 1918 1517 1958 suo
1545 1918 1672 1973 erga
1702 1902 1849 1955 illum
1894 1913 2078 1953 amore
2111 1907 2164 1951 et

594 1999 870 2054 desiderio
893 2006 1212 2053 renovatur:
1238 1996 1692 2065 quemadmodum
1722 1991 1906 2060 utique
1932 1989 2162 2060 primum

598 2092 898 2155 hominem,
932 2091 1022 2159 qui
1052 2090 1283 2145 Hebraea
1314 2088 1494 2157 lingua
1522 2086 1693 2140 Adam
1735 2082 1915 2138 dictus
1938 2090 2041 2144 est,
2073 2095 2164 2134 sa-

595 2199 701 2239 crae
732 2184 1029 2252 Scriptum
1061 2190 1287 2235 narrant
1321 2180 1478 2234 initio
1516 2192 1726 2232 summa
1764 2191 1885 2230 cum
1916 2174 2167 2228 libertate

596 2286 650 2330 et
684 2276 878 2331 liducia
913 2285 1093 2329 mente
1122 2273 1175 2344 3
1226 2273 1335 2327 Deo
1383 2270 1697 2329 adhmsisse,
1747 2275 2167 2330 sanctorumque

597 2369 865 2425 societate
894 2377 946 2421 et
974 2364 1370 2422 consuetudine
1398 2363 1633 2432 potitum
1664 2359 1832 2414 fuisse
1862 2358 1915 2412 in
1948 2357 2035 2411 illa
2083 2371 2166 2410 re-

600 2476 719 2516 rum
772 2458 1078 2514 caelestium
1132 2452 1617 2523 contemplatione,
1655 2465 1756 2519 qua
1800 2449 1891 2503 illo
1942 2448 1994 2501 in
2052 2447 2167 2501 loco

601 2550 904 2614 fruebatur,
935 2562 1094 2618 quem
1121 2555 1343 2601 sanctus
1375 2543 1590 2613 Moyses
1617 2552 1769 2610 tropo
1811 2542 2043 2610 quodam
2072 2554 2168 2607 pa-

602 2640 840 2696 radisum
878 2639 1188 2711 appellavit.
1213 2636 1420 2691 Anima:
1461 2635 1605 2690 enim
1643 2634 1904 2689 munditia
1949 2647 2068 2686 eam
2100 2633 2167 2686 ad

604 2733 773 2788 Deum
800 2747 896 2802 per
928 2732 1164 2800 seipsam
1196 2732 1557 2785 contuendum
1583 2728 1829 2781 idoneam
1864 2724 2058 2789 reddit,
2091 2723 2168 2776 uti

602 2823 719 2891 ipse
771 2823 1033 2877 Dominus
1082 2822 1198 2875 ait:
1243 2819 1400 2874 Beati
1459 2826 1653 2872 mundo
1703 2816 1877 2881 corde,
1920 2816 2169 2884 quoniam

599 2915 700 2984 ipsi
736 2913 904 2968 Deum
944 2914 1257 2968 videbunt‘.

668 3005 724 3061 3.
773 3005 865 3061 Sic
915 3021 1045 3084 ergo
1095 3004 1345 3070 Creator,
1380 3013 1436 3057 ut
1485 3002 1689 3056 dictum
1734 3010 1835 3063 est,
1889 2999 2166 3054 hominum

603 3113 781 3170 genus
806 3098 1067 3161 condidit,
1096 3112 1233 3166 quos
1266 3100 1432 3149 etiam
1462 3095 1513 3149 in
1538 3108 1603 3147 eo
1633 3102 1775 3148 statu
1818 3106 2169 3161 perseverare

2262 609 2462 679 εἰκόνα,
2490 607 2579 660 τὸν
2611 607 2741 660 Θεὸν
2788 598 2957 674 Λόγον
2978 644 2994 667 ,
3018 598 3078 659 οῦ
3117 604 3209 656 καὶ
3236 604 3354 657 κατ’
3380 603 3568 656 εἰκόνα
3592 603 3829 670 γέγονεν·

2263 699 2758 768 ῦπερεκπλὴττεται
2795 697 2851 749 δὲ
2898 697 3176 751 κατανοῶν
3215 695 3314 767 τὴν
3359 696 3426 748 δι’
3457 694 3625 749 αὑτοῦ
3658 696 3736 758 εἰς
3779 695 3837 747 τὸ

2263 794 2369 849 πᾶν
2400 793 2652 863 πρόνοιαν
2672 834 2687 858 ,
2724 791 2979 862 ὑπεράνω
3026 790 3127 860 μὲν
3163 790 3270 842 τῶν
3298 787 3572 859 αἰσθητῶν
3604 787 3704 841 καὶ
3737 787 3836 840 πά-

2264 903 2361 954 σης
2397 885 2709 957 σωματικῆς
2741 883 3037 952 φαντασίας
3070 882 3372 953 γινόμενος,
3417 882 3553 953 πρὸς
3583 881 3643 934 δὲ
3684 881 3754 935 τὰ
3784 881 3839 934 ὲν

2261 979 2506 1049 οὐρανοῖς
2535 978 2651 1031 θεῖα
2680 978 2775 1031 καὶ
2806 975 2972 1047 νοητά
2993 978 3058 1047 τῇ
3083 976 3308 1045 δυνάμει
3334 974 3427 1027 τοῦ
3451 974 3543 1027 νοῦ
3576 972 3839 1026 συναπτό-

2266 1088 2443 1143 μενος.
2488 1071 2617 1125 Ὅτε
2643 1070 2751 1141 γὰρ
2777 1070 2839 1123 οῦ
2872 1068 3150 1139 συνομιλεῖ
3174 1071 3285 1131 τοίς
3318 1067 3563 1137 σώμασιν
3602 1069 3633 1121 ό
3658 1065 3782 1128 νοῦς
3813 1067 3841 1117 ό

2263 1163 2368 1216 τῶν
2402 1159 2723 1233 ἀνθρώπων,
2754 1158 2872 1211 οὐδέ
2896 1177 2950 1211 τι
2975 1158 3075 1228 τῆς
3109 1159 3173 1210 ἑκ
3196 1157 3403 1210 τούτων
3431 1155 3732 1224 ἐπιθυμίας
3760 1170 3842 1224 με·

2268 1252 2529 1324 μιγμένον
2559 1250 2755 1318 ἔξωθεν
2782 1251 2915 1321 ἔχει,
2946 1250 3057 1304 ἀλλ’
3087 1249 3206 1312 ὅλος
3225 1249 3371 1303 ἐστὶν
3395 1249 3506 1303 ἄνω
3528 1246 3712 1317 ἑαυτῷ
3734 1246 3841 1318 (15)

2266 1342 2439 1399 συνὼν
2482 1344 2558 1406 ὠς
2603 1344 2827 1411 γέγονεν
2870 1343 2930 1407 ἑξ
2972 1341 3180 1412 ἀρχῆς’
3217 1340 3339 1392 τότε
3375 1338 3466 1409 δὴ,
3507 1336 3575 1391 τὰ
3610 1335 3843 1405 αἰσθητά

2264 1440 2355 1493 καί.
2388 1439 2568 1493 πάντα
2594 1437 2660 1491 τὰ
2692 1426 3006 1507 ἀνθρώπινα
3034 1435 3245 1498 διαϐὰς,
3281 1434 3395 1487 ἀνω
3436 1431 3733 1503 μετάρσιος
3762 1428 3843 1497 γί-

2264 1550 2436 1597 νεται,
2475 1533 2569 1586 καὶ
2602 1530 2692 1585 τὸν
2726 1530 2896 1598 Λόγον
2924 1528 3067 1591 ἰδὼν,
3098 1529 3200 1600 ὁρᾷ
3229 1528 3286 1579 ἑν
3315 1524 3465 1595 αὐτῷ
3494 1524 3590 1577 καὶ
3620 1522 3716 1575 τὸν
3753 1519 3841 1573 τοῦ

2266 1625 2438 1693 Λόγου
2466 1623 2702 1695 Πατέρα,
2739 1622 2994 1693 ἡδόμενος
3037 1620 3129 1673 ἑπί.
3169 1622 3235 1691 τῇ
3271 1617 3461 1672 τούτου
3496 1613 3724 1685 θεωρίᾳ,
3754 1612 3844 1665 καὶ

2266 1716 2725 1795 ἀνακαινούμενος
2766 1716 2857 1768 ἑπὶ
2901 1714 2979 1785 τῷ
3015 1714 3153 1784 πρὸς
3193 1712 3382 1765 τοῦτον
3424 1708 3611 1780 πόθῳ·
3660 1706 3843 1773 ὥσπερ

2266 1807 2356 1864 οὖν
2389 1811 2478 1863 τὸν
2521 1808 2735 1881 πρῶτον
2768 1808 2875 1862 τῶν
2923 1805 3225 1878 ἀνθρώπων
3260 1802 3553 1873 γενόμενον
3574 1839 3588 1863 ,
3638 1798 3699 1861 ὃς
3756 1796 3845 1849 καὶ

2195 1865 2238 1924 Β
2266 1905 2404 1958 κατὰ
2434 1904 2529 1975 τὴν
2566 1865 2836 1975 ,Ἑϐραίων
2869 1865 3114 1969 γλῶτταν
3166 1865 3335 1967 Ἀδάμ
3382 1865 3678 1964 ῶνομάσθη
3701 1930 3716 1953 ,
3757 1889 3844 1942 λέ-

2266 2016 2453 2069 γουσιν
2493 1999 2548 2050 αἰ
2615 1997 2758 2068 ίεραὶ
2807 1994 3022 2065 Γραφαὶ
3069 1989 3211 2045 κατὰ
3249 1990 3347 2060 τὴν
3396 1987 3569 2058 ἀρχὴν
3617 1986 3843 2038 ἀνεπαι-

2268 2090 2478 2161 σχύντῳ
2498 2088 2777 2161 παρρησίᾳ
2806 2087 2895 2139 τὸν
2927 2084 3048 2138 νοῦν
3064 2081 3355 2153 ἐσχηκέναι
3390 2079 3527 2150 πρὸς
3553 2076 3649 2129 τὸν
3679 2074 3840 2134 Θεὸν,

2266 2180 2361 2233 καί
2394 2177 2797 2233 συνδιαιτᾶσθαι
2825 2178 2934 2238 τοῖς
2959 2173 3133 2242 ἁγίοις
3160 2174 3217 2225 ἑν
3247 2173 3311 2241 τῇ
3341 2169 3450 2223 τῶν
3478 2165 3689 2237 νοητῶν
3713 2164 3842 2216 θεω-

2272 2272 2377 2342 ρίᾳ,
2403 2270 2468 2341 ἣν
2498 2265 2641 2339 εἶχεν
2674 2269 2732 2321 ἑν
2764 2268 2955 2336 ἐκείνῳ
2986 2264 3063 2334 τῷ
3092 2264 3261 2332 τόπῳ,
3286 2262 3344 2313 ὃν
3372 2260 3465 2313 καὶ
3492 2260 3520 2311 ό
3551 2258 3710 2325 ἆγιος
3735 2256 3842 2323 (16)

2266 2356 2506 2426 Μωῦσῆς
2546 2355 2821 2427 τροπικῶς
2860 2352 3184 2424 παράδεισον
3218 2350 3521 2420 ὠνόμασεν.
3565 2347 3750 2415 Ἰκανὴ
3789 2346 3841 2398 δὲ

2268 2450 2604 2521 ὴτῆςψυχῆς
2637 2448 2941 2520 καθαρότης
2978 2445 3094 2498 ἑστί
3113 2444 3202 2497 τὸν
3221 2443 3347 2495 Θεὸν
3376 2442 3441 2495 δι’
3473 2439 3674 2510 ἑαυτῆς
3709 2453 3839 2491 κατ⁸

2267 2543 2628 2615 οπτρίζεσθαι
2674 2542 2808 2612 (17),
2851 2540 3099 2608 καθάπερ
3132 2538 3225 2590 καὶ
3250 2537 3279 2588 ό
3298 2534 3499 2605 Κύριός
3524 2549 3658 2603 φησι
3678 2546 3691 2561 ·
3720 2533 3841 2583 Μα-

2268 2635 2455 2704 κάριοι
2493 2638 2547 2688 ol
2586 2634 2825 2702 καθαροί
2859 2631 2932 2701 τῇ
2974 2630 3204 2699 καρδίᾳ,
3237 2619 3343 2681 ὅτί¹
3362 2626 3532 2681 αὐτοὶ
3558 2624 3667 2679 τὸν
3698 2620 3843 2677 Θεὸν

2271 2729 2541 2796 ὄψονται.

2336 2993 2391 3048 5.
2426 2990 2582 3044 Οῦτω
2621 2988 2718 3061 μὲν
2743 2983 2835 3041 οὖν
2865 2988 2892 3039 ὁ
2919 2955 3273 3056 Δημιουργός,
3301 2951 3489 3051 ῶσπερ
3518 2978 3751 3048 εῐρηται,
3783 2972 3842 3027 τὸ

2269 3086 2375 3138 τῶν
2401 3082 2701 3156 ἀνθρώπων
2731 3081 2884 3149 γένος
2929 3075 3300 3131 κατεσκεύασε
3325 3114 3339 3137 ,
3376 3074 3469 3126 καὶ
3500 3070 3681 3142 μένειν
3720 3066 3843 3137 ἠθέ-

602 3191 795 3246 voluit.
835 3191 904 3243 At
931 3190 1027 3254 illi,
1060 3190 1219 3243 rebus
1245 3187 1544 3256 pmioribus
1584 3184 1863 3253 neglectis,
1886 3182 2167 3253 ignavique

2272 3178 2434 3248 λησεν
2451 3193 2464 3206 ·
2490 3178 2537 3228 oi
2559 3174 2616 3228 δὲ
2644 3172 2938 3243 ἄνθρωποι,
2968 3167 3507 3237 κατολιγωρήσαντες
3532 3162 3639 3214 τῶν
3668 3175 3843 3231 κρειτ-

598 3293 657 3339 et
689 3283 895 3338 inertes
942 3282 1008 3335 ad
1064 3279 1185 3333 illas
1222 3278 1603 3346 intelligendas
1632 3275 1832 3337 eﬂ'ecti,
1868 3288 1987 3329 sese
2012 3275 2078 3327 ad
2107 3288 2167 3328 ea

2271 3271 2457 3332 τόνων,
2493 3266 2585 3321 καὶ
2616 3265 2943 3343 ὀκνήσαντες
2977 3260 3104 3332 περὶ
3137 3260 3233 3330 τὴν
3274 3257 3479 3310 τούτων
3517 3253 3840 3321 κατάληψιν,

601 3392 724 3445 qua:
770 3375 869 3429 sibi
916 3374 1169 3444 propiora
1217 3382 1395 3434 erant,
1432 3378 1774 3425 convertere.
1815 3367 1939 3422 Haec
1989 3376 2170 3419 autem

604 3483 805 3538 corpus
829 3476 881 3520 et
908 3481 1104 3519 sensus
1152 3468 1401 3531 corporis
1450 3469 1627 3516 erant.
1672 3459 1859 3528 Itaque
1897 3458 2168 3522 homines,

605 3568 841 3632 mentem
872 3568 928 3613 et
950 3555 1331 3625 cogitationem
1357 3570 1388 3608 a
1421 3554 1583 3607 rebus
1616 3550 1935 3607 caalestibus
1977 3564 2173 3605 avoca-

604 3661 822 3716 verunt,
853 3660 907 3707 et
935 3650 1140 3718 seipsos
1185 3645 1537 3715 contemplari
1593 3652 1898 3715 coeperunt.
1953 3642 2172 3713 Seipsos

603 3752 790 3799 autem
815 3740 1251 3809 contemplando,
1281 3737 1605 3807 corporique
1631 3736 1822 3791 aliisve
1847 3736 2028 3799 rebus,
2053 3749 2173 3804 qua:

602 3849 798 3890 sensus
834 3841 1071 3893 movent,
1106 3830 1438 3895 inbaerendo,
1462 3844 1526 3885 ac
1560 3829 1705 3883 velut
1738 3829 1791 3883 in
1820 3827 2053 3899 propriis
2081 3830 2173 3882 de-

602 3925 771 3995 cepti,
807 3924 860 3977 in
891 3923 971 3976 sui
998 3921 1346 3990 cupiditatem
1382 3920 1587 3989 delapsi
1616 3928 1768 3986 sunt,
1810 3920 2045 3991 propriis
2073 3933 2162 3973 re-

603 4018 707 4071 bus
753 4027 935 4067 rerum
983 4013 1284 4066 divinarum
1335 4010 1777 4079 contemplationi
1827 4011 2169 4082 antepositis.

606 4104 663 4160 In
694 4104 779 4160 his
808 4120 974 4174 porro
1001 4112 1423 4168 commorantes,
1458 4104 1814 4173 nolentesque
1853 4118 1880 4156 a
1909 4103 2172 4172 proximis

514 4216 517 4220 ‘
605 4199 711 4254 sibi
748 4198 908 4253 rebus
940 4197 1242 4262 discedere,
1278 4212 1430 4252 suam
1462 4200 1698 4252 animam
1728 4198 1877 4253 omni
1910 4198 2167 4267 cupidita-

610 4301 721 4344 tum
776 4304 973 4359 genere
1016 4290 1282 4344 turbatam
1318 4300 1372 4344 et
1401 4292 1763 4358 inquinatam,
1799 4289 2042 4358 corporis
2079 4304 2174 4342 vo—

606 4382 906 4453 luptatibus
933 4383 1333 4447 constrinxere,
1387 4398 1449 4436 ac
1490 4382 1598 4435 vim
1646 4398 1807 4451 quam
1850 4382 1916 4437 ab
1963 4380 2115 4434 initio
2141 4395 2170 4433 a

607 4475 717 4530 Deo
747 4485 1089 4543 acceperant,
1129 4477 1344 4545 penitus
1390 4476 1546 4530 obliti
1578 4484 1723 4529 sunt.
1763 4474 1818 4527 ld
1852 4487 1983 4530 vero
2017 4466 2088 4527 ita
2113 4487 2172 4527 se

2271 3364 2339 3415 τὰ
2376 3359 2653 3430 ἐγγυτέρω
2694 3338 2802 3426 (l8)
2850 3353 3045 3425 μᾶλλον
3082 3350 3288 3406 ἑαυτῶν
3317 3350 3611 3417 ἐζήτησαν.
3649 3343 3845 3413 Ἐγγύ-

2272 3470 2405 3524 τερα
2433 3453 2487 3505 δὲ
2508 3450 2717 3512 τούτοις
2749 3443 2815 3518 ἦν
2836 3447 2896 3500 τὸ
2926 3446 3104 3516 σῶμα,
3132 3444 3223 3497 καὶ
3246 3442 3302 3494 αἰ
3326 3440 3513 3494 τούτου
3544 3438 3841 3507 αἰσθήσεις.

2278 3546 2436 3600 Ὅθεν
2474 3544 2581 3598 τῶν
2629 3542 2725 3613 μὲν
2753 3540 2958 3611 νοητῶν
2989 3538 3299 3607 ἀπέστησαν
3335 3532 3540 3587 ἑαυτῶν
3580 3530 3671 3583 τὸν
3700 3527 3844 3589 νοῦν,

2274 3639 2495 3700 ἑαυτοὺς
2520 3636 2577 3690 δὲ
2604 3636 2882 3689 κατανοεῖν
2908 3628 3140 3703 ἤρξαντο
3166 3628 3297 3699 (19).
3316 3625 3573 3687 Ἑαυτοὺς
3596 3623 3653 3675 δὲ
3669 3638 3843 3674 κατα-

2276 3730 2539 3792 νοοῦντες,
2582 3725 2678 3780 καί
2723 3723 2817 3777 τοῦ
2866 3740 2926 3775 τε
2954 3720 3201 3790 σώματος
3224 3717 3446 3772 καὶτῶν
3464 3715 3638 3770 ἄλλων
3663 3711 3848 3781 αἰσθη-

2273 3822 2381 3876 τῶν
2413 3816 2946 3889 ἀντιλαμϐανόμενοι,
2981 3812 3074 3867 καί
3100 3812 3174 3874 ὠς
3207 3811 3264 3863 ὲν
3296 3810 3446 3871 ἰδίοις
3478 3806 3844 3877 ἀπατώμενοι,

2276 3914 2355 3977 εἰς
2393 3911 2599 3965 ἑαυτῶν
2641 3905 2932 3976 ἐπιθυμίαν
2982 3903 3181 3955 ἔπεσαν
3227 3899 3360 3971 (20),
3396 3900 3465 3953 τά
3504 3897 3610 3950 ῐδια
3662 3912 3846 3966 προτιο

2279 4004 2550 4075 μήσαντες
2577 3998 2673 4069 τῆς
2700 3996 2837 4069 πρὸς
2868 3993 2936 4049 τὰ
2963 3993 3080 4046 θεῖα
3110 3990 3341 4061 θεωρίας
3361 4005 3374 4019 ·
3410 3985 3848 4057 ἐνδιατρίψαντες

2275 4094 2332 4147 δὲ
2363 4091 2590 4154 τούτοις,
2626 4088 2720 4142 καὶ
2761 4086 2868 4139 τῶν
2905 4083 3181 4154 ἐγγυτέρω
3216 4080 3289 4152 μὴ
3323 4079 3627 4147 ἀποστῆναι
3666 4076 3847 4129 θέλον-

2275 4202 2387 4248 τες,
2413 4186 2533 4245 ταῖς
2566 4181 2666 4252 μὲν
2694 4178 2786 4232 τοῦ
2823 4176 3072 4247 σώματος
3104 4173 3313 4246 ἡδοναῖς
3349 4170 3694 4223 συνέκλεισαν
3721 4169 3849 4219 ἑαυ-

2276 4277 2383 4331 τῶν
2416 4276 2514 4345 τὴν
2543 4271 2739 4343 ψυχὴν,
2772 4267 3183 4339 τεταραγμένην
3228 4264 3323 4317 καὶ
3355 4262 3705 4332 πεφυρμένην
3735 4257 3847 4310 πά·-

2280 4388 2400 4433 σαις
2426 4366 2739 4437 ἐπιθυμίαις
2762 4380 2775 4393 ο
2808 4361 2988 4416 τέλεον
3012 4360 3068 4412 δὲ
3100 4356 3423 4411 ἐπελάθοντο
3450 4354 3551 4423 τῆς
3590 4351 3646 4418 ἑξ
3675 4346 3850 4419 ἀρχῆς

2278 4463 2455 4519 αὐτῶν
2483 4461 2632 4532 παρά
2663 4456 2796 4511 Θεοῦ
2828 4454 3125 4524 δυνάμεως.
3153 4449 3323 4503 Τοῦτο
3348 4448 3391 4501 δ’
3421 4448 3486 4501 ἄν
3518 4462 3603 4508 τις
3637 4443 3728 4495 ἴδοι
3749 4440 3849 4493 καὶ

605 4567 809 4622 habere
847 4567 930 4623 vel
956 4582 1021 4621 ex
1057 4568 1231 4637 primo
1265 4566 1484 4622 homine
1509 4567 1695 4621 videre
1718 4566 1864 4631 licet,
1898 4575 1959 4620 ut
1991 4580 2058 4620 ex
2085 4580 2167 4620 sa-

2276 4560 2341 4611 ἑκ
2370 4555 2464 4609 τοῦ
2503 4551 2719 4624 πρώτου
2755 4544 3080 4606 πλασθέντος
3113 4540 3400 4611 ἀνθρώπου
3434 4536 3652 4608 ἀληθὲς,
3683 4532 3753 4594 ὡς
3785 4532 3846 4585 αἰ

605 4659 716 4713 cris
766 4623 1073 4728 Scriptnris.
1123 4658 1405 4713 discimus.
1455 4658 1734 4727 Siquidem
1792 4623 2029 4726 quanam
2090 4657 2167 4711 ille

2281 4649 2423 4722 ιεραι
2454 4623 2581 4717 περι
2608 4640 2769 4698 αὑτοῦ
2800 4639 3013 4706 λέγουσι
3036 4633 3266 4705 Γραφαί.
3292 4633 3560 4693 Κάκεῖνος
3584 4627 3709 4697 γὰρ,
3735 4623 3848 4684 εως

608 4761 846 4805 mentem
877 4751 944 4803 ad
976 4750 1144 4804 Deum
1170 4761 1225 4805 et
1264 4750 1357 4804 Dei
1390 4749 1910 4820 contemplationem
1934 4749 2176 4820 applica-

607 4841 706 4908 vit,
742 4842 988 4909 corporis
1033 4843 1549 4912 contemplationem
1599 4843 1837 4912 respuit:
1880 4855 2001 4896 cum
2049 4855 2167 4893 verc

2280 4809 2470 4906 ῶρίαν,
2497 4824 2868 4896 ἀπεστρέφετο
2889 4823 2987 4891 τὴν
3012 4821 3148 4891 πρὸς
3178 4818 3240 4871 τὸ
3274 4816 3433 4887 σῶμα
3462 4809 3725 4885 θεωρίαν(

609 4934 877 5002 serpentis
901 4948 1164 5002 persuasu
1192 4935 1577 5005 cogitationem
1609 4948 1639 4986 a
1678 4933 1787 4987 Deo
1831 4932 2050 4996 avertit,
2087 4947 2175 4986 se-

608 5039 718 5094 que
746 5025 1099 5096 contemplari
1139 5029 1348 5097 cmpit;
1387 5037 1517 5081 tunc
1543 5025 1619 5079 illi
1662 5025 1716 5079 in
1741 5023 1989 5093 corporis
2028 5023 2179 5091 cupi-

2283 4714 2381 4814 μὲν
2410 4739 2499 4793 τὸν
2527 4714 2646 4791 νοῦν
2682 4728 2794 4803 εἶχε
2828 4729 2963 4800 πρὸς
2994 4726 3086 4780 τὸν
3114 4726 3245 4779 Θεὸν
3289 4725 3384 4778 καὶ
3415 4722 3514 4793 τὴν
3545 4719 3724 4774 τούτου
3755 4714 3852 4767 θε-

3727 4807 3846 4860 211⁸

2280 4807 2470 4906 ῶρίαν,
2497 4824 2868 4896 ἀπεστρέφετο
2889 4823 2987 4891 τὴν
3012 4821 3148 4891 πρὸς
3178 4818 3240 4871 τὸ
3274 4816 3433 4887 σῶμα
3462 4813 3690 4885 θεωρίαν
3710 4807 3846 4878 (21)’

2279 4929 2369 4981 ὅτε
2409 4923 2467 4977 δὲ
2504 4916 2803 4991 συμϐουλίᾳ
2841 4914 2935 4969 τοῦ
2973 4913 3148 4983 ὄφεως
3178 4908 3389 4979 ἀπέστη
3444 4908 3546 4979 μὲν
3582 4906 3679 4975 τῆς
3709 4898 3851 4971 πρὸς

2283 5018 2374 5072 τὸν
2398 5014 2530 5069 Θεὸν
2556 5008 2812 5072 διανοίας,
2844 5004 3033 5060 ἑαυτὸν
3055 5003 3113 5057 δὲ
3141 5004 3424 5056 κατανοεῖν
3452 4998 3671 5070 ῆρξατο,
3700 5009 3853 5062 τηνι-

609 5116 829 5171 ὂὶιειοω
866 5118 1062 5173 misere
1088 5119 1417 5185 inciderunt,
1448 5128 1505 5173 et
1537 5133 1595 5173 se
1620 5116 1792 5171 nudos
1829 5129 1951 5171 esse
1983 5099 2167 5186 cogno

2286 5108 2462 5165 καῦτα
2494 5106 2587 5160 καὶ
2628 5104 2708 5165 εἰς
2743 5097 3037 5170 ἐπιθυμίαν
3080 5093 3172 5147 τοῦ
3223 5093 3473 5165 σώματος
3505 5090 3717 5151 ἔπεσαν,
3747 5084 3853 5137 καὶ

689 5236 708 5267 ¹
733 5235 922 5292 Matth.
954 5254 1009 5301 v,
1036 5236 1090 5293 8.

576 5340 587 5354 ’
659 5368 928 5450 _.(l‘5)_.Sic
953 5370 1175 5450 segu‘er.
1206 5372 1451 5450 _An_gt..et
1472 5369 1711 5450 Felckm.
1737 5371 1774 5425 2
1794 5386 1882 5425 an.
1913 5369 2018 5424 Alii
2036 5384 2176 5425 'cum

607 5439 767 5494 editis
787 5440 924 5504 ὅλως
946 5442 1030 5492 vel
1057 5441 1175 5503 ὅλος
1204 5439 1350 5493 ἑστῖν
1374 5439 1569 5504 ἑαυτῷ.

608 5470 920 5632 ΣΞΞΕῨὛῨ
950 5470 1692 5576 ἑιῗιέξυῖιέἓὲἶνῗιῗ”ὀῖὶ›ιετ.
1750 5521 1806 5567 et
1864 5502 2103 5566 Felckm.
2145 5509 2172 5564 ι

683 5648 794 5725 (17)
819 5649 973 5703 Colb.
997 5659 1051 5704 et
1093 5648 1353 5725 Fe|_c_k_._2
1388 5667 1503 5725 οη..
1553 5649 1985 5725 ἑνοπτροῖςεσθαιἶ
2015 5648 2172 5725 "ibid.

611 5730 743 5801 ante
768 5718 907 5801 hanc
931 5734 1115 5801 vocem
1142 5722 1273 5801 editi
1294 5722 1350 5801 et
1380 5718 1732 5801 pltarensunss;
1766 5722 1916 5801 Com.
1972 5719 2173 5797 habent

610 5788 800 5854 αὐτῆς.
837 5788 968 5859 ξύει.
1000 5790 1153 5843 Colb.
1178 5790 1332 5843 Gobl.
1373 5788 1426 5847 et
1451 5791 1630 5851 Felck.
1660 5793 1685 5846 1
1721 5808 1833 5858 an.,
1858 5788 2080 5859 ἑαυτῆς-

683 5842 795 5929 (l'g)
824 5842 997 5925 Colb.,
1016 5842 1341 5932 ίὲγγύτερον.

2356 5352 2467 5421 (19)
2499 5350 2623 5405 Haec
2638 5347 2798 5401 verba
2823 5343 3047 5421 ἑαυτούς
3061 5341 3117 5393 δὲ
3144 5340 3433 5421 κατανοεῖν.
3450 5336 3700 5421 ἧρξαντρ,
3723 5343 3853 5421 (ηιω

2304 5406 2537 5496 egerant
2576 5429 2630 5474 et
2679 5426 2955 5469 verterant
3009 5415 3368 5496 interpretes,
3404 5406 3854 5496 ilias'ilileriilrti'ii'tiir

2284 5469 2759 5556 inaveil-iit—isrqiue
2812 5499 2877 5539 ex
2926 5469 3364 5556 inss._S'_eguer{
3417 5474 3571 5531 Colb.
3628 5469 3853 5526 Gobler.

2283 5561 2525 5621 Felcktn.
2554 5551 2589 5611 2
2617 5551 2671 5611 et
2702 5556 2736 5607 5
2773 5569 2936 5608 anon.
2967 5551 3328 5621 restituimus.

2506 5630 2595 5683 Sic
2617 5627 2856 5704 θερίαν.
2905 5632 2957 5677 et
3007 5618 3171 5675 infra.
3225 5621 3295 5674 At
3344 5614 3524 5681 Colb..
3565 5622 3853 5666 ανεπεσον,

2279 5694 2383 5761 Alii
2418 5694 2538 5754 cum
2567 5694 2724 5751 editis
2752 5694 2963 5747 ἔπεσον.

2356 5752 2470 5846 (ei)
2512 5769 2662 5824 Colb.
2703 5775 2755 5821 et
2784 5763 2983 5820 Felknt.
3020 5762 3054 5822 Ξ
3077 5772 3405 5832 anonymus,
3438 5752 3634 5822 φιλίαν.
