4010 6542
223 434 253 490 9
1375 423 1631 479 ORATIO
1668 422 1945 480 CONTRA
1984 420 2273 478 GENTES.
2514 394 2520 399 ’
2578 488 2583 492 1
3262 432 3263 435 ~
3382 406 3449 461 ιο

226 546 440 612 ἔγνωσαν
490 541 576 595 ὅτι
624 542 833 613 γυμνοὶ
857 538 1016 616 ἦσαν,
1050 542 1144 597 καὶ
1174 540 1390 610 γνόντες
1419 540 1771 611 ᾐσχύνθησαν

1893 550 2105 602 verunt,
2135 551 2255 606 qua:
2289 534 2420 604 ipsis
2462 545 2622 586 causa
2675 529 2775 584 fuit
2818 526 3191 584 erubescendi.
3228 521 3449 594 Seipsos

225 633 476 702 Ἓγνωσαν
508 633 565 686 δὲ
592 634 831 698 ἑαυτοὺς
867 633 1104 705 γυμνοὺς
1132 633 1192 685 οὐ
1220 631 1470 685 τοσοῦτον
1496 631 1603 685 ἀπὸ
1625 632 1778 684 ἐνδυ-

184 748 195 757 ν
232 730 392 800 μάτων
427 728 561 799 (εει),
598 728 722 781 ἀλλ’
764 730 845 782 ὅτι
870 728 1064 799 γυμνοὶ
1092 728 1189 798 τῆς
1222 727 1329 779 τῶν
1359 727 1516 780 θείων
1550 727 1780 797 θεωρίας

225 832 472 891 γεγόνασι,
523 820 624 873 καὶ
658 821 803 892 πρὸς
838 821 905 875 τὰ
954 819 1173 873 ἐναντία
1230 820 1327 891 τὴν
1371 819 1607 873 διάνοιαν
1648 837 1780 890 μετ-

229 920 460 983 ήνεγκαν.
478 912 852 977 Ἀποστάντες
878 910 985 983 γὰρ
1008 911 1106 981 τῆς
1135 911 1269 981 πρὸς
1293 910 1383 963 τὸν
1407 910 1502 965 ἕνα
1518 913 1609 965 καὶ
1629 913 1779 978 ὄντα,

225 1006 338 1059 Θεὸν
358 1004 515 1071 λέγω,
549 1006 945 1075 κατανοήσεως
978 1003 1071 1056 καὶ
1099 1003 1189 1055 τοῦ
1219 1003 1354 1074 πρὸς
1385 1004 1543 1057 αὐτὸν
1592 1004 1779 1067 πόθου,

225 1098 383 1151 λοιπὸν
409 1100 487 1160 είς
520 1096 825 1167 διαφόρους
857 1096 947 1149 καὶ
986 1098 1064 1159 εἰς
1094 1095 1191 1158 τὰς
1220 1095 1358 1148 κατὰ
1396 1096 1557 1168 μέρος
1592 1098 1782 1150 ἐπιθυ-

228 1190 333 1261 μίας
358 1188 621 1258 ἐνέϐησαν
646 1189 762 1259 (ἓὸ)
792 1188 886 1241 τοῦ
923 1186 1191 1258 σώματος.
1227 1184 1376 1251 Εἶτα,
1407 1183 1492 1240 οἶα
1523 1188 1667 1257 φιλεῖ
1696 1191 1781 1256 γί-

223 1279 413 1340 νεσθαι,
450 1280 695 1332 ἑκάστου
760 1280 853 1332 καὶ
903 1278 1111 1331 πολλῶν
1166 1277 1462 1348 ἐπιθυμίαν
1505 1278 1779 1345 λαϐόντες,

225 1368 423 1440 ἡρξαντο
461 1368 566 1420 καὶ
597 1368 702 1437 τὴν
736 1368 872 1438 πρὸς
900 1368 1067 1429 αὑτὰς
1094 1366 1274 1437 σχέσιν
1302 1366 1445 1436 ἔχειν
1468 1382 1483 1394 ⁸
1519 1365 1657 1420 ὥστε
1688 1370 1782 1421 καὶ

225 1459 469 1527 φοϐεῖσθαι
498 1459 718 1523 ταύτας
760 1457 1099 1527 καταλεῖψαι.
1145 1457 1306 1511 Ὅθεν
1342 1458 1406 1528 δὴ
1439 1459 1533 1511 καὶ
1564 1459 1779 1523 δειλίαι,

225 1554 302 1605 καὶ
338 1553 509 1619 φόϐοι,
556 1553 652 1606 καὶ
687 1551 898 1623 ἡδοναὶ,
941 1551 1034 1604 καὶ
1069 1549 1240 1621 θνητά
1278 1554 1493 1621 φρονεῖν
1521 1554 1586 1623 τῇ
1634 1552 1779 1623 ψυχῇ

226 1643 586 1712 προσγέγονεν.
615 1645 694 1697 Ού
734 1643 959 1696 θέλουσα
990 1640 1098 1712 γὰρ
1127 1642 1428 1712 ἀποστῆναι
1459 1643 1566 1697 τῶν
1596 1644 1783 1696 ἐπιθυ-

230 1735 358 1802 μιῶν,
389 1735 640 1804 φοϐεῖται
684 1736 779 1788 τὸν
815 1734 1040 1787 θάνατον
1088 1734 1182 1786 καὶ
1228 1733 1316 1787 τὸν
1361 1734 1637 1806 χωρισμὸν
1686 1735 1781 1787 τοῦ

228 1823 461 1893 σώματος.
504 1825 704 1878 Ἐπιθυ
714 1827 890 1896 μοῦσα
922 1827 976 1879 δὲ
1008 1824 1189 1889 πάλιν,
1214 1826 1308 1877 καὶ
1337 1824 1411 1896 μὴ
1440 1825 1782 1894 τυγχάνουσα

1886 647 2047 701 porro
2079 645 2185 684 non
2211 636 2323 681 tam
2349 624 2588 680 vestibus
2619 622 2791 676 nudos
2813 636 2933 676 esse
2956 614 3445 687 deprehenderunt,

1884 737 2042 791 quam
2068 722 2211 790 quod
2245 733 2421 771 rerum
2459 714 2764 770 divinarum
2804 710 3265 778 contemplatione
3318 705 3444 759 nudi

1883 811 2007 864 facti
2041 820 2186 875 sunt,
2218 820 2383 878 atque
2404 806 2644 859 animum
2671 805 2736 857 ad
2761 803 3038 858 contraria
3070 801 3442 854 traduxerunt.

1885 892 2255 957 Desciscentes
2293 901 2435 953 enim
2467 899 2533 952 ah
2566 898 2710 951 illius
2735 895 2828 965 qui
2861 903 2912 948 et
2941 909 3082 947 unus
3111 902 3163 946 et
3194 906 3319 945 vere
3363 898 3447 942 est

1886 992 2078 1064 (Deum
2114 990 2380 1060 intelligo)
2412 989 2726 1059 cognitione
2770 998 2825 1041 et
2860 1001 3066 1048 amore,
3107 985 3159 1037 in
3204 983 3449 1037 diversas

1884 1085 2109 1153 posthac
2142 1091 2197 1136 et
2228 1080 2467 1151 singulas
2496 1078 2748 1149 corporis
2788 1079 3109 1147 cupiditates
3157 1088 3276 1129 sese
3318 1087 3446 1142 pro-

1877 1177 2073 1246 jecere.
2115 1174 2336 1238 Deinde,
2378 1182 2436 1227 ut
2472 1172 2585 1225 fieri
2620 1170 2777 1234 solet,
2822 1185 2944 1223 cum
3006 1166 3341 1237 singularqu
3394 1173 3450 1218 et

1883 1268 2175 1321 multarum
2208 1280 2385 1320 rerum
2422 1263 2810 1332 cupiditatibus
2868 1260 3178 1330 flagrarent,
3226 1258 3278 1311 in
3331 1255 3448 1308 illas

1880 1360 2009 1414 ferri
2040 1359 2224 1413 habitu
2247 1365 2551 1427 cmperunt,
2578 1356 2716 1408 adeo
2744 1363 2800 1408 ut
2826 1368 2920 1407 eas
2947 1350 3256 1419 relinquere
3284 1348 3447 1402 etiam

1883 1452 2321 1506 reformidarent.
2362 1449 2498 1503 llinc
2530 1449 2726 1501 factum
2766 1456 2850 1500 est
2877 1455 2934 1499 ut
2965 1443 3305 1506 timiditates,
3336 1453 3448 1492 me-

1882 1553 1966 1597 tus
2021 1559 2081 1597 ac
2112 1543 2359 1596 libidines
2413 1542 2463 1594 in
2499 1539 2676 1593 anima
2723 1538 3016 1599 orirentur,
3071 1533 3314 1599 nihilque
3356 1529 3445 1584 illa

1882 1635 1981 1688 nisi
2018 1633 2244 1687 mortale
2281 1642 2515 1701 Saperet.
2556 1629 2836 1698 Siquidem
2883 1626 3073 1681 nolens
3124 1623 3447 1692 cupiditates

1881 1725 2178 1789 dimittere,
2214 1734 2442 1777 mortem
2478 1721 2835 1790 corporisque
2878 1717 3292 1787 disjunctionem
3328 1728 3447 1781 per-

1882 1817 2135 1869 timescit.
2162 1814 2292 1869 Cum
2336 1815 2462 1867 item
2511 1828 2572 1866 ea
2605 1828 2724 1882 qua:
2756 1808 3177 1878 concupiscebat
3216 1821 3319 1859 non
3364 1820 3449 1857 as-

226 1914 310 1966 τῶν
335 1918 555 1985 ὁμοίων,
590 1918 767 1987 ἔμαθε
794 1918 1041 1986 φονεύειν
1073 1920 1165 1969 καὶ
1192 1918 1415 1971 ἀδικεῖν.
1449 1917 1573 1980 Πῶς
1605 1918 1661 1970 δὲ
1690 1919 1771 1985 καλ

1882 1917 2215 1975 sequeretur,
2246 1905 2495 1960 occidere
2535 1913 2589 1959 et
2635 1904 2835 1973 injuste
2876 1915 3039 1970 agere
3070 1897 3274 1953 didicit.
3308 1896 3448 1963 Qua-

224 2003 367 2056 ταῦτα
398 2007 578 2069 ποιεῖ,
614 2006 842 2075 εΰλογον
879 2008 1019 2060 κατὰ
1051 2008 1279 2077 δύναμιν
1309 2008 1564 2078 σημᾶναι.

278 2177 324 2232 4.
372 2180 690 2234 Ἀποστᾶσα
733 2182 833 2252 τῆς
866 2182 970 2236 τῶν
1002 2183 1209 2253 νοητῶν
1248 2182 1498 2252 θεωρίας,
1536 2182 1629 2235 καὶ
1657 2185 1775 2247 ταῖς

227 2264 339 2318 κατὰ
383 2267 551 2338 μέρος
596 2268 694 2320 τοῦ
737 2269 986 2340 σώματος
1023 2273 1322 2343 ἐνεργείαις
1359 2273 1775 2344 καταχρωμένη,

226 2357 299 2407 καὶ
325 2357 544 2426 ἡσθεῖσα
567 2363 638 2430 τῇ
666 2360 765 2412 τοῦ
796 2360 1043 2432 σώματος
1074 2363 1293 2434 θεωρίᾳ,
1325 2365 1417 2416 καὶ
1456 2364 1635 2416 ἰδοῦσα
1673 2382 1775 2417 κα-

226 2445 295 2496 λὸν
314 2449 467 2520 ἑαυτῇ
499 2446 766 2522 εἶναιτὴν
798 2453 1010 2524 ἡδονὴν,
1045 2454 1376 2526 πλανηθεῖσα
1399 2458 1776 2528 κατεχρήσατο

224 2536 284 2604 τῷ
305 2539 386 2591 τοῦ
419 2540 588 2593 καλοῦ
621 2542 871 2613 ὀνόματι,
906 2546 997 2597 καὶ
1026 2547 1274 2617 ἐνόμισεν
1298 2542 1433 2600 εἶναι
1464 2548 1561 2618 τὴν
1586 2549 1776 2620 ἡδονὴν

224 2632 326 2682 αὐτὸ
344 2633 401 2684 τὸ
421 2633 593 2696 ὅντως
629 2635 797 2688 καλόν
813 2653 827 2665 ·
856 2636 1044 2710 ὥσπερ
1075 2640 1128 2692 ei’
1147 2656 1251 2702 τις,
1284 2636 1395 2710 τὴν
1412 2641 1650 2694 διάνοιαν
1673 2657 1774 2693 πα-

227 2720 524 2792 ραπληγεὶς,
570 2724 672 2777 καὶ
708 2726 957 2779 ἀπαιτῶν
994 2726 1145 2797 ξίφος
1172 2728 1312 2782 κατὰ
1354 2729 1460 2782 τῶν
1494 2728 1777 2783 ἀπαντών-

224 2828 326 2875 των,
357 2813 561 2883 νομίζοι
600 2814 719 2885 (2t)
762 2816 921 2869 τοῦτο
951 2814 1091 2872 εἶναι
1137 2820 1199 2873 τὸ
1241 2823 1555 2892 σωφρονεῖν.
1614 2823 1773 2891 Ἐρα-

228 2904 381 2957 σθεῖσα
404 2905 457 2958 δέ
495 2907 597 2976 τῆς
640 2907 859 2978 ήδονῆς,
893 2910 1152 2975 ποικίλως
1194 2912 1361 2981 αὐτὴν
1402 2914 1641 2983 ἐνεργεῖν
1679 2915 1775 2983 ἦρε

223 2998 344 3062 ξατο.
374 2996 513 3054 υῦσα
544 3001 658 3072 γὰρ
688 3000 789 3072 τὴν
820 3002 979 3069 φύσιν
1012 3002 1315 3073 εὐκίνητος,
1345 3004 1391 3054 εί
1421 3002 1515 3054 καὶ
1546 3003 1612 3054 τὰ
1637 3002 1775 3057 καλὰ

225 3089 533 3161 ἀπεστράφη,
566 3091 713 3145 ἀλλὰ
744 3091 840 3144 τοῦ
870 3090 1134 3145 κινεῖσθαι
1162 3093 1222 3145 οὐ
1254 3091 1504 3146 παύεται.
1532 3095 1774 3146 Κινεῖται

222 3174 296 3231 οὖν
324 3182 413 3233 οὐκ
432 3181 506 3235 ἔτι
528 3183 636 3253 μὲν
660 3183 807 3236 κατὰ
823 3184 1043 3254 ἀρετὴν,
1063 3184 1179 3237 οὐδὲ
1198 3183 1337 3236 ὥστε
1358 3184 1448 3236 τὸν
1465 3184 1595 3236 Θεὸν
1611 3186 1740 3255 όρᾷν
1756 3201 1768 3213 ·

1882 2015 2003 2053 nam
2036 2010 2213 2053 autem
2248 2000 2457 2051 ratione
2493 1998 2592 2051 ista
2615 1996 2797 2049 omnia
2828 2003 2973 2064 agat,
3008 2007 3184 2062 opera:
3206 1979 3442 2059 'pretium

1877 2101 1961 2145 est
1995 2106 2092 2161 pro
2126 2089 2378 2144 facultate
2408 2103 2703 2157 exponere.

1946 2183 1999 2236 4.
2029 2181 2321 2250 Postquam
2354 2196 2382 2234 a
2415 2196 2591 2235 rerum
2625 2177 2927 2233 cmlestium
2982 2171 3444 2241 contemplatione

1878 2274 2108 2329 recessit
2160 2274 2360 2337 anima,
2409 2272 2744 2340 singulisque
2808 2267 3053 2336 corporis
3102 2264 3444 2329 facultatibus

1875 2382 2042 2437 prave
2092 2382 2212 2431 usa,
2260 2376 2313 2420 et
2359 2364 2603 2433 corporis
2655 2359 3123 2430 contemplatione
3178 2357 3443 2410 delectata

1876 2470 1986 2525 est,
2024 2470 2081 2515 ut
2112 2461 2245 2514 vidit
2274 2459 2473 2513 bonum
2506 2456 2606 2511 sibi
2646 2470 2768 2510 esse
2798 2455 3149 2522 voluptatem,
3181 2449 3305 2504 boni
3348 2461 3444 2501 uo-

1877 2555 2040 2618 mine,
2080 2553 2317 2607 errando
2354 2552 2516 2604 abusa
2548 2558 2650 2613 est,
2689 2558 2852 2615 atque
2886 2546 3218 2615 voluptatem
3268 2541 3438 2607 ipsum

1874 2659 2059 2698 verum
2090 2644 2288 2698 bonum
2313 2654 2434 2697 esse
2464 2638 2818 2703 existimavit,
2849 2652 2954 2690 nOn
2975 2649 3132 2691 secus
3155 2648 3217 2686 ac
3252 2632 3296 2686 si
3323 2629 3444 2699 quis

1876 2748 2058 2793 mente
2095 2734 2395 2805 perculsus,
2433 2733 2666 2803 gladium
2697 2734 2750 2786 in
2782 2732 3000 2787 obvium
3036 2742 3305 2798 quemque
3332 2725 3443 2778 dis-

1874 2828 2222 2899 tringendum
2255 2826 2636 2895 postulaverit,
2661 2823 2823 2893 idque
2855 2822 3116 2892 sapientis
3142 2834 3261 2873 esse
3296 2817 3442 2871 arbi-

1877 2926 2068 2971 tretur.
2105 2918 2304 2970 Amore
2340 2929 2502 2985 porro
2536 2913 2827 2980 voluptatis
2854 2912 3085 2972 irretita,
3121 2923 3241 2962 eam
3293 2905 3444 2959 varie

1875 3022 2129 3064 exercere
2163 3007 2352 3077 cmpit.
2383 3006 2514 3058 Cum
2545 3004 2689 3058 enim
2725 3018 2790 3056 ex
2830 3012 3019 3056 natura
3062 3016 3156 3053 sua
3184 3001 3255 3053 sit
3284 2997 3442 3052 facile

1875 3096 2108 3163 mobilis,
2148 3095 2361 3150 tametsi
2395 3094 2462 3148 ab
2495 3094 2581 3149 his
2612 3108 2729 3161 quae
2760 3092 2897 3145 bona
2921 3101 3046 3145 sunt
3074 3105 3193 3145 sese
3221 3090 3439 3153 avertit,

1879 3188 2081 3242 moveri
2116 3197 2295 3241 tamen
2331 3201 2436 3239 non
2476 3184 2691 3238 desinit.
2722 3182 2969 3238 Movetur
2997 3180 3307 3252 ita'quejam
3335 3197 3439 3234 non

221 3270 331 3322 ἀλλὰ
351 3272 411 3325 τὰ
440 3275 513 3346 μὴ
544 3275 682 3327 ὄντα
716 3274 1061 3345 λογιζομένη,
1092 3275 1151 3327 τὸ
1187 3276 1383 3346 ἑαυτῆς
1410 3275 1632 3329 δυνατὸν
1674 3292 1771 3345 με-

1876 3278 2171 3335 secundum
2213 3276 2492 3342 virtutem,
2528 3290 2706 3344 neque
2762 3284 2817 3327 ut
2870 3274 3040 3328 Deum
3090 3275 3305 3327 videat:
3345 3275 3439 3329 sed

221 3366 417 3425 ταποιεῖ,
443 3365 856 3435 καταχρωμένη
881 3365 1052 3435 τούτῳ
1076 3366 1153 3428 είς
1178 3365 1243 3428 ἃς
1274 3365 1564 3436 ἐπενόησεν
1586 3365 1772 3417 ἐπιθυ-

224 3453 350 3518 μίας,
394 3457 511 3509 ἐπεὶ
564 3459 663 3511 καὶ
722 3456 1065 3522 αύτεξούσιος
1120 3458 1329 3526 γέγονε.
1384 3459 1615 3511 Δύναται
1663 3458 1768 3528 γὰρ

220 3542 383 3615 ὥσπερ
412 3548 547 3618 πρὸς
571 3550 641 3603 τὰ
673 3549 818 3601 καλὰ
849 3549 1045 3612 νεύειν,
1072 3548 1214 3602 οὕτω
1246 3551 1338 3603 καὶ
1372 3550 1438 3602 τὰ
1476 3550 1613 3602 καλὰ
1639 3550 1771 3603 ἀπο-

222 3638 546 3706 στρέφεσθαι·
581 3643 1039 3713 ἀποστρεφομένη
1073 3642 1211 3696 δὲτὸ
1244 3643 1424 3706 καλὸν,
1463 3643 1676 3707 πάντως
1703 3644 1770 3695 τὰ

221 3726 412 3781 ἐναντία
451 3731 763 3799 λογίζεταιο
807 3732 1115 3786 παύσασθαι
1145 3733 1254 3804 γὰρ
1283 3733 1509 3787 καθόλου
1548 3733 1641 3786 τοῦ
1683 3752 1767 3787 κι-

220 3818 401 3873 νεῖσθαι
444 3823 503 3875 οὐ
547 3823 796 3885 δύναται,
843 3824 941 3894 τὴν
989 3823 1148 3892 φύσιν
1191 3821 1344 3885 οὖσα,
1383 3822 1458 3886 ὡς
1487 3826 1765 3894 προεῖπον,

221 3906 489 3979 εὐκίνητος.
530 3914 640 3965 Καὶ
683 3911 1023 3980 γινώσκουσα
1054 3915 1113 3967 τὸ
1162 3914 1503 3978 αὐτεξούσιον
1550 3914 1763 3983 ἑαυτῆς,

219 3998 306 4068 ὁρᾷ
340 4003 527 4072 ἑαυτὴν
555 4004 819 4058 δύνασθαι
849 4006 967 4057 κατ’
997 4005 1280 4076 ἀμφότερα
1307 4010 1415 4071 τοῖς
1440 4007 1534 4059 τοῦ
1579 4006 1764 4076 σώμα-

220 4106 296 4152 τος
324 4093 493 4162 μέλεσι
526 4096 638 4165 (25)
683 4094 918 4165 χρᾶσθαι
946 4095 1025 4159 εῖς
1068 4112 1128 4148 τε
1167 4096 1235 4149 τὰ
1274 4096 1402 4149 ὂντα
1438 4097 1530 4149 καὶ
1576 4095 1643 4149 τὰ
1692 4095 1766 4167 μὴ

218 4182 356 4235 ὄντα·
387 4188 505 4240 ὄντα
534 4189 591 4241 δέ
636 4190 754 4241 ἐστι
792 4188 859 4241 τὰ
889 4189 1048 4254 καλὰ,
1080 4191 1180 4243 οὐκ
1219 4189 1347 4243 ὄντα
1378 4190 1435 4243 δέ
1464 4190 1534 4243 τὰ
1567 4188 1761 4259 φαῦλα.
1792 4216 1807 4241 κ

222 4272 369 4327 Ὄντα
411 4277 461 4329 δέ
506 4295 650 4348 φημι
690 4278 762 4330 τὰ
808 4279 947 4331 καλὰ
978 4279 1112 4350 (26),
1146 4279 1332 4332 καθότι
1375 4281 1440 4334 ἐκ
1483 4280 1577 4333 τοῦ
1616 4280 1765 4343 ὄντος

219 4357 340 4413 Θεοῦ
372 4365 435 4416 τὰ
462 4367 884 4437 παραδείγματα
934 4368 1078 4438 ἔχει’
1112 4371 1210 4423 ούκ
1254 4370 1381 4423 ὅντα
1415 4371 1469 4423 δὲ
1504 4371 1574 4424 τὰ
1621 4369 1766 4423 κακὰ

222 4449 364 4519 λέγω,
402 4458 584 4511 καθότι
627 4460 896 4522 ἐπινοίαις
928 4459 1229 4531 ἀνθρώπων
1274 4462 1373 4514 οὐκ
1404 4461 1531 4514 ὄντα
1564 4462 1766 4514 ἀναπέ-

220 4543 445 4601 πλασται.
492 4552 749 4620 Ἐχοντος
780 4552 887 4622 γὰρ
931 4552 1023 4603 τοῦ
1052 4552 1300 4623 σώματος
1338 4554 1646 4625 ὀφθαλμοὺς
1682 4556 1762 4618 εἰς

295 4636 382 4706 τὴν
405 4641 574 4694 κτίσιν
602 4644 757 4713 ὁρᾷν,
788 4644 881 4695 καὶ
911 4644 998 4697 διὰ
1023 4645 1125 4714 τῆς
1159 4643 1527 4717 παναρμονίου
1558 4645 1761 4717 ταύτης

218 4730 487 4797 συντάξεως
515 4734 806 4801 γινώσκειν
831 4735 920 4788 τὸν
954 4737 1319 4808 Δημιουργόνο
1349 4736 1562 4806 ἔχοντος
1587 4735 1643 4789 δὲ
1665 4737 1759 4790 καὶ

215 4820 363 4889 ἀλωὴν
387 4825 460 4887 είς
483 4826 819 4897 ἐπακρόασιν
852 4826 961 4878 τῶν
993 4828 1149 4881 θείων
1178 4827 1370 4895 λογίων
1398 4827 1492 4880 καὶ
1522 4825 1632 4879 τῶν
1664 4826 1754 4880 τοῦ

215 4907 337 4959 Θεοῦ
360 4913 553 4981 νόμων
590 4915 804 4985 ἔχοντος
835 4916 893 4968 δὲ
934 4918 1027 4970 καὶ
1059 4920 1276 4989 χεῖρας,
1315 4917 1396 4980 εἷς
1421 4934 1481 4969 τε
1516 4914 1613 4986 τὴν
1644 4914 1753 4969 τῶν

216 4998 491 5067 ἀναγκαίων
518 5008 801 5079 ἐνέργειαν
835 5007 931 5060 καὶ
961 5008 1177 5061 ἔκτασιν
1207 5009 1307 5079 τῆς
1343 5009 1477 5080 πρὸς
1509 5008 1600 5061 τὸν
1624 5008 1753 5061 Θεὸν

216 5088 376 5160 εὐχῆς·
400 5097 432 5165 ἡ
456 5098 598 5168 ψυχὴ
628 5099 915 5153 ἀποστᾶσα
941 5100 1039 5170 τῆς
1069 5100 1202 5170 πρὸς
1232 5099 1302 5153 τὰ
1328 5100 1471 5153 καλὰ
1498 5099 1749 5170 θεωρίας,

220 5178 303 5229 καὶ
323 5183 406 5251 τῆς
434 5188 489 5239 ἐν
528 5190 710 5252 αὐτοῖς
754 5190 1019 5261 κινήσεως
1039 5231 1055 5256 ,
1089 5190 1271 5245 λοιπὸν
1314 5191 1637 5261 πλανωμένη
1672 5209 1757 5244 κι-

219 5272 367 5324 νεῖται
400 5278 473 5340 εἰς
506 5280 574 5333 τὰ
621 5282 860 5335 ἐναντία.
910 5276 1041 5336 Εἶτα
1072 5283 1133 5336 τὸ
1163 5284 1386 5339 δυνατὸν
1429 5286 1645 5357 ἑαυτῆς,
1679 5286 1756 5350 ὡς

219 5367 448 5428 προεῖπον
467 5409 481 5432 ,
508 5372 692 5443 ὁρῶσα
712 5413 727 5438 ,
761 5374 857 5428 καὶ
890 5375 1065 5447 τούτῳ
1110 5378 1527 5449 καταχρωμένη,
1582 5377 1756 5432 ἐνενό-

285 5561 379 5639 [39)
408 5565 643 5643 Sesltera
678 5571 995 5643 ἐνδύματος,
1023 5573 1161 5627 Ibid.
1192 5576 1303 5643 haec
1334 5574 1493 5631 verba
1515 5615 1531 5641 ,
1572 5576 1631 5628 οὐ
1664 5593 1754 5629 το-

224 5646 385 5728 σοξξξν
410 5640 1089 5728 gnbuévaupdt‘tovndesunt
1114 5642 1445 5728 in‘Felckm;
1462 5647 1496 5698 5
1519 5662 1679 5728 anon:

288 5702 382 5772 (‘23)
410 5708 493 5762 Sic
515 5702 734 5779 Seguer.
768 5715 834 5766 At
860 5712 1013 5767 Colb.
1045 5722 1099 5767 et
1146 5713 1383 5770 Felekm.
1412 5714 1447 5768 2
1468 5732 1629 5771 anon.
1656 5716 1753 5769 ἐπ-

223 5767 688 5853 έδῇξῖξινχᾼιὶῖ-(ἶῖηιι
715 5782 899 5853 editis,
928 5782 1217 5853 ἀνέϐησαν.

289 5841 384 5907 tit)
419 5848 499 5903 Sic
528 5850 746 5917 Seguer.
773 5841 995 5909 Gobler.
1037 5841 1092 5908 et'
1119 5852 1355 5913 Felekm.
1397 5872 1415 5912 ι
1447 5871 1604 5911 anon.
1650 5856 1753 5910 Alii

1874 3371 2052 3424 inania
2088 3369 2355 3438 cogitans,
2389 3382 2512 3422 suas
2557 3366 2842 3420 facultates
2881 3365 2985 3420 alio
3029 3364 3305 3431 transfert,
3345 3365 3440 3420 iis-

1872 3478 1976 3533 que
2012 3464 2078 3515 ad
2119 3460 2408 3529 explendas
2446 3458 2995 3530 suasAcupiditates
3044 3456 3306 3523 abutitur,
3349 3466 3436 3510 ut-

1872 3563 1995 3623 pote
2022 3568 2142 3622 qua:
2168 3553 2333 3605 libera
2372 3552 2508 3605 facta
2534 3551 2624 3607 sit.
2661 3549 2730 3606 Ut
2756 3550 2898 3605 enim
2933 3564 2993 3605 se
3022 3550 3087 3602 ad
3126 3549 3264 3603 bona
3303 3563 3431 3603 eon~

1873 3656 2102 3711 vertere,
2141 3648 2218 3701 sic
2252 3645 2316 3699 ab
2346 3645 2532 3699 iisdem
2582 3660 2640 3699 se
2682 3653 2929 3698 avertere
2974 3651 3169 3712 potest.
3216 3644 3259 3696 A
3295 3643 3438 3698 bono

1871 3748 2051 3792 autem
2110 3752 2325 3801 aversa,
2373 3736 2644 3791 contraria
2685 3735 2906 3789 omnino
2958 3734 3177 3804 cogitat.
3223 3731 3356 3786 Nam
3406 3750 3436 3788 a

1871 3835 2017 3881 motu
2050 3825 2209 3894 plane
2261 3825 2540 3894 quiescere
2591 3840 2697 3879 non
2749 3832 2945 3895 potest,
2983 3823 3180 3893 quippe
3222 3838 3342 3893 quae
3369 3838 3436 3876 ex

1870 3929 2057 3973 natura
2091 3934 2211 3982 sua,
2251 3927 2309 3971 ut
2353 3918 2601 3986 superius
2636 3918 2766 3983 dixi,
2810 3917 2880 3971 sit
2928 3915 3301 3971 mobilissima.
3342 3914 3433 3967 Illa

1867 4024 1996 4079 ergo
2044 4007 2277 4079 propria:
2318 4008 2585 4061 libertatis
2615 4006 2859 4071 conscia,
2902 4005 3047 4059 videt
3078 4019 3136 4059 se
3174 4003 3433 4058 membris

1871 4103 1920 4155 in
1947 4109 2230 4169 utramque
2268 4110 2474 4168 partem
2506 4099 2581 4153 uti
2616 4112 2792 4169 posse,
2825 4106 2934 4151 tum
2965 4098 3031 4151 ad
3059 4111 3121 4151 ea
3150 4111 3267 4164 qua:
3288 4106 3433 4159 sunt,

1869 4203 1979 4247 tum
2008 4192 2075 4245 ad
2103 4207 2166 4246 ea
2195 4206 2314 4261 qua:
2342 4206 2443 4245 non
2475 4201 2621 4245 sunt.
2656 4190 2729 4243 Ea
2763 4199 2943 4243 autem
2969 4196 3116 4252 sunt,
3150 4190 3279 4257 quze‘
3294 4187 3434 4240 bona

1870 4293 2026 4339 sunt:
2074 4298 2137 4338 ea
2182 4298 2311 4338 vero
2358 4299 2463 4338 non
2497 4291 2642 4345 sunt,
2677 4296 2794 4350 qua:
2827 4280 2965 4333 mala
2996 4288 3139 4334 sunt.
3172 4277 3341 4332 Porro
3371 4294 3433 4333 ea

1864 4387 1986 4428 esse
2017 4372 2136 4426 dico
2164 4388 2284 4442 qua:
2316 4373 2458 4426 bona
2507 4382 2651 4433 sunt,
2690 4379 2960 4439 quatenus
3007 4383 3199 4421 eorum
3245 4382 3432 4422 exem-

1868 4463 2040 4532 plaria
2079 4473 2206 4518 sunt
2234 4462 2285 4516 in
2312 4463 2421 4517 Deo
2444 4463 2535 4531 qui
2570 4476 2699 4515 vere
2730 4470 2834 4514 est.
2880 4460 2956 4512 Ea
2991 4473 3117 4513 vero
3166 4472 3270 4511 non
3311 4471 3433 4510 esse

1866 4556 1986 4609 dico
2019 4569 2137 4624 qua:
2165 4555 2307 4608 mala
2333 4564 2479 4617 sunt,
2513 4565 2797 4623 quatenus,
2832 4566 2950 4605 cum
2979 4549 3116 4606 nihil
3144 4547 3272 4612 sint,
3303 4546 3432 4602 solis

1866 4645 2141 4700 hominum
2173 4643 2492 4699 commentis
2522 4642 2749 4697 conﬁcta
2778 4651 2926 4695 sunt.
2981 4639 3113 4695 Nam
3148 4655 3271 4694 cum
3299 4653 3428 4693 cor-

1864 4751 1967 4805 pus
1994 4735 2191 4788 habeat
2221 4735 2407 4790 oculos
2441 4733 2507 4788 ad
2549 4750 2637 4788 res
2688 4742 2898 4788 creatas
2929 4731 3211 4794 Videndas,
3262 4739 3318 4786 et
3362 4730 3431 4784 ad

1863 4825 2177 4880 Creatorem
2211 4840 2305 4893 per
2337 4823 2670 4890 aptissimam
2722 4824 3035 4878 earumdem
3067 4836 3245 4874 rerum
3276 4834 3430 4873 com-

1861 4916 2186 4985 positionem
2221 4916 2694 4983 cognoscendum:
2746 4927 2868 4967 cum
2914 4927 3075 4967 aures
3119 4910 3319 4965 habeat
3364 4909 3430 4963 ad

1862 5010 2043 5064 divina
2075 5007 2305 5062 oracula-
2326 5017 2380 5061 et
2422 5006 2515 5062 Dei
2554 5006 2699 5076 leges
2728 5005 3097 5060 audiendum:
3154 5018 3274 5058 eum
3315 5017 3430 5055 ma-

1866 5114 1966 5153 nus
1996 5098 2194 5153 habeat
2226 5079 2351 5151 cu‘Fn
2380 5097 2448 5152 ad
2480 5096 2787 5152 necessaria
2826 5092 3161 5165 peragenda,
3210 5101 3320 5145 tum
3361 5088 3428 5143 ad

1860 5205 1953 5246 eas
2002 5190 2055 5244 in
2106 5189 2360 5259 precibus
2407 5188 2778 5243 extendendas
2821 5206 2835 5241 :
2886 5189 3091 5255 anima,
3159 5185 3423 5242 bonorum

1863 5282 2318 5352 contemplatione
2342 5282 2588 5349 dimissa,
2623 5281 2710 5336 ubi
2738 5281 2789 5336 in
2828 5281 2912 5335 his
2939 5290 3141 5336 motum
3168 5288 3424 5332 exercere

1858 5375 2044 5439 desiit,
2102 5375 2159 5429 in
2226 5375 2502 5430 contraria
2553 5374 2665 5443 jam
2719 5388 2911 5429 errans
2977 5368 3179 5425 moveri
3236 5364 3421 5432 cmpil.

1858 5591 1979 5631 cum
2010 5576 2167 5630 editis
2191 5574 2419 5645 νομίζει,

1930 5647 2045 5717 ιὶὸ)
2076 5634 2304 5714 Sic
2326 5634 2483 5717 ἰὶοίυἴ
2496 5642 2674 5717 λΒηείι.
2704 5640 2912 5717 Anglic.
2936 5639 3153 5717 Gobler.
3178 5634 3421 5691 Felekm.

1864 5717 1886 5770 1
1927 5709 1981 5768 et
2009 5709 2044 5769 2
2075 5709 2393 5784 anouynms.
2425 5714 2526 5784 Alii
2559 5727 2679 5765 cum
2702 5709 3101 5784 editispépsor.

1931 5786 2184 5856 (213)(»ὑκ
2222 5776 2351 5856 ὂντα
2392 5783 2468 5856 δέ-
2500 5784 2569 5835 τὰ
2621 5780 2814 5856 φαῦλα.
2865 5776 3031 5833 Ὄντα
3069 5777 3123 5830 δέ
3172 5793 3310 5848 φημι
3354 5776 3423 5832 τὰ

1865 5866 1999 5911 mm
2026 5852 2221 5912 desunt
2250 5854 2301 5908 in
2331 5852 2490 5907 Busil.
2520 5861 2573 5907 et
2600 5853 2757 5919 Angl.
