  <div class='ocr_page' id='page_1' title='image "/cluster/home/n/w/nwhite01/storage/ocr_20150623/25/hvd.32044004972428/299.png"; bbox 0 0 4010 6562; ppageno 0'>
   <div class='ocr_carea' id='block_1_1' title="bbox 553 385 3793 460">
    <p class='ocr_par' dir='ltr' id='par_1_1' title="bbox 553 385 3793 460">
     <span class='ocr_line' id='line_1_1' title="bbox 553 385 3793 460; baseline -0.007 -2"><span class='ocrx_word' id='word_1_1' title='bbox 553 404 612 460; x_wconf 76' lang='grc'><strong>11</strong></span> <span class='ocrx_word' id='word_1_2' title='bbox 696 434 697 437; x_wconf 58' lang='grc' dir='ltr'><strong>η</strong></span> <span class='ocrx_word' id='word_1_3' title='bbox 1152 396 1208 453; x_wconf 93' lang='lat' dir='ltr'><strong>S.</strong></span> <span class='ocrx_word' id='word_1_4' title='bbox 1250 393 1619 451; x_wconf 73' lang='lat' dir='ltr'><strong>ATHANASII</strong></span> <span class='ocrx_word' id='word_1_5' title='bbox 1658 394 1808 449; x_wconf 74' lang='lat' dir='ltr'><strong>OPP.</strong></span> <span class='ocrx_word' id='word_1_6' title='bbox 1848 392 2025 447; x_wconf 84' lang='lat' dir='ltr'><strong>PARS</strong></span> <span class='ocrx_word' id='word_1_7' title='bbox 2066 392 2106 448; x_wconf 92' lang='grc' dir='ltr'><strong>Ι.</strong></span> <span class='ocrx_word' id='word_1_8' title='bbox 2143 423 2210 430; x_wconf 91' lang='grc'><strong>-</strong></span> <span class='ocrx_word' id='word_1_9' title='bbox 2246 388 2607 446; x_wconf 76' lang='lat' dir='ltr'><strong>HISTORICA</strong></span> <span class='ocrx_word' id='word_1_10' title='bbox 2648 386 2734 442; x_wconf 80' lang='lat' dir='ltr'><strong>ET</strong></span> <span class='ocrx_word' id='word_1_11' title='bbox 2768 385 3181 443; x_wconf 81' lang='lat' dir='ltr'><strong>DOGMATICA.</strong></span> <span class='ocrx_word' id='word_1_12' title='bbox 3724 388 3793 444; x_wconf 68' lang='grc' dir='ltr'>Ω</span> 
     </span>
    </p>
   </div>
   <div class='ocr_carea' id='block_1_2' title="bbox 550 502 2128 579">
    <p class='ocr_par' dir='ltr' id='par_1_2' title="bbox 550 510 2104 579">
     <span class='ocr_line' id='line_1_2' title="bbox 550 510 2104 579; baseline -0.007 -7"><span class='ocrx_word' id='word_1_13' title='bbox 550 516 754 573; x_wconf 81' lang='lat' dir='ltr'><strong>Deinde</strong></span> <span class='ocrx_word' id='word_1_14' title='bbox 782 514 895 569; x_wconf 89' lang='lat' dir='ltr'><strong>suis</strong></span> <span class='ocrx_word' id='word_1_15' title='bbox 927 511 1292 578; x_wconf 76' lang='lat' dir='ltr'><strong>facultatibus,</strong></span> <span class='ocrx_word' id='word_1_16' title='bbox 1325 521 1382 563; x_wconf 92' lang='lat' dir='ltr'><strong>ut</strong></span> <span class='ocrx_word' id='word_1_17' title='bbox 1407 510 1540 574; x_wconf 83' lang='lat' dir='ltr'><strong>dixi,</strong></span> <span class='ocrx_word' id='word_1_18' title='bbox 1570 510 1883 579; x_wconf 86' lang='lat' dir='ltr'><strong>perspectis.</strong></span> <span class='ocrx_word' id='word_1_19' title='bbox 1912 510 2104 578; x_wconf 86' lang='lat' dir='ltr'><strong>hisque</strong></span> 
     </span>
    </p>
   </div>
   <div class='ocr_carea' id='block_1_3' title="bbox 2231 502 3791 579">
    <p class='ocr_par' dir='ltr' id='par_1_3' title="bbox 2231 502 3791 578">
     <span class='ocr_line' id='line_1_3' title="bbox 2231 502 3791 578; baseline -0.002 -17"><span class='ocrx_word' id='word_1_20' title='bbox 2231 525 2365 578; x_wconf 66' lang='grc' dir='ltr'>ισεν,</span> <span class='ocrx_word' id='word_1_21' title='bbox 2408 508 2490 560; x_wconf 82' lang='grc' dir='ltr'><strong>ὅτι</strong></span> <span class='ocrx_word' id='word_1_22' title='bbox 2518 508 2612 561; x_wconf 74' lang='grc' dir='ltr'><strong>καὶ</strong></span> <span class='ocrx_word' id='word_1_23' title='bbox 2644 507 2721 569; x_wconf 82' lang='grc' dir='ltr'><strong>εἰς</strong></span> <span class='ocrx_word' id='word_1_24' title='bbox 2762 505 2830 557; x_wconf 75' lang='grc' dir='ltr'>τὰ</span> <span class='ocrx_word' id='word_1_25' title='bbox 2874 503 3089 558; x_wconf 75' lang='grc' dir='ltr'>ἐναντία</span> <span class='ocrx_word' id='word_1_26' title='bbox 3130 502 3353 557; x_wconf 87' lang='grc' dir='ltr'>δύναται</span> <span class='ocrx_word' id='word_1_27' title='bbox 3394 505 3565 557; x_wconf 82' lang='grc' dir='ltr'>κινεῖν</span> <span class='ocrx_word' id='word_1_28' title='bbox 3595 502 3665 556; x_wconf 76' lang='grc' dir='ltr'>τὰ</span> <span class='ocrx_word' id='word_1_29' title='bbox 3694 505 3791 558; x_wconf 79' lang='grc' dir='ltr'><strong>τοῦ</strong></span> 
     </span>
    </p>
   </div>
   <div class='ocr_carea' id='block_1_4' title="bbox 552 603 2109 672">
    <p class='ocr_par' dir='ltr' id='par_1_4' title="bbox 552 603 2109 672">
     <span class='ocr_line' id='line_1_4' title="bbox 552 603 2109 672; baseline -0.006 -10"><span class='ocrx_word' id='word_1_30' title='bbox 552 609 803 670; x_wconf 90' lang='lat' dir='ltr'><strong>abutens,</strong></span> <span class='ocrx_word' id='word_1_31' title='bbox 836 604 1101 661; x_wconf 81' lang='lat' dir='ltr'><strong>intellexit</strong></span> <span class='ocrx_word' id='word_1_32' title='bbox 1130 619 1187 658; x_wconf 90' lang='lat' dir='ltr'><strong>se</strong></span> <span class='ocrx_word' id='word_1_33' title='bbox 1212 603 1458 672; x_wconf 90' lang='lat' dir='ltr'><strong>corporis</strong></span> <span class='ocrx_word' id='word_1_34' title='bbox 1489 604 1729 657; x_wconf 88' lang='lat' dir='ltr'><strong>membra</strong></span> <span class='ocrx_word' id='word_1_35' title='bbox 1757 617 1919 670; x_wconf 83' lang='lat' dir='ltr'><strong>posse</strong></span> <span class='ocrx_word' id='word_1_36' title='bbox 1947 603 2109 655; x_wconf 88' lang='lat' dir='ltr'><strong>etiam</strong></span> 
     </span>
    </p>
   </div>
   <div class='ocr_carea' id='block_1_5' title="bbox 554 693 2117 762">
    <p class='ocr_par' dir='ltr' id='par_1_5' title="bbox 554 693 2117 762">
     <span class='ocr_line' id='line_1_5' title="bbox 554 693 2117 762; baseline -0.004 -8"><span class='ocrx_word' id='word_1_37' title='bbox 554 700 608 754; x_wconf 90' lang='lat' dir='ltr'><strong>in</strong></span> <span class='ocrx_word' id='word_1_38' title='bbox 651 698 924 752; x_wconf 89' lang='lat' dir='ltr'><strong>contraria</strong></span> <span class='ocrx_word' id='word_1_39' title='bbox 993 710 1233 750; x_wconf 85' lang='lat' dir='ltr'><strong>movere.</strong></span> <span class='ocrx_word' id='word_1_40' title='bbox 1278 694 1413 749; x_wconf 83' lang='lat' dir='ltr'><strong>Hinc</strong></span> <span class='ocrx_word' id='word_1_41' title='bbox 1459 694 1579 748; x_wconf 90' lang='lat' dir='ltr'><strong>loco</strong></span> <span class='ocrx_word' id='word_1_42' title='bbox 1644 693 2117 762; x_wconf 73' lang='lat' dir='ltr'><strong>contemplationis</strong></span> 
     </span>
    </p>
   </div>
   <div class='ocr_carea' id='block_1_6' title="bbox 554 782 2116 851">
    <p class='ocr_par' dir='ltr' id='par_1_6' title="bbox 554 782 2116 851">
     <span class='ocr_line' id='line_1_6' title="bbox 554 782 2116 851; baseline -0.001 -14"><span class='ocrx_word' id='word_1_43' title='bbox 554 794 784 848; x_wconf 72' lang='lat' dir='ltr'><strong>naturzn,</strong></span> <span class='ocrx_word' id='word_1_44' title='bbox 823 784 1010 837; x_wconf 89' lang='lat' dir='ltr'><strong>oculos</strong></span> <span class='ocrx_word' id='word_1_45' title='bbox 1038 785 1101 836; x_wconf 91' lang='lat' dir='ltr'><strong>ad</strong></span> <span class='ocrx_word' id='word_1_46' title='bbox 1132 782 1459 851; x_wconf 73' lang='lat' dir='ltr'><strong>cupiditates</strong></span> <span class='ocrx_word' id='word_1_47' title='bbox 1484 783 1775 845; x_wconf 75' lang='lat' dir='ltr'><strong>convertit,</strong></span> <span class='ocrx_word' id='word_1_48' title='bbox 1806 798 1863 837; x_wconf 91' lang='lat' dir='ltr'><strong>se</strong></span> <span class='ocrx_word' id='word_1_49' title='bbox 1896 782 1945 835; x_wconf 87' lang='lat' dir='ltr'><strong>id</strong></span> <span class='ocrx_word' id='word_1_50' title='bbox 1981 798 2116 851; x_wconf 87' lang='lat' dir='ltr'><strong>quo-</strong></span> 
     </span>
    </p>
   </div>
   <div class='ocr_carea' id='block_1_7' title="bbox 556 869 2117 943">
    <p class='ocr_par' dir='ltr' id='par_1_7' title="bbox 556 869 2117 943">
     <span class='ocr_line' id='line_1_7' title="bbox 556 869 2117 943; baseline -0.004 -16"><span class='ocrx_word' id='word_1_51' title='bbox 556 888 660 943; x_wconf 89' lang='lat' dir='ltr'><strong>que</strong></span> <span class='ocrx_word' id='word_1_52' title='bbox 685 888 844 942; x_wconf 85' lang='lat' dir='ltr'><strong>posse</strong></span> <span class='ocrx_word' id='word_1_53' title='bbox 872 872 1189 938; x_wconf 86' lang='lat' dir='ltr'><strong>ostendens,</strong></span> <span class='ocrx_word' id='word_1_54' title='bbox 1228 880 1389 938; x_wconf 84' lang='lat' dir='ltr'><strong>atque</strong></span> <span class='ocrx_word' id='word_1_55' title='bbox 1429 870 1769 935; x_wconf 76' lang='lat' dir='ltr'><strong>existimans,</strong></span> <span class='ocrx_word' id='word_1_56' title='bbox 1826 869 2117 923; x_wconf 88' lang='lat' dir='ltr'><strong>dummodo</strong></span> 
     </span>
    </p>
   </div>
   <div class='ocr_carea' id='block_1_8' title="bbox 555 960 2115 1031">
    <p class='ocr_par' dir='ltr' id='par_1_8' title="bbox 555 960 2115 1031">
     <span class='ocr_line' id='line_1_8' title="bbox 555 960 2115 1031; baseline -0.004 -12"><span class='ocrx_word' id='word_1_57' title='bbox 555 974 861 1028; x_wconf 82' lang='lat' dir='ltr'><strong>moveatur,</strong></span> <span class='ocrx_word' id='word_1_58' title='bbox 909 981 967 1019; x_wconf 88' lang='lat' dir='ltr'><strong>se</strong></span> <span class='ocrx_word' id='word_1_59' title='bbox 1009 978 1159 1019; x_wconf 88' lang='lat' dir='ltr'><strong>suam</strong></span> <span class='ocrx_word' id='word_1_60' title='bbox 1210 960 1529 1031; x_wconf 84' lang='lat' dir='ltr'><strong>dignitatem</strong></span> <span class='ocrx_word' id='word_1_61' title='bbox 1572 976 1812 1024; x_wconf 87' lang='lat' dir='ltr'><strong>servare,</strong></span> <span class='ocrx_word' id='word_1_62' title='bbox 1860 976 1960 1014; x_wconf 90' lang='lat' dir='ltr'><strong>nec</strong></span> <span class='ocrx_word' id='word_1_63' title='bbox 1995 974 2115 1030; x_wconf 80' lang='lat' dir='ltr'><strong>pec-</strong></span> 
     </span>
    </p>
   </div>
   <div class='ocr_carea' id='block_1_9' title="bbox 557 1051 2118 1124">
    <p class='ocr_par' dir='ltr' id='par_1_9' title="bbox 557 1051 2118 1124">
     <span class='ocr_line' id='line_1_9' title="bbox 557 1051 2118 1124; baseline -0.003 -13"><span class='ocrx_word' id='word_1_64' title='bbox 557 1072 702 1121; x_wconf 87' lang='lat' dir='ltr'><strong>care,</strong></span> <span class='ocrx_word' id='word_1_65' title='bbox 749 1057 999 1111; x_wconf 83' lang='lat' dir='ltr'><strong>faciendo</strong></span> <span class='ocrx_word' id='word_1_66' title='bbox 1057 1055 1201 1124; x_wconf 88' lang='lat' dir='ltr'><strong>quod</strong></span> <span class='ocrx_word' id='word_1_67' title='bbox 1256 1064 1449 1122; x_wconf 85' lang='lat' dir='ltr'><strong>potest.</strong></span> <span class='ocrx_word' id='word_1_68' title='bbox 1502 1051 1696 1107; x_wconf 82' lang='lat' dir='ltr'><strong>Verum</strong></span> <span class='ocrx_word' id='word_1_69' title='bbox 1736 1054 2015 1121; x_wconf 82' lang='lat' dir='ltr'><strong>ignorabat</strong></span> <span class='ocrx_word' id='word_1_70' title='bbox 2061 1066 2118 1106; x_wconf 89' lang='lat' dir='ltr'><strong>se</strong></span> 
     </span>
    </p>
   </div>
   <div class='ocr_carea' id='block_1_10' title="bbox 555 1144 2118 1212">
    <p class='ocr_par' dir='ltr' id='par_1_10' title="bbox 555 1144 2118 1212">
     <span class='ocr_line' id='line_1_10' title="bbox 555 1144 2118 1212; baseline -0.004 -10"><span class='ocrx_word' id='word_1_71' title='bbox 555 1158 797 1204; x_wconf 87' lang='lat' dir='ltr'><strong>creatam</strong></span> <span class='ocrx_word' id='word_1_72' title='bbox 828 1163 971 1210; x_wconf 90' lang='lat' dir='ltr'><strong>esse,</strong></span> <span class='ocrx_word' id='word_1_73' title='bbox 1008 1162 1113 1201; x_wconf 92' lang='lat' dir='ltr'><strong>non</strong></span> <span class='ocrx_word' id='word_1_74' title='bbox 1141 1156 1197 1198; x_wconf 94' lang='lat' dir='ltr'><strong>ut</strong></span> <span class='ocrx_word' id='word_1_75' title='bbox 1238 1144 1562 1212; x_wconf 88' lang='lat' dir='ltr'><strong>simpliciter</strong></span> <span class='ocrx_word' id='word_1_76' title='bbox 1592 1153 1918 1206; x_wconf 84' lang='lat' dir='ltr'><strong>moveretur,</strong></span> <span class='ocrx_word' id='word_1_77' title='bbox 1944 1144 2037 1196; x_wconf 88' lang='lat' dir='ltr'><strong>sed</strong></span> <span class='ocrx_word' id='word_1_78' title='bbox 2061 1151 2118 1195; x_wconf 91' lang='lat' dir='ltr'><strong>ut</strong></span> 
     </span>
    </p>
   </div>
   <div class='ocr_carea' id='block_1_11' title="bbox 557 1231 2117 1309">
    <p class='ocr_par' dir='ltr' id='par_1_11' title="bbox 557 1231 2117 1309">
     <span class='ocr_line' id='line_1_11' title="bbox 557 1231 2117 1309; baseline -0.008 -13"><span class='ocrx_word' id='word_1_79' title='bbox 557 1242 625 1299; x_wconf 84' lang='lat' dir='ltr'><strong>ad</strong></span> <span class='ocrx_word' id='word_1_80' title='bbox 657 1256 718 1295; x_wconf 88' lang='lat' dir='ltr'><strong>ea</strong></span> <span class='ocrx_word' id='word_1_81' title='bbox 756 1256 873 1309; x_wconf 76' lang='lat' dir='ltr'><strong>qua:</strong></span> <span class='ocrx_word' id='word_1_82' title='bbox 901 1246 1117 1309; x_wconf 90' lang='lat' dir='ltr'><strong>oportet</strong></span> <span class='ocrx_word' id='word_1_83' title='bbox 1144 1247 1473 1301; x_wconf 87' lang='lat' dir='ltr'><strong>moveretur,</strong></span> <span class='ocrx_word' id='word_1_84' title='bbox 1508 1245 1568 1288; x_wconf 91' lang='lat' dir='ltr'><strong>ut</strong></span> <span class='ocrx_word' id='word_1_85' title='bbox 1602 1236 1714 1289; x_wconf 64' lang='lat' dir='ltr'><strong>haec</strong></span> <span class='ocrx_word' id='word_1_86' title='bbox 1752 1249 1852 1288; x_wconf 79' lang='lat' dir='ltr'><strong>vox</strong></span> <span class='ocrx_word' id='word_1_87' title='bbox 1875 1231 2117 1302; x_wconf 86' lang='lat' dir='ltr'><strong>Apostoli</strong></span> 
     </span>
    </p>
   </div>
   <div class='ocr_carea' id='block_1_12' title="bbox 555 1325 2119 1398">
    <p class='ocr_par' dir='ltr' id='par_1_12' title="bbox 555 1325 2119 1398">
     <span class='ocr_line' id='line_1_12' title="bbox 555 1325 2119 1398; baseline -0.005 -14"><span class='ocrx_word' id='word_1_88' title='bbox 555 1331 758 1398; x_wconf 90' lang='lat' dir='ltr'><strong>optime</strong></span> <span class='ocrx_word' id='word_1_89' title='bbox 780 1336 1001 1385; x_wconf 88' lang='lat' dir='ltr'><strong>mouet:</strong></span> <span class='ocrx_word' id='word_1_90' title='bbox 1044 1326 1240 1387; x_wconf 80' lang='lat' dir='ltr'><strong>Omnia</strong></span> <span class='ocrx_word' id='word_1_91' title='bbox 1272 1327 1449 1392; x_wconf 78' lang='lat' dir='ltr'><strong>licent,</strong></span> <span class='ocrx_word' id='word_1_92' title='bbox 1486 1328 1575 1380; x_wconf 81' lang='lat' dir='ltr'><strong>sed</strong></span> <span class='ocrx_word' id='word_1_93' title='bbox 1618 1343 1721 1380; x_wconf 84' lang='lat' dir='ltr'><strong>non</strong></span> <span class='ocrx_word' id='word_1_94' title='bbox 1750 1325 1924 1380; x_wconf 81' lang='lat' dir='ltr'><strong>omnia</strong></span> <span class='ocrx_word' id='word_1_95' title='bbox 1963 1338 2119 1392; x_wconf 72' lang='lat' dir='ltr'><strong>expe-</strong></span> 
     </span>
    </p>
   </div>
   <div class='ocr_carea' id='block_1_13' title="bbox 554 1422 775 1479">
    <p class='ocr_par' dir='ltr' id='par_1_13' title="bbox 554 1422 775 1479">
     <span class='ocr_line' id='line_1_13' title="bbox 554 1422 775 1479; baseline -0.009 0"><span class='ocrx_word' id='word_1_96' title='bbox 554 1422 708 1479; x_wconf 79' lang='lat' dir='ltr'><strong>diunt</strong></span> <span class='ocrx_word' id='word_1_97' title='bbox 730 1423 775 1477; x_wconf 76' lang='lat'><strong>’.</strong></span> 
     </span>
    </p>
   </div>
   <div class='ocr_carea' id='block_1_14' title="bbox 629 1504 2112 1575">
    <p class='ocr_par' dir='ltr' id='par_1_14' title="bbox 629 1504 2112 1575">
     <span class='ocr_line' id='line_1_14' title="bbox 629 1504 2112 1575; baseline -0.006 -10"><span class='ocrx_word' id='word_1_98' title='bbox 629 1510 678 1565; x_wconf 87' lang='lat'><strong>5.</strong></span> <span class='ocrx_word' id='word_1_99' title='bbox 707 1512 775 1568; x_wconf 86' lang='lat' dir='ltr'><strong>At</strong></span> <span class='ocrx_word' id='word_1_100' title='bbox 807 1510 1084 1567; x_wconf 89' lang='lat' dir='ltr'><strong>hominum</strong></span> <span class='ocrx_word' id='word_1_101' title='bbox 1112 1509 1337 1565; x_wconf 85' lang='lat' dir='ltr'><strong>audacia</strong></span> <span class='ocrx_word' id='word_1_102' title='bbox 1368 1523 1473 1564; x_wconf 92' lang='lat' dir='ltr'><strong>non</strong></span> <span class='ocrx_word' id='word_1_103' title='bbox 1504 1508 1570 1560; x_wconf 90' lang='lat' dir='ltr'><strong>ad</strong></span> <span class='ocrx_word' id='word_1_104' title='bbox 1598 1509 1649 1563; x_wconf 88' lang='lat' dir='ltr'><strong>id</strong></span> <span class='ocrx_word' id='word_1_105' title='bbox 1686 1506 1828 1575; x_wconf 92' lang='lat' dir='ltr'><strong>quod</strong></span> <span class='ocrx_word' id='word_1_106' title='bbox 1858 1504 2112 1573; x_wconf 80' lang='lat' dir='ltr'><strong>expedie-</strong></span> 
     </span>
    </p>
   </div>
   <div class='ocr_carea' id='block_1_15' title="bbox 556 1596 2114 1667">
    <p class='ocr_par' dir='ltr' id='par_1_15' title="bbox 556 1596 2114 1667">
     <span class='ocr_line' id='line_1_15' title="bbox 556 1596 2114 1667; baseline -0.004 -13"><span class='ocrx_word' id='word_1_107' title='bbox 556 1599 652 1660; x_wconf 86' lang='lat' dir='ltr'><strong>bat</strong></span> <span class='ocrx_word' id='word_1_108' title='bbox 687 1609 742 1653; x_wconf 93' lang='lat' dir='ltr'><strong>et</strong></span> <span class='ocrx_word' id='word_1_109' title='bbox 777 1599 1021 1661; x_wconf 89' lang='lat' dir='ltr'><strong>decebat,</strong></span> <span class='ocrx_word' id='word_1_110' title='bbox 1078 1599 1173 1653; x_wconf 88' lang='lat' dir='ltr'><strong>sed</strong></span> <span class='ocrx_word' id='word_1_111' title='bbox 1210 1600 1276 1652; x_wconf 90' lang='lat' dir='ltr'><strong>ad</strong></span> <span class='ocrx_word' id='word_1_112' title='bbox 1309 1598 1361 1653; x_wconf 92' lang='lat' dir='ltr'><strong>id</strong></span> <span class='ocrx_word' id='word_1_113' title='bbox 1391 1596 1533 1667; x_wconf 92' lang='lat' dir='ltr'><strong>quod</strong></span> <span class='ocrx_word' id='word_1_114' title='bbox 1564 1605 1775 1666; x_wconf 86' lang='lat' dir='ltr'><strong>poterat</strong></span> <span class='ocrx_word' id='word_1_115' title='bbox 1814 1597 2114 1659; x_wconf 83' lang='lat' dir='ltr'><strong>attendens,</strong></span> 
     </span>
    </p>
   </div>
   <div class='ocr_carea' id='block_1_16' title="bbox 559 1686 2116 1758">
    <p class='ocr_par' dir='ltr' id='par_1_16' title="bbox 559 1686 2116 1758">
     <span class='ocr_line' id='line_1_16' title="bbox 559 1686 2116 1758; baseline -0.005 -13"><span class='ocrx_word' id='word_1_116' title='bbox 559 1691 830 1750; x_wconf 88' lang='lat' dir='ltr'><strong>contraria</strong></span> <span class='ocrx_word' id='word_1_117' title='bbox 861 1704 1026 1758; x_wconf 83' lang='lat' dir='ltr'><strong>agere</strong></span> <span class='ocrx_word' id='word_1_118' title='bbox 1073 1690 1278 1758; x_wconf 69' lang='lat' dir='ltr'><strong>cmpit:</strong></span> <span class='ocrx_word' id='word_1_119' title='bbox 1314 1690 1452 1742; x_wconf 90' lang='lat' dir='ltr'><strong>unde</strong></span> <span class='ocrx_word' id='word_1_120' title='bbox 1486 1697 1539 1741; x_wconf 89' lang='lat' dir='ltr'><strong>et</strong></span> <span class='ocrx_word' id='word_1_121' title='bbox 1576 1700 1766 1741; x_wconf 88' lang='lat' dir='ltr'><strong>manus</strong></span> <span class='ocrx_word' id='word_1_122' title='bbox 1810 1686 1861 1739; x_wconf 91' lang='lat' dir='ltr'><strong>in</strong></span> <span class='ocrx_word' id='word_1_123' title='bbox 1898 1694 2116 1738; x_wconf 88' lang='lat' dir='ltr'><strong>contra-</strong></span> 
     </span>
    </p>
   </div>
   <div class='ocr_carea' id='block_1_17' title="bbox 557 1778 2113 1850">
    <p class='ocr_par' dir='ltr' id='par_1_17' title="bbox 557 1778 2113 1850">
     <span class='ocr_line' id='line_1_17' title="bbox 557 1778 2113 1850; baseline -0.004 -15"><span class='ocrx_word' id='word_1_124' title='bbox 557 1784 697 1843; x_wconf 79' lang='lat' dir='ltr'><strong>rium</strong></span> <span class='ocrx_word' id='word_1_125' title='bbox 725 1782 1155 1842; x_wconf 73' lang='lat' dir='ltr'><strong>movens,czedes</strong></span> <span class='ocrx_word' id='word_1_126' title='bbox 1172 1790 1483 1850; x_wconf 87' lang='lat' dir='ltr'><strong>perpetrare</strong></span> <span class='ocrx_word' id='word_1_127' title='bbox 1507 1779 1669 1849; x_wconf 83' lang='lat' dir='ltr'><strong>jussit</strong></span> <span class='ocrx_word' id='word_1_128' title='bbox 1697 1797 1710 1837; x_wconf 86' lang='lat'><strong>;</strong></span> <span class='ocrx_word' id='word_1_129' title='bbox 1736 1792 1892 1831; x_wconf 88' lang='lat' dir='ltr'><strong>aures</strong></span> <span class='ocrx_word' id='word_1_130' title='bbox 1916 1778 1979 1830; x_wconf 89' lang='lat' dir='ltr'><strong>ad</strong></span> <span class='ocrx_word' id='word_1_131' title='bbox 2009 1791 2113 1831; x_wconf 90' lang='lat' dir='ltr'><strong>non</strong></span> 
     </span>
    </p>
   </div>
   <div class='ocr_carea' id='block_1_18' title="bbox 560 1853 2190 1931">
    <p class='ocr_par' dir='ltr' id='par_1_18' title="bbox 560 1853 2190 1931">
     <span class='ocr_line' id='line_1_18' title="bbox 560 1853 2190 1931; baseline -0.006 -2"><span class='ocrx_word' id='word_1_132' title='bbox 560 1874 917 1931; x_wconf 87' lang='lat' dir='ltr'><strong>obediendum</strong></span> <span class='ocrx_word' id='word_1_133' title='bbox 946 1873 1254 1926; x_wconf 83' lang='lat' dir='ltr'><strong>convertit:</strong></span> <span class='ocrx_word' id='word_1_134' title='bbox 1290 1870 1523 1924; x_wconf 88' lang='lat' dir='ltr'><strong>membra</strong></span> <span class='ocrx_word' id='word_1_135' title='bbox 1570 1869 1668 1923; x_wconf 87' lang='lat' dir='ltr'><strong>alia</strong></span> <span class='ocrx_word' id='word_1_136' title='bbox 1713 1870 1779 1923; x_wconf 89' lang='lat' dir='ltr'><strong>ad</strong></span> <span class='ocrx_word' id='word_1_137' title='bbox 1819 1869 2019 1922; x_wconf 88' lang='lat' dir='ltr'><strong>liberos</strong></span> <span class='ocrx_word' id='word_1_138' title='bbox 2046 1867 2119 1920; x_wconf 92' lang='lat' dir='ltr'><strong>le-</strong></span> <span class='ocrx_word' id='word_1_139' title='bbox 2150 1853 2190 1907; x_wconf 78' lang='grc' dir='ltr'>Β</span> 
     </span>
    </p>
   </div>
   <div class='ocr_carea' id='block_1_19' title="bbox 560 1959 2123 2036">
    <p class='ocr_par' dir='ltr' id='par_1_19' title="bbox 560 1959 2123 2036">
     <span class='ocr_line' id='line_1_19' title="bbox 560 1959 2123 2036; baseline -0.003 -20"><span class='ocrx_word' id='word_1_140' title='bbox 560 1964 748 2036; x_wconf 76' lang='lat' dir='ltr'><strong>gitime</strong></span> <span class='ocrx_word' id='word_1_141' title='bbox 782 1964 1147 2033; x_wconf 89' lang='lat' dir='ltr'><strong>procreandos</strong></span> <span class='ocrx_word' id='word_1_142' title='bbox 1175 1962 1321 2025; x_wconf 89' lang='lat' dir='ltr'><strong>data,</strong></span> <span class='ocrx_word' id='word_1_143' title='bbox 1370 1961 1575 2029; x_wconf 88' lang='lat' dir='ltr'><strong>stupris</strong></span> <span class='ocrx_word' id='word_1_144' title='bbox 1622 1968 1677 2014; x_wconf 91' lang='lat' dir='ltr'><strong>et</strong></span> <span class='ocrx_word' id='word_1_145' title='bbox 1721 1959 2001 2013; x_wconf 82' lang='lat' dir='ltr'><strong>adulteriis</strong></span> <span class='ocrx_word' id='word_1_146' title='bbox 2040 1959 2123 2013; x_wconf 82' lang='lat' dir='ltr'><strong>in-</strong></span> 
     </span>
    </p>
   </div>
   <div class='ocr_carea' id='block_1_20' title="bbox 559 2052 2120 2125">
    <p class='ocr_par' dir='ltr' id='par_1_20' title="bbox 559 2052 2120 2125">
     <span class='ocr_line' id='line_1_20' title="bbox 559 2052 2120 2125; baseline -0.004 -11"><span class='ocrx_word' id='word_1_147' title='bbox 559 2057 767 2114; x_wconf 84' lang='lat' dir='ltr'><strong>servire</strong></span> <span class='ocrx_word' id='word_1_148' title='bbox 802 2057 1044 2125; x_wconf 86' lang='lat' dir='ltr'><strong>permisit</strong></span> <span class='ocrx_word' id='word_1_149' title='bbox 1080 2073 1095 2109; x_wconf 88' lang='lat'><strong>:</strong></span> <span class='ocrx_word' id='word_1_150' title='bbox 1149 2055 1385 2124; x_wconf 81' lang='lat' dir='ltr'><strong>linguam</strong></span> <span class='ocrx_word' id='word_1_151' title='bbox 1419 2053 1569 2109; x_wconf 84' lang='lat' dir='ltr'><strong>nobis</strong></span> <span class='ocrx_word' id='word_1_152' title='bbox 1606 2053 1670 2106; x_wconf 88' lang='lat' dir='ltr'><strong>ad</strong></span> <span class='ocrx_word' id='word_1_153' title='bbox 1694 2052 2120 2109; x_wconf 77' lang='lat' dir='ltr'><strong>benedicendum</strong></span> 
     </span>
    </p>
   </div>
   <div class='ocr_carea' id='block_1_21' title="bbox 560 2146 2124 2214">
    <p class='ocr_par' dir='ltr' id='par_1_21' title="bbox 560 2146 2124 2214">
     <span class='ocr_line' id='line_1_21' title="bbox 560 2146 2124 2214; baseline -0.003 -11"><span class='ocrx_word' id='word_1_154' title='bbox 560 2163 896 2213; x_wconf 87' lang='lat' dir='ltr'><strong>concessam,</strong></span> <span class='ocrx_word' id='word_1_155' title='bbox 924 2149 988 2204; x_wconf 88' lang='lat' dir='ltr'><strong>ad</strong></span> <span class='ocrx_word' id='word_1_156' title='bbox 1018 2147 1454 2203; x_wconf 88' lang='lat' dir='ltr'><strong>calumniandum</strong></span> <span class='ocrx_word' id='word_1_157' title='bbox 1488 2146 2023 2214; x_wconf 85' lang='lat' dir='ltr'><strong>maledicendumque</strong></span> <span class='ocrx_word' id='word_1_158' title='bbox 2070 2151 2124 2198; x_wconf 89' lang='lat' dir='ltr'><strong>et</strong></span> 
     </span>
    </p>
   </div>
   <div class='ocr_carea' id='block_1_22' title="bbox 560 2234 2124 2310">
    <p class='ocr_par' dir='ltr' id='par_1_22' title="bbox 560 2234 2124 2310">
     <span class='ocr_line' id='line_1_22' title="bbox 560 2234 2124 2310; baseline -0.005 -15"><span class='ocrx_word' id='word_1_159' title='bbox 560 2240 910 2310; x_wconf 87' lang='lat' dir='ltr'><strong>pejerandum</strong></span> <span class='ocrx_word' id='word_1_160' title='bbox 935 2240 1217 2294; x_wconf 88' lang='lat' dir='ltr'><strong>adhibuit:</strong></span> <span class='ocrx_word' id='word_1_161' title='bbox 1253 2238 1502 2294; x_wconf 88' lang='lat' dir='ltr'><strong>manibus</strong></span> <span class='ocrx_word' id='word_1_162' title='bbox 1537 2237 1602 2289; x_wconf 88' lang='lat' dir='ltr'><strong>ad</strong></span> <span class='ocrx_word' id='word_1_163' title='bbox 1644 2234 1929 2289; x_wconf 83' lang='lat' dir='ltr'><strong>furandum</strong></span> <span class='ocrx_word' id='word_1_164' title='bbox 1961 2243 2015 2288; x_wconf 88' lang='lat' dir='ltr'><strong>et</strong></span> <span class='ocrx_word' id='word_1_165' title='bbox 2046 2234 2124 2288; x_wconf 87' lang='lat' dir='ltr'><strong>si-</strong></span> 
     </span>
    </p>
   </div>
   <div class='ocr_carea' id='block_1_23' title="bbox 561 2325 2123 2393">
    <p class='ocr_par' dir='ltr' id='par_1_23' title="bbox 561 2325 2123 2393">
     <span class='ocr_line' id='line_1_23' title="bbox 561 2325 2123 2393; baseline -0.002 -11"><span class='ocrx_word' id='word_1_166' title='bbox 561 2330 716 2388; x_wconf 85' lang='lat' dir='ltr'><strong>miles</strong></span> <span class='ocrx_word' id='word_1_167' title='bbox 737 2330 983 2384; x_wconf 87' lang='lat' dir='ltr'><strong>homines</strong></span> <span class='ocrx_word' id='word_1_168' title='bbox 1004 2330 1389 2393; x_wconf 85' lang='lat' dir='ltr'><strong>verberandos,</strong></span> <span class='ocrx_word' id='word_1_169' title='bbox 1419 2328 1642 2383; x_wconf 87' lang='lat' dir='ltr'><strong>odoratu</strong></span> <span class='ocrx_word' id='word_1_170' title='bbox 1670 2327 1736 2380; x_wconf 90' lang='lat' dir='ltr'><strong>ad</strong></span> <span class='ocrx_word' id='word_1_171' title='bbox 1760 2325 1943 2380; x_wconf 88' lang='lat' dir='ltr'><strong>varios</strong></span> <span class='ocrx_word' id='word_1_172' title='bbox 1968 2340 2123 2380; x_wconf 89' lang='lat' dir='ltr'><strong>ama-</strong></span> 
     </span>
    </p>
   </div>
   <div class='ocr_carea' id='block_1_24' title="bbox 560 2423 2125 2493">
    <p class='ocr_par' dir='ltr' id='par_1_24' title="bbox 560 2423 2125 2493">
     <span class='ocr_line' id='line_1_24' title="bbox 560 2423 2125 2493; baseline -0.003 -16"><span class='ocrx_word' id='word_1_173' title='bbox 560 2423 732 2477; x_wconf 92' lang='lat' dir='ltr'><strong>torios</strong></span> <span class='ocrx_word' id='word_1_174' title='bbox 760 2425 952 2477; x_wconf 88' lang='lat' dir='ltr'><strong>odores</strong></span> <span class='ocrx_word' id='word_1_175' title='bbox 984 2423 1335 2493; x_wconf 80' lang='lat' dir='ltr'><strong>indagandos,</strong></span> <span class='ocrx_word' id='word_1_176' title='bbox 1366 2423 1561 2492; x_wconf 87' lang='lat' dir='ltr'><strong>pedum</strong></span> <span class='ocrx_word' id='word_1_177' title='bbox 1590 2423 1870 2475; x_wconf 87' lang='lat' dir='ltr'><strong>celeritate</strong></span> <span class='ocrx_word' id='word_1_178' title='bbox 1900 2423 1966 2476; x_wconf 81' lang='lat' dir='ltr'><strong>ad</strong></span> <span class='ocrx_word' id='word_1_179' title='bbox 1999 2436 2125 2475; x_wconf 88' lang='lat' dir='ltr'><strong>san-</strong></span> 
     </span>
    </p>
   </div>
   <div class='ocr_carea' id='block_1_25' title="bbox 562 2511 2125 2583">
    <p class='ocr_par' dir='ltr' id='par_1_25' title="bbox 562 2511 2125 2583">
     <span class='ocr_line' id='line_1_25' title="bbox 562 2511 2125 2583; baseline 0 -17"><span class='ocrx_word' id='word_1_180' title='bbox 562 2513 778 2583; x_wconf 78' lang='lat' dir='ltr'><strong>guinem</strong></span> <span class='ocrx_word' id='word_1_181' title='bbox 809 2512 1187 2571; x_wconf 75' lang='lat' dir='ltr'><strong>emindendum</strong></span> <span class='ocrx_word' id='word_1_182' title='bbox 1229 2512 1395 2566; x_wconf 89' lang='lat' dir='ltr'><strong>abusa</strong></span> <span class='ocrx_word' id='word_1_183' title='bbox 1432 2522 1514 2567; x_wconf 89' lang='lat' dir='ltr'><strong>est</strong></span> <span class='ocrx_word' id='word_1_184' title='bbox 1551 2530 1563 2565; x_wconf 90' lang='lat'><strong>:</strong></span> <span class='ocrx_word' id='word_1_185' title='bbox 1608 2521 1848 2565; x_wconf 86' lang='lat' dir='ltr'><strong>ventrem</strong></span> <span class='ocrx_word' id='word_1_186' title='bbox 1896 2511 2125 2579; x_wconf 84' lang='lat' dir='ltr'><strong>denique</strong></span> 
     </span>
    </p>
   </div>
   <div class='ocr_carea' id='block_1_26' title="bbox 562 2602 2122 2671">
    <p class='ocr_par' dir='ltr' id='par_1_26' title="bbox 562 2602 2122 2671">
     <span class='ocr_line' id='line_1_26' title="bbox 562 2602 2122 2671; baseline -0.001 -15"><span class='ocrx_word' id='word_1_187' title='bbox 562 2603 811 2663; x_wconf 81' lang='lat' dir='ltr'><strong>ebrietati</strong></span> <span class='ocrx_word' id='word_1_188' title='bbox 845 2613 900 2656; x_wconf 89' lang='lat' dir='ltr'><strong>et</strong></span> <span class='ocrx_word' id='word_1_189' title='bbox 925 2602 1231 2671; x_wconf 77' lang='lat' dir='ltr'><strong>inexplebili</strong></span> <span class='ocrx_word' id='word_1_190' title='bbox 1257 2604 1491 2656; x_wconf 88' lang='lat' dir='ltr'><strong>satietati</strong></span> <span class='ocrx_word' id='word_1_191' title='bbox 1524 2603 1705 2666; x_wconf 86' lang='lat' dir='ltr'><strong>dedit;</strong></span> <span class='ocrx_word' id='word_1_192' title='bbox 1742 2617 1859 2671; x_wconf 69' lang='lat' dir='ltr'><strong>qua:</strong></span> <span class='ocrx_word' id='word_1_193' title='bbox 1910 2602 2122 2669; x_wconf 89' lang='lat' dir='ltr'><strong>quidem</strong></span> 
     </span>
    </p>
   </div>
   <div class='ocr_carea' id='block_1_27' title="bbox 558 2694 2124 2764">
    <p class='ocr_par' dir='ltr' id='par_1_27' title="bbox 558 2694 2124 2764">
     <span class='ocr_line' id='line_1_27' title="bbox 558 2694 2124 2764; baseline 0.001 -17"><span class='ocrx_word' id='word_1_194' title='bbox 558 2696 764 2760; x_wconf 89' lang='lat' dir='ltr'><strong>omnia,</strong></span> <span class='ocrx_word' id='word_1_195' title='bbox 794 2696 923 2751; x_wconf 88' lang='lat' dir='ltr'><strong>vitia</strong></span> <span class='ocrx_word' id='word_1_196' title='bbox 956 2705 1009 2753; x_wconf 87' lang='lat' dir='ltr'><strong>et</strong></span> <span class='ocrx_word' id='word_1_197' title='bbox 1032 2705 1249 2764; x_wconf 80' lang='lat' dir='ltr'><strong>peccata</strong></span> <span class='ocrx_word' id='word_1_198' title='bbox 1287 2705 1413 2749; x_wconf 89' lang='lat' dir='ltr'><strong>sunt</strong></span> <span class='ocrx_word' id='word_1_199' title='bbox 1445 2696 1663 2758; x_wconf 72' lang='lat' dir='ltr'><strong>animae,</strong></span> <span class='ocrx_word' id='word_1_200' title='bbox 1706 2710 1935 2763; x_wconf 89' lang='lat' dir='ltr'><strong>quorum</strong></span> <span class='ocrx_word' id='word_1_201' title='bbox 1981 2694 2124 2749; x_wconf 86' lang='lat' dir='ltr'><strong>nulla</strong></span> 
     </span>
    </p>
   </div>
   <div class='ocr_carea' id='block_1_28' title="bbox 562 2786 2124 2855">
    <p class='ocr_par' dir='ltr' id='par_1_28' title="bbox 562 2786 2124 2855">
     <span class='ocr_line' id='line_1_28' title="bbox 562 2786 2124 2855; baseline 0.002 -17"><span class='ocrx_word' id='word_1_202' title='bbox 562 2786 668 2847; x_wconf 84' lang='lat' dir='ltr'><strong>alia</strong></span> <span class='ocrx_word' id='word_1_203' title='bbox 716 2801 877 2841; x_wconf 88' lang='lat' dir='ltr'><strong>causa</strong></span> <span class='ocrx_word' id='word_1_204' title='bbox 911 2796 1013 2853; x_wconf 87' lang='lat' dir='ltr'><strong>est,</strong></span> <span class='ocrx_word' id='word_1_205' title='bbox 1043 2801 1203 2855; x_wconf 89' lang='lat' dir='ltr'><strong>quam</strong></span> <span class='ocrx_word' id='word_1_206' title='bbox 1234 2787 1374 2855; x_wconf 90' lang='lat' dir='ltr'><strong>quod</strong></span> <span class='ocrx_word' id='word_1_207' title='bbox 1414 2800 1473 2840; x_wconf 91' lang='lat' dir='ltr'><strong>se</strong></span> <span class='ocrx_word' id='word_1_208' title='bbox 1510 2801 1539 2839; x_wconf 90' lang='lat' dir='ltr'><strong>a</strong></span> <span class='ocrx_word' id='word_1_209' title='bbox 1573 2786 1737 2841; x_wconf 87' lang='lat' dir='ltr'><strong>rebus</strong></span> <span class='ocrx_word' id='word_1_210' title='bbox 1779 2786 2124 2854; x_wconf 55' lang='lat' dir='ltr'><strong>praestantio-</strong></span> 
     </span>
    </p>
   </div>
   <div class='ocr_carea' id='block_1_29' title="bbox 558 2878 2127 2947">
    <p class='ocr_par' dir='ltr' id='par_1_29' title="bbox 558 2878 2127 2947">
     <span class='ocr_line' id='line_1_29' title="bbox 558 2878 2127 2947; baseline -0.001 -15"><span class='ocrx_word' id='word_1_211' title='bbox 558 2879 710 2937; x_wconf 84' lang='lat' dir='ltr'><strong>ribus</strong></span> <span class='ocrx_word' id='word_1_212' title='bbox 739 2879 957 2935; x_wconf 87' lang='lat' dir='ltr'><strong>avertit.</strong></span> <span class='ocrx_word' id='word_1_213' title='bbox 988 2879 1282 2933; x_wconf 85' lang='lat' dir='ltr'><strong>Enimvero</strong></span> <span class='ocrx_word' id='word_1_214' title='bbox 1307 2879 1449 2939; x_wconf 87' lang='lat' dir='ltr'><strong>idem</strong></span> <span class='ocrx_word' id='word_1_215' title='bbox 1478 2878 1547 2933; x_wconf 91' lang='lat' dir='ltr'><strong>illi</strong></span> <span class='ocrx_word' id='word_1_216' title='bbox 1576 2879 1868 2947; x_wconf 83' lang='lat' dir='ltr'><strong>contigisse</strong></span> <span class='ocrx_word' id='word_1_217' title='bbox 1911 2878 2127 2932; x_wconf 86' lang='lat' dir='ltr'><strong>videtur</strong></span> 
     </span>
    </p>
   </div>
   <div class='ocr_carea' id='block_1_30' title="bbox 565 2969 2123 3040">
    <p class='ocr_par' dir='ltr' id='par_1_30' title="bbox 565 2969 2123 3040">
     <span class='ocr_line' id='line_1_30' title="bbox 565 2969 2123 3040; baseline 0.001 -18"><span class='ocrx_word' id='word_1_218' title='bbox 565 2983 630 3023; x_wconf 87' lang='lat' dir='ltr'><strong>ac</strong></span> <span class='ocrx_word' id='word_1_219' title='bbox 671 2970 716 3022; x_wconf 89' lang='lat' dir='ltr'><strong>si</strong></span> <span class='ocrx_word' id='word_1_220' title='bbox 762 2970 975 3040; x_wconf 85' lang='lat' dir='ltr'><strong>auriga,</strong></span> <span class='ocrx_word' id='word_1_221' title='bbox 1002 2970 1091 3039; x_wconf 88' lang='lat' dir='ltr'><strong>qui</strong></span> <span class='ocrx_word' id='word_1_222' title='bbox 1122 2984 1291 3038; x_wconf 90' lang='lat' dir='ltr'><strong>equos</strong></span> <span class='ocrx_word' id='word_1_223' title='bbox 1340 2969 1396 3022; x_wconf 92' lang='lat' dir='ltr'><strong>in</strong></span> <span class='ocrx_word' id='word_1_224' title='bbox 1444 2970 1621 3023; x_wconf 91' lang='lat' dir='ltr'><strong>stadio</strong></span> <span class='ocrx_word' id='word_1_225' title='bbox 1665 2969 1928 3033; x_wconf 88' lang='lat' dir='ltr'><strong>ascendit,</strong></span> <span class='ocrx_word' id='word_1_226' title='bbox 1982 2979 2123 3024; x_wconf 89' lang='lat' dir='ltr'><strong>meta</strong></span> 
     </span>
    </p>
   </div>
   <div class='ocr_carea' id='block_1_31' title="bbox 563 3062 2124 3131">
    <p class='ocr_par' dir='ltr' id='par_1_31' title="bbox 563 3062 2124 3131">
     <span class='ocr_line' id='line_1_31' title="bbox 563 3062 2124 3131; baseline 0.003 -20"><span class='ocrx_word' id='word_1_227' title='bbox 563 3076 671 3129; x_wconf 87' lang='lat' dir='ltr'><strong>quo</strong></span> <span class='ocrx_word' id='word_1_228' title='bbox 713 3062 1039 3119; x_wconf 89' lang='lat' dir='ltr'><strong>currendum</strong></span> <span class='ocrx_word' id='word_1_229' title='bbox 1084 3070 1166 3116; x_wconf 88' lang='lat' dir='ltr'><strong>est</strong></span> <span class='ocrx_word' id='word_1_230' title='bbox 1209 3063 1474 3131; x_wconf 82' lang='lat' dir='ltr'><strong>neglecta,</strong></span> <span class='ocrx_word' id='word_1_231' title='bbox 1533 3062 1600 3117; x_wconf 92' lang='lat' dir='ltr'><strong>ab</strong></span> <span class='ocrx_word' id='word_1_232' title='bbox 1658 3077 1830 3131; x_wconf 88' lang='lat' dir='ltr'><strong>eaque</strong></span> <span class='ocrx_word' id='word_1_233' title='bbox 1878 3076 2124 3127; x_wconf 88' lang='lat' dir='ltr'><strong>aversus,</strong></span> 
     </span>
    </p>
   </div>
   <div class='ocr_carea' id='block_1_32' title="bbox 564 3154 2199 3257">
    <p class='ocr_par' dir='ltr' id='par_1_32' title="bbox 564 3154 2199 3257">
     <span class='ocr_line' id='line_1_32' title="bbox 564 3154 2199 3257; baseline -0.003 -46"><span class='ocrx_word' id='word_1_234' title='bbox 564 3168 791 3223; x_wconf 80' lang='lat' dir='ltr'><strong>equum,</strong></span> <span class='ocrx_word' id='word_1_235' title='bbox 837 3164 894 3207; x_wconf 89' lang='lat' dir='ltr'><strong>ut</strong></span> <span class='ocrx_word' id='word_1_236' title='bbox 944 3162 1142 3222; x_wconf 87' lang='lat' dir='ltr'><strong>potest,</strong></span> <span class='ocrx_word' id='word_1_237' title='bbox 1197 3162 1405 3207; x_wconf 89' lang='lat' dir='ltr'><strong>tantum</strong></span> <span class='ocrx_word' id='word_1_238' title='bbox 1448 3154 1652 3223; x_wconf 81' lang='lat' dir='ltr'><strong>agitare</strong></span> <span class='ocrx_word' id='word_1_239' title='bbox 1690 3162 1843 3207; x_wconf 89' lang='lat' dir='ltr'><strong>curet</strong></span> <span class='ocrx_word' id='word_1_240' title='bbox 1904 3154 2125 3223; x_wconf 77' lang='lat' dir='ltr'><strong>(potest</strong></span> <span class='ocrx_word' id='word_1_241' title='bbox 2153 3192 2199 3257; x_wconf 61' lang='grc' dir='ltr'>ο</span> 
     </span>
    </p>
   </div>
   <div class='ocr_carea' id='block_1_33' title="bbox 561 3238 2123 3315">
    <p class='ocr_par' dir='ltr' id='par_1_33' title="bbox 561 3238 2123 3315">
     <span class='ocr_line' id='line_1_33' title="bbox 561 3238 2123 3315; baseline 0.001 -18"><span class='ocrx_word' id='word_1_242' title='bbox 561 3254 739 3305; x_wconf 84' lang='lat' dir='ltr'><strong>autem</strong></span> <span class='ocrx_word' id='word_1_243' title='bbox 792 3254 851 3298; x_wconf 90' lang='lat' dir='ltr'><strong>ut</strong></span> <span class='ocrx_word' id='word_1_244' title='bbox 887 3246 988 3300; x_wconf 90' lang='lat' dir='ltr'><strong>sibi</strong></span> <span class='ocrx_word' id='word_1_245' title='bbox 1028 3238 1308 3313; x_wconf 71' lang='lat' dir='ltr'><strong>videtnt’),</strong></span> <span class='ocrx_word' id='word_1_246' title='bbox 1340 3247 1575 3315; x_wconf 83' lang='lat' dir='ltr'><strong>hincque</strong></span> <span class='ocrx_word' id='word_1_247' title='bbox 1615 3248 1771 3300; x_wconf 92' lang='lat' dir='ltr'><strong>modo</strong></span> <span class='ocrx_word' id='word_1_248' title='bbox 1819 3247 1869 3299; x_wconf 91' lang='lat' dir='ltr'><strong>in</strong></span> <span class='ocrx_word' id='word_1_249' title='bbox 1903 3246 2123 3307; x_wconf 86' lang='lat' dir='ltr'><strong>obvium</strong></span> 
     </span>
    </p>
   </div>
   <div class='ocr_carea' id='block_1_34' title="bbox 562 3335 2126 3406">
    <p class='ocr_par' dir='ltr' id='par_1_34' title="bbox 562 3335 2126 3406">
     <span class='ocr_line' id='line_1_34' title="bbox 562 3335 2126 3406; baseline 0.001 -17"><span class='ocrx_word' id='word_1_250' title='bbox 562 3350 834 3406; x_wconf 76' lang='lat' dir='ltr'><strong>quemque</strong></span> <span class='ocrx_word' id='word_1_251' title='bbox 883 3335 1143 3405; x_wconf 89' lang='lat' dir='ltr'><strong>impetum</strong></span> <span class='ocrx_word' id='word_1_252' title='bbox 1194 3336 1378 3403; x_wconf 83' lang='lat' dir='ltr'><strong>faciat,</strong></span> <span class='ocrx_word' id='word_1_253' title='bbox 1432 3338 1589 3391; x_wconf 87' lang='lat' dir='ltr'><strong>modo</strong></span> <span class='ocrx_word' id='word_1_254' title='bbox 1644 3337 1695 3389; x_wconf 92' lang='lat' dir='ltr'><strong>in</strong></span> <span class='ocrx_word' id='word_1_255' title='bbox 1742 3338 1966 3406; x_wconf 89' lang='lat' dir='ltr'><strong>abrupta</strong></span> <span class='ocrx_word' id='word_1_256' title='bbox 2008 3338 2126 3391; x_wconf 83' lang='lat' dir='ltr'><strong>loca</strong></span> 
     </span>
    </p>
   </div>
   <div class='ocr_carea' id='block_1_35' title="bbox 570 3426 2130 3497">
    <p class='ocr_par' dir='ltr' id='par_1_35' title="bbox 570 3426 2130 3497">
     <span class='ocr_line' id='line_1_35' title="bbox 570 3426 2130 3497; baseline -0.001 -16"><span class='ocrx_word' id='word_1_257' title='bbox 570 3426 756 3495; x_wconf 85' lang='lat' dir='ltr'><strong>tendat</strong></span> <span class='ocrx_word' id='word_1_258' title='bbox 789 3438 843 3480; x_wconf 91' lang='lat' dir='ltr'><strong>et</strong></span> <span class='ocrx_word' id='word_1_259' title='bbox 866 3440 1190 3497; x_wconf 84' lang='lat' dir='ltr'><strong>quocunque</strong></span> <span class='ocrx_word' id='word_1_260' title='bbox 1216 3442 1475 3495; x_wconf 88' lang='lat' dir='ltr'><strong>equorum</strong></span> <span class='ocrx_word' id='word_1_261' title='bbox 1506 3427 1800 3496; x_wconf 90' lang='lat' dir='ltr'><strong>pernicitas</strong></span> <span class='ocrx_word' id='word_1_262' title='bbox 1838 3443 1959 3481; x_wconf 84' lang='lat' dir='ltr'><strong>eum</strong></span> <span class='ocrx_word' id='word_1_263' title='bbox 1984 3427 2130 3486; x_wconf 85' lang='lat' dir='ltr'><strong>abri-</strong></span> 
     </span>
    </p>
   </div>
   <div class='ocr_carea' id='block_1_36' title="bbox 567 3515 2129 3582">
    <p class='ocr_par' dir='ltr' id='par_1_36' title="bbox 567 3515 2129 3582">
     <span class='ocr_line' id='line_1_36' title="bbox 567 3515 2129 3582; baseline 0.002 -14"><span class='ocrx_word' id='word_1_264' title='bbox 567 3515 769 3582; x_wconf 89' lang='lat' dir='ltr'><strong>puerit,</strong></span> <span class='ocrx_word' id='word_1_265' title='bbox 796 3524 946 3568; x_wconf 88' lang='lat' dir='ltr'><strong>ratus</strong></span> <span class='ocrx_word' id='word_1_266' title='bbox 972 3530 1052 3579; x_wconf 91' lang='lat' dir='ltr'><strong>se,</strong></span> <span class='ocrx_word' id='word_1_267' title='bbox 1080 3517 1209 3569; x_wconf 90' lang='lat' dir='ltr'><strong>dum</strong></span> <span class='ocrx_word' id='word_1_268' title='bbox 1237 3516 1312 3571; x_wconf 85' lang='lat' dir='ltr'><strong>ita</strong></span> <span class='ocrx_word' id='word_1_269' title='bbox 1344 3516 1532 3576; x_wconf 88' lang='lat' dir='ltr'><strong>currit,</strong></span> <span class='ocrx_word' id='word_1_270' title='bbox 1564 3531 1592 3566; x_wconf 86' lang='lat' dir='ltr'><strong>a</strong></span> <span class='ocrx_word' id='word_1_271' title='bbox 1634 3527 1775 3571; x_wconf 87' lang='lat' dir='ltr'><strong>meta</strong></span> <span class='ocrx_word' id='word_1_272' title='bbox 1817 3531 1920 3574; x_wconf 90' lang='lat' dir='ltr'><strong>non</strong></span> <span class='ocrx_word' id='word_1_273' title='bbox 1973 3517 2129 3572; x_wconf 91' lang='lat' dir='ltr'><strong>aber-</strong></span> 
     </span>
    </p>
   </div>
   <div class='ocr_carea' id='block_1_37' title="bbox 568 3604 2128 3677">
    <p class='ocr_par' dir='ltr' id='par_1_37' title="bbox 568 3604 2128 3677">
     <span class='ocr_line' id='line_1_37' title="bbox 568 3604 2128 3677; baseline 0.002 -18"><span class='ocrx_word' id='word_1_274' title='bbox 568 3619 713 3667; x_wconf 83' lang='lat' dir='ltr'><strong>rare,</strong></span> <span class='ocrx_word' id='word_1_275' title='bbox 746 3604 943 3674; x_wconf 89' lang='lat' dir='ltr'><strong>quippe</strong></span> <span class='ocrx_word' id='word_1_276' title='bbox 973 3605 1065 3677; x_wconf 89' lang='lat' dir='ltr'><strong>qui</strong></span> <span class='ocrx_word' id='word_1_277' title='bbox 1094 3606 1269 3660; x_wconf 89' lang='lat' dir='ltr'><strong>solum</strong></span> <span class='ocrx_word' id='word_1_278' title='bbox 1300 3621 1518 3665; x_wconf 89' lang='lat' dir='ltr'><strong>cursum</strong></span> <span class='ocrx_word' id='word_1_279' title='bbox 1547 3605 1742 3660; x_wconf 85' lang='lat' dir='ltr'><strong>habeat</strong></span> <span class='ocrx_word' id='word_1_280' title='bbox 1770 3617 1896 3661; x_wconf 88' lang='lat' dir='ltr'><strong>ante</strong></span> <span class='ocrx_word' id='word_1_281' title='bbox 1921 3607 2128 3673; x_wconf 88' lang='lat' dir='ltr'><strong>oculos,</strong></span> 
     </span>
    </p>
   </div>
   <div class='ocr_carea' id='block_1_38' title="bbox 568 3695 2129 3762">
    <p class='ocr_par' dir='ltr' id='par_1_38' title="bbox 568 3695 2129 3762">
     <span class='ocr_line' id='line_1_38' title="bbox 568 3695 2129 3762; baseline 0.005 -18"><span class='ocrx_word' id='word_1_282' title='bbox 568 3707 668 3747; x_wconf 90' lang='lat' dir='ltr'><strong>nec</strong></span> <span class='ocrx_word' id='word_1_283' title='bbox 694 3695 921 3762; x_wconf 88' lang='lat' dir='ltr'><strong>proinde</strong></span> <span class='ocrx_word' id='word_1_284' title='bbox 942 3709 1003 3748; x_wconf 91' lang='lat' dir='ltr'><strong>se</strong></span> <span class='ocrx_word' id='word_1_285' title='bbox 1042 3704 1195 3755; x_wconf 80' lang='lat' dir='ltr'><strong>extra</strong></span> <span class='ocrx_word' id='word_1_286' title='bbox 1222 3705 1421 3747; x_wconf 86' lang='lat' dir='ltr'><strong>metam</strong></span> <span class='ocrx_word' id='word_1_287' title='bbox 1456 3696 1579 3748; x_wconf 80' lang='lat' dir='ltr'><strong>ferri</strong></span> <span class='ocrx_word' id='word_1_288' title='bbox 1617 3701 2029 3753; x_wconf 79' lang='lat' dir='ltr'><strong>animadvertat.</strong></span> <span class='ocrx_word' id='word_1_289' title='bbox 2051 3697 2129 3752; x_wconf 92' lang='lat' dir='ltr'><strong>Ita</strong></span> 
     </span>
    </p>
   </div>
   <div class='ocr_carea' id='block_1_39' title="bbox 566 3786 2132 3856">
    <p class='ocr_par' dir='ltr' id='par_1_39' title="bbox 566 3786 2132 3856">
     <span class='ocr_line' id='line_1_39' title="bbox 566 3786 2132 3856; baseline 0.004 -19"><span class='ocrx_word' id='word_1_290' title='bbox 566 3801 699 3847; x_wconf 84' lang='lat' dir='ltr'><strong>sane</strong></span> <span class='ocrx_word' id='word_1_291' title='bbox 732 3786 910 3840; x_wconf 89' lang='lat' dir='ltr'><strong>anima</strong></span> <span class='ocrx_word' id='word_1_292' title='bbox 952 3802 981 3843; x_wconf 87' lang='lat' dir='ltr'><strong>a</strong></span> <span class='ocrx_word' id='word_1_293' title='bbox 1015 3787 1099 3839; x_wconf 86' lang='lat' dir='ltr'><strong>via</strong></span> <span class='ocrx_word' id='word_1_294' title='bbox 1151 3798 1289 3856; x_wconf 64' lang='lat' dir='ltr'><strong>qum‘</strong></span> <span class='ocrx_word' id='word_1_295' title='bbox 1317 3788 1382 3840; x_wconf 88' lang='lat' dir='ltr'><strong>ad</strong></span> <span class='ocrx_word' id='word_1_296' title='bbox 1435 3787 1601 3841; x_wconf 84' lang='lat' dir='ltr'><strong>Deum</strong></span> <span class='ocrx_word' id='word_1_297' title='bbox 1647 3790 1795 3843; x_wconf 83' lang='lat' dir='ltr'><strong>ducit</strong></span> <span class='ocrx_word' id='word_1_298' title='bbox 1838 3805 2050 3855; x_wconf 86' lang='lat' dir='ltr'><strong>aversa,</strong></span> <span class='ocrx_word' id='word_1_299' title='bbox 2077 3799 2132 3845; x_wconf 84' lang='lat' dir='ltr'><strong>et</strong></span> 
     </span>
    </p>
   </div>
   <div class='ocr_carea' id='block_1_40' title="bbox 565 3877 2128 3951">
    <p class='ocr_par' dir='ltr' id='par_1_40' title="bbox 565 3877 2128 3951">
     <span class='ocr_line' id='line_1_40' title="bbox 565 3877 2128 3951; baseline 0.003 -22"><span class='ocrx_word' id='word_1_300' title='bbox 565 3887 765 3951; x_wconf 65' lang='lat' dir='ltr'><strong>praeter</strong></span> <span class='ocrx_word' id='word_1_301' title='bbox 808 3877 861 3931; x_wconf 89' lang='lat' dir='ltr'><strong>id</strong></span> <span class='ocrx_word' id='word_1_302' title='bbox 904 3877 1047 3948; x_wconf 89' lang='lat' dir='ltr'><strong>quod</strong></span> <span class='ocrx_word' id='word_1_303' title='bbox 1091 3878 1245 3931; x_wconf 88' lang='lat' dir='ltr'><strong>decet</strong></span> <span class='ocrx_word' id='word_1_304' title='bbox 1274 3878 1515 3945; x_wconf 84' lang='lat' dir='ltr'><strong>corporis</strong></span> <span class='ocrx_word' id='word_1_305' title='bbox 1548 3878 1784 3932; x_wconf 88' lang='lat' dir='ltr'><strong>membra</strong></span> <span class='ocrx_word' id='word_1_306' title='bbox 1824 3880 2128 3948; x_wconf 89' lang='lat' dir='ltr'><strong>impellens,</strong></span> 
     </span>
    </p>
   </div>
   <div class='ocr_carea' id='block_1_41' title="bbox 568 3965 2133 4039">
    <p class='ocr_par' dir='ltr' id='par_1_41' title="bbox 568 3965 2133 4039">
     <span class='ocr_line' id='line_1_41' title="bbox 568 3965 2133 4039; baseline 0.003 -22"><span class='ocrx_word' id='word_1_307' title='bbox 568 3966 677 4018; x_wconf 88' lang='lat' dir='ltr'><strong>imo</strong></span> <span class='ocrx_word' id='word_1_308' title='bbox 720 3978 846 4018; x_wconf 88' lang='lat' dir='ltr'><strong>vero</strong></span> <span class='ocrx_word' id='word_1_309' title='bbox 900 3965 1015 4032; x_wconf 90' lang='lat' dir='ltr'><strong>ipsa</strong></span> <span class='ocrx_word' id='word_1_310' title='bbox 1063 3979 1278 4039; x_wconf 85' lang='lat' dir='ltr'><strong>quoque</strong></span> <span class='ocrx_word' id='word_1_311' title='bbox 1327 3982 1430 4019; x_wconf 91' lang='lat' dir='ltr'><strong>una</strong></span> <span class='ocrx_word' id='word_1_312' title='bbox 1462 3982 1582 4021; x_wconf 88' lang='lat' dir='ltr'><strong>cum</strong></span> <span class='ocrx_word' id='word_1_313' title='bbox 1627 3968 1731 4022; x_wconf 89' lang='lat' dir='ltr'><strong>illis</strong></span> <span class='ocrx_word' id='word_1_314' title='bbox 1776 3970 2004 4036; x_wconf 88' lang='lat' dir='ltr'><strong>aseipsa</strong></span> <span class='ocrx_word' id='word_1_315' title='bbox 2040 3968 2133 4021; x_wconf 85' lang='lat' dir='ltr'><strong>itu-</strong></span> 
     </span>
    </p>
   </div>
   <div class='ocr_carea' id='block_1_42' title="bbox 568 4055 2135 4137">
    <p class='ocr_par' dir='ltr' id='par_1_42' title="bbox 568 4055 2135 4137">
     <span class='ocr_line' id='line_1_42' title="bbox 568 4055 2135 4137; baseline 0.006 -33"><span class='ocrx_word' id='word_1_316' title='bbox 568 4055 746 4137; x_wconf 83' lang='lat' dir='ltr'><strong>pulsa,</strong></span> <span class='ocrx_word' id='word_1_317' title='bbox 782 4066 969 4125; x_wconf 87' lang='lat' dir='ltr'><strong>peccat</strong></span> <span class='ocrx_word' id='word_1_318' title='bbox 995 4064 1049 4110; x_wconf 92' lang='lat' dir='ltr'><strong>et</strong></span> <span class='ocrx_word' id='word_1_319' title='bbox 1078 4057 1274 4115; x_wconf 86' lang='lat' dir='ltr'><strong>malum</strong></span> <span class='ocrx_word' id='word_1_320' title='bbox 1306 4058 1522 4133; x_wconf 84' lang='lat' dir='ltr'><strong>sibimet</strong></span> <span class='ocrx_word' id='word_1_321' title='bbox 1549 4059 1722 4129; x_wconf 81' lang='lat' dir='ltr'><strong>lingit,</strong></span> <span class='ocrx_word' id='word_1_322' title='bbox 1765 4074 1863 4114; x_wconf 90' lang='lat' dir='ltr'><strong>nec</strong></span> <span class='ocrx_word' id='word_1_323' title='bbox 1890 4059 2135 4113; x_wconf 85' lang='lat' dir='ltr'><strong>animad-</strong></span> 
     </span>
    </p>
   </div>
   <div class='ocr_carea' id='block_1_43' title="bbox 570 4147 2131 4216">
    <p class='ocr_par' dir='ltr' id='par_1_43' title="bbox 570 4147 2131 4216">
     <span class='ocr_line' id='line_1_43' title="bbox 570 4147 2131 4216; baseline 0.002 -15"><span class='ocrx_word' id='word_1_324' title='bbox 570 4147 811 4201; x_wconf 72' lang='lat' dir='ltr'><strong>vertitse</strong></span> <span class='ocrx_word' id='word_1_325' title='bbox 838 4163 865 4200; x_wconf 89' lang='lat' dir='ltr'><strong>a</strong></span> <span class='ocrx_word' id='word_1_326' title='bbox 901 4149 986 4201; x_wconf 88' lang='lat' dir='ltr'><strong>via</strong></span> <span class='ocrx_word' id='word_1_327' title='bbox 1021 4149 1327 4216; x_wconf 89' lang='lat' dir='ltr'><strong>aberrasse,</strong></span> <span class='ocrx_word' id='word_1_328' title='bbox 1361 4159 1415 4203; x_wconf 92' lang='lat' dir='ltr'><strong>et</strong></span> <span class='ocrx_word' id='word_1_329' title='bbox 1445 4162 1600 4205; x_wconf 81' lang='lat' dir='ltr'><strong>extra</strong></span> <span class='ocrx_word' id='word_1_330' title='bbox 1639 4152 1888 4206; x_wconf 87' lang='lat' dir='ltr'><strong>veritatis</strong></span> <span class='ocrx_word' id='word_1_331' title='bbox 1935 4161 2131 4212; x_wconf 87' lang='lat' dir='ltr'><strong>metam</strong></span> 
     </span>
    </p>
   </div>
   <div class='ocr_carea' id='block_1_44' title="bbox 564 4240 2136 4311">
    <p class='ocr_par' dir='ltr' id='par_1_44' title="bbox 564 4240 2136 4311">
     <span class='ocr_line' id='line_1_44' title="bbox 564 4240 2136 4311; baseline 0.001 -16"><span class='ocrx_word' id='word_1_332' title='bbox 564 4240 778 4307; x_wconf 64' lang='lat' dir='ltr'><strong>virgari,</strong></span> <span class='ocrx_word' id='word_1_333' title='bbox 810 4254 968 4309; x_wconf 90' lang='lat' dir='ltr'><strong>quam</strong></span> <span class='ocrx_word' id='word_1_334' title='bbox 1000 4241 1186 4296; x_wconf 86' lang='lat' dir='ltr'><strong>beatus</strong></span> <span class='ocrx_word' id='word_1_335' title='bbox 1215 4241 1433 4306; x_wconf 84' lang='lat' dir='ltr'><strong>Paulus,</strong></span> <span class='ocrx_word' id='word_1_336' title='bbox 1459 4243 1550 4311; x_wconf 92' lang='lat' dir='ltr'><strong>qui</strong></span> <span class='ocrx_word' id='word_1_337' title='bbox 1578 4242 1856 4297; x_wconf 86' lang='lat' dir='ltr'><strong>Christum</strong></span> <span class='ocrx_word' id='word_1_338' title='bbox 1884 4243 1937 4296; x_wconf 91' lang='lat' dir='ltr'><strong>in</strong></span> <span class='ocrx_word' id='word_1_339' title='bbox 1972 4258 2030 4296; x_wconf 88' lang='lat' dir='ltr'><strong>se</strong></span> <span class='ocrx_word' id='word_1_340' title='bbox 2056 4242 2136 4296; x_wconf 85' lang='lat' dir='ltr'><strong>fe-</strong></span> 
     </span>
    </p>
   </div>
   <div class='ocr_carea' id='block_1_45' title="bbox 567 4327 2134 4401">
    <p class='ocr_par' dir='ltr' id='par_1_45' title="bbox 567 4327 2134 4401">
     <span class='ocr_line' id='line_1_45' title="bbox 567 4327 2134 4401; baseline 0.003 -20"><span class='ocrx_word' id='word_1_341' title='bbox 567 4327 741 4391; x_wconf 87' lang='lat' dir='ltr'><strong>rebat,</strong></span> <span class='ocrx_word' id='word_1_342' title='bbox 784 4344 893 4397; x_wconf 62' lang='lat' dir='ltr'><strong>pra:</strong></span> <span class='ocrx_word' id='word_1_343' title='bbox 931 4330 1100 4384; x_wconf 83' lang='lat' dir='ltr'><strong>oculis</strong></span> <span class='ocrx_word' id='word_1_344' title='bbox 1128 4330 1357 4395; x_wconf 88' lang='lat' dir='ltr'><strong>habens,</strong></span> <span class='ocrx_word' id='word_1_345' title='bbox 1395 4333 1467 4386; x_wconf 85' lang='lat' dir='ltr'><strong>ita</strong></span> <span class='ocrx_word' id='word_1_346' title='bbox 1499 4333 1823 4401; x_wconf 82' lang='lat' dir='ltr'><strong>loquebatur</strong></span> <span class='ocrx_word' id='word_1_347' title='bbox 1855 4350 1868 4385; x_wconf 93' lang='lat'><strong>:</strong></span> <span class='ocrx_word' id='word_1_348' title='bbox 1916 4333 1995 4384; x_wconf 80' lang='lat' dir='ltr'><strong>Ad</strong></span> <span class='ocrx_word' id='word_1_349' title='bbox 2045 4334 2134 4385; x_wconf 83' lang='lat' dir='ltr'><strong>de-</strong></span> 
     </span>
    </p>
   </div>
   <div class='ocr_carea' id='block_1_46' title="bbox 565 4420 2134 4493">
    <p class='ocr_par' dir='ltr' id='par_1_46' title="bbox 565 4420 2134 4493">
     <span class='ocr_line' id='line_1_46' title="bbox 565 4420 2134 4493; baseline 0.004 -22"><span class='ocrx_word' id='word_1_350' title='bbox 565 4420 816 4480; x_wconf 74' lang='lat' dir='ltr'><strong>stinatum</strong></span> <span class='ocrx_word' id='word_1_351' title='bbox 846 4439 1149 4492; x_wconf 80' lang='lat' dir='ltr'><strong>persequor,</strong></span> <span class='ocrx_word' id='word_1_352' title='bbox 1186 4425 1254 4478; x_wconf 89' lang='lat' dir='ltr'><strong>ad</strong></span> <span class='ocrx_word' id='word_1_353' title='bbox 1302 4426 1538 4479; x_wconf 73' lang='lat' dir='ltr'><strong>brevium</strong></span> <span class='ocrx_word' id='word_1_354' title='bbox 1574 4441 1815 4493; x_wconf 71' lang='lat' dir='ltr'><strong>superna:</strong></span> <span class='ocrx_word' id='word_1_355' title='bbox 1847 4425 2134 4479; x_wconf 74' lang='lat' dir='ltr'><strong>vocationis</strong></span> 
     </span>
    </p>
   </div>
   <div class='ocr_carea' id='block_1_47' title="bbox 2219 594 3791 671">
    <p class='ocr_par' dir='ltr' id='par_1_47' title="bbox 2219 594 3791 671">
     <span class='ocr_line' id='line_1_47' title="bbox 2219 594 3791 671; baseline -0.001 -18"><span class='ocrx_word' id='word_1_356' title='bbox 2219 600 2469 671; x_wconf 86' lang='grc' dir='ltr'>σώματος</span> <span class='ocrx_word' id='word_1_357' title='bbox 2516 599 2649 671; x_wconf 89' lang='grc' dir='ltr'>μέλη</span> <span class='ocrx_word' id='word_1_358' title='bbox 2674 616 2687 628; x_wconf 89' lang='grc'><strong>·</strong></span> <span class='ocrx_word' id='word_1_359' title='bbox 2729 597 2822 650; x_wconf 69' lang='grc' dir='ltr'><strong>καὶ</strong></span> <span class='ocrx_word' id='word_1_360' title='bbox 2853 596 2942 650; x_wconf 80' lang='grc' dir='ltr'>διὰ</span> <span class='ocrx_word' id='word_1_361' title='bbox 2985 596 3142 649; x_wconf 84' lang='grc' dir='ltr'>τοῦτο</span> <span class='ocrx_word' id='word_1_362' title='bbox 3185 596 3305 649; x_wconf 73' lang='grc' dir='ltr'>ἀντὶ</span> <span class='ocrx_word' id='word_1_363' title='bbox 3336 594 3431 648; x_wconf 87' lang='grc' dir='ltr'><strong>τοῦ</strong></span> <span class='ocrx_word' id='word_1_364' title='bbox 3474 595 3573 667; x_wconf 82' lang='grc' dir='ltr'><strong>τὴν</strong></span> <span class='ocrx_word' id='word_1_365' title='bbox 3618 598 3791 651; x_wconf 91' lang='grc' dir='ltr'>κτίσιν</span> 
     </span>
    </p>
   </div>
   <div class='ocr_carea' id='block_1_48' title="bbox 2216 686 3787 762">
    <p class='ocr_par' dir='ltr' id='par_1_48' title="bbox 2216 686 3787 762">
     <span class='ocr_line' id='line_1_48' title="bbox 2216 686 3787 762; baseline -0.003 -18"><span class='ocrx_word' id='word_1_366' title='bbox 2216 693 2369 762; x_wconf 84' lang='grc' dir='ltr'>ὁρᾷν,</span> <span class='ocrx_word' id='word_1_367' title='bbox 2406 692 2484 753; x_wconf 85' lang='grc' dir='ltr'><strong>είς</strong></span> <span class='ocrx_word' id='word_1_368' title='bbox 2527 688 2819 759; x_wconf 80' lang='grc' dir='ltr'>ἐπιθυμίας</span> <span class='ocrx_word' id='word_1_369' title='bbox 2859 687 2969 757; x_wconf 69' lang='grc'>(27)</span> <span class='ocrx_word' id='word_1_370' title='bbox 2999 686 3087 739; x_wconf 83' lang='grc' dir='ltr'><strong>τὸν</strong></span> <span class='ocrx_word' id='word_1_371' title='bbox 3115 686 3388 756; x_wconf 72' lang='grc' dir='ltr'>ὀφθαλμὸν</span> <span class='ocrx_word' id='word_1_372' title='bbox 3432 686 3787 756; x_wconf 77' lang='grc' dir='ltr'><strong>ἀποστρέφει,</strong></span> 
     </span>
    </p>
   </div>
   <div class='ocr_carea' id='block_1_49' title="bbox 2214 777 3789 847">
    <p class='ocr_par' dir='ltr' id='par_1_49' title="bbox 2214 777 3789 847">
     <span class='ocr_line' id='line_1_49' title="bbox 2214 777 3789 847; baseline -0.003 -14"><span class='ocrx_word' id='word_1_373' title='bbox 2214 781 2531 841; x_wconf 86' lang='grc' dir='ltr'>δεικνύουσα</span> <span class='ocrx_word' id='word_1_374' title='bbox 2551 822 2566 846; x_wconf 93' lang='grc'><strong>,</strong></span> <span class='ocrx_word' id='word_1_375' title='bbox 2602 781 2683 831; x_wconf 80' lang='grc' dir='ltr'>ὅτι</span> <span class='ocrx_word' id='word_1_376' title='bbox 2716 779 2807 831; x_wconf 73' lang='grc' dir='ltr'><strong>καὶ</strong></span> <span class='ocrx_word' id='word_1_377' title='bbox 2835 778 2993 830; x_wconf 85' lang='grc' dir='ltr'>τοῦτο</span> <span class='ocrx_word' id='word_1_378' title='bbox 3031 777 3283 829; x_wconf 84' lang='grc' dir='ltr'>δύναται’</span> <span class='ocrx_word' id='word_1_379' title='bbox 3317 778 3411 831; x_wconf 71' lang='grc' dir='ltr'><strong>καὶ</strong></span> <span class='ocrx_word' id='word_1_380' title='bbox 3459 778 3753 847; x_wconf 72' lang='grc' dir='ltr'>νομίζουσα</span> <span class='ocrx_word' id='word_1_381' title='bbox 3773 819 3789 843; x_wconf 90' lang='grc'><strong>,</strong></span> 
     </span>
    </p>
   </div>
   <div class='ocr_carea' id='block_1_50' title="bbox 2215 868 3792 939">
    <p class='ocr_par' dir='ltr' id='par_1_50' title="bbox 2215 868 3792 939">
     <span class='ocr_line' id='line_1_50' title="bbox 2215 868 3792 939; baseline -0.001 -15"><span class='ocrx_word' id='word_1_382' title='bbox 2215 874 2317 935; x_wconf 79' lang='grc' dir='ltr'>ὅτι,</span> <span class='ocrx_word' id='word_1_383' title='bbox 2354 871 2499 936; x_wconf 77' lang='grc' dir='ltr'>ἅπαξ</span> <span class='ocrx_word' id='word_1_384' title='bbox 2543 870 2855 939; x_wconf 77' lang='grc' dir='ltr'>κινουμένη,</span> <span class='ocrx_word' id='word_1_385' title='bbox 2905 868 3063 931; x_wconf 77' lang='grc' dir='ltr'>σώζει</span> <span class='ocrx_word' id='word_1_386' title='bbox 3105 870 3203 936; x_wconf 74' lang='grc' dir='ltr'><strong>τὴν</strong></span> <span class='ocrx_word' id='word_1_387' title='bbox 3247 868 3444 938; x_wconf 77' lang='grc' dir='ltr'>ἑαυτῆς</span> <span class='ocrx_word' id='word_1_388' title='bbox 3473 868 3655 933; x_wconf 80' lang='grc' dir='ltr'>ἀξίαν,</span> <span class='ocrx_word' id='word_1_389' title='bbox 3699 871 3792 923; x_wconf 74' lang='grc' dir='ltr'><strong>καὶ</strong></span> 
     </span>
    </p>
   </div>
   <div class='ocr_carea' id='block_1_51' title="bbox 2216 960 3793 1032">
    <p class='ocr_par' dir='ltr' id='par_1_51' title="bbox 2216 960 3793 1032">
     <span class='ocr_line' id='line_1_51' title="bbox 2216 960 3793 1032; baseline -0.002 -18"><span class='ocrx_word' id='word_1_390' title='bbox 2216 964 2314 1032; x_wconf 84' lang='grc' dir='ltr'><strong>οὐχ</strong></span> <span class='ocrx_word' id='word_1_391' title='bbox 2344 960 2647 1032; x_wconf 77' lang='grc' dir='ltr'>ἁμαρτάνει</span> <span class='ocrx_word' id='word_1_392' title='bbox 2696 960 2922 1013; x_wconf 83' lang='grc' dir='ltr'>ποιοῦσα</span> <span class='ocrx_word' id='word_1_393' title='bbox 2954 960 2983 1012; x_wconf 82' lang='grc' dir='ltr'>ὃ</span> <span class='ocrx_word' id='word_1_394' title='bbox 3020 960 3274 1012; x_wconf 84' lang='grc' dir='ltr'>δύναται·</span> <span class='ocrx_word' id='word_1_395' title='bbox 3308 961 3400 1013; x_wconf 79' lang='grc' dir='ltr'><strong>καὶ</strong></span> <span class='ocrx_word' id='word_1_396' title='bbox 3441 960 3554 1031; x_wconf 71' lang='grc'><strong>(28)</strong></span> <span class='ocrx_word' id='word_1_397' title='bbox 3584 960 3687 1013; x_wconf 75' lang='grc' dir='ltr'>οὐκ</span> <span class='ocrx_word' id='word_1_398' title='bbox 3718 962 3793 1012; x_wconf 86' lang='grc' dir='ltr'><strong>εξ-</strong></span> 
     </span>
    </p>
   </div>
   <div class='ocr_carea' id='block_1_52' title="bbox 2216 1050 3791 1122">
    <p class='ocr_par' dir='ltr' id='par_1_52' title="bbox 2216 1050 3791 1122">
     <span class='ocr_line' id='line_1_52' title="bbox 2216 1050 3791 1122; baseline -0.003 -15"><span class='ocrx_word' id='word_1_399' title='bbox 2216 1056 2357 1117; x_wconf 82' lang='grc' dir='ltr'>δυῖα,</span> <span class='ocrx_word' id='word_1_400' title='bbox 2392 1054 2473 1105; x_wconf 83' lang='grc' dir='ltr'><strong>ὅτι</strong></span> <span class='ocrx_word' id='word_1_401' title='bbox 2513 1053 2611 1122; x_wconf 80' lang='grc' dir='ltr'><strong>οὐχ</strong></span> <span class='ocrx_word' id='word_1_402' title='bbox 2640 1052 2825 1115; x_wconf 85' lang='grc' dir='ltr'>ἁπλῶς</span> <span class='ocrx_word' id='word_1_403' title='bbox 2866 1050 3152 1113; x_wconf 86' lang='grc' dir='ltr'>κινεῖσθαι,</span> <span class='ocrx_word' id='word_1_404' title='bbox 3187 1052 3298 1104; x_wconf 85' lang='grc' dir='ltr'>ἀλλ’</span> <span class='ocrx_word' id='word_1_405' title='bbox 3328 1054 3407 1115; x_wconf 88' lang='grc' dir='ltr'><strong>είς</strong></span> <span class='ocrx_word' id='word_1_406' title='bbox 3445 1051 3481 1105; x_wconf 82' lang='grc' dir='ltr'><strong>ἆ</strong></span> <span class='ocrx_word' id='word_1_407' title='bbox 3515 1052 3595 1105; x_wconf 84' lang='grc' dir='ltr'><strong>δεῖ</strong></span> <span class='ocrx_word' id='word_1_408' title='bbox 3622 1054 3791 1105; x_wconf 79' lang='grc' dir='ltr'>κινεῖ-</span> 
     </span>
    </p>
   </div>
   <div class='ocr_carea' id='block_1_53' title="bbox 2221 1142 3787 1217">
    <p class='ocr_par' dir='ltr' id='par_1_53' title="bbox 2221 1142 3787 1217">
     <span class='ocr_line' id='line_1_53' title="bbox 2221 1142 3787 1217; baseline -0.003 -19"><span class='ocrx_word' id='word_1_409' title='bbox 2221 1146 2342 1199; x_wconf 89' lang='grc' dir='ltr'>σθαι</span> <span class='ocrx_word' id='word_1_410' title='bbox 2371 1144 2587 1213; x_wconf 85' lang='grc' dir='ltr'>γέγονε·</span> <span class='ocrx_word' id='word_1_411' title='bbox 2619 1144 2808 1196; x_wconf 85' lang='grc' dir='ltr'>τούτου</span> <span class='ocrx_word' id='word_1_412' title='bbox 2842 1143 2950 1215; x_wconf 82' lang='grc' dir='ltr'><strong>γὰρ</strong></span> <span class='ocrx_word' id='word_1_413' title='bbox 2978 1144 3132 1215; x_wconf 86' lang='grc' dir='ltr'>χάριν</span> <span class='ocrx_word' id='word_1_414' title='bbox 3160 1144 3253 1196; x_wconf 72' lang='grc' dir='ltr'><strong>καὶ</strong></span> <span class='ocrx_word' id='word_1_415' title='bbox 3280 1142 3609 1212; x_wconf 83' lang='grc' dir='ltr'>ἀποστολικὴ</span> <span class='ocrx_word' id='word_1_416' title='bbox 3647 1159 3787 1217; x_wconf 86' lang='grc' dir='ltr'>παρ-</span> 
     </span>
    </p>
   </div>
   <div class='ocr_carea' id='block_1_54' title="bbox 2223 1231 3790 1306">
    <p class='ocr_par' dir='ltr' id='par_1_54' title="bbox 2223 1231 3790 1306">
     <span class='ocr_line' id='line_1_54' title="bbox 2223 1231 3790 1306; baseline -0.003 -17"><span class='ocrx_word' id='word_1_417' title='bbox 2223 1236 2397 1306; x_wconf 84' lang='grc' dir='ltr'>εγγυᾷ</span> <span class='ocrx_word' id='word_1_418' title='bbox 2452 1236 2600 1306; x_wconf 79' lang='grc' dir='ltr'>φωνή</span> <span class='ocrx_word' id='word_1_419' title='bbox 2620 1252 2633 1264; x_wconf 81' lang='grc'><em>’</em></span> <span class='ocrx_word' id='word_1_420' title='bbox 2664 1235 2863 1288; x_wconf 82' lang='grc' dir='ltr'><strong>Πάντα</strong></span> <span class='ocrx_word' id='word_1_421' title='bbox 2886 1234 3143 1299; x_wconf 72' lang='grc' dir='ltr'>ἔξεστιν,</span> <span class='ocrx_word' id='word_1_422' title='bbox 3164 1235 3301 1287; x_wconf 74' lang='grc' dir='ltr'><strong>ἀλλ’</strong></span> <span class='ocrx_word' id='word_1_423' title='bbox 3320 1235 3389 1287; x_wconf 90' lang='grc' dir='ltr'>οὐ</span> <span class='ocrx_word' id='word_1_424' title='bbox 3416 1231 3617 1285; x_wconf 79' lang='grc' dir='ltr'>πάντα</span> <span class='ocrx_word' id='word_1_425' title='bbox 3638 1248 3790 1301; x_wconf 85' lang='grc' dir='ltr'>συμ-</span> 
     </span>
    </p>
   </div>
   <div class='ocr_carea' id='block_1_55' title="bbox 2217 1330 2399 1400">
    <p class='ocr_par' dir='ltr' id='par_1_55' title="bbox 2217 1330 2399 1400">
     <span class='ocr_line' id='line_1_55' title="bbox 2217 1330 2399 1400; baseline -0.016 -16"><span class='ocrx_word' id='word_1_426' title='bbox 2217 1330 2399 1400; x_wconf 73' lang='grc' dir='ltr'>φέρει.</span> 
     </span>
    </p>
   </div>
   <div class='ocr_carea' id='block_1_56' title="bbox 2287 1501 3791 1577">
    <p class='ocr_par' dir='ltr' id='par_1_56' title="bbox 2287 1501 3791 1577">
     <span class='ocr_line' id='line_1_56' title="bbox 2287 1501 3791 1577; baseline -0.007 -16"><span class='ocrx_word' id='word_1_427' title='bbox 2287 1509 2339 1562; x_wconf 78' lang='grc'><strong>5.</strong></span> <span class='ocrx_word' id='word_1_428' title='bbox 2395 1507 2552 1560; x_wconf 86' lang='grc' dir='ltr'>Ἀλλά</span> <span class='ocrx_word' id='word_1_429' title='bbox 2580 1506 2684 1559; x_wconf 89' lang='grc' dir='ltr'><strong>τῶν</strong></span> <span class='ocrx_word' id='word_1_430' title='bbox 2711 1504 3008 1577; x_wconf 86' lang='grc' dir='ltr'>ἀνθρώπων</span> <span class='ocrx_word' id='word_1_431' title='bbox 3038 1506 3071 1575; x_wconf 86' lang='grc' dir='ltr'>ἡ</span> <span class='ocrx_word' id='word_1_432' title='bbox 3101 1503 3293 1573; x_wconf 80' lang='grc' dir='ltr'>τόλμα,</span> <span class='ocrx_word' id='word_1_433' title='bbox 3324 1502 3425 1555; x_wconf 73' lang='grc' dir='ltr'><strong>οὐκ</strong></span> <span class='ocrx_word' id='word_1_434' title='bbox 3452 1502 3533 1564; x_wconf 85' lang='grc' dir='ltr'><strong>είς</strong></span> <span class='ocrx_word' id='word_1_435' title='bbox 3565 1501 3627 1554; x_wconf 83' lang='grc' dir='ltr'>τὸ</span> <span class='ocrx_word' id='word_1_436' title='bbox 3656 1516 3791 1571; x_wconf 70' lang='grc' dir='ltr'>σύμ-ι</span> 
     </span>
    </p>
   </div>
   <div class='ocr_carea' id='block_1_57' title="bbox 2218 1593 3785 1673">
    <p class='ocr_par' dir='ltr' id='par_1_57' title="bbox 2218 1593 3785 1673">
     <span class='ocr_line' id='line_1_57' title="bbox 2218 1593 3785 1673; baseline -0.01 -14"><span class='ocrx_word' id='word_1_437' title='bbox 2218 1602 2381 1673; x_wconf 78' lang='grc' dir='ltr'>φέρον</span> <span class='ocrx_word' id='word_1_438' title='bbox 2414 1600 2505 1653; x_wconf 76' lang='grc' dir='ltr'><strong>καὶ</strong></span> <span class='ocrx_word' id='word_1_439' title='bbox 2539 1598 2765 1670; x_wconf 83' lang='grc' dir='ltr'>πρέπον,</span> <span class='ocrx_word' id='word_1_440' title='bbox 2800 1598 2913 1651; x_wconf 77' lang='grc' dir='ltr'>ἀλλ’</span> <span class='ocrx_word' id='word_1_441' title='bbox 2942 1600 3021 1661; x_wconf 85' lang='grc' dir='ltr'><strong>είς</strong></span> <span class='ocrx_word' id='word_1_442' title='bbox 3061 1596 3120 1648; x_wconf 85' lang='grc' dir='ltr'><strong>τὸ</strong></span> <span class='ocrx_word' id='word_1_443' title='bbox 3162 1595 3384 1648; x_wconf 82' lang='grc' dir='ltr'>δυνατὸν</span> <span class='ocrx_word' id='word_1_444' title='bbox 3433 1593 3547 1665; x_wconf 74' lang='lat'><strong>(‘29)</strong></span> <span class='ocrx_word' id='word_1_445' title='bbox 3586 1595 3785 1662; x_wconf 79' lang='grc' dir='ltr'>σκοπή-</span> 
     </span>
    </p>
   </div>
   <div class='ocr_carea' id='block_1_58' title="bbox 2219 1686 3790 1761">
    <p class='ocr_par' dir='ltr' id='par_1_58' title="bbox 2219 1686 3790 1761">
     <span class='ocr_line' id='line_1_58' title="bbox 2219 1686 3790 1761; baseline -0.009 -14"><span class='ocrx_word' id='word_1_446' title='bbox 2219 1711 2380 1759; x_wconf 85' lang='grc' dir='ltr'>σασα,</span> <span class='ocrx_word' id='word_1_447' title='bbox 2414 1693 2481 1745; x_wconf 80' lang='grc' dir='ltr'>τὰ</span> <span class='ocrx_word' id='word_1_448' title='bbox 2509 1690 2723 1745; x_wconf 77' lang='grc' dir='ltr'>ἐναντία</span> <span class='ocrx_word' id='word_1_449' title='bbox 2752 1691 2923 1743; x_wconf 79' lang='grc' dir='ltr'>ποιεῖν</span> <span class='ocrx_word' id='word_1_450' title='bbox 2945 1689 3169 1761; x_wconf 71' lang='grc' dir='ltr'>ἤρξατο·</span> <span class='ocrx_word' id='word_1_451' title='bbox 3195 1687 3336 1749; x_wconf 84' lang='grc' dir='ltr'>ὅθεν,</span> <span class='ocrx_word' id='word_1_452' title='bbox 3360 1688 3454 1739; x_wconf 61' lang='grc' dir='ltr'><strong>καὶ⁵</strong></span> <span class='ocrx_word' id='word_1_453' title='bbox 3480 1687 3581 1748; x_wconf 79' lang='grc' dir='ltr'><strong>τὰς</strong></span> <span class='ocrx_word' id='word_1_454' title='bbox 3601 1686 3790 1754; x_wconf 85' lang='grc' dir='ltr'>χεῖρας</span> 
     </span>
    </p>
   </div>
   <div class='ocr_carea' id='block_1_59' title="bbox 2218 1775 3793 1855">
    <p class='ocr_par' dir='ltr' id='par_1_59' title="bbox 2218 1775 3793 1855">
     <span class='ocr_line' id='line_1_59' title="bbox 2218 1775 3793 1855; baseline -0.01 -11"><span class='ocrx_word' id='word_1_455' title='bbox 2218 1792 2296 1854; x_wconf 86' lang='grc' dir='ltr'><strong>είς</strong></span> <span class='ocrx_word' id='word_1_456' title='bbox 2330 1789 2388 1841; x_wconf 84' lang='grc' dir='ltr'><strong>τὸ</strong></span> <span class='ocrx_word' id='word_1_457' title='bbox 2428 1787 2664 1841; x_wconf 80' lang='grc' dir='ltr'>ἐναντίον</span> <span class='ocrx_word' id='word_1_458' title='bbox 2716 1785 3005 1855; x_wconf 82' lang='grc' dir='ltr'>κινουμένη</span> <span class='ocrx_word' id='word_1_459' title='bbox 3026 1824 3040 1846; x_wconf 94' lang='grc'><strong>,</strong></span> <span class='ocrx_word' id='word_1_460' title='bbox 3081 1782 3324 1852; x_wconf 80' lang='grc' dir='ltr'>φονεύειν</span> <span class='ocrx_word' id='word_1_461' title='bbox 3358 1779 3627 1849; x_wconf 83' lang='grc' dir='ltr'>πεποίηκε</span> <span class='ocrx_word' id='word_1_462' title='bbox 3650 1817 3663 1839; x_wconf 93' lang='grc'><strong>,</strong></span> <span class='ocrx_word' id='word_1_463' title='bbox 3699 1775 3793 1829; x_wconf 73' lang='grc' dir='ltr'>καὶ</span> 
     </span>
    </p>
   </div>
   <div class='ocr_carea' id='block_1_60' title="bbox 2219 1866 3792 1952">
    <p class='ocr_par' dir='ltr' id='par_1_60' title="bbox 2219 1866 3792 1952">
     <span class='ocr_line' id='line_1_60' title="bbox 2219 1866 3792 1952; baseline -0.008 -19"><span class='ocrx_word' id='word_1_464' title='bbox 2219 1882 2317 1952; x_wconf 79' lang='grc' dir='ltr'>τὴν</span> <span class='ocrx_word' id='word_1_465' title='bbox 2364 1879 2532 1951; x_wconf 81' lang='grc' dir='ltr'>ἀκοὴν</span> <span class='ocrx_word' id='word_1_466' title='bbox 2580 1881 2660 1943; x_wconf 87' lang='grc' dir='ltr'>εἰς</span> <span class='ocrx_word' id='word_1_467' title='bbox 2703 1877 2983 1949; x_wconf 76' lang='grc' dir='ltr'>παρακοήν</span> <span class='ocrx_word' id='word_1_468' title='bbox 3034 1875 3345 1945; x_wconf 78' lang='grc' dir='ltr'>παρήγαγε,</span> <span class='ocrx_word' id='word_1_469' title='bbox 3392 1872 3485 1925; x_wconf 79' lang='grc' dir='ltr'><strong>καὶ</strong></span> <span class='ocrx_word' id='word_1_470' title='bbox 3535 1868 3607 1921; x_wconf 72' lang='grc' dir='ltr'>τὰ</span> <span class='ocrx_word' id='word_1_471' title='bbox 3657 1866 3792 1921; x_wconf 81' lang='grc' dir='ltr'>ἄλλα</span> 
     </span>
    </p>
   </div>
   <div class='ocr_carea' id='block_1_61' title="bbox 2224 1957 3787 2043">
    <p class='ocr_par' dir='ltr' id='par_1_61' title="bbox 2224 1957 3787 2043">
     <span class='ocr_line' id='line_1_61' title="bbox 2224 1957 3787 2043; baseline -0.011 -19"><span class='ocrx_word' id='word_1_472' title='bbox 2224 1972 2361 2043; x_wconf 81' lang='grc' dir='ltr'>μέλη</span> <span class='ocrx_word' id='word_1_473' title='bbox 2386 1972 2464 2034; x_wconf 88' lang='grc' dir='ltr'>εἰς</span> <span class='ocrx_word' id='word_1_474' title='bbox 2488 1971 2548 2023; x_wconf 87' lang='grc' dir='ltr'>τὸ</span> <span class='ocrx_word' id='word_1_475' title='bbox 2580 1968 2845 2043; x_wconf 84' lang='grc' dir='ltr'>μοιχεύειν</span> <span class='ocrx_word' id='word_1_476' title='bbox 2875 1966 2993 2021; x_wconf 73' lang='grc' dir='ltr'>ἀντὶ</span> <span class='ocrx_word' id='word_1_477' title='bbox 3018 1965 3140 2034; x_wconf 81' lang='grc' dir='ltr'>νομί</span> <span class='ocrx_word' id='word_1_478' title='bbox 3148 1980 3252 2035; x_wconf 88' lang='grc' dir='ltr'><strong>μης</strong></span> <span class='ocrx_word' id='word_1_479' title='bbox 3275 1961 3386 2033; x_wconf 87' lang='lat'>(50)</span> <span class='ocrx_word' id='word_1_480' title='bbox 3414 1957 3787 2026; x_wconf 63' lang='grc' dir='ltr'>τεκνογονίας</span> 
     </span>
    </p>
   </div>
   <div class='ocr_carea' id='block_1_62' title="bbox 2222 2050 3792 2137">
    <p class='ocr_par' dir='ltr' id='par_1_62' title="bbox 2222 2050 3792 2137">
     <span class='ocr_line' id='line_1_62' title="bbox 2222 2050 3792 2137; baseline -0.013 -16"><span class='ocrx_word' id='word_1_481' title='bbox 2222 2067 2315 2121; x_wconf 74' lang='grc' dir='ltr'><strong>καὶ</strong></span> <span class='ocrx_word' id='word_1_482' title='bbox 2342 2067 2438 2137; x_wconf 82' lang='grc' dir='ltr'><strong>τήν</strong></span> <span class='ocrx_word' id='word_1_483' title='bbox 2470 2066 2567 2137; x_wconf 82' lang='grc' dir='ltr'><strong>μὲν</strong></span> <span class='ocrx_word' id='word_1_484' title='bbox 2600 2064 2842 2133; x_wconf 88' lang='grc' dir='ltr'>γλῶτταν</span> <span class='ocrx_word' id='word_1_485' title='bbox 2875 2060 2994 2115; x_wconf 69' lang='grc' dir='ltr'>ἀντὶ</span> <span class='ocrx_word' id='word_1_486' title='bbox 3026 2058 3297 2129; x_wconf 77' lang='grc' dir='ltr'>εὐφημίας</span> <span class='ocrx_word' id='word_1_487' title='bbox 3331 2058 3407 2119; x_wconf 83' lang='grc' dir='ltr'>εἰς</span> <span class='ocrx_word' id='word_1_488' title='bbox 3444 2050 3792 2125; x_wconf 75' lang='grc' dir='ltr'>βλασφημίας</span> 
     </span>
    </p>
   </div>
   <div class='ocr_carea' id='block_1_63' title="bbox 2221 2139 3793 2229">
    <p class='ocr_par' dir='ltr' id='par_1_63' title="bbox 2221 2139 3793 2229">
     <span class='ocr_line' id='line_1_63' title="bbox 2221 2139 3793 2229; baseline -0.013 -16"><span class='ocrx_word' id='word_1_489' title='bbox 2221 2159 2316 2215; x_wconf 74' lang='grc' dir='ltr'><strong>καὶ</strong></span> <span class='ocrx_word' id='word_1_490' title='bbox 2345 2158 2611 2229; x_wconf 84' lang='grc' dir='ltr'>λοιδορίας</span> <span class='ocrx_word' id='word_1_491' title='bbox 2644 2156 2737 2208; x_wconf 68' lang='grc' dir='ltr'>καὶ</span> <span class='ocrx_word' id='word_1_492' title='bbox 2764 2152 3064 2228; x_wconf 78' lang='grc' dir='ltr'>ἐπιορκίας,</span> <span class='ocrx_word' id='word_1_493' title='bbox 3098 2150 3195 2213; x_wconf 85' lang='grc' dir='ltr'>τὰς</span> <span class='ocrx_word' id='word_1_494' title='bbox 3222 2149 3278 2202; x_wconf 80' lang='grc' dir='ltr'><strong>δὲ</strong></span> <span class='ocrx_word' id='word_1_495' title='bbox 3309 2150 3499 2219; x_wconf 85' lang='grc' dir='ltr'>χεῖρας</span> <span class='ocrx_word' id='word_1_496' title='bbox 3528 2139 3596 2198; x_wconf 77' lang='grc' dir='ltr'><strong>αὖ</strong></span> <span class='ocrx_word' id='word_1_497' title='bbox 3634 2142 3793 2196; x_wconf 87' lang='grc' dir='ltr'>πάλιν</span> 
     </span>
    </p>
   </div>
   <div class='ocr_carea' id='block_1_64' title="bbox 2222 2234 3788 2313">
    <p class='ocr_par' dir='ltr' id='par_1_64' title="bbox 2222 2234 3788 2313">
     <span class='ocr_line' id='line_1_64' title="bbox 2222 2234 3788 2313; baseline -0.011 -11"><span class='ocrx_word' id='word_1_498' title='bbox 2222 2251 2302 2313; x_wconf 84' lang='grc' dir='ltr'><strong>είς</strong></span> <span class='ocrx_word' id='word_1_499' title='bbox 2325 2248 2385 2301; x_wconf 81' lang='grc' dir='ltr'><strong>τὸ</strong></span> <span class='ocrx_word' id='word_1_500' title='bbox 2407 2247 2657 2307; x_wconf 80' lang='grc' dir='ltr'>κλέπτειν</span> <span class='ocrx_word' id='word_1_501' title='bbox 2683 2246 2777 2299; x_wconf 74' lang='grc' dir='ltr'>καὶ</span> <span class='ocrx_word' id='word_1_502' title='bbox 2804 2243 3024 2297; x_wconf 81' lang='grc' dir='ltr'>τύπτειν</span> <span class='ocrx_word' id='word_1_503' title='bbox 3050 2243 3175 2303; x_wconf 78' lang='grc' dir='ltr'>τοὺς</span> <span class='ocrx_word' id='word_1_504' title='bbox 3201 2239 3417 2311; x_wconf 81' lang='grc' dir='ltr'>ὁμοίους</span> <span class='ocrx_word' id='word_1_505' title='bbox 3449 2234 3788 2307; x_wconf 83' lang='grc' dir='ltr'>ἀνθρώπους·</span> 
     </span>
    </p>
   </div>
   <div class='ocr_carea' id='block_1_65' title="bbox 2223 2328 3793 2412">
    <p class='ocr_par' dir='ltr' id='par_1_65' title="bbox 2223 2328 3793 2412">
     <span class='ocr_line' id='line_1_65' title="bbox 2223 2328 3793 2412; baseline -0.011 -17"><span class='ocrx_word' id='word_1_506' title='bbox 2223 2342 2316 2399; x_wconf 70' lang='grc' dir='ltr'>καὶ</span> <span class='ocrx_word' id='word_1_507' title='bbox 2351 2342 2449 2412; x_wconf 83' lang='grc' dir='ltr'><strong>τὴν</strong></span> <span class='ocrx_word' id='word_1_508' title='bbox 2490 2340 2589 2410; x_wconf 86' lang='grc' dir='ltr'><strong>μὲν</strong></span> <span class='ocrx_word' id='word_1_509' title='bbox 2629 2338 2925 2408; x_wconf 77' lang='grc' dir='ltr'>δσφρησιν,</span> <span class='ocrx_word' id='word_1_510' title='bbox 2970 2337 3048 2399; x_wconf 89' lang='grc' dir='ltr'>εἰς</span> <span class='ocrx_word' id='word_1_511' title='bbox 3080 2333 3257 2404; x_wconf 85' lang='grc' dir='ltr'>ὀδμῶν</span> <span class='ocrx_word' id='word_1_512' title='bbox 3291 2328 3573 2402; x_wconf 80' lang='grc' dir='ltr'><strong>ἐρωτικῶν</strong></span> <span class='ocrx_word' id='word_1_513' title='bbox 3613 2344 3793 2380; x_wconf 79' lang='grc' dir='ltr'>ποικι-</span> 
     </span>
    </p>
   </div>
   <div class='ocr_carea' id='block_1_66' title="bbox 2223 2414 3788 2497">
    <p class='ocr_par' dir='ltr' id='par_1_66' title="bbox 2223 2414 3788 2497">
     <span class='ocr_line' id='line_1_66' title="bbox 2223 2414 3788 2497; baseline -0.01 -11"><span class='ocrx_word' id='word_1_514' title='bbox 2223 2433 2373 2495; x_wconf 81' lang='grc' dir='ltr'>λίας’</span> <span class='ocrx_word' id='word_1_515' title='bbox 2412 2433 2536 2493; x_wconf 80' lang='grc' dir='ltr'>τοὺς</span> <span class='ocrx_word' id='word_1_516' title='bbox 2563 2431 2620 2484; x_wconf 82' lang='grc' dir='ltr'>δὲ</span> <span class='ocrx_word' id='word_1_517' title='bbox 2664 2430 2827 2492; x_wconf 84' lang='grc' dir='ltr'>πόδας</span> <span class='ocrx_word' id='word_1_518' title='bbox 2873 2430 2950 2491; x_wconf 87' lang='grc' dir='ltr'><strong>είς</strong></span> <span class='ocrx_word' id='word_1_519' title='bbox 2989 2426 3222 2497; x_wconf 75' lang='grc' dir='ltr'>ὀξύτητα</span> <span class='ocrx_word' id='word_1_520' title='bbox 3253 2424 3347 2478; x_wconf 86' lang='grc' dir='ltr'><strong>τοῦ</strong></span> <span class='ocrx_word' id='word_1_521' title='bbox 3382 2423 3575 2493; x_wconf 76' lang='grc' dir='ltr'>ἐκχέαι</span> <span class='ocrx_word' id='word_1_522' title='bbox 3614 2414 3751 2489; x_wconf 73' lang='grc' dir='ltr'>αἷμα</span> <span class='ocrx_word' id='word_1_523' title='bbox 3774 2434 3788 2448; x_wconf 88' lang='grc'><strong>·</strong></span> 
     </span>
    </p>
   </div>
   <div class='ocr_carea' id='block_1_67' title="bbox 2224 2512 3791 2594">
    <p class='ocr_par' dir='ltr' id='par_1_67' title="bbox 2224 2512 3791 2594">
     <span class='ocr_line' id='line_1_67' title="bbox 2224 2512 3791 2594; baseline -0.011 -16"><span class='ocrx_word' id='word_1_524' title='bbox 2224 2526 2315 2578; x_wconf 67' lang='grc' dir='ltr'><strong>καὶ</strong></span> <span class='ocrx_word' id='word_1_525' title='bbox 2335 2524 2430 2594; x_wconf 83' lang='grc' dir='ltr'>τὴν</span> <span class='ocrx_word' id='word_1_526' title='bbox 2465 2524 2560 2593; x_wconf 88' lang='grc' dir='ltr'><strong>μὲν</strong></span> <span class='ocrx_word' id='word_1_527' title='bbox 2599 2520 2834 2592; x_wconf 76' lang='grc' dir='ltr'>γαστέρα</span> <span class='ocrx_word' id='word_1_528' title='bbox 2871 2521 2949 2583; x_wconf 85' lang='grc' dir='ltr'><strong>είς</strong></span> <span class='ocrx_word' id='word_1_529' title='bbox 3000 2519 3170 2589; x_wconf 83' lang='grc' dir='ltr'>μέθην</span> <span class='ocrx_word' id='word_1_530' title='bbox 3203 2518 3293 2570; x_wconf 71' lang='grc' dir='ltr'><strong>καὶ</strong></span> <span class='ocrx_word' id='word_1_531' title='bbox 3335 2515 3497 2586; x_wconf 72' lang='grc' dir='ltr'>κόρον</span> <span class='ocrx_word' id='word_1_532' title='bbox 3529 2512 3791 2581; x_wconf 83' lang='grc' dir='ltr'>ἀπλήρω-</span> 
     </span>
    </p>
   </div>
   <div class='ocr_carea' id='block_1_68' title="bbox 2223 2604 3790 2687">
    <p class='ocr_par' dir='ltr' id='par_1_68' title="bbox 2223 2604 3790 2687">
     <span class='ocr_line' id='line_1_68' title="bbox 2223 2604 3790 2687; baseline -0.011 -14"><span class='ocrx_word' id='word_1_533' title='bbox 2223 2634 2348 2673; x_wconf 88' lang='grc' dir='ltr'>τον·</span> <span class='ocrx_word' id='word_1_534' title='bbox 2387 2617 2526 2687; x_wconf 77' lang='grc' dir='ltr'>ειπερ</span> <span class='ocrx_word' id='word_1_535' title='bbox 2566 2615 2742 2670; x_wconf 88' lang='grc' dir='ltr'>πάντα</span> <span class='ocrx_word' id='word_1_536' title='bbox 2772 2614 2940 2669; x_wconf 86' lang='grc' dir='ltr'>κακία</span> <span class='ocrx_word' id='word_1_537' title='bbox 2977 2612 3070 2666; x_wconf 76' lang='grc' dir='ltr'><strong>καὶ</strong></span> <span class='ocrx_word' id='word_1_538' title='bbox 3103 2607 3340 2680; x_wconf 84' lang='grc' dir='ltr'>ἁμαρτία</span> <span class='ocrx_word' id='word_1_539' title='bbox 3388 2604 3571 2675; x_wconf 77' lang='grc' dir='ltr'>ψυχῆς</span> <span class='ocrx_word' id='word_1_540' title='bbox 3624 2605 3790 2655; x_wconf 67' lang='grc' dir='ltr'>ἔστιν.</span> 
     </span>
    </p>
   </div>
   <div class='ocr_carea' id='block_1_69' title="bbox 2224 2693 3811 2775">
    <p class='ocr_par' dir='ltr' id='par_1_69' title="bbox 2224 2693 3811 2775">
     <span class='ocr_line' id='line_1_69' title="bbox 2224 2693 3811 2775; baseline -0.013 -13"><span class='ocrx_word' id='word_1_541' title='bbox 2224 2708 2379 2773; x_wconf 22' lang='grc' dir='ltr'>Αηίτία</span> <span class='ocrx_word' id='word_1_542' title='bbox 2425 2709 2482 2766; x_wconf 85' lang='grc' dir='ltr'>δὲ</span> <span class='ocrx_word' id='word_1_543' title='bbox 2536 2707 2739 2761; x_wconf 88' lang='grc' dir='ltr'>τούτων</span> <span class='ocrx_word' id='word_1_544' title='bbox 2790 2704 3035 2775; x_wconf 74' lang='grc' dir='ltr'>οὐδεμία,</span> <span class='ocrx_word' id='word_1_545' title='bbox 3086 2702 3199 2756; x_wconf 82' lang='grc' dir='ltr'>ἀλλ’</span> <span class='ocrx_word' id='word_1_546' title='bbox 3234 2702 3266 2769; x_wconf 84' lang='grc' dir='ltr'>ἡ</span> <span class='ocrx_word' id='word_1_547' title='bbox 3306 2698 3413 2752; x_wconf 91' lang='grc' dir='ltr'><strong>τῶν</strong></span> <span class='ocrx_word' id='word_1_548' title='bbox 3469 2693 3811 2766; x_wconf 62' lang='grc' dir='ltr'>κρειττόνων</span> 
     </span>
    </p>
   </div>
   <div class='ocr_carea' id='block_1_70' title="bbox 2222 2780 3793 2870">
    <p class='ocr_par' dir='ltr' id='par_1_70' title="bbox 2222 2780 3793 2870">
     <span class='ocr_line' id='line_1_70' title="bbox 2222 2780 3793 2870; baseline -0.011 -18"><span class='ocrx_word' id='word_1_549' title='bbox 2222 2780 2559 2870; x_wconf 72' lang='grc' dir='ltr'>ἀποστροφή.</span> <span class='ocrx_word' id='word_1_550' title='bbox 2607 2798 2692 2860; x_wconf 83' lang='grc' dir='ltr'>Ὡς</span> <span class='ocrx_word' id='word_1_551' title='bbox 2737 2795 2845 2866; x_wconf 81' lang='grc' dir='ltr'>γὰρ</span> <span class='ocrx_word' id='word_1_552' title='bbox 2882 2794 2976 2847; x_wconf 70' lang='grc' dir='ltr'><strong>ἐὰν</strong></span> <span class='ocrx_word' id='word_1_553' title='bbox 3005 2794 3236 2864; x_wconf 84' lang='grc' dir='ltr'>ἡνίοχος,</span> <span class='ocrx_word' id='word_1_554' title='bbox 3284 2787 3479 2849; x_wconf 75' lang='grc' dir='ltr'>ἐπιϐὰς</span> <span class='ocrx_word' id='word_1_555' title='bbox 3511 2786 3702 2846; x_wconf 80' lang='grc' dir='ltr'>ἵπποις</span> <span class='ocrx_word' id='word_1_556' title='bbox 3736 2784 3793 2834; x_wconf 82' lang='grc' dir='ltr'><strong>ἐν</strong></span> 
     </span>
    </p>
   </div>
   <div class='ocr_carea' id='block_1_71' title="bbox 2228 2874 3796 2961">
    <p class='ocr_par' dir='ltr' id='par_1_71' title="bbox 2228 2874 3796 2961">
     <span class='ocr_line' id='line_1_71' title="bbox 2228 2874 3796 2961; baseline -0.01 -16"><span class='ocrx_word' id='word_1_557' title='bbox 2228 2892 2424 2961; x_wconf 87' lang='grc' dir='ltr'>σταδίῳ</span> <span class='ocrx_word' id='word_1_558' title='bbox 2466 2890 2850 2961; x_wconf 74' lang='grc' dir='ltr'>καταφρονήσῃ</span> <span class='ocrx_word' id='word_1_559' title='bbox 2887 2886 2996 2958; x_wconf 88' lang='lat'>(5|)</span> <span class='ocrx_word' id='word_1_560' title='bbox 3050 2886 3149 2955; x_wconf 85' lang='grc' dir='ltr'><strong>μὲν</strong></span> <span class='ocrx_word' id='word_1_561' title='bbox 3199 2882 3288 2937; x_wconf 84' lang='grc' dir='ltr'><strong>τοῦ</strong></span> <span class='ocrx_word' id='word_1_562' title='bbox 3337 2878 3567 2941; x_wconf 86' lang='grc' dir='ltr'>σκοποῦ,</span> <span class='ocrx_word' id='word_1_563' title='bbox 3617 2878 3696 2939; x_wconf 85' lang='grc' dir='ltr'><strong>είς</strong></span> <span class='ocrx_word' id='word_1_564' title='bbox 3736 2874 3796 2929; x_wconf 81' lang='grc' dir='ltr'>ὃν</span> 
     </span>
    </p>
   </div>
   <div class='ocr_carea' id='block_1_72' title="bbox 2226 2973 3793 3057">
    <p class='ocr_par' dir='ltr' id='par_1_72' title="bbox 2226 2973 3793 3057">
     <span class='ocr_line' id='line_1_72' title="bbox 2226 2973 3793 3057; baseline -0.01 -17"><span class='ocrx_word' id='word_1_565' title='bbox 2226 2986 2468 3042; x_wconf 76' lang='grc' dir='ltr'>ἐλαύνειν</span> <span class='ocrx_word' id='word_1_566' title='bbox 2529 2986 2690 3039; x_wconf 78' lang='grc' dir='ltr'>αὐτὸν</span> <span class='ocrx_word' id='word_1_567' title='bbox 2746 2987 3031 3057; x_wconf 85' lang='grc' dir='ltr'>προσήκει,</span> <span class='ocrx_word' id='word_1_568' title='bbox 3073 2978 3440 3050; x_wconf 72' lang='grc' dir='ltr'>ἀποστραφεὶς</span> <span class='ocrx_word' id='word_1_569' title='bbox 3485 2976 3543 3028; x_wconf 79' lang='grc' dir='ltr'>δὲ</span> <span class='ocrx_word' id='word_1_570' title='bbox 3589 2973 3793 3036; x_wconf 84' lang='grc' dir='ltr'>τοῦτον,</span> 
     </span>
    </p>
   </div>
   <div class='ocr_carea' id='block_1_73' title="bbox 2226 3068 3795 3150">
    <p class='ocr_par' dir='ltr' id='par_1_73' title="bbox 2226 3068 3795 3150">
     <span class='ocr_line' id='line_1_73' title="bbox 2226 3068 3795 3150; baseline -0.008 -18"><span class='ocrx_word' id='word_1_571' title='bbox 2226 3079 2411 3143; x_wconf 80' lang='grc' dir='ltr'>ἁπλῶς</span> <span class='ocrx_word' id='word_1_572' title='bbox 2440 3078 2638 3150; x_wconf 80' lang='grc' dir='ltr'>ἐλαύνῃ</span> <span class='ocrx_word' id='word_1_573' title='bbox 2664 3077 2755 3130; x_wconf 83' lang='grc' dir='ltr'><strong>τὸν</strong></span> <span class='ocrx_word' id='word_1_574' title='bbox 2786 3078 2947 3129; x_wconf 78' lang='grc' dir='ltr'>ἵππον</span> <span class='ocrx_word' id='word_1_575' title='bbox 2973 3077 3047 3140; x_wconf 85' lang='grc' dir='ltr'>ὡς</span> <span class='ocrx_word' id='word_1_576' title='bbox 3085 3076 3146 3130; x_wconf 73' lang='grc' dir='ltr'><strong>ἂν</strong></span> <span class='ocrx_word' id='word_1_577' title='bbox 3176 3075 3426 3145; x_wconf 78' lang='grc' dir='ltr'>δύνηται’</span> <span class='ocrx_word' id='word_1_578' title='bbox 3462 3071 3689 3125; x_wconf 87' lang='grc' dir='ltr'>δύναται</span> <span class='ocrx_word' id='word_1_579' title='bbox 3717 3068 3795 3131; x_wconf 84' lang='grc' dir='ltr'>δὲ,</span> 
     </span>
    </p>
   </div>
   <div class='ocr_carea' id='block_1_74' title="bbox 2227 3161 3797 3241">
    <p class='ocr_par' dir='ltr' id='par_1_74' title="bbox 2227 3161 3797 3241">
     <span class='ocr_line' id='line_1_74' title="bbox 2227 3161 3797 3241; baseline -0.008 -18"><span class='ocrx_word' id='word_1_580' title='bbox 2227 3171 2302 3234; x_wconf 83' lang='grc' dir='ltr'>ὡς</span> <span class='ocrx_word' id='word_1_581' title='bbox 2335 3170 2599 3241; x_wconf 86' lang='grc' dir='ltr'>βούλεται·</span> <span class='ocrx_word' id='word_1_582' title='bbox 2635 3170 2728 3223; x_wconf 74' lang='grc' dir='ltr'><strong>καὶ</strong></span> <span class='ocrx_word' id='word_1_583' title='bbox 2769 3168 3024 3232; x_wconf 82' lang='grc' dir='ltr'>πολλάκις</span> <span class='ocrx_word' id='word_1_584' title='bbox 3056 3168 3153 3238; x_wconf 85' lang='grc' dir='ltr'><strong>μὲν</strong></span> <span class='ocrx_word' id='word_1_585' title='bbox 3182 3168 3261 3229; x_wconf 79' lang='grc' dir='ltr'><strong>είς</strong></span> <span class='ocrx_word' id='word_1_586' title='bbox 3288 3166 3415 3227; x_wconf 73' lang='grc' dir='ltr'>τοὺς</span> <span class='ocrx_word' id='word_1_587' title='bbox 3442 3161 3797 3221; x_wconf 82' lang='grc' dir='ltr'>ἀπαντῶντας</span> 
     </span>
    </p>
   </div>
   <div class='ocr_carea' id='block_1_75' title="bbox 2227 3250 3794 3334">
    <p class='ocr_par' dir='ltr' id='par_1_75' title="bbox 2227 3250 3794 3334">
     <span class='ocr_line' id='line_1_75' title="bbox 2227 3250 3794 3334; baseline -0.003 -17"><span class='ocrx_word' id='word_1_588' title='bbox 2227 3265 2393 3334; x_wconf 82' lang='grc' dir='ltr'>ὁρμᾷ,</span> <span class='ocrx_word' id='word_1_589' title='bbox 2425 3262 2681 3326; x_wconf 83' lang='grc' dir='ltr'>πολλάκις</span> <span class='ocrx_word' id='word_1_590' title='bbox 2714 3263 2770 3315; x_wconf 85' lang='grc' dir='ltr'>δὲ</span> <span class='ocrx_word' id='word_1_591' title='bbox 2816 3263 2907 3314; x_wconf 71' lang='grc' dir='ltr'><strong>καὶ</strong></span> <span class='ocrx_word' id='word_1_592' title='bbox 2944 3260 3082 3314; x_wconf 86' lang='grc' dir='ltr'><strong>κατά</strong></span> <span class='ocrx_word' id='word_1_593' title='bbox 3117 3257 3377 3331; x_wconf 83' lang='grc' dir='ltr'>κρημνῶν</span> <span class='ocrx_word' id='word_1_594' title='bbox 3410 3253 3615 3327; x_wconf 74' lang='grc' dir='ltr'>ἐλαύνῃ</span> <span class='ocrx_word' id='word_1_595' title='bbox 3664 3250 3794 3321; x_wconf 64' lang='grc' dir='ltr'><strong>(59η),</strong></span> 
     </span>
    </p>
   </div>
   <div class='ocr_carea' id='block_1_76' title="bbox 2229 3345 3797 3426">
    <p class='ocr_par' dir='ltr' id='par_1_76' title="bbox 2229 3345 3797 3426">
     <span class='ocr_line' id='line_1_76' title="bbox 2229 3345 3797 3426; baseline -0.007 -19"><span class='ocrx_word' id='word_1_596' title='bbox 2229 3353 2525 3426; x_wconf 69' lang='grc' dir='ltr'>φερόμενος</span> <span class='ocrx_word' id='word_1_597' title='bbox 2560 3356 2693 3407; x_wconf 86' lang='grc' dir='ltr'>ὅπου</span> <span class='ocrx_word' id='word_1_598' title='bbox 2731 3354 2774 3407; x_wconf 82' lang='grc' dir='ltr'>δ’</span> <span class='ocrx_word' id='word_1_599' title='bbox 2804 3353 2869 3405; x_wconf 86' lang='grc' dir='ltr'>ἂν</span> <span class='ocrx_word' id='word_1_600' title='bbox 2900 3352 3089 3406; x_wconf 76' lang='grc' dir='ltr'>ἑαυτὸν</span> <span class='ocrx_word' id='word_1_601' title='bbox 3117 3354 3179 3421; x_wconf 84' lang='grc' dir='ltr'>τῇ</span> <span class='ocrx_word' id='word_1_602' title='bbox 3218 3349 3436 3420; x_wconf 81' lang='grc' dir='ltr'>ὀξύτητι</span> <span class='ocrx_word' id='word_1_603' title='bbox 3468 3345 3580 3400; x_wconf 90' lang='grc' dir='ltr'><strong>τῶν</strong></span> <span class='ocrx_word' id='word_1_604' title='bbox 3618 3346 3797 3397; x_wconf 80' lang='grc' dir='ltr'>ἵππων</span> 
     </span>
    </p>
   </div>
   <div class='ocr_carea' id='block_1_77' title="bbox 2228 3436 3795 3518">
    <p class='ocr_par' dir='ltr' id='par_1_77' title="bbox 2228 3436 3795 3518">
     <span class='ocr_line' id='line_1_77' title="bbox 2228 3436 3795 3518; baseline -0.006 -19"><span class='ocrx_word' id='word_1_605' title='bbox 2228 3446 2416 3518; x_wconf 81' lang='grc' dir='ltr'>φέροι,</span> <span class='ocrx_word' id='word_1_606' title='bbox 2457 3444 2709 3516; x_wconf 76' lang='grc' dir='ltr'>νομίζων.</span> <span class='ocrx_word' id='word_1_607' title='bbox 2742 3446 2845 3508; x_wconf 83' lang='grc' dir='ltr'>ὅτι,</span> <span class='ocrx_word' id='word_1_608' title='bbox 2880 3444 3021 3498; x_wconf 76' lang='grc' dir='ltr'>οὕτω</span> <span class='ocrx_word' id='word_1_609' title='bbox 3064 3446 3303 3514; x_wconf 84' lang='grc' dir='ltr'>τρέχων,</span> <span class='ocrx_word' id='word_1_610' title='bbox 3326 3441 3428 3494; x_wconf 86' lang='grc' dir='ltr'><strong>οὐκ</strong></span> <span class='ocrx_word' id='word_1_611' title='bbox 3465 3440 3675 3509; x_wconf 77' lang='grc' dir='ltr'>ἐσφάλη</span> <span class='ocrx_word' id='word_1_612' title='bbox 3702 3436 3795 3490; x_wconf 89' lang='grc' dir='ltr'><strong>τοῦ</strong></span> 
     </span>
    </p>
   </div>
   <div class='ocr_carea' id='block_1_78' title="bbox 2231 3528 3800 3610">
    <p class='ocr_par' dir='ltr' id='par_1_78' title="bbox 2231 3528 3800 3610">
     <span class='ocr_line' id='line_1_78' title="bbox 2231 3528 3800 3610; baseline -0.008 -18"><span class='ocrx_word' id='word_1_613' title='bbox 2231 3537 2433 3593; x_wconf 82' lang='grc' dir='ltr'>σκοποῦ</span> <span class='ocrx_word' id='word_1_614' title='bbox 2457 3556 2471 3568; x_wconf 74' lang='grc' dir='ltr'><strong>ο</strong></span> <span class='ocrx_word' id='word_1_615' title='bbox 2511 3538 2648 3609; x_wconf 82' lang='grc' dir='ltr'>πρὸς</span> <span class='ocrx_word' id='word_1_616' title='bbox 2678 3538 2788 3610; x_wconf 77' lang='grc' dir='ltr'><strong>γὰρ</strong></span> <span class='ocrx_word' id='word_1_617' title='bbox 2832 3538 2990 3610; x_wconf 84' lang='grc' dir='ltr'>μόνον</span> <span class='ocrx_word' id='word_1_618' title='bbox 3011 3537 3102 3588; x_wconf 84' lang='grc' dir='ltr'><strong>τὸν</strong></span> <span class='ocrx_word' id='word_1_619' title='bbox 3130 3534 3327 3604; x_wconf 88' lang='grc' dir='ltr'>δρόμον</span> <span class='ocrx_word' id='word_1_620' title='bbox 3356 3532 3677 3594; x_wconf 76' lang='grc' dir='ltr'>ἀποϐλέπει,</span> <span class='ocrx_word' id='word_1_621' title='bbox 3705 3528 3800 3581; x_wconf 73' lang='grc' dir='ltr'><strong>καὶ</strong></span> 
     </span>
    </p>
   </div>
   <div class='ocr_carea' id='block_1_79' title="bbox 2227 3619 3799 3701">
    <p class='ocr_par' dir='ltr' id='par_1_79' title="bbox 2227 3619 3799 3701">
     <span class='ocr_line' id='line_1_79' title="bbox 2227 3619 3799 3701; baseline -0.008 -17"><span class='ocrx_word' id='word_1_622' title='bbox 2227 3632 2327 3701; x_wconf 83' lang='grc' dir='ltr'><strong>οὐχ</strong></span> <span class='ocrx_word' id='word_1_623' title='bbox 2370 3632 2492 3701; x_wconf 80' lang='grc' dir='ltr'>ὁρᾷ,</span> <span class='ocrx_word' id='word_1_624' title='bbox 2541 3630 2622 3683; x_wconf 84' lang='grc' dir='ltr'>ὅτι</span> <span class='ocrx_word' id='word_1_625' title='bbox 2656 3630 2760 3696; x_wconf 70' lang='grc' dir='ltr'><strong>ἔξω</strong></span> <span class='ocrx_word' id='word_1_626' title='bbox 2799 3628 2891 3683; x_wconf 89' lang='grc' dir='ltr'><strong>τοῦ</strong></span> <span class='ocrx_word' id='word_1_627' title='bbox 2930 3627 3133 3682; x_wconf 83' lang='grc' dir='ltr'>σκοποῦ</span> <span class='ocrx_word' id='word_1_628' title='bbox 3163 3626 3415 3695; x_wconf 81' lang='grc' dir='ltr'>γέγονεν·</span> <span class='ocrx_word' id='word_1_629' title='bbox 3452 3622 3600 3676; x_wconf 76' lang='grc' dir='ltr'>οὕτω</span> <span class='ocrx_word' id='word_1_630' title='bbox 3643 3620 3734 3675; x_wconf 73' lang='grc' dir='ltr'><strong>καὶ</strong></span> <span class='ocrx_word' id='word_1_631' title='bbox 3764 3619 3799 3687; x_wconf 87' lang='grc' dir='ltr'><strong>ἡ</strong></span> 
     </span>
    </p>
   </div>
   <div class='ocr_carea' id='block_1_80' title="bbox 2228 3710 3805 3791">
    <p class='ocr_par' dir='ltr' id='par_1_80' title="bbox 2228 3710 3805 3791">
     <span class='ocr_line' id='line_1_80' title="bbox 2228 3710 3805 3791; baseline -0.007 -17"><span class='ocrx_word' id='word_1_632' title='bbox 2228 3719 2373 3791; x_wconf 75' lang='grc' dir='ltr'>ψυχὴ</span> <span class='ocrx_word' id='word_1_633' title='bbox 2417 3721 2827 3791; x_wconf 80' lang='grc' dir='ltr'>ἀποστραφεῖσα</span> <span class='ocrx_word' id='word_1_634' title='bbox 2874 3720 2973 3790; x_wconf 77' lang='grc' dir='ltr'><strong>τὴν</strong></span> <span class='ocrx_word' id='word_1_635' title='bbox 3021 3719 3157 3789; x_wconf 83' lang='grc' dir='ltr'>πρὸς</span> <span class='ocrx_word' id='word_1_636' title='bbox 3212 3716 3302 3768; x_wconf 83' lang='grc' dir='ltr'><strong>τὸν</strong></span> <span class='ocrx_word' id='word_1_637' title='bbox 3342 3714 3477 3767; x_wconf 80' lang='grc' dir='ltr'>Θεὸν</span> <span class='ocrx_word' id='word_1_638' title='bbox 3522 3713 3672 3776; x_wconf 81' lang='grc' dir='ltr'>ὁδὸν,</span> <span class='ocrx_word' id='word_1_639' title='bbox 3711 3710 3805 3764; x_wconf 77' lang='grc' dir='ltr'>καὶ</span> 
     </span>
    </p>
   </div>
   <div class='ocr_carea' id='block_1_81' title="bbox 2231 3803 3802 3885">
    <p class='ocr_par' dir='ltr' id='par_1_81' title="bbox 2231 3803 3802 3885">
     <span class='ocr_line' id='line_1_81' title="bbox 2231 3803 3802 3885; baseline -0.009 -18"><span class='ocrx_word' id='word_1_640' title='bbox 2231 3812 2528 3867; x_wconf 78' lang='grc' dir='ltr'>ἐλαύνουσα</span> <span class='ocrx_word' id='word_1_641' title='bbox 2570 3813 2721 3885; x_wconf 76' lang='grc' dir='ltr'>παρὰ</span> <span class='ocrx_word' id='word_1_642' title='bbox 2750 3812 2808 3865; x_wconf 81' lang='grc' dir='ltr'><strong>τὸ</strong></span> <span class='ocrx_word' id='word_1_643' title='bbox 2858 3811 3064 3882; x_wconf 88' lang='grc' dir='ltr'>πρέπον</span> <span class='ocrx_word' id='word_1_644' title='bbox 3107 3808 3174 3861; x_wconf 84' lang='grc' dir='ltr'><strong>τὰ</strong></span> <span class='ocrx_word' id='word_1_645' title='bbox 3201 3806 3295 3860; x_wconf 88' lang='grc' dir='ltr'><strong>τοῦ</strong></span> <span class='ocrx_word' id='word_1_646' title='bbox 3342 3805 3599 3875; x_wconf 82' lang='grc' dir='ltr'>σώματος</span> <span class='ocrx_word' id='word_1_647' title='bbox 3645 3803 3802 3873; x_wconf 81' lang='grc' dir='ltr'>μέλη,</span> 
     </span>
    </p>
   </div>
   <div class='ocr_carea' id='block_1_82' title="bbox 2235 3895 3805 3976">
    <p class='ocr_par' dir='ltr' id='par_1_82' title="bbox 2235 3895 3805 3976">
     <span class='ocr_line' id='line_1_82' title="bbox 2235 3895 3805 3976; baseline -0.008 -18"><span class='ocrx_word' id='word_1_648' title='bbox 2235 3904 2433 3976; x_wconf 78' lang='grc' dir='ltr'>μᾶλλον</span> <span class='ocrx_word' id='word_1_649' title='bbox 2458 3904 2513 3957; x_wconf 80' lang='grc' dir='ltr'>δὲ</span> <span class='ocrx_word' id='word_1_650' title='bbox 2554 3905 2649 3958; x_wconf 75' lang='grc' dir='ltr'><strong>καὶ</strong></span> <span class='ocrx_word' id='word_1_651' title='bbox 2686 3903 2823 3973; x_wconf 80' lang='grc' dir='ltr'>αὐτὴ</span> <span class='ocrx_word' id='word_1_652' title='bbox 2861 3902 2976 3973; x_wconf 87' lang='grc' dir='ltr'>μετ’</span> <span class='ocrx_word' id='word_1_653' title='bbox 3005 3900 3183 3955; x_wconf 81' lang='grc' dir='ltr'>αὐτῶν</span> <span class='ocrx_word' id='word_1_654' title='bbox 3222 3898 3312 3967; x_wconf 77' lang='grc' dir='ltr'><strong>ὑφ’</strong></span> <span class='ocrx_word' id='word_1_655' title='bbox 3351 3897 3551 3967; x_wconf 80' lang='grc' dir='ltr'>ἑαυτῆς</span> <span class='ocrx_word' id='word_1_656' title='bbox 3587 3895 3805 3948; x_wconf 85' lang='grc' dir='ltr'>ὲλαυνο-</span> 
     </span>
    </p>
   </div>
   <div class='ocr_carea' id='block_1_83' title="bbox 2237 3980 3808 4069">
    <p class='ocr_par' dir='ltr' id='par_1_83' title="bbox 2237 3980 3808 4069">
     <span class='ocr_line' id='line_1_83' title="bbox 2237 3980 3808 4069; baseline -0.006 -20"><span class='ocrx_word' id='word_1_657' title='bbox 2237 3998 2393 4069; x_wconf 81' lang='grc' dir='ltr'>μένη,</span> <span class='ocrx_word' id='word_1_658' title='bbox 2423 3998 2723 4068; x_wconf 81' lang='grc' dir='ltr'>ἁμαρτάνει</span> <span class='ocrx_word' id='word_1_659' title='bbox 2764 3997 2857 4050; x_wconf 70' lang='grc' dir='ltr'><strong>καὶ</strong></span> <span class='ocrx_word' id='word_1_660' title='bbox 2899 3996 2960 4049; x_wconf 80' lang='grc' dir='ltr'>τὸ</span> <span class='ocrx_word' id='word_1_661' title='bbox 3008 3995 3175 4048; x_wconf 79' lang='grc' dir='ltr'>κακὸν</span> <span class='ocrx_word' id='word_1_662' title='bbox 3217 3993 3380 4061; x_wconf 79' lang='grc' dir='ltr'>ἑαυτῇ</span> <span class='ocrx_word' id='word_1_663' title='bbox 3427 3980 3677 4051; x_wconf 76' lang='grc' dir='ltr'>π’λάττει,</span> <span class='ocrx_word' id='word_1_664' title='bbox 3710 3987 3808 4056; x_wconf 80' lang='grc' dir='ltr'><strong>οὑχ</strong></span> 
     </span>
    </p>
   </div>
   <div class='ocr_carea' id='block_1_84' title="bbox 2232 4075 3805 4157">
    <p class='ocr_par' dir='ltr' id='par_1_84' title="bbox 2232 4075 3805 4157">
     <span class='ocr_line' id='line_1_84' title="bbox 2232 4075 3805 4157; baseline -0.006 -19"><span class='ocrx_word' id='word_1_665' title='bbox 2232 4086 2435 4157; x_wconf 81' lang='grc' dir='ltr'>ὁρῶσα,</span> <span class='ocrx_word' id='word_1_666' title='bbox 2464 4087 2545 4138; x_wconf 85' lang='grc' dir='ltr'>ὅτι</span> <span class='ocrx_word' id='word_1_667' title='bbox 2570 4086 2909 4156; x_wconf 80' lang='grc' dir='ltr'>πεπλάνηται</span> <span class='ocrx_word' id='word_1_668' title='bbox 2938 4085 3036 4154; x_wconf 80' lang='grc' dir='ltr'>τῆς</span> <span class='ocrx_word' id='word_1_669' title='bbox 3066 4082 3205 4147; x_wconf 82' lang='grc' dir='ltr'>ὁδοῦ,</span> <span class='ocrx_word' id='word_1_670' title='bbox 3242 4080 3337 4135; x_wconf 70' lang='grc' dir='ltr'>καὶ</span> <span class='ocrx_word' id='word_1_671' title='bbox 3359 4080 3465 4146; x_wconf 76' lang='grc' dir='ltr'><strong>ἔξω</strong></span> <span class='ocrx_word' id='word_1_672' title='bbox 3493 4080 3687 4147; x_wconf 83' lang='grc' dir='ltr'>γέγονε</span> <span class='ocrx_word' id='word_1_673' title='bbox 3714 4075 3805 4128; x_wconf 88' lang='grc' dir='ltr'><strong>τοῦ</strong></span> 
     </span>
    </p>
   </div>
   <div class='ocr_carea' id='block_1_85' title="bbox 2232 4166 3809 4248">
    <p class='ocr_par' dir='ltr' id='par_1_85' title="bbox 2232 4166 3809 4248">
     <span class='ocr_line' id='line_1_85' title="bbox 2232 4166 3809 4248; baseline 0.004 -20"><span class='ocrx_word' id='word_1_674' title='bbox 2232 4177 2331 4248; x_wconf 83' lang='grc' dir='ltr'><strong>τῆς</strong></span> <span class='ocrx_word' id='word_1_675' title='bbox 2361 4176 2615 4247; x_wconf 85' lang='grc' dir='ltr'>ἀληθείας</span> <span class='ocrx_word' id='word_1_676' title='bbox 2660 4175 2882 4240; x_wconf 87' lang='grc' dir='ltr'>σκοποῦ,</span> <span class='ocrx_word' id='word_1_677' title='bbox 2926 4177 3004 4237; x_wconf 86' lang='grc' dir='ltr'>εἰς</span> <span class='ocrx_word' id='word_1_678' title='bbox 3042 4175 3100 4227; x_wconf 88' lang='grc' dir='ltr'>ὃν</span> <span class='ocrx_word' id='word_1_679' title='bbox 3141 4176 3169 4226; x_wconf 89' lang='grc' dir='ltr'>ὁ</span> <span class='ocrx_word' id='word_1_680' title='bbox 3210 4170 3565 4242; x_wconf 73' lang='grc' dir='ltr'>χριστοφόρος</span> <span class='ocrx_word' id='word_1_681' title='bbox 3611 4168 3743 4237; x_wconf 80' lang='grc' dir='ltr'>ἀνὴρ</span> <span class='ocrx_word' id='word_1_682' title='bbox 3779 4166 3809 4218; x_wconf 69' lang='grc' dir='ltr'>δ</span> 
     </span>
    </p>
   </div>
   <div class='ocr_carea' id='block_1_86' title="bbox 2239 4256 3809 4339">
    <p class='ocr_par' dir='ltr' id='par_1_86' title="bbox 2239 4256 3809 4339">
     <span class='ocr_line' id='line_1_86' title="bbox 2239 4256 3809 4339; baseline -0.006 -21"><span class='ocrx_word' id='word_1_683' title='bbox 2239 4267 2508 4337; x_wconf 85' lang='grc' dir='ltr'>μακάριος</span> <span class='ocrx_word' id='word_1_684' title='bbox 2544 4266 2754 4329; x_wconf 88' lang='grc' dir='ltr'>Παῦλος</span> <span class='ocrx_word' id='word_1_685' title='bbox 2792 4264 3115 4339; x_wconf 72' lang='grc' dir='ltr'>ἀποϐλέπων</span> <span class='ocrx_word' id='word_1_686' title='bbox 3159 4263 3341 4329; x_wconf 79' lang='grc' dir='ltr'>ἕλεγε”</span> <span class='ocrx_word' id='word_1_687' title='bbox 3382 4260 3545 4315; x_wconf 78' lang='grc' dir='ltr'>Κατὰ</span> <span class='ocrx_word' id='word_1_688' title='bbox 3577 4256 3809 4311; x_wconf 75' lang='grc' dir='ltr'>σκοπὸν</span> 
     </span>
    </p>
   </div>
   <div class='ocr_carea' id='block_1_87' title="bbox 2235 4347 3809 4427">
    <p class='ocr_par' dir='ltr' id='par_1_87' title="bbox 2235 4347 3809 4427">
     <span class='ocr_line' id='line_1_87' title="bbox 2235 4347 3809 4427; baseline -0.005 -18"><span class='ocrx_word' id='word_1_689' title='bbox 2235 4357 2444 4421; x_wconf 82' lang='grc' dir='ltr'>διώκω,</span> <span class='ocrx_word' id='word_1_690' title='bbox 2485 4360 2572 4423; x_wconf 83' lang='grc' dir='ltr'><strong>είς</strong></span> <span class='ocrx_word' id='word_1_691' title='bbox 2603 4358 2667 4411; x_wconf 86' lang='grc' dir='ltr'>τὸ</span> <span class='ocrx_word' id='word_1_692' title='bbox 2699 4358 2981 4427; x_wconf 76' lang='grc' dir='ltr'>βραϐεῖον</span> <span class='ocrx_word' id='word_1_693' title='bbox 3008 4356 3119 4424; x_wconf 83' lang='grc' dir='ltr'>τῆς</span> <span class='ocrx_word' id='word_1_694' title='bbox 3149 4355 3268 4408; x_wconf 77' lang='grc' dir='ltr'><strong>ἄνω</strong></span> <span class='ocrx_word' id='word_1_695' title='bbox 3308 4352 3587 4418; x_wconf 75' lang='grc' dir='ltr'>κλήσεως</span> <span class='ocrx_word' id='word_1_696' title='bbox 3621 4347 3809 4417; x_wconf 82' lang='grc' dir='ltr'>Ἰησοῦ</span> 
     </span>
    </p>
   </div>
   <div class='ocr_carea' id='block_1_88' title="bbox 2239 4441 3811 4520">
    <p class='ocr_par' dir='ltr' id='par_1_88' title="bbox 2239 4441 3811 4520">
     <span class='ocr_line' id='line_1_88' title="bbox 2239 4441 3811 4520; baseline -0.01 -13"><span class='ocrx_word' id='word_1_697' title='bbox 2239 4453 2526 4520; x_wconf 80' lang='grc' dir='ltr'>Χριστοῦ’</span> <span class='ocrx_word' id='word_1_698' title='bbox 2556 4452 2772 4505; x_wconf 88' lang='grc' dir='ltr'>σκοπῶν</span> <span class='ocrx_word' id='word_1_699' title='bbox 2810 4450 2940 4520; x_wconf 78' lang='grc' dir='ltr'>γοῦν</span> <span class='ocrx_word' id='word_1_700' title='bbox 2971 4449 3033 4502; x_wconf 78' lang='grc' dir='ltr'><strong>τὸ</strong></span> <span class='ocrx_word' id='word_1_701' title='bbox 3074 4448 3237 4508; x_wconf 82' lang='grc' dir='ltr'>καλὸν</span> <span class='ocrx_word' id='word_1_702' title='bbox 3269 4448 3297 4500; x_wconf 89' lang='grc' dir='ltr'>ὁ</span> <span class='ocrx_word' id='word_1_703' title='bbox 3338 4444 3516 4515; x_wconf 73' lang='grc' dir='ltr'>ἅγιος,</span> <span class='ocrx_word' id='word_1_704' title='bbox 3554 4441 3811 4495; x_wconf 76' lang='grc' dir='ltr'>οὐδέποτε</span> 
     </span>
    </p>
   </div>
   <div class='ocr_carea' id='block_1_89' title="bbox 564 4512 2128 4601">
    <p class='ocr_par' dir='ltr' id='par_1_89' title="bbox 564 4512 2128 4587">
     <span class='ocr_line' id='line_1_89' title="bbox 564 4512 2128 4587; baseline 0.003 -21"><span class='ocrx_word' id='word_1_705' title='bbox 564 4512 693 4577; x_wconf 76' lang='lat' dir='ltr'><strong>Jesu</strong></span> <span class='ocrx_word' id='word_1_706' title='bbox 720 4513 915 4568; x_wconf 80' lang='lat' dir='ltr'><strong>Christi</strong></span> <span class='ocrx_word' id='word_1_707' title='bbox 935 4515 975 4567; x_wconf 86' lang='grc'><strong>³.</strong></span> <span class='ocrx_word' id='word_1_708' title='bbox 1008 4517 1189 4585; x_wconf 90' lang='lat' dir='ltr'><strong>Itaque</strong></span> <span class='ocrx_word' id='word_1_709' title='bbox 1220 4526 1443 4572; x_wconf 88' lang='lat' dir='ltr'><strong>sanctus</strong></span> <span class='ocrx_word' id='word_1_710' title='bbox 1474 4517 1764 4587; x_wconf 81' lang='lat' dir='ltr'><strong>Apostolus</strong></span> <span class='ocrx_word' id='word_1_711' title='bbox 1796 4531 1918 4570; x_wconf 92' lang='lat' dir='ltr'><strong>cum</strong></span> <span class='ocrx_word' id='word_1_712' title='bbox 1957 4516 2128 4584; x_wconf 90' lang='lat' dir='ltr'><strong>ipsum</strong></span> 
     </span>
    </p>
   </div>
   <div class='ocr_carea' id='block_1_90' title="bbox 2231 4512 2705 4601">
    <p class='ocr_par' dir='ltr' id='par_1_90' title="bbox 2236 4542 2705 4601">
     <span class='ocr_line' id='line_1_90' title="bbox 2236 4542 2705 4601; baseline 0.009 -5"><span class='ocrx_word' id='word_1_713' title='bbox 2236 4542 2296 4596; x_wconf 76' lang='grc' dir='ltr'><strong>τὸ</strong></span> <span class='ocrx_word' id='word_1_714' title='bbox 2324 4544 2488 4598; x_wconf 78' lang='grc' dir='ltr'>κακὸν</span> <span class='ocrx_word' id='word_1_715' title='bbox 2513 4544 2661 4596; x_wconf 84' lang='grc' dir='ltr'>ὲποίε</span> <span class='ocrx_word' id='word_1_716' title='bbox 2669 4563 2705 4601; x_wconf 86' lang='grc' dir='ltr'>ι.</span> 
     </span>
    </p>
   </div>
   <div class='ocr_carea' id='block_1_91' title="bbox 564 4604 2133 4685">
    <p class='ocr_par' dir='ltr' id='par_1_91' title="bbox 564 4604 2133 4685">
     <span class='ocr_line' id='line_1_91' title="bbox 564 4604 2133 4685; baseline 0.002 -29"><span class='ocrx_word' id='word_1_717' title='bbox 564 4604 786 4671; x_wconf 83' lang='lat' dir='ltr'><strong>bonum,</strong></span> <span class='ocrx_word' id='word_1_718' title='bbox 833 4620 1054 4685; x_wconf 80' lang='lat' dir='ltr'><strong>scopum</strong></span> <span class='ocrx_word' id='word_1_719' title='bbox 1096 4618 1151 4660; x_wconf 89' lang='lat' dir='ltr'><strong>et</strong></span> <span class='ocrx_word' id='word_1_720' title='bbox 1192 4607 1353 4661; x_wconf 81' lang='lat' dir='ltr'><strong>ﬁnem</strong></span> <span class='ocrx_word' id='word_1_721' title='bbox 1405 4607 1654 4674; x_wconf 87' lang='lat' dir='ltr'><strong>haberet,</strong></span> <span class='ocrx_word' id='word_1_722' title='bbox 1713 4606 1847 4661; x_wconf 88' lang='lat' dir='ltr'><strong>nihil</strong></span> <span class='ocrx_word' id='word_1_723' title='bbox 1897 4622 2133 4676; x_wconf 89' lang='lat' dir='ltr'><strong>unquam</strong></span> 
     </span>
    </p>
   </div>
   <div class='ocr_carea' id='block_1_92' title="bbox 563 4697 934 4765">
    <p class='ocr_par' dir='ltr' id='par_1_92' title="bbox 563 4697 934 4765">
     <span class='ocr_line' id='line_1_92' title="bbox 563 4697 934 4765; baseline 0.008 -17"><span class='ocrx_word' id='word_1_724' title='bbox 563 4697 691 4757; x_wconf 82' lang='lat' dir='ltr'><strong>mali</strong></span> <span class='ocrx_word' id='word_1_725' title='bbox 719 4698 934 4765; x_wconf 81' lang='lat' dir='ltr'><strong>agebat.</strong></span> 
     </span>
    </p>
   </div>
   <div class='ocr_carea' id='block_1_93' title="bbox 635 4790 2134 4862">
    <p class='ocr_par' dir='ltr' id='par_1_93' title="bbox 635 4790 2134 4862">
     <span class='ocr_line' id='line_1_93' title="bbox 635 4790 2134 4862; baseline -0.001 -17"><span class='ocrx_word' id='word_1_726' title='bbox 635 4790 687 4860; x_wconf 87' lang='lat'><strong>5</strong></span> <span class='ocrx_word' id='word_1_727' title='bbox 721 4792 775 4845; x_wconf 87' lang='lat'><strong>6.</strong></span> <span class='ocrx_word' id='word_1_728' title='bbox 812 4791 1065 4852; x_wconf 84' lang='lat' dir='ltr'><strong>Nonnulli</strong></span> <span class='ocrx_word' id='word_1_729' title='bbox 1088 4792 1304 4862; x_wconf 86' lang='lat' dir='ltr'><strong>quidem</strong></span> <span class='ocrx_word' id='word_1_730' title='bbox 1329 4791 1621 4857; x_wconf 81' lang='lat' dir='ltr'><strong>Gentilium</strong></span> <span class='ocrx_word' id='word_1_731' title='bbox 1650 4807 1679 4846; x_wconf 87' lang='lat' dir='ltr'><strong>a</strong></span> <span class='ocrx_word' id='word_1_732' title='bbox 1704 4794 1817 4847; x_wconf 87' lang='lat' dir='ltr'><strong>veri</strong></span> <span class='ocrx_word' id='word_1_733' title='bbox 1850 4793 1935 4845; x_wconf 88' lang='lat' dir='ltr'><strong>via</strong></span> <span class='ocrx_word' id='word_1_734' title='bbox 1977 4790 2134 4846; x_wconf 86' lang='lat' dir='ltr'><strong>aber-</strong></span> 
     </span>
    </p>
   </div>
   <div class='ocr_carea' id='block_1_94' title="bbox 566 4880 2136 4953">
    <p class='ocr_par' dir='ltr' id='par_1_94' title="bbox 566 4880 2136 4953">
     <span class='ocr_line' id='line_1_94' title="bbox 566 4880 2136 4953; baseline 0.003 -21"><span class='ocrx_word' id='word_1_735' title='bbox 566 4891 790 4949; x_wconf 77' lang='lat' dir='ltr'><strong>rantes,</strong></span> <span class='ocrx_word' id='word_1_736' title='bbox 840 4896 939 4941; x_wconf 86' lang='lat' dir='ltr'><strong>nec</strong></span> <span class='ocrx_word' id='word_1_737' title='bbox 981 4880 1256 4938; x_wconf 87' lang='lat' dir='ltr'><strong>Christum</strong></span> <span class='ocrx_word' id='word_1_738' title='bbox 1300 4894 1713 4953; x_wconf 79' lang='lat' dir='ltr'><strong>cognoscentes,</strong></span> <span class='ocrx_word' id='word_1_739' title='bbox 1745 4883 1967 4939; x_wconf 87' lang='lat' dir='ltr'><strong>malitiae</strong></span> <span class='ocrx_word' id='word_1_740' title='bbox 2007 4883 2136 4937; x_wconf 90' lang='lat' dir='ltr'><strong>sub-</strong></span> 
     </span>
    </p>
   </div>
   <div class='ocr_carea' id='block_1_95' title="bbox 566 4972 2138 5046">
    <p class='ocr_par' dir='ltr' id='par_1_95' title="bbox 566 4972 2138 5046">
     <span class='ocr_line' id='line_1_95' title="bbox 566 4972 2138 5046; baseline 0.001 -22"><span class='ocrx_word' id='word_1_741' title='bbox 566 4973 826 5033; x_wconf 81' lang='lat' dir='ltr'><strong>stantiam</strong></span> <span class='ocrx_word' id='word_1_742' title='bbox 854 4974 1088 5046; x_wconf 87' lang='lat' dir='ltr'><strong>aliquam</strong></span> <span class='ocrx_word' id='word_1_743' title='bbox 1110 4991 1233 5031; x_wconf 90' lang='lat' dir='ltr'><strong>esse</strong></span> <span class='ocrx_word' id='word_1_744' title='bbox 1269 4991 1332 5029; x_wconf 91' lang='lat' dir='ltr'><strong>ac</strong></span> <span class='ocrx_word' id='word_1_745' title='bbox 1377 4990 1473 5044; x_wconf 90' lang='lat' dir='ltr'><strong>per</strong></span> <span class='ocrx_word' id='word_1_746' title='bbox 1501 4977 1734 5044; x_wconf 90' lang='lat' dir='ltr'><strong>seipsam</strong></span> <span class='ocrx_word' id='word_1_747' title='bbox 1766 4976 2036 5030; x_wconf 76' lang='lat' dir='ltr'><strong>exsistere</strong></span> <span class='ocrx_word' id='word_1_748' title='bbox 2058 4972 2138 5027; x_wconf 79' lang='lat' dir='ltr'><strong>af-</strong></span> 
     </span>
    </p>
   </div>
   <div class='ocr_carea' id='block_1_96' title="bbox 568 5062 2140 5137">
    <p class='ocr_par' dir='ltr' id='par_1_96' title="bbox 568 5062 2140 5137">
     <span class='ocr_line' id='line_1_96' title="bbox 568 5062 2140 5137; baseline 0.003 -20"><span class='ocrx_word' id='word_1_749' title='bbox 568 5062 879 5130; x_wconf 83' lang='lat' dir='ltr'><strong>l’lrmavere,</strong></span> <span class='ocrx_word' id='word_1_750' title='bbox 910 5082 1014 5135; x_wconf 87' lang='lat' dir='ltr'><strong>qua</strong></span> <span class='ocrx_word' id='word_1_751' title='bbox 1044 5068 1288 5136; x_wconf 81' lang='lat' dir='ltr'><strong>profecto</strong></span> <span class='ocrx_word' id='word_1_752' title='bbox 1312 5069 1365 5121; x_wconf 91' lang='lat' dir='ltr'><strong>in</strong></span> <span class='ocrx_word' id='word_1_753' title='bbox 1393 5068 1670 5137; x_wconf 91' lang='lat' dir='ltr'><strong>opinione,</strong></span> <span class='ocrx_word' id='word_1_754' title='bbox 1696 5067 1895 5136; x_wconf 90' lang='lat' dir='ltr'><strong>duplici</strong></span> <span class='ocrx_word' id='word_1_755' title='bbox 1929 5068 2140 5127; x_wconf 86' lang='lat' dir='ltr'><strong>ratione</strong></span> 
     </span>
    </p>
   </div>
   <div class='ocr_carea' id='block_1_97' title="bbox 678 5184 1677 5254">
    <p class='ocr_par' dir='ltr' id='par_1_97' title="bbox 678 5184 1677 5254">
     <span class='ocr_line' id='line_1_97' title="bbox 678 5184 1677 5254; baseline 0.002 -17"><span class='ocrx_word' id='word_1_756' title='bbox 678 5186 699 5219; x_wconf 84' lang='grc'><strong><em>³</em></strong></span> <span class='ocrx_word' id='word_1_757' title='bbox 723 5184 742 5237; x_wconf 92' lang='lat' dir='ltr'><strong>l</strong></span> <span class='ocrx_word' id='word_1_758' title='bbox 765 5185 893 5240; x_wconf 90' lang='lat' dir='ltr'><strong>Cor.</strong></span> <span class='ocrx_word' id='word_1_759' title='bbox 921 5200 994 5250; x_wconf 85' lang='lat' dir='ltr'><strong>vt,</strong></span> <span class='ocrx_word' id='word_1_760' title='bbox 1025 5188 1112 5241; x_wconf 71' lang='lat' dir='ltr'><strong>i2.</strong></span> <span class='ocrx_word' id='word_1_761' title='bbox 1190 5188 1209 5218; x_wconf 80' lang='grc'><strong>³</strong></span> <span class='ocrx_word' id='word_1_762' title='bbox 1238 5186 1431 5254; x_wconf 78' lang='lat' dir='ltr'><strong>Philip.</strong></span> <span class='ocrx_word' id='word_1_763' title='bbox 1472 5201 1555 5249; x_wconf 87' lang='grc' dir='ltr'>ιιι,</span> <span class='ocrx_word' id='word_1_764' title='bbox 1589 5186 1677 5239; x_wconf 65' lang='grc'>16.</span> 
     </span>
    </p>
   </div>
   <div class='ocr_carea' id='block_1_98' title="bbox 639 5294 1633 5365">
    <p class='ocr_par' dir='ltr' id='par_1_98' title="bbox 639 5294 1633 5365">
     <span class='ocr_line' id='line_1_98' title="bbox 639 5294 1633 5365; baseline 0 -18"><span class='ocrx_word' id='word_1_765' title='bbox 639 5294 751 5359; x_wconf 70' lang='lat'><strong>(‘27)</strong></span> <span class='ocrx_word' id='word_1_766' title='bbox 788 5295 995 5352; x_wconf 85' lang='lat' dir='ltr'><strong>Felkm.</strong></span> <span class='ocrx_word' id='word_1_767' title='bbox 1033 5298 1067 5352; x_wconf 81' lang='lat'><strong>5</strong></span> <span class='ocrx_word' id='word_1_768' title='bbox 1095 5315 1285 5362; x_wconf 88' lang='lat' dir='ltr'><strong>anon.,</strong></span> <span class='ocrx_word' id='word_1_769' title='bbox 1319 5297 1633 5365; x_wconf 76' lang='grc' dir='ltr'>ἐπιθυμίαν.</span> 
     </span>
    </p>
   </div>
   <div class='ocr_carea' id='block_1_99' title="bbox 641 5366 2144 5437">
    <p class='ocr_par' dir='ltr' id='par_1_99' title="bbox 641 5366 2144 5437">
     <span class='ocr_line' id='line_1_99' title="bbox 641 5366 2144 5437; baseline 0.003 -19"><span class='ocrx_word' id='word_1_770' title='bbox 641 5366 752 5436; x_wconf 73' lang='lat'><strong>(‘28)</strong></span> <span class='ocrx_word' id='word_1_771' title='bbox 786 5368 1051 5423; x_wconf 85' lang='lat' dir='ltr'><strong>Particnla</strong></span> <span class='ocrx_word' id='word_1_772' title='bbox 1074 5369 1166 5424; x_wconf 83' lang='grc' dir='ltr'><strong>καί</strong></span> <span class='ocrx_word' id='word_1_773' title='bbox 1192 5372 1342 5422; x_wconf 88' lang='lat' dir='ltr'><strong>deest</strong></span> <span class='ocrx_word' id='word_1_774' title='bbox 1379 5370 1430 5419; x_wconf 92' lang='lat' dir='ltr'><strong>in</strong></span> <span class='ocrx_word' id='word_1_775' title='bbox 1460 5371 1707 5437; x_wconf 50' lang='lat' dir='ltr'><strong>signem,</strong></span> <span class='ocrx_word' id='word_1_776' title='bbox 1742 5382 1844 5421; x_wconf 88' lang='lat' dir='ltr'><strong>nec</strong></span> <span class='ocrx_word' id='word_1_777' title='bbox 1870 5368 2144 5437; x_wconf 78' lang='lat' dir='ltr'><strong>eamlege-</strong></span> 
     </span>
    </p>
   </div>
   <div class='ocr_carea' id='block_1_100' title="bbox 568 5436 2143 5504">
    <p class='ocr_par' dir='ltr' id='par_1_100' title="bbox 568 5436 2143 5504">
     <span class='ocr_line' id='line_1_100' title="bbox 568 5436 2143 5504; baseline 0.002 -13"><span class='ocrx_word' id='word_1_778' title='bbox 568 5446 697 5491; x_wconf 87' lang='lat' dir='ltr'><strong>runt</strong></span> <span class='ocrx_word' id='word_1_779' title='bbox 734 5438 1071 5494; x_wconf 86' lang='lat' dir='ltr'><strong>Omnibonus</strong></span> <span class='ocrx_word' id='word_1_780' title='bbox 1115 5451 1169 5493; x_wconf 84' lang='lat' dir='ltr'><strong>et</strong></span> <span class='ocrx_word' id='word_1_781' title='bbox 1227 5438 1543 5494; x_wconf 79' lang='lat' dir='ltr'><strong>Ambrosius</strong></span> <span class='ocrx_word' id='word_1_782' title='bbox 1582 5436 1865 5504; x_wconf 79' lang='lat' dir='ltr'><strong>CamahL;</strong></span> <span class='ocrx_word' id='word_1_783' title='bbox 1919 5440 1971 5492; x_wconf 89' lang='lat' dir='ltr'><strong>in</strong></span> <span class='ocrx_word' id='word_1_784' title='bbox 2023 5440 2143 5494; x_wconf 86' lang='lat' dir='ltr'><strong>aliis</strong></span> 
     </span>
    </p>
   </div>
   <div class='ocr_carea' id='block_1_101' title="bbox 567 5507 943 5576">
    <p class='ocr_par' dir='ltr' id='par_1_101' title="bbox 567 5507 943 5576">
     <span class='ocr_line' id='line_1_101' title="bbox 567 5507 943 5576; baseline -0.005 -15"><span class='ocrx_word' id='word_1_785' title='bbox 567 5507 943 5576; x_wconf 13' lang='lat' dir='ltr'><strong>veroilegitur.</strong></span> 
     </span>
    </p>
   </div>
   <div class='ocr_carea' id='block_1_102' title="bbox 641 5575 1349 5647">
    <p class='ocr_par' dir='ltr' id='par_1_102' title="bbox 641 5575 1349 5647">
     <span class='ocr_line' id='line_1_102' title="bbox 641 5575 1349 5647; baseline 0.007 -19"><span class='ocrx_word' id='word_1_786' title='bbox 641 5575 753 5647; x_wconf 63' lang='grc' dir='ltr'><strong>(ΞΘ)</strong></span> <span class='ocrx_word' id='word_1_787' title='bbox 789 5575 1037 5647; x_wconf 73' lang='lat' dir='ltr'><strong>$eguer.,</strong></span> <span class='ocrx_word' id='word_1_788' title='bbox 1073 5577 1349 5633; x_wconf 85' lang='grc' dir='ltr'>ἀδύνατον.</span> 
     </span>
    </p>
   </div>
   <div class='ocr_carea' id='block_1_103' title="bbox 642 5645 2141 5717">
    <p class='ocr_par' dir='ltr' id='par_1_103' title="bbox 642 5645 2141 5717">
     <span class='ocr_line' id='line_1_103' title="bbox 642 5645 2141 5717; baseline 0.001 -18"><span class='ocrx_word' id='word_1_789' title='bbox 642 5645 757 5717; x_wconf 72' lang='lat'>(50)</span> <span class='ocrx_word' id='word_1_790' title='bbox 796 5645 888 5700; x_wconf 76' lang='lat' dir='ltr'><strong>Sic</strong></span> <span class='ocrx_word' id='word_1_791' title='bbox 914 5647 1141 5716; x_wconf 80' lang='lat' dir='ltr'><strong>Seguer.</strong></span> <span class='ocrx_word' id='word_1_792' title='bbox 1169 5648 1370 5703; x_wconf 88' lang='lat' dir='ltr'><strong>Gobler</strong></span> <span class='ocrx_word' id='word_1_793' title='bbox 1396 5657 1448 5702; x_wconf 90' lang='lat' dir='ltr'><strong>et</strong></span> <span class='ocrx_word' id='word_1_794' title='bbox 1471 5647 1707 5704; x_wconf 73' lang='lat' dir='ltr'><strong>Feltrkm.</strong></span> <span class='ocrx_word' id='word_1_795' title='bbox 1750 5648 1775 5700; x_wconf 90' lang='grc'><strong>1</strong></span> <span class='ocrx_word' id='word_1_796' title='bbox 1823 5663 2010 5711; x_wconf 89' lang='lat' dir='ltr'><strong>anon.,</strong></span> <span class='ocrx_word' id='word_1_797' title='bbox 2049 5647 2141 5700; x_wconf 88' lang='lat' dir='ltr'><strong>alii</strong></span> 
     </span>
    </p>
   </div>
   <div class='ocr_carea' id='block_1_104' title="bbox 570 5717 1180 5787">
    <p class='ocr_par' dir='ltr' id='par_1_104' title="bbox 570 5717 1180 5787">
     <span class='ocr_line' id='line_1_104' title="bbox 570 5717 1180 5787; baseline -0.002 -15"><span class='ocrx_word' id='word_1_798' title='bbox 570 5731 634 5772; x_wconf 74' lang='lat' dir='ltr'><strong>Cu</strong></span> <span class='ocrx_word' id='word_1_799' title='bbox 645 5733 692 5787; x_wconf 85' lang='grc' dir='ltr'><strong>ιιι</strong></span> <span class='ocrx_word' id='word_1_800' title='bbox 734 5717 895 5787; x_wconf 72' lang='lat' dir='ltr'><strong>editis</strong></span> <span class='ocrx_word' id='word_1_801' title='bbox 930 5718 1180 5787; x_wconf 79' lang='grc' dir='ltr'>νομικῆς.</span> 
     </span>
    </p>
   </div>
   <div class='ocr_carea' id='block_1_105' title="bbox 571 5784 2142 5933">
    <p class='ocr_par' dir='ltr' id='par_1_105' title="bbox 571 5784 2142 5933">
     <span class='ocr_line' id='line_1_105' title="bbox 571 5784 2142 5933; baseline 0.005 -98"><span class='ocrx_word' id='word_1_802' title='bbox 571 5870 608 5933; x_wconf 37' lang='grc' dir='ltr'><strong>ἓ</strong></span> <span class='ocrx_word' id='word_1_803' title='bbox 642 5784 1020 5926; x_wconf 46' lang='grc' dir='ltr'><strong>(ῗὲξτίῖἱοηιοιί.</strong></span> <span class='ocrx_word' id='word_1_804' title='bbox 1054 5784 1274 5851; x_wconf 75' lang='lat' dir='ltr'><strong>Goblcr,</strong></span> <span class='ocrx_word' id='word_1_805' title='bbox 1323 5798 1377 5843; x_wconf 87' lang='lat' dir='ltr'><strong>et</strong></span> <span class='ocrx_word' id='word_1_806' title='bbox 1422 5787 1631 5855; x_wconf 72' lang='lat' dir='ltr'><strong>Felltm.</strong></span> <span class='ocrx_word' id='word_1_807' title='bbox 1669 5789 1692 5845; x_wconf 90' lang='grc'><strong>1</strong></span> <span class='ocrx_word' id='word_1_808' title='bbox 1742 5802 1928 5855; x_wconf 83' lang='lat' dir='ltr'><strong>anon.,</strong></span> <span class='ocrx_word' id='word_1_809' title='bbox 1978 5803 2142 5852; x_wconf 77' lang='grc' dir='ltr'>κατα-</span> 
     </span>
     <span class='ocr_line' id='line_1_106' title="bbox 585 5871 849 5925; baseline 0.015 -23"><span class='ocrx_word' id='word_1_810' title='bbox 585 5871 673 5925; x_wconf 60' lang='grc' dir='ltr'><strong>ίρρ</strong></span> <span class='ocrx_word' id='word_1_811' title='bbox 780 5872 805 5904; x_wconf 81' lang='grc' dir='ltr'><strong>ε</strong></span> <span class='ocrx_word' id='word_1_812' title='bbox 835 5892 849 5906; x_wconf 89' lang='grc'><strong>.</strong></span> 
     </span>
    </p>
   </div>
   <div class='ocr_carea' id='block_1_106' title="bbox 585 5871 849 5925">
    <p class='ocr_par' dir='ltr' id='par_1_106' title="bbox 585 5871 849 5925">
     <span class='ocr_line' id='line_1_107' title="bbox 585 5871 849 5925; baseline -0.004 -18"><span class='ocrx_word' id='word_1_813' title='bbox 585 5871 849 5925; x_wconf 46' lang='grc' dir='ltr'>πονήσει.</span> 
     </span>
    </p>
   </div>
   <div class='ocr_carea' id='block_1_107' title="bbox 2304 4790 3813 4873">
    <p class='ocr_par' dir='ltr' id='par_1_107' title="bbox 2304 4790 3813 4873">
     <span class='ocr_line' id='line_1_108' title="bbox 2304 4790 3813 4873; baseline -0.007 -18"><span class='ocrx_word' id='word_1_814' title='bbox 2304 4803 2355 4856; x_wconf 89' lang='grc'><strong>6.</strong></span> <span class='ocrx_word' id='word_1_815' title='bbox 2399 4803 2660 4873; x_wconf 78' lang='grc' dir='ltr'>Ἐλλήνων</span> <span class='ocrx_word' id='word_1_816' title='bbox 2710 4803 2805 4873; x_wconf 81' lang='grc' dir='ltr'><strong>μὲν</strong></span> <span class='ocrx_word' id='word_1_817' title='bbox 2832 4797 2925 4855; x_wconf 82' lang='grc' dir='ltr'><strong>οῦν</strong></span> <span class='ocrx_word' id='word_1_818' title='bbox 2955 4801 3065 4871; x_wconf 87' lang='lat'>(55)</span> <span class='ocrx_word' id='word_1_819' title='bbox 3096 4815 3259 4862; x_wconf 90' lang='grc' dir='ltr'>τινες,</span> <span class='ocrx_word' id='word_1_820' title='bbox 3300 4795 3667 4866; x_wconf 80' lang='grc' dir='ltr'>πλανηθέντες</span> <span class='ocrx_word' id='word_1_821' title='bbox 3716 4790 3813 4860; x_wconf 85' lang='grc' dir='ltr'>τῆς</span> 
     </span>
    </p>
   </div>
   <div class='ocr_carea' id='block_1_108' title="bbox 2236 4886 3813 4967">
    <p class='ocr_par' dir='ltr' id='par_1_108' title="bbox 2236 4886 3813 4967">
     <span class='ocr_line' id='line_1_109' title="bbox 2236 4886 3813 4967; baseline -0.01 -19"><span class='ocrx_word' id='word_1_822' title='bbox 2236 4895 2376 4961; x_wconf 83' lang='grc' dir='ltr'>ὁδοῦ,</span> <span class='ocrx_word' id='word_1_823' title='bbox 2409 4897 2499 4952; x_wconf 78' lang='grc' dir='ltr'><strong>καὶ</strong></span> <span class='ocrx_word' id='word_1_824' title='bbox 2528 4896 2619 4949; x_wconf 77' lang='grc' dir='ltr'><strong>τὸν</strong></span> <span class='ocrx_word' id='word_1_825' title='bbox 2662 4896 2892 4967; x_wconf 82' lang='grc' dir='ltr'>Χριστὸν</span> <span class='ocrx_word' id='word_1_826' title='bbox 2940 4894 3038 4946; x_wconf 84' lang='grc' dir='ltr'><strong>οὐκ</strong></span> <span class='ocrx_word' id='word_1_827' title='bbox 3084 4890 3401 4959; x_wconf 78' lang='grc' dir='ltr'>ἐγνωκότες,</span> <span class='ocrx_word' id='word_1_828' title='bbox 3436 4891 3494 4941; x_wconf 82' lang='grc' dir='ltr'>ὲν</span> <span class='ocrx_word' id='word_1_829' title='bbox 3524 4886 3813 4940; x_wconf 75' lang='grc' dir='ltr'>ὑποστάσει</span> 
     </span>
    </p>
   </div>
   <div class='ocr_carea' id='block_1_109' title="bbox 2240 4978 3817 5059">
    <p class='ocr_par' dir='ltr' id='par_1_109' title="bbox 2240 4978 3817 5059">
     <span class='ocr_line' id='line_1_110' title="bbox 2240 4978 3817 5059; baseline -0.008 -18"><span class='ocrx_word' id='word_1_830' title='bbox 2240 4989 2334 5041; x_wconf 78' lang='grc' dir='ltr'>καὶ</span> <span class='ocrx_word' id='word_1_831' title='bbox 2368 4987 2488 5040; x_wconf 81' lang='grc' dir='ltr'>καθ’</span> <span class='ocrx_word' id='word_1_832' title='bbox 2528 4988 2725 5059; x_wconf 80' lang='grc' dir='ltr'>ἑαυτὴν</span> <span class='ocrx_word' id='word_1_833' title='bbox 2753 4982 3009 5056; x_wconf 76' lang='grc' dir='ltr'>εἶναιτὴν</span> <span class='ocrx_word' id='word_1_834' title='bbox 3042 4983 3237 5038; x_wconf 82' lang='grc' dir='ltr'>κακίαν</span> <span class='ocrx_word' id='word_1_835' title='bbox 3268 4980 3615 5050; x_wconf 81' lang='grc' dir='ltr'>ἀπεφήναντο</span> <span class='ocrx_word' id='word_1_836' title='bbox 3642 4978 3817 5045; x_wconf 70' lang='grc' dir='ltr'>ἁμαρο</span> 
     </span>
    </p>
   </div>
   <div class='ocr_carea' id='block_1_110' title="bbox 2241 5071 3819 5149">
    <p class='ocr_par' dir='ltr' id='par_1_110' title="bbox 2241 5071 3819 5149">
     <span class='ocr_line' id='line_1_111' title="bbox 2241 5071 3819 5149; baseline -0.007 -14"><span class='ocrx_word' id='word_1_837' title='bbox 2241 5079 2491 5143; x_wconf 83' lang='grc' dir='ltr'>τάνοντες</span> <span class='ocrx_word' id='word_1_838' title='bbox 2516 5079 2657 5135; x_wconf 87' lang='grc' dir='ltr'><strong>κατά</strong></span> <span class='ocrx_word' id='word_1_839' title='bbox 2691 5080 2782 5133; x_wconf 87' lang='grc' dir='ltr'><strong>δύο</strong></span> <span class='ocrx_word' id='word_1_840' title='bbox 2801 5078 2991 5132; x_wconf 87' lang='grc' dir='ltr'>ταῦτα·</span> <span class='ocrx_word' id='word_1_841' title='bbox 3019 5078 3053 5148; x_wconf 82' lang='grc' dir='ltr'>ἦ</span> <span class='ocrx_word' id='word_1_842' title='bbox 3082 5076 3173 5129; x_wconf 81' lang='grc' dir='ltr'><strong>τὸν</strong></span> <span class='ocrx_word' id='word_1_843' title='bbox 3210 5071 3551 5149; x_wconf 77' lang='grc' dir='ltr'>Δημιουργὸν</span> <span class='ocrx_word' id='word_1_844' title='bbox 3594 5071 3819 5124; x_wconf 81' lang='grc' dir='ltr'>ἀποστε-</span> 
     </span>
    </p>
   </div>
   <div class='ocr_carea' id='block_1_111' title="bbox 2323 5288 3815 5373">
    <p class='ocr_par' dir='ltr' id='par_1_111' title="bbox 2323 5288 3815 5373">
     <span class='ocr_line' id='line_1_112' title="bbox 2323 5288 3815 5373; baseline -0.015 -14"><span class='ocrx_word' id='word_1_845' title='bbox 2323 5303 2436 5372; x_wconf 69' lang='lat'>(52)</span> <span class='ocrx_word' id='word_1_846' title='bbox 2475 5302 2699 5373; x_wconf 80' lang='lat' dir='ltr'><strong>Seguer.</strong></span> <span class='ocrx_word' id='word_1_847' title='bbox 2741 5298 2981 5356; x_wconf 86' lang='lat' dir='ltr'><strong>Colbert.</strong></span> <span class='ocrx_word' id='word_1_848' title='bbox 3016 5297 3180 5355; x_wconf 83' lang='lat' dir='ltr'><strong>Basil.</strong></span> <span class='ocrx_word' id='word_1_849' title='bbox 3229 5301 3283 5348; x_wconf 90' lang='lat' dir='ltr'><strong>et</strong></span> <span class='ocrx_word' id='word_1_850' title='bbox 3317 5289 3528 5346; x_wconf 72' lang='lat' dir='ltr'><strong>Fellsm.</strong></span> <span class='ocrx_word' id='word_1_851' title='bbox 3571 5288 3599 5342; x_wconf 83' lang='grc'><strong>1</strong></span> <span class='ocrx_word' id='word_1_852' title='bbox 3633 5300 3815 5349; x_wconf 90' lang='lat' dir='ltr'><strong>anon.,</strong></span> 
     </span>
    </p>
   </div>
   <div class='ocr_carea' id='block_1_112' title="bbox 2250 5374 3818 5515">
    <p class='ocr_par' dir='ltr' id='par_1_112' title="bbox 2250 5374 3818 5515">
     <span class='ocr_line' id='line_1_113' title="bbox 2250 5374 3818 5515; baseline -0.015 -15"><span class='ocrx_word' id='word_1_853' title='bbox 2250 5374 2738 5515; x_wconf 58' lang='grc' dir='ltr'>ὲλῗέἕῗιίθιπιίουιο</span> <span class='ocrx_word' id='word_1_854' title='bbox 2767 5433 2859 5515; x_wconf 80' lang='grc' dir='ltr'><strong>οῦν</strong></span> <span class='ocrx_word' id='word_1_855' title='bbox 2896 5438 3046 5515; x_wconf 75' lang='lat' dir='ltr'><strong>deest</strong></span> <span class='ocrx_word' id='word_1_856' title='bbox 3074 5432 3313 5515; x_wconf 45' lang='lat' dir='ltr'><strong>in&#39;Colh.</strong></span> <span class='ocrx_word' id='word_1_857' title='bbox 3343 5431 3492 5515; x_wconf 73' lang='lat' dir='ltr'><strong>Quos</strong></span> <span class='ocrx_word' id='word_1_858' title='bbox 3524 5423 3818 5515; x_wconf 55' lang='lat' dir='ltr'><strong>autemhic</strong></span> 
     </span>
    </p>
   </div>
   <div class='ocr_carea' id='block_1_113' title="bbox 2249 5496 3818 5574">
    <p class='ocr_par' dir='ltr' id='par_1_113' title="bbox 2249 5496 3818 5574">
     <span class='ocr_line' id='line_1_114' title="bbox 2249 5496 3818 5574; baseline -0.016 -5"><span class='ocrx_word' id='word_1_859' title='bbox 2249 5496 2487 5571; x_wconf 50' lang='lat' dir='ltr'><strong>nolet&#39;S;</strong></span> <span class='ocrx_word' id='word_1_860' title='bbox 2523 5510 2877 5574; x_wconf 81' lang='lat' dir='ltr'><strong>Athanasius,</strong></span> <span class='ocrx_word' id='word_1_861' title='bbox 2920 5506 3077 5561; x_wconf 88' lang='lat' dir='ltr'><strong>nobis</strong></span> <span class='ocrx_word' id='word_1_862' title='bbox 3107 5505 3266 5573; x_wconf 90' lang='lat' dir='ltr'><strong>plane</strong></span> <span class='ocrx_word' id='word_1_863' title='bbox 3300 5517 3405 5555; x_wconf 89' lang='lat' dir='ltr'><strong>non</strong></span> <span class='ocrx_word' id='word_1_864' title='bbox 3443 5500 3634 5574; x_wconf 73' lang='lat' dir='ltr'><strong>liquet.</strong></span> <span class='ocrx_word' id='word_1_865' title='bbox 3667 5496 3818 5574; x_wconf 71' lang='lat' dir='ltr'><strong>Certe</strong></span> 
     </span>
    </p>
   </div>
   <div class='ocr_carea' id='block_1_114' title="bbox 2248 5567 3812 5653">
    <p class='ocr_par' dir='ltr' id='par_1_114' title="bbox 2248 5567 3812 5653">
     <span class='ocr_line' id='line_1_115' title="bbox 2248 5567 3812 5653; baseline -0.015 -14"><span class='ocrx_word' id='word_1_866' title='bbox 2248 5567 2484 5653; x_wconf 76' lang='lat' dir='ltr'><strong>Araspas</strong></span> <span class='ocrx_word' id='word_1_867' title='bbox 2545 5582 2762 5653; x_wconf 82' lang='lat' dir='ltr'><strong>quidam</strong></span> <span class='ocrx_word' id='word_1_868' title='bbox 2840 5567 2980 5653; x_wconf 78' lang='lat' dir='ltr'><strong>apud</strong></span> <span class='ocrx_word' id='word_1_869' title='bbox 3050 5567 3485 5653; x_wconf 47' lang='lat' dir='ltr'><strong>xenOphoutein‘</strong></span> <span class='ocrx_word' id='word_1_870' title='bbox 3536 5567 3812 5653; x_wconf 0' lang='lat' dir='ltr'><strong>(Cyraptttd‘.</strong></span> 
     </span>
    </p>
   </div>
   <div class='ocr_carea' id='block_1_115' title="bbox 2250 5638 3815 5715">
    <p class='ocr_par' dir='ltr' id='par_1_115' title="bbox 2250 5638 3815 5715">
     <span class='ocr_line' id='line_1_116' title="bbox 2250 5638 3815 5715; baseline -0.016 -7"><span class='ocrx_word' id='word_1_871' title='bbox 2250 5655 2343 5709; x_wconf 90' lang='lat' dir='ltr'><strong>lib.</strong></span> <span class='ocrx_word' id='word_1_872' title='bbox 2376 5638 2428 5706; x_wconf 67' lang='lat' dir='ltr'><strong>in</strong></span> <span class='ocrx_word' id='word_1_873' title='bbox 2459 5638 2591 5708; x_wconf 72' lang='lat' dir='ltr'><strong>satis</strong></span> <span class='ocrx_word' id='word_1_874' title='bbox 2640 5651 2839 5705; x_wconf 83' lang='lat' dir='ltr'><strong>indicat</strong></span> <span class='ocrx_word' id='word_1_875' title='bbox 2870 5638 3007 5699; x_wconf 79' lang='lat' dir='ltr'><strong>hanc</strong></span> <span class='ocrx_word' id='word_1_876' title='bbox 3043 5638 3346 5715; x_wconf 82' lang='lat' dir='ltr'><strong>aliquortnn</strong></span> <span class='ocrx_word' id='word_1_877' title='bbox 3376 5638 3815 5715; x_wconf 76' lang='lat' dir='ltr'><strong>philosophprum</strong></span> 
     </span>
    </p>
   </div>
   <div class='ocr_carea' id='block_1_116' title="bbox 2252 5712 3818 5781">
    <p class='ocr_par' dir='ltr' id='par_1_116' title="bbox 2252 5712 3818 5781">
     <span class='ocr_line' id='line_1_117' title="bbox 2252 5712 3818 5781; baseline -0.015 -3"><span class='ocrx_word' id='word_1_878' title='bbox 2252 5724 2419 5781; x_wconf 45' lang='lat' dir='ltr'><strong>fisse</strong></span> <span class='ocrx_word' id='word_1_879' title='bbox 2466 5723 2814 5779; x_wconf 83' lang='lat' dir='ltr'><strong>sententiam,</strong></span> <span class='ocrx_word' id='word_1_880' title='bbox 2866 5718 2997 5769; x_wconf 87' lang='lat' dir='ltr'><strong>duas</strong></span> <span class='ocrx_word' id='word_1_881' title='bbox 3042 5714 3094 5767; x_wconf 92' lang='lat' dir='ltr'><strong>in</strong></span> <span class='ocrx_word' id='word_1_882' title='bbox 3151 5712 3372 5765; x_wconf 88' lang='lat' dir='ltr'><strong>homine</strong></span> <span class='ocrx_word' id='word_1_883' title='bbox 3422 5722 3543 5763; x_wconf 82' lang='lat' dir='ltr'><strong>esse</strong></span> <span class='ocrx_word' id='word_1_884' title='bbox 3593 5712 3818 5765; x_wconf 82' lang='lat' dir='ltr'><strong>animas,</strong></span> 
     </span>
    </p>
   </div>
   <div class='ocr_carea' id='block_1_117' title="bbox 2251 5783 3240 5862">
    <p class='ocr_par' dir='ltr' id='par_1_117' title="bbox 2251 5783 3240 5862">
     <span class='ocr_line' id='line_1_118' title="bbox 2251 5783 3240 5862; baseline -0.017 -9"><span class='ocrx_word' id='word_1_885' title='bbox 2251 5798 2449 5858; x_wconf 75' lang='lat' dir='ltr'><strong>bonam</strong></span> <span class='ocrx_word' id='word_1_886' title='bbox 2487 5793 2738 5862; x_wconf 69' lang='lat' dir='ltr'><strong>alteram,</strong></span> <span class='ocrx_word' id='word_1_887' title='bbox 2766 5787 2989 5841; x_wconf 85' lang='lat' dir='ltr'><strong>alteram</strong></span> <span class='ocrx_word' id='word_1_888' title='bbox 3019 5783 3240 5841; x_wconf 81' lang='lat' dir='ltr'><strong>malam.</strong></span> 
     </span>
    </p>
   </div>
  </div>
