4010 6508
216 349 265 407 ιε
1353 339 1612 398 ORATIO
1653 336 1931 395 CONTRA
1973 336 2262 394 CENTES.
3355 330 3426 388 ﬂ

213 463 401 538 ροῦντες
425 458 528 513 τοῦ
552 455 695 514 εἶναι
719 459 941 531 ποιητὴν
964 457 1065 512 τῶν
1090 458 1255 511 ὅντων
1275 476 1286 488 -
1307 460 1406 511 οὑκ
1437 458 1499 512 ἂν
1532 459 1640 530 γὰρ
1670 456 1755 527 εἴη
1787 506 1790 514 η

1891 458 2175 511 ιοορεὺοηι.
2227 453 2322 507 Vel
2371 450 2515 508 enim
2566 449 2837 522 negabant
2881 448 3196 505 Creatorem
3246 463 3425 508 rerum

210 558 297 613 τῶν
308 556 472 609 ὄντων
494 554 723 625 Κύριος,
749 555 870 621 εἴγε
891 552 1006 605 κατ’
1025 551 1265 623 αὑτοὺςή
1286 552 1453 605 κακία
1465 552 1757 607 ὑπόστασιν

211 648 301 720 ἔχει
329 646 448 699 καθ’
481 645 689 715 ἑαυτὴν
714 646 807 698 καὶ
831 643 1045 697 οὑσίανσ
1084 642 1115 712 ἢ
1158 643 1340 707 πάλιν,
1390 642 1635 705 θέλοντες
1664 644 1761 695 αὑ-

212 741 283 795 τὸν
308 738 538 809 ποιητὴν
572 735 715 791 εἶναι
770 738 871 791 τῶν
914 738 1067 801 ὅλων,
1119 736 1176 801 ἐξ
1229 739 1472 809 ἀνάγκης
1523 737 1616 792 καὶ
1668 737 1761 790 τοῦ

212 832 355 887 κακοῦ
396 829 669 884 δώσουσιν
703 827 837 885 εἶναι
858 848 871 860 ·
897 832 953 883 ἐν
982 831 1089 901 γὰρ
1116 835 1227 895 τοῖς
1255 827 1372 884 οὖσι
1404 833 1496 884 καὶ
1518 830 1577 883 τὸ
1596 832 1764 884 κακὸν

212 924 309 979 κατ’
337 920 540 984 αὐτούς
587 924 728 973 ἐστι.
765 921 932 973 Τοῦτο
962 921 1015 973 δὲ
1045 922 1243 974 ἄτοπον
1276 921 1367 973 καὶ
1414 920 1668 973 ἀδύνατον
1700 919 1765 972 ἂν

213 1010 377 1081 φανείη
398 1027 411 1039 ·
441 1011 503 1062 οὑ
532 1010 643 1079 γὰρ
683 1012 746 1062 ἐκ
779 1009 868 1062 τοῦ
897 1009 1056 1062 καλοῦ
1090 1009 1148 1062 τὸ
1178 1010 1362 1073 κακὸν,
1390 1010 1509 1061 οὑδὲ
1538 1011 1595 1061 ἐν
1620 1008 1768 1078 αὑτῷ

214 1107 355 1166 ἐστιν,
382 1103 506 1155 οὐδὲ
532 1103 598 1155 δι’
613 1103 778 1155 αὑτοῦ
806 1120 817 1131 ·
845 1103 965 1154 ἐπεὶ
998 1102 1180 1156 οὐκέτι
1204 1102 1364 1156 καλὸν
1390 1101 1453 1156 ἂν
1485 1100 1568 1171 εἴη
1609 1118 1769 1170 μεμι-

213 1197 399 1267 γμένην
430 1196 556 1264 ἕχον
588 1194 689 1265 τὴν
737 1194 915 1263 φύσιν,
957 1193 988 1264 ἢ
1024 1192 1192 1247 αἴτιον
1221 1193 1501 1262 γινόμενον
1526 1192 1635 1261 (51)
1670 1208 1768 1244 κα-

212 1288 292 1343 κοῦ
341 1290 405 1341 Οἱ
436 1288 493 1340 δὲ
519 1288 630 1340 ἀπὸ
654 1288 759 1349 τῶν
791 1284 1069 1367 αἱρέσεων,
1107 1285 1427 1348 ἐκπεσόντες
1447 1284 1544 1355 τῆς
1572 1283 1771 1353 ἐκκληα
1808 1296 1827 1313 λ·

216 1377 477 1445 σιαστικῆς
502 1366 881 1437 διδασκαλίας,
909 1376 999 1427 καὶ
1028 1366 1172 1446 ’περὶ
1200 1376 1295 1447 τὴν
1328 1377 1505 1428 πίστιν
1534 1376 1774 1445 ναυαγή-

217 1486 407 1530 σαντες,
444 1466 539 1519 καὶ
567 1462 711 1520 οὗτοι
745 1467 842 1537 μὲν
869 1466 1158 1520 ὑπόστασιν
1183 1466 1272 1519 τοῦ
1295 1466 1463 1520 κακοῦ
1494 1484 1776 1538 παραφρο-

216 1560 377 1612 νοῦσιν
424 1555 599 1611 εἶναι·
640 1558 1067 1631 ἀναπλάττονται
1118 1558 1174 1611 δὲ
1232 1559 1441 1621 ἑαυτοῖς
1495 1558 1645 1630 παρὰ
1686 1561 1774 1613 τὸν

214 1650 443 1721 ἀληθινὸν
483 1650 577 1703 τοῦ
632 1650 867 1721 Χριστοῦ
905 1650 1122 1721 Πατέρα
1155 1650 1274 1703 θεὸν
1301 1650 1503 1722 ἕτερον,
1536 1652 1627 1704 καὶ
1656 1651 1776 1704 τοῦ·

218 1761 291 1796 τον
314 1744 574 1814 ἀγένητον
608 1741 702 1795 τοῦ
734 1742 901 1795 κακοῦ
924 1742 1150 1813 ποιητὴν
1186 1743 1278 1796 καὶ
1316 1744 1412 1814 τῆς
1442 1743 1639 1806 κακίας
1677 1745 1775 1815 ἀρ-

218 1836 387 1906 χηγὸν,
420 1835 512 1887 τὸν
548 1835 761 1905 καὶτῆς
782 1834 1013 1897 κτίσεως
1052 1834 1401 1905 δημιουργόν.
1434 1834 1668 1897 Τούτους
1718 1835 1776 1888 δὲ

221 1928 441 1999 εὐχερῶς
491 1928 557 1980 ἄν
596 1945 681 1991 τις
713 1926 981 1994 ἐλέγξειεν
1004 1927 1065 1978 ἔκ
1086 1944 1145 1979 τε
1178 1927 1285 1979 τῶν
1312 1928 1469 1980 θείων
1497 1928 1607 1999 (55)
1638 1928 1778 1998 Γρα-

222 2019 321 2087 φῶν
343 2020 431 2072 καὶ
455 2018 516 2083 ἐξ
551 2019 723 2089 αὐτῆς
764 2019 860 2089 τῆς
882 2020 938 2069 ὲν
973 2017 1282 2089 ἀνθρώποις
1307 2020 1563 2084 διανοίας,
1598 2021 1691 2091 ἀφ’
1710 2016 1778 2091 ἧς

221 2110 303 2162 καὶ
350 2109 522 2162 ταῦτα
581 2110 1025 2181 ἀναπλασάμενοι
1087 2110 1383 2179 μαίνονται.
1426 2111 1483 2163 '0
1539 2111 1637 2181 μὲν
1687 2108 1778 2165 οῦν

222 2202 407 2273 Κύριος
456 2203 553 2256 καὶ
607 2201 798 2273 Σωτὴρ
832 2202 987 2273 ἡμῶν
1050 2200 1257 2273 Ἰησοῦς
1313 2202 1545 2273 Χριστὸς
1590 2204 1780 2267 ἐντοῖς

224 2295 396 2349 ἑαυτοῦ
426 2294 784 2363 Εὑαγγελίοις
828 2296 961 2365 φησὶ
1001 2294 1229 2365 βεϐαιῶν
1276 2294 1343 2348 τὰ
1375 2296 1652 2359 Μωῦσέως
1688 2296 1782 2366 ῥή-

228 2405 374 2458 ματα,
408 2388 495 2440 ὅτι
523 2388 739 2454 Κύριος
774 2390 806 2439 ὁ
846 2386 988 2453 Θεὸς
1016 2384 1102 2452 εἷς
1137 2387 1287 2439 ἐστι’
1318 2387 1431 2450 καὶ,
1476 2387 1782 2456 Ἐξομολο-

224 2480 419 2549 γοῦμαί
445 2495 567 2543 σοι,
616 2479 829 2547 Πάτερ,
861 2481 1037 2546 Κύριε
1087 2479 1194 2533 τοῦ
1238 2478 1496 2546 οὐρανοῦ
1545 2478 1783 2545 καὶτῆς

226 2560 343 2639 γῆς.
380 2572 440 2624 ΕΞ
472 2572 529 2624 δὲ
562 2564 645 2635 εἷς
670 2570 827 2624 ἐστιν
859 2573 886 2624 6
912 2572 1064 2634 Θεὸς,
1111 2572 1205 2624 καὶ
1241 2565 1392 2634 οὗτος
1424 2571 1651 2642 οὐρανοῦ
1692 2573 1786 2624 καὶ

229 2662 316 2730 γῆς
342 2662 563 2735 Κύριος,
618 2661 734 2724 πῶς
777 2662 933 2724 ἄλλος
966 2662 1031 2715 ἂν
1060 2661 1142 2732 εἴη
1200 2661 1331 2725 Θεὸς
1374 2662 1523 2733 παρὰ
1562 2662 1783 2726 τοῦτον;

230 2754 326 2806 Ποῦ
349 2754 400 2806 δὲ
427 2755 522 2807 καὶ
548 2754 704 2806 ἔσται
737 2756 764 2807 6
796 2754 917 2807 κατ’
946 2755 1141 2817 αὑτοὺς
1186 2755 1338 2817 Θεὸς,
1384 2754 1452 2807 τὰ
1482 2754 1659 2808 πάντα
1692 2753 1784 2806 τοῦ

236 2845 374 2916 μόνου
406 2847 501 2900 καὶ
531 2845 790 2915 ἀληθινοῦ
809 2844 919 2915 (56)
936 2845 1264 2917 πληροῦντος
1286 2844 1424 2899 κατὰ
1452 2845 1547 2917 τὴν
1568 2845 1662 2897 τοῦ
1695 2845 1787 2898 οὑ-

238 2940 377 3010 ρανοῦ
407 2940 501 2994 καὶ
533 2939 641 3009 γῆς
670 2938 962 3010 περίληψιν
990 2955 1003 3003 ;
1052 2937 1175 3000 Πῶς
1220 2937 1275 2989 δὲ
1304 2937 1397 2990 καὶ
1424 2937 1580 3000 ἄλλος
1603 2935 1669 2990 ἂν
1702 2936 1786 3008 εἴη

240 3028 462 3100 ποιητὴς,
493 3023 569 3082 ὧν
600 3029 763 3091 αὑτὸς
784 3030 811 3081 6
827 3028 958 3091 Θεὸς
978 3028 1071 3081 καί
1098 3026 1283 3099 Πατὴρ
1308 3028 1399 3081 τοῦ
1417 3026 1651 3099 Χριστοῦ
1676 3029 1789 3081 ἐστι

1864 545 2103 598 omnium
2138 544 2453 598 effectorem
2479 554 2633 605 esse;
2667 554 2767 594 nec
2791 540 2933 595 enim
2957 542 3200 595 omnium
3241 557 3423 595 rerum

1864 636 2121 690 Dominus
2149 635 2307 699 foret,
2335 633 2402 697 si,
2441 631 2516 686 uti
2550 640 2796 698 censent,
2832 631 3036 686 malitia
3066 633 3423 688 substantiam

1864 738 1920 783 et
1949 738 2195 782 naturam
2230 744 2323 797 per
2349 728 2586 793 seipsam
2611 726 2859 780 haberet.
2886 723 2985 779 Vel
3015 741 3203 781 rursus
3223 765 3240 792 ,
3284 725 3330 780 si
3357 723 3425 778 il-

1866 820 1974 873 lum
2012 818 2197 873 volunt
2245 835 2425 873 rerum
2462 818 2702 873 omnium
2738 816 3047 872 effectorem
3092 832 3249 885 esse,
3297 815 3425 871 mali

1868 926 2081 980 quoque
2108 918 2382 964 auctorem
2411 924 2529 964 esse
2550 909 2849 963 concedant
2870 922 3093 963 necesse
3119 918 3223 973 est,
3261 923 3432 975 quan-

1869 999 2155 1068 doquidem
2181 997 2332 1065 juxta
2362 998 2506 1062 illos,
2536 996 2736 1050 malum
2773 1012 2863 1051 res
2882 996 3060 1065 aliqua
3090 1007 3193 1051 est.
3229 994 3430 1050 Verum

1870 1090 1923 1145 id
1959 1089 2072 1143 fieri
2121 1104 2228 1143 non
2268 1104 2427 1158 posse
2457 1098 2511 1143 et
2542 1088 2832 1143 absurdum
2872 1103 3015 1152 esse,
3041 1089 3196 1143 valde
3226 1088 3432 1157 perspi-

1871 1198 2031 1236 cuum
2057 1192 2140 1236 est
2168 1200 2182 1235 :
2210 1195 2333 1234 nam
2373 1180 2571 1233 malum
2606 1192 2673 1232 ex
2708 1180 2851 1235 bono
2899 1195 3003 1234 non
3040 1179 3235 1242 oritur,
3261 1192 3436 1244 neque

1873 1276 1925 1329 in
1953 1276 2090 1344 ipso,
2122 1288 2297 1341 neque
2326 1287 2422 1342 per
2448 1271 2620 1341 ipsum
2659 1282 2771 1336 est;
2817 1271 3055 1340 alioquin
3093 1269 3204 1339 jam
3235 1271 3436 1325 bonum

1875 1383 1980 1422 non
2008 1376 2173 1433 esset,
2197 1367 2340 1435 quod
2376 1365 2590 1421 mistam
2638 1375 2880 1418 naturam
2912 1365 3156 1428 haberet,
3192 1362 3275 1415 vel
3308 1360 3437 1415 mali

1875 1472 2039 1512 causa
2064 1457 2374 1511 exsisteret.
2426 1453 2675 1508 llaaretiei
2718 1468 2935 1522 quoque
2958 1453 3049 1523 qui
3082 1468 3147 1507 ex
3180 1450 3440 1507 ecclesia-

1876 1550 2010 1603 stica
2056 1548 2303 1603 doctrina
2334 1546 2653 1601 exciderunt
2682 1560 2745 1598 ac
2776 1545 2827 1597 in
2864 1545 2967 1597 fide
2996 1542 3333 1612 naufragium
3361 1539 3440 1594 fe-

1877 1646 2085 1704 cerunt,
2119 1637 2242 1692 mali
2271 1635 2502 1705 aliquam
2534 1634 2895 1687 substantiam
2918 1647 3042 1688 esse
3067 1631 3232 1687 stulte
3256 1640 3309 1685 et
3338 1631 3439 1698 ipsi

1878 1732 2189 1785 existimant
2218 1772 2233 1794 ,
2263 1727 2475 1796 sibique
2522 1735 2716 1795 pratter
2748 1739 2936 1779 verum
2966 1722 3171 1779 Christi
3220 1722 3439 1776 Patrem

1879 1822 2041 1875 alium
2078 1820 2242 1874 deum
2271 1817 2550 1886 etlingunt,
2606 1832 2766 1885 quem
2813 1817 2981 1871 etiam
3016 1830 3124 1870 non
3177 1813 3442 1885 genitum,

1880 1914 2003 1970 mali
2034 1912 2339 1968 effectorem
2369 1919 2427 1966 et
2467 1910 2689 1965 malitia:
2734 1918 3010 1965 auctorem
3045 1916 3206 1975 atque
3236 1913 3444 1959 natura:

1878 2015 2074 2063 creata:
2095 2006 2343 2075 opificem
2379 2004 2568 2057 volunt
2610 2017 2749 2057 esse.
2787 2001 2975 2056 Verum
3003 1999 3075 2053 illi
3104 1997 3261 2053 facile
3300 1994 3446 2049 refu-

1880 2102 1980 2154 tari
2012 2105 2236 2166 possunt
2259 2110 2380 2150 cum
2411 2111 2477 2149 ex
2516 2094 2715 2148 divinis
2747 2092 3066 2161 Scripturis,
3093 2099 3203 2144 tum
3232 2104 3296 2143 ex
3327 2087 3441 2154 ipsa

1879 2208 1998 2263 qua:
2030 2193 2083 2247 in
2110 2190 2419 2246 hominibus
2449 2189 2588 2243 inest
2617 2185 2996 2253 intelligentia,
3023 2197 3129 2253 qua
3149 2181 3311 2237 etiam
3339 2178 3441 2232 ista

1881 2286 2161 2339 dementer
2189 2282 2483 2338 commenti
2510 2290 2659 2336 sunt.
2686 2279 2894 2347 ltaque,
2929 2286 2988 2331 ut
3021 2277 3090 2330 ab
3120 2271 3447 2328 auctoritate

1882 2377 2177 2446 Scriptura:
2227 2373 2505 2436 exordiar,
2560 2371 2818 2425 Dominus
2866 2378 2923 2423 et
2982 2368 3239 2421 Servator
3287 2362 3447 2417 Jesus

1882 2469 2131 2525 Christus
2164 2466 2328 2520 verba
2353 2463 2554 2535 Moysis
2582 2464 2633 2516 in
2659 2478 2756 2517 suo
2788 2458 3078 2528 Evangelio
3093 2456 3448 2516 confirmans,

1883 2562 1959 2614 ait
1991 2578 2006 2614 :
2047 2558 2301 2613 Dominus
2353 2555 2493 2609 Deus
2542 2571 2678 2608 unus
2700 2564 2773 2608 est
2798 2552 2840 2605 ⁸.
2872 2551 2977 2606 Et:
3012 2549 3277 2617 Conﬁteor
3336 2546 3446 2609 tibi,

1887 2650 2070 2717 Pater,
2118 2649 2340 2703 Domine
2377 2646 2490 2701 caeli
2539 2656 2586 2700 et
2631 2657 2784 2699 terra:
2830 2644 2870 2698 ⁸.
2910 2642 2965 2696 Si
3021 2655 3151 2709 ergo
3183 2654 3323 2693 unus
3370 2644 3455 2690 est

1888 2746 2049 2809 Deus,
2082 2750 2138 2795 et
2176 2743 2289 2811 ipse
2323 2740 2444 2796 cmli
2477 2750 2533 2794 et
2567 2748 2726 2793 terrae
2768 2736 3024 2788 Dominus
3057 2740 3160 2797 est,
3186 2728 3456 2800 quomodo

1888 2834 2025 2888 alius
2048 2843 2249 2902 praeter
2288 2832 2464 2900 ipsum
2496 2829 2643 2883 erit?
2674 2826 2903 2883 Ubinam
2921 2840 3052 2877 vero
3084 2823 3296 2876 illorum
3318 2820 3458 2873 Deus

1888 2928 2104 2983 futurus
2132 2934 2233 2991 est,
2275 2940 2397 2979 cum
2424 2923 2607 2977 omnia
2648 2933 2766 2989 qua:
2802 2917 2924 2973 caali
2953 2925 3010 2971 et
3058 2925 3219 2969 terrae
3246 2912 3452 2966 ambitu

1888 3020 2238 3076 continentur
2267 3031 2403 3070 unus
2431 3023 2484 3069 et
2513 3028 2674 3067 verus
2706 3011 2844 3066 Deus
2883 3006 3147 3078 impleat?
3176 3001 3459 3072 Quomodo

239 3099 414 3190 Κύριος
447 3118 592 3172 κατὰ
621 3118 722 3190 τὴν
750 3118 844 3171 τοῦ
888 3119 1137 3189 Σωτῆρος
1177 3120 1395 3190 φωνήν;
1444 3120 1507 3171 Ei
1543 3118 1617 3189 μὴ
1658 3120 1787 3190 ἄρα,

1894 3113 2057 3168 etiam
2107 3110 2247 3164 alius
2296 3106 2480 3178 opifex
2532 3120 2720 3159 earum
2776 3117 2957 3158 rerum
2995 3099 3197 3161 fuerit,
3229 3109 3456 3165 quarum

1899 3203 1907 3205 Α
2046 3202 2070 3205 ,
2290 3198 2325 3205 _
2479 3195 2672 3205 ω...
2769 3193 2856 3205 ,..
2960 3192 2971 3203 .
3167 3185 3456 3205 .η,,,,,

240 3208 301 3273 ὡς
326 3213 376 3263 ἐν
399 3209 711 3281 ίσοστασίῳ,
746 3210 955 3263 καὶτὸν
977 3210 1069 3263 τοῦ
1123 3210 1325 3279 ἀγαθοῦ
1369 3210 1501 3264 Θεοῦ
1540 3210 1630 3264 τὸν
1664 3210 1796 3280 φαῦς

240 3299 318 3354 λον
338 3301 588 3355 δύνασθαι
619 3301 877 3370 γενέσθαι
909 3300 1094 3374 κύριον
1122 3302 1231 3371 (57)
1263 3302 1484 3355 εἴποιεν.
1532 3302 1667 3356 Ἀλλ’
1700 3303 1796 3355 ἐὰν

241 3392 374 3447 τοῦτο
397 3392 646 3461 λέγωσιν,
672 3394 777 3464 ὅρα
805 3394 883 3454 είς
901 3393 1031 3463 ὅσην
1055 3393 1303 3447 ἀσέϐειαν
1336 3394 1710 3448 ὲκπίπτουσιν’
1738 3397 1797 3449 ὲν

242 3484 334 3556 γὰρ
362 3488 465 3550 τοῖς
499 3485 569 3540 τὰ
602 3487 695 3539 ἴσα
727 3484 1047 3553 δυναμένοις
1068 3484 1128 3537 τὸ
1155 3484 1420 3556 ὑπερέχον
1433 3487 1524 3539 καὶ
1556 3489 1798 3559 κρεῖττον

245 3578 329 3630 οὑκ
357 3578 415 3631 ἂν
436 3578 711 3650 εὑρεθείη.
748 3576 859 3629 Καὶ
886 3576 993 3646 γὰρ
1027 3577 1073 3629 εί
1106 3575 1181 3647 μὴ
1199 3575 1442 3642 θέλοντος
1466 3580 1557 3633 τοῦ
1590 3580 1797 3651 ἐτέρου,

246 3667 298 3720 τὸ
321 3668 492 3743 ἕτερον
539 3664 735 3725 ἐστινξ
784 3668 872 3737 ἴση
934 3667 1257 3738 ἀμφοτέρων
1288 3670 1321 3739 ἡ
1353 3669 1581 3740 δύναμις
1626 3672 1720 3724 καὶ
1765 3674 1797 3743 ή

250 3759 471 3817 ἀσθένειά
512 3764 663 3816 ἐστιν
688 3778 703 3791 ο
756 3760 844 3830 ἴση
896 3759 1011 3829 μὲν,
1055 3759 1133 3812 ὅτι
1164 3760 1384 3815 νικῶσιν
1436 3762 1677 3833 ἀλλήλων
1705 3765 1802 3834 τὴν

254 3852 473 3925 βούλησιν
505 3856 563 3907 ὲν
586 3855 665 3924 τῷ
698 3848 856 3905 εἶναι·
906 3850 1158 3904 ἀσθένεια
1190 3850 1245 3903 δὲ
1280 3852 1604 3923 ἀμφοτέρων
1634 3854 1800 3921 ἐστὶν,

251 3944 316 3996 ὃτι
343 3944 408 4016 μὴ
442 3943 794 4016 βουλομένοις
842 3941 1025 4003 αὑτοῖς
1063 3941 1215 4013 παρὰ
1261 3941 1484 4013 γνώμην
1522 3942 1804 3996 ἀποϐαίνει

251 4034 306 4087 τὰ
332 4037 656 4109 πράγματα·
697 4034 813 4086 ἔστι
841 4033 950 4103 γὰρ
983 4034 1077 4085 καὶ
1109 4036 1137 4086 ὁ
1161 4033 1359 4102 ἀγαθὸς
1394 4036 1545 4104 παρὰ
1583 4033 1805 4107 γνώμην

250 4128 325 4181 τοῦ
356 4130 572 4199 φαύλου,
605 4125 850 4181 ἐστικαὶ
896 4128 924 4178 6
984 4124 1184 4194 φαῦλος
1219 4125 1370 4197 παρὰ
1410 4125 1661 4197 βούλησιν
1712 4128 1807 4182 τοῦ

251 4221 451 4289 ἀγαθοῦ.

308 4398 357 4452 7.
384 4399 588 4463 Ἀλλως
616 4414 709 4452 τε·
748 4398 841 4451 καὶ
868 4397 1023 4449 τοῦτο
1051 4394 1162 4467 γὰρ
1207 4394 1272 4447 ἄν
1300 4413 1384 4460 τις
1416 4396 1596 4460 αὑτοῖς
1624 4398 1763 4450 εἴποι
1791 4415 1805 4429 ο

1896 3203 2013 3272 ipse
2046 3202 2185 3256 Deus
2209 3209 2264 3254 et
2290 3198 2452 3253 Pater
2473 3195 2674 3251 Christi
2705 3202 2786 3247 est
2820 3192 3099 3255 Dominus,
3127 3197 3183 3241 ut
3207 3201 3305 3240 suo
3343 3185 3461 3252 ipse

1896 3308 1993 3347 ore
2022 3300 2253 3345 testatur
2276 3286 2529 3342 Salvator
2557 3283 2579 3337 ?
2606 3281 2720 3336 Nisi
2764 3280 2900 3335 forte
2927 3290 2983 3333 ut
3019 3279 3070 3332 in
3097 3276 3304 3346 parimn
3329 3287 3460 3327 con-

1898 3384 2104 3439 ditione
2132 3380 2331 3436 accidit
2357 3418 2373 3441 ,
2408 3377 2534 3432 boni
2570 3375 2660 3430 Dei
2704 3373 2904 3428 malum
2941 3384 3097 3441 posse
3127 3381 3249 3424 esse
3284 3365 3463 3418 domi-

1899 3492 2028 3531 num
2068 3472 2324 3528 dixerint.
2357 3470 2463 3523 Sed
2499 3468 2543 3522 si
2589 3466 2660 3520 ita
2684 3464 2946 3527 sentiunt,
2982 3461 3104 3515 vide
3126 3460 3178 3514 in
3206 3465 3461 3528 quantam

1901 3568 2231 3637 impietatem
2270 3562 2534 3617 incidant.
2569 3557 2716 3612 lnter
2741 3557 2863 3611 illos
2887 3554 3032 3609 enim
3057 3553 3146 3621 qui
3178 3551 3329 3619 paria
3352 3558 3468 3616 pos-

1900 3668 2048 3723 sunt,
2076 3657 2344 3712 neminem
2372 3654 2461 3723 qui
2486 3644 2716 3706 excellat
2749 3658 2802 3703 et
2819 3647 3013 3701 fortior
3042 3644 3133 3709 sit,
3161 3639 3464 3695 inveneris.

1901 3752 2111 3808 Etenim
2135 3749 2179 3804 si
2213 3747 2428 3803 nolente
2453 3742 2798 3805 altero,alter
2825 3734 3297 3806 exsistit,aaqualis
3320 3740 3470 3784 certe

1903 3845 2185 3899 amborum
2236 3841 2320 3895 vis
2364 3849 2418 3894 et
2451 3834 2795 3893 imbecillitas
2825 3842 2946 3897 est;
2987 3828 3211 3899 aequalis
3251 3824 3469 3894 quidem

1902 3937 1985 3990 vis
2014 3974 2028 3997 ,
2071 3934 2197 4002 quia
2254 3930 2390 3985 alter
2438 3928 2664 3983 alterius
2694 3925 3069 3985 voluntatem,
3117 3914 3430 3973 exsistendo
3457 3951 3474 3973 ,

1903 4025 2073 4081 vincit
2124 4044 2137 4078 :
2192 4020 2538 4077 imbecillitas
2582 4032 2756 4083 vero,
2800 4014 2925 4084 quia
2985 4011 3116 4082 ipsis
3169 4005 3479 4063 nolentibus

1906 4135 1998 4174 res
2052 4124 2253 4187 praeter
2302 4122 2537 4166 mentem
2601 4107 2911 4170 eveniunt;
2974 4102 3238 4171 siquidem
3306 4099 3479 4151 bonus

1906 4211 2075 4267 invito
2126 4208 2290 4275 malo,
2333 4216 2389 4262 et
2422 4205 2661 4261 vicissim
2705 4200 2878 4255 malus
2912 4199 3054 4253 bono
3090 4193 3306 4249 nolente
3335 4187 3483 4242 exsi-

1907 4305 2023 4360 stit.

1980 4396 2036 4448 7.
2063 4393 2236 4447 Aliter
2255 4389 2418 4444 etiam
2444 4401 2541 4443 eos
2572 4385 2675 4439 hoc
2711 4381 2870 4436 modo
2904 4378 3147 4433 refellere
3174 4386 3481 4445 possumus.

257 4487 307 4541 Ei
329 4490 389 4543 τὰ
409 4492 712 4562 φαινόμενα
747 4489 882 4561 ἔργα
912 4487 1005 4541 τοῦ
1038 4466 1239 4557 φαὺλου
1286 4488 1425 4553 ἐστὶ,
1458 4488 1511 4541 τί
1559 4488 1619 4541 τὸ
1652 4488 1790 4561 έργοπ

1916 4488 1974 4544 Si
2004 4500 2067 4540 ea
2120 4498 2241 4553 quae
2285 4487 2587 4550 apparent,
2620 4484 2744 4530 sunt
2774 4472 2900 4525 mali
2948 4486 3110 4539 opera
3150 4466 3483 4536 :quodnam.

255 4580 330 4633 τοῦ
371 4582 611 4651 ἀγαθοῦ;
676 4580 930 4650 φαίνεται
974 4580 1082 4653 γὰρ
1120 4580 1270 4633 οὐδὲν
1313 4580 1452 4652 πλὴν
1504 4581 1671 4653 μόνης
1714 4585 1814 4654 τῆς

258 4668 337 4722 τοῦ
353 4670 695 4745 Δημιουργοῦ
727 4671 977 4734 κτίσεως.
1010 4670 1073 4723 Τί
1100 4670 1155 4724 δὲ
1184 4670 1390 4724 καὶτοῦ
1420 4665 1559 4723 εἶναι
1586 4671 1675 4724 τὸν
1703 4672 1812 4745 (58)

260 4761 436 4829 ἀγαθὸν
470 4764 787 4836 γνώρισμα,
820 4764 920 4815 οὐκ
951 4762 1119 4816 ὄντων
1166 4761 1329 4815 αὑτοῦ
1358 4761 1533 4834 ἔργων
1559 4763 1625 4815 δι’
1650 4757 1723 4817 ὧν
1750 4765 1816 4820 ἂν

262 4855 535 4926 γνωσθείη;
563 4858 627 4907 ὲκ
657 4854 768 4925 γὰρ
794 4853 902 4907 τῶν
937 4854 1108 4925 ἔργων
1130 4855 1158 4907 6
1192 4854 1519 4926 δημιουργὸς
1548 4853 1811 4922 γινώσκε-

263 4946 493 5011 van/Hd);
516 4949 571 5001 δὲ
593 4948 733 5010 ὅλως
763 4944 969 4999 καὶδύο
992 4946 1057 4999 ἂν
1097 4946 1179 5007 εἴη
1221 4946 1440 4999 ἐναντία
1470 4946 1731 5014 ἀλλήλων,
1777 4948 1811 5019 ἢ

265 5035 309 5085 τί
331 5036 384 5088 τὸ
401 5038 635 5110 διαιροῦν
664 5040 783 5090 ἐστι
810 5034 1003 5100 ταῦτα,
1026 5036 1112 5088 ἴνα
1154 5036 1319 5105 χωρὶς
1344 5035 1588 5107 ἀλλήλων
1624 5037 1816 5105 γένων-

267 5142 374 5193 ται;
406 5128 550 5183 Εἶναι
575 5131 686 5201 γὰρ
720 5128 859 5182 αὑτὰ
900 5129 1018 5197 ἅμα
1063 5126 1342 5192 ἀδύνατον,
1386 5125 1475 5179 διὰ
1512 5127 1571 5181 τὸ
1598 5128 1817 5201 ἀναιρε-

268 5220 376 5273 τικὰ
397 5222 633 5292 ἀλλήλων
652 5219 811 5275 εἶναι.
849 5219 986 5273 Ἀλλ’
1004 5219 1123 5271 οὐδὲ
1153 5219 1338 5289 ἕτερον
1371 5220 1430 5271 ἐν
1459 5219 1631 5290 ἑτέρῳ
1662 5220 1821 5291 δυνη-

272 5305 371 5380 Θείη
401 5311 461 5366 ἂν
490 5309 627 5368 εἶναι
662 5312 753 5366 διὰ
802 5310 864 5364 τὸ
923 5310 1151 5382 ἄμικτον
1201 5311 1294 5364 καὶ
1338 5310 1589 5381 ἀνόμοιον
1640 5314 1820 5368 αὐτῶν

333 5441 351 5472 ⁸
377 5443 531 5500 Marc.
557 5459 660 5508 xu,
688 5443 784 5499 29.
858 5442 879 5474 ⁸
906 5441 1094 5496 Matth.
1124 5456 1202 5508 ιι,
1228 5440 1319 5497 25.

333 5575 435 5641 (δι)
463 5576 728 5637 Colbert.,
764 5592 1074 5645 γενομενον.

270 5712 293 5766 ¹
326 5646 569 5772 gallo:
591 5647 753 5700 θείων
778 5644 930 5701 deest
954 5646 1005 5699 in
1028 5644 1250 5716 Seguer.
1271 5644 1488 5702 Gobler.
1526 5656 1581 5700 et
1615 5646 1821 5703 Felkm.

333 5766 591 5857 (δώ-’νος
623 5786 762 5840 Θεου
794 5784 1011 5840 additur
1056 5785 1108 5841 in
1155 5784 1391 5842 Colbert.
1451 5797 1505 5842 et
1553 5766 1816 5857 particula

1916 4591 2121 4651 quaeso,
2160 4582 2243 4629 est
2268 4572 2395 4627 boni
2441 4568 2624 4638 opus?
2678 4580 2803 4619 nam
2856 4562 2993 4617 nihil
3038 4568 3264 4629 apparet
3292 4566 3489 4626 praeter

1918 4679 2169 4728 naturam
2204 4678 2365 4734 quam
2416 4660 2643 4715 Creator
2688 4654 2950 4711 condidit.
3004 4651 3283 4719 Quodnam
3328 4662 3490 4716 porro

1920 4759 2180 4815 indicium
2220 4762 2305 4808 est
2336 4753 2532 4806 bonum
2580 4748 2886 4808 exsistere,
2918 4759 3041 4798 cum
3079 4740 3222 4796 nulla
3276 4747 3490 4793 exstent

1919 4864 2085 4920 opera
2113 4845 2309 4917 quibus
2339 4838 2746 4913 cognoscatur?
2793 4854 2861 4893 ex
2902 4835 3159 4906 operibus
3196 4831 3341 4885 enim
3375 4828 3492 4895 opi-

1920 4919 2010 4999 fex
2042 4939 2413 5008 cognoscitur;
2460 4934 2562 5001 Qui
2601 4947 2728 4988 vero
2762 4929 2876 4984 ﬁeri
2908 4936 3088 4998 potest
3117 4933 3177 4979 ut
3202 4923 3361 4977 ambo
3388 4919 3490 4974 sibi

1921 5036 2157 5090 invicem
2186 5031 2295 5086 sint
2334 5025 2600 5084 contrarii
2630 5025 2654 5079 ?
2685 5023 2772 5078 vel
2814 5021 3072 5092 quidnam
3101 5015 3350 5086 estquod
3376 5013 3496 5066 illos

1923 5127 2140 5190 dividit,
2167 5133 2227 5179 ut
2253 5122 2416 5178 simul
2446 5122 2676 5175 invicem
2716 5132 2827 5172 non
2860 5114 3016 5170 sint?
3058 5111 3307 5179 Namque
3337 5104 3497 5161 simul

1928 5235 2054 5277 esse
2092 5235 2199 5276 non
2234 5224 2483 5287 possunt,
2509 5229 2630 5268 cum
2664 5225 2783 5267 sese
2808 5208 3039 5264 invicem
3073 5206 3373 5259 destruant.
3401 5194 3497 5249 Al-

1932 5326 2016 5371 ter
2067 5324 2283 5382 quoque
2311 5310 2364 5363 in
2397 5307 2571 5361 altero
2597 5318 2717 5359 esse
2748 5317 2853 5357 non
2883 5306 3094 5370 potest,
3121 5307 3243 5347 cum
3272 5288 3501 5342 diversae

1932 5579 2029 5634 καί
2059 5586 2179 5643 post
2203 5573 2279 5629 ὧν
2310 5591 2434 5628 mox
2471 5588 2744 5643 sequens._
2829 5636 2862 5643 Α
2903 5634 2934 5643 η
3028 5642 3031 5643 ν
3106 5629 3142 5643 ﬂ
3169 5629 3217 5643 η
3302 5642 3307 5643 γ
3341 5629 3354 5643 _
3377 5626 3408 5643 ν

2008 5626 2517 5729 (εῇῖνιῖιειςύρὶοῦ
2542 5626 2694 5696 deest
2732 5640 2785 5691 in
2824 5634 3060 5691 Colbert.
3106 5629 3239 5685 Ibid.
3290 5626 3503 5682 additur

1932 5718 2200 5793 particula
2234 5716 2320 5769 ἂν.
2629 5781 2640 5790 1
2910 5775 2921 5785 .
2955 5774 2966 5785 ο

2002 5788 2112 5856 ('58)
2143 5787 2235 5841 Sic
2259 5786 2505 5840 Collicrt.
2545 5780 2642 5834 Alit
2674 5792 2796 5834 cum
2839 5776 3020 5837 editis,
3046 5769 3127 5824 τό.
