4010 6576
504 372 570 426 15
1103 374 1160 429 S.
1201 373 1577 430 ATllANASII
1612 374 1763 431 ΟΡΡ.
1804 372 1983 429 PARS
2021 375 2060 431 l.
2095 406 2164 418 -
2202 375 2573 433 HISTORICA
2613 376 2697 430 ET
2737 376 3159 435 DOGMATICA.
3671 384 3736 440 16

496 503 551 546 ει
604 492 892 548 dissimilis
938 493 1045 548 sint
1090 506 1318 549 naturae.
1356 495 1493 564 Ergo
1531 495 1750 550 tertium
1797 496 2057 563 quoddam

2163 496 2260 565 τῆς
2296 496 2527 569 φύσεως.
2565 494 2770 548 Οὐκοῦν
2814 498 2877 549 ἐκ
2911 494 3092 567 τρίτου
3124 495 3185 549 τὸ
3229 491 3470 566 διαιροῦν
3507 496 3737 567 φανήσε-

495 588 626 651 erit,
667 586 808 654 quod
842 587 961 641 illos
1003 588 1252 654 dirimat,
1291 588 1539 657 quodque
1580 590 1755 657 ipsum
1787 589 1858 642 sit
1893 589 2058 645 Deus.

494 678 562 731 At
589 678 890 747 cujnsnam,
926 694 1130 747 quaeso,
1165 692 1369 734 natura:
1399 680 1612 733 tertium
1642 680 1782 735 istud
1824 680 2063 734 futurum

495 771 617 823 est?
662 769 865 823 bonine
892 786 957 824 an
1000 771 1172 826 mali?
1229 772 1491 825 incertum
1536 771 1721 840 utique
1753 770 2064 836 videbitur;

498 875 596 914 nec
621 862 764 915 enim
792 854 972 930 potest
1003 865 1285 917 amborum
1333 871 1539 916 naturas
1569 878 1708 917 esse.
1732 862 1914 930 Itaque
1940 878 2064 917 cum

500 951 703 1007 [utilem
738 954 878 1008 hanc
931 955 1142 1009 illorum
1174 955 1499 1008 sententiam
1542 956 1663 1008 esSe
1702 954 1937 1024 liqueat,
1976 960 2079 1011 ne;

498 1058 651 1098 cesse
684 1054 767 1099 est
793 1045 1179 1100 ecclesiastica:
1211 1045 1477 1099 doctrinte
1510 1046 1793 1101 veritatem
1823 1046 2064 1112 elucere,

498 1135 921 1191 scilicetmalum
952 1153 1049 1192 nec
1077 1152 1106 1190 a
1138 1138 1245 1191 Deo
1271 1153 1372 1192 nec
1406 1138 1458 1192 in
1489 1137 1595 1192 Deo
1628 1151 1769 1203 esse,
1798 1154 1971 1208 neque
1994 1142 2062 1194 ab

501 1226 658 1282 initio
694 1227 883 1292 fuisse,
912 1244 1006 1283 nec
1031 1240 1275 1283 naturam
1303 1231 1613 1301 saliquam
1637 1231 1751 1301 ejus
1784 1247 1940 1286 esse:
1970 1234 2064 1287 sed

497 1316 767 1384 homines,
809 1319 931 1373 boni
969 1322 1424 1390 contemplatione
1458 1334 1685 1387 remota,
1728 1340 1787 1377 ea
1814 1340 1933 1394 qua:
1960 1341 2062 1379 non

495 1418 671 1473 erant,
703 1418 862 1478 prout
895 1412 1169 1473 volebant.
1202 1414 1303 1466 sibi
1350 1414 1450 1481 ipsi
1485 1416 1798 1484 excogitare
1831 1426 1887 1470 et
1915 1415 2065 1470 ellin-

495 1515 622 1569 gere
661 1504 917 1573 cmpisse.
968 1505 1431 1572 Quemadmodum
1472 1510 1615 1562 enim
1666 1510 1709 1563 si
1746 1510 1869 1577 quis
1894 1551 1910 1576 ,
1952 1510 2064 1567 sole

496 1590 798 1649 collucente
831 1596 1052 1665 suisque
1101 1598 1269 1652 radiis
1298 1598 1614 1653 universum
1654 1611 1923 1655 terrarum
1970 1618 2061 1656 or-

496 1684 616 1739 bem
646 1685 972 1751 illustrante,
999 1690 1186 1744 oculos
1217 1691 1500 1750 clauserit.
1532 1703 1586 1747 et
1617 1694 1895 1757 tenebras,
1942 1710 2063 1763 quae

501 1784 681 1830 tamen
719 1778 876 1832 nulla:
904 1789 1051 1847 sunt,
1088 1782 1189 1835 sibi
1226 1782 1322 1851 ipsi
1373 1783 1608 1843 litixerit,
1655 1799 1719 1839 ac
1745 1784 1940 1839 deinde
1972 1785 2062 1838 ille

2168 604 2277 651 ται,
2300 588 2393 641 καὶ
2424 590 2554 641 αὐτὸ
2582 588 2732 650 Θεός.
2790 587 2951 640 Ἀλλὰ
2986 588 3143 651 ποίας
3180 587 3245 641 ἂν
3288 586 3373 657 εἴη
3404 588 3498 641 καὶ
3524 587 3588 641 τὺ
3623 589 3738 660 τρί-

2165 696 2257 732 τον
2285 679 2527 749 φύσεως;
2556 679 2781 751 πότερον
2814 679 2913 749 τῆς
2941 679 3032 732 τοῦ
3072 678 3259 743 καλοῦ,
3291 679 3323 750 ἦ
3351 679 3446 732 τοῦ
3494 679 3736 749 φαύλους

2167 771 2357 842 ἄδηλον
2382 773 2696 842 φανήσεται.
2735 771 2855 843 Τῆς
2892 770 3377 842 γὰρμάμφοζῶρων
3402 766 3541 827 εἶναι
3585 772 3736 836 αὐτὸ,

2166 863 2444 937 ἀδύνατον.
2474 863 2684 934 Σαθρᾶς
2707 862 2772 934 δὴ
2800 862 2979 915 τοίνυν
3010 863 3107 933 τῆς
3128 860 3384 933 τοιαύτης
3412 863 3592 915 αὐτῶν
3624 863 3738 917 δια-

2167 957 2319 1019 νοίας
2351 956 2703 1027 φαινομένης,
2738 956 2951 1028 ἀνάγκη
2980 954 3077 1026 τὴν
3110 953 3369 1025 ἀλήθειαν
3412 954 3739 1025 διαλάμπειν

2163 1050 2262 1121 τῆς
2281 1050 2738 1120 ἐκκλησιαστικῆς
2766 1047 3017 1115 γνώσεως
3042 1065 3054 1078 ο
3090 1048 3171 1101 ὅτι
3203 1048 3265 1101 τὸ
3288 1047 3456 1101 κακὸν
3491 1048 3553 1101 οὐ
3589 1050 3739 1120 παρὶ

2163 1141 2297 1195 Θεοῦ
2329 1142 2449 1195 οὐδὲ
2474 1143 2530 1194 ἐν
2561 1140 2677 1211 Θεῷ
2705 1140 2828 1194 οὔτε
2856 1138 2913 1205 ἐξ
2940 1140 3111 1211 ἀρχῆς
3141 1140 3383 1209 γέγονεν,
3427 1140 3551 1194 οὔτε
3584 1142 3740 1196 οὐσία

2162 1234 2248 1297 τίς
2272 1236 2416 1288 ἐστιν
2446 1233 2631 1289 αὐτοῦ.
2664 1232 2826 1285 Ἀλλὰ
2854 1232 3128 1303 ἅνθρωποι
3164 1232 3308 1285 κατὰ
3335 1232 3592 1303 στέρησιν
3642 1233 3751 1303 τῆς

2161 1327 2255 1382 τοῦ
2282 1327 2446 1381 καλοῦ
2504 1326 2805 1395 φαντασίας
2847 1326 3059 1387 ἑαυτοῖς
3096 1324 3329 1377 ἐπινοεῖν
3356 1326 3591 1395 ἤρξαντο
3646 1324 3742 1377 xui.

2163 1420 2519 1473 ἀναπλάττειν
2542 1418 2611 1470 τά
2653 1419 2754 1471 οὐκ
2790 1417 2938 1482 ὄντα,
2978 1417 3071 1469 καὶ
3111 1416 3253 1487 άπερ
3309 1415 3608 1485 βούλονται.
3653 1415 3738 1479 Ὠς

2162 1512 2270 1584 γάρ
2302 1512 2367 1566 ἄν
2398 1529 2482 1575 τις
2528 1511 2678 1581 ἡλίου
2728 1510 3025 1578 φαίνοντος,
3062 1510 3154 1561 καὶ
3186 1510 3367 1578 πάσης
3399 1509 3499 1577 τῆς
3530 1511 3633 1579 γῆς
3663 1507 3739 1577 τῷ

2163 1603 2302 1673 φωτὶ
2332 1602 2520 1654 τούτου
2574 1597 3092 1670 καταλαμπομένης,
3144 1597 3414 1668 καμμύων
3459 1596 3568 1667 (59)
3614 1599 3740 1661 τοὺς

2161 1692 2488 1762 ὀφθαλμοὺς,
2524 1690 2711 1753 σκότος
2745 1690 2921 1759 ἐαυτῷ
2942 1691 3129 1759 ἐπινοῇ
3163 1689 3273 1761 (40)
3294 1690 3394 1742 οὑκ
3421 1689 3577 1751 ὄντος
3613 1690 3739 1741 σκό-

2162 1801 2304 1847 τους,
2336 1784 2427 1837 xui.
2452 1784 2637 1837 λοιπὸν
2661 1784 2736 1844 ὡς
2768 1784 2826 1837 ἐν
2849 1782 3028 1835 σκότει
3058 1780 3407 1851 πλανώμενος
3434 1783 3735 1851 περιπατῇ,

500 1867 691 1922 mediis
712 1869 852 1922 velut
901 1870 951 1924 in
984 1873 1220 1927 tenebris
1248 1887 1439 1928 errans
1466 1873 1684 1929 incedat
1707 1916 1721 1935 ,
1751 1891 1870 1944 quae
1896 1892 2057 1931 causa

2163 1874 2417 1936 πολλάκις
2445 1872 2656 1926 πίπτων
2680 1870 2927 1925 καὶκατὰ
2952 1870 3212 1941 κρημνῶν
3233 1871 3478 1938 ὑπάγων,
3502 1870 3739 1939 νομίζων

498 1957 573 2011 illi
604 1960 673 2013 sit
701 1961 897 2029 smpius
918 1964 1143 2017 cadendi
1182 1973 1342 2033 atque
1372 1966 1425 2019 in
1467 1952 1657 2034 aspera
1690 1976 1743 2020 et
1791 1976 2058 2037 praerupta

501 2049 618 2105 loca
671 2052 1003 2117 incurrendi,
1053 2056 1179 2108 dmn
1218 2055 1434 2109 interim
1468 2058 1579 2126 ipse
1611 2059 1917 2112 arbitratur
1951 2075 2056 2114 non

498 2140 671 2196 lucem
704 2181 721 2205 ,
773 2147 865 2198 sed
899 2146 1147 2202 tenebras
1173 2162 1318 2211 esse,
1367 2148 1566 2218 quippe
1595 2149 1685 2218 qui
1722 2166 1843 2204 cum
1876 2151 2060 2205 videre

494 2243 686 2301 putat,
734 2235 867 2290 nihil
916 2253 1146 2306 prorsus
1173 2240 1396 2294 videat:
1436 2242 1508 2293 ita
1564 2242 1799 2295 humana
1853 2241 2057 2306 anima,

494 2325 692 2381 clausis
713 2327 884 2383 oculis
915 2330 1109 2399 quibus
1143 2332 1307 2386 Deum
1355 2333 1540 2386 videre
1588 2341 1787 2400 potest,
1822 2333 1922 2387 sibi
1954 2334 2056 2402 ipsi

494 2417 633 2469 tnala
665 2418 889 2487 eliingit,
924 2421 976 2474 in
1016 2422 1213 2488 quibus
1263 2425 1386 2477 dttm
1420 2427 1533 2493 ipsa
1576 2437 1844 2493 movetur,
1885 2429 2060 2482 nescit

493 2522 614 2563 sese
640 2510 771 2563 nihil
806 2526 985 2581 agere,
1012 2528 1132 2565 cum
1168 2514 1368 2581 aliquid
1406 2530 1566 2585 agerc
1594 2518 1905 2585 existimat;
1936 2534 2058 2588 qua:

492 2600 636 2653 enim
672 2600 761 2654 illa
792 2601 993 2672 elliugit
1016 2644 1031 2670 ,
1082 2605 1230 2659 nullo
1274 2607 1432 2660 modo
1467 2610 1756 2663 exsistunt.
1789 2608 1899 2664 Nec
1931 2626 2058 2666 vero

494 2691 670 2760 qualis
724 2705 907 2748 creata
957 2707 1081 2762 est,
1137 2698 1260 2753 talis
1302 2701 1463 2754 etiam
1514 2705 1924 2771 perseveravit:
1964 2706 2055 2760 sed

496 2781 713 2847 qualem
742 2789 1135 2843 contaminavit
1180 2792 1411 2860 seipsam
1440 2837 1454 2857 ,
1502 2794 1622 2849 talis
1667 2804 1719 2849 et
1758 2807 2054 2867 comparet.

492 2871 734 2943 Namque
759 2888 939 2929 creata
967 2888 1047 2933 est
1089 2891 1147 2933 ut
1185 2882 1349 2935 Deum
1382 2886 1579 2944 videat.
1612 2887 1760 2940 etab
1815 2902 1880 2941 eo
1930 2887 2049 2940 illn-

496 2965 732 3020 minetur
764 2986 778 3019 :
811 2969 924 3037 ipsa
957 2982 1137 3026 autem
1175 2989 1271 3042 pro
1302 2976 1411 3030 Deo
1442 2992 1527 3033 res
1558 2981 1791 3033 caducas
1826 2988 1878 3034 et
1901 2990 2052 3034 tene-

494 3057 618 3113 bras
648 3061 917 3128 quaesivit,
952 3074 1009 3115 ιιι
1046 3064 1245 3122 alicubi
1297 3068 1533 3137 Spiritus
1564 3070 1646 3123 his
1678 3072 1856 3126 verbis
1889 3080 2056 3126 testa-

494 3159 582 3201 tur
619 3170 632 3206 :
669 3151 811 3206 Deus
833 3154 1090 3210 hominem
1120 3169 1313 3212 rectum
1343 3159 1463 3228 fecit
1489 3176 1507 3214 :
1533 3162 1630 3227 ipsi
1649 3171 1821 3215 autem
1840 3164 2052 3217 ratioci-

493 3244 722 3300 nationes
751 3248 941 3301 multa:
970 3251 1286 3318 quaesierunt
1320 3252 1360 3305 °.
1409 3252 1596 3323 Itaque
1626 3254 1843 3308 malitia:
1866 3257 2055 3310 inven-

495 3336 568 3390 tio
602 3347 656 3389 et
689 3341 1018 3409 excogitatio
1069 3342 1147 3397 sic
1203 3344 1508 3398 hominibus
1562 3346 1717 3399 initio
1761 3357 1951 3401 exorta
2002 3357 2057 3402 et

493 3427 723 3483 conﬁcta
748 3441 851 3484 est.
883 3433 1128 3499 Quanam
1157 3450 1284 3489 vero
1328 3436 1545 3490 rationm
1592 3437 1755 3490 etiam
1789 3439 1855 3490 ad
1885 3438 2056 3493 idolo-

493 3534 610 3573 rum
648 3522 909 3577 insaniam
940 3527 1177 3582 dcvoluti
1218 3528 1419 3582 fuerint
1446 3571 1461 3593 ,
1489 3529 1599 3596 jam
1629 3530 1808 3583 dicere
1836 3544 2057 3586 necesse

494 3623 596 3676 est,
629 3625 687 3668 ut
717 3632 1013 3685 cognoscas
1036 3620 1302 3675 idolorum
1334 3621 1698 3675 inventionem
1725 3621 1868 3675 nullo
1901 3621 2059 3676 modo

2160 1968 2258 2020 οὐκ
2289 1954 2425 2018 εἶναι
2453 1963 2587 2033 φῶς,
2614 1963 2747 2016 ἀλλὰ
2781 1962 2966 2025 σκότος
2995 1962 3124 2032 (ιί1)⁶
3158 1962 3328 2015 δοκῶν
3352 1962 3461 2033 γὰρ
3496 1961 3737 2031 βλέπειν,
3810 2026 3811 2029 η

2159 2059 2263 2112 οὐδ’
2291 2056 2427 2120 ὅλως
2445 2057 2546 2127 ὁρᾷ
2561 2073 2574 2086 ο
2606 2054 2748 2108 οὕτω
2772 2054 2867 2106 καὶ
2890 2056 2922 2124 ἡ
2945 2053 3091 2125 ψυχὴ
3104 2054 3210 2106 τῶν
3230 2053 3326 2107 ἀνθ
3334 2053 3554 2125 ρώπων,
3591 2071 3737 2123 καμ-

2163 2150 2379 2221 μύσασα
2406 2148 2496 2201 τὸν
2528 2145 2821 2218 ὀφθαλμὸν,
2860 2140 3010 2209 δι’-οῦ
3028 2144 3119 2221 τόν
3147 2144 3277 2198 Θεὸν
3320 2146 3452 2215 όρᾷν
3493 2144 3736 2210 δύναται,

2160 2244 2322 2313 ἑαυτῇ
2355 2243 2425 2296 τὰ
2453 2241 2597 2294 κακά
2617 2238 2927 2309 ἐπενόησεν,
2960 2238 3017 2289 ἐν
3043 2217 3121 2300 οἷς
3144 2236 3458 2306 κινουμένη,
3481 2237 3582 2289 οὐκ
3598 2231 3738 2289 οἶδεν

2159 2324 2261 2401 ότι,
2294 2335 2527 2390 δοκοῦσά
2555 2353 2607 2387 τι
2638 2336 2829 2399 ποιεῖν,
2859 2334 3010 2387 οὐδὲν
3041 2336 3215 2386 ποιεῖ·
3246 2332 3313 2384 τὰ
3344 2332 3445 2384 οὐκ
3475 2331 3606 2384 ὅντα
3628 2331 3736 2402 γάρ

2158 2428 2575 2485 ἀναπλάττεται.
2616 2429 2725 2481 Καὶ
2777 2429 2875 2498 οὐχ
2933 2426 3092 2479 ὁποία
3131 2424 3341 2493 γέγονε,
3385 2421 3610 2493 τοιαύτη
3644 2423 3737 2476 καὶ

2159 2523 2408 2593 ἔμεινεν·
2456 2521 2570 2575 ἀλλ’
2616 2520 2804 2574 ὁποίαν
2831 2520 3024 2589 ἑαυτὴν
3065 2516 3312 2587 ἐνέφυρε,
3368 2514 3596 2583 τοιαύτη
3644 2513 3737 2567 καὶ

2159 2614 2426 2683 φαίνεται.
2460 2614 2654 2682 Γέγονε
2690 2612 2787 2683 μὲν
2819 2610 2927 2681 γὰρ
2961 2612 3041 2673 είς
3086 2609 3146 2661 τὺ
3169 2610 3300 2678 όρᾷν
3322 2604 3415 2659 τὸν
3450 2604 3606 2668 Θεὸν,
3643 2604 3737 2657 καὶ

2158 2708 2248 2760 ὑπ’
2296 2706 2460 2760 αὐτοῦ
2507 2704 2868 2775 φωτίζεσθαιο
2911 2701 3051 2772 αὕτη
3091 2702 3147 2754 δὲ
3196 2701 3316 2754 ἀντὶ
3353 2699 3449 2753 τοῦ
3482 2698 3620 2753 Θεοῦ
3669 2697 3736 2751 τά

2157 2798 2373 2870 φθαρτὰ
2386 2798 2480 2851 xui.
2501 2798 2560 2850 τὸ
2573 2796 2761 2860 σκότος
2784 2794 3064 2867 ἐζήτησεν,
3088 2793 3162 2858 ὥς
3184 2810 3287 2846 που
3315 2793 3406 2846 καὶ
3426 2792 3487 2845 τὸ
3512 2791 3737 2861 Πνεῦμα

2157 2892 2447 2961 ἐγγράφως
2479 2889 2674 2960 φησίν⁵
2717 2889 2771 2939 Ὁ
2805 2886 2949 2952 Θεὸς
2979 2884 3086 2939 τὸν
3118 2885 3432 2953 ἄνθρωπον
3445 2885 3737 2950 ἐποίησεν

2154 2983 2335 3053 εὐθῆ·
2387 2982 2555 3036 αὐτοὶ
2603 2980 2670 3034 δὲ
2717 2980 3012 3048 ἐζήτησαν
3058 2976 3385 3048 λογισμοὺς
3441 2976 3733 3053 πᾳλλούς.

2155 3077 2366 3138 Κακίας
2385 3074 2449 3145 δὴ
2474 3070 2566 3128 οὖν
2594 3072 2810 3143 εὕρεσις
2835 3072 2928 3125 xui.
2954 3070 3163 3123 ἐπίνοια
3196 3072 3304 3133 τοῖς
3332 3068 3645 3140 ἀνθρώποις
3678 3065 3735 3132 ἐξ

2156 3166 2332 3237 ἀρχῆς
2356 3164 2499 3218 οὕτω
2518 3164 2710 3232 γέγονε
2758 3161 2855 3215 xui.
2897 3161 3223 3216 πέπλασται.
3270 3159 3394 3222 Πῶς
3424 3159 3481 3210 δὲ
3514 3160 3612 3211 καὶ
3657 3159 3735 3221 εἰς

2153 3257 2253 3327 τὴν
2283 3254 2391 3308 τῶν
2422 3254 2654 3308 εἰδώλων
2686 3252 2881 3323 μανίαν
2925 3251 3383 3322 καταϐεϐήκασιν,
3420 3250 3522 3321 ἤδη
3556 3250 3737 3317 λέγειν

2154 3349 2469 3416 ἀναγκαῖον,
2510 3347 2599 3400 ἴνα
2638 3344 2935 3417 γινώσκῃςέ
2969 3344 3051 3397 ὅτι
3099 3341 3236 3406 ὅλως
3270 3343 3303 3412 ἡ
3355 3340 3464 3394 τῶν
3495 3340 3733 3395 εἰδώλων

2154 3436 2370 3508 εὕρεσις
2401 3437 2502 3490 οὐκ
2542 3436 2649 3489 ἀπὸ
2692 3433 2921 3502 ἀγαθοῦ,
2963 3432 3076 3486 ἀλλ’
3116 3432 3223 3486 άπὸ
3269 3431 3489 3495 κακίας,
3519 3430 3730 3499 γέγονε.

2155 3530 2229 3582 Τὸ
2268 3530 2327 3583 δὲ
2368 3529 2465 3601 τὴν
2512 3528 2682 3599 ἀρχὴν
2711 3527 2834 3598 ἔχον
2887 3526 3064 3597 κακὴν
3093 3526 3152 3578 ἐν
3184 3523 3359 3578 οὐδενί
3385 3540 3521 3576 ποτε
3571 3520 3735 3575 καλὸν

2154 3622 2393 3694 κριθείη,
2426 3623 2543 3676 ὅλον
2566 3621 2625 3675 ὃν
2655 3621 2878 3691 φαῦλον.

492 3725 523 3761 a
576 3708 718 3763 bono
765 3711 860 3765 sed
933 3725 964 3764 a
1031 3713 1232 3766 malitia
1284 3724 1460 3768 ortmn
1498 3716 1718 3770 habere.
1762 3714 1915 3782 Quod
1964 3732 2125 3786 porro
2163 3718 2488 3788 principium
2522 3715 2720 3768 malum
2757 3714 2960 3778 habet,
2989 3709 3139 3765 nulla
3173 3721 3410 3777 unquam
3446 3705 3501 3760 in
3539 3719 3597 3759 re
3643 3707 3736 3758 ho-

491 3820 618 3858 num
654 3805 1005 3875 judicandum
1040 3815 1142 3873 est,
1174 3823 1293 3861 cum
1319 3808 1512 3862 malum
1549 3810 1619 3864 sit
1648 3820 1838 3866 totum.

560 3902 613 3956 8.
640 3900 898 3954 Malitiam
948 3904 1285 3971 excogitasse
1326 3919 1429 3958 non
1472 3916 1723 3959 contenta
1776 3908 2052 3964 hominum

489 3991 691 4055 anima,
728 3991 984 4060 paulatim
1017 4006 1135 4047 sese
1156 3995 1221 4047 ad
1264 3996 1527 4050 deteriora
1558 3999 1722 4066 coepit
1751 3998 2052 4070 impellere.

489 4080 780 4149 Postquam
818 4082 962 4135 enim
992 4083 1174 4137 varias
1219 4087 1555 4156 voluptatum
1586 4091 1793 4159 species
1825 4092 2041 4158 didicit,

488 4183 544 4225 et
568 4186 747 4225 rerum
776 4173 1074 4226 divinarum
1101 4175 1263 4228 oblita
1300 4186 1417 4242 est,
1459 4181 1737 4249 corporeis
1773 4180 2057 4237 affectibus

489 4263 775 4329 delectata,
806 4275 969 4336 atque
998 4268 1064 4321 ad
1098 4267 1205 4321 sola
1225 4272 1509 4337 praesentia
1533 4284 1587 4327 ει
1606 4288 1794 4339 vanas,
1834 4289 1953 4343 quae
1986 4276 2056 4329 de

488 4354 574 4408 his
601 4355 893 4422 habentur,
935 4359 1215 4429 Opiniones
1242 4364 1545 4433 attendens,
1580 4364 1721 4418 nihil
1743 4375 1938 4434 praeter
1963 4381 2054 4418 as—

487 4448 772 4516 pectabilia
803 4450 1069 4506 exsistere
1092 4492 1107 4517 ,
1160 4455 1378 4525 solaque
1424 4456 1739 4526 temporalia
1773 4467 1829 4512 et
1862 4473 2056 4527 corpo-

489 4554 603 4603 rea,
635 4540 773 4595 bona
798 4556 919 4598 esse
942 4545 1198 4600 arbitrata
1233 4556 1336 4602 est.
1375 4548 1465 4602 Sic
1486 4558 1669 4604 autem
1701 4566 1729 4603 a
1753 4565 1884 4603 vero
1907 4564 2058 4603 aver-

486 4646 569 4695 sa,
599 4642 652 4686 ct
677 4648 734 4688 se
758 4634 824 4688 ad
864 4636 1156 4706 imaginem
1195 4639 1322 4693 boni
1364 4639 1458 4694 Dei
1490 4640 1686 4695 factam
1717 4656 1838 4695 esse
1865 4640 2055 4705 oblita,

486 4736 591 4773 non
624 4724 856 4792 amplius
885 4726 1053 4780 Deum
1085 4728 1339 4791 Verbum,
1370 4730 1437 4782 ad
1460 4730 1613 4799 cujus
1646 4730 2053 4784 similitudinem

485 4826 667 4869 creata
694 4826 797 4881 est,
833 4833 929 4873 sua
964 4818 1219 4874 facultate
1260 4822 1402 4875 videt
1434 4838 1451 4875 :
1489 4826 1583 4877 sed
1629 4832 1782 4875 extra
1818 4821 2051 4888 seipsam

485 4908 683 4975 posita,
714 4923 775 4962 ea
806 4925 925 4977 qua:
969 4927 1072 4965 non
1102 4923 1228 4967 sunt
1250 4914 1451 4983 COgitat
1482 4924 1538 4967 et
1566 4913 1788 4982 efﬁngit.
1817 4911 2051 4967 Obstru-

484 5006 576 5051 clO
600 5000 795 5069 Quippe
828 5016 1213 5071 corporearum
1246 5008 1603 5076 cupiditatum
1641 5004 1935 5057 involucris
1963 5003 2056 5056 illo

483 5090 627 5158 quod
657 5092 709 5144 in
748 5093 864 5161 ipsa
889 5106 970 5149 est
1004 5098 1156 5164 quasi
1196 5096 1442 5166 speculo,
1472 5113 1572 5166 per
1596 5096 1736 5164 quod
1766 5110 1929 5148 unum
1958 5093 2058 5146 Pa-

486 5181 589 5235 tris
636 5182 924 5255 imaginem
973 5191 1217 5243 contueri
1259 5198 1522 5259 poterat,
1568 5189 1679 5255 iam
1731 5203 1835 5241 non
1880 5187 2059 5240 cernit

485 5288 605 5339 qua:
627 5276 865 5329 animam
892 5278 1192 5349 intelligere
1218 5289 1453 5347 oportet,
1491 5281 1584 5333 sed
1608 5280 1661 5332 in
1684 5294 1900 5333 omnem
1939 5294 2060 5347 par-

487 5372 592 5417 tem
620 5366 1023 5433 circumlertur,
1050 5370 1273 5440 solaque
1305 5370 1392 5423 illa
1422 5370 1570 5424 videt
1600 5386 1721 5439 qua:
1753 5370 1805 5423 in
1838 5383 2056 5424 sensum

555 5451 577 5482 ‘
606 5454 809 5509 Eccles.
829 5472 928 5515 vn.
956 5458 1045 5513 '50.

558 5546 668 5616 (59)
700 5547 924 5617 Segucr.
955 5549 1107 5604 Colb.
1132 5548 1293 5602 Basil.
1318 5547 1525 5616 Anglic.
1552 5546 1770 5601 Gobler.
1807 5545 2045 5617 Felckm.

483 5620 511 5673 1
547 5615 601 5690 et
619 5618 653 5668 2
677 5615 844 5690 anon.
872 5619 961 5673 hic
984 5619 1275 5690 καμμύων,
1304 5627 1358 5671 ει
1378 5615 1539 5690 paulo
1565 5627 1683 5685 post
1708 5615 2046 5690 καμμύσασα

483 5687 704 5757 habent.
746 5687 848 5757 Alii
876 5702 999 5742 cum
1032 5686 1213 5753 editis,
1245 5686 1470 5757 καμύων
1504 5697 1557 5740 ει
1585 5687 1902 5756 καμύσασα.

556 5755 666 5826 (40)
698 5756 790 5809 Sic
836 5758 1092 5826 Segucr.,
1128 5759 1217 5810 alii
1262 5755 1393 5811 vero
1439 5772 1563 5811 cum
1614 5755 1776 5809 editis
1826 5758 2047 5823 ἐπινοεῖ,

482 5836 536 5882 et
570 5826 728 5894 paulo
756 5830 1215 5900 ροδιπεριπατεῖ,
1241 5829 1331 5883 ubi
1360 5830 1588 5897 Seguet‘.
1621 5829 1918 5897 περιπατῇ.

2227 3910 2278 3964 8.
2307 3907 2421 3961 Οὐκ
2451 3902 2778 3977 ἀρκεσθεῖσα
2814 3901 2880 3971 τῇ
2910 3896 3021 3969 (49.)
3056 3896 3153 3966 τῆς
3175 3893 3371 3955 κακίας
3390 3889 3605 3960 ἐπινοίᾳ
3630 3887 3736 3941 τῶν

2156 3998 2457 4071 ἀνθρώπων
2501 3999 2534 4069 ὴ
2574 3994 2740 4065 ψυχὴ,
2777 3992 2896 4046 κατ’
2948 3988 3125 4056 ὀλίγον
3153 3984 3245 4039 καὶ
3290 3986 3368 4046 είς
3404 3983 3474 4035 τὰ
3518 3982 3735 4052 χείρονα

2157 4091 2353 4161 ἑαυτὴν
2380 4088 2591 4156 ἐξάγειν
2621 4085 2840 4155 ἤρξατο.
2874 4079 3137 4136 Μαθοῦσα
3170 4076 3276 4146 γὰρ
3310 4072 3573 4143 διαφορὰς
3620 4071 3736 4143 ηδο-

2157 4183 2285 4247 νῶν,
2314 4182 2408 4235 xui.
2432 4177 2722 4249 ζωσαμένη
2742 4176 2840 4247 τὴν
2869 4174 2975 4229 τῶν
3004 4172 3164 4226 θείων
3191 4165 3654 4245 λήθην,ηὴδομένη
3681 4162 3735 4215 δὲ

2159 4277 2253 4330 καὶ
2275 4274 2413 4345 πρὸς
2443 4272 2512 4324 τὰ
2539 4269 2633 4324 τοῦ
2680 4267 2928 4338 σώματος
2967 4264 3112 4333 πάθη
3165 4262 3259 4316 xui.
3296 4258 3434 4330 πρὸς
3483 4257 3620 4327 μόνα
3668 4254 3732 4306 τά

2162 4364 2422 4435 παρόντα,
2455 4361 2549 4414 xui.
2562 4358 2659 4421 τάς
2684 4358 2888 4410 τούτων
2914 4354 3068 4420 δόξας
3092 4348 3495 4409 ἀποϐλέπουσα,
3520 4346 3731 4414 ἐνόμισε

2164 4433 2329 4529 μηδὲν
2362 4455 2443 4507 ἔτι
2468 4451 2628 4507 πλέον
2658 4446 2927 4503 εἶναιτῶν
2950 4443 3315 4517 βλεπομένων,
3341 4438 3476 4493 άλλά
3506 4438 3642 4508 μόνα
3667 4433 3734 4487 τὰ.

2162 4550 2469 4622 πρόσκαιρα
2484 4543 2659 4599 καὶτὰ
2685 4540 2967 4612 σωματικὰ
2996 4535 3134 4591 εἶναι
3158 4535 3227 4588 τὰ
3244 4532 3404 4587 καλά.
3437 4532 3734 4622 Ἀποστρα-

2163 4620 2326 4712 φεῖσα
2355 4640 2412 4692 δέ
2436 4638 2529 4690 καὶ
2558 4633 2922 4704 ἐπιλαϐομένη
2962 4627 3160 4699 ἑαυτὴν
3208 4624 3343 4680 εἶναι
3390 4624 3513 4678 κατ’
3556 4620 3734 4712 εἰκόνα

2160 4708 2255 4785 τοῦ
2283 4726 2482 4798 ἀγαθοῦ
2507 4724 2782 4786 Θεοῦ,οὺκ
2814 4721 2891 4774 ἐτι
2924 4720 3019 4790 μὲν
3060 4717 3150 4771 διὰ
3194 4716 3294 4783 τῆς
3326 4716 3384 4767 ἐν
3418 4713 3555 4781 αὐτῇ
3588 4708 3735 4763 δυνὰ-

2162 4838 2305 4892 μεως
2335 4819 2426 4873 τὸν
2448 4817 2577 4871 Θεὸν
2601 4814 2791 4882 Λόγον,
2822 4810 2945 4864 καθ’
2965 4809 3023 4862 ὃν
3049 4808 3144 4861 καὶ
3177 4804 3578 4892 γέγονενηὸρᾷξ
3622 4799 3735 4892 ,ἔξω

2156 4891 2216 4967 δέ
2246 4910 2443 4979 ἐαυτῆς
2475 4904 2761 4977 γενομένη,
2786 4901 2857 4954 τὰ
2876 4900 2975 4952 οὐκ
3007 4897 3137 4949 ὄντα
3175 4894 3451 4963 λογίζεται
3485 4891 3579 4943 καὶ
3609 4891 3733 4941 ἁνα-

2160 5001 2444 5055 τυποῦται.
2470 4994 2848 5066 Ἐπικρύψασα
2870 4990 2974 5061 γὰρ
2999 4990 3121 5050 ταῖς
3150 4986 3472 5045 ἐπιπλοκαῖς
3501 4983 3609 5034 τῶν
3639 4998 3736 5066 σωέ

2167 5091 2408 5166 ματικῶν
2441 5086 2744 5158 ἐπιθυμιῶν
2778 5084 2836 5137 τὸ
2861 5084 2934 5145 ώς
2963 5084 3020 5134 ἐν
3044 5080 3179 5149 αὐτῇ
3221 5077 3548 5147 κάτοπτρον,
3573 5074 3640 5126 δι’
3677 5064 3735 5123 οῦ

2168 5165 2326 5257 μόνου
2363 5181 2475 5251 (45)
2525 5181 2657 5251 όρᾷν
2708 5174 2936 5246 ἠδύνατο
2968 5174 3065 5243 τὴν
3122 5170 3308 5223 εἰκόνα
3361 5166 3457 5219 τοῦ
3504 5165 3733 5234 Πατρὸς,

2163 5254 2345 5329 οὐκέτι
2383 5272 2481 5344 μὲν
2504 5271 2607 5341 ὁρᾷ
2638 5269 2674 5322 ἃ
2696 5268 2776 5320 δεῖ
2811 5264 2987 5335 ψυχὴν
3012 5264 3183 5314 νοεῖν·
3216 5261 3379 5313 παντὶ
3419 5257 3477 5310 δέ
3514 5254 3736 5344 περιφέ-

2166 5381 2338 5439 ρεται,
2372 5338 2466 5414 καὶ
2498 5338 2635 5429 μόνα
2678 5359 2858 5409 ἐκεῖνα
2882 5354 2983 5423 ὁρᾷ
3024 5351 3091 5403 τὰ
3118 5352 3184 5420 τῇ
3215 5348 3467 5417 αἰσθήσει
3505 5338 3732 5415 προσπί-

2226 5542 2338 5610 (41)
2369 5539 2607 5595 Felckm.
2638 5533 2925 5610 3Avopt§tuv
2959 5530 3097 5586 εἶναι
3116 5529 3255 5599 φῶς,
3288 5528 3401 5582 ἀλλ’
3435 5526 3495 5580 οὐ
3533 5526 3735 5591 σκότος,

2156 5608 2251 5668 sed
2286 5608 2562 5680 corrupte,
2593 5619 2652 5680 ut
2682 5608 2888 5680 liquet.|
2956 5673 2970 5680 _
3078 5679 3081 5680 ν
3133 5670 3145 5680 _

2231 5664 2639 5804 (QZ‘Particula
2780 5664 2916 5753 quae
2940 5673 3093 5725 deest
3132 5670 3190 5724 in
3234 5668 3459 5738 chuer.
3520 5664 3731 5722 Gobler.

2245 5752 2316 5804 Fe
2341 5753 2483 5804 cknt.
2518 5751 2543 5801 ί
2580 5750 2629 5801 in
2662 5749 2782 5799 alus
2816 5746 3032 5804 legitur.

2160 5764 2214 5808 et
2242 5745 2483 5805 'F'elcknt.
2518 5751 2543 5801 ί
2580 5750 2629 5801 in
2662 5749 2782 5799 aliis
2816 5745 3032 5810 legitur.

2233 5822 2345 5892 (45)
2377 5823 2603 5891 Segucr.
2638 5828 2689 5873 et
2718 5814 2959 5872 Felckm.
2996 5811 3031 5864 2
3070 5825 3236 5864 anon.
3279 5814 3458 5877 μονον.
