  <div class='ocr_page' id='page_1' title='image "/cluster/home/n/w/nwhite01/storage/ocr_20150623/25/hvd.32044004972428/302.png"; bbox 0 0 4010 6508; ppageno 0'>
   <div class='ocr_carea' id='block_1_1' title="bbox 194 388 3379 450">
    <p class='ocr_par' dir='ltr' id='par_1_1' title="bbox 194 388 3379 450">
     <span class='ocr_line' id='line_1_1' title="bbox 194 388 3379 450; baseline 0.001 -4"><span class='ocrx_word' id='word_1_1' title='bbox 194 393 238 447; x_wconf 81' lang='lat' dir='ltr'><strong>l7</strong></span> <span class='ocrx_word' id='word_1_2' title='bbox 1307 388 1570 446; x_wconf 79' lang='lat' dir='ltr'><strong>ORATIO</strong></span> <span class='ocrx_word' id='word_1_3' title='bbox 1601 389 1878 448; x_wconf 79' lang='lat' dir='ltr'><strong>CONTRA</strong></span> <span class='ocrx_word' id='word_1_4' title='bbox 1920 388 2207 447; x_wconf 84' lang='lat' dir='ltr'><strong>GENTES.</strong></span> <span class='ocrx_word' id='word_1_5' title='bbox 3313 394 3379 450; x_wconf 70' lang='lat'><strong>18</strong></span> 
     </span>
    </p>
   </div>
   <div class='ocr_carea' id='block_1_2' title="bbox 192 501 1718 578">
    <p class='ocr_par' dir='ltr' id='par_1_2' title="bbox 192 501 1718 578">
     <span class='ocr_line' id='line_1_2' title="bbox 192 501 1718 578; baseline 0.001 -20"><span class='ocrx_word' id='word_1_6' title='bbox 192 519 358 558; x_wconf 76' lang='grc' dir='ltr'>πτοντα.</span> <span class='ocrx_word' id='word_1_7' title='bbox 388 501 555 555; x_wconf 84' lang='grc' dir='ltr'><strong>Ὅθεν</strong></span> <span class='ocrx_word' id='word_1_8' title='bbox 603 502 671 573; x_wconf 86' lang='grc' dir='ltr'>δὴ</span> <span class='ocrx_word' id='word_1_9' title='bbox 705 503 885 575; x_wconf 80' lang='grc' dir='ltr'>πάσης</span> <span class='ocrx_word' id='word_1_10' title='bbox 914 504 1177 576; x_wconf 78' lang='grc' dir='ltr'>σαρκικῆς</span> <span class='ocrx_word' id='word_1_11' title='bbox 1204 505 1497 576; x_wconf 78' lang='grc' dir='ltr'><strong>ἐπιθυμίας</strong></span> <span class='ocrx_word' id='word_1_12' title='bbox 1522 506 1718 578; x_wconf 84' lang='grc' dir='ltr'>γέμου-</span> 
     </span>
    </p>
   </div>
   <div class='ocr_carea' id='block_1_3' title="bbox 1820 501 3380 578">
    <p class='ocr_par' dir='ltr' id='par_1_3' title="bbox 1820 503 3380 578">
     <span class='ocr_line' id='line_1_3' title="bbox 1820 503 3380 578; baseline 0.004 -15"><span class='ocrx_word' id='word_1_13' title='bbox 1820 509 2038 563; x_wconf 89' lang='lat' dir='ltr'><strong>cadunt.</strong></span> <span class='ocrx_word' id='word_1_14' title='bbox 2082 507 2219 561; x_wconf 79' lang='lat' dir='ltr'><strong>Hinc</strong></span> <span class='ocrx_word' id='word_1_15' title='bbox 2254 518 2384 559; x_wconf 87' lang='lat' dir='ltr'><strong>sane</strong></span> <span class='ocrx_word' id='word_1_16' title='bbox 2408 503 2495 559; x_wconf 92' lang='lat' dir='ltr'><strong>illa</strong></span> <span class='ocrx_word' id='word_1_17' title='bbox 2520 505 2773 561; x_wconf 90' lang='lat' dir='ltr'><strong>omnibus</strong></span> <span class='ocrx_word' id='word_1_18' title='bbox 2792 506 2972 563; x_wconf 90' lang='lat' dir='ltr'><strong>carnis</strong></span> <span class='ocrx_word' id='word_1_19' title='bbox 2998 509 3380 578; x_wconf 93' lang='lat' dir='ltr'><strong>cupiditatibus</strong></span> 
     </span>
    </p>
   </div>
   <div class='ocr_carea' id='block_1_4' title="bbox 189 593 1712 665">
    <p class='ocr_par' dir='ltr' id='par_1_4' title="bbox 189 593 1712 665">
     <span class='ocr_line' id='line_1_4' title="bbox 189 593 1712 665; baseline -0.002 -15"><span class='ocrx_word' id='word_1_20' title='bbox 189 613 249 659; x_wconf 79' lang='grc' dir='ltr'><strong>σα,</strong></span> <span class='ocrx_word' id='word_1_21' title='bbox 275 594 349 647; x_wconf 78' lang='grc' dir='ltr'><strong>καὶ</strong></span> <span class='ocrx_word' id='word_1_22' title='bbox 374 594 431 645; x_wconf 87' lang='grc' dir='ltr'><strong>ἐν</strong></span> <span class='ocrx_word' id='word_1_23' title='bbox 469 594 600 655; x_wconf 88' lang='grc' dir='ltr'>ταῖς</span> <span class='ocrx_word' id='word_1_24' title='bbox 634 593 843 647; x_wconf 82' lang='grc' dir='ltr'>τούτων</span> <span class='ocrx_word' id='word_1_25' title='bbox 872 594 1047 659; x_wconf 82' lang='grc' dir='ltr'><strong>δόξαις</strong></span> <span class='ocrx_word' id='word_1_26' title='bbox 1073 596 1469 665; x_wconf 80' lang='grc' dir='ltr'><strong>ταραττομένη,</strong></span> <span class='ocrx_word' id='word_1_27' title='bbox 1507 595 1712 660; x_wconf 76' lang='grc' dir='ltr'>λοιπὸν,</span> 
     </span>
    </p>
   </div>
   <div class='ocr_carea' id='block_1_5' title="bbox 187 685 1715 757">
    <p class='ocr_par' dir='ltr' id='par_1_5' title="bbox 187 685 1715 757">
     <span class='ocr_line' id='line_1_5' title="bbox 187 685 1715 757; baseline -0.003 -14"><span class='ocrx_word' id='word_1_28' title='bbox 187 692 225 743; x_wconf 77' lang='grc' dir='ltr'>ὃν</span> <span class='ocrx_word' id='word_1_29' title='bbox 247 685 509 739; x_wconf 75' lang='grc' dir='ltr'>ἐπελάθετο</span> <span class='ocrx_word' id='word_1_30' title='bbox 566 688 637 755; x_wconf 82' lang='grc' dir='ltr'>τῇ</span> <span class='ocrx_word' id='word_1_31' title='bbox 674 686 885 757; x_wconf 73' lang='grc' dir='ltr'>διανοίᾳ</span> <span class='ocrx_word' id='word_1_32' title='bbox 909 686 1061 747; x_wconf 78' lang='grc' dir='ltr'>Θεὸν,</span> <span class='ocrx_word' id='word_1_33' title='bbox 1094 685 1280 739; x_wconf 83' lang='grc' dir='ltr'>τοῦτον</span> <span class='ocrx_word' id='word_1_34' title='bbox 1305 689 1361 739; x_wconf 88' lang='grc' dir='ltr'><strong>ἐν</strong></span> <span class='ocrx_word' id='word_1_35' title='bbox 1386 691 1715 757; x_wconf 80' lang='grc' dir='ltr'><strong>σωματικοῖς</strong></span> 
     </span>
    </p>
   </div>
   <div class='ocr_carea' id='block_1_6' title="bbox 187 777 1715 848">
    <p class='ocr_par' dir='ltr' id='par_1_6' title="bbox 187 777 1715 848">
     <span class='ocr_line' id='line_1_6' title="bbox 187 777 1715 848; baseline -0.002 -14"><span class='ocrx_word' id='word_1_36' title='bbox 187 781 249 834; x_wconf 72' lang='grc' dir='ltr'>καὶ</span> <span class='ocrx_word' id='word_1_37' title='bbox 271 777 525 845; x_wconf 80' lang='grc' dir='ltr'><strong>αἰσθητοῖς</strong></span> <span class='ocrx_word' id='word_1_38' title='bbox 553 777 983 841; x_wconf 75' lang='grc' dir='ltr'>ἀναπλάττεται,</span> <span class='ocrx_word' id='word_1_39' title='bbox 1004 778 1114 840; x_wconf 89' lang='grc' dir='ltr'>τοῖς</span> <span class='ocrx_word' id='word_1_40' title='bbox 1132 777 1469 847; x_wconf 82' lang='grc' dir='ltr'><strong>φαινομένοις</strong></span> <span class='ocrx_word' id='word_1_41' title='bbox 1494 778 1592 848; x_wconf 84' lang='grc' dir='ltr'><strong>τὴν</strong></span> <span class='ocrx_word' id='word_1_42' title='bbox 1619 777 1715 831; x_wconf 80' lang='grc' dir='ltr'><strong>τοῦ</strong></span> 
     </span>
    </p>
   </div>
   <div class='ocr_carea' id='block_1_7' title="bbox 186 868 1717 940">
    <p class='ocr_par' dir='ltr' id='par_1_7' title="bbox 186 868 1717 940">
     <span class='ocr_line' id='line_1_7' title="bbox 186 868 1717 940; baseline -0.001 -17"><span class='ocrx_word' id='word_1_43' title='bbox 186 869 282 923; x_wconf 79' lang='grc' dir='ltr'>θεοῦ</span> <span class='ocrx_word' id='word_1_44' title='bbox 301 868 679 940; x_wconf 77' lang='grc' dir='ltr'><strong>προσηγορίαν</strong></span> <span class='ocrx_word' id='word_1_45' title='bbox 712 868 1046 931; x_wconf 79' lang='grc' dir='ltr'><strong>ἀνατιθεῖσα,</strong></span> <span class='ocrx_word' id='word_1_46' title='bbox 1072 868 1166 920; x_wconf 79' lang='grc' dir='ltr'>καὶ</span> <span class='ocrx_word' id='word_1_47' title='bbox 1195 869 1330 937; x_wconf 87' lang='grc' dir='ltr'>μόνα</span> <span class='ocrx_word' id='word_1_48' title='bbox 1364 868 1533 922; x_wconf 79' lang='grc' dir='ltr'>ταῦτα</span> <span class='ocrx_word' id='word_1_49' title='bbox 1564 869 1717 933; x_wconf 82' lang='grc' dir='ltr'>δοξά-</span> 
     </span>
    </p>
   </div>
   <div class='ocr_carea' id='block_1_8' title="bbox 188 956 1712 1028">
    <p class='ocr_par' dir='ltr' id='par_1_8' title="bbox 188 956 1712 1028">
     <span class='ocr_line' id='line_1_8' title="bbox 188 956 1712 1028; baseline 0 -17"><span class='ocrx_word' id='word_1_50' title='bbox 188 959 324 1023; x_wconf 76' lang='grc' dir='ltr'>ζουσα,</span> <span class='ocrx_word' id='word_1_51' title='bbox 352 956 498 1026; x_wconf 76' lang='grc' dir='ltr'>ἀπερ</span> <span class='ocrx_word' id='word_1_52' title='bbox 531 956 679 1028; x_wconf 81' lang='grc' dir='ltr'>αὑτὴ</span> <span class='ocrx_word' id='word_1_53' title='bbox 729 956 975 1026; x_wconf 82' lang='grc' dir='ltr'>βούλεται</span> <span class='ocrx_word' id='word_1_54' title='bbox 1009 956 1141 1026; x_wconf 63' lang='grc'>(44),</span> <span class='ocrx_word' id='word_1_55' title='bbox 1178 958 1271 1010; x_wconf 77' lang='grc' dir='ltr'>καὶ</span> <span class='ocrx_word' id='word_1_56' title='bbox 1299 957 1375 1024; x_wconf 85' lang='grc' dir='ltr'>ὡς</span> <span class='ocrx_word' id='word_1_57' title='bbox 1419 959 1551 1028; x_wconf 66' lang='grc' dir='ltr'><strong>⁴ἡδέα</strong></span> <span class='ocrx_word' id='word_1_58' title='bbox 1590 960 1712 1028; x_wconf 79' lang='grc' dir='ltr'>ὁρᾷ.</span> 
     </span>
    </p>
   </div>
   <div class='ocr_carea' id='block_1_9' title="bbox 187 1046 1711 1120">
    <p class='ocr_par' dir='ltr' id='par_1_9' title="bbox 187 1046 1711 1120">
     <span class='ocr_line' id='line_1_9' title="bbox 187 1046 1711 1120; baseline 0.001 -19"><span class='ocrx_word' id='word_1_59' title='bbox 187 1050 458 1120; x_wconf 82' lang='grc' dir='ltr'>Προηγεῖται</span> <span class='ocrx_word' id='word_1_60' title='bbox 478 1047 669 1101; x_wconf 82' lang='grc' dir='ltr'>τοίνυν</span> <span class='ocrx_word' id='word_1_61' title='bbox 700 1048 846 1100; x_wconf 86' lang='grc' dir='ltr'>αἰτία</span> <span class='ocrx_word' id='word_1_62' title='bbox 869 1048 964 1117; x_wconf 83' lang='grc' dir='ltr'>τῆς</span> <span class='ocrx_word' id='word_1_63' title='bbox 1004 1046 1439 1118; x_wconf 86' lang='grc' dir='ltr'>είδωλολατρείας</span> <span class='ocrx_word' id='word_1_64' title='bbox 1464 1050 1496 1118; x_wconf 83' lang='grc' dir='ltr'>ἡ</span> <span class='ocrx_word' id='word_1_65' title='bbox 1526 1049 1711 1103; x_wconf 84' lang='grc' dir='ltr'>κακία.</span> 
     </span>
    </p>
   </div>
   <div class='ocr_carea' id='block_1_10' title="bbox 188 1133 1715 1208">
    <p class='ocr_par' dir='ltr' id='par_1_10' title="bbox 188 1133 1715 1208">
     <span class='ocr_line' id='line_1_10' title="bbox 188 1133 1715 1208; baseline 0 -17"><span class='ocrx_word' id='word_1_66' title='bbox 188 1138 402 1199; x_wconf 78' lang='grc' dir='ltr'>Μαθόντες</span> <span class='ocrx_word' id='word_1_67' title='bbox 451 1138 565 1207; x_wconf 71' lang='grc' dir='ltr'>γὰρ</span> <span class='ocrx_word' id='word_1_68' title='bbox 612 1138 663 1188; x_wconf 79' lang='grc' dir='ltr'>οἱ</span> <span class='ocrx_word' id='word_1_69' title='bbox 717 1136 988 1208; x_wconf 80' lang='grc' dir='ltr'>ἄνθρωποι</span> <span class='ocrx_word' id='word_1_70' title='bbox 1039 1136 1136 1207; x_wconf 82' lang='grc' dir='ltr'>τὴν</span> <span class='ocrx_word' id='word_1_71' title='bbox 1184 1138 1283 1191; x_wconf 81' lang='grc' dir='ltr'>οὐκ</span> <span class='ocrx_word' id='word_1_72' title='bbox 1314 1133 1475 1191; x_wconf 82' lang='grc' dir='ltr'>οὖσαν</span> <span class='ocrx_word' id='word_1_73' title='bbox 1522 1139 1715 1193; x_wconf 85' lang='grc' dir='ltr'>κακίαν</span> 
     </span>
    </p>
   </div>
   <div class='ocr_carea' id='block_1_11' title="bbox 188 1228 1716 1293">
    <p class='ocr_par' dir='ltr' id='par_1_11' title="bbox 188 1228 1716 1293">
     <span class='ocr_line' id='line_1_11' title="bbox 188 1228 1716 1293; baseline -0.001 -9"><span class='ocrx_word' id='word_1_74' title='bbox 188 1233 338 1293; x_wconf 73' lang='grc' dir='ltr'>ἑαυτοῖς</span> <span class='ocrx_word' id='word_1_75' title='bbox 362 1231 626 1293; x_wconf 79' lang='grc' dir='ltr'>ἐπινοεῖν,</span> <span class='ocrx_word' id='word_1_76' title='bbox 663 1228 809 1281; x_wconf 76' lang='grc' dir='ltr'>οὕτω</span> <span class='ocrx_word' id='word_1_77' title='bbox 830 1230 921 1282; x_wconf 84' lang='grc' dir='ltr'>κα¹ι</span> <span class='ocrx_word' id='word_1_78' title='bbox 950 1231 1076 1293; x_wconf 82' lang='grc' dir='ltr'>τοὺς</span> <span class='ocrx_word' id='word_1_79' title='bbox 1104 1231 1203 1283; x_wconf 77' lang='grc' dir='ltr'><strong>οὐκ</strong></span> <span class='ocrx_word' id='word_1_80' title='bbox 1234 1230 1394 1293; x_wconf 71' lang='grc' dir='ltr'>ὖντας</span> <span class='ocrx_word' id='word_1_81' title='bbox 1416 1231 1567 1293; x_wconf 82' lang='grc' dir='ltr'>θεοὺς</span> <span class='ocrx_word' id='word_1_82' title='bbox 1596 1232 1716 1283; x_wconf 87' lang='grc' dir='ltr'>ἐαυ-</span> 
     </span>
    </p>
   </div>
   <div class='ocr_carea' id='block_1_12' title="bbox 187 1312 1711 1387">
    <p class='ocr_par' dir='ltr' id='par_1_12' title="bbox 187 1312 1711 1387">
     <span class='ocr_line' id='line_1_12' title="bbox 187 1312 1711 1387; baseline 0.001 -17"><span class='ocrx_word' id='word_1_83' title='bbox 187 1320 265 1381; x_wconf 85' lang='grc' dir='ltr'>τοῖς</span> <span class='ocrx_word' id='word_1_84' title='bbox 284 1318 674 1372; x_wconf 80' lang='grc' dir='ltr'>ἀνεπλάσαντο.</span> <span class='ocrx_word' id='word_1_85' title='bbox 708 1312 830 1370; x_wconf 79' lang='grc' dir='ltr'>Οἷον</span> <span class='ocrx_word' id='word_1_86' title='bbox 857 1318 912 1370; x_wconf 86' lang='grc' dir='ltr'>δὲ</span> <span class='ocrx_word' id='word_1_87' title='bbox 942 1318 995 1370; x_wconf 76' lang='grc' dir='ltr'>εἴ</span> <span class='ocrx_word' id='word_1_88' title='bbox 1014 1336 1119 1381; x_wconf 87' lang='grc' dir='ltr'>τις,</span> <span class='ocrx_word' id='word_1_89' title='bbox 1159 1320 1239 1382; x_wconf 88' lang='grc' dir='ltr'><strong>είς</strong></span> <span class='ocrx_word' id='word_1_90' title='bbox 1272 1318 1430 1387; x_wconf 81' lang='grc' dir='ltr'>βυθὸν</span> <span class='ocrx_word' id='word_1_91' title='bbox 1458 1318 1711 1382; x_wconf 76' lang='grc' dir='ltr'>καταδὺς,</span> 
     </span>
    </p>
   </div>
   <div class='ocr_carea' id='block_1_13' title="bbox 189 1407 1715 1480">
    <p class='ocr_par' dir='ltr' id='par_1_13' title="bbox 189 1407 1715 1480">
     <span class='ocr_line' id='line_1_13' title="bbox 189 1407 1715 1480; baseline 0.001 -20"><span class='ocrx_word' id='word_1_92' title='bbox 189 1408 330 1479; x_wconf 74' lang='grc' dir='ltr'>μηκέτι</span> <span class='ocrx_word' id='word_1_93' title='bbox 365 1410 462 1478; x_wconf 84' lang='grc' dir='ltr'>μὲν</span> <span class='ocrx_word' id='word_1_94' title='bbox 500 1409 698 1477; x_wconf 79' lang='grc' dir='ltr'>βλέποι</span> <span class='ocrx_word' id='word_1_95' title='bbox 735 1408 845 1479; x_wconf 73' lang='grc' dir='ltr'>(ιδ)</span> <span class='ocrx_word' id='word_1_96' title='bbox 880 1407 940 1461; x_wconf 85' lang='grc' dir='ltr'>τὸ</span> <span class='ocrx_word' id='word_1_97' title='bbox 971 1410 1105 1477; x_wconf 82' lang='grc' dir='ltr'>φῶς,</span> <span class='ocrx_word' id='word_1_98' title='bbox 1138 1410 1273 1480; x_wconf 82' lang='grc' dir='ltr'>μηδὲ</span> <span class='ocrx_word' id='word_1_99' title='bbox 1297 1411 1365 1463; x_wconf 82' lang='grc' dir='ltr'>τὰ</span> <span class='ocrx_word' id='word_1_100' title='bbox 1390 1412 1446 1462; x_wconf 84' lang='grc' dir='ltr'>ὲν</span> <span class='ocrx_word' id='word_1_101' title='bbox 1473 1409 1551 1479; x_wconf 82' lang='grc' dir='ltr'>τῷ</span> <span class='ocrx_word' id='word_1_102' title='bbox 1579 1410 1715 1477; x_wconf 81' lang='grc' dir='ltr'>φωτὶ</span> 
     </span>
    </p>
   </div>
   <div class='ocr_carea' id='block_1_14' title="bbox 188 1499 1717 1572">
    <p class='ocr_par' dir='ltr' id='par_1_14' title="bbox 188 1499 1717 1572">
     <span class='ocr_line' id='line_1_14' title="bbox 188 1499 1717 1572; baseline 0.001 -19"><span class='ocrx_word' id='word_1_103' title='bbox 188 1502 454 1571; x_wconf 70' lang='grc' dir='ltr'>φαινόμενα,</span> <span class='ocrx_word' id='word_1_104' title='bbox 482 1499 575 1553; x_wconf 81' lang='grc' dir='ltr'><strong>διὰ</strong></span> <span class='ocrx_word' id='word_1_105' title='bbox 603 1500 667 1553; x_wconf 79' lang='grc' dir='ltr'>τὸ</span> <span class='ocrx_word' id='word_1_106' title='bbox 697 1501 806 1553; x_wconf 86' lang='grc' dir='ltr'><strong>τῶν</strong></span> <span class='ocrx_word' id='word_1_107' title='bbox 818 1500 1111 1571; x_wconf 77' lang='grc' dir='ltr'><strong>ὀφθαλμῶν</strong></span> <span class='ocrx_word' id='word_1_108' title='bbox 1144 1502 1307 1555; x_wconf 84' lang='grc' dir='ltr'>αὑτοῦ</span> <span class='ocrx_word' id='word_1_109' title='bbox 1338 1502 1471 1572; x_wconf 78' lang='grc' dir='ltr'>πρὸς</span> <span class='ocrx_word' id='word_1_110' title='bbox 1492 1501 1552 1552; x_wconf 86' lang='grc' dir='ltr'>τὸ</span> <span class='ocrx_word' id='word_1_111' title='bbox 1568 1500 1717 1554; x_wconf 87' lang='grc' dir='ltr'>κάτω</span> 
     </span>
    </p>
   </div>
   <div class='ocr_carea' id='block_1_15' title="bbox 186 1592 1716 1664">
    <p class='ocr_par' dir='ltr' id='par_1_15' title="bbox 186 1592 1716 1664">
     <span class='ocr_line' id='line_1_15' title="bbox 186 1592 1716 1664; baseline 0.001 -19"><span class='ocrx_word' id='word_1_112' title='bbox 186 1594 330 1662; x_wconf 76' lang='grc' dir='ltr'>νεῦμα,</span> <span class='ocrx_word' id='word_1_113' title='bbox 380 1595 475 1647; x_wconf 75' lang='grc' dir='ltr'><strong>καὶ</strong></span> <span class='ocrx_word' id='word_1_114' title='bbox 528 1594 635 1664; x_wconf 80' lang='grc' dir='ltr'><strong>τὴν</strong></span> <span class='ocrx_word' id='word_1_115' title='bbox 691 1594 785 1646; x_wconf 82' lang='grc' dir='ltr'>τοῦ</span> <span class='ocrx_word' id='word_1_116' title='bbox 828 1592 1015 1656; x_wconf 79' lang='grc' dir='ltr'>ὓδατος</span> <span class='ocrx_word' id='word_1_117' title='bbox 1074 1594 1426 1664; x_wconf 80' lang='grc' dir='ltr'>ἐπικειμένην</span> <span class='ocrx_word' id='word_1_118' title='bbox 1466 1594 1716 1663; x_wconf 77' lang='grc' dir='ltr'>ἐπίχυσιν</span> 
     </span>
    </p>
   </div>
   <div class='ocr_carea' id='block_1_16' title="bbox 188 1684 1714 1756">
    <p class='ocr_par' dir='ltr' id='par_1_16' title="bbox 188 1684 1714 1756">
     <span class='ocr_line' id='line_1_16' title="bbox 188 1684 1714 1756; baseline 0.001 -19"><span class='ocrx_word' id='word_1_119' title='bbox 188 1685 316 1755; x_wconf 68' lang='grc' dir='ltr'>αὐτῷ·</span> <span class='ocrx_word' id='word_1_120' title='bbox 356 1686 495 1756; x_wconf 82' lang='grc' dir='ltr'>μόνα</span> <span class='ocrx_word' id='word_1_121' title='bbox 526 1685 584 1737; x_wconf 85' lang='grc' dir='ltr'>δὲ</span> <span class='ocrx_word' id='word_1_122' title='bbox 608 1685 681 1738; x_wconf 73' lang='grc' dir='ltr'>τὰ</span> <span class='ocrx_word' id='word_1_123' title='bbox 730 1687 788 1739; x_wconf 86' lang='grc' dir='ltr'><strong>ἐν</strong></span> <span class='ocrx_word' id='word_1_124' title='bbox 834 1684 910 1754; x_wconf 81' lang='grc' dir='ltr'>τῷ</span> <span class='ocrx_word' id='word_1_125' title='bbox 956 1684 1102 1755; x_wconf 83' lang='grc' dir='ltr'>βυθῷ</span> <span class='ocrx_word' id='word_1_126' title='bbox 1134 1685 1468 1755; x_wconf 76' lang='grc' dir='ltr'>αἰσθόμενος,</span> <span class='ocrx_word' id='word_1_127' title='bbox 1506 1685 1714 1755; x_wconf 73' lang='grc' dir='ltr'>νομίζοι</span> 
     </span>
    </p>
   </div>
   <div class='ocr_carea' id='block_1_17' title="bbox 186 1769 1713 1845">
    <p class='ocr_par' dir='ltr' id='par_1_17' title="bbox 186 1769 1713 1845">
     <span class='ocr_line' id='line_1_17' title="bbox 186 1769 1713 1845; baseline 0.001 -20"><span class='ocrx_word' id='word_1_128' title='bbox 186 1774 303 1828; x_wconf 67' lang='grc' dir='ltr'>πλέον</span> <span class='ocrx_word' id='word_1_129' title='bbox 329 1775 493 1845; x_wconf 84' lang='grc' dir='ltr'>μηδὲν</span> <span class='ocrx_word' id='word_1_130' title='bbox 532 1775 767 1827; x_wconf 77' lang='grc' dir='ltr'>ἐκείνων</span> <span class='ocrx_word' id='word_1_131' title='bbox 806 1769 964 1839; x_wconf 83' lang='grc' dir='ltr'>εἶναι,</span> <span class='ocrx_word' id='word_1_132' title='bbox 1001 1773 1114 1827; x_wconf 85' lang='grc' dir='ltr'>ἀλλ’</span> <span class='ocrx_word' id='word_1_133' title='bbox 1154 1775 1292 1828; x_wconf 82' lang='grc' dir='ltr'>αὐτὰ</span> <span class='ocrx_word' id='word_1_134' title='bbox 1323 1774 1389 1828; x_wconf 85' lang='grc' dir='ltr'><strong>τὰ</strong></span> <span class='ocrx_word' id='word_1_135' title='bbox 1418 1775 1713 1845; x_wconf 79' lang='grc' dir='ltr'>φαινόμενα</span> 
     </span>
    </p>
   </div>
   <div class='ocr_carea' id='block_1_18' title="bbox 186 1862 1694 1936">
    <p class='ocr_par' dir='ltr' id='par_1_18' title="bbox 186 1862 1694 1936">
     <span class='ocr_line' id='line_1_18' title="bbox 186 1862 1694 1936; baseline 0 -18"><span class='ocrx_word' id='word_1_136' title='bbox 186 1866 290 1936; x_wconf 68' lang='grc' dir='ltr'>αὐτῷ</span> <span class='ocrx_word' id='word_1_137' title='bbox 310 1868 414 1919; x_wconf 86' lang='grc' dir='ltr'><strong>τῶν</strong></span> <span class='ocrx_word' id='word_1_138' title='bbox 446 1868 620 1919; x_wconf 79' lang='grc' dir='ltr'>ὅντων</span> <span class='ocrx_word' id='word_1_139' title='bbox 649 1862 883 1919; x_wconf 74' lang='grc' dir='ltr'>εἶναιτὰ</span> <span class='ocrx_word' id='word_1_140' title='bbox 910 1866 1073 1936; x_wconf 79' lang='grc' dir='ltr'>κύρια</span> <span class='ocrx_word' id='word_1_141' title='bbox 1093 1883 1106 1895; x_wconf 76' lang='grc' dir='ltr'>ο</span> <span class='ocrx_word' id='word_1_142' title='bbox 1152 1865 1296 1918; x_wconf 75' lang='grc' dir='ltr'><strong>οὕτω</strong></span> <span class='ocrx_word' id='word_1_143' title='bbox 1325 1866 1416 1918; x_wconf 78' lang='grc' dir='ltr'>καὶ</span> <span class='ocrx_word' id='word_1_144' title='bbox 1456 1868 1503 1918; x_wconf 86' lang='grc' dir='ltr'><strong>οἱ</strong></span> <span class='ocrx_word' id='word_1_145' title='bbox 1550 1865 1694 1919; x_wconf 85' lang='grc' dir='ltr'><strong>πάλα</strong></span> 
     </span>
    </p>
   </div>
   <div class='ocr_carea' id='block_1_19' title="bbox 185 1956 1717 2029">
    <p class='ocr_par' dir='ltr' id='par_1_19' title="bbox 185 1956 1717 2029">
     <span class='ocr_line' id='line_1_19' title="bbox 185 1956 1717 2029; baseline 0.001 -21"><span class='ocrx_word' id='word_1_146' title='bbox 185 1957 262 2009; x_wconf 83' lang='grc' dir='ltr'><strong>τῶν</strong></span> <span class='ocrx_word' id='word_1_147' title='bbox 288 1957 582 2029; x_wconf 74' lang='grc' dir='ltr'>ἀνθρώπιον</span> <span class='ocrx_word' id='word_1_148' title='bbox 607 1957 982 2027; x_wconf 79' lang='grc' dir='ltr'>παράφρονες,</span> <span class='ocrx_word' id='word_1_149' title='bbox 1016 1956 1340 2019; x_wconf 80' lang='grc' dir='ltr'>καταδύντες</span> <span class='ocrx_word' id='word_1_150' title='bbox 1372 1958 1449 2019; x_wconf 86' lang='grc' dir='ltr'><strong>είς</strong></span> <span class='ocrx_word' id='word_1_151' title='bbox 1480 1956 1577 2019; x_wconf 70' lang='grc' dir='ltr'>τὰς</span> <span class='ocrx_word' id='word_1_152' title='bbox 1610 1956 1717 2009; x_wconf 86' lang='grc' dir='ltr'><strong>τῶν</strong></span> 
     </span>
    </p>
   </div>
   <div class='ocr_carea' id='block_1_20' title="bbox 186 2047 1721 2119">
    <p class='ocr_par' dir='ltr' id='par_1_20' title="bbox 186 2047 1721 2119">
     <span class='ocr_line' id='line_1_20' title="bbox 186 2047 1721 2119; baseline 0.001 -20"><span class='ocrx_word' id='word_1_153' title='bbox 186 2050 414 2118; x_wconf 73' lang='grc' dir='ltr'>σαρκικῶν</span> <span class='ocrx_word' id='word_1_154' title='bbox 435 2049 547 2119; x_wconf 65' lang='grc'>(46)</span> <span class='ocrx_word' id='word_1_155' title='bbox 577 2048 881 2119; x_wconf 82' lang='grc' dir='ltr'>ἐπιθυμίας</span> <span class='ocrx_word' id='word_1_156' title='bbox 910 2049 1003 2100; x_wconf 76' lang='grc' dir='ltr'>καὶ</span> <span class='ocrx_word' id='word_1_157' title='bbox 1048 2047 1365 2117; x_wconf 83' lang='grc' dir='ltr'>φαντασίας,</span> <span class='ocrx_word' id='word_1_158' title='bbox 1401 2048 1492 2100; x_wconf 73' lang='grc' dir='ltr'>καὶ</span> <span class='ocrx_word' id='word_1_159' title='bbox 1534 2048 1721 2101; x_wconf 80' lang='grc' dir='ltr'>ἐπιλα-</span> 
     </span>
    </p>
   </div>
   <div class='ocr_carea' id='block_1_21' title="bbox 186 2138 1720 2211">
    <p class='ocr_par' dir='ltr' id='par_1_21' title="bbox 186 2138 1720 2211">
     <span class='ocr_line' id='line_1_21' title="bbox 186 2138 1720 2211; baseline -0.002 -18"><span class='ocrx_word' id='word_1_160' title='bbox 186 2140 352 2209; x_wconf 78' lang='grc' dir='ltr'>θὸμενοι</span> <span class='ocrx_word' id='word_1_161' title='bbox 379 2141 479 2210; x_wconf 76' lang='grc' dir='ltr'>τῆς</span> <span class='ocrx_word' id='word_1_162' title='bbox 502 2142 633 2211; x_wconf 60' lang='grc' dir='ltr'><strong>περ)⁸</strong></span> <span class='ocrx_word' id='word_1_163' title='bbox 660 2139 802 2192; x_wconf 80' lang='grc' dir='ltr'>Θεοῦ</span> <span class='ocrx_word' id='word_1_164' title='bbox 836 2139 1041 2201; x_wconf 89' lang='grc' dir='ltr'>ἐννοίας</span> <span class='ocrx_word' id='word_1_165' title='bbox 1068 2139 1162 2192; x_wconf 76' lang='grc' dir='ltr'>καὶ</span> <span class='ocrx_word' id='word_1_166' title='bbox 1187 2138 1361 2208; x_wconf 78' lang='grc' dir='ltr'>δόξης,</span> <span class='ocrx_word' id='word_1_167' title='bbox 1384 2138 1607 2209; x_wconf 83' lang='grc' dir='ltr'>ἀμυδρῷ</span> <span class='ocrx_word' id='word_1_168' title='bbox 1641 2138 1720 2208; x_wconf 81' lang='grc' dir='ltr'><strong>τῷ</strong></span> 
     </span>
    </p>
   </div>
   <div class='ocr_carea' id='block_1_22' title="bbox 184 2229 1714 2303">
    <p class='ocr_par' dir='ltr' id='par_1_22' title="bbox 184 2229 1714 2303">
     <span class='ocr_line' id='line_1_22' title="bbox 184 2229 1714 2303; baseline 0.003 -21"><span class='ocrx_word' id='word_1_169' title='bbox 184 2230 402 2303; x_wconf 75' lang='grc' dir='ltr'>λογισμῷ,</span> <span class='ocrx_word' id='word_1_170' title='bbox 454 2232 659 2302; x_wconf 78' lang='grc' dir='ltr'>μᾶλλον</span> <span class='ocrx_word' id='word_1_171' title='bbox 706 2232 765 2283; x_wconf 82' lang='grc' dir='ltr'>δὲ</span> <span class='ocrx_word' id='word_1_172' title='bbox 808 2231 997 2302; x_wconf 81' lang='grc' dir='ltr'>ἀλογίᾳ</span> <span class='ocrx_word' id='word_1_173' title='bbox 1034 2230 1389 2301; x_wconf 78' lang='grc' dir='ltr'>χρησάμενοι,</span> <span class='ocrx_word' id='word_1_174' title='bbox 1432 2229 1714 2297; x_wconf 52' lang='grc' dir='ltr'>τὰφαινό-</span> 
     </span>
    </p>
   </div>
   <div class='ocr_carea' id='block_1_23' title="bbox 187 2319 1717 2392">
    <p class='ocr_par' dir='ltr' id='par_1_23' title="bbox 187 2319 1717 2392">
     <span class='ocr_line' id='line_1_23' title="bbox 187 2319 1717 2392; baseline -0.001 -19"><span class='ocrx_word' id='word_1_175' title='bbox 187 2340 285 2391; x_wconf 76' lang='grc' dir='ltr'>μενα</span> <span class='ocrx_word' id='word_1_176' title='bbox 318 2324 464 2386; x_wconf 79' lang='grc' dir='ltr'>θεοὺς</span> <span class='ocrx_word' id='word_1_177' title='bbox 492 2321 940 2383; x_wconf 81' lang='grc' dir='ltr'>ἀνετυπώσαντο,</span> <span class='ocrx_word' id='word_1_178' title='bbox 968 2321 1062 2392; x_wconf 86' lang='grc' dir='ltr'><strong>τὴν</strong></span> <span class='ocrx_word' id='word_1_179' title='bbox 1088 2320 1265 2372; x_wconf 88' lang='grc' dir='ltr'>κτίσιν</span> <span class='ocrx_word' id='word_1_180' title='bbox 1293 2319 1443 2390; x_wconf 86' lang='grc' dir='ltr'><strong>παρά</strong></span> <span class='ocrx_word' id='word_1_181' title='bbox 1475 2319 1566 2372; x_wconf 81' lang='grc' dir='ltr'><strong>τὸν</strong></span> <span class='ocrx_word' id='word_1_182' title='bbox 1601 2319 1717 2373; x_wconf 88' lang='grc' dir='ltr'>κτί-</span> 
     </span>
    </p>
   </div>
   <div class='ocr_carea' id='block_1_24' title="bbox 186 2410 1717 2484">
    <p class='ocr_par' dir='ltr' id='par_1_24' title="bbox 186 2410 1717 2484">
     <span class='ocr_line' id='line_1_24' title="bbox 186 2410 1717 2484; baseline -0.001 -19"><span class='ocrx_word' id='word_1_183' title='bbox 186 2431 316 2467; x_wconf 74' lang='grc' dir='ltr'>σαντα</span> <span class='ocrx_word' id='word_1_184' title='bbox 342 2415 670 2480; x_wconf 75' lang='grc' dir='ltr'>δοξάζοντες,</span> <span class='ocrx_word' id='word_1_185' title='bbox 709 2415 803 2467; x_wconf 77' lang='grc' dir='ltr'>καὶ</span> <span class='ocrx_word' id='word_1_186' title='bbox 834 2414 901 2466; x_wconf 84' lang='grc' dir='ltr'><strong>τά</strong></span> <span class='ocrx_word' id='word_1_187' title='bbox 934 2413 1068 2484; x_wconf 77' lang='grc' dir='ltr'>ἔργα</span> <span class='ocrx_word' id='word_1_188' title='bbox 1096 2413 1295 2483; x_wconf 76' lang='grc' dir='ltr'>μᾶλλον</span> <span class='ocrx_word' id='word_1_189' title='bbox 1338 2410 1717 2475; x_wconf 77' lang='grc' dir='ltr'>ἐκθειάζοντες</span> 
     </span>
    </p>
   </div>
   <div class='ocr_carea' id='block_1_25' title="bbox 185 2500 1718 2575">
    <p class='ocr_par' dir='ltr' id='par_1_25' title="bbox 185 2500 1718 2575">
     <span class='ocr_line' id='line_1_25' title="bbox 185 2500 1718 2575; baseline -0.002 -20"><span class='ocrx_word' id='word_1_190' title='bbox 185 2505 291 2575; x_wconf 66' lang='grc' dir='ltr'>ἤπερ</span> <span class='ocrx_word' id='word_1_191' title='bbox 328 2506 409 2557; x_wconf 84' lang='grc' dir='ltr'><strong>τὸν</strong></span> <span class='ocrx_word' id='word_1_192' title='bbox 447 2505 656 2557; x_wconf 72' lang='grc' dir='ltr'>τούτων</span> <span class='ocrx_word' id='word_1_193' title='bbox 711 2505 888 2558; x_wconf 78' lang='grc' dir='ltr'>αἴτιον</span> <span class='ocrx_word' id='word_1_194' title='bbox 936 2504 1029 2557; x_wconf 77' lang='grc' dir='ltr'>καὶ</span> <span class='ocrx_word' id='word_1_195' title='bbox 1076 2503 1405 2574; x_wconf 81' lang='grc' dir='ltr'>δημιουργὸν</span> <span class='ocrx_word' id='word_1_196' title='bbox 1453 2500 1718 2570; x_wconf 86' lang='grc' dir='ltr'>δεσπότην</span> 
     </span>
    </p>
   </div>
   <div class='ocr_carea' id='block_1_26' title="bbox 184 2593 1717 2667">
    <p class='ocr_par' dir='ltr' id='par_1_26' title="bbox 184 2593 1717 2667">
     <span class='ocr_line' id='line_1_26' title="bbox 184 2593 1717 2667; baseline -0.001 -21"><span class='ocrx_word' id='word_1_197' title='bbox 184 2596 303 2649; x_wconf 79' lang='grc' dir='ltr'>θεόν,</span> <span class='ocrx_word' id='word_1_198' title='bbox 336 2598 534 2665; x_wconf 84' lang='grc' dir='ltr'>Ὠσπερ</span> <span class='ocrx_word' id='word_1_199' title='bbox 568 2597 626 2649; x_wconf 84' lang='grc' dir='ltr'>δὲ</span> <span class='ocrx_word' id='word_1_200' title='bbox 651 2596 797 2649; x_wconf 86' lang='grc' dir='ltr'><strong>κατά</strong></span> <span class='ocrx_word' id='word_1_201' title='bbox 829 2597 889 2649; x_wconf 85' lang='grc' dir='ltr'>τὸ</span> <span class='ocrx_word' id='word_1_202' title='bbox 908 2594 1201 2666; x_wconf 83' lang='grc' dir='ltr'>προλεχθέν</span> <span class='ocrx_word' id='word_1_203' title='bbox 1241 2594 1612 2667; x_wconf 87' lang='grc' dir='ltr'>παράδειγμα,</span> <span class='ocrx_word' id='word_1_204' title='bbox 1667 2593 1717 2646; x_wconf 82' lang='lat' dir='ltr'><strong>0i</strong></span> 
     </span>
    </p>
   </div>
   <div class='ocr_carea' id='block_1_27' title="bbox 186 2685 1721 2756">
    <p class='ocr_par' dir='ltr' id='par_1_27' title="bbox 186 2685 1721 2756">
     <span class='ocr_line' id='line_1_27' title="bbox 186 2685 1721 2756; baseline 0.001 -21"><span class='ocrx_word' id='word_1_205' title='bbox 186 2688 241 2747; x_wconf 79' lang='grc' dir='ltr'><strong>είς</strong></span> <span class='ocrx_word' id='word_1_206' title='bbox 265 2686 348 2739; x_wconf 79' lang='grc' dir='ltr'>τὸν</span> <span class='ocrx_word' id='word_1_207' title='bbox 386 2686 539 2756; x_wconf 81' lang='grc' dir='ltr'>βυθὸν</span> <span class='ocrx_word' id='word_1_208' title='bbox 575 2686 996 2755; x_wconf 85' lang='grc' dir='ltr'>καταδυόμενοι,</span> <span class='ocrx_word' id='word_1_209' title='bbox 1038 2687 1148 2756; x_wconf 82' lang='grc' dir='ltr'><strong>ὅσῳ</strong></span> <span class='ocrx_word' id='word_1_210' title='bbox 1208 2685 1409 2756; x_wconf 78' lang='grc' dir='ltr'>μᾶλλον</span> <span class='ocrx_word' id='word_1_211' title='bbox 1458 2686 1721 2737; x_wconf 85' lang='grc' dir='ltr'>ἐπικατα-</span> 
     </span>
    </p>
   </div>
   <div class='ocr_carea' id='block_1_28' title="bbox 186 2774 1719 2847">
    <p class='ocr_par' dir='ltr' id='par_1_28' title="bbox 186 2774 1719 2847">
     <span class='ocr_line' id='line_1_28' title="bbox 186 2774 1719 2847; baseline -0.003 -16"><span class='ocrx_word' id='word_1_212' title='bbox 186 2780 405 2839; x_wconf 67' lang='grc' dir='ltr'>εαίνουσι,</span> <span class='ocrx_word' id='word_1_213' title='bbox 436 2779 697 2833; x_wconf 79' lang='grc' dir='ltr'>τοσοῦτον</span> <span class='ocrx_word' id='word_1_214' title='bbox 726 2779 839 2845; x_wconf 73' lang='grc' dir='ltr'>ι47)</span> <span class='ocrx_word' id='word_1_215' title='bbox 877 2779 955 2839; x_wconf 88' lang='grc' dir='ltr'><strong>εἰς</strong></span> <span class='ocrx_word' id='word_1_216' title='bbox 992 2779 1060 2830; x_wconf 77' lang='grc' dir='ltr'>τὰ</span> <span class='ocrx_word' id='word_1_217' title='bbox 1098 2777 1395 2830; x_wconf 90' lang='grc' dir='ltr'>σκοτεινότε</span> <span class='ocrx_word' id='word_1_218' title='bbox 1407 2793 1473 2847; x_wconf 86' lang='grc' dir='ltr'><strong>ρα</strong></span> <span class='ocrx_word' id='word_1_219' title='bbox 1500 2776 1592 2828; x_wconf 76' lang='grc' dir='ltr'><strong>καὶ</strong></span> <span class='ocrx_word' id='word_1_220' title='bbox 1623 2774 1719 2843; x_wconf 86' lang='grc' dir='ltr'>βα-</span> 
     </span>
    </p>
   </div>
   <div class='ocr_carea' id='block_1_29' title="bbox 187 2864 1719 2940">
    <p class='ocr_par' dir='ltr' id='par_1_29' title="bbox 187 2864 1719 2940">
     <span class='ocr_line' id='line_1_29' title="bbox 187 2864 1719 2940; baseline -0.002 -22"><span class='ocrx_word' id='word_1_221' title='bbox 187 2866 348 2939; x_wconf 77' lang='grc' dir='ltr'>θύτερα</span> <span class='ocrx_word' id='word_1_222' title='bbox 372 2868 611 2940; x_wconf 81' lang='grc' dir='ltr'>ὁρμῶσιν</span> <span class='ocrx_word' id='word_1_223' title='bbox 637 2885 651 2898; x_wconf 71' lang='grc' dir='ltr'><strong>ο</strong></span> <span class='ocrx_word' id='word_1_224' title='bbox 693 2867 837 2921; x_wconf 73' lang='grc' dir='ltr'>οὓτω</span> <span class='ocrx_word' id='word_1_225' title='bbox 858 2866 1028 2921; x_wconf 77' lang='grc' dir='ltr'>καὶτὸ</span> <span class='ocrx_word' id='word_1_226' title='bbox 1048 2864 1464 2935; x_wconf 85' lang='grc' dir='ltr'>τῶνάνθρώπων</span> <span class='ocrx_word' id='word_1_227' title='bbox 1487 2864 1719 2916; x_wconf 87' lang='grc' dir='ltr'>πέπονθε</span> 
     </span>
    </p>
   </div>
   <div class='ocr_carea' id='block_1_30' title="bbox 185 2954 1720 3031">
    <p class='ocr_par' dir='ltr' id='par_1_30' title="bbox 185 2954 1720 3031">
     <span class='ocr_line' id='line_1_30' title="bbox 185 2954 1720 3031; baseline -0.001 -22"><span class='ocrx_word' id='word_1_228' title='bbox 185 2960 325 3024; x_wconf 74' lang='grc' dir='ltr'>γένος.</span> <span class='ocrx_word' id='word_1_229' title='bbox 345 2962 412 3012; x_wconf 68' lang='lat' dir='ltr'><strong>Uti</strong></span> <span class='ocrx_word' id='word_1_230' title='bbox 440 2960 548 3031; x_wconf 80' lang='grc' dir='ltr'><strong>γὰρ</strong></span> <span class='ocrx_word' id='word_1_231' title='bbox 573 2959 764 3028; x_wconf 83' lang='grc' dir='ltr'>ἁπλῆν</span> <span class='ocrx_word' id='word_1_232' title='bbox 800 2958 955 3027; x_wconf 76' lang='grc' dir='ltr'>ἔσχον</span> <span class='ocrx_word' id='word_1_233' title='bbox 989 2958 1087 3027; x_wconf 84' lang='grc' dir='ltr'>τὴν</span> <span class='ocrx_word' id='word_1_234' title='bbox 1119 2956 1577 3027; x_wconf 86' lang='grc' dir='ltr'>εἰδωλολατρείαν,</span> <span class='ocrx_word' id='word_1_235' title='bbox 1601 2954 1720 3007; x_wconf 86' lang='grc' dir='ltr'>οὐδὲ</span> 
     </span>
    </p>
   </div>
   <div class='ocr_carea' id='block_1_31' title="bbox 186 3044 1719 3121">
    <p class='ocr_par' dir='ltr' id='par_1_31' title="bbox 186 3044 1719 3121">
     <span class='ocr_line' id='line_1_31' title="bbox 186 3044 1719 3121; baseline 0.001 -23"><span class='ocrx_word' id='word_1_236' title='bbox 186 3050 255 3116; x_wconf 50' lang='grc' dir='ltr'>ἀρ’</span> <span class='ocrx_word' id='word_1_237' title='bbox 282 3044 346 3103; x_wconf 80' lang='grc' dir='ltr'>ὧν</span> <span class='ocrx_word' id='word_1_238' title='bbox 374 3052 621 3121; x_wconf 67' lang='grc' dir='ltr'>ἧρξαντο,</span> <span class='ocrx_word' id='word_1_239' title='bbox 651 3052 710 3102; x_wconf 84' lang='grc' dir='ltr'><strong>ἐν</strong></span> <span class='ocrx_word' id='word_1_240' title='bbox 735 3049 946 3112; x_wconf 79' lang='grc' dir='ltr'>τούτοις</span> <span class='ocrx_word' id='word_1_241' title='bbox 971 3050 1063 3102; x_wconf 73' lang='grc' dir='ltr'><strong>καὶ</strong></span> <span class='ocrx_word' id='word_1_242' title='bbox 1092 3048 1362 3119; x_wconf 85' lang='grc' dir='ltr'>διέμειναν</span> <span class='ocrx_word' id='word_1_243' title='bbox 1388 3064 1400 3077; x_wconf 93' lang='grc'><strong>·</strong></span> <span class='ocrx_word' id='word_1_244' title='bbox 1454 3048 1567 3100; x_wconf 82' lang='grc' dir='ltr'>ἀλλ’</span> <span class='ocrx_word' id='word_1_245' title='bbox 1598 3048 1719 3101; x_wconf 85' lang='grc' dir='ltr'>ὅσον</span> 
     </span>
    </p>
   </div>
   <div class='ocr_carea' id='block_1_32' title="bbox 186 3140 1714 3213">
    <p class='ocr_par' dir='ltr' id='par_1_32' title="bbox 186 3140 1714 3213">
     <span class='ocr_line' id='line_1_32' title="bbox 186 3140 1714 3213; baseline 0 -20"><span class='ocrx_word' id='word_1_246' title='bbox 186 3145 272 3204; x_wconf 84' lang='grc' dir='ltr'>τοῖς</span> <span class='ocrx_word' id='word_1_247' title='bbox 300 3143 512 3213; x_wconf 82' lang='grc' dir='ltr'>πρώτοις</span> <span class='ocrx_word' id='word_1_248' title='bbox 553 3144 920 3213; x_wconf 76' lang='grc' dir='ltr'>ἐνεχρόνιζον,</span> <span class='ocrx_word' id='word_1_249' title='bbox 951 3142 1199 3195; x_wconf 81' lang='grc' dir='ltr'>τοσοῦτον</span> <span class='ocrx_word' id='word_1_250' title='bbox 1232 3143 1440 3206; x_wconf 77' lang='grc' dir='ltr'>ἑαυτοῖς</span> <span class='ocrx_word' id='word_1_251' title='bbox 1469 3140 1714 3194; x_wconf 85' lang='grc' dir='ltr'>καινοτέ-</span> 
     </span>
    </p>
   </div>
   <div class='ocr_carea' id='block_1_33' title="bbox 189 3232 1717 3306">
    <p class='ocr_par' dir='ltr' id='par_1_33' title="bbox 189 3232 1717 3306">
     <span class='ocr_line' id='line_1_33' title="bbox 189 3232 1717 3306; baseline 0 -21"><span class='ocrx_word' id='word_1_252' title='bbox 189 3249 265 3299; x_wconf 70' lang='grc' dir='ltr'><strong>ρας</strong></span> <span class='ocrx_word' id='word_1_253' title='bbox 298 3234 391 3304; x_wconf 69' lang='grc'>(48)</span> <span class='ocrx_word' id='word_1_254' title='bbox 430 3235 764 3306; x_wconf 69' lang='grc' dir='ltr'>ἐῳεύρισκον</span> <span class='ocrx_word' id='word_1_255' title='bbox 806 3234 1222 3302; x_wconf 85' lang='grc' dir='ltr'>δεισιδαιμονίας</span> <span class='ocrx_word' id='word_1_256' title='bbox 1245 3250 1257 3263; x_wconf 86' lang='grc'>·</span> <span class='ocrx_word' id='word_1_257' title='bbox 1309 3233 1403 3285; x_wconf 72' lang='grc' dir='ltr'>καὶ</span> <span class='ocrx_word' id='word_1_258' title='bbox 1459 3233 1618 3303; x_wconf 86' lang='grc' dir='ltr'>κόρον</span> <span class='ocrx_word' id='word_1_259' title='bbox 1657 3232 1717 3285; x_wconf 86' lang='grc' dir='ltr'>οὐ</span> 
     </span>
    </p>
   </div>
   <div class='ocr_carea' id='block_1_34' title="bbox 188 3324 1718 3398">
    <p class='ocr_par' dir='ltr' id='par_1_34' title="bbox 188 3324 1718 3398">
     <span class='ocr_line' id='line_1_34' title="bbox 188 3324 1718 3398; baseline 0.003 -24"><span class='ocrx_word' id='word_1_260' title='bbox 188 3324 495 3395; x_wconf 74' lang='grc' dir='ltr'>λαμϐάνοντες</span> <span class='ocrx_word' id='word_1_261' title='bbox 518 3328 631 3381; x_wconf 91' lang='grc' dir='ltr'><strong>τῶν</strong></span> <span class='ocrx_word' id='word_1_262' title='bbox 662 3328 919 3398; x_wconf 78' lang='grc' dir='ltr'>πρώτων,</span> <span class='ocrx_word' id='word_1_263' title='bbox 939 3328 1115 3391; x_wconf 81' lang='grc' dir='ltr'>ἄλλοις</span> <span class='ocrx_word' id='word_1_264' title='bbox 1132 3328 1290 3381; x_wconf 81' lang='grc' dir='ltr'>πάλιν</span> <span class='ocrx_word' id='word_1_265' title='bbox 1318 3326 1718 3394; x_wconf 78' lang='grc' dir='ltr'>ἐνεπίμπλαντο</span> 
     </span>
    </p>
   </div>
   <div class='ocr_carea' id='block_1_35' title="bbox 187 3418 1717 3491">
    <p class='ocr_par' dir='ltr' id='par_1_35' title="bbox 187 3418 1717 3491">
     <span class='ocr_line' id='line_1_35' title="bbox 187 3418 1717 3491; baseline 0.001 -24"><span class='ocrx_word' id='word_1_266' title='bbox 187 3422 350 3483; x_wconf 69' lang='grc' dir='ltr'>κακοῖς,</span> <span class='ocrx_word' id='word_1_267' title='bbox 379 3422 785 3491; x_wconf 81' lang='grc' dir='ltr'>προκόπτοντες</span> <span class='ocrx_word' id='word_1_268' title='bbox 812 3420 871 3471; x_wconf 83' lang='grc' dir='ltr'><strong>ἐν</strong></span> <span class='ocrx_word' id='word_1_269' title='bbox 908 3422 1019 3482; x_wconf 87' lang='grc' dir='ltr'>τοῖς</span> <span class='ocrx_word' id='word_1_270' title='bbox 1052 3419 1367 3489; x_wconf 81' lang='grc' dir='ltr'>αἰσχίστοις,</span> <span class='ocrx_word' id='word_1_271' title='bbox 1408 3420 1500 3471; x_wconf 77' lang='grc' dir='ltr'>καὶ</span> <span class='ocrx_word' id='word_1_272' title='bbox 1538 3418 1717 3471; x_wconf 85' lang='grc' dir='ltr'>πλεῖον</span> 
     </span>
    </p>
   </div>
   <div class='ocr_carea' id='block_1_36' title="bbox 189 3508 1717 3581">
    <p class='ocr_par' dir='ltr' id='par_1_36' title="bbox 189 3508 1717 3581">
     <span class='ocr_line' id='line_1_36' title="bbox 189 3508 1717 3581; baseline 0.002 -22"><span class='ocrx_word' id='word_1_273' title='bbox 189 3508 350 3563; x_wconf 67' lang='grc' dir='ltr'>ἑαυτῶν</span> <span class='ocrx_word' id='word_1_274' title='bbox 373 3512 783 3573; x_wconf 85' lang='grc' dir='ltr'>ἐπεκτείνοντες</span> <span class='ocrx_word' id='word_1_275' title='bbox 808 3510 905 3581; x_wconf 81' lang='grc' dir='ltr'>τὴν</span> <span class='ocrx_word' id='word_1_276' title='bbox 936 3510 1210 3563; x_wconf 79' lang='grc' dir='ltr'>ἀσέϐειαν.</span> <span class='ocrx_word' id='word_1_277' title='bbox 1248 3510 1418 3564; x_wconf 84' lang='grc' dir='ltr'><strong>Τοῦτο</strong></span> <span class='ocrx_word' id='word_1_278' title='bbox 1463 3511 1519 3562; x_wconf 86' lang='grc' dir='ltr'><strong>δέ</strong></span> <span class='ocrx_word' id='word_1_279' title='bbox 1557 3511 1649 3563; x_wconf 71' lang='grc' dir='ltr'>καὶ</span> <span class='ocrx_word' id='word_1_280' title='bbox 1684 3511 1717 3581; x_wconf 84' lang='grc' dir='ltr'>ἠ</span> 
     </span>
    </p>
   </div>
   <div class='ocr_carea' id='block_1_37' title="bbox 188 3597 1721 3674">
    <p class='ocr_par' dir='ltr' id='par_1_37' title="bbox 188 3597 1721 3674">
     <span class='ocr_line' id='line_1_37' title="bbox 188 3597 1721 3674; baseline 0.006 -25"><span class='ocrx_word' id='word_1_281' title='bbox 188 3597 278 3651; x_wconf 73' lang='grc' dir='ltr'>θεία</span> <span class='ocrx_word' id='word_1_282' title='bbox 304 3603 474 3673; x_wconf 70' lang='grc' dir='ltr'>Γραςρὴ</span> <span class='ocrx_word' id='word_1_283' title='bbox 500 3602 846 3674; x_wconf 82' lang='grc' dir='ltr'>μαρτύρεται</span> <span class='ocrx_word' id='word_1_284' title='bbox 880 3602 1110 3669; x_wconf 79' lang='grc' dir='ltr'>λέγουσα</span> <span class='ocrx_word' id='word_1_285' title='bbox 1133 3620 1145 3633; x_wconf 81' lang='grc'><em>’</em></span> <span class='ocrx_word' id='word_1_286' title='bbox 1183 3604 1361 3656; x_wconf 82' lang='grc' dir='ltr'>Ὅταν</span> <span class='ocrx_word' id='word_1_287' title='bbox 1403 3604 1551 3672; x_wconf 74' lang='grc' dir='ltr'><strong>ἔλθῃ</strong></span> <span class='ocrx_word' id='word_1_288' title='bbox 1583 3604 1721 3657; x_wconf 78' lang='grc' dir='ltr'>ἀσε-</span> 
     </span>
    </p>
   </div>
   <div class='ocr_carea' id='block_1_38' title="bbox 190 3690 1265 3761">
    <p class='ocr_par' dir='ltr' id='par_1_38' title="bbox 190 3690 1265 3761">
     <span class='ocr_line' id='line_1_38' title="bbox 190 3690 1265 3761; baseline 0.005 -21"><span class='ocrx_word' id='word_1_289' title='bbox 190 3690 274 3757; x_wconf 69' lang='grc' dir='ltr'>ϐὴς</span> <span class='ocrx_word' id='word_1_290' title='bbox 303 3696 377 3758; x_wconf 84' lang='grc' dir='ltr'>εὶς</span> <span class='ocrx_word' id='word_1_291' title='bbox 394 3694 585 3760; x_wconf 78' lang='grc' dir='ltr'>βάθος</span> <span class='ocrx_word' id='word_1_292' title='bbox 630 3692 857 3759; x_wconf 80' lang='grc' dir='ltr'>κακῶν,</span> <span class='ocrx_word' id='word_1_293' title='bbox 891 3694 1265 3761; x_wconf 57' lang='grc' dir='ltr'>καταφρονεῖ.</span> 
     </span>
    </p>
   </div>
   <div class='ocr_carea' id='block_1_39' title="bbox 1816 596 3381 669">
    <p class='ocr_par' dir='ltr' id='par_1_39' title="bbox 1816 596 3381 669">
     <span class='ocr_line' id='line_1_39' title="bbox 1816 596 3381 669; baseline 0.006 -18"><span class='ocrx_word' id='word_1_294' title='bbox 1816 601 1992 669; x_wconf 85' lang='lat' dir='ltr'><strong>plena,</strong></span> <span class='ocrx_word' id='word_1_295' title='bbox 2029 599 2285 666; x_wconf 80' lang='lat' dir='ltr'><strong>falsisque</strong></span> <span class='ocrx_word' id='word_1_296' title='bbox 2332 596 2679 665; x_wconf 87' lang='lat' dir='ltr'><strong>opinionibus</strong></span> <span class='ocrx_word' id='word_1_297' title='bbox 2725 612 2859 668; x_wconf 89' lang='lat' dir='ltr'><strong>quas</strong></span> <span class='ocrx_word' id='word_1_298' title='bbox 2906 599 2971 653; x_wconf 90' lang='lat' dir='ltr'><strong>de</strong></span> <span class='ocrx_word' id='word_1_299' title='bbox 3031 600 3136 657; x_wconf 86' lang='lat' dir='ltr'><strong>illis</strong></span> <span class='ocrx_word' id='word_1_300' title='bbox 3168 600 3381 661; x_wconf 91' lang='lat' dir='ltr'><strong>imbibit</strong></span> 
     </span>
    </p>
   </div>
   <div class='ocr_carea' id='block_1_40' title="bbox 1816 690 3380 763">
    <p class='ocr_par' dir='ltr' id='par_1_40' title="bbox 1816 690 3380 763">
     <span class='ocr_line' id='line_1_40' title="bbox 1816 690 3380 763; baseline 0.004 -18"><span class='ocrx_word' id='word_1_301' title='bbox 1816 691 2159 752; x_wconf 87' lang='lat' dir='ltr'><strong>conturbata,</strong></span> <span class='ocrx_word' id='word_1_302' title='bbox 2187 694 2403 742; x_wconf 89' lang='lat' dir='ltr'><strong>demum</strong></span> <span class='ocrx_word' id='word_1_303' title='bbox 2448 702 2608 758; x_wconf 85' lang='lat' dir='ltr'><strong>quem</strong></span> <span class='ocrx_word' id='word_1_304' title='bbox 2662 698 2841 743; x_wconf 92' lang='lat' dir='ltr'><strong>mente</strong></span> <span class='ocrx_word' id='word_1_305' title='bbox 2883 690 3047 747; x_wconf 79' lang='lat' dir='ltr'><strong>oblita</strong></span> <span class='ocrx_word' id='word_1_306' title='bbox 3074 703 3156 748; x_wconf 88' lang='lat' dir='ltr'><strong>est</strong></span> <span class='ocrx_word' id='word_1_307' title='bbox 3189 695 3380 763; x_wconf 89' lang='lat' dir='ltr'><strong>Deum,</strong></span> 
     </span>
    </p>
   </div>
   <div class='ocr_carea' id='block_1_41' title="bbox 1815 779 3380 850">
    <p class='ocr_par' dir='ltr' id='par_1_41' title="bbox 1815 779 3380 850">
     <span class='ocr_line' id='line_1_41' title="bbox 1815 779 3380 850; baseline 0.003 -13"><span class='ocrx_word' id='word_1_308' title='bbox 1815 783 1959 837; x_wconf 87' lang='lat' dir='ltr'><strong>hunc</strong></span> <span class='ocrx_word' id='word_1_309' title='bbox 1984 782 2158 850; x_wconf 92' lang='lat' dir='ltr'><strong>ipsum</strong></span> <span class='ocrx_word' id='word_1_310' title='bbox 2186 782 2236 834; x_wconf 92' lang='lat' dir='ltr'><strong>iu</strong></span> <span class='ocrx_word' id='word_1_311' title='bbox 2272 779 2548 849; x_wconf 86' lang='lat' dir='ltr'><strong>corporeis</strong></span> <span class='ocrx_word' id='word_1_312' title='bbox 2578 789 2633 835; x_wconf 90' lang='lat' dir='ltr'><strong>et</strong></span> <span class='ocrx_word' id='word_1_313' title='bbox 2671 780 3021 838; x_wconf 88' lang='lat' dir='ltr'><strong>sensibilibus</strong></span> <span class='ocrx_word' id='word_1_314' title='bbox 3048 787 3213 841; x_wconf 85' lang='lat' dir='ltr'><strong>rebus</strong></span> <span class='ocrx_word' id='word_1_315' title='bbox 3234 802 3380 841; x_wconf 89' lang='lat' dir='ltr'><strong>com-</strong></span> 
     </span>
    </p>
   </div>
   <div class='ocr_carea' id='block_1_42' title="bbox 1818 884 3385 959">
    <p class='ocr_par' dir='ltr' id='par_1_42' title="bbox 1818 884 3385 959">
     <span class='ocr_line' id='line_1_42' title="bbox 1818 884 3385 959; baseline 0.006 -20"><span class='ocrx_word' id='word_1_316' title='bbox 1818 896 1997 940; x_wconf 86' lang='lat' dir='ltr'><strong>menta</strong></span> <span class='ocrx_word' id='word_1_317' title='bbox 2032 894 2154 940; x_wconf 89' lang='lat' dir='ltr'><strong>est:</strong></span> <span class='ocrx_word' id='word_1_318' title='bbox 2188 886 2329 939; x_wconf 87' lang='lat' dir='ltr'><strong>unde</strong></span> <span class='ocrx_word' id='word_1_319' title='bbox 2369 884 2463 939; x_wconf 85' lang='lat' dir='ltr'><strong>Dei</strong></span> <span class='ocrx_word' id='word_1_320' title='bbox 2505 885 2724 940; x_wconf 90' lang='lat' dir='ltr'><strong>nomine</strong></span> <span class='ocrx_word' id='word_1_321' title='bbox 2752 887 2916 943; x_wconf 86' lang='lat' dir='ltr'><strong>rebus</strong></span> <span class='ocrx_word' id='word_1_322' title='bbox 2968 892 3385 959; x_wconf 88' lang='lat' dir='ltr'><strong>aspectabilibus</strong></span> 
     </span>
    </p>
   </div>
   <div class='ocr_carea' id='block_1_43' title="bbox 1816 975 3383 1051">
    <p class='ocr_par' dir='ltr' id='par_1_43' title="bbox 1816 975 3383 1051">
     <span class='ocr_line' id='line_1_43' title="bbox 1816 975 3383 1051; baseline 0.005 -20"><span class='ocrx_word' id='word_1_323' title='bbox 1816 978 2097 1039; x_wconf 85' lang='lat' dir='ltr'><strong>attribute,</strong></span> <span class='ocrx_word' id='word_1_324' title='bbox 2144 975 2253 1029; x_wconf 89' lang='lat' dir='ltr'><strong>sola</strong></span> <span class='ocrx_word' id='word_1_325' title='bbox 2288 990 2348 1029; x_wconf 88' lang='lat' dir='ltr'><strong>ea</strong></span> <span class='ocrx_word' id='word_1_326' title='bbox 2400 976 2751 1045; x_wconf 73' lang='lat' dir='ltr'><strong>amplectitur</strong></span> <span class='ocrx_word' id='word_1_327' title='bbox 2776 988 2833 1033; x_wconf 87' lang='lat' dir='ltr'><strong>et</strong></span> <span class='ocrx_word' id='word_1_328' title='bbox 2876 980 3081 1048; x_wconf 77' lang='lat' dir='ltr'><strong>cogitat</strong></span> <span class='ocrx_word' id='word_1_329' title='bbox 3113 997 3234 1051; x_wconf 57' lang='lat' dir='ltr'><strong>quas</strong></span> <span class='ocrx_word' id='word_1_330' title='bbox 3280 985 3383 1039; x_wconf 89' lang='lat' dir='ltr'><strong>sibi</strong></span> 
     </span>
    </p>
   </div>
   <div class='ocr_carea' id='block_1_44' title="bbox 1816 1066 3386 1143">
    <p class='ocr_par' dir='ltr' id='par_1_44' title="bbox 1816 1066 3386 1143">
     <span class='ocr_line' id='line_1_44' title="bbox 1816 1066 3386 1143; baseline 0.005 -21"><span class='ocrx_word' id='word_1_331' title='bbox 1816 1068 2048 1139; x_wconf 87' lang='lat' dir='ltr'><strong>placent,</strong></span> <span class='ocrx_word' id='word_1_332' title='bbox 2078 1076 2135 1121; x_wconf 90' lang='lat' dir='ltr'><strong>et</strong></span> <span class='ocrx_word' id='word_1_333' title='bbox 2188 1077 2244 1120; x_wconf 92' lang='lat' dir='ltr'><strong>ut</strong></span> <span class='ocrx_word' id='word_1_334' title='bbox 2298 1066 2533 1129; x_wconf 86' lang='lat' dir='ltr'><strong>jucunda</strong></span> <span class='ocrx_word' id='word_1_335' title='bbox 2571 1068 2819 1138; x_wconf 85' lang='lat' dir='ltr'><strong>suspicit.</strong></span> <span class='ocrx_word' id='word_1_336' title='bbox 2871 1070 3048 1125; x_wconf 85' lang='lat' dir='ltr'><strong>Prima</strong></span> <span class='ocrx_word' id='word_1_337' title='bbox 3078 1088 3209 1143; x_wconf 86' lang='lat' dir='ltr'><strong>ergo</strong></span> <span class='ocrx_word' id='word_1_338' title='bbox 3272 1075 3386 1130; x_wconf 91' lang='lat' dir='ltr'><strong>ido-</strong></span> 
     </span>
    </p>
   </div>
   <div class='ocr_carea' id='block_1_45' title="bbox 1817 1160 3388 1223">
    <p class='ocr_par' dir='ltr' id='par_1_45' title="bbox 1817 1160 3388 1223">
     <span class='ocr_line' id='line_1_45' title="bbox 1817 1160 3388 1223; baseline 0.005 -8"><span class='ocrx_word' id='word_1_339' title='bbox 1817 1160 2044 1215; x_wconf 72' lang='lat' dir='ltr'><strong>lolatria:</strong></span> <span class='ocrx_word' id='word_1_340' title='bbox 2082 1173 2245 1214; x_wconf 89' lang='lat' dir='ltr'><strong>causa</strong></span> <span class='ocrx_word' id='word_1_341' title='bbox 2288 1170 2370 1211; x_wconf 90' lang='lat' dir='ltr'><strong>est</strong></span> <span class='ocrx_word' id='word_1_342' title='bbox 2418 1161 2649 1215; x_wconf 90' lang='lat' dir='ltr'><strong>malitia.</strong></span> <span class='ocrx_word' id='word_1_343' title='bbox 2684 1162 2753 1217; x_wconf 88' lang='lat' dir='ltr'><strong>Ut</strong></span> <span class='ocrx_word' id='word_1_344' title='bbox 2786 1164 2931 1217; x_wconf 89' lang='lat' dir='ltr'><strong>enim</strong></span> <span class='ocrx_word' id='word_1_345' title='bbox 2968 1164 3214 1223; x_wconf 87' lang='lat' dir='ltr'><strong>homines</strong></span> <span class='ocrx_word' id='word_1_346' title='bbox 3272 1184 3388 1223; x_wconf 89' lang='lat' dir='ltr'><strong>ma-</strong></span> 
     </span>
    </p>
   </div>
   <div class='ocr_carea' id='block_1_46' title="bbox 1816 1251 3387 1331">
    <p class='ocr_par' dir='ltr' id='par_1_46' title="bbox 1816 1251 3387 1331">
     <span class='ocr_line' id='line_1_46' title="bbox 1816 1251 3387 1331; baseline 0.006 -26"><span class='ocrx_word' id='word_1_347' title='bbox 1816 1253 2014 1318; x_wconf 90' lang='lat' dir='ltr'><strong>litiam,</strong></span> <span class='ocrx_word' id='word_1_348' title='bbox 2074 1266 2195 1320; x_wconf 64' lang='lat' dir='ltr'><strong>quae</strong></span> <span class='ocrx_word' id='word_1_349' title='bbox 2256 1251 2395 1304; x_wconf 94' lang='lat' dir='ltr'><strong>nulla</strong></span> <span class='ocrx_word' id='word_1_350' title='bbox 2446 1266 2535 1306; x_wconf 83' lang='lat' dir='ltr'><strong>res</strong></span> <span class='ocrx_word' id='word_1_351' title='bbox 2592 1264 2697 1318; x_wconf 91' lang='lat' dir='ltr'><strong>est,</strong></span> <span class='ocrx_word' id='word_1_352' title='bbox 2735 1255 2838 1310; x_wconf 89' lang='lat' dir='ltr'><strong>sibi</strong></span> <span class='ocrx_word' id='word_1_353' title='bbox 2891 1257 3026 1326; x_wconf 87' lang='lat' dir='ltr'><strong>ipsis</strong></span> <span class='ocrx_word' id='word_1_354' title='bbox 3079 1259 3387 1331; x_wconf 79' lang='lat' dir='ltr'><strong>conﬁngere</strong></span> 
     </span>
    </p>
   </div>
   <div class='ocr_carea' id='block_1_47' title="bbox 1815 1357 3388 1432">
    <p class='ocr_par' dir='ltr' id='par_1_47' title="bbox 1815 1357 3388 1432">
     <span class='ocr_line' id='line_1_47' title="bbox 1815 1357 3388 1432; baseline 0.003 -19"><span class='ocrx_word' id='word_1_355' title='bbox 1815 1357 2147 1420; x_wconf 78' lang='lat' dir='ltr'><strong>didicerunt,</strong></span> <span class='ocrx_word' id='word_1_356' title='bbox 2184 1358 2262 1411; x_wconf 89' lang='lat' dir='ltr'><strong>sic</strong></span> <span class='ocrx_word' id='word_1_357' title='bbox 2290 1368 2345 1410; x_wconf 89' lang='lat' dir='ltr'><strong>et</strong></span> <span class='ocrx_word' id='word_1_358' title='bbox 2370 1358 2522 1423; x_wconf 87' lang='lat' dir='ltr'><strong>deos,</strong></span> <span class='ocrx_word' id='word_1_359' title='bbox 2560 1358 2649 1427; x_wconf 90' lang='lat' dir='ltr'><strong>qui</strong></span> <span class='ocrx_word' id='word_1_360' title='bbox 2692 1359 2823 1412; x_wconf 88' lang='lat' dir='ltr'><strong>nulli</strong></span> <span class='ocrx_word' id='word_1_361' title='bbox 2854 1371 2999 1426; x_wconf 89' lang='lat' dir='ltr'><strong>sunt,</strong></span> <span class='ocrx_word' id='word_1_362' title='bbox 3042 1362 3139 1415; x_wconf 87' lang='lat' dir='ltr'><strong>sibi</strong></span> <span class='ocrx_word' id='word_1_363' title='bbox 3173 1378 3388 1432; x_wconf 75' lang='lat' dir='ltr'><strong>quoque</strong></span> 
     </span>
    </p>
   </div>
   <div class='ocr_carea' id='block_1_48' title="bbox 1816 1448 3383 1522">
    <p class='ocr_par' dir='ltr' id='par_1_48' title="bbox 1816 1448 3383 1522">
     <span class='ocr_line' id='line_1_48' title="bbox 1816 1448 3383 1522; baseline 0.002 -19"><span class='ocrx_word' id='word_1_364' title='bbox 1816 1449 2107 1503; x_wconf 87' lang='lat' dir='ltr'><strong>commenti</strong></span> <span class='ocrx_word' id='word_1_365' title='bbox 2162 1458 2310 1503; x_wconf 92' lang='lat' dir='ltr'><strong>sunt.</strong></span> <span class='ocrx_word' id='word_1_366' title='bbox 2360 1448 2505 1502; x_wconf 91' lang='lat' dir='ltr'><strong>Idem</strong></span> <span class='ocrx_word' id='word_1_367' title='bbox 2561 1448 2806 1519; x_wconf 81' lang='lat' dir='ltr'><strong>profecto</strong></span> <span class='ocrx_word' id='word_1_368' title='bbox 2844 1460 2929 1505; x_wconf 88' lang='lat' dir='ltr'><strong>est</strong></span> <span class='ocrx_word' id='word_1_369' title='bbox 2971 1467 3033 1506; x_wconf 87' lang='lat' dir='ltr'><strong>ac</strong></span> <span class='ocrx_word' id='word_1_370' title='bbox 3089 1454 3133 1506; x_wconf 89' lang='lat' dir='ltr'><strong>si</strong></span> <span class='ocrx_word' id='word_1_371' title='bbox 3183 1454 3301 1522; x_wconf 84' lang='lat' dir='ltr'><strong>quis</strong></span> <span class='ocrx_word' id='word_1_372' title='bbox 3331 1455 3383 1507; x_wconf 91' lang='lat' dir='ltr'><strong>in</strong></span> 
     </span>
    </p>
   </div>
   <div class='ocr_carea' id='block_1_49' title="bbox 1817 1540 3389 1611">
    <p class='ocr_par' dir='ltr' id='par_1_49' title="bbox 1817 1540 3389 1611">
     <span class='ocr_line' id='line_1_49' title="bbox 1817 1540 3389 1611; baseline 0.004 -17"><span class='ocrx_word' id='word_1_373' title='bbox 1817 1540 2146 1609; x_wconf 84' lang='lat' dir='ltr'><strong>profundum</strong></span> <span class='ocrx_word' id='word_1_374' title='bbox 2211 1541 2492 1595; x_wconf 88' lang='lat' dir='ltr'><strong>demersus</strong></span> <span class='ocrx_word' id='word_1_375' title='bbox 2543 1556 2645 1595; x_wconf 89' lang='lat' dir='ltr'><strong>nec</strong></span> <span class='ocrx_word' id='word_1_376' title='bbox 2695 1541 2870 1596; x_wconf 90' lang='lat' dir='ltr'><strong>lucem</strong></span> <span class='ocrx_word' id='word_1_377' title='bbox 2929 1557 3027 1597; x_wconf 90' lang='lat' dir='ltr'><strong>nec</strong></span> <span class='ocrx_word' id='word_1_378' title='bbox 3084 1559 3203 1611; x_wconf 73' lang='lat' dir='ltr'><strong>qua:</strong></span> <span class='ocrx_word' id='word_1_379' title='bbox 3268 1544 3389 1601; x_wconf 85' lang='lat' dir='ltr'><strong>luce</strong></span> 
     </span>
    </p>
   </div>
   <div class='ocr_carea' id='block_1_50' title="bbox 1816 1632 3389 1704">
    <p class='ocr_par' dir='ltr' id='par_1_50' title="bbox 1816 1632 3389 1704">
     <span class='ocr_line' id='line_1_50' title="bbox 1816 1632 3389 1704; baseline 0.004 -19"><span class='ocrx_word' id='word_1_380' title='bbox 1816 1632 2228 1701; x_wconf 80' lang='lat' dir='ltr'><strong>conspiciuntur</strong></span> <span class='ocrx_word' id='word_1_381' title='bbox 2282 1632 2486 1687; x_wconf 90' lang='lat' dir='ltr'><strong>videret</strong></span> <span class='ocrx_word' id='word_1_382' title='bbox 2525 1634 2745 1704; x_wconf 82' lang='lat' dir='ltr'><strong>(quippe</strong></span> <span class='ocrx_word' id='word_1_383' title='bbox 2801 1648 2921 1689; x_wconf 89' lang='lat' dir='ltr'><strong>cum</strong></span> <span class='ocrx_word' id='word_1_384' title='bbox 2968 1635 3084 1703; x_wconf 85' lang='lat' dir='ltr'><strong>ejus</strong></span> <span class='ocrx_word' id='word_1_385' title='bbox 3123 1636 3258 1689; x_wconf 87' lang='lat' dir='ltr'><strong>oculi</strong></span> <span class='ocrx_word' id='word_1_386' title='bbox 3294 1638 3389 1691; x_wconf 82' lang='lat' dir='ltr'><strong>de-</strong></span> 
     </span>
    </p>
   </div>
   <div class='ocr_carea' id='block_1_51' title="bbox 1816 1722 3391 1792">
    <p class='ocr_par' dir='ltr' id='par_1_51' title="bbox 1816 1722 3391 1792">
     <span class='ocr_line' id='line_1_51' title="bbox 1816 1722 3391 1792; baseline 0.001 -16"><span class='ocrx_word' id='word_1_387' title='bbox 1816 1737 2001 1777; x_wconf 86' lang='lat' dir='ltr'><strong>orsum</strong></span> <span class='ocrx_word' id='word_1_388' title='bbox 2061 1722 2393 1789; x_wconf 83' lang='lat' dir='ltr'><strong>aspicerent,</strong></span> <span class='ocrx_word' id='word_1_389' title='bbox 2418 1731 2473 1774; x_wconf 92' lang='lat' dir='ltr'><strong>et</strong></span> <span class='ocrx_word' id='word_1_390' title='bbox 2526 1722 2642 1789; x_wconf 87' lang='lat' dir='ltr'><strong>ipse</strong></span> <span class='ocrx_word' id='word_1_391' title='bbox 2699 1737 2966 1792; x_wconf 89' lang='lat' dir='ltr'><strong>aquarum</strong></span> <span class='ocrx_word' id='word_1_392' title='bbox 3015 1723 3152 1778; x_wconf 89' lang='lat' dir='ltr'><strong>mole</strong></span> <span class='ocrx_word' id='word_1_393' title='bbox 3199 1724 3391 1778; x_wconf 80' lang='lat' dir='ltr'><strong>obruo-</strong></span> 
     </span>
    </p>
   </div>
   <div class='ocr_carea' id='block_1_52' title="bbox 1700 1827 3389 1918">
    <p class='ocr_par' dir='ltr' id='par_1_52' title="bbox 1700 1827 3389 1918">
     <span class='ocr_line' id='line_1_52' title="bbox 1700 1827 3389 1918; baseline 0.001 -37"><span class='ocrx_word' id='word_1_394' title='bbox 1700 1827 1715 1918; x_wconf 33' lang='grc' dir='ltr'><strong>έ</strong></span> <span class='ocrx_word' id='word_1_395' title='bbox 1746 1851 1788 1905; x_wconf 74' lang='grc' dir='ltr'><strong>Β</strong></span> <span class='ocrx_word' id='word_1_396' title='bbox 1822 1838 1970 1882; x_wconf 91' lang='lat' dir='ltr'><strong>retur</strong></span> <span class='ocrx_word' id='word_1_397' title='bbox 1997 1828 2017 1897; x_wconf 95' lang='lat'><strong>)</strong></span> <span class='ocrx_word' id='word_1_398' title='bbox 2044 1842 2059 1890; x_wconf 88' lang='lat'><strong>;</strong></span> <span class='ocrx_word' id='word_1_399' title='bbox 2090 1827 2177 1881; x_wconf 88' lang='lat' dir='ltr'><strong>ille</strong></span> <span class='ocrx_word' id='word_1_400' title='bbox 2204 1836 2383 1879; x_wconf 87' lang='lat' dir='ltr'><strong>autem</strong></span> <span class='ocrx_word' id='word_1_401' title='bbox 2419 1827 2627 1883; x_wconf 89' lang='lat' dir='ltr'><strong>idcirco</strong></span> <span class='ocrx_word' id='word_1_402' title='bbox 2654 1829 2767 1882; x_wconf 91' lang='lat' dir='ltr'><strong>sola</strong></span> <span class='ocrx_word' id='word_1_403' title='bbox 2789 1842 2850 1881; x_wconf 90' lang='lat' dir='ltr'><strong>ea</strong></span> <span class='ocrx_word' id='word_1_404' title='bbox 2893 1843 3012 1897; x_wconf 80' lang='lat' dir='ltr'><strong>qnze</strong></span> <span class='ocrx_word' id='word_1_405' title='bbox 3047 1830 3096 1883; x_wconf 93' lang='lat' dir='ltr'><strong>in</strong></span> <span class='ocrx_word' id='word_1_406' title='bbox 3124 1831 3389 1898; x_wconf 88' lang='lat' dir='ltr'><strong>proluudo</strong></span> 
     </span>
    </p>
   </div>
   <div class='ocr_carea' id='block_1_53' title="bbox 1821 1917 3388 1987">
    <p class='ocr_par' dir='ltr' id='par_1_53' title="bbox 1821 1917 3388 1987">
     <span class='ocr_line' id='line_1_53' title="bbox 1821 1917 3388 1987; baseline 0.001 -14"><span class='ocrx_word' id='word_1_407' title='bbox 1821 1929 1945 1973; x_wconf 86' lang='lat' dir='ltr'><strong>sunt</strong></span> <span class='ocrx_word' id='word_1_408' title='bbox 1974 1932 2136 1972; x_wconf 86' lang='lat' dir='ltr'><strong>sensu</strong></span> <span class='ocrx_word' id='word_1_409' title='bbox 2181 1917 2487 1985; x_wconf 81' lang='lat' dir='ltr'><strong>percipiens</strong></span> <span class='ocrx_word' id='word_1_410' title='bbox 2513 1957 2529 1982; x_wconf 93' lang='lat'><strong>,</strong></span> <span class='ocrx_word' id='word_1_411' title='bbox 2582 1917 2718 1972; x_wconf 88' lang='lat' dir='ltr'><strong>nihil</strong></span> <span class='ocrx_word' id='word_1_412' title='bbox 2748 1929 2945 1986; x_wconf 70' lang='lat' dir='ltr'><strong>prteter</strong></span> <span class='ocrx_word' id='word_1_413' title='bbox 2980 1919 3091 1987; x_wconf 87' lang='lat' dir='ltr'><strong>ipsa</strong></span> <span class='ocrx_word' id='word_1_414' title='bbox 3123 1921 3388 1975; x_wconf 82' lang='lat' dir='ltr'><strong>exsistere</strong></span> 
     </span>
    </p>
   </div>
   <div class='ocr_carea' id='block_1_54' title="bbox 1819 2007 3384 2079">
    <p class='ocr_par' dir='ltr' id='par_1_54' title="bbox 1819 2007 3384 2079">
     <span class='ocr_line' id='line_1_54' title="bbox 1819 2007 3384 2079; baseline 0.003 -16"><span class='ocrx_word' id='word_1_415' title='bbox 1819 2024 1990 2079; x_wconf 77' lang='lat' dir='ltr'><strong>eaque</strong></span> <span class='ocrx_word' id='word_1_416' title='bbox 2021 2024 2203 2063; x_wconf 90' lang='lat' dir='ltr'><strong>rerum</strong></span> <span class='ocrx_word' id='word_1_417' title='bbox 2245 2009 2485 2063; x_wconf 90' lang='lat' dir='ltr'><strong>omnium</strong></span> <span class='ocrx_word' id='word_1_418' title='bbox 2523 2009 2791 2077; x_wconf 66' lang='lat' dir='ltr'><strong>praecipua</strong></span> <span class='ocrx_word' id='word_1_419' title='bbox 2818 2023 2935 2063; x_wconf 86' lang='lat' dir='ltr'><strong>esse</strong></span> <span class='ocrx_word' id='word_1_420' title='bbox 2980 2007 3339 2064; x_wconf 79' lang='lat' dir='ltr'><strong>arbitraretur</strong></span> <span class='ocrx_word' id='word_1_421' title='bbox 3368 2030 3384 2067; x_wconf 88' lang='lat'><strong>:</strong></span> 
     </span>
    </p>
   </div>
   <div class='ocr_carea' id='block_1_55' title="bbox 1822 2100 3387 2169">
    <p class='ocr_par' dir='ltr' id='par_1_55' title="bbox 1822 2100 3387 2169">
     <span class='ocr_line' id='line_1_55' title="bbox 1822 2100 3387 2169; baseline 0.001 -14"><span class='ocrx_word' id='word_1_422' title='bbox 1822 2102 1896 2155; x_wconf 91' lang='lat' dir='ltr'><strong>ita</strong></span> <span class='ocrx_word' id='word_1_423' title='bbox 1955 2100 2100 2155; x_wconf 88' lang='lat' dir='ltr'><strong>enim</strong></span> <span class='ocrx_word' id='word_1_424' title='bbox 2134 2100 2297 2169; x_wconf 85' lang='lat' dir='ltr'><strong>prisci</strong></span> <span class='ocrx_word' id='word_1_425' title='bbox 2345 2101 2663 2167; x_wconf 86' lang='lat' dir='ltr'><strong>insipientes</strong></span> <span class='ocrx_word' id='word_1_426' title='bbox 2693 2101 2943 2154; x_wconf 82' lang='lat' dir='ltr'><strong>homines</strong></span> <span class='ocrx_word' id='word_1_427' title='bbox 2991 2102 3079 2154; x_wconf 91' lang='lat' dir='ltr'><strong>ubi</strong></span> <span class='ocrx_word' id='word_1_428' title='bbox 3112 2102 3163 2154; x_wconf 94' lang='lat' dir='ltr'><strong>iu</strong></span> <span class='ocrx_word' id='word_1_429' title='bbox 3205 2104 3387 2158; x_wconf 88' lang='lat' dir='ltr'><strong>carnis</strong></span> 
     </span>
    </p>
   </div>
   <div class='ocr_carea' id='block_1_56' title="bbox 1818 2191 3387 2263">
    <p class='ocr_par' dir='ltr' id='par_1_56' title="bbox 1818 2191 3387 2263">
     <span class='ocr_line' id='line_1_56' title="bbox 1818 2191 3387 2263; baseline -0.001 -15"><span class='ocrx_word' id='word_1_430' title='bbox 1818 2194 2137 2263; x_wconf 84' lang='lat' dir='ltr'><strong>cupiditates</strong></span> <span class='ocrx_word' id='word_1_431' title='bbox 2158 2203 2214 2247; x_wconf 91' lang='lat' dir='ltr'><strong>et</strong></span> <span class='ocrx_word' id='word_1_432' title='bbox 2242 2191 2462 2249; x_wconf 75' lang='lat' dir='ltr'><strong>fallaces</strong></span> <span class='ocrx_word' id='word_1_433' title='bbox 2492 2192 2773 2247; x_wconf 75' lang='lat' dir='ltr'><strong>illecebras</strong></span> <span class='ocrx_word' id='word_1_434' title='bbox 2801 2192 3030 2245; x_wconf 83' lang='lat' dir='ltr'><strong>demersi</strong></span> <span class='ocrx_word' id='word_1_435' title='bbox 3079 2202 3225 2256; x_wconf 87' lang='lat' dir='ltr'><strong>sunt,</strong></span> <span class='ocrx_word' id='word_1_436' title='bbox 3262 2194 3387 2247; x_wconf 79' lang='lat' dir='ltr'><strong>Dei~</strong></span> 
     </span>
    </p>
   </div>
   <div class='ocr_carea' id='block_1_57' title="bbox 1818 2282 3385 2354">
    <p class='ocr_par' dir='ltr' id='par_1_57' title="bbox 1818 2282 3385 2354">
     <span class='ocr_line' id='line_1_57' title="bbox 1818 2282 3385 2354; baseline -0.001 -18"><span class='ocrx_word' id='word_1_437' title='bbox 1818 2300 1922 2353; x_wconf 88' lang='lat' dir='ltr'><strong>que</strong></span> <span class='ocrx_word' id='word_1_438' title='bbox 1966 2284 2213 2339; x_wconf 88' lang='lat' dir='ltr'><strong>notitiam</strong></span> <span class='ocrx_word' id='word_1_439' title='bbox 2268 2293 2322 2339; x_wconf 86' lang='lat' dir='ltr'><strong>et</strong></span> <span class='ocrx_word' id='word_1_440' title='bbox 2349 2283 2705 2354; x_wconf 78' lang='lat' dir='ltr'><strong>cognitionem</strong></span> <span class='ocrx_word' id='word_1_441' title='bbox 2740 2282 3009 2338; x_wconf 89' lang='lat' dir='ltr'><strong>oblivione</strong></span> <span class='ocrx_word' id='word_1_442' title='bbox 3050 2283 3385 2349; x_wconf 82' lang='lat' dir='ltr'><strong>deleverunt,</strong></span> 
     </span>
    </p>
   </div>
   <div class='ocr_carea' id='block_1_58' title="bbox 1818 2388 3383 2459">
    <p class='ocr_par' dir='ltr' id='par_1_58' title="bbox 1818 2388 3383 2459">
     <span class='ocr_line' id='line_1_58' title="bbox 1818 2388 3383 2459; baseline -0.001 -18"><span class='ocrx_word' id='word_1_443' title='bbox 1818 2392 2007 2445; x_wconf 75' lang='lat' dir='ltr'><strong>obtusa</strong></span> <span class='ocrx_word' id='word_1_444' title='bbox 2038 2391 2246 2445; x_wconf 89' lang='lat' dir='ltr'><strong>ratione</strong></span> <span class='ocrx_word' id='word_1_445' title='bbox 2272 2432 2288 2455; x_wconf 94' lang='lat'><strong>,</strong></span> <span class='ocrx_word' id='word_1_446' title='bbox 2312 2390 2394 2445; x_wconf 91' lang='lat' dir='ltr'><strong>vel</strong></span> <span class='ocrx_word' id='word_1_447' title='bbox 2435 2389 2612 2459; x_wconf 92' lang='lat' dir='ltr'><strong>potius</strong></span> <span class='ocrx_word' id='word_1_448' title='bbox 2640 2389 2691 2458; x_wconf 84' lang='grc'><strong>7</strong></span> <span class='ocrx_word' id='word_1_449' title='bbox 2717 2389 2941 2443; x_wconf 86' lang='lat' dir='ltr'><strong>rationis</strong></span> <span class='ocrx_word' id='word_1_450' title='bbox 2959 2398 3207 2457; x_wconf 81' lang='lat' dir='ltr'><strong>expertes</strong></span> <span class='ocrx_word' id='word_1_451' title='bbox 3234 2388 3383 2453; x_wconf 79' lang='lat' dir='ltr'><strong>facti,</strong></span> 
     </span>
    </p>
   </div>
   <div class='ocr_carea' id='block_1_59' title="bbox 1820 2481 3390 2553">
    <p class='ocr_par' dir='ltr' id='par_1_59' title="bbox 1820 2481 3390 2553">
     <span class='ocr_line' id='line_1_59' title="bbox 1820 2481 3390 2553; baseline -0.003 -15"><span class='ocrx_word' id='word_1_452' title='bbox 1820 2483 2300 2553; x_wconf 80' lang='lat' dir='ltr'><strong>res&#39;aspectabiles</strong></span> <span class='ocrx_word' id='word_1_453' title='bbox 2319 2484 2447 2536; x_wconf 85' lang='lat' dir='ltr'><strong>deos</strong></span> <span class='ocrx_word' id='word_1_454' title='bbox 2474 2496 2597 2536; x_wconf 90' lang='lat' dir='ltr'><strong>esse</strong></span> <span class='ocrx_word' id='word_1_455' title='bbox 2629 2482 2920 2546; x_wconf 79' lang='lat' dir='ltr'><strong>tinxerunt,</strong></span> <span class='ocrx_word' id='word_1_456' title='bbox 2949 2481 3390 2549; x_wconf 53' lang='lat' dir='ltr'><strong>ipsamquecrea—</strong></span> 
     </span>
    </p>
   </div>
   <div class='ocr_carea' id='block_1_60' title="bbox 1820 2572 3388 2643">
    <p class='ocr_par' dir='ltr' id='par_1_60' title="bbox 1820 2572 3388 2643">
     <span class='ocr_line' id='line_1_60' title="bbox 1820 2572 3388 2643; baseline -0.003 -12"><span class='ocrx_word' id='word_1_457' title='bbox 1820 2588 1929 2631; x_wconf 88' lang='lat' dir='ltr'><strong>tam</strong></span> <span class='ocrx_word' id='word_1_458' title='bbox 1960 2587 2209 2630; x_wconf 89' lang='lat' dir='ltr'><strong>naturam</strong></span> <span class='ocrx_word' id='word_1_459' title='bbox 2236 2590 2345 2643; x_wconf 69' lang='lat' dir='ltr'><strong>pra:</strong></span> <span class='ocrx_word' id='word_1_460' title='bbox 2375 2575 2483 2629; x_wconf 89' lang='lat' dir='ltr'><strong>Deo</strong></span> <span class='ocrx_word' id='word_1_461' title='bbox 2515 2575 2890 2637; x_wconf 88' lang='lat' dir='ltr'><strong>honorarunt,</strong></span> <span class='ocrx_word' id='word_1_462' title='bbox 2925 2588 2986 2627; x_wconf 87' lang='lat' dir='ltr'><strong>ac</strong></span> <span class='ocrx_word' id='word_1_463' title='bbox 3020 2586 3180 2641; x_wconf 82' lang='lat' dir='ltr'><strong>opera</strong></span> <span class='ocrx_word' id='word_1_464' title='bbox 3215 2572 3388 2639; x_wconf 86' lang='lat' dir='ltr'><strong>potius</strong></span> 
     </span>
    </p>
   </div>
   <div class='ocr_carea' id='block_1_61' title="bbox 1816 2664 3383 2741">
    <p class='ocr_par' dir='ltr' id='par_1_61' title="bbox 1816 2664 3383 2741">
     <span class='ocr_line' id='line_1_61' title="bbox 1816 2664 3383 2741; baseline -0.003 -20"><span class='ocrx_word' id='word_1_465' title='bbox 1816 2670 1978 2741; x_wconf 73' lang='lat' dir='ltr'><strong>quam</strong></span> <span class='ocrx_word' id='word_1_466' title='bbox 2002 2682 2222 2738; x_wconf 89' lang='lat' dir='ltr'><strong>operum</strong></span> <span class='ocrx_word' id='word_1_467' title='bbox 2243 2678 2518 2721; x_wconf 81' lang='lat' dir='ltr'><strong>auctorem</strong></span> <span class='ocrx_word' id='word_1_468' title='bbox 2537 2676 2590 2720; x_wconf 89' lang='lat' dir='ltr'><strong>et</strong></span> <span class='ocrx_word' id='word_1_469' title='bbox 2616 2665 2859 2736; x_wconf 82' lang='lat' dir='ltr'><strong>opiﬁcem</strong></span> <span class='ocrx_word' id='word_1_470' title='bbox 2895 2665 3175 2720; x_wconf 90' lang='lat' dir='ltr'><strong>Dominum</strong></span> <span class='ocrx_word' id='word_1_471' title='bbox 3196 2664 3383 2730; x_wconf 89' lang='lat' dir='ltr'><strong>Deum,</strong></span> 
     </span>
    </p>
   </div>
   <div class='ocr_carea' id='block_1_62' title="bbox 1822 2748 3389 2827">
    <p class='ocr_par' dir='ltr' id='par_1_62' title="bbox 1822 2748 3389 2827">
     <span class='ocr_line' id='line_1_62' title="bbox 1822 2748 3389 2827; baseline -0.002 -14"><span class='ocrx_word' id='word_1_472' title='bbox 1822 2748 2091 2814; x_wconf 61' lang='lat' dir='ltr'><strong>Déftitulo</strong></span> <span class='ocrx_word' id='word_1_473' title='bbox 2122 2759 2430 2827; x_wconf 87' lang='lat' dir='ltr'><strong>divinisque</strong></span> <span class='ocrx_word' id='word_1_474' title='bbox 2460 2758 2757 2813; x_wconf 90' lang='lat' dir='ltr'><strong>honoribus</strong></span> <span class='ocrx_word' id='word_1_475' title='bbox 2781 2757 3126 2812; x_wconf 88' lang='lat' dir='ltr'><strong>decorarunt.</strong></span> <span class='ocrx_word' id='word_1_476' title='bbox 3164 2756 3229 2810; x_wconf 84' lang='lat' dir='ltr'><strong>Ut</strong></span> <span class='ocrx_word' id='word_1_477' title='bbox 3258 2770 3389 2810; x_wconf 82' lang='lat' dir='ltr'><strong>vero</strong></span> 
     </span>
    </p>
   </div>
   <div class='ocr_carea' id='block_1_63' title="bbox 1819 2847 3390 2920">
    <p class='ocr_par' dir='ltr' id='par_1_63' title="bbox 1819 2847 3390 2920">
     <span class='ocr_line' id='line_1_63' title="bbox 1819 2847 3390 2920; baseline -0.002 -16"><span class='ocrx_word' id='word_1_478' title='bbox 1819 2851 1893 2905; x_wconf 91' lang='lat' dir='ltr'><strong>illi</strong></span> <span class='ocrx_word' id='word_1_479' title='bbox 1925 2852 2040 2920; x_wconf 89' lang='lat' dir='ltr'><strong>qui,</strong></span> <span class='ocrx_word' id='word_1_480' title='bbox 2078 2853 2372 2905; x_wconf 89' lang='lat' dir='ltr'><strong>secundum</strong></span> <span class='ocrx_word' id='word_1_481' title='bbox 2425 2852 2674 2918; x_wconf 86' lang='lat' dir='ltr'><strong>superius</strong></span> <span class='ocrx_word' id='word_1_482' title='bbox 2699 2849 3003 2917; x_wconf 81' lang='lat' dir='ltr'><strong>exemplum</strong></span> <span class='ocrx_word' id='word_1_483' title='bbox 3028 2891 3041 2913; x_wconf 89' lang='lat'><strong>,</strong></span> <span class='ocrx_word' id='word_1_484' title='bbox 3071 2849 3123 2902; x_wconf 89' lang='lat' dir='ltr'><strong>iu</strong></span> <span class='ocrx_word' id='word_1_485' title='bbox 3171 2847 3390 2916; x_wconf 76' lang='lat' dir='ltr'><strong>profun-</strong></span> 
     </span>
    </p>
   </div>
   <div class='ocr_carea' id='block_1_64' title="bbox 1819 2940 3389 3009">
    <p class='ocr_par' dir='ltr' id='par_1_64' title="bbox 1819 2940 3389 3009">
     <span class='ocr_line' id='line_1_64' title="bbox 1819 2940 3389 3009; baseline -0.003 -14"><span class='ocrx_word' id='word_1_486' title='bbox 1819 2942 1944 2995; x_wconf 91' lang='lat' dir='ltr'><strong>dum</strong></span> <span class='ocrx_word' id='word_1_487' title='bbox 1978 2942 2208 2995; x_wconf 88' lang='lat' dir='ltr'><strong>demersi</strong></span> <span class='ocrx_word' id='word_1_488' title='bbox 2240 2950 2385 3003; x_wconf 90' lang='lat' dir='ltr'><strong>sunt,</strong></span> <span class='ocrx_word' id='word_1_489' title='bbox 2426 2952 2631 3009; x_wconf 90' lang='lat' dir='ltr'><strong>quanto</strong></span> <span class='ocrx_word' id='word_1_490' title='bbox 2659 2941 2830 3009; x_wconf 75' lang='lat' dir='ltr'><strong>magis</strong></span> <span class='ocrx_word' id='word_1_491' title='bbox 2859 2940 3389 3008; x_wconf 81' lang='lat' dir='ltr'><strong>progrediuntur,eo</strong></span> 
     </span>
    </p>
   </div>
   <div class='ocr_carea' id='block_1_65' title="bbox 1821 3029 3387 3102">
    <p class='ocr_par' dir='ltr' id='par_1_65' title="bbox 1821 3029 3387 3102">
     <span class='ocr_line' id='line_1_65' title="bbox 1821 3029 3387 3102; baseline -0.004 -15"><span class='ocrx_word' id='word_1_492' title='bbox 1821 3036 1872 3088; x_wconf 91' lang='lat' dir='ltr'><strong>in</strong></span> <span class='ocrx_word' id='word_1_493' title='bbox 1916 3033 2227 3089; x_wconf 84' lang='lat' dir='ltr'><strong>obscuriora</strong></span> <span class='ocrx_word' id='word_1_494' title='bbox 2260 3044 2314 3087; x_wconf 93' lang='lat' dir='ltr'><strong>et</strong></span> <span class='ocrx_word' id='word_1_495' title='bbox 2353 3033 2701 3102; x_wconf 79' lang='lat' dir='ltr'><strong>profundiora</strong></span> <span class='ocrx_word' id='word_1_496' title='bbox 2740 3031 2854 3085; x_wconf 90' lang='lat' dir='ltr'><strong>loca</strong></span> <span class='ocrx_word' id='word_1_497' title='bbox 2897 3032 3279 3099; x_wconf 86' lang='lat' dir='ltr'><strong>abripiuntur:</strong></span> <span class='ocrx_word' id='word_1_498' title='bbox 3313 3029 3387 3083; x_wconf 83' lang='lat' dir='ltr'><strong>ita</strong></span> 
     </span>
    </p>
   </div>
   <div class='ocr_carea' id='block_1_66' title="bbox 1821 3135 3387 3209">
    <p class='ocr_par' dir='ltr' id='par_1_66' title="bbox 1821 3135 3387 3209">
     <span class='ocr_line' id='line_1_66' title="bbox 1821 3135 3387 3209; baseline -0.001 -18"><span class='ocrx_word' id='word_1_499' title='bbox 1821 3156 2037 3209; x_wconf 88' lang='lat' dir='ltr'><strong>quoque</strong></span> <span class='ocrx_word' id='word_1_500' title='bbox 2063 3138 2239 3193; x_wconf 90' lang='lat' dir='ltr'><strong>simile</strong></span> <span class='ocrx_word' id='word_1_501' title='bbox 2269 3138 2536 3207; x_wconf 87' lang='lat' dir='ltr'><strong>quoddam</strong></span> <span class='ocrx_word' id='word_1_502' title='bbox 2560 3138 2795 3192; x_wconf 90' lang='lat' dir='ltr'><strong>humano</strong></span> <span class='ocrx_word' id='word_1_503' title='bbox 2830 3140 3011 3205; x_wconf 79' lang='lat' dir='ltr'><strong>generi</strong></span> <span class='ocrx_word' id='word_1_504' title='bbox 3038 3139 3252 3191; x_wconf 86' lang='lat' dir='ltr'><strong>accidit.</strong></span> <span class='ocrx_word' id='word_1_505' title='bbox 3273 3135 3387 3190; x_wconf 80' lang='lat' dir='ltr'><strong>Non</strong></span> 
     </span>
    </p>
   </div>
   <div class='ocr_carea' id='block_1_67' title="bbox 1747 3208 3390 3301">
    <p class='ocr_par' dir='ltr' id='par_1_67' title="bbox 1747 3208 3390 3301">
     <span class='ocr_line' id='line_1_67' title="bbox 1747 3208 3390 3301; baseline -0.003 -13"><span class='ocrx_word' id='word_1_506' title='bbox 1747 3208 1788 3267; x_wconf 67' lang='grc' dir='ltr'>ο</span> <span class='ocrx_word' id='word_1_507' title='bbox 1822 3233 1966 3288; x_wconf 86' lang='lat' dir='ltr'><strong>enim</strong></span> <span class='ocrx_word' id='word_1_508' title='bbox 1998 3232 2052 3287; x_wconf 90' lang='lat' dir='ltr'><strong>in</strong></span> <span class='ocrx_word' id='word_1_509' title='bbox 2085 3230 2313 3300; x_wconf 90' lang='lat' dir='ltr'><strong>simplici</strong></span> <span class='ocrx_word' id='word_1_510' title='bbox 2355 3233 2624 3285; x_wconf 68' lang='lat' dir='ltr'><strong>haeserunt</strong></span> <span class='ocrx_word' id='word_1_511' title='bbox 2672 3231 3005 3293; x_wconf 81' lang='lat' dir='ltr'><strong>idololatria,</strong></span> <span class='ocrx_word' id='word_1_512' title='bbox 3037 3248 3209 3301; x_wconf 88' lang='lat' dir='ltr'><strong>neque</strong></span> <span class='ocrx_word' id='word_1_513' title='bbox 3248 3231 3390 3283; x_wconf 88' lang='lat' dir='ltr'><strong>unde</strong></span> 
     </span>
    </p>
   </div>
   <div class='ocr_carea' id='block_1_68' title="bbox 1824 3321 3391 3392">
    <p class='ocr_par' dir='ltr' id='par_1_68' title="bbox 1824 3321 3391 3392">
     <span class='ocr_line' id='line_1_68' title="bbox 1824 3321 3391 3392; baseline -0.001 -15"><span class='ocrx_word' id='word_1_514' title='bbox 1824 3331 2139 3391; x_wconf 72' lang='lat' dir='ltr'><strong>cmperunt,</strong></span> <span class='ocrx_word' id='word_1_515' title='bbox 2192 3322 2263 3375; x_wconf 89' lang='lat' dir='ltr'><strong>ibi</strong></span> <span class='ocrx_word' id='word_1_516' title='bbox 2309 3324 2470 3376; x_wconf 89' lang='lat' dir='ltr'><strong>etiam</strong></span> <span class='ocrx_word' id='word_1_517' title='bbox 2528 3323 2879 3391; x_wconf 73' lang='lat' dir='ltr'><strong>perStiterunt</strong></span> <span class='ocrx_word' id='word_1_518' title='bbox 2925 3339 2939 3375; x_wconf 90' lang='lat'><strong>:</strong></span> <span class='ocrx_word' id='word_1_519' title='bbox 2988 3325 3079 3377; x_wconf 89' lang='lat' dir='ltr'><strong>sed</strong></span> <span class='ocrx_word' id='word_1_520' title='bbox 3131 3338 3237 3392; x_wconf 90' lang='lat' dir='ltr'><strong>quo</strong></span> <span class='ocrx_word' id='word_1_521' title='bbox 3271 3321 3391 3391; x_wconf 91' lang='lat' dir='ltr'><strong>plus</strong></span> 
     </span>
    </p>
   </div>
   <div class='ocr_carea' id='block_1_69' title="bbox 1826 3412 3388 3483">
    <p class='ocr_par' dir='ltr' id='par_1_69' title="bbox 1826 3412 3388 3483">
     <span class='ocr_line' id='line_1_69' title="bbox 1826 3412 3388 3483; baseline -0.004 -15"><span class='ocrx_word' id='word_1_522' title='bbox 1826 3412 2081 3483; x_wconf 88' lang='lat' dir='ltr'><strong>temporis</strong></span> <span class='ocrx_word' id='word_1_523' title='bbox 2106 3412 2161 3465; x_wconf 87' lang='lat' dir='ltr'><strong>in</strong></span> <span class='ocrx_word' id='word_1_524' title='bbox 2191 3412 2378 3481; x_wconf 90' lang='lat' dir='ltr'><strong>primis</strong></span> <span class='ocrx_word' id='word_1_525' title='bbox 2428 3412 2539 3466; x_wconf 89' lang='lat' dir='ltr'><strong>suis</strong></span> <span class='ocrx_word' id='word_1_526' title='bbox 2567 3412 2848 3466; x_wconf 90' lang='lat' dir='ltr'><strong>erroribus</strong></span> <span class='ocrx_word' id='word_1_527' title='bbox 2878 3426 3264 3481; x_wconf 91' lang='lat' dir='ltr'><strong>consumpsere</strong></span> <span class='ocrx_word' id='word_1_528' title='bbox 3283 3450 3298 3473; x_wconf 91' lang='lat'><strong>,</strong></span> <span class='ocrx_word' id='word_1_529' title='bbox 3324 3426 3388 3464; x_wconf 89' lang='lat' dir='ltr'><strong>en</strong></span> 
     </span>
    </p>
   </div>
   <div class='ocr_carea' id='block_1_70' title="bbox 1824 3502 3387 3574">
    <p class='ocr_par' dir='ltr' id='par_1_70' title="bbox 1824 3502 3387 3574">
     <span class='ocr_line' id='line_1_70' title="bbox 1824 3502 3387 3574; baseline -0.004 -16"><span class='ocrx_word' id='word_1_530' title='bbox 1824 3505 2153 3559; x_wconf 89' lang='lat' dir='ltr'><strong>recentiores</strong></span> <span class='ocrx_word' id='word_1_531' title='bbox 2203 3502 2496 3557; x_wconf 89' lang='lat' dir='ltr'><strong>identidem</strong></span> <span class='ocrx_word' id='word_1_532' title='bbox 2545 3505 2923 3574; x_wconf 80' lang='lat' dir='ltr'><strong>excogitavere</strong></span> <span class='ocrx_word' id='word_1_533' title='bbox 2952 3503 3387 3571; x_wconf 83' lang='lat' dir='ltr'><strong>superstitiones,</strong></span> 
     </span>
    </p>
   </div>
   <div class='ocr_carea' id='block_1_71' title="bbox 1827 3594 3389 3665">
    <p class='ocr_par' dir='ltr' id='par_1_71' title="bbox 1827 3594 3389 3665">
     <span class='ocr_line' id='line_1_71' title="bbox 1827 3594 3389 3665; baseline -0.003 -15"><span class='ocrx_word' id='word_1_534' title='bbox 1827 3599 1949 3650; x_wconf 91' lang='lat' dir='ltr'><strong>hinc</strong></span> <span class='ocrx_word' id='word_1_535' title='bbox 1980 3596 2250 3665; x_wconf 89' lang='lat' dir='ltr'><strong>prioribus</strong></span> <span class='ocrx_word' id='word_1_536' title='bbox 2300 3595 2538 3648; x_wconf 91' lang='lat' dir='ltr'><strong>nondum</strong></span> <span class='ocrx_word' id='word_1_537' title='bbox 2572 3596 2795 3661; x_wconf 85' lang='lat' dir='ltr'><strong>satiati,</strong></span> <span class='ocrx_word' id='word_1_538' title='bbox 2825 3611 3013 3649; x_wconf 80' lang='lat' dir='ltr'><strong>rursus</strong></span> <span class='ocrx_word' id='word_1_539' title='bbox 3047 3609 3167 3650; x_wconf 89' lang='lat' dir='ltr'><strong>sese</strong></span> <span class='ocrx_word' id='word_1_540' title='bbox 3197 3595 3248 3647; x_wconf 93' lang='lat' dir='ltr'><strong>in</strong></span> <span class='ocrx_word' id='word_1_541' title='bbox 3283 3594 3389 3647; x_wconf 88' lang='lat' dir='ltr'><strong>alia</strong></span> 
     </span>
    </p>
   </div>
   <div class='ocr_carea' id='block_1_72' title="bbox 1820 3686 3392 3759">
    <p class='ocr_par' dir='ltr' id='par_1_72' title="bbox 1820 3686 3392 3759">
     <span class='ocr_line' id='line_1_72' title="bbox 1820 3686 3392 3759; baseline 0 -16"><span class='ocrx_word' id='word_1_542' title='bbox 1820 3690 2019 3759; x_wconf 82' lang='lat' dir='ltr'><strong>ﬂagitia</strong></span> <span class='ocrx_word' id='word_1_543' title='bbox 2071 3688 2488 3759; x_wconf 82' lang='lat' dir='ltr'><strong>ingurgitarunt.</strong></span> <span class='ocrx_word' id='word_1_544' title='bbox 2533 3686 2623 3741; x_wconf 90' lang='lat' dir='ltr'><strong>Sic</strong></span> <span class='ocrx_word' id='word_1_545' title='bbox 2671 3687 2746 3741; x_wconf 90' lang='lat' dir='ltr'><strong>illi</strong></span> <span class='ocrx_word' id='word_1_546' title='bbox 2799 3688 3079 3757; x_wconf 84' lang='lat' dir='ltr'><strong>proiecere</strong></span> <span class='ocrx_word' id='word_1_547' title='bbox 3130 3688 3181 3741; x_wconf 92' lang='lat' dir='ltr'><strong>iu</strong></span> <span class='ocrx_word' id='word_1_548' title='bbox 3227 3686 3392 3743; x_wconf 90' lang='lat' dir='ltr'><strong>rebus</strong></span> 
     </span>
    </p>
   </div>
   <div class='ocr_carea' id='block_1_73' title="bbox 191 3778 3393 3857">
    <p class='ocr_par' dir='ltr' id='par_1_73' title="bbox 191 3778 3393 3857">
     <span class='ocr_line' id='line_1_73' title="bbox 191 3778 3393 3857; baseline -0.001 -22"><span class='ocrx_word' id='word_1_549' title='bbox 191 3788 496 3852; x_wconf 82' lang='lat' dir='ltr'><strong>turpissimis,</strong></span> <span class='ocrx_word' id='word_1_550' title='bbox 549 3802 822 3855; x_wconf 89' lang='lat' dir='ltr'><strong>suamque</strong></span> <span class='ocrx_word' id='word_1_551' title='bbox 871 3786 1206 3857; x_wconf 89' lang='lat' dir='ltr'><strong>impietatem</strong></span> <span class='ocrx_word' id='word_1_552' title='bbox 1260 3790 1430 3856; x_wconf 84' lang='lat' dir='ltr'><strong>magis</strong></span> <span class='ocrx_word' id='word_1_553' title='bbox 1491 3788 1769 3857; x_wconf 87' lang='lat' dir='ltr'><strong>magisque</strong></span> <span class='ocrx_word' id='word_1_554' title='bbox 1832 3798 2054 3837; x_wconf 73' lang='lat' dir='ltr'><strong>auxere.</strong></span> <span class='ocrx_word' id='word_1_555' title='bbox 2093 3781 2146 3834; x_wconf 89' lang='lat' dir='ltr'><strong>Id</strong></span> <span class='ocrx_word' id='word_1_556' title='bbox 2190 3796 2322 3835; x_wconf 90' lang='lat' dir='ltr'><strong>sane</strong></span> <span class='ocrx_word' id='word_1_557' title='bbox 2350 3781 2531 3834; x_wconf 81' lang='lat' dir='ltr'><strong>divina</strong></span> <span class='ocrx_word' id='word_1_558' title='bbox 2564 3778 2845 3850; x_wconf 89' lang='lat' dir='ltr'><strong>Scriptura</strong></span> <span class='ocrx_word' id='word_1_559' title='bbox 2900 3781 2984 3836; x_wconf 89' lang='lat' dir='ltr'><strong>his</strong></span> <span class='ocrx_word' id='word_1_560' title='bbox 3013 3778 3192 3834; x_wconf 89' lang='lat' dir='ltr'><strong>verbis</strong></span> <span class='ocrx_word' id='word_1_561' title='bbox 3227 3788 3393 3833; x_wconf 84' lang='lat' dir='ltr'><strong>testa-</strong></span> 
     </span>
    </p>
   </div>
   <div class='ocr_carea' id='block_1_74' title="bbox 192 3875 2106 3945">
    <p class='ocr_par' dir='ltr' id='par_1_74' title="bbox 192 3875 2106 3945">
     <span class='ocr_line' id='line_1_74' title="bbox 192 3875 2106 3945; baseline 0 -18"><span class='ocrx_word' id='word_1_562' title='bbox 192 3884 257 3929; x_wconf 88' lang='lat' dir='ltr'><strong>tur</strong></span> <span class='ocrx_word' id='word_1_563' title='bbox 281 3896 291 3929; x_wconf 89' lang='lat'>:</span> <span class='ocrx_word' id='word_1_564' title='bbox 316 3879 429 3932; x_wconf 81' lang='lat' dir='ltr'><strong>Cum</strong></span> <span class='ocrx_word' id='word_1_565' title='bbox 472 3880 670 3933; x_wconf 76' lang='lat' dir='ltr'><strong>venerit</strong></span> <span class='ocrx_word' id='word_1_566' title='bbox 706 3878 899 3944; x_wconf 76' lang='lat' dir='ltr'><strong>impius</strong></span> <span class='ocrx_word' id='word_1_567' title='bbox 952 3879 1006 3931; x_wconf 85' lang='lat' dir='ltr'><strong>in</strong></span> <span class='ocrx_word' id='word_1_568' title='bbox 1040 3878 1360 3945; x_wconf 73' lang='lat' dir='ltr'><strong>profundum</strong></span> <span class='ocrx_word' id='word_1_569' title='bbox 1411 3880 1670 3932; x_wconf 83' lang='lat' dir='ltr'><strong>malorum</strong></span> <span class='ocrx_word' id='word_1_570' title='bbox 1698 3919 1713 3942; x_wconf 91' lang='lat'><strong>,</strong></span> <span class='ocrx_word' id='word_1_571' title='bbox 1752 3876 2033 3931; x_wconf 83' lang='lat' dir='ltr'><strong>contemnit</strong></span> <span class='ocrx_word' id='word_1_572' title='bbox 2065 3875 2106 3927; x_wconf 84' lang='grc'><strong>⁷.</strong></span> 
     </span>
    </p>
   </div>
   <div class='ocr_carea' id='block_1_75' title="bbox 243 3967 1722 4041">
    <p class='ocr_par' dir='ltr' id='par_1_75' title="bbox 243 3967 1722 4041">
     <span class='ocr_line' id='line_1_75' title="bbox 243 3967 1722 4041; baseline 0.001 -22"><span class='ocrx_word' id='word_1_573' title='bbox 243 3967 285 4019; x_wconf 88' lang='lat'><strong>9.</strong></span> <span class='ocrx_word' id='word_1_574' title='bbox 316 3970 458 4038; x_wconf 85' lang='grc' dir='ltr'>Ἀρτι</span> <span class='ocrx_word' id='word_1_575' title='bbox 485 3970 595 4041; x_wconf 81' lang='grc' dir='ltr'><strong>γὰρ</strong></span> <span class='ocrx_word' id='word_1_576' title='bbox 616 3969 971 4038; x_wconf 78' lang='grc' dir='ltr'>ἀπεπήδησεν</span> <span class='ocrx_word' id='word_1_577' title='bbox 994 3971 1026 4038; x_wconf 84' lang='grc' dir='ltr'>ἡ</span> <span class='ocrx_word' id='word_1_578' title='bbox 1061 3967 1266 4021; x_wconf 85' lang='grc' dir='ltr'>διάνοια</span> <span class='ocrx_word' id='word_1_579' title='bbox 1290 3968 1398 4023; x_wconf 90' lang='grc' dir='ltr'><strong>τῶν</strong></span> <span class='ocrx_word' id='word_1_580' title='bbox 1424 3969 1722 4041; x_wconf 85' lang='grc' dir='ltr'>ἀνθρώπων</span> 
     </span>
    </p>
   </div>
   <div class='ocr_carea' id='block_1_76' title="bbox 191 4055 1723 4121">
    <p class='ocr_par' dir='ltr' id='par_1_76' title="bbox 191 4055 1723 4121">
     <span class='ocr_line' id='line_1_76' title="bbox 191 4055 1723 4121; baseline 0.001 -17"><span class='ocrx_word' id='word_1_581' title='bbox 191 4055 273 4107; x_wconf 75' lang='grc' dir='ltr'><strong>ἀπὸ</strong></span> <span class='ocrx_word' id='word_1_582' title='bbox 302 4057 440 4121; x_wconf 75' lang='grc' dir='ltr'>Θεοῦ,</span> <span class='ocrx_word' id='word_1_583' title='bbox 466 4059 560 4111; x_wconf 81' lang='grc' dir='ltr'>καὶ</span> <span class='ocrx_word' id='word_1_584' title='bbox 589 4056 1015 4118; x_wconf 80' lang='grc' dir='ltr'>καταϐαίνοντες</span> <span class='ocrx_word' id='word_1_585' title='bbox 1038 4057 1155 4118; x_wconf 88' lang='grc' dir='ltr'>ταῖς</span> <span class='ocrx_word' id='word_1_586' title='bbox 1209 4056 1439 4119; x_wconf 84' lang='grc' dir='ltr'>ἐννοίαις</span> <span class='ocrx_word' id='word_1_587' title='bbox 1473 4057 1565 4108; x_wconf 73' lang='grc' dir='ltr'>καὶ</span> <span class='ocrx_word' id='word_1_588' title='bbox 1612 4057 1723 4117; x_wconf 88' lang='grc' dir='ltr'>τοῖς</span> 
     </span>
    </p>
   </div>
   <div class='ocr_carea' id='block_1_77' title="bbox 192 4142 1725 4218">
    <p class='ocr_par' dir='ltr' id='par_1_77' title="bbox 192 4142 1725 4218">
     <span class='ocr_line' id='line_1_77' title="bbox 192 4142 1725 4218; baseline 0.003 -25"><span class='ocrx_word' id='word_1_589' title='bbox 192 4142 416 4214; x_wconf 73' lang='grc' dir='ltr'>λογισμοῖς</span> <span class='ocrx_word' id='word_1_590' title='bbox 442 4150 489 4200; x_wconf 83' lang='grc' dir='ltr'>οἱ</span> <span class='ocrx_word' id='word_1_591' title='bbox 522 4148 826 4218; x_wconf 79' lang='grc' dir='ltr'>ἄνθρωποι,</span> <span class='ocrx_word' id='word_1_592' title='bbox 859 4144 1093 4216; x_wconf 81' lang='grc' dir='ltr'>πρώτοις</span> <span class='ocrx_word' id='word_1_593' title='bbox 1123 4144 1335 4215; x_wconf 77' lang='grc' dir='ltr'>οὐρανῴ</span> <span class='ocrx_word' id='word_1_594' title='bbox 1352 4147 1444 4198; x_wconf 71' lang='grc' dir='ltr'>καὶ</span> <span class='ocrx_word' id='word_1_595' title='bbox 1470 4146 1605 4215; x_wconf 82' lang='grc' dir='ltr'>ἡλίῳ</span> <span class='ocrx_word' id='word_1_596' title='bbox 1632 4146 1725 4197; x_wconf 77' lang='grc' dir='ltr'>καὶ</span> 
     </span>
    </p>
   </div>
   <div class='ocr_carea' id='block_1_78' title="bbox 194 4235 1724 4306">
    <p class='ocr_par' dir='ltr' id='par_1_78' title="bbox 194 4235 1724 4306">
     <span class='ocr_line' id='line_1_78' title="bbox 194 4235 1724 4306; baseline 0.001 -21"><span class='ocrx_word' id='word_1_597' title='bbox 194 4235 348 4306; x_wconf 70' lang='grc' dir='ltr'>σελήνῃ</span> <span class='ocrx_word' id='word_1_598' title='bbox 377 4240 463 4291; x_wconf 82' lang='grc' dir='ltr'><strong>καὶ</strong></span> <span class='ocrx_word' id='word_1_599' title='bbox 492 4242 604 4301; x_wconf 89' lang='grc' dir='ltr'>τοῖς</span> <span class='ocrx_word' id='word_1_600' title='bbox 635 4239 859 4305; x_wconf 85' lang='grc' dir='ltr'>ἄστροις</span> <span class='ocrx_word' id='word_1_601' title='bbox 884 4237 982 4306; x_wconf 83' lang='grc' dir='ltr'><strong>τὴν</strong></span> <span class='ocrx_word' id='word_1_602' title='bbox 1011 4235 1104 4287; x_wconf 78' lang='grc' dir='ltr'><strong>τοῦ</strong></span> <span class='ocrx_word' id='word_1_603' title='bbox 1154 4235 1289 4288; x_wconf 80' lang='grc' dir='ltr'>Θεοῦ</span> <span class='ocrx_word' id='word_1_604' title='bbox 1319 4236 1483 4306; x_wconf 84' lang='grc' dir='ltr'>τιμὴν</span> <span class='ocrx_word' id='word_1_605' title='bbox 1528 4236 1724 4305; x_wconf 86' lang='grc' dir='ltr'>ἀνέθη-</span> 
     </span>
    </p>
   </div>
   <div class='ocr_carea' id='block_1_79' title="bbox 192 4323 1725 4398">
    <p class='ocr_par' dir='ltr' id='par_1_79' title="bbox 192 4323 1725 4398">
     <span class='ocr_line' id='line_1_79' title="bbox 192 4323 1725 4398; baseline 0.003 -23"><span class='ocrx_word' id='word_1_606' title='bbox 192 4340 289 4387; x_wconf 77' lang='grc' dir='ltr'>κον,</span> <span class='ocrx_word' id='word_1_607' title='bbox 315 4330 539 4393; x_wconf 79' lang='grc' dir='ltr'>ἐκείνους</span> <span class='ocrx_word' id='word_1_608' title='bbox 567 4330 630 4381; x_wconf 74' lang='grc' dir='ltr'>οὐ</span> <span class='ocrx_word' id='word_1_609' title='bbox 666 4330 827 4398; x_wconf 87' lang='grc' dir='ltr'>μόνον</span> <span class='ocrx_word' id='word_1_610' title='bbox 861 4326 1017 4390; x_wconf 77' lang='grc' dir='ltr'>θεοὺς</span> <span class='ocrx_word' id='word_1_611' title='bbox 1056 4323 1194 4380; x_wconf 81' lang='grc' dir='ltr'>εἶναι</span> <span class='ocrx_word' id='word_1_612' title='bbox 1224 4327 1554 4397; x_wconf 76' lang='grc' dir='ltr'>νομίζοντες,</span> <span class='ocrx_word' id='word_1_613' title='bbox 1589 4326 1725 4381; x_wconf 86' lang='grc' dir='ltr'><strong>ἀλλά</strong></span> 
     </span>
    </p>
   </div>
   <div class='ocr_carea' id='block_1_80' title="bbox 1894 3959 3396 4025">
    <p class='ocr_par' dir='ltr' id='par_1_80' title="bbox 1894 3959 3396 4025">
     <span class='ocr_line' id='line_1_80' title="bbox 1894 3959 3396 4025; baseline -0.002 -6"><span class='ocrx_word' id='word_1_614' title='bbox 1894 3964 1948 4019; x_wconf 89' lang='grc'><strong>9.</strong></span> <span class='ocrx_word' id='word_1_615' title='bbox 1982 3963 2052 4019; x_wconf 84' lang='lat' dir='ltr'><strong>Ut</strong></span> <span class='ocrx_word' id='word_1_616' title='bbox 2072 3963 2213 4018; x_wconf 89' lang='lat' dir='ltr'><strong>enim</strong></span> <span class='ocrx_word' id='word_1_617' title='bbox 2243 3979 2396 4018; x_wconf 84' lang='lat' dir='ltr'><strong>mens</strong></span> <span class='ocrx_word' id='word_1_618' title='bbox 2422 3965 2654 4017; x_wconf 88' lang='lat' dir='ltr'><strong>humana</strong></span> <span class='ocrx_word' id='word_1_619' title='bbox 2688 3979 2714 4015; x_wconf 87' lang='lat' dir='ltr'><strong>a</strong></span> <span class='ocrx_word' id='word_1_620' title='bbox 2741 3961 2851 4016; x_wconf 93' lang='lat' dir='ltr'><strong>Deo</strong></span> <span class='ocrx_word' id='word_1_621' title='bbox 2883 3962 3125 4025; x_wconf 86' lang='lat' dir='ltr'><strong>recessit,</strong></span> <span class='ocrx_word' id='word_1_622' title='bbox 3152 3959 3396 4016; x_wconf 84' lang='lat' dir='ltr'><strong>homines</strong></span> 
     </span>
    </p>
   </div>
   <div class='ocr_carea' id='block_1_81' title="bbox 1825 4052 3393 4123">
    <p class='ocr_par' dir='ltr' id='par_1_81' title="bbox 1825 4052 3393 4123">
     <span class='ocr_line' id='line_1_81' title="bbox 1825 4052 3393 4123; baseline -0.003 -16"><span class='ocrx_word' id='word_1_623' title='bbox 1825 4056 1981 4109; x_wconf 87' lang='lat' dir='ltr'><strong>vanis</strong></span> <span class='ocrx_word' id='word_1_624' title='bbox 2010 4055 2121 4109; x_wconf 91' lang='lat' dir='ltr'><strong>suis</strong></span> <span class='ocrx_word' id='word_1_625' title='bbox 2149 4055 2574 4123; x_wconf 84' lang='lat' dir='ltr'><strong>cogitationibus</strong></span> <span class='ocrx_word' id='word_1_626' title='bbox 2604 4070 2666 4108; x_wconf 88' lang='lat' dir='ltr'><strong>ac</strong></span> <span class='ocrx_word' id='word_1_627' title='bbox 2696 4052 3208 4107; x_wconf 79' lang='lat' dir='ltr'><strong>ratiocinationibus</strong></span> <span class='ocrx_word' id='word_1_628' title='bbox 3236 4052 3393 4106; x_wconf 77' lang='lat' dir='ltr'><strong>deur-</strong></span> 
     </span>
    </p>
   </div>
   <div class='ocr_carea' id='block_1_82' title="bbox 1826 4143 3393 4217">
    <p class='ocr_par' dir='ltr' id='par_1_82' title="bbox 1826 4143 3393 4217">
     <span class='ocr_line' id='line_1_82' title="bbox 1826 4143 3393 4217; baseline -0.001 -19"><span class='ocrx_word' id='word_1_629' title='bbox 1826 4162 1943 4200; x_wconf 91' lang='lat' dir='ltr'><strong>sum</strong></span> <span class='ocrx_word' id='word_1_630' title='bbox 1978 4158 2284 4217; x_wconf 82' lang='lat' dir='ltr'><strong>vergentes,</strong></span> <span class='ocrx_word' id='word_1_631' title='bbox 2320 4149 2553 4215; x_wconf 90' lang='lat' dir='ltr'><strong>primum</strong></span> <span class='ocrx_word' id='word_1_632' title='bbox 2596 4146 2750 4211; x_wconf 68' lang='lat' dir='ltr'><strong>malo,</strong></span> <span class='ocrx_word' id='word_1_633' title='bbox 2790 4146 2911 4206; x_wconf 89' lang='lat' dir='ltr'><strong>soli,</strong></span> <span class='ocrx_word' id='word_1_634' title='bbox 2938 4145 3094 4208; x_wconf 50' lang='lat' dir='ltr'><strong>quat,</strong></span> <span class='ocrx_word' id='word_1_635' title='bbox 3122 4153 3176 4197; x_wconf 90' lang='lat' dir='ltr'><strong>et</strong></span> <span class='ocrx_word' id='word_1_636' title='bbox 3212 4143 3393 4207; x_wconf 87' lang='lat' dir='ltr'><strong>astris,</strong></span> 
     </span>
    </p>
   </div>
   <div class='ocr_carea' id='block_1_83' title="bbox 1827 4234 3392 4305">
    <p class='ocr_par' dir='ltr' id='par_1_83' title="bbox 1827 4234 3392 4305">
     <span class='ocr_line' id='line_1_83' title="bbox 1827 4234 3392 4305; baseline -0.004 -14"><span class='ocrx_word' id='word_1_637' title='bbox 1827 4239 1917 4292; x_wconf 86' lang='lat' dir='ltr'><strong>Dei</strong></span> <span class='ocrx_word' id='word_1_638' title='bbox 1944 4239 2201 4291; x_wconf 86' lang='lat' dir='ltr'><strong>honorem</strong></span> <span class='ocrx_word' id='word_1_639' title='bbox 2220 4237 2608 4305; x_wconf 88' lang='lat' dir='ltr'><strong>ascripserunt,</strong></span> <span class='ocrx_word' id='word_1_640' title='bbox 2632 4237 2863 4304; x_wconf 71' lang='lat' dir='ltr'><strong>illosque</strong></span> <span class='ocrx_word' id='word_1_641' title='bbox 2887 4250 2991 4289; x_wconf 89' lang='lat' dir='ltr'><strong>non</strong></span> <span class='ocrx_word' id='word_1_642' title='bbox 3013 4242 3218 4287; x_wconf 88' lang='lat' dir='ltr'><strong>tantum</strong></span> <span class='ocrx_word' id='word_1_643' title='bbox 3242 4234 3392 4299; x_wconf 87' lang='lat' dir='ltr'><strong>deos,</strong></span> 
     </span>
    </p>
   </div>
   <div class='ocr_carea' id='block_1_84' title="bbox 1826 4328 3393 4383">
    <p class='ocr_par' dir='ltr' id='par_1_84' title="bbox 1826 4328 3393 4383">
     <span class='ocr_line' id='line_1_84' title="bbox 1826 4328 3393 4383; baseline -0.004 0"><span class='ocrx_word' id='word_1_644' title='bbox 1826 4329 1917 4383; x_wconf 84' lang='lat' dir='ltr'><strong>sed</strong></span> <span class='ocrx_word' id='word_1_645' title='bbox 1944 4330 2111 4383; x_wconf 89' lang='lat' dir='ltr'><strong>etiam</strong></span> <span class='ocrx_word' id='word_1_646' title='bbox 2151 4344 2329 4383; x_wconf 89' lang='lat' dir='ltr'><strong>rerum</strong></span> <span class='ocrx_word' id='word_1_647' title='bbox 2358 4328 2585 4381; x_wconf 89' lang='lat' dir='ltr'><strong>aliarum</strong></span> <span class='ocrx_word' id='word_1_648' title='bbox 2617 4339 2868 4381; x_wconf 88' lang='lat' dir='ltr'><strong>auctores</strong></span> <span class='ocrx_word' id='word_1_649' title='bbox 2886 4342 3005 4380; x_wconf 87' lang='lat' dir='ltr'><strong>esse</strong></span> <span class='ocrx_word' id='word_1_650' title='bbox 3030 4335 3393 4379; x_wconf 86' lang='lat' dir='ltr'><strong>censuerunt:</strong></span> 
     </span>
    </p>
   </div>
   <div class='ocr_carea' id='block_1_85' title="bbox 196 4408 1718 4490">
    <p class='ocr_par' dir='ltr' id='par_1_85' title="bbox 196 4418 1718 4490">
     <span class='ocr_line' id='line_1_85' title="bbox 196 4418 1718 4490; baseline 0.003 -26"><span class='ocrx_word' id='word_1_651' title='bbox 196 4418 265 4467; x_wconf 75' lang='lat' dir='ltr'><strong>nl</strong></span> <span class='ocrx_word' id='word_1_652' title='bbox 284 4419 375 4471; x_wconf 84' lang='grc' dir='ltr'><strong>τῶν</strong></span> <span class='ocrx_word' id='word_1_653' title='bbox 398 4421 569 4474; x_wconf 83' lang='grc' dir='ltr'>ἀλλων</span> <span class='ocrx_word' id='word_1_654' title='bbox 613 4420 725 4473; x_wconf 88' lang='grc' dir='ltr'><strong>τῶν</strong></span> <span class='ocrx_word' id='word_1_655' title='bbox 759 4420 875 4490; x_wconf 86' lang='grc' dir='ltr'>μετ’</span> <span class='ocrx_word' id='word_1_656' title='bbox 924 4419 1119 4482; x_wconf 74' lang='grc' dir='ltr'>αὐτοὺς</span> <span class='ocrx_word' id='word_1_657' title='bbox 1160 4419 1364 4482; x_wconf 80' lang='grc' dir='ltr'>αἰτίους</span> <span class='ocrx_word' id='word_1_658' title='bbox 1390 4419 1679 4488; x_wconf 83' lang='grc' dir='ltr'>τυγχάνειν</span> <span class='ocrx_word' id='word_1_659' title='bbox 1706 4434 1718 4446; x_wconf 89' lang='grc'><strong>·</strong></span> 
     </span>
    </p>
   </div>
   <div class='ocr_carea' id='block_1_86' title="bbox 1820 4408 3391 4490">
    <p class='ocr_par' dir='ltr' id='par_1_86' title="bbox 1827 4416 3391 4489">
     <span class='ocr_line' id='line_1_86' title="bbox 1827 4416 3391 4489; baseline -0.005 -16"><span class='ocrx_word' id='word_1_660' title='bbox 1827 4431 2012 4489; x_wconf 86' lang='lat' dir='ltr'><strong>postea</strong></span> <span class='ocrx_word' id='word_1_661' title='bbox 2043 4435 2167 4474; x_wconf 86' lang='lat' dir='ltr'><strong>vero</strong></span> <span class='ocrx_word' id='word_1_662' title='bbox 2192 4419 2545 4474; x_wconf 83' lang='lat' dir='ltr'><strong>tenebricosis</strong></span> <span class='ocrx_word' id='word_1_663' title='bbox 2573 4419 2683 4472; x_wconf 89' lang='lat' dir='ltr'><strong>suis</strong></span> <span class='ocrx_word' id='word_1_664' title='bbox 2705 4417 3120 4484; x_wconf 81' lang='lat' dir='ltr'><strong>cogitationibus</strong></span> <span class='ocrx_word' id='word_1_665' title='bbox 3143 4416 3391 4467; x_wconf 85' lang='lat' dir='ltr'><strong>deorsum</strong></span> 
     </span>
    </p>
   </div>
   <div class='ocr_carea' id='block_1_87' title="bbox 195 4503 1723 4589">
    <p class='ocr_par' dir='ltr' id='par_1_87' title="bbox 195 4503 1723 4589">
     <span class='ocr_line' id='line_1_87' title="bbox 195 4503 1723 4589; baseline 0.002 -29"><span class='ocrx_word' id='word_1_666' title='bbox 195 4503 286 4589; x_wconf 55' lang='grc' dir='ltr'>ᾇτ’,</span> <span class='ocrx_word' id='word_1_667' title='bbox 310 4513 814 4575; x_wconf 76' lang='grc' dir='ltr'>ἐπικαταϐαίνοντες</span> <span class='ocrx_word' id='word_1_668' title='bbox 838 4512 951 4573; x_wconf 84' lang='grc' dir='ltr'>τοῖς</span> <span class='ocrx_word' id='word_1_669' title='bbox 986 4514 1279 4575; x_wconf 84' lang='grc' dir='ltr'>σκοτεινοῖς</span> <span class='ocrx_word' id='word_1_670' title='bbox 1316 4510 1614 4581; x_wconf 84' lang='grc' dir='ltr'>λογισμοῖς,</span> <span class='ocrx_word' id='word_1_671' title='bbox 1639 4511 1723 4563; x_wconf 77' lang='grc' dir='ltr'><strong>αι-</strong></span> 
     </span>
    </p>
   </div>
   <div class='ocr_carea' id='block_1_88' title="bbox 195 4596 1724 4675">
    <p class='ocr_par' dir='ltr' id='par_1_88' title="bbox 195 4596 1724 4675">
     <span class='ocr_line' id='line_1_88' title="bbox 195 4596 1724 4675; baseline 0 -20"><span class='ocrx_word' id='word_1_672' title='bbox 195 4596 297 4668; x_wconf 76' lang='grc' dir='ltr'>Θὲρα</span> <span class='ocrx_word' id='word_1_673' title='bbox 316 4604 398 4656; x_wconf 70' lang='grc' dir='ltr'>καὶ</span> <span class='ocrx_word' id='word_1_674' title='bbox 427 4606 516 4657; x_wconf 77' lang='grc' dir='ltr'>τὸν</span> <span class='ocrx_word' id='word_1_675' title='bbox 560 4606 702 4675; x_wconf 86' lang='grc' dir='ltr'>ἀέρα</span> <span class='ocrx_word' id='word_1_676' title='bbox 728 4604 825 4656; x_wconf 77' lang='grc' dir='ltr'>καὶ</span> <span class='ocrx_word' id='word_1_677' title='bbox 850 4603 916 4655; x_wconf 85' lang='grc' dir='ltr'><strong>τά</strong></span> <span class='ocrx_word' id='word_1_678' title='bbox 945 4607 1001 4656; x_wconf 84' lang='grc' dir='ltr'><strong>ἐν</strong></span> <span class='ocrx_word' id='word_1_679' title='bbox 1022 4602 1099 4673; x_wconf 84' lang='grc' dir='ltr'>τῷ</span> <span class='ocrx_word' id='word_1_680' title='bbox 1130 4604 1249 4673; x_wconf 85' lang='grc' dir='ltr'>ἀέρι</span> <span class='ocrx_word' id='word_1_681' title='bbox 1277 4602 1724 4674; x_wconf 79' lang='grc' dir='ltr'>προσηγόρευσαν</span> 
     </span>
    </p>
   </div>
   <div class='ocr_carea' id='block_1_89' title="bbox 196 4685 1727 4764">
    <p class='ocr_par' dir='ltr' id='par_1_89' title="bbox 196 4685 1727 4764">
     <span class='ocr_line' id='line_1_89' title="bbox 196 4685 1727 4764; baseline 0.005 -26"><span class='ocrx_word' id='word_1_682' title='bbox 196 4685 331 4753; x_wconf 69' lang='grc' dir='ltr'>θεούς.</span> <span class='ocrx_word' id='word_1_683' title='bbox 362 4695 745 4764; x_wconf 73' lang='grc' dir='ltr'>Προϐαίνοντες</span> <span class='ocrx_word' id='word_1_684' title='bbox 779 4694 834 4747; x_wconf 80' lang='grc' dir='ltr'>δὲ</span> <span class='ocrx_word' id='word_1_685' title='bbox 866 4696 975 4757; x_wconf 90' lang='grc' dir='ltr'>τοῖς</span> <span class='ocrx_word' id='word_1_686' title='bbox 998 4696 1204 4757; x_wconf 85' lang='grc' dir='ltr'>κακοῖς,</span> <span class='ocrx_word' id='word_1_687' title='bbox 1232 4694 1331 4764; x_wconf 67' lang='grc' dir='ltr'><strong>⁴ἤδη</strong></span> <span class='ocrx_word' id='word_1_688' title='bbox 1364 4693 1459 4746; x_wconf 78' lang='grc' dir='ltr'>καὶ</span> <span class='ocrx_word' id='word_1_689' title='bbox 1486 4692 1551 4744; x_wconf 74' lang='grc' dir='ltr'><strong>τὰ</strong></span> <span class='ocrx_word' id='word_1_690' title='bbox 1593 4708 1727 4745; x_wconf 87' lang='grc' dir='ltr'>στοι-</span> 
     </span>
    </p>
   </div>
   <div class='ocr_carea' id='block_1_90' title="bbox 194 4783 1722 4856">
    <p class='ocr_par' dir='ltr' id='par_1_90' title="bbox 194 4783 1722 4856">
     <span class='ocr_line' id='line_1_90' title="bbox 194 4783 1722 4856; baseline 0.003 -25"><span class='ocrx_word' id='word_1_691' title='bbox 194 4783 306 4846; x_wconf 85' lang='grc' dir='ltr'>χεῖα,</span> <span class='ocrx_word' id='word_1_692' title='bbox 335 4787 541 4850; x_wconf 74' lang='grc' dir='ltr'>καὶτὰς</span> <span class='ocrx_word' id='word_1_693' title='bbox 573 4787 753 4856; x_wconf 83' lang='grc' dir='ltr'>ἀρχὰς</span> <span class='ocrx_word' id='word_1_694' title='bbox 802 4786 899 4855; x_wconf 78' lang='grc' dir='ltr'>τῆς</span> <span class='ocrx_word' id='word_1_695' title='bbox 934 4785 1041 4838; x_wconf 87' lang='grc' dir='ltr'><strong>τῶν</strong></span> <span class='ocrx_word' id='word_1_696' title='bbox 1084 4785 1348 4855; x_wconf 87' lang='grc' dir='ltr'>σωμάτων</span> <span class='ocrx_word' id='word_1_697' title='bbox 1392 4784 1722 4847; x_wconf 80' lang='grc' dir='ltr'>συστάσεως,</span> 
     </span>
    </p>
   </div>
   <div class='ocr_carea' id='block_1_91' title="bbox 196 4870 1727 4949">
    <p class='ocr_par' dir='ltr' id='par_1_91' title="bbox 196 4870 1727 4949">
     <span class='ocr_line' id='line_1_91' title="bbox 196 4870 1727 4949; baseline 0.001 -24"><span class='ocrx_word' id='word_1_698' title='bbox 196 4870 269 4941; x_wconf 69' lang='grc' dir='ltr'>τὴν</span> <span class='ocrx_word' id='word_1_699' title='bbox 293 4875 484 4949; x_wconf 78' lang='grc' dir='ltr'>θερμὴν</span> <span class='ocrx_word' id='word_1_700' title='bbox 520 4880 617 4932; x_wconf 77' lang='grc' dir='ltr'>καὶ</span> <span class='ocrx_word' id='word_1_701' title='bbox 637 4878 737 4948; x_wconf 79' lang='grc' dir='ltr'>τὴν</span> <span class='ocrx_word' id='word_1_702' title='bbox 761 4878 997 4947; x_wconf 70' lang='grc' dir='ltr'>ψυχρὰν,</span> <span class='ocrx_word' id='word_1_703' title='bbox 1028 4878 1121 4929; x_wconf 73' lang='grc' dir='ltr'>καὶ</span> <span class='ocrx_word' id='word_1_704' title='bbox 1153 4877 1252 4947; x_wconf 77' lang='grc' dir='ltr'>τὴν</span> <span class='ocrx_word' id='word_1_705' title='bbox 1288 4874 1457 4947; x_wconf 83' lang='grc' dir='ltr'>ξηρὰν</span> <span class='ocrx_word' id='word_1_706' title='bbox 1500 4877 1591 4928; x_wconf 71' lang='grc' dir='ltr'>καὶ</span> <span class='ocrx_word' id='word_1_707' title='bbox 1632 4874 1727 4946; x_wconf 85' lang='grc' dir='ltr'><strong>τὴν</strong></span> 
     </span>
    </p>
   </div>
   <div class='ocr_carea' id='block_1_92' title="bbox 196 4956 1731 5037">
    <p class='ocr_par' dir='ltr' id='par_1_92' title="bbox 196 4956 1731 5037">
     <span class='ocr_line' id='line_1_92' title="bbox 196 4956 1731 5037; baseline 0 -19"><span class='ocrx_word' id='word_1_708' title='bbox 196 4956 337 5031; x_wconf 68' lang='grc' dir='ltr'>ὑγρὰν</span> <span class='ocrx_word' id='word_1_709' title='bbox 355 4968 531 5021; x_wconf 76' lang='grc' dir='ltr'>οὐσίαν</span> <span class='ocrx_word' id='word_1_710' title='bbox 559 4970 717 5031; x_wconf 81' lang='grc' dir='ltr'>θεοὺς</span> <span class='ocrx_word' id='word_1_711' title='bbox 740 4968 1077 5037; x_wconf 75' lang='grc' dir='ltr'>ἀνύμνησαν.</span> <span class='ocrx_word' id='word_1_712' title='bbox 1126 4968 1212 5029; x_wconf 80' lang='grc' dir='ltr'>Ὠς</span> <span class='ocrx_word' id='word_1_713' title='bbox 1256 4966 1311 5018; x_wconf 85' lang='grc' dir='ltr'><strong>δέ</strong></span> <span class='ocrx_word' id='word_1_714' title='bbox 1337 4968 1386 5018; x_wconf 78' lang='grc' dir='ltr'><strong>οἱ</strong></span> <span class='ocrx_word' id='word_1_715' title='bbox 1415 4967 1595 5018; x_wconf 88' lang='grc' dir='ltr'>τέλεον</span> <span class='ocrx_word' id='word_1_716' title='bbox 1639 4983 1731 5019; x_wconf 86' lang='grc' dir='ltr'>πε·</span> 
     </span>
    </p>
   </div>
   <div class='ocr_carea' id='block_1_93' title="bbox 195 5049 1727 5131">
    <p class='ocr_par' dir='ltr' id='par_1_93' title="bbox 195 5049 1727 5131">
     <span class='ocr_line' id='line_1_93' title="bbox 195 5049 1727 5131; baseline -0.007 -12"><span class='ocrx_word' id='word_1_717' title='bbox 195 5049 344 5118; x_wconf 61' lang='grc' dir='ltr'><strong>πάντες</strong></span> <span class='ocrx_word' id='word_1_718' title='bbox 361 5060 480 5129; x_wconf 76' lang='grc' dir='ltr'>περὶ</span> <span class='ocrx_word' id='word_1_719' title='bbox 503 5061 603 5131; x_wconf 82' lang='grc' dir='ltr'><strong>τὴν</strong></span> <span class='ocrx_word' id='word_1_720' title='bbox 626 5062 732 5130; x_wconf 82' lang='grc' dir='ltr'>γῆν</span> <span class='ocrx_word' id='word_1_721' title='bbox 761 5059 1089 5112; x_wconf 79' lang='grc' dir='ltr'>ἰλυσπῶνται</span> <span class='ocrx_word' id='word_1_722' title='bbox 1113 5059 1266 5129; x_wconf 85' lang='grc' dir='ltr'>δίκην</span> <span class='ocrx_word' id='word_1_723' title='bbox 1284 5058 1393 5112; x_wconf 89' lang='grc' dir='ltr'><strong>τῶν</strong></span> <span class='ocrx_word' id='word_1_724' title='bbox 1425 5061 1481 5111; x_wconf 81' lang='grc' dir='ltr'><strong>ἐν</strong></span> <span class='ocrx_word' id='word_1_725' title='bbox 1504 5061 1570 5128; x_wconf 82' lang='grc' dir='ltr'>τῇ</span> <span class='ocrx_word' id='word_1_726' title='bbox 1599 5059 1727 5128; x_wconf 85' lang='grc' dir='ltr'>χέρ-</span> 
     </span>
    </p>
   </div>
   <div class='ocr_carea' id='block_1_94' title="bbox 194 5151 1719 5222">
    <p class='ocr_par' dir='ltr' id='par_1_94' title="bbox 194 5151 1719 5222">
     <span class='ocr_line' id='line_1_94' title="bbox 194 5151 1719 5222; baseline -0.005 -11"><span class='ocrx_word' id='word_1_727' title='bbox 194 5157 254 5211; x_wconf 71' lang='grc' dir='ltr'>σῳ</span> <span class='ocrx_word' id='word_1_728' title='bbox 287 5151 516 5219; x_wconf 68' lang='grc' dir='ltr'>κοχλιῶνθ</span> <span class='ocrx_word' id='word_1_729' title='bbox 544 5152 722 5217; x_wconf 76' lang='grc' dir='ltr'>οὕτως</span> <span class='ocrx_word' id='word_1_730' title='bbox 750 5155 799 5206; x_wconf 78' lang='lat' dir='ltr'><strong>oi</strong></span> <span class='ocrx_word' id='word_1_731' title='bbox 852 5154 1207 5207; x_wconf 77' lang='grc' dir='ltr'>ἀσεϐέστατοι</span> <span class='ocrx_word' id='word_1_732' title='bbox 1246 5153 1352 5205; x_wconf 86' lang='grc' dir='ltr'><strong>τῶν</strong></span> <span class='ocrx_word' id='word_1_733' title='bbox 1400 5151 1719 5222; x_wconf 85' lang='grc' dir='ltr'>ἀνθρώπων,</span> 
     </span>
    </p>
   </div>
   <div class='ocr_carea' id='block_1_95' title="bbox 192 5240 1721 5322">
    <p class='ocr_par' dir='ltr' id='par_1_95' title="bbox 192 5240 1721 5322">
     <span class='ocr_line' id='line_1_95' title="bbox 192 5240 1721 5322; baseline 0.004 -29"><span class='ocrx_word' id='word_1_734' title='bbox 192 5240 407 5322; x_wconf 51' lang='grc' dir='ltr'>πεσόντες</span> <span class='ocrx_word' id='word_1_735' title='bbox 436 5248 531 5301; x_wconf 78' lang='grc' dir='ltr'>καὶ</span> <span class='ocrx_word' id='word_1_736' title='bbox 550 5248 952 5311; x_wconf 83' lang='grc' dir='ltr'>καταπεσόντες</span> <span class='ocrx_word' id='word_1_737' title='bbox 980 5248 1089 5301; x_wconf 79' lang='grc' dir='ltr'>ἀπὸ</span> <span class='ocrx_word' id='word_1_738' title='bbox 1116 5250 1213 5318; x_wconf 82' lang='grc' dir='ltr'><strong>τῆς</strong></span> <span class='ocrx_word' id='word_1_739' title='bbox 1252 5249 1379 5317; x_wconf 76' lang='grc' dir='ltr'>περὶ</span> <span class='ocrx_word' id='word_1_740' title='bbox 1425 5246 1558 5300; x_wconf 81' lang='grc' dir='ltr'>Θεοῦ</span> <span class='ocrx_word' id='word_1_741' title='bbox 1587 5262 1721 5316; x_wconf 79' lang='grc' dir='ltr'>φαν-</span> 
     </span>
    </p>
   </div>
   <div class='ocr_carea' id='block_1_96' title="bbox 244 5398 727 5472">
    <p class='ocr_par' dir='ltr' id='par_1_96' title="bbox 244 5398 727 5472">
     <span class='ocr_line' id='line_1_96' title="bbox 244 5398 727 5472; baseline 0.002 -14"><span class='ocrx_word' id='word_1_742' title='bbox 244 5398 261 5425; x_wconf 80' lang='grc'><strong><em>⁷</em></strong></span> <span class='ocrx_word' id='word_1_743' title='bbox 291 5398 441 5458; x_wconf 81' lang='lat' dir='ltr'><strong>Prov.</strong></span> <span class='ocrx_word' id='word_1_744' title='bbox 475 5420 631 5472; x_wconf 83' lang='lat' dir='ltr'><strong>xvm,</strong></span> <span class='ocrx_word' id='word_1_745' title='bbox 672 5406 727 5461; x_wconf 79' lang='lat'><strong>3.</strong></span> 
     </span>
    </p>
   </div>
   <div class='ocr_carea' id='block_1_97' title="bbox 242 5552 1724 5629">
    <p class='ocr_par' dir='ltr' id='par_1_97' title="bbox 242 5552 1724 5629">
     <span class='ocr_line' id='line_1_97' title="bbox 242 5552 1724 5629; baseline 0.005 -24"><span class='ocrx_word' id='word_1_746' title='bbox 242 5552 343 5629; x_wconf 59' lang='lat' dir='ltr'><strong>(II)</strong></span> <span class='ocrx_word' id='word_1_747' title='bbox 397 5558 484 5614; x_wconf 82' lang='lat' dir='ltr'><strong>Sic</strong></span> <span class='ocrx_word' id='word_1_748' title='bbox 535 5560 772 5629; x_wconf 78' lang='lat' dir='ltr'><strong>Seguer.</strong></span> <span class='ocrx_word' id='word_1_749' title='bbox 829 5558 981 5613; x_wconf 89' lang='lat' dir='ltr'><strong>Colb.</strong></span> <span class='ocrx_word' id='word_1_750' title='bbox 1053 5557 1241 5613; x_wconf 79' lang='lat' dir='ltr'><strong>Basili.</strong></span> <span class='ocrx_word' id='word_1_751' title='bbox 1295 5558 1504 5629; x_wconf 77' lang='lat' dir='ltr'><strong>Anglic.</strong></span> <span class='ocrx_word' id='word_1_752' title='bbox 1568 5558 1724 5613; x_wconf 86' lang='lat' dir='ltr'><strong>anl.</strong></span> 
     </span>
    </p>
   </div>
   <div class='ocr_carea' id='block_1_98' title="bbox 181 5614 1723 5702">
    <p class='ocr_par' dir='ltr' id='par_1_98' title="bbox 181 5614 1723 5702">
     <span class='ocr_line' id='line_1_98' title="bbox 181 5614 1723 5702; baseline 0.005 -26"><span class='ocrx_word' id='word_1_753' title='bbox 181 5614 395 5702; x_wconf 55' lang='lat' dir='ltr'><strong>quckm.</strong></span> <span class='ocrx_word' id='word_1_754' title='bbox 434 5629 540 5683; x_wconf 83' lang='lat' dir='ltr'><strong>Iet</strong></span> <span class='ocrx_word' id='word_1_755' title='bbox 575 5614 975 5702; x_wconf 37' lang='lat' dir='ltr'><strong>2&quot;ation._Alii</strong></span> <span class='ocrx_word' id='word_1_756' title='bbox 1024 5646 1148 5702; x_wconf 71' lang='lat' dir='ltr'><strong>cum</strong></span> <span class='ocrx_word' id='word_1_757' title='bbox 1202 5614 1409 5702; x_wconf 56' lang='lat' dir='ltr'><strong>editis:</strong></span> <span class='ocrx_word' id='word_1_758' title='bbox 1451 5628 1723 5699; x_wconf 81' lang='grc' dir='ltr'>βούληται.</span> 
     </span>
    </p>
   </div>
   <div class='ocr_carea' id='block_1_99' title="bbox 179 5685 1418 5768">
    <p class='ocr_par' dir='ltr' id='par_1_99' title="bbox 179 5685 1418 5768">
     <span class='ocr_line' id='line_1_99' title="bbox 179 5685 1418 5768; baseline 0.007 -27"><span class='ocrx_word' id='word_1_759' title='bbox 179 5685 547 5768; x_wconf 35' lang='grc' dir='ltr'><strong>υιίιιλβειωοτ.</strong></span> <span class='ocrx_word' id='word_1_760' title='bbox 583 5711 632 5753; x_wconf 89' lang='lat' dir='ltr'><strong>et</strong></span> <span class='ocrx_word' id='word_1_761' title='bbox 663 5698 815 5751; x_wconf 82' lang='lat' dir='ltr'><strong>Colb.</strong></span> <span class='ocrx_word' id='word_1_762' title='bbox 848 5699 1041 5751; x_wconf 86' lang='lat' dir='ltr'><strong>habent</strong></span> <span class='ocrx_word' id='word_1_763' title='bbox 1071 5698 1107 5750; x_wconf 77' lang='grc' dir='ltr'><strong>ἃ.</strong></span> <span class='ocrx_word' id='word_1_764' title='bbox 1140 5714 1233 5767; x_wconf 89' lang='lat' dir='ltr'><strong>pro</strong></span> <span class='ocrx_word' id='word_1_765' title='bbox 1254 5685 1418 5768; x_wconf 82' lang='grc' dir='ltr'>ἆπερ.</span> 
     </span>
    </p>
   </div>
   <div class='ocr_carea' id='block_1_100' title="bbox 241 5761 1137 5899">
    <p class='ocr_par' dir='ltr' id='par_1_100' title="bbox 241 5761 1137 5899">
     <span class='ocr_line' id='line_1_100' title="bbox 241 5761 1137 5899; baseline -0.001 -78"><span class='ocrx_word' id='word_1_766' title='bbox 241 5761 356 5899; x_wconf 61' lang='grc' dir='ltr'>(ιε)</span> <span class='ocrx_word' id='word_1_767' title='bbox 384 5768 603 5837; x_wconf 84' lang='lat' dir='ltr'><strong>Seguer.</strong></span> <span class='ocrx_word' id='word_1_768' title='bbox 631 5770 895 5827; x_wconf 76' lang='lat' dir='ltr'><strong>Collmrt.,</strong></span> <span class='ocrx_word' id='word_1_769' title='bbox 934 5768 1137 5836; x_wconf 77' lang='grc' dir='ltr'>βλέπει.</span> 
     </span>
     <span class='ocr_line' id='line_1_101' title="bbox 267 5832 1137 5899; baseline -0.001 -7"><span class='ocrx_word' id='word_1_770' title='bbox 267 5832 347 5899; x_wconf 66' lang='grc'>46)</span> <span class='ocrx_word' id='word_1_771' title='bbox 378 5836 463 5892; x_wconf 83' lang='lat' dir='ltr'><strong>Sic</strong></span> <span class='ocrx_word' id='word_1_772' title='bbox 486 5839 709 5899; x_wconf 79' lang='lat' dir='ltr'><strong>Seguer.</strong></span> <span class='ocrx_word' id='word_1_773' title='bbox 742 5838 843 5891; x_wconf 84' lang='lat' dir='ltr'><strong>Alii</strong></span> <span class='ocrx_word' id='word_1_774' title='bbox 867 5854 989 5893; x_wconf 89' lang='lat' dir='ltr'><strong>cum</strong></span> <span class='ocrx_word' id='word_1_775' title='bbox 1018 5840 1137 5892; x_wconf 62' lang='lat' dir='ltr'><strong>editi</strong></span> 
     </span>
    </p>
   </div>
   <div class='ocr_carea' id='block_1_101' title="bbox 267 5832 1469 5909">
    <p class='ocr_par' dir='ltr' id='par_1_101' title="bbox 267 5832 1469 5909">
     <span class='ocr_line' id='line_1_102' title="bbox 267 5832 1469 5909; baseline 0.008 -24"><span class='ocrx_word' id='word_1_776' title='bbox 267 5832 347 5904; x_wconf 73' lang='grc' dir='ltr'>ιδ)</span> <span class='ocrx_word' id='word_1_777' title='bbox 378 5832 709 5909; x_wconf 62' lang='grc' dir='ltr'>δίεῖδεειιιτ.</span> <span class='ocrx_word' id='word_1_778' title='bbox 742 5838 843 5891; x_wconf 84' lang='lat' dir='ltr'><strong>Alii</strong></span> <span class='ocrx_word' id='word_1_779' title='bbox 867 5832 989 5893; x_wconf 72' lang='lat' dir='ltr'><strong>cuin</strong></span> <span class='ocrx_word' id='word_1_780' title='bbox 1018 5839 1197 5906; x_wconf 90' lang='lat' dir='ltr'><strong>editis,</strong></span> <span class='ocrx_word' id='word_1_781' title='bbox 1232 5842 1469 5909; x_wconf 82' lang='grc' dir='ltr'>σαρκῶν.</span> 
     </span>
    </p>
   </div>
   <div class='ocr_carea' id='block_1_102' title="bbox 1829 4505 3393 4579">
    <p class='ocr_par' dir='ltr' id='par_1_102' title="bbox 1829 4505 3393 4579">
     <span class='ocr_line' id='line_1_103' title="bbox 1829 4505 3393 4579; baseline -0.005 -16"><span class='ocrx_word' id='word_1_782' title='bbox 1829 4526 2018 4566; x_wconf 80' lang='lat' dir='ltr'><strong>rursus</strong></span> <span class='ocrx_word' id='word_1_783' title='bbox 2044 4508 2339 4579; x_wconf 88' lang='lat' dir='ltr'><strong>progressi,</strong></span> <span class='ocrx_word' id='word_1_784' title='bbox 2382 4509 2607 4569; x_wconf 68' lang='lat' dir='ltr'><strong>aethera,</strong></span> <span class='ocrx_word' id='word_1_785' title='bbox 2635 4522 2838 4572; x_wconf 86' lang='lat' dir='ltr'><strong>aerem,</strong></span> <span class='ocrx_word' id='word_1_786' title='bbox 2870 4516 2923 4560; x_wconf 87' lang='lat' dir='ltr'><strong>et</strong></span> <span class='ocrx_word' id='word_1_787' title='bbox 2949 4521 3010 4560; x_wconf 88' lang='lat' dir='ltr'><strong>ea</strong></span> <span class='ocrx_word' id='word_1_788' title='bbox 3046 4520 3165 4573; x_wconf 69' lang='lat' dir='ltr'><strong>qua:</strong></span> <span class='ocrx_word' id='word_1_789' title='bbox 3191 4505 3243 4557; x_wconf 93' lang='lat' dir='ltr'><strong>in</strong></span> <span class='ocrx_word' id='word_1_790' title='bbox 3266 4518 3393 4556; x_wconf 86' lang='lat' dir='ltr'><strong>aere</strong></span> 
     </span>
    </p>
   </div>
   <div class='ocr_carea' id='block_1_103' title="bbox 1827 4596 3396 4669">
    <p class='ocr_par' dir='ltr' id='par_1_103' title="bbox 1827 4596 3396 4669">
     <span class='ocr_line' id='line_1_104' title="bbox 1827 4596 3396 4669; baseline -0.007 -12"><span class='ocrx_word' id='word_1_791' title='bbox 1827 4614 1977 4668; x_wconf 89' lang='lat' dir='ltr'><strong>sunt,</strong></span> <span class='ocrx_word' id='word_1_792' title='bbox 2020 4603 2148 4656; x_wconf 91' lang='lat' dir='ltr'><strong>deos</strong></span> <span class='ocrx_word' id='word_1_793' title='bbox 2190 4601 2545 4669; x_wconf 85' lang='lat' dir='ltr'><strong>appellavere.</strong></span> <span class='ocrx_word' id='word_1_794' title='bbox 2582 4598 2744 4651; x_wconf 89' lang='lat' dir='ltr'><strong>Iidem</strong></span> <span class='ocrx_word' id='word_1_795' title='bbox 2788 4613 2970 4651; x_wconf 89' lang='lat' dir='ltr'><strong>rursus</strong></span> <span class='ocrx_word' id='word_1_796' title='bbox 3001 4599 3051 4650; x_wconf 90' lang='lat' dir='ltr'><strong>iu</strong></span> <span class='ocrx_word' id='word_1_797' title='bbox 3077 4596 3231 4650; x_wconf 88' lang='lat' dir='ltr'><strong>malis</strong></span> <span class='ocrx_word' id='word_1_798' title='bbox 3270 4610 3396 4663; x_wconf 84' lang='lat' dir='ltr'><strong>pro-</strong></span> 
     </span>
    </p>
   </div>
   <div class='ocr_carea' id='block_1_104' title="bbox 1829 4686 3395 4759">
    <p class='ocr_par' dir='ltr' id='par_1_104' title="bbox 1829 4686 3395 4759">
     <span class='ocr_line' id='line_1_105' title="bbox 1829 4686 3395 4759; baseline -0.008 -10"><span class='ocrx_word' id='word_1_799' title='bbox 1829 4696 2088 4750; x_wconf 89' lang='lat' dir='ltr'><strong>cedentes</strong></span> <span class='ocrx_word' id='word_1_800' title='bbox 2112 4732 2129 4757; x_wconf 87' lang='lat'><strong>,</strong></span> <span class='ocrx_word' id='word_1_801' title='bbox 2182 4692 2446 4747; x_wconf 88' lang='lat' dir='ltr'><strong>elementa</strong></span> <span class='ocrx_word' id='word_1_802' title='bbox 2488 4704 2701 4759; x_wconf 86' lang='lat' dir='ltr'><strong>quoque</strong></span> <span class='ocrx_word' id='word_1_803' title='bbox 2734 4699 2782 4742; x_wconf 90' lang='lat' dir='ltr'><strong>et</strong></span> <span class='ocrx_word' id='word_1_804' title='bbox 2833 4688 3094 4757; x_wconf 88' lang='lat' dir='ltr'><strong>principia</strong></span> <span class='ocrx_word' id='word_1_805' title='bbox 3129 4686 3395 4754; x_wconf 87' lang='lat' dir='ltr'><strong>composi-</strong></span> 
     </span>
    </p>
   </div>
   <div class='ocr_carea' id='block_1_105' title="bbox 1829 4777 3397 4851">
    <p class='ocr_par' dir='ltr' id='par_1_105' title="bbox 1829 4777 3397 4851">
     <span class='ocr_line' id='line_1_106' title="bbox 1829 4777 3397 4851; baseline -0.007 -11"><span class='ocrx_word' id='word_1_806' title='bbox 1829 4787 1994 4841; x_wconf 90' lang='lat' dir='ltr'><strong>tionis</strong></span> <span class='ocrx_word' id='word_1_807' title='bbox 2020 4798 2343 4851; x_wconf 87' lang='lat' dir='ltr'><strong>corporum,</strong></span> <span class='ocrx_word' id='word_1_808' title='bbox 2388 4796 2579 4850; x_wconf 86' lang='lat' dir='ltr'><strong>nempe</strong></span> <span class='ocrx_word' id='word_1_809' title='bbox 2617 4781 2848 4836; x_wconf 87' lang='lat' dir='ltr'><strong>calidam</strong></span> <span class='ocrx_word' id='word_1_810' title='bbox 2886 4789 2941 4833; x_wconf 91' lang='lat' dir='ltr'><strong>ct</strong></span> <span class='ocrx_word' id='word_1_811' title='bbox 2975 4779 3260 4845; x_wconf 77' lang='lat' dir='ltr'><strong>frigidam,</strong></span> <span class='ocrx_word' id='word_1_812' title='bbox 3292 4777 3397 4831; x_wconf 91' lang='lat' dir='ltr'><strong>sic-</strong></span> 
     </span>
    </p>
   </div>
   <div class='ocr_carea' id='block_1_106' title="bbox 1824 4868 3398 4941">
    <p class='ocr_par' dir='ltr' id='par_1_106' title="bbox 1824 4868 3398 4941">
     <span class='ocr_line' id='line_1_107' title="bbox 1824 4868 3398 4941; baseline -0.006 -10"><span class='ocrx_word' id='word_1_813' title='bbox 1824 4892 1944 4931; x_wconf 87' lang='lat' dir='ltr'><strong>cam</strong></span> <span class='ocrx_word' id='word_1_814' title='bbox 1987 4884 2041 4929; x_wconf 88' lang='lat' dir='ltr'><strong>et</strong></span> <span class='ocrx_word' id='word_1_815' title='bbox 2075 4874 2347 4927; x_wconf 88' lang='lat' dir='ltr'><strong>humidam</strong></span> <span class='ocrx_word' id='word_1_816' title='bbox 2385 4882 2655 4935; x_wconf 87' lang='lat' dir='ltr'><strong>naturam,</strong></span> <span class='ocrx_word' id='word_1_817' title='bbox 2678 4871 2809 4926; x_wconf 89' lang='lat' dir='ltr'><strong>deos</strong></span> <span class='ocrx_word' id='word_1_818' title='bbox 2842 4885 3131 4941; x_wconf 80' lang='lat' dir='ltr'><strong>agnovere.</strong></span> <span class='ocrx_word' id='word_1_819' title='bbox 3170 4868 3239 4924; x_wconf 89' lang='lat' dir='ltr'><strong>Ut</strong></span> <span class='ocrx_word' id='word_1_820' title='bbox 3269 4884 3398 4923; x_wconf 76' lang='lat' dir='ltr'><strong>vero</strong></span> 
     </span>
    </p>
   </div>
   <div class='ocr_carea' id='block_1_107' title="bbox 1825 4965 3398 5040">
    <p class='ocr_par' dir='ltr' id='par_1_107' title="bbox 1825 4965 3398 5040">
     <span class='ocr_line' id='line_1_108' title="bbox 1825 4965 3398 5040; baseline -0.004 -18"><span class='ocrx_word' id='word_1_821' title='bbox 1825 4970 1914 5040; x_wconf 91' lang='lat' dir='ltr'><strong>qui</strong></span> <span class='ocrx_word' id='word_1_822' title='bbox 1944 4968 2158 5037; x_wconf 89' lang='lat' dir='ltr'><strong>penitus</strong></span> <span class='ocrx_word' id='word_1_823' title='bbox 2192 4966 2243 5020; x_wconf 92' lang='lat' dir='ltr'><strong>in</strong></span> <span class='ocrx_word' id='word_1_824' title='bbox 2298 4965 2621 5037; x_wconf 79' lang='lat' dir='ltr'><strong>profundum</strong></span> <span class='ocrx_word' id='word_1_825' title='bbox 2657 4967 2970 5021; x_wconf 87' lang='lat' dir='ltr'><strong>ceciderunt</strong></span> <span class='ocrx_word' id='word_1_826' title='bbox 2994 5004 3008 5029; x_wconf 85' lang='lat'><strong>,</strong></span> <span class='ocrx_word' id='word_1_827' title='bbox 3058 4965 3109 5019; x_wconf 93' lang='lat' dir='ltr'><strong>in</strong></span> <span class='ocrx_word' id='word_1_828' title='bbox 3147 4973 3293 5018; x_wconf 86' lang='lat' dir='ltr'><strong>terra</strong></span> <span class='ocrx_word' id='word_1_829' title='bbox 3342 4972 3398 5016; x_wconf 90' lang='lat' dir='ltr'><strong>et</strong></span> 
     </span>
    </p>
   </div>
   <div class='ocr_carea' id='block_1_108' title="bbox 1829 5054 3395 5127">
    <p class='ocr_par' dir='ltr' id='par_1_108' title="bbox 1829 5054 3395 5127">
     <span class='ocr_line' id='line_1_109' title="bbox 1829 5054 3395 5127; baseline -0.006 -10"><span class='ocrx_word' id='word_1_830' title='bbox 1829 5076 2017 5127; x_wconf 65' lang='lat' dir='ltr'><strong>caeno,</strong></span> <span class='ocrx_word' id='word_1_831' title='bbox 2046 5059 2387 5113; x_wconf 89' lang='lat' dir='ltr'><strong>terrestrium</strong></span> <span class='ocrx_word' id='word_1_832' title='bbox 2436 5058 2781 5112; x_wconf 90' lang='lat' dir='ltr'><strong>cochlearum</strong></span> <span class='ocrx_word' id='word_1_833' title='bbox 2824 5057 3017 5121; x_wconf 90' lang='lat' dir='ltr'><strong>instar,</strong></span> <span class='ocrx_word' id='word_1_834' title='bbox 3050 5066 3242 5125; x_wconf 90' lang='lat' dir='ltr'><strong>repunt</strong></span> <span class='ocrx_word' id='word_1_835' title='bbox 3272 5072 3286 5108; x_wconf 90' lang='lat'><strong>:</strong></span> <span class='ocrx_word' id='word_1_836' title='bbox 3321 5054 3395 5107; x_wconf 89' lang='lat' dir='ltr'><strong>ita</strong></span> 
     </span>
    </p>
   </div>
   <div class='ocr_carea' id='block_1_109' title="bbox 1830 5148 3395 5220">
    <p class='ocr_par' dir='ltr' id='par_1_109' title="bbox 1830 5148 3395 5220">
     <span class='ocr_line' id='line_1_110' title="bbox 1830 5148 3395 5220; baseline -0.006 -15"><span class='ocrx_word' id='word_1_837' title='bbox 1830 5151 2129 5220; x_wconf 88' lang='lat' dir='ltr'><strong>impiissimi</strong></span> <span class='ocrx_word' id='word_1_838' title='bbox 2165 5149 2443 5214; x_wconf 89' lang='lat' dir='ltr'><strong>mortales,</strong></span> <span class='ocrx_word' id='word_1_839' title='bbox 2478 5157 2763 5218; x_wconf 85' lang='lat' dir='ltr'><strong>postquam</strong></span> <span class='ocrx_word' id='word_1_840' title='bbox 2794 5148 3176 5218; x_wconf 86' lang='lat' dir='ltr'><strong>cogitationem</strong></span> <span class='ocrx_word' id='word_1_841' title='bbox 3212 5160 3240 5197; x_wconf 84' lang='lat' dir='ltr'><strong>a</strong></span> <span class='ocrx_word' id='word_1_842' title='bbox 3270 5158 3395 5197; x_wconf 78' lang='lat' dir='ltr'><strong>vera</strong></span> 
     </span>
    </p>
   </div>
   <div class='ocr_carea' id='block_1_110' title="bbox 1831 5240 3397 5309">
    <p class='ocr_par' dir='ltr' id='par_1_110' title="bbox 1831 5240 3397 5309">
     <span class='ocr_line' id='line_1_111' title="bbox 1831 5240 3397 5309; baseline -0.007 -9"><span class='ocrx_word' id='word_1_843' title='bbox 1831 5246 1926 5300; x_wconf 84' lang='lat' dir='ltr'><strong>Dei</strong></span> <span class='ocrx_word' id='word_1_844' title='bbox 1986 5244 2206 5299; x_wconf 85' lang='lat' dir='ltr'><strong>notione</strong></span> <span class='ocrx_word' id='word_1_845' title='bbox 2265 5256 2659 5309; x_wconf 87' lang='lat' dir='ltr'><strong>removerunt,</strong></span> <span class='ocrx_word' id='word_1_846' title='bbox 2712 5244 2962 5298; x_wconf 90' lang='lat' dir='ltr'><strong>homines</strong></span> <span class='ocrx_word' id='word_1_847' title='bbox 3013 5240 3397 5306; x_wconf 87' lang='lat' dir='ltr'><strong>hominumque</strong></span> 
     </span>
    </p>
   </div>
   <div class='ocr_carea' id='block_1_111' title="bbox 1911 5543 3393 5627">
    <p class='ocr_par' dir='ltr' id='par_1_111' title="bbox 1911 5543 3393 5627">
     <span class='ocr_line' id='line_1_112' title="bbox 1911 5543 3393 5627; baseline -0.011 -14"><span class='ocrx_word' id='word_1_848' title='bbox 1911 5557 2022 5627; x_wconf 70' lang='grc'>(47)</span> <span class='ocrx_word' id='word_1_849' title='bbox 2054 5555 2145 5610; x_wconf 87' lang='lat' dir='ltr'><strong>Sic</strong></span> <span class='ocrx_word' id='word_1_850' title='bbox 2176 5553 2397 5625; x_wconf 83' lang='lat' dir='ltr'><strong>Seguer.</strong></span> <span class='ocrx_word' id='word_1_851' title='bbox 2439 5569 2494 5612; x_wconf 83' lang='lat' dir='ltr'><strong>et</strong></span> <span class='ocrx_word' id='word_1_852' title='bbox 2536 5558 2685 5614; x_wconf 89' lang='lat' dir='ltr'><strong>Colb.</strong></span> <span class='ocrx_word' id='word_1_853' title='bbox 2715 5556 2818 5609; x_wconf 83' lang='lat' dir='ltr'><strong>Alit</strong></span> <span class='ocrx_word' id='word_1_854' title='bbox 2846 5568 2966 5609; x_wconf 90' lang='lat' dir='ltr'><strong>cum</strong></span> <span class='ocrx_word' id='word_1_855' title='bbox 3000 5544 3188 5613; x_wconf 57' lang='lat' dir='ltr'><strong>cditis,’</strong></span> <span class='ocrx_word' id='word_1_856' title='bbox 3208 5543 3393 5598; x_wconf 80' lang='grc' dir='ltr'>τοσοῦ-</span> 
     </span>
    </p>
   </div>
   <div class='ocr_carea' id='block_1_112' title="bbox 1835 5646 3394 5763">
    <p class='ocr_par' dir='ltr' id='par_1_112' title="bbox 1835 5646 3394 5763">
     <span class='ocr_line' id='line_1_113' title="bbox 1835 5646 3394 5763; baseline -0.015 -3"><span class='ocrx_word' id='word_1_857' title='bbox 1835 5646 2020 5763; x_wconf 46' lang='grc' dir='ltr'>τωίίίὸ)</span> <span class='ocrx_word' id='word_1_858' title='bbox 2072 5691 2407 5763; x_wconf 61' lang='lat' dir='ltr'><strong>Omnibonus</strong></span> <span class='ocrx_word' id='word_1_859' title='bbox 2448 5708 2501 5751; x_wconf 89' lang='lat' dir='ltr'><strong>et</strong></span> <span class='ocrx_word' id='word_1_860' title='bbox 2545 5648 2797 5749; x_wconf 67' lang='lat' dir='ltr'><strong>Ambros.</strong></span> <span class='ocrx_word' id='word_1_861' title='bbox 2853 5687 3091 5763; x_wconf 76' lang='lat' dir='ltr'><strong>Catuald.</strong></span> <span class='ocrx_word' id='word_1_862' title='bbox 3132 5684 3394 5763; x_wconf 53' lang='lat' dir='ltr'><strong>Kstner:-</strong></span> 
     </span>
    </p>
   </div>
   <div class='ocr_carea' id='block_1_113' title="bbox 1836 5758 3391 5837">
    <p class='ocr_par' dir='ltr' id='par_1_113' title="bbox 1836 5758 3391 5837">
     <span class='ocr_line' id='line_1_114' title="bbox 1836 5758 3391 5837; baseline -0.005 -17"><span class='ocrx_word' id='word_1_863' title='bbox 1836 5786 1931 5837; x_wconf 86' lang='grc' dir='ltr'><strong>ρας</strong></span> <span class='ocrx_word' id='word_1_864' title='bbox 1964 5758 2203 5834; x_wconf 75' lang='lat' dir='ltr'><strong>legerun&#39;t</strong></span> <span class='ocrx_word' id='word_1_865' title='bbox 2258 5781 2269 5815; x_wconf 88' lang='lat'><strong><em>:</em></strong></span> <span class='ocrx_word' id='word_1_866' title='bbox 2322 5782 2443 5819; x_wconf 83' lang='lat' dir='ltr'><strong>naut</strong></span> <span class='ocrx_word' id='word_1_867' title='bbox 2504 5767 2589 5820; x_wconf 89' lang='lat' dir='ltr'><strong>hic</strong></span> <span class='ocrx_word' id='word_1_868' title='bbox 2652 5765 2887 5816; x_wconf 70' lang='lat' dir='ltr'><strong>vaniores</strong></span> <span class='ocrx_word' id='word_1_869' title='bbox 2986 5759 3072 5813; x_wconf 86' lang='lat' dir='ltr'><strong>ille</strong></span> <span class='ocrx_word' id='word_1_870' title='bbox 3125 5758 3391 5813; x_wconf 70' lang='lat' dir='ltr'><strong>inaniora</strong></span> 
     </span>
    </p>
   </div>
   <div class='ocr_carea' id='block_1_114' title="bbox 1826 5850 2005 5894">
    <p class='ocr_par' dir='ltr' id='par_1_114' title="bbox 1826 5850 2005 5894">
     <span class='ocr_line' id='line_1_115' title="bbox 1826 5850 2005 5894; baseline 0 -3"><span class='ocrx_word' id='word_1_871' title='bbox 1826 5855 1909 5894; x_wconf 70' lang='grc' dir='ltr'><strong>νει</strong></span> <span class='ocrx_word' id='word_1_872' title='bbox 1925 5850 2005 5892; x_wconf 88' lang='grc' dir='ltr'>ιιι.</span> 
     </span>
    </p>
   </div>
  </div>
