4010 6504
594 358 663 418 19
1190 363 1249 422 S.
1290 358 1665 424 ATHANASH
1703 369 1854 425 OPP.
1895 369 2074 425 PARS
2109 369 2151 426 l.
2188 400 2258 411 -
2297 370 2669 429 HISTORIUA
2700 372 2789 428 ET
2824 365 3266 432 DOGMATICA:
3752 383 3820 436 9.0

598 480 802 535 formas
828 522 843 546 ,
874 496 995 537 cum
1022 483 1316 539 viventium
1349 498 1459 542 tum
1493 500 1823 546 mortuorum
1853 491 1995 547 inter
2021 493 2152 549 deos

2254 494 2465 558 τασίας,
2489 494 2674 548 λοιπὸν
2703 495 2795 580 καὶ
2810 494 2906 548 ἀνθ
2916 494 3126 564 ρώπους
3143 497 3237 550 καὶ
3256 496 3559 569 ἀνθρώπων
3585 502 3819 571 μορφὰς,

598 573 802 628 referre
846 585 1157 644 cmperunt.
1192 576 1330 643 Quin
1366 580 1528 635 etiam
1578 583 1755 652 pejora
1790 587 2067 654 meditati,
2106 592 2153 645 in

2260 584 2366 637 τῶν
2397 586 2492 656 μὲν
2514 585 2593 637 ἔτι
2635 575 2871 650 ζώντων,
2913 586 3022 638 τῶν
3064 586 3120 638 δὲ
3158 587 3252 639 κα)⁸
3298 588 3434 657 μετὰ
3466 588 3696 642 θάνατον
3746 592 3823 654 είς

594 662 796 733 lapides
818 676 873 721 et
898 666 1038 737 ligna
1058 707 1077 734 ,
1108 668 1161 722 in
1195 669 1405 739 reptilia
1438 674 1692 741 aquatilia
1720 685 1774 730 et
1805 687 2040 745 terrena,
2073 692 2153 736 at-

2260 676 2414 740 θεοὺς
2450 676 2740 748 ἀνέθηκαν.
2785 678 2904 731 Ἔτι
2953 678 3010 731 δὲ
3048 680 3142 731 καὶ
3185 680 3399 749 χείρονα
3445 678 3821 750 βουλευόμενοι

594 771 701 824 quc
725 759 775 810 in
803 758 946 812 feras
968 772 1021 813 et
1050 763 1236 815 brutas
1258 767 1565 819 animantes
1588 767 1825 823 divinum
1858 780 1913 825 et
1941 762 2160 830 cmleste

597 848 689 903 Dei
713 866 907 904 nomen
935 853 1349 919 transtulerunt,
1368 871 1662 926 omnesque
1692 861 1791 915 soli
1824 862 1929 918 Deo
1954 865 2160 922 debitos

592 952 828 1007 honores
881 954 985 1010 illis
1030 956 1396 1012 attribuerunt
1446 976 1460 1013 :
1517 975 1702 1016 verum
1755 974 1938 1019 autem
1994 966 2156 1022 Deum

602 1057 804 1114 Christi
835 1058 1048 1114 Patrem
1080 1051 1425 1129 reiecerunt:
1444 1063 1661 1120 Utinam
1698 1083 1827 1123 vero
1858 1070 1945 1124 hic
1967 1064 2158 1127 saltem.

592 1151 831 1204 stetisset
882 1151 1191 1207 insanorum
1234 1157 1539 1211 mortalium
1588 1161 1834 1227 audacia,
1884 1177 1983 1217 nec
2013 1164 2155 1220 ultra

590 1243 855 1309 progressi
908 1259 1027 1299 sese
1058 1246 1294 1310 graviori
1330 1247 1624 1317 impietatis
1658 1268 1854 1321 genere
1888 1257 2157 1311 contami-

589 1343 831 1390 nassent.
885 1335 1161 1403 Siquidem
1203 1339 1444 1393 nonnulli
1494 1341 1630 1396 adeo
1680 1355 1859 1398 mente
1903 1347 2157 1401 concide-

592 1434 733 1485 runt,
758 1434 811 1479 et
846 1442 1032 1480 eorum
1061 1428 1275 1483 animus
1307 1429 1774 1499 luitobscuratus,
1801 1444 1857 1489 ut
1889 1439 2052 1491 etiam
2069 1452 2154 1504 ea,

589 1527 711 1582 qua:
751 1516 897 1570 nullo
928 1517 1087 1571 modo
1124 1529 1335 1585 essent,
1392 1536 1489 1579 nec
1535 1522 1676 1577 inter
1706 1540 1791 1581 res
1820 1535 2031 1584 creatas
2059 1544 2159 1584 ex-

589 1606 884 1672 sisterent,
934 1608 1034 1677 ipsi
1080 1612 1620 1668 comminiscerentur
1653 1624 1706 1669 et
1733 1615 1862 1671 deos
1896 1618 2153 1675 facerent.

590 1697 891 1754 Humanam
942 1702 1085 1756 enim
1142 1703 1375 1757 formam
1425 1721 1544 1759 cum
1592 1709 1765 1764 brutis
1797 1711 2155 1769 animantibus

589 1788 980 1855 permiscentes
1004 1829 1020 1856 ,
1056 1801 1386 1862 naturasque
1437 1795 1723 1854 dissimiles
1756 1801 1914 1855 simul
1952 1817 2154 1860 conne-

2260 768 2367 838 (49)
2404 771 2498 822 καὶ
2526 769 2878 841 λογιζόμενοι,
2902 770 3000 842 ἤδη
3033 771 3087 823 δὲ
3116 773 3209 825 καί
3239 775 3316 835 είς
3343 773 3541 837 λίθους,
3568 775 3663 827 καὶ
3695 774 3822 838 ξύλα

2260 858 2353 910 καὶ
2385 860 2606 927 ἑρπετὰ,
2644 860 2836 931 ἔνυδρά
2866 879 2925 913 τε
2968 861 3060 914 καὶ
3094 866 3341 933 χερσαῖα,
3375 866 3466 917 καὶ
3498 867 3578 928 εἰς
3614 866 3685 918 τά
3714 866 3822 919 τῶν

2257 947 2464 1016 ἀλόγων
2486 950 2733 1019 ἀνήμερα
2756 950 2887 1013 ζῶα,
2917 952 3014 1021 τὴν
3047 952 3193 1005 θείαν
3210 954 3303 1006 καὶ
3332 955 3702 1027 ὑπερκόσμιον
3732 958 3822 1011 τοῦ

2258 1040 2390 1093 Θεοῦ
2428 1042 2792 1113 προσηγορίαν
2824 1044 3177 1113 μετήνεγκαν,
3214 1047 3392 1098 πᾶσαν
3430 1046 3595 1117 τιμὴν
3642 1048 3823 1112 αὐτοῖς

2258 1132 2391 1185 Θεοῦ
2452 1135 2849 1204 ἀπονέμοντες,
2889 1136 2981 1188 καὶ
3043 1137 3133 1188 τὸν
3191 1137 3439 1206 ἀληθινὸν
3502 1141 3599 1192 καὶ
3656 1140 3823 1203 ὅντως

2256 1222 2383 1277 ὄντα
2412 1224 2521 1291 (50)
2548 1224 2676 1277 Θεὸν
2702 1225 2789 1277 τὸν
2817 1225 2911 1278 τοῦ
2960 1227 3191 1296 Χριστοῦ
3226 1228 3441 1298 Πατέρα
3486 1230 3823 1299 ἀποστρεφό.

2260 1331 2426 1384 μενοι.
2460 1314 2582 1366 Είθε
2607 1314 2662 1366 δὲ
2698 1315 2799 1367 κᾶν
2838 1314 2995 1386 μέχρι
3018 1315 3217 1368 τούτων
3246 1319 3485 1388 εἱστήκει
3513 1319 3622 1372 τῶν
3651 1319 3821 1388 ἀφρό-

2256 1423 2362 1458 νων
2400 1405 2652 1475 ήτόλμα,
2688 1408 2783 1459 καὶ¹
2824 1407 2896 1477 μὴ
2927 1408 3231 1477 περαιτέρω
3278 1407 3551 1477 βαίνοντες
3598 1410 3825 1473 ἑαυτοὺς

2255 1498 2372 1558 ταῖς
2400 1496 2675 1560 ἀσεϐείαις
2714 1497 3003 1566 ὲνέφυρονί
3039 1492 3300 1550 Τοσοῦτον
3334 1499 3441 1568 γάρ
3473 1516 3620 1562 τινες
3659 1517 3826 1554 κατα-

2255 1585 2573 1641 πεπτὼκασι
2604 1590 2668 1659 τῇ
2711 1588 2917 1659 διανοίᾳ
2965 1589 3057 1642 καὶ
3101 1590 3492 1660 ὲσκοτίσθησαν
3539 1592 3633 1643 τὸν
3677 1592 3821 1658 νοῦν,

2255 1676 2395 1731 ὥστε
2421 1680 2514 1732 καὶ
2544 1678 2611 1731 τὰ
2644 1679 2764 1749 μηδ’
2789 1679 2924 1741 ὅλως
2948 1680 3207 1749 μηδαμῶς
3238 1680 3572 1751 ὑπάρχοντα.
3607 1682 3741 1751 μηδὲ
3768 1683 3825 1733 ὲν

2255 1771 2369 1831 τοῖς
2394 1770 2703 1839 γενομένοις
2752 1770 3066 1840 φαινόμενα,
3107 1772 3254 1840 ὅμως
3286 1772 3496 1834 ἑαυτοῖς
3539 1773 3825 1842 ἐπινοῆσαι

587 1887 833 1943 ctentes,
869 1890 1123 1951 tanquam
1158 1885 1288 1942 deos
1333 1888 1578 1942 venerari
1636 1907 1739 1945 non
1796 1893 2153 1969 erubuerunt.

2259 1861 2351 1914 καὶ
2383 1860 2715 1931 θεοποιῆσαι.
2753 1861 2958 1927 Λογικὰ
2983 1862 3091 1930 γὰρ
3115 1863 3324 1931 ἀλόγοις
3336 1863 3715 1934 ὲπιμίξαντες,
3734 1865 3824 1917 καὶ

590 1981 906 2053 Hujusmodi
941 1990 1126 2060 utique
1169 2004 1295 2048 sunt
1336 1995 1408 2048 dii
1440 1995 1516 2049 illi
1566 1998 1655 2066 qui
1705 2001 1842 2069 apud
1875 2000 2156 2071 AEgyptios

588 2075 763 2138 canis,
798 2082 1067 2147 serpentis
1102 2092 1156 2138 et
1195 2085 1331 2139 asini
1367 2096 1530 2154 caput
1562 2088 1779 2151 habent,
1812 2100 1867 2145 et
1900 2095 2037 2162 apud
2068 2094 2157 2148 Li-

587 2164 707 2235 bya:
741 2169 969 2239 populos
1013 2172 1244 2229 Ammon
1300 2177 1495 2230 arietis
1534 2179 1707 2247 capite
1751 2179 1998 2252 insignis.
2046 2183 2154 2239 Alii

585 2270 717 2312 vero
750 2262 994 2328 corporis
1023 2273 1234 2332 partes,
1269 2274 1327 2320 ut
1376 2276 1558 2337 caput,
1596 2271 1882 2337 humeros,
1912 2289 2153 2341 manum,

586 2348 805 2415 pedem,
838 2354 1063 2407 seorsim
1084 2355 1303 2420 divisas,
1331 2358 1569 2427 singulas
1596 2359 1737 2415 inter
1762 2363 1891 2418 deos
1926 2365 2156 2422 colloca-

587 2453 737 2503 vere,
762 2452 817 2495 et
848 2442 1045 2498 divinis
1071 2446 1367 2504 honoribus
1394 2461 1521 2506 sunt
1554 2455 1848 2521 prosecuti,
1868 2457 2021 2525 quasi
2048 2475 2153 2515 non

587 2532 826 2585 contenti
870 2532 1133 2603 religione
1164 2552 1290 2608 erga
1346 2547 1515 2596 totmn
1566 2552 1621 2597 et
1661 2545 1926 2615 integrum
1958 2565 2155 2620 corpus

588 2622 853 2677 adhibita.
903 2626 1009 2681 Alii
1054 2629 1332 2700 impietate
1384 2633 1546 2689 latius
1596 2636 1785 2693 diﬂ‘usa
1827 2641 2153 2711 voluptatem

588 2720 643 2766 et
671 2715 1018 2782 cupiditatem
1044 2762 1057 2785 ,
1102 2736 1222 2788 qua:
1251 2723 1490 2791 ipsorum
1529 2727 1747 2783 malitia:
1784 2740 1835 2784 et
1868 2741 2029 2788 tantae
2052 2733 2155 2788 im-

586 2803 808 2874 pietatis
835 2809 1049 2864 occasio
1076 2808 1198 2877 luit,
1228 2812 1358 2869 deos
1384 2814 1564 2876 fecere
1590 2829 1643 2873 et
1673 2820 1990 2890 adoravere,
2020 2839 2156 2895 qua-

588 2906 657 2962 lis
689 2918 772 2964 est
804 2913 942 2980 apud
974 2928 1068 2968 eos
1124 2915 1285 2970 Amor
1314 2926 1369 2973 et
1415 2920 1594 2975 Venus
1639 2922 1692 2977 in
1738 2922 1923 2996 Papho
1952 2926 2153 2987 insula.

589 2998 694 3053 Alii
726 3001 868 3056 velut
896 3003 1076 3072 pejora
1114 3007 1399 3063 ambitiose
1428 3010 1686 3076 annulati,
1714 3028 1840 3068 suos
1857 3016 2151 3089 principes,

591 3092 867 3145 autetiam
909 3093 1119 3148 illorum
1153 3096 1350 3152 liberos
1377 3099 1458 3153 vel
1490 3116 1585 3168 pro
1617 3118 1713 3157 sua
1743 3119 1873 3174 erga
1906 3121 2001 3162 eos
2052 3111 2150 3163 ob-

589 3185 882 3251 servantia,
910 3185 995 3242 vel
1025 3191 1335 3244 eorumdem
1362 3194 1662 3262 tyrannidis
1694 3207 1836 3251 metu
1860 3199 2001 3255 inter
2025 3201 2152 3258 deos
2179 3190 2221 3248 Ο

588 3290 877 3332 numerare
924 3279 1041 3332 ausi
1081 3290 1227 3335 sunt.
1265 3281 1412 3339 Talis
1453 3296 1535 3339 est
1568 3286 1619 3339 in
1661 3287 1820 3343 Creta
1867 3292 2155 3351 celeberri-

585 3380 710 3419 mus
752 3369 890 3434 apud
939 3370 1085 3436 ipsos
1131 3370 1360 3441 Jupiter,
1394 3375 1451 3445 8
1484 3376 1535 3429 in
1569 3381 1800 3435 Arcadia
1832 3383 2151 3451 Mercurius,

586 3458 725 3526 apud
758 3457 915 3516 ludos
947 3461 1235 3532 Dionysius
1271 3467 1382 3519 sive
1415 3468 1655 3524 Bacchus
1678 3512 1693 3537 ,
1728 3484 1781 3526 et
1819 3477 1956 3545 apud
1984 3477 2155 3550 Egy-

587 3553 728 3617 ptios
763 3550 897 3619 lsis,
935 3550 1106 3609 Osiris
1130 3563 1181 3609 et
1211 3556 1371 3612 Orus.
1409 3560 1555 3617 Talis
1580 3562 1666 3617 his
1700 3565 1863 3619 etiam
1903 3572 2154 3640 tempori-

588 3640 688 3695 bus
716 3642 981 3699 Antinous
1003 3645 1225 3701 Adriani
1257 3647 1621 3707 Romanorum
1654 3655 1991 3726 imperatoris
2010 3679 2156 3720 ama-

587 3736 722 3799 sius,
749 3749 913 3804 quem
947 3738 1165 3792 tametsi
1206 3738 1479 3796 hominem
1515 3742 1685 3801 fuisse
1713 3756 1766 3802 et
1795 3749 2007 3819 quidem
2056 3758 2155 3811 ho-

587 3839 790 3894 minem
821 3842 1046 3896 minime
1079 3859 1300 3912 gravem
1338 3855 1392 3901 et
1423 3848 1711 3908 honestum
1734 3895 1749 3919 ,
1778 3858 1871 3912 sed
1900 3859 2154 3930 impuris-

585 3929 783 3985 simum
817 3948 921 3987 non
950 3934 1238 4004 ignorant,
1286 3953 1405 3993 eum
1433 3952 1610 3997 tamen
1636 3947 1704 3999 ob
1734 3958 1933 4005 metum
1983 3956 2152 4025 impe-

586 4023 761 4078 rantis
808 4038 1156 4082 venerantur.
1198 4029 1328 4111 Cnm
1357 4033 1532 4099 enim,
1578 4038 1818 4095 Adriano
1845 4042 1897 4097 in
1931 4023 2151 4117 Egypti

586 4113 810 4183 regione
838 4117 1169 4187 diversante,
1210 4121 1482 4179 Antinous
1508 4126 1649 4183 illius
1679 4131 1967 4201 voluptatis
1995 4113 2151 4193 mini-

584 4214 702 4258 ster
747 4222 777 4261 e
802 4208 911 4261 vita
972 4210 1282 4281 migrasset,
1322 4230 1448 4271 eum
1500 4219 1798 4289 imperator
1823 4227 1924 4281 coli
1950 4228 2148 4298 jussit:

582 4314 692 4370 quo
722 4303 907 4371 utique
946 4303 1089 4361 facto
1119 4316 1173 4361 et
1198 4323 1257 4364 se
1288 4311 1650 4369 adolescentis
1690 4318 1852 4374 etiam
1892 4332 2010 4390 post
2034 4322 2152 4392 ejus

584 4402 812 4448 mortem
843 4410 1030 4452 amore
1063 4397 1292 4469 ﬂagrare
1318 4413 1398 4458 est
1436 4415 1685 4471 testatus,
1704 4418 1759 4462 et
1781 4410 1939 4479 justas
1977 4429 2152 4484 reprev

2256 1952 2479 2022 ἀνόμοια
2509 1956 2576 2024 τῇ
2610 1953 2765 2022 φύσει
2791 1955 3089 2024 ὲνείραντες
3113 1955 3242 2023 (51),
3278 1955 3353 2018 ὡς
3382 1954 3536 2018 θεοὺς
3558 1956 3826 2026 θρησκεύ-

2255 2060 2429 2095 ουσιν·
2456 2040 2555 2096 οἷοί
2578 2046 2712 2097 εἰσιν
2738 2046 2785 2097 οἱ
2811 2046 2937 2115 παρ’
2976 2046 3291 2113 Αἰγυπτίοις
3322 2046 3691 2115 κυνοκέφαλοι
3732 2048 3823 2100 καὶ

2254 2133 2598 2203 όφιοκέφαλοι
2626 2136 2718 2187 καὶ
2744 2136 3075 2203 όνοκέφαλοι,
3106 2136 3200 2189 καὶ
3219 2139 3247 2189 ό
3273 2137 3423 2207 παρὰ
3445 2137 3642 2192 Λίϐυσι
3675 2156 3825 2209 κριο-

2255 2225 2486 2294 κέφαλος
2514 2227 2766 2296 Ἀμμων.
2799 2226 2979 2279 ’Δλλοι
3004 2226 3061 2279 δὲ
3105 2226 3172 2280 τὰ
3217 2228 3355 2298 μέρη
3388 2229 3497 2281 τῶν
3534 2231 3823 2300 σωμάτων,

2254 2318 2516 2389 κεφαλὴν,
2544 2319 2636 2372 καὶ
2671 2313 2841 2389 ὦμον,
2867 2319 2959 2373 καὶ
2987 2322 3164 2389 χεῖρα,
3196 2321 3290 2373 καὶ
3314 2319 3452 2373 πόδα
3482 2321 3607 2374 καθ’
3655 2322 3825 2376 ἑαυτά

2253 2406 2532 2473 διελόντες,
2560 2408 2789 2463 ἕκαστον
2827 2411 2905 2473 εἰς
2935 2409 3088 2473 θεοὺς
3121 2410 3411 2481 ἀνέθηκαν,
3461 2413 3558 2466 καὶ
3590 2412 3827 2485 ἐξεθεία-

2256 2516 2375 2561 σαν,
2403 2498 2589 2570 ὥσπερ
2615 2488 2714 2553 οὒκ
2746 2500 3072 2572 ἀρκούμενοι
3114 2501 3173 2565 ἐξ
3223 2501 3518 2573 ὁλοκλήρου
3559 2504 3654 2557 τοῦ
3703 2505 3823 2558 ὅλου

2256 2590 2501 2661 σώματος
2536 2590 2677 2662 ἔχειν
2704 2591 2801 2663 τὴν
2840 2592 3152 2663 θρησκείαν.
3195 2593 3580 2658 Ἐπιτείνοντες
3620 2596 3677 2648 δὲ
3727 2597 3823 2668 τὴν

2253 2682 2505 2736 ἀσέϐειαν
2534 2682 2728 2755 ἕτεροι.
2757 2683 2854 2755 τὴν
2888 2684 3156 2755 πρόφασιν
3189 2686 3287 2755 τῆς
3321 2685 3528 2741 τούτων
3552 2688 3822 2759 εὑρέσεως

2253 2774 2345 2827 καὶ
2376 2773 2476 2843 τῆς
2506 2774 2710 2827 ἑαυτῶν
2742 2774 2937 2839 κακίας
2959 2775 3055 2846 τὴν
3075 2775 3261 2846 ἡδονὴν
3295 2778 3387 2831 καὶ
3410 2778 3509 2849 τὴν
3531 2779 3823 2851 ἐπιθυμίαν

2254 2864 2666 2937 θεοποιήσαντες
2704 2866 3123 2935 προσκυνοῦσιν·
3174 2864 3282 2931 οἶός
3311 2871 3459 2922 ἐστιν
3493 2871 3523 2922 ό
3557 2874 3688 2942 παρ’
3727 2874 3823 2925 αύ-

2252 2960 2363 3021 τοῖς
2394 2959 2592 3029 Ἔρως,
2623 2959 2717 3011 καὶ
2745 2960 2777 3029 ἡ
2811 2959 2867 3011 ὲν
2894 2958 3058 3030 Πάρῳ
3092 2960 3394 3032 Ἀφροδίτη.
3440 2963 3502 3015 Οἱ
3535 2962 3591 3015 δὲ
3621 2964 3819 3029 αὐτῶν,

2253 3051 2440 3124 ὥσπερ
2472 3051 2908 3123 φιλοτιμούμενοι
2943 3056 3055 3115 τοῖς
3082 3053 3336 3124 χείροσιν,
3367 3054 3675 3126 ἐτόλμησαν
3699 3058 3824 3119 τοὺς

2256 3145 2383 3216 παρ’
2411 3144 2588 3197 αὐτῶν
2612 3146 2872 3216 ἄρχοντας
2899 3143 2932 3215 ἥ
2978 3146 3072 3197 καὶ
3112 3146 3233 3207 τοὺς
3260 3143 3465 3197 τούτων
3503 3147 3696 3210 παῖδας
3745 3149 3823 3210 εἰς

2256 3235 2408 3299 θεοὺς
2434 3236 2705 3290 ἀναθεῖναι
2751 3237 2783 3308 ἢ
2823 3236 2911 3289 διὰ
2952 3235 3115 3306 τιμὴν
3155 3235 3263 3288 τῶν
3309 3235 3610 3305 ἀρξάντων.
3662 3238 3693 3309 ἢ
3735 3238 3822 3292 διὰ

2256 3326 2420 3395 φόϐον
2444 3327 2544 3396 τῆς
2573 3326 2753 3380 αὐτῶν
2801 3327 3131 3398 τυραννίδος,
3164 3327 3239 3391 ὼς
3277 3328 3304 3379 ὁ
3340 3328 3396 3378 ὲν
3446 3329 3643 3401 Κρήτῃ
3692 3329 3822 3401 παρ’

2254 3419 2437 3481 αὐτοῖς
2472 3418 2794 3488 περιϐόητος
2818 3419 2973 3482 Ζεὺς,
3006 3419 3101 3471 καὶ
3130 3421 3157 3471 ὁ
3187 3417 3292 3486 (δὲ)
3323 3420 3379 3470 ἐν
3406 3419 3667 3491 Ἀρκαδίᾳ
3702 3420 3826 3490 Ἐρ-

2257 3513 2395 3583 μῆς·
2428 3513 2519 3565 καὶ
2550 3512 2698 3584 παρά
2733 3513 2829 3583 μὲν
2870 3513 3052 3576 Ἰνδοῖς
3084 3510 3351 3575 Διόνυσος,
3382 3513 3534 3582 παρά
3574 3513 3633 3566 δὲ
3660 3514 3828 3580 Αίγυα

2254 3608 2431 3669 πτίοις
2446 3600 2584 3668 Ἶσις
2622 3602 2754 3674 (5⁵5),
2786 3606 2879 3658 καὶ
2913 3607 3146 3675 Ὄσιρις,
3186 3605 3278 3658 καὶ
3300 3600 3485 3675 Ὦρος,
3526 3606 3623 3660 καὶ
3660 3608 3688 3659 ό
3729 3606 3825 3659 νῦν

2267 3694 2538 3765 Ἀδριανοῦ
2587 3694 2681 3746 τοῦ
2727 3692 3009 3763 Ῥωμαίων
3046 3692 3310 3762 βασιλέως
3363 3694 3613 3758 παιδικὸς
3655 3694 3827 3747 Ἀντί-

2253 3803 2393 3849 νοος,
2427 3785 2485 3837 ὃν
2519 3784 2723 3854 καίπερ
2755 3783 2954 3846 εἰδότες
2977 3782 3278 3855 ἄνθρωπον,
3319 3784 3411 3835 καὶ
3449 3784 3731 3855 ἄνθρωπον
3760 3784 3822 3836 οὐ

2255 3877 2468 3948 σεμνὸν,
2499 3876 2909 3944 ἀλλ’ἀσελγείας
2935 3875 3205 3946 ἔμπλεων,
3237 3875 3325 3928 διὰ
3352 3874 3517 3943 φόϐον
3545 3874 3640 3927 τοῦ
3664 3892 3828 3946 προσο

2252 3968 2509 4034 τάξαντος
2547 3967 2819 4023 σέϐουσιν.
2874 3967 3245 4037 Ἐπιδημήσας
3288 3965 3397 4035 γὰρ
3441 3965 3714 4037 Ἀδριανὸς
3753 3968 3820 4037 τῇ

2253 4058 2406 4131 χώρᾳ
2434 4059 2538 4111 τῶν
2558 4059 2887 4127 Αἰγυπτίων,
2933 4057 3326 4129 τελευτήσαντα
3356 4058 3445 4110 τὸν
3488 4058 3587 4127 τῆς
3631 4056 3825 4126 ἡδονῆς

2252 4151 2414 4205 αὐτοῦ
2454 4151 2733 4222 ὑπηρέτην
2777 4150 3036 4203 Ἀντίνοον
3100 4150 3347 4203 ἐκέλευσε
3405 4147 3822 4221 θρησκεύεσθαι,

2251 4242 2412 4305 αὐτὸς
2446 4241 2541 4311 μὲν
2568 4241 2661 4293 καὶ
2690 4241 2825 4310 μετὰ
2856 4240 3080 4293 θάνατον
3113 4240 3251 4311 ἐρῶν
3294 4238 3388 4292 τοῦ
3440 4238 3650 4302 παιδὸς,
3675 4238 3823 4305 ἔλεγ-

2250 4350 2342 4403 χον
2371 4332 2427 4383 δὲ
2447 4331 2594 4400 ὅμως
2624 4330 2744 4383 καθ’
2776 4330 2984 4393 ἑαυτοῦ,
3021 4331 3115 4383 καὶ
3137 4329 3426 4401 γνώρισμα
3465 4330 3608 4383 κατά
3643 4330 3823 4399 πάσης

2252 4418 2688 4488 εἰδωλολατρείας
2737 4418 3011 4489 παρέχων,
3053 4419 3133 4471 ὅτι
3180 4418 3277 4470 οὐκ
3328 4417 3505 4481 ἄλλως
3556 4416 3818 4489 ἐφευρέθη

581 4483 862 4541 hensio-nis
896 4500 1275 4558 argumentum
1307 4494 1363 4547 in
1401 4495 1640 4565 seipsum
1690 4502 1942 4568 praebuit,
1969 4483 2147 4559 acde-

2252 4512 2402 4581 παρά
2431 4483 3033 4579 τοϊς-ἅνθρωποις-αὒτη
3060 4507 3092 4578 ἢ
3124 4508 3190 4561 δι’
3213 4506 3510 4578 ἐπιθυμίαν
3547 4483 3655 4560 τῶν
3687 4483 3823 4558 πλαζ

578 4576 741 4647 nique
764 4578 973 4651 insigne
995 4582 1257 4638 adversus
1282 4587 1591 4643 universam
1624 4591 1987 4649 idololatriam
2033 4605 2143 4651 sta-

579 4669 682 4723 tuit
709 4682 1116 4728 monumentum
1142 4714 1158 4740 ,
1196 4690 1303 4744 quo
1356 4695 1550 4749 nempe
1590 4691 1803 4750 pateret
1845 4686 1992 4740 illam
2038 4704 2143 4743 non

575 4758 736 4813 aliter
784 4762 852 4817 ab
903 4764 1214 4821 hominibus
1272 4768 1546 4825 inventam
1598 4772 1767 4828 fuisse
1812 4792 1973 4845 quam
2006 4794 2143 4833 vana

574 4850 1102 4917 comminiscentium
1130 4859 1460 4927 cupiditate;
1494 4866 1633 4932 quod
1665 4874 1719 4919 et
1747 4867 1840 4922 Dei
1881 4872 2142 4939 sapientia

576 4939 660 4995 his
704 4943 882 4999 verbis
922 4946 1204 5003 declarat:
1236 4949 1460 5006 Initium
1514 4956 1875 5024 fornicationis
1926 4972 2004 5016 est
2048 4981 2143 5018 ea:—

572 5032 789 5100 quisitio
812 5036 1075 5092 idolorum
1104 5041 1146 5094 ⁸.
1181 5042 1333 5108 Quod
1366 5046 1582 5114 quidem
1614 5063 1681 5102 ne
1710 5052 1947 5117 mireris,
1968 5070 2139 5124 neque

573 5126 759 5191 procul
790 5143 821 5181 a
862 5128 966 5184 lide
1000 5145 1122 5188 esse
1158 5136 1436 5192 existimes
1470 5141 1651 5208 velim,
1676 5146 1892 5210 quando
1927 5162 2033 5201 non
2066 5149 2139 5202 ita

569 5216 815 5289 pridem,
867 5223 960 5277 sed
992 5222 1240 5282 fortassis
1272 5228 1434 5284 etiam
1485 5232 1591 5289 hoc
1636 5243 1877 5306 tempore
1916 5252 2141 5295 senatus

674 5333 696 5365 ⁸
726 5334 851 5403 Sap.
888 5353 1001 5405 xrv,
1029 5340 1115 5395 12.

638 5428 748 5497 (49)
780 5431 871 5487 Sic
897 5432 1123 5501 Seguer.
1153 5443 1210 5489 et
1231 5432 1384 5493 Colb.
1412 5436 1517 5492 Alii
1556 5453 1677 5494 cum
1724 5440 1885 5495 editis
1906 5481 1923 5508 ,
1956 5440 2142 5513 βουλό-

571 5515 739 5567 μενοι.

642 5570 752 5642 (50)
788 5571 901 5642 Y0:
937 5573 1068 5628 ὂντα
1096 5575 1245 5629 deest
1276 5576 1329 5642 in
1356 5576 1586 5642 Segucr.

648 5640 757 5721 (ὃς)
785 5640 875 5721 _Si_c
908 5643 1131 5721 Seguer.
1173 5640 1327 5721 Coll).
1361 5656 1418 5721 et
1435 5640 1655 5714 Anglic.
1683 5648 1823 5721 Editi
1844 5689 1857 5710 .
1892 5649 2139 5721 ἐγείραν-

569 5725 681 5789 τες..
714 5710 952 5789 Ἐειιίὲηιτ
988 5710 1022 5768 Ξ
1046 5730 1211 5773 anon.
1243 5710 1633 5789 ἐνεγείραντες.
1684 5719 1844 5775 Paulo
1891 5710 2135 5788 post'de-

568 5780 695 5832 sinit
719 5796 817 5835 tus.
836 5782 991 5837 Colb.

2250 4602 2516 4672 σαμένων,
2544 4599 2725 4661 καθὼς
2757 4598 2849 4651 καὶ
2886 4599 2919 4668 ἡ
2954 4598 3113 4667 σοφία
3140 4596 3232 4651 τοῦ
3275 4596 3409 4650 Θεοῦ
3440 4595 3823 4668 προμαρτύρε-

2244 4711 2334 4746 ται
2373 4691 2639 4758 λέγουσα’
2694 4690 2865 4759 Ἀρχὴ
2924 4689 3203 4756 πορνείας
3255 4688 3489 4741 ἐπίνοια
3539 4686 3818 4740 εἰδώλων.

2245 4787 2354 4839 Καὶ
2380 4785 2536 4855 μήτοι
2566 4783 2676 4853 (54)
2706 4782 2993 4853 θαυμάσῃς
3038 4782 3171 4851 μηδὲ
3208 4779 3425 4851 μακρὰν
3455 4779 3691 4841 πίστεως
3737 4770 3819 4828 εἷ-

2242 4894 2329 4930 ναι
2353 4877 2412 4930 τὸ
2444 4876 2732 4946 λεγόμενον
2753 4876 2997 4948 νομίσῃς,
3026 4874 3157 4925 ὅπου
3185 4889 3247 4940 γε
3277 4872 3369 4923 καὶ
3390 4871 3448 4922 οὐ
3479 4868 3659 4938 πολλῴ
3690 4866 3821 4951 πρό-

2208 4984 2209 4987 ‘
2243 4985 2421 5040 τερον,
2454 4967 2486 5038 ἢ
2521 4968 2661 5038 τάχα
2694 4967 2789 5021 καὶ
2827 4967 2987 5038 μέχρι
3010 4965 3103 5017 νῦν
3133 4967 3166 5035 ή
3199 4963 3487 5034 Ῥωμαίων
3517 4963 3817 5031 σύγκλητος

2244 5062 2369 5123 τοὺς
2402 5060 2620 5113 πώποτε
2653 5059 2830 5112 αὐτῶν
2859 5058 3116 5127 ἐξοὰρχῆς
3160 5056 3428 5126 ἄρξαντας
3460 5054 3727 5124 βασιλέας,
3780 5050 3814 5118 ἢ

2246 5153 2473 5214 πάντας,
2498 5150 2532 5221 ἢ
2561 5149 2655 5213 οὓς
2678 5150 2743 5203 ἂν
2770 5148 2923 5202 αὐτοὶ
2957 5146 3248 5217 βούλωνται
3289 5146 3379 5198 καὶ
3411 5143 3814 5220 κρίνωσι,λδξχ;

2250 5244 2561 5309 ιιατίζουσιν
2590 5246 2646 5298 ὲν
2690 5244 2831 5305 θεοῖς
2860 5239 3021 5304 εἶναι,
3076 5241 3171 5292 καί
3217 5237 3615 5293 θρησκεύεσθαι
3662 5235 3816 5297 θεοὺς

2311 5445 2423 5512 (59.)
2446 5446 2670 5501 Articul.
2691 5447 2720 5499 ὁ
2745 5444 2893 5501 deest
2911 5444 2962 5497 in
2980 5443 3206 5513 Seguer.
3230 5442 3377 5498 Colb.
3399 5441 3564 5498 Basil.
3590 5440 3807 5497 Gobler.

2238 5514 3057 5592 elﬁslclsm-Iet?an°0-.
3216 5583 3265 5592 ..
3409 5583 3442 5592 η
3619 5580 3750 5592 η..

2309 5586 2420 5649 (55)
2454 5584 2550 5640 Isis
2577 5585 2778 5641 Graecis
2799 5596 2880 5639 est
2910 5582 3265 5653 Δημήτηρ,ῑεί
3296 5592 3377 5636 εει
3404 5583 3590 5653 Ceres.
3614 5581 3804 5642 Osiris;

2244 5656 2515 5721 Διόνυσος,
2570 5657 2619 5709 id
2674 5664 2755 5709 est
2785 5654 3026 5709 Bacchus
3062 5671 3074 5707 :
3108 5652 3161 5709 et
3189 5652 3363 5720 Orus,
3395 5652 3584 5722 Apollo
3606 5694 3622 5722 ,
3673 5661 3808 5707 teste

2252 5724 2526 5783 Herodoto
2563 5726 2612 5778 in
2649 5725 2889 5789 Euterpe.

2315 5796 2427 5865 (ὅά)
2462 5795 2683 5867 Segucr.
2715 5794 2837 5857 Alii,
2859 5796 3006 5867 μήτι.
