4010 6552
256 427 309 482 αι
1408 414 1669 472 onA'no
1703 413 1984 470 CONTRA
2024 413 2315 473 GENTES.
2596 480 2607 481 ί
3421 422 3494 476 gg

257 543 560 615 γράφουσιν.
601 532 704 602 Οἷς
744 538 844 609 μὲν
872 536 978 609 γὰρ
1028 533 1442 607 ἀπεχθάνονται,
1490 536 1712 598 τούτους
1748 535 1810 599 ὡς

1928 533 2204 588 Romanus
2237 548 2374 603 quos
2420 534 2488 589 ab
2538 533 2693 590 initio
2733 526 2920 590 habuit
2966 535 3359 608 imperatores,
3411 546 3494 599 vd

257 635 526 705 πολεμίους
557 632 664 701 τὴν
692 632 859 701 φύσιν
883 627 1216 702 ὁμολογοῦσι,
1246 630 1339 681 καὶ
1365 628 1681 699 ἀνθρώπους
1713 628 1810 681 ὀνο

1928 639 2137 688 omnes,
2174 625 2257 679 vel
2285 625 2480 679 saltem
2514 640 2653 695 quos
2683 627 2783 696 ipsi
2817 627 2990 697 placet
3017 639 3071 684 et
3100 630 3367 697 ejusmodi
3395 634 3494 689 bo-

264 727 544 799 μάζουσιν·
575 722 677 786 οὓς
727 723 787 775 δὲ
838 719 1203 790 καταθυμίους
1236 719 1439 789 έχουσι,
1484 719 1706 783 τούτους
1756 718 1824 772 δι’

260 814 610 888 ἀνδραγαθίαν
628 812 1033 885 θρησκεύεσθαι
1060 811 1508 883 προστάττουσιν,
1532 811 1718 881 ὥσπερ
1738 811 1823 863 ἐπ’

255 909 479 974 ἐξουσίας
511 908 627 976 (55)
665 906 886 976 ἔχοντες
934 905 992 957 τὸ
1024 903 1306 967 θεοποιεῖν,
1352 896 1505 955 αὐτοὶ
1550 901 1824 972 ἄνθρωποι

255 1000 610 1069 τυγχάνοντες,
632 998 729 1049 καὶ
756 993 892 1048 εἶναι
927 994 1105 1064 θνητοὶ
1132 992 1205 1064 μὴ
1234 992 1571 1064 ἀρνούμενοι.
1598 993 1741 1045 Ἔδει
1766 993 1823 1048 δὲ

257 1089 617 1150 θεοποιοῦντας
653 1089 858 1148 αὐτοὺς
880 1084 1074 1157 μᾶλλον
1112 1085 1307 1147 αὐτοὺς
1354 1079 1493 1136 εἶναι
1526 1081 1710 1144 θεούς·
1761 1081 1823 1133 τὸ

256 1182 347 1251 γὰρ
377 1177 562 1231 ποιοῦν
598 1176 696 1229 τοῦ
731 1174 1051 1245 ποιουμένου
1078 1176 1321 1239 κρεῖττον
1350 1167 1487 1225 εἶναι
1524 1171 1625 1235 δεῖ,
1663 1169 1757 1223 καὶ
1792 1171 1821 1222 ὁ

256 1270 432 1341 κρίνων
461 1266 555 1320 τοῦ
572 1266 903 1337 κρινομένου
933 1262 991 1328 ἐξ
1016 1264 1256 1333 ἀνάγκης
1284 1262 1457 1332 ἄρχει,
1481 1261 1574 1314 καὶ
1596 1264 1623 1313 ὁ
1646 1260 1821 1323 διδοὺς

257 1362 446 1424 πάντως
476 1360 505 1411 ὃ
554 1359 694 1429 ἔχει,
758 1355 1065 1427 χαρίζεται·
1105 1354 1292 1426 ὥσπερ
1335 1354 1529 1423 ἀμέλει
1587 1354 1679 1406 καὶ
1713 1354 1819 1414 πᾶς

258 1451 481 1521 βασιλεὺς
512 1450 541 1500 ὃ
580 1450 682 1518 μὲν
724 1447 839 1516 ἔχει
866 1442 1171 1516 χαρίζεται,
1206 1443 1312 1496 τῶν
1342 1443 1397 1497 δὲ
1436 1441 1818 1512 λαμϐανόντων

255 1543 490 1614 κρείττων
550 1541 647 1593 καὶ
679 1539 885 1609 μείζων
937 1537 1101 1591 ἐστίν.
1138 1536 1309 1605 Εἴπερ
1333 1530 1425 1587 οῦν
1458 1534 1549 1597 οὒς
1578 1533 1817 1586 θέλουσιν

256 1634 404 1695 αὐτοὶ,
434 1632 659 1695 τούτους
691 1631 854 1693 θεοὺς
903 1627 1317 1699 δογματίζουσιν
1364 1622 1524 1688 εἶναι,
1562 1624 1668 1677 ἔδει
1722 1623 1817 1677 καὶ¹

254 1726 423 1789 αὐτοὺς
450 1724 669 1794 πρῶτον
702 1718 846 1775 εἶναι
877 1719 1047 1782 θεούς.
1084 1717 1243 1772 Ἀλλὰ
1270 1716 1330 1769 τδ
1361 1714 1668 1785 θαυμαστόν
1699 1716 1814 1767 ἐστι

252 1815 405 1879 τοῦτο,
426 1816 528 1877 ὅτι,
564 1813 725 1867 αὐτοὶ
756 1811 1195 1881 ἀποθνήσκοντες
1233 1808 1309 1871 ὼς
1334 1808 1631 1878 ἄνθρωποι,
1656 1805 1813 1873 ἐλέγ-

1928 728 2059 768 nore
2092 715 2279 784 dignos
2324 728 2544 782 censet,
2584 717 2724 771 inter
2772 718 2903 772 deos
2952 733 3071 773 esse
3106 721 3382 788 decernit,
3428 738 3495 778 ac

1928 815 2180 874 tanquam
2217 809 2347 862 deos
2384 808 2486 863 coli
2522 809 2691 877 jubet.
2742 809 2987 880 Namque
3017 812 3231 867 illorum
3273 815 3491 883 quidem

1925 898 2119 967 quibus
2145 899 2217 952 illi
2257 901 2456 955 infensi
2486 911 2634 964 sunt,
2663 912 2912 958 naturam
2949 917 3267 972 agnoscunt,
3292 921 3493 975 eosque

1925 996 2112 1054 utpote
2148 988 2434 1054 inimicos,
2477 989 2722 1045 homines
2773 990 3161 1059 appellantzat
3188 1008 3313 1046 vero
3355 1008 3493 1061 quos

1923 1078 2149 1145 diligunt
2182 1088 2235 1132 et
2262 1079 2457 1135 charos
2493 1082 2710 1144 habent,
2732 1098 2825 1137 eos
2851 1084 2917 1137 ob
2945 1084 3191 1137 virtutem
3222 1084 3320 1138 coli
3350 1100 3490 1153 prae-

1923 1170 2145 1238 cipiunt,
2173 1173 2328 1240 quasi
2376 1174 2506 1228 deos
2532 1174 2763 1229 faciendi
2796 1184 3119 1243 potestatem
3165 1175 3265 1244 ipsi
3324 1176 3493 1228 habe-

1922 1272 2063 1331 rent,
2086 1265 2177 1332 qui
2233 1265 2417 1333 utique
2465 1265 2711 1319 homines
2739 1276 2884 1329 sunt,
2922 1274 2976 1318 et
3002 1280 3059 1318 se
3084 1262 3339 1319 mortales
3370 1278 3494 1317 esse

1922 1373 2024 1411 non
2075 1357 2411 1412 inficianlur.
2448 1357 2512 1410 lli
2549 1359 2693 1410 enim
2743 1356 2986 1426 profecto
3035 1356 3211 1425 potius
3240 1356 3331 1425 qui
3362 1356 3492 1409 deos

1920 1447 2129 1503 faciunt
2169 1450 2241 1503 dii
2275 1464 2398 1505 esse
2424 1450 2676 1505 censendi
2704 1460 2848 1513 sunt,
2879 1464 3039 1517 quam
3072 1465 3207 1519 quos
3251 1449 3354 1517 ipsi
3403 1447 3487 1503 fa-

1918 1543 2066 1596 ciunt
2089 1544 2235 1600 deos.
2256 1542 2528 1611 Siquidem
2550 1556 2635 1596 res
2666 1556 2786 1610 quae
2808 1541 2957 1605 facit,
2985 1556 3046 1594 ea
3109 1557 3229 1609 quae
3262 1541 3320 1593 tit
3353 1555 3491 1609 pra:-

1918 1633 2147 1687 Slantior
2174 1647 2293 1688 esse
2320 1633 2512 1700 debet;
2544 1641 2600 1688 et
2632 1634 2721 1702 qui
2754 1632 2985 1702 aliquem
3008 1633 3235 1702 judicat,
3267 1632 3383 1702 ejus
3399 1632 3492 1700 qui

1911 1722 2205 1792 judicatur,
2242 1724 2493 1779 dominus
2524 1725 2831 1779 sitnecesse
2869 1731 2993 1778 est:
3033 1724 3079 1781 is
3110 1724 3237 1777 item
3265 1725 3353 1791 qui
3389 1722 3492 1776 ali-

1916 1812 2046 1881 quid
2084 1812 2268 1877 donat,
2299 1814 2519 1868 omnino
2552 1815 2603 1869 id
2637 1815 2779 1882 quod
2808 1814 2969 1868 habet
3006 1813 3269 1884 largitur;
3302 1828 3493 1881 quem-

254 1924 381 1980 χουσι
405 1908 500 1977 τὴν
524 1905 739 1960 ἑαυτῶν
767 1903 894 1977 περὶ
921 1902 1029 1955 τῶν
1055 1899 1481 1972 θεοποιηθέντων
1515 1900 1603 1952 ὑπ’
1638 1898 1810 1952 αὐτῶν

1922 1904 2210 1960 admodum
2246 1916 2390 1960 certe
2420 1916 2474 1959 et
2517 1907 2695 1960 omnis
2744 1907 3059 1976 imperator,
3106 1907 3157 1960 id
3196 1906 3337 1974 quod
3377 1905 3492 1974 ipse

252 1999 403 2068 ψῆφον
433 1995 569 2051 εἷναι
596 1996 800 2067 ψευδῆ.

1924 1996 2106 2061 habet,
2140 1999 2324 2059 donat,
2358 1998 2532 2066 iisque
2556 2001 2644 2064 qui
2687 1998 2958 2065 accipiunt
2997 1998 3267 2066 potentior
3290 2005 3345 2051 et
3372 2011 3491 2049 ma-

250 2092 320 2161 jor
348 2103 441 2148 est.
467 2093 823 2161 Quapropter
846 2091 889 2145 si
913 2104 1047 2158 quos
1084 2088 1183 2157 ipsi
1215 2086 1501 2148 voluerint,
1537 2084 1664 2139 deos
1688 2098 1807 2141 esse
1844 2087 2143 2143 decernunt
2173 2107 2186 2144 :
2220 2105 2314 2144 eos
2330 2104 2461 2144 sane
2483 2091 2711 2158 primum
2740 2091 2867 2144 deos
2891 2103 3104 2157 quoque
3162 2103 3283 2143 esse
3332 2102 3491 2159 opor-

254 2195 384 2239 teret.
420 2184 614 2239 Verum
655 2184 764 2236 hoc
788 2181 930 2234 inter
955 2189 1149 2234 caetera
1218 2178 1581 2232 admiratione
1643 2178 1865 2246 dignum
1910 2180 2145 2245 videtur,
2202 2181 2344 2249 quod
2397 2182 2499 2250 ipsi
2549 2190 2804 2252 tanquam
2862 2182 3108 2237 homines
3154 2182 3487 2253 morientes,

252 2293 383 2331 suum
414 2279 477 2331 de
505 2277 617 2337 his,
646 2290 790 2343 quos
818 2275 950 2329 deos
975 2272 1238 2333 fecerunt,
1264 2270 1456 2324 falsum
1474 2285 1597 2324 esse
1613 2268 1928 2338 suﬂ'ragium
1957 2281 2143 2342 aperte
2171 2282 2425 2343 arguant.

311 2368 385 2422 10.
416 2366 587 2421 Τοῦτο
612 2367 671 2420 δὲ
701 2366 764 2418 τὸ
792 2364 913 2428 ἔθος
946 2365 1005 2418 ού
1050 2363 1255 2425 καινὸν,
1285 2363 1403 2415 οὐδὲ
1429 2362 1537 2415 ἀπὸ
1564 2362 1662 2431 τῆς
1695 2361 1819 2414 Ῥωο

255 2454 400 2524 μαίων
427 2454 631 2526 ἤρξατο
668 2452 892 2523 βουλῆς,
919 2452 1034 2505 ἀλλ’
1066 2448 1134 2522 ἦν
1157 2450 1361 2505 ἄνωθεν
1392 2450 1818 2520 προγιγνόμενον

253 2546 330 2599 καὶ
356 2544 842 2617 πῳμελετὼμενον
875 2544 965 2597 ἐπὶ
1012 2545 1111 2616 τὴν
1143 2544 1250 2596 τῶν
1294 2542 1531 2596 εἰδώλων
1584 2542 1811 2596 ἔννοιαν.

252 2640 340 2690 Καὶ
364 2638 466 2709 γὰρ
507 2641 558 2691 οἱ
599 2637 773 2691 πάλαι
806 2638 933 2709 παρ’
967 2635 1192 2705 Ἕλλησι
1241 2635 1651 2705 διαϐεϐοημένοι
1703 2636 1815 2690 θεοὶ

251 2729 378 2793 Ζεὺς,
404 2731 497 2783 καὶ
524 2729 826 2793 Ποσειδῶν,
880 2729 975 2782 καὶ
1016 2728 1307 2791 Ἀπόλλων,
1351 2730 1445 2781 καὶ
1485 2729 1809 2797 ’Ἠφαιστος,

251 2822 326 2871 καὶ
348 2821 571 2892 Ἑρμῆς,
596 2821 695 2873 καὶ
712 2821 771 2871 ὲν
807 2818 1047 2891 θηλείαις
1065 2820 1235 2889 ’Ἠρα,
1273 2819 1363 2871 καὶ
1397 2820 1680 2890 Δήμητρα,
1718 2819 1814 2872 καὶ

258 2913 584 2984 Ἀθήνηβϐ),
610 2913 708 2966 καὶ
753 2913 1038 2982 Ἀρτεμις,
1074 2914 1194 2975 ταῖς
1238 2911 1460 2980 Θησέως
1512 2911 1606 2963 τοῦ
1654 2910 1805 2982 παρὰ

246 3005 595 3075 τοξἹ-Ζλλησιν
632 3004 1015 3075 ἱστορουμένου
1059 3003 1341 3069 διαταγαῖς
1380 3001 1679 3073 ἐκρίθησαν
1716 3000 1807 3053 λέ-

248 3094 407 3160 γεσθαι
443 3095 583 3149 θεοί·
622 3096 719 3149 καὶ
748 3096 799 3147 οἱ
833 3095 933 3163 μὲν
967 3090 1367 3163 διαταξάμενοι,
1410 3092 1486 3155 ὼς
1532 3091 1807 3164 ἄνθρωποι

1991 2365 2073 2419 ιθ.
2111 2363 2222 2419 Nec
2263 2379 2391 2419 vero
2423 2379 2612 2419 recens
2637 2374 2723 2419 est
2777 2364 3079 2419 istiusmodi
3130 2366 3487 2422 consuetudo:

1913 2470 2089 2526 neque
2124 2472 2153 2509 a
2186 2453 2430 2511 Romano
2463 2466 2652 2510 senatu
2676 2456 2887 2510 initium
2922 2457 3096 2521 duxit,
3128 2459 3331 2512 seddiu
3357 2468 3486 2512 ante

1910 2550 1977 2604 ad
2007 2547 2252 2617 ﬁngenda
2302 2547 2439 2602 idola
2473 2548 2690 2601 inventa
2721 2556 2776 2602 et
2805 2549 3048 2601 instituta
3079 2558 3182 2603 est.
3218 2549 3295 2601 Illi
3339 2550 3486 2605 enim

1908 2640 1998 2708 qui
2030 2656 2060 2695 a
2094 2648 2241 2693 tanto
2293 2644 2532 2706 tempore
2574 2638 2647 2691 dii
2680 2642 2818 2707 apud
2856 2638 3073 2694 Graecos
3114 2638 3486 2705 celebrantur,

1907 2724 2133 2795 Jupiter,
2165 2724 2466 2795 Neptunus,
2493 2726 2706 2796 Apollo,
2749 2725 3045 2794 Vulcanus,
3082 2727 3403 2795 Mercurius,
3431 2737 3485 2783 et

1908 2835 1937 2872 e
1966 2818 2180 2872 feminis
2216 2817 2377 2883 Juno,
2403 2817 2588 2881 Ceres,
2616 2818 2812 2886 Pallas,
2840 2819 3026 2884 Diana,
3056 2821 3248 2876 edictis
3271 2819 3486 2887 Thesei,

1908 2924 2067 2978 quem
2103 2909 2413 2963 Griecorum
2469 2910 2716 2965 historia:
2762 2912 3034 2980 prazcipue
3078 2914 3485 2975 commendant,

1908 3001 2244 3055 divinitatem
2278 3012 2403 3056 sunt
2444 3003 2738 3056 consecuti.
2781 3001 2917 3057 Hinc
2957 3003 3035 3056 illi
3068 3003 3161 3071 qui
3202 3002 3253 3055 id
3298 3002 3486 3057 sanci-

1907 3107 2056 3154 vere,
2082 3102 2140 3145 ut
2169 3092 2414 3146 homines
2438 3132 2454 3157 ,
2492 3094 2687 3146 mortui
2724 3093 2975 3163 lugentur
3006 3110 3019 3147 :
3056 3093 3106 3146 bi
3137 3104 3315 3148 autem
3347 3107 3486 3160 quos

246 3184 675 3258 ἀποθνήσκοντες,
696 3183 1049 3255 θρηνοῦνται·
1087 3182 1179 3245 οὒς
1202 3182 1259 3234 δὲ
1294 3164 1625 3245 διετάξαντο,
1657 3175 1803 3234 οῦτοι

1912 3184 2038 3239 deos
2066 3200 2187 3241 esse
2208 3195 2535 3249 statuerunt,
2570 3196 2825 3256 tanquam
2871 3186 2944 3239 dii
2974 3185 3289 3239 adorantur.
3319 3184 3363 3240 Ο
3397 3185 3483 3238 in-

247 3275 307 3339 ὡς
330 3277 436 3330 θεοὶ
460 3276 918 3348 προσκυνοῦνται.
952 3276 1016 3327 Ὢ
1054 3274 1255 3345 πολλῆς
1302 3274 1673 3341 ἐναντιότητος
1715 3273 1809 3325 καὶ

249 3368 418 3435 μανίας
441 3369 451 3419 !
476 3369 578 3421 Τὸν
610 3366 1005 3437 διαταξάμενον
1026 3366 1244 3429 εἰδότες,
1270 3364 1363 3429 οὒς
1382 3365 1658 3429 διετάξατο
1674 3364 1805 3434 (57),

246 3457 545 3527 προτιμῶσι.
582 3457 694 3509 Καὶ
728 3455 845 3508 εἴθε
888 3456 1079 3526 μέχρις
1109 3455 1361 3526 ἀρρένων
1395 3455 1638 3527 εἱστήκει
1688 3453 1808 3506 τού-

244 3564 332 3600 των
361 3552 391 3619 ἡ
417 3548 776 3619 εἰδωλομανία
798 3547 933 3617 (58).
959 3550 1052 3601 καὶ
1086 3548 1160 3619 μὴ
1189 3550 1267 3611 είς
1306 3547 1526 3618 θηλείας
1578 3548 1810 3619 κατέφε-

249 3658 323 3711 ρον
340 3643 432 3714 τὴν
453 3643 599 3696 θείαν
628 3640 1027 3714 προσηγορίαν.
1053 3641 1163 3694 Καὶ
1178 3641 1286 3711 γὰρ
1312 3640 1405 3693 καὶ
1432 3644 1719 3709 γυναῖκας,
1743 3640 1811 3704 ἃς

245 3735 345 3787 οὐδὲ
370 3737 445 3799 εἰς
472 3736 657 3806 κοινὴν
692 3734 824 3805 περὶ
861 3733 1199 3804 πραγμάτων
1240 3733 1573 3803 συμϐουλίαν
1597 3733 1810 3803 λαμϐά-

245 3842 337 3878 νειν
359 3828 607 3897 ἀσφαλὲς,
638 3825 845 3888 ταύτας
869 3827 934 3895 τῇ
960 3824 1052 3878 τοῦ
1084 3824 1218 3878 Θεοῦ
1262 3828 1395 3896 τιμῇ
1446 3825 1807 3896 θρησκεύουσι

247 3921 323 3972 καὶ
351 3920 607 3983 σέϐουσιν,
634 3920 716 3982 ὡς
760 3919 816 3971 αἱ
862 3917 958 3988 μὲν
999 3915 1147 3989 παρὰ
1182 3915 1403 3985 Θησέως
1437 3917 1803 3985 διαταγεῖσαι,

247 4004 411 4081 ἃςβθ)
444 4014 889 4085 προειρήκαμεν,
924 4009 1074 4079 παρὰ
1100 4008 1155 4060 δὲ
1184 4010 1503 4076 Αἰγυπτίοις
1541 4006 1679 4073 Ἶσις
1714 4010 1808 4063 κα)⁸

247 4100 369 4173 Κόρη
384 4107 472 4157 καὶ
498 4103 771 4173 Νεωτέρα.
789 4100 921 4170 (60),
944 4099 1033 4152 καὶ
1052 4099 1181 4169 παρ⁴
1202 4098 1378 4162 ἄλλοις
1408 4100 1710 4169 Ἀφροδίτη.
1727 4100 1807 4153 Τὰ

246 4194 333 4265 γὰρ
351 4196 449 4251 τῶν
475 4197 657 4250 ἄλλων
681 4195 927 4264 ὀνόματα
952 4192 1073 4245 οὐδὲ
1106 4192 1287 4258 λέγειν
1320 4193 1514 4259 εὐαγὲς
1543 4192 1805 4263 ἠγοῦμαι,

248 4287 395 4361 πάσης
416 4290 613 4361 χλεύης
647 4289 784 4341 ὄντα
813 4287 1004 4357 μεστά.
1048 4284 1241 4337 Πολλοὶ
1291 4284 1399 4355 γὰρ
1443 4286 1504 4337 οὐ
1558 4285 1715 4357 μόνον
1749 4287 1806 4338 ἐν

246 4382 338 4443 τοῖς
361 4383 542 4442 πάλαι,
575 4378 721 4434 ἀλλὰ
743 4378 838 4433 καὶ
874 4378 931 4429 ὲν
957 4380 1067 4441 τοῖς
1088 4376 1209 4430 καθ’
1238 4377 1385 4448 ἡμᾶς
1409 4376 1640 4447 χρόνοις,
1682 4377 1807 4430 ἀπο-

250 4468 466 4537 ϐαλόντες
493 4474 731 4542 φίλτατα
751 4471 848 4524 καὶ
877 4470 1139 4539 ἀδελφοὺς
1160 4470 1255 4523 καὶ
1286 4474 1567 4539 συγγενεῖς
1591 4473 1685 4525 καὶ
1709 4489 1807 4538 γυν

248 4564 407 4626 ναῖκες
423 4602 439 4629 ,
473 4564 670 4617 πολλαὶ
693 4562 751 4614 δὲ
793 4562 885 4613 καὶ
912 4560 1108 4631 ἄνδρας
1130 4560 1520 4625 ἀποϐαλοῦσαι,
1545 4562 1638 4625 οὒς
1663 4561 1801 4616 πάν-

245 4654 374 4723 ταςὴ
407 4653 565 4721 φύσις
607 4650 841 4723 ἦλεγξεν
877 4650 1193 4722 ἀνθρώπους
1233 4647 1371 4705 εἶναι
1399 4652 1646 4723 θνητοὺς,
1680 4651 1804 4704 τού-

247 4756 345 4806 τους
380 4747 466 4798 καὶ
485 4744 698 4807 ταύτας
724 4742 817 4796 διὰ
840 4742 902 4805 τὸ
927 4742 1061 4795 πολὺ
1096 4744 1221 4814 περὶ
1243 4743 1423 4797 αὐτῶν
1454 4744 1649 4806 πένθος
1671 4744 1802 4795 ἀναη

248 4832 706 4910 ζωγραφήσαντες,
726 4836 823 4887 καὶ
849 4834 1039 4898 θυσίας
1059 4835 1489 4899 ἁναπλάσαντες,
1504 4834 1797 4903 ἀνέθηκαν,

247 4922 317 4987 οὓς
339 4926 383 4977 οἱ
412 4926 544 4996 μετὰ
577 4924 759 4978 ταῦτα
782 4923 870 4977 διὰ
888 4923 985 4994 τὴν
1016 4923 1232 4989 πλάσιν,
1264 4925 1357 4977 καὶ
1385 4926 1482 4995 τὴν
1502 4924 1596 4976 τοῦ
1619 4924 1797 4994 τεχνί-

245 5026 317 5064 του
337 5016 640 5087 φιλοτιμίαν
673 5014 833 5078 θεοὺς
878 5014 1271 5085 ἐθρήσκευσαν,
1300 5018 1533 5088 πρᾶγμα
1566 5016 1804 5085 πάσχον-

245 5119 314 5166 τες
340 5107 395 5159 ού
444 5108 587 5160 κατὰ
614 5106 804 5175 φύσιν.
838 5105 944 5169 Οὓς
972 5106 1081 5177 γὰρ
1119 5109 1169 5159 οἱ
1214 5110 1389 5175 γονεῖς
1436 5108 1511 5170 ὡς
1540 5107 1613 5178 μὴ
1641 5108 1801 5172 ὂντας

245 5189 372 5258 θεοὺς
393 5197 703 5268 ἐθρήνησαν
742 5194 865 5265 (οὐκ
914 5196 980 5250 ἂν
1010 5196 1139 5268 γὰρ,
1172 5198 1330 5270 εἴπερ
1360 5198 1579 5269 ⁴ᾔδεισαν
1606 5199 1800 5264 αὐτοὺς

300 5328 399 5399 (55)
424 5331 514 5386 Sic
538 5331 709 5386 Basil.
751 5344 807 5385 et
846 5334 1056 5402 Anglic.
1107 5334 1282 5388 Editio
1312 5321 1580 5388 Commcl:
1611 5346 1666 5389 et
1705 5336 1795 5391 alii

245 5410 353 5470 mss.
381 5403 531 5456 unica
560 5419 696 5457 voce
725 5403 926 5456 habent
951 5404 1295 5470 ὲπεξουσίας,
1327 5407 1422 5458 sed
1450 5407 1723 5461 mendose.

302 5469 402 5546 ιξθ)
431 5472 683 5546 §eguer.,
707 5474 972 5546 ᾼήμητρα
998 5486 1051 5527 et
1068 5469 1074 5470 ⁷
1091 5475 1311 5546 Ἀθηνᾶ.

304 5539 404 5611 (57)
434 5539 684 5611 Seguer“
708 5539 954 5609 διετάξαν
969 5561 1038 5596 :0.

307 5608 406 5682 (58)
438 5608 529 5666 Sic
552 5613 783 5681 Seguer.
836 5614 997 5667 Basil.
1043 5614 1250 5682 Anglic.
1291 5613 1505 5669 Gobler.
1552 5614 1790 5671 Felckm.

236 5676 268 5741 ,l
300 5676 498 5755 egon.
531 5676 793 5755 Aliicpui
818 5676 1473 5755 ξθιιίιίξ,είδῶλολατρεία.

308 5748 406 5821 (59)
436 5754 660 5821 Seguer.
692 5750 914 5808 Gobler.
947 5753 1181 5807 Felckm.
1214 5757 1233 5806 1
1275 5748 1386 5807 6ιῖ
1423 5770 1608 5818 anon.,
1639 5754 1732 5816 ὡς.

308 5819 408 5887 (60)
448 5819 701 5874 Ambros.
757 5823 1080 5885 Camaldul.,
1111 5823 1348 5886 Puellam
1394 5836 1447 5877 et
1484 5826 1794 5875 Adolescen-

252 5893 393 5944 tulum
421 5892 505 5949 hic
532 5902 696 5947 vertit
722 5908 734 5943 :
770 5894 1121 5963 Omnibonus,
1149 5893 1519 5965 Proserpinam
1564 5906 1617 5949 et
1650 5892 1791 5949 Neo-

1910 3276 2224 3331 credibilem
2280 3277 2686 3347 repugnantiam
2733 3286 2893 3344 atque
2938 3278 3206 3331 insaniam
3244 3277 3257 3329 l
3308 3275 3480 3330 Notus

1911 3368 2038 3436 ipsis
2068 3376 2149 3421 est
2181 3368 2271 3437 qui
2306 3369 2435 3422 deos
2464 3368 2581 3422 illos
2610 3383 2730 3422 esse
2762 3368 2964 3431 sanxit,
2989 3378 3042 3421 et
3076 3383 3209 3437 quos
3238 3366 3327 3420 ille
3356 3381 3485 3419 san-

1909 3462 2019 3527 xit,
2063 3462 2237 3517 eidem
2278 3461 2656 3529 anteponunt!
2698 3461 2894 3514 Verum
2935 3462 3143 3514 utinam
3184 3460 3376 3512 saltem
3429 3457 3483 3511 in

1910 3555 2150 3608 maribus
2179 3555 2422 3608 stetisset
2464 3568 2651 3607 eorum
2703 3553 3033 3617 idololatria,
3068 3568 3239 3622 neque
3268 3550 3484 3611 feminis

1908 3646 2151 3701 divinum
2194 3660 2385 3700 nomen
2436 3645 2797 3699 detulissent!
2833 3646 3112 3714 Siquidem
3160 3646 3323 3700 etiam
3360 3662 3482 3700 mu-

1909 3732 2089 3799 lieres,
2115 3748 2252 3803 quas
2281 3748 2456 3803 neque
2482 3733 2547 3787 ad
2585 3732 2800 3803 publica
2827 3734 3057 3789 concilia
3095 3735 3381 3791 admittere
3403 3746 3485 3789 tu-

1910 3833 2019 3879 tum
2067 3833 2170 3893 eSt,
2222 3825 2420 3880 divinis
2452 3825 2749 3881 honoribus
2798 3818 2984 3880 colunt
3030 3834 3085 3881 et
3129 3835 3481 3892 venerantur,

1908 3916 2094 3986 quales
2142 3929 2303 3983 sunt,
2352 3932 2492 3988 qtae,
2534 3928 2591 3972 ut
2619 3933 2782 3987 supra
2816 3917 3077 3984 diximus,
3109 3919 3301 3975 Thesei
3341 3933 3484 3989 pre-

1910 4011 2112 4077 scripto
2135 4008 2279 4063 inter
2314 4010 2534 4062 nmnina
2559 4019 2683 4063 sunt
2716 4010 2919 4075 relatae,
2953 4019 3008 4064 et
3034 4010 3175 4079 apud
3200 4008 3484 4080 Egyptios

1908 4099 2027 4164 Isis,
2064 4100 2244 4154 Puella
2281 4111 2336 4156 et
2363 4102 2781 4156 Adolescentula
2808 4142 2823 4167 ,
2859 4114 3019 4170 atque
3044 4103 3185 4172 apud
3213 4104 3347 4158 alios
3380 4104 3484 4158 Ve-

1910 4208 2029 4245 nus.
2051 4191 2184 4246 Nam
2214 4193 2443 4246 aliarqu
2474 4194 2703 4248 ridicula
2733 4195 2950 4248 nomina
2986 4194 3232 4262 proferre
3262 4193 3343 4248 fas
3360 4210 3483 4249 esse

1909 4299 2013 4339 non
2052 4299 2191 4338 reor.
2219 4284 2369 4337 Multi
2397 4285 2540 4339 enim
2584 4302 2689 4340 nou
2724 4287 2921 4355 priscis
2951 4270 3159 4339 tantum
3185 4326 3198 4349 ,
3248 4287 3341 4340 sed
3384 4301 3481 4340 no-

1908 4374 2036 4428 stris
2066 4374 2228 4428 etiam
2256 4377 2605 4445 temporibus,
2640 4386 2761 4444 post
2792 4377 3022 4431 amissos
3048 4391 3184 4443 quos
3212 4375 3482 4430 habebant

1910 4466 2292 4530 cbarissimos,
2335 4464 2392 4536 9
2426 4475 2535 4519 tum
2572 4465 2771 4520 fratres
2804 4477 2913 4520 tum
2947 4477 3205 4535 cognatos
3239 4482 3303 4521 ac
3349 4482 3480 4520 uxo-

1916 4573 2003 4613 res
2042 4577 2057 4612 :
2104 4558 2282 4613 multa:
2332 4560 2458 4613 item
2489 4558 2744 4613 mulieres
2792 4558 3078 4612 exstinctis
3125 4559 3258 4612 viris
3321 4557 3482 4630 (quos

1909 4665 2040 4703 sane
2072 4663 2261 4704 omnes
2283 4689 2300 4713 ,
2347 4649 2608 4704 mortales
2639 4649 2883 4703 homines
2930 4649 3093 4704 fuisse
3121 4659 3314 4703 natura
3349 4665 3483 4704 cono

1911 4742 2121 4812 vincit),
2156 4742 2279 4798 illos
2305 4753 2362 4798 et
2407 4742 2549 4806 illas,
2582 4753 2812 4812 cogente
2843 4743 3018 4797 luctus
3046 4744 3368 4806 acerbitate,
3400 4743 3482 4811 pi-

1909 4843 2061 4889 ctura
2101 4843 2490 4901 expresserunt
2518 4844 2571 4888 et
2602 4834 2847 4888 conﬁctis
2877 4833 3161 4888 sacriﬁciis
3189 4849 3479 4889 consecra-

1907 4935 2055 4991 runt,
2088 4940 2224 4994 quos
2253 4925 2448 4981 deinde
2491 4928 2691 4994 posteri
2729 4927 2798 4981 ob
2823 4927 3021 4996 pictum
3052 4928 3396 4983 simulacrum
3423 4937 3479 4983 et

1902 5017 2126 5070 artificis
2154 5017 2473 5071 industriam
2508 5029 2764 5089 tanquam
2793 5019 2926 5075 deos
2955 5021 3192 5075 venerati
3229 5032 3376 5087 sunt,
3400 5020 3477 5075 id-

1903 5121 2005 5175 que
2058 5120 2253 5175 praeter
2294 5124 2510 5163 onmem
2561 5121 2767 5166 natura:
2806 5115 3105 5183 rationem.
3155 5113 3303 5180 Quos
3329 5113 3474 5168 enim

1901 5199 2005 5270 ipsi
2031 5209 2286 5269 parentes
2315 5200 2501 5256 luxere
2535 5212 2590 5256 ut
2620 5204 2713 5273 qui
2744 5204 2817 5258 dii
2854 5219 2960 5260 non
3003 5215 3188 5261 essent
3219 5205 3474 5276 (namque

1895 5347 2079 5390 teram.
2105 5337 2344 5392 Nannius
2372 5337 2744 5409 Proserpinam
2770 5340 3020 5393 minorem
3040 5340 3187 5408 quasi
3212 5338 3471 5407 Νεωτέρα

1894 5410 1986 5460 ad-
2017 5409 2168 5480 Κόρη
2227 5408 2541 5482 referretur.
2566 5408 2777 5482 ίΚόρην
2830 5410 3063 5482 Latinis
3088 5410 3466 5482 Proserpinam

1893 5493 2014 5531 esse
2042 5476 2199 5532 nemo
2240 5482 2426 5533 nescit.
2486 5480 2623 5546 Quid
2679 5476 2867 5534 autem
2908 5480 2978 5531 sit
3015 5476 3307 5547 Νεωτέρα,
3337 5478 3467 5547 nihil

1892 5549 2026 5601 certi
2072 5550 2255 5602 dicere
2295 5551 2575 5602 habemus.
2629 5549 2789 5602 Forte
2832 5549 3057 5602 Junonis
3090 5546 3468 5616 ΙὶιίυιιιΪΉϐην

1892 5620 2045 5671 deam
2072 5618 2373 5686 juventutis
2408 5621 2698 5687 significat.
2742 5618 2936 5670 Verum
2971 5618 3227 5684 quidquid
3267 5615 3355 5669 hic
3397 5615 3469 5670 sit

1904 5688 2055 5759 {(691}
2088 5701 2140 5742 et
2170 5686 2741 5759 ΝεωτέραίΑιηὺτοδίἱ
2795 5688 3314 5759 interpretationem,
3346 5701 3466 5756 qu:e

1904 5756 2106 5812 Grtecis
2128 5761 2306 5814 verbis
2338 5756 2653 5827 sunplieiter
2680 5758 2987 5825 respondet,
3012 5756 3181 5810 visum
3226 5767 3309 5810 est
3346 5774 3465 5815 am-

1898 5829 2075 5896 plecti.
