4010 6510
513 397 583 450 ‘25
1133 394 1190 448 S.
1233 392 1605 449 ATHALVASII
1644 390 1791 447 OPP.
1835 389 2014 445 PARS
2054 388 2091 442 l.
2134 415 2202 432 --
2241 387 2612 443 HISTORICA
2654 388 2740 442 ET
2780 389 3197 446 DOGMATICA.
3690 397 3761 452 21

514 514 558 566 si
594 513 723 565 deos
773 508 893 563 illos
921 522 1041 563 esse
1070 522 1385 577 persuasum
1416 508 1749 573 habuissent,
1782 508 2005 564 minime
2036 516 2093 560 ut

2197 509 2374 571 Θεοὺς,
2402 507 2477 570 ὡς
2505 503 2871 576 ἀπολομένους
2900 504 3161 577 ἐκόψαντο
3178 524 3190 537 ⁸
3224 506 3415 562 τούτου
3443 513 3553 583 γὰρ
3582 514 3761 585 χάριν,

518 601 756 667 perditos
796 608 850 654 et
899 608 1141 653 mortuos
1206 597 1746 667 deﬂevisseut:quia
1798 616 1929 654 vero
1976 615 2081 654 non

520 700 728 745 tantum
781 705 889 745 non
922 704 1043 746 esse
1085 691 1252 754 deos,
1283 692 1377 745 sed
1408 706 1506 746 nec
1552 691 1819 745 exsistere
1866 689 2083 760 quidem

521 784 824 854 putabant,
862 784 1065 839 idcirco
1111 785 1324 839 illorum
1360 786 1588 840 formam
1639 785 1874 854 imagine
1908 786 2088 855 expri-

522 877 761 942 mehant,
786 886 846 930 ut
868 890 1053 931 eorum
1083 877 1310 943 eﬂigiem
1346 892 1456 944 prae
1487 875 1657 930 oculis
1684 877 1966 941 habentes,
2002 877 2090 931 do-

526 968 690 1024 lorem
724 967 1056 1039 mitigarent,
1077 984 1237 1038 quem
1264 984 1329 1024 ex
1359 983 1424 1024 eo
1454 968 1595 1036 quod
1621 967 1693 1021 illi
1724 952 1954 1036 amplius
1980 983 2085 1022 non

524 1060 852 1115 exsisterent
880 1070 1226 1130 acceperant,
1258 1060 1391 1115 istos
1443 1060 1792 1113 nihilominus
1822 1059 2085 1114 Stultissi-

526 1152 599 1204 mi
636 1164 891 1222 tanquam
945 1151 1075 1207 deos
1123 1160 1433 1222 precantur,
1485 1161 1540 1206 et
1584 1150 1697 1205 reri
1746 1149 1839 1205 Dei
1885 1151 2087 1207 honore

526 1252 947 1309 prosequuntur.
1002 1242 1161 1296 Certe
1206 1242 1369 1297 etiam
1403 1242 1562 1297 hodie
1588 1244 1641 1296 in
1680 1242 1918 1315 Egypto
1947 1284 1964 1308 ,
2002 1244 2089 1298 lu-

527 1344 651 1386 ctus
683 1331 875 1398 Osiris,
906 1332 1021 1398 Ori,
1070 1331 1457 1403 Typhonisque
1486 1343 1541 1387 ct
1584 1334 1810 1389 aliorum
1838 1336 2089 1390 interitus

528 1425 859 1479 celebratur.
889 1424 1153 1478 Dodontea
1185 1426 1310 1477 item
1329 1440 1467 1479 terea
1497 1435 1548 1479 et
1570 1424 1741 1481 Cretas
1758 1426 2089 1498 Corybantes

529 1525 851 1584 argumento
880 1525 1005 1570 sunt
1031 1515 1215 1571 Jovem
1249 1531 1351 1569 non
1379 1516 1543 1571 fuisse
1576 1516 1760 1583 deum,
1792 1520 1885 1573 sed
1916 1519 2091 1574 homi-

529 1620 675 1669 nem,
722 1620 951 1675 eumque
977 1620 1042 1660 CI
1079 1616 1235 1674 patre
1267 1608 1552 1662 caruivoro
1576 1618 1915 1670 procreatum
1948 1624 2086 1665 esse.

528 1695 727 1750 Verum
772 1712 883 1766 prie
922 1700 1130 1752 caneris
1166 1713 1264 1768 per
1316 1700 1444 1753 mihi
1477 1702 1669 1753 mirum
1710 1701 1941 1765 videtur,
1971 1702 2092 1755 Pla-

533 1796 712 1841 tonem
755 1805 1005 1859 magnum
1050 1791 1198 1844 illum
1241 1791 1413 1843 virum
1457 1790 1725 1858 sapientia
1759 1790 1898 1861 apud
1941 1791 2090 1847 Grae-

530 1892 623 1932 cos
669 1879 802 1934 adeo
844 1880 1130 1947 celebrem,
1163 1882 1253 1949 qui
1306 1882 1373 1935 de
1422 1881 1513 1936 Dei
1564 1883 1872 1952 cognitione
1919 1884 2089 1953 pluri-
2121 1856 2163 1911 Β

534 1984 677 2024 mum
738 1971 1104 2039 gloriabatur,
1154 1972 1207 2026 in
1270 1974 1497 2027 Piraeum
1547 1988 1667 2029 cum
1715 1976 1943 2031 Socrate
1996 1991 2090 2031 ac-

458 2092 475 2106 ο
531 2064 793 2132 cessisse,
827 2074 885 2118 ut
926 2064 1148 2120 Dianam
1206 2066 1439 2122 hominis
1474 2075 1589 2122 arte
1637 2068 1865 2123 ellictam
1900 2068 2095 2124 adora-

533 2162 638 2209 τοι.

602 2247 691 2300 Η.
723 2246 847 2302 Haec
877 2257 1053 2303 autem
1084 2255 1139 2304 et
1161 2248 1360 2304 similia
1388 2248 1699 2305 idololatria:
1723 2251 1939 2304 inventa
1972 2250 2085 2320 jam

534 2333 659 2389 olim
688 2334 967 2405 Scriptura
1002 2336 1086 2390 his
1138 2339 1318 2392 verbis
1373 2340 1652 2407 complexa
1707 2351 1791 2395 est
1822 2358 1835 2393 :
1873 2340 2093 2394 Initium

534 2426 897 2494 fornicationis
934 2437 1008 2480 est
1039 2429 1315 2497 exquisitio
1346 2430 1605 2481 idolorum
1633 2445 1652 2483 :
1688 2439 1738 2484 et
1791 2431 2089 2485 adinventio

534 2517 765 2580 illorum,
798 2521 1059 2588 corruptio
1086 2521 1202 2574 vita:
1229 2530 1326 2575 est.
1362 2520 1545 2591 Neque
1574 2524 1708 2577 enim
1733 2534 1880 2578 erant
1905 2527 1967 2578 ab
1995 2526 2096 2578 ini-

534 2608 628 2672 tio,
664 2624 823 2674 neque
845 2621 992 2661 erunt
1014 2611 1065 2663 in
1089 2620 1413 2678 perpetuunt.
1462 2612 1604 2666 Vana
1657 2616 1794 2669 enim
1829 2617 2095 2671 hominum

535 2699 703 2767 gloria
730 2699 781 2751 in
811 2702 1062 2754 mundum
1092 2703 1320 2770 ingressa
1349 2719 1496 2769 sunt,
1524 2717 1573 2759 et
1623 2706 1818 2760 idcirco
1844 2708 2007 2762 brevis
2028 2709 2097 2761 il.-

535 2789 705 2841 lorum
732 2789 850 2850 ﬁnis
901 2800 975 2844 est
1022 2792 1279 2847 inventus.
1319 2795 1513 2848 Acerba
1560 2798 1695 2848 enim
1742 2798 1885 2849 luctu
1916 2799 2096 2853 dolens

535 2892 703 2944 pater,
727 2884 827 2935 cito
862 2884 958 2936 sibi
984 2885 1121 2951 rapti
1144 2885 1246 2951 ﬁlii
1275 2886 1393 2953 fecit
1429 2886 1726 2955 imaginem,
1751 2900 1798 2941 et
1828 2888 1978 2942 illum
2003 2893 2094 2959 qui

537 2983 659 3023 tunc
692 2981 937 3041 tanquam
970 2972 1123 3027 homo
1152 2986 1389 3027 mortuus
1421 2975 1614 3040 fuerat,
1666 2992 1801 3030 nunc
1847 2987 2095 3047 tanquam

535 3063 784 3115 viventem
816 3064 981 3117 colere
1003 3065 1508 3135 cazpit,subditisque
1537 3069 1645 3120 suis
1679 3084 1831 3121 sacra
1864 3070 2094 3136 steteri-

536 3155 737 3207 monias
768 3157 1010 3209 tradidit.
1067 3156 1263 3211 Deinde
1308 3158 1468 3225 impia
1516 3161 1836 3213 consuetudo
1873 3170 2099 3229 tempore

536 3247 872 3311 invalescens,
923 3259 1171 3317 tanquam
1203 3249 1287 3303 lex
1317 3252 1579 3305 custodita
1607 3266 1704 3315 est,
1753 3264 1800 3307 et
1848 3262 2099 3323 tyranno-

537 3353 653 3389 rum
688 3339 902 3406 imperio
933 3340 1235 3392 colebantur
1249 3340 1450 3407 sculpta
1473 3344 1781 3403 simulacra,
1810 3360 1938 3411 quos
1973 3361 2091 3397 cum

537 3444 711 3480 corant
744 3430 1003 3482 honorare
1049 3430 1281 3483 homines
1319 3448 1418 3484 non
1453 3444 1679 3501 possent,
1720 3450 1779 3486 eo
1807 3435 1948 3503 quod
1978 3451 2100 3502 pro-

536 3517 622 3568 cui
651 3518 963 3582 habitarent,
985 3521 1153 3585 [arma
1176 3538 1290 3589 qua’
1306 3522 1457 3591 longe
1485 3523 1662 3575 aberat
1691 3541 1953 3592 expressa,
2000 3528 2101 3580 evi-

538 3608 743 3661 dentem
780 3610 1058 3677 imaginem
1092 3611 1225 3678 regis
1252 3628 1403 3678 quem
1428 3613 1686 3666 honorare
1734 3614 1988 3679 volebant,
2025 3617 2101 3684 fe-

538 3710 739 3761 cerunt,
766 3709 819 3750 ut
854 3704 1116 3753 absentem
1151 3712 1399 3770 tanquant
1433 3716 1739 3770 prwsentem
1774 3706 1947 3759 studio
1966 3708 2099 3759 adu-

538 3791 793 3842 larentur.
826 3790 905 3842 Ad
934 3792 1196 3859 religionis
1230 3803 1404 3846 autem
1448 3802 1496 3845 et
1532 3795 1874 3849 venerationis
1907 3799 2097 3863 ampli-

540 3878 836 3946 ﬁcationem
866 3880 1024 3931 etiam
1068 3880 1278 3948 ignaros
1324 3881 1592 3950 instigavit
1625 3884 1849 3951 artiﬁcis
1901 3887 2097 3939 eximia

538 3969 837 4039 diligentia.
858 3969 959 4022 Ille
981 3972 1119 4023 enim
1149 3970 1318 4024 volens
1357 3972 1584 4041 fortasse
1612 3975 1817 4042 placere
1847 3977 2095 4043 principi,

538 4075 745 4113 omnem
767 4071 934 4113 artem
957 4072 1005 4115 et
1032 4062 1346 4116 industriam
1388 4081 1538 4117 suam
1573 4067 1829 4132 adhibuit,
1868 4080 1921 4121 ut
1951 4072 2097 4121 simi-

538 4150 810 4204 litudinem
830 4169 986 4219 quam
1013 4154 1202 4221 optime
1230 4156 1564 4221 exprimeret.
1597 4155 1793 4226 Vulgus
1811 4175 1970 4226 porro
1996 4158 2098 4212 ele-

539 4242 717 4310 gantia
741 4246 906 4312 operis
936 4244 1188 4311 illectum,
1226 4263 1341 4299 eum
1375 4247 1465 4316 qui
1510 4247 1668 4315 paulo
1698 4261 1817 4303 ante
1846 4261 1901 4302 ut
1944 4252 2097 4303 homo

537 4332 824 4396 colebatur,
872 4349 1010 4386 nunc
1048 4350 1237 4386 numen
1279 4350 1391 4387 esse
1443 4337 1743 4403 reputavit;
1793 4338 1944 4407 idque
1976 4340 2097 4392 vita:

536 4424 592 4478 in
627 4425 843 4478 insidias
868 4426 1068 4493 factum
1117 4436 1215 4490 est,
1244 4428 1495 4495 quoniam
1520 4438 1610 4480 aut
1642 4429 1863 4483 miseria:
1887 4440 1977 4483 aut
2010 4442 2093 4501 ty-

2186 602 2247 655 οὑ
2276 600 2439 671 μόνον
2465 598 2526 651 οὑ
2565 597 2673 668 (lii)
2707 596 3018 667 νομίζοντες
3047 598 3245 662 αὐτοὺς
3266 593 3406 653 εἶναι
3433 600 3609 669 Θεοὺς,
3628 604 3763 660 ἀλλὰ

2188 691 2310 763 μηδ’
2331 690 2467 753 ὅλως
2504 689 2790 760 ὑπάρχειν,
2832 690 2888 742 ἐν
2919 689 3083 742 εἰκόνι
3118 690 3340 756 τούτους
3391 694 3762 762 ἐτυπώσαντο,

2189 783 2275 837 ἵνα
2308 780 2403 835 τοῦ
2445 780 2641 859 μηκέτι
2684 776 2844 843 εἶναι,
2873 779 2973 848 τὴν
3015 781 3103 835 διὰ
3152 781 3253 852 τῆς
3294 782 3504 847 εἰκόνος
3544 786 3765 857 δόκησιν

2187 876 2446 948 ὁρῶντες,
2477 872 2946 945 παραμυθῶνται),
2963 872 3171 938 τούτοις
3194 875 3339 944 ὅμως
3361 877 3408 928 οἱ
3432 876 3667 947 ἄφρονες
3690 878 3766 942 ὡς

2188 970 2329 1032 Θεοῖς
2357 968 2625 1039 εὔχονται,
2666 969 2760 1021 καὶ
2804 967 2902 1037 τὴν
2959 966 3051 1021 τοῦ
3109 966 3367 1039 ἀληθινοῦ
3424 968 3561 1022 Θεοῦ
3600 972 3765 1042 τιμὴν

2186 1059 2397 1123 τούτοις
2420 1056 2809 1129 περιτιθέασιν.
2851 1057 2939 1109 Ἐν
2986 1055 3114 1123 γοῦν
3156 1055 3419 1126 Αἰγύπτῳ
3462 1056 3633 1109 εἰσέτι
3673 1059 3764 1111 κα)⁸

2188 1152 2284 1205 νῦν
2328 1153 2357 1204 ὁ
2388 1152 2515 1222 περὶ
2542 1150 2817 1221 Ὀσίρεως,
2863 1148 2957 1201 καὶ
2990 1149 3171 1218 Ὤρου,
3215 1149 3308 1201 καὶ
3338 1148 3615 1215 Τυφῶνος,
3669 1149 3762 1201 καὶ

2189 1244 2297 1297 τῶν
2324 1244 2494 1298 ἄλλων
2530 1241 2725 1312 θρῆνος
2746 1240 2844 1311 τῆς
2868 1239 3141 1303 ἀπωλείας
3164 1240 3490 1293 ἐπιτελεῖται
3516 1258 3531 1271 ο
3576 1240 3672 1291 καὶ
3695 1239 3761 1292 τὰ

2189 1337 2245 1388 ἐν
2264 1333 2487 1404 Δωδώνῃ
2513 1334 2755 1403 χαλκεῖα,
2781 1331 2874 1385 καὶ
2903 1332 2951 1383 oi
2982 1332 3037 1383 ἐν
3064 1332 3257 1402 Κρήτῃ
3282 1330 3649 1401 Κορύϐαντες,
3671 1329 3761 1383 τὸν

2194 1426 2290 1479 Δία
2329 1425 2402 1497 μὴ
2431 1421 2569 1477 εἶναι
2625 1424 2743 1478 θεὸν
2776 1423 3107 1494 ἐλέγχουσιν,
3151 1423 3265 1477 ἀλλ’
3322 1424 3628 1495 ἄνθρωπον,
3669 1423 3764 1476 καὶ

2190 1515 2375 1569 τοῦτον
2418 1516 2482 1568 ἐκ
2524 1516 2728 1586 πατρὸς
2778 1514 3057 1585 ὠμοϐόρου
3108 1514 3414 1584 γενόμενον.
3450 1514 3558 1567 Καὶ
3606 1514 3669 1567 τό
3699 1531 3761 1583 γε

2191 1607 2527 1679 θαυμαστὸν,
2550 1607 2632 1659 ὅτι
2680 1606 2773 1658 καὶ
2806 1608 2835 1658 ό
2860 1607 3001 1659 πάνυ
3026 1606 3152 1676 παρ’
3199 1605 3426 1673 Ἕλλησι
3474 1604 3640 1673 σοφὸς
3673 1606 3764 1658 καὶ

2192 1697 2361 1753 πολλὰ
2415 1696 2847 1767 καυχησάμενος,
2899 1696 2975 1759 ὡς
3015 1694 3142 1767 περὶ
3176 1695 3310 1748 Θεοῦ
3363 1696 3690 1765 διανοηθεὶς,
3736 1698 3766 1748 ὁ

2193 1790 2438 1852 Πλάτων,
2458 1789 2537 1852 εἰς
2560 1789 2648 1840 τὸν
2675 1789 2905 1858 Πειραῖα
2926 1786 3036 1858 (62)
3067 1787 3204 1857 μετὰ
3231 1788 3551 1859 Σωκράτους
3570 1790 3767 1861 κατέρ-

2194 1899 2364 1953 χεται,
2380 1881 2476 1953 τὴν
2488 1879 2770 1951 ἀνθρώπου
2786 1880 2947 1950 τέχνῃ
2970 1878 3294 1933 πλασοεῖσαν
3315 1881 3581 1951 ’Ἄρτεμιν
3607 1898 3769 1952 προσ·

2196 1973 2463 2042 κυνήσων.

2268 2237 2354 2290 ll.
2381 2235 2593 2301 Ταύτας
2641 2237 2697 2290 δὲ
2736 2239 2826 2290 καὶ
2853 2237 2951 2301 τὰς
2972 2255 3225 2303 τοιαύτας
3261 2240 3357 2309 τῆς
3381 2239 3771 2310 εἰδωλομανίας

2196 2328 2437 2400 εὑρέσεις
2463 2328 2666 2383 ἄνωθεν
2696 2330 2787 2381 καὶ
2812 2329 2917 2400 πρὸ
2940 2329 3129 2382 πολλοῦ
3159 2332 3543 2402 προεδίδασκεν
3564 2334 3595 2401 ἡ
3626 2332 3770 2403 Γρα-

2197 2419 2270 2490 φὴ
2322 2419 2582 2487 λέγουσα⁹
2650 2420 2819 2489 Ἀρχὴ
2872 2421 3147 2487 πορνείας
3198 2420 3430 2473 ἐπίνοια
3467 2416 3763 2473 εἰδώλων·

2196 2509 2431 2577 εὕρεσις
2467 2508 2535 2561 δὲ
2570 2510 2768 2562 αὐτῶν
2812 2508 3001 2579 φθορὰ
3040 2508 3200 2578 ζωῆς.
3237 2512 3385 2564 Οὒτε
3412 2511 3525 2580 γὰρ
3557 2508 3637 2581 ἦν
3668 2510 3765 2565 ἀπ’

2196 2599 2407 2668 ἀρχῆς,
2445 2600 2581 2653 οὔτε
2615 2602 2701 2665 εὶς
2731 2600 2838 2654 τὸν
2868 2600 3051 2656 αἰῶνα
3084 2601 3273 2656 ἔσται.
3307 2602 3638 2668 Κενοδοξίᾳ
3661 2602 3770 2672 γὰρ

2196 2692 2518 2760 ἀνθρώπων
2568 2688 2754 2762 ἦλθεν
2796 2696 2882 2759 είς
2927 2692 3032 2746 τὸν
3064 2696 3309 2763 κόσμον,
3341 2695 3435 2747 καὶ
3464 2694 3561 2749 διὰ
3592 2694 3767 2748 τοῦτο

2197 2787 2499 2854 σύντομον
2522 2784 2718 2839 αὐτῶν
2742 2786 2914 2851 τέλος
2941 2786 3254 2854 ἐπενοήθη.
3292 2787 3483 2854 Ἀώρῳ
3506 2787 3617 2854 γὰρ
3637 2786 3769 2839 πέν-

2198 2880 2284 2931 θει
2320 2879 2679 2947 τρυχόμενος
2710 2880 2925 2947 πατὴρ,
2966 2878 3070 2933 τοῦ
3098 2878 3320 2947 ταχέως
3344 2880 3767 2947 ἀφαιρεθέντος

2197 2968 2407 3023 τέκνου
2452 2970 2653 3023 εἰκόνα
2696 2969 2973 3035 ποιήσας,
3008 2970 3114 3022 τὸν
3136 2972 3267 3025 τότε
3293 2970 3511 3037 νεκρὸν
3546 2970 3765 3037 ἅνθρω-

2200 3074 2336 3122 πον,
2375 3059 2492 3113 νῦν
2533 3060 2613 3123 ὡς
2661 3058 2841 3120 ζῶντα
2877 3060 3140 3128 ἐτίμησε,
3183 3060 3279 3113 καὶ
3308 3059 3611 3127 παρέδωκε
3647 3059 3768 3123 {Ol-1:

2199 3152 2561 3219 ὑποχειρίοις
2592 3150 2894 3220 μυστήρια
2937 3150 3036 3203 καὶ
3065 3150 3325 3216 τελετάς.
3376 3146 3500 3203 Εἶτ’
3528 3151 3600 3201 ἐν
3630 3150 3768 3217 χρό-

2197 3257 2282 3305 νῳ
2328 3240 2655 3307 κρατυνθέν
2708 3242 2818 3311 (65)
2865 3241 2930 3294 τὸ
2982 3242 3195 3305 ἀσεϐὲς
3248 3240 3415 3305 ἔθος,
3463 3240 3544 3305 ὡς
3587 3240 3769 3308 νόμος

2198 3329 2527 3398 ἐφυλάχθη.
2561 3330 2667 3383 Καὶ
2712 3329 3020 3397 τυράννων
3044 3328 3347 3397 ἐπιταγαῖς
3372 3328 3769 3396 ἐθρησκεύετο

2199 3421 2269 3474 τὰ
2300 3421 2411 3492 (64)
2454 3422 2707 3491 γλυπτὰ,
2743 3422 2849 3487 οὓς
2874 3422 2943 3473 ἐν
2976 3421 3109 3488 ὄψει
3135 3420 3219 3489 μὴ
3244 3420 3568 3489 δυνάμενοι
3600 3415 3771 3487 τιμᾷν

2198 3505 2511 3579 ἅνθρωποι,
2555 3510 2651 3564 διὰ
2702 3511 2771 3565 τὸ
2804 3512 3041 3580 μακρὰν
3079 3512 3281 3572 οἰκεῖν,
3328 3510 3443 3577 τὴν
3467 3511 3773 3577 πόρρωθεν

2200 3601 2342 3669 ὄψιν
2376 3600 2925 3670 ἀνατυπωσάμενοι,
2962 3598 3193 3668 ἐμφανῆ
3232 3600 3435 3653 εἰκόνα
3470 3598 3580 3651 τοῦ
3620 3615 3769 3650 τετι-

2193 3695 2463 3763 μημένου
2483 3694 2787 3759 ,βασιλέως
2814 3694 3129 3758 ἐποίησαν,
3157 3694 3255 3745 ἵνα
3288 3692 3393 3744 τὸν
3426 3692 3662 3745 ἀπόντα
3690 3690 3771 3753 ὠς

2199 3789 2460 3856 παρόντα
2486 3788 2855 3840 κολακεύωσι
2891 3785 2989 3839 διὰ
3016 3784 3126 3853 τῆς
3158 3782 3454 3851 σπουδῆς.
3489 3784 3597 3849 Εἰς
3638 3782 3768 3834 ἐπί-

2198 3896 2374 3932 τασιν
2410 3878 2479 3931 δὲ
2519 3880 2837 3946 θρησκείας
2877 3878 2977 3931 καὶ
3014 3878 3156 3943 τοὺς
3178 3876 3552 3945 ἀγνοοῦντας
3594 3876 3630 3940 ἡ
3665 3872 3769 3925 τοῦ

2197 3972 2466 4038 τεχνίτου
2488 3969 2887 4039 προετρέψατο
2911 3971 3210 4039 φιλοτιμία
3230 3986 3242 3998 ·
3277 3966 3441 4036 ὁμὲν
3462 3965 3596 4037 γὰρ,
3626 3967 3773 4031 τσως

2198 4062 2277 4127 τῷ
2308 4062 2618 4130 κρατοῦντι
2643 4063 3020 4131 βουλόμενος
3047 4060 3278 4129 ἀρέσαι,
3306 4058 3551 4123 ἐξεϐιάσ
3554 4075 3660 4110 ατο
3696 4055 3771 4124 τῆ

2196 4153 2376 4223 τέχνῃ
2402 4153 2515 4220 τὴν
2546 4154 2858 4222 ὁμοιότητα
2885 4153 2985 4205 ἐπὶ
3013 4153 3075 4206 τὸ
3109 4152 3361 4205 κάλλιον
3384 4168 3396 4179 ·
3425 4151 3486 4204 τὸ
3521 4150 3589 4203 δὲ
3620 4149 3773 4217 πλῆ-

2198 4249 2320 4310 θος,
2339 4246 2740 4314 ἐφελκόμενον
2764 4244 2859 4297 διὰ
2878 4244 2944 4297 τὸ
2971 4244 3079 4314 (65)
3107 4245 3313 4312 εὔχαρι
3335 4242 3444 4310 τῆς
3464 4243 3769 4310 ἐργασίας,

2197 4334 2302 4387 τὸν
2324 4335 2437 4403 πρὸ
2459 4338 2663 4405 ὀλίγου
2692 4336 3005 4405 τιμηθέντα
3034 4338 3365 4404 ἄνθρωπον,
3398 4335 3513 4389 νῦν
3537 4335 3647 4403 (66)
3679 4333 3772 4386 σέ-

2191 4428 2404 4495 βασμα
2478 4427 2831 4497 ἐλογίσαντο
2858 4446 2871 4458 ι
2952 4428 3049 4481 καὶ
3113 4426 3291 4480 τοῦτο
3363 4428 3625 4496 ἐγεγόνει
3692 4424 3770 4490 τῷ

536 4518 745 4569 rannidi
767 4518 1107 4573 dcservientes
1128 4519 1381 4583 homines,
1399 4520 1887 4575 incommunicabile
1908 4538 2091 4574 nomen

2197 4520 2309 4585 βίῳ
2335 4522 2420 4584 εἰς
2452 4519 2560 4589 (67)
2587 4519 2861 4587 ἐνεδρον·
2898 4520 3006 4583 ὅτι,
3037 4520 3074 4587 ἣ
3095 4517 3375 4588 συμφορᾷ
3394 4520 3431 4587 ἢ
3464 4517 3769 4588 τηοαννίὸι

535 4609 797 4676 lapidibus
827 4621 873 4665 et
891 4612 1047 4681 lignis
1091 4613 1451 4680 imposuerunt
1490 4613 1532 4663 '.
1567 4612 1701 4666 Cum
1730 4614 1892 4683 igitur
1933 4614 2096 4669 idolo-

538 4717 654 4755 rum
685 4704 925 4757 iuventio
958 4705 1057 4757 hoc
1088 4715 1267 4770 pacto,
1317 4713 1451 4758 teste
1492 4704 1793 4774 Scriptura,
1825 4706 1892 4759 ab
1920 4706 2093 4759 homi-

536 4794 691 4848 nibus
716 4796 925 4848 initium
956 4796 1203 4849 habuerit
1227 4806 1281 4850 et
1302 4795 1475 4850 ellicta
1504 4797 1594 4858 sit,
1614 4796 1724 4865 jam
1757 4806 1966 4865 tempus
1990 4808 2093 4861 est,

534 4893 593 4937 ut
624 4888 691 4937 ad
734 4884 851 4953 ejus
904 4884 1330 4939 confutationem
1386 4887 1762 4956 aggrediamur
1793 4906 1808 4942 :
1845 4890 1987 4957 quod
2035 4902 2095 4942 ιιι

533 4986 869 5042 praestemus,
896 4990 997 5028 non
1050 4985 1157 5029 tam
1190 4978 1533 5032 extrinsecus
1586 4979 1900 5049 colligemus
1935 4994 2092 5047 argu-

534 5076 711 5120 menta
745 5081 904 5137 quam
934 5080 999 5120 ex
1033 5067 1114 5121 bis
1144 5068 1273 5138 ipsis
1307 5084 1429 5138 quae
1455 5068 1613 5123 illide
1643 5070 1754 5124 suis
1784 5071 2095 5126 numinibus

614 5240 628 5269 ³
646 5231 773 5303 Sap.
804 5252 915 5305 xw,
940 5236 1133 5295 1‘2-21.

601 5399 711 5477 (61)
749 5399 1077 5477 P_ar_ti_culam
1100 5403 1537 5477 gb‘rcstituimus
1581 5419 1647 5460 ex
1678 5404 1901 5477 Seguer.
1927 5406 2083 5461 Basil.

528 5464 734 5537 Anglic.
769 5472 984 5529 Gobler.
1020 5483 1073 5527 et
1100 5471 1338 5527 Felckm.
1370 5473 1394 5523 ‘l
1431 5488 1589 5529 cuou.

599 5539 708 5615 (62)
736 5541 956 5615 Sgguer.
986 5542 1145 5615 Basil.
1179 5552 1242 5615 et
1278 5542 1512 5615 Felckm.
1545 5544 1579 5597 2
1618 5560 1803 5609 anon.,
1833 5547 2080 5615 Πειραιᾶ.

530 5610 991 5689 Attglic._i}obler.
1026 5620 1078 5667 et
1104 5610 1339 5689 Felc‘km:
1371 5613 1393 5665 1
1424 5628 1606 5689 auom,
1632 5617 1875 5689 Πειρειᾶ.

604 5682 715 5751 (65)
741 5680 1167 5753 δῖεβεκυετηει
1196 5680 1355 5733 Basil.
1392 5692 1532 5753 utet
1552 5680 1768 5742 Graecus
1797 5686 2084 5753 Scriptura:

532 5748 729 5803 tentus.
770 5750 874 5802 Alii
899 5763 1016 5819 cum
1044 5751 1204 5803 editis
1234 5748 1524 5819 κρατηθέν.

602 5819 716 5884 (64)
750 5820 865 5872 Art.
898 5817 966 5870 τά
988 5820 1133 5875 deest
1156 5821 1208 5874 in
1238 5817 1451 5887 seguer.

2196 4612 2635 4677 δουλεύσαντες
2672 4612 2987 4681 ἄνθρωποι,
3032 4612 3098 4665 τὸ
3141 4612 3549 4678 ἀκοινώνητον
3584 4611 3769 4678 ὄνομα

2193 4704 2375 4770 λίθοις
2446 4704 2541 4757 καὶ
2590 4704 2795 4770 ξύλοις
2843 4702 3219 4772 περιέθηκαν.
3284 4702 3553 4771 Τοιαύτης
3591 4702 3769 4753 τοίνυν

2194 4795 2293 4864 τῆς
2323 4795 2433 4865 (68)
2464 4794 2573 4847 τῶν
2602 4795 2679 4848 εἰδ
2700 4794 2833 4847 ὺλων
2866 4794 3135 4865 εὑρέσεως
3161 4794 3254 4845 ἐπὶ
3281 4793 3520 4864 μάρτυρι
3543 4794 3609 4862 τῇ
3636 4792 3770 4862 Γρα-

2202 4888 2273 4956 φῇ
2304 4886 2454 4957 παρὰ
2472 4890 2583 4951 τοῖς
2606 4886 2909 4958 ἀνθρώποις
2935 4884 3248 4957 ἀρξαμένης
3279 4886 3375 4939 καὶ
3407 4882 3767 4937 ἀναπλασθεί-

2202 4994 2321 5047 σης,
2346 4976 2462 5049 ὥρα
2488 4977 2673 5031 λοιπόν
2698 4995 2778 5031 σοι
2799 4978 2895 5032 καὶ
2925 4979 3014 5032 τὸν
3048 4979 3166 5030 κατ’
3194 4977 3361 5046 αὑτῆς
3388 4975 3609 5046 ἔλεγχον
3632 4975 3766 5027 ἀπο-

2198 5068 2386 5136 δεῖξαι,
2433 5069 2493 5122 οὐ
2531 5070 2781 5123 τοσοῦτον
2812 5069 3029 5134 ἔξωθεν,
3074 5070 3197 5122 ὅσον
3230 5068 3322 5123 ἀφ’
3353 5060 3430 5121 ὧν
3468 5062 3613 5120 οὗτοι
3641 5063 3767 5134 περ)⁸

2406 5404 2642 5479 felt-lim.
2666 5405 2711 5479 2‘
2732 5419 2917 5467 anon.,
2942 5401 3235 5479 εὗιιρρῇςοον.Δ
3349 5471 3382 5479 __
3407 5474 3419 5479 _
3443 5471 3458 5479 _
3519 5470 3555 5479 _
3624 5469 3636 5479 .

2263 5465 2373 5545 (66)
2404 5476 2639 5530 Felckm.
2686 5476 2722 5529 2
2754 5465 2941 5539 auon.,
2992 5465 3090 5535 εἰς’
3118 5465 3291 5539 θεούς.
3349 5471 3481 5528 Ibid.
3516 5465 3677 5524 Basil.
3712 5472 3765 5519 et

2189 5546 2418 5613 Anglic.,
2445 5547 2741 5615 ἐλογίσατο.

2282 5617 2370 5686 67)
2397 5618 2581 5678 Basi|.,
2605 5616 2699 5679 ὡς.

2282 5618 2370 5686 67)
2397 5618 2581 5678 Basil.,
2605 5618 2699 5679 ὡς.

2260 5618 2371 5753 (68)
2401 5687 2517 5741 Art.
2549 5688 2647 5756 τῆς
2692 5687 2842 5741 deest
2876 5687 2927 5739 in
2964 5684 3197 5740 Felcktu.
3228 5684 3264 5738 2
3292 5698 3454 5741 anon.
3492 5681 3626 5741 ibid.
3654 5680 3764 5742 τῶν

2194 5758 2340 5813 deest
2369 5757 2420 5812 iu
2452 5756 2672 5827 Seguer.
2699 5768 2752 5812 et
2778 5759 2983 5830 Anglic.
