4010 6516
233 425 295 481 25

1377 418 1636 477 ORATIO
1676 407 1950 474 CONTRX
1991 418 2284 474 GENTES.

3377 424 3454 482 '26

235 539 394 596 αὐτῶν
435 537 695 611 φρονοῦσι
740 539 809 594 τὰ
847 540 1117 611 τεκμήρια
1148 538 1522 610 λαμϐανόντας
1561 536 1692 608 (69).
1727 538 1787 590 El

1897 539 2150 593 sentiunt.
2175 538 2230 594 Si
2259 539 2380 608 quis
2402 538 2546 594 enim
2571 538 2805 604 illorum,
2831 555 2966 612 quos
2985 542 3114 599 deos
3133 545 3449 610 praedicant,

239 635 328 703 γάρ
350 650 426 693 τις
449 631 558 684 τῶν
587 634 720 704 παρ’
751 634 928 697 αὐτοῖς
959 632 1262 703 λεγομένων
1277 633 1435 692 θεῶν,
1461 632 1548 684 ἵνα
1577 629 1788 702 πρῶτον

237 724 328 780 ἀπὸ
358 723 556 777 τούτων
597 723 709 776 τῶν
742 723 985 777 κάτωθεν
1023 723 1293 793 ἄρξωμαι,
1329 721 1483 776 λάϐοι
1517 719 1616 784 τὰς
1647 721 1788 792 πρά-

169 861 172 874 ,
241 813 348 876 ξεις,
375 811 594 881 εὑρήσει
625 811 703 884 μὴ
728 813 886 883 μόνον
917 813 1016 865 οὐκ
1045 806 1182 864 εἶναι
1215 810 1411 873 αὐτοὺς
1445 809 1620 871 θεοὺς,
1655 807 1791 860 ἀλλὰ

241 907 316 959 καὶ
346 904 444 958 τῶν
476 903 786 975 ἀνθρώπων
814 903 940 967 τοὺς
981 903 1290 973 αἰσχίστους
1315 905 1620 971 γεγονότας.
1666 895 1790 953 Οἷον

241 997 348 1068 γὰρ,
376 992 479 1048 οἶόν
512 997 665 1048 ἐστιν
707 995 833 1049 ἰδεῖν
883 994 1008 1058 τοὺς
1048 993 1201 1066 παρὰ
1243 996 1493 1065 ποιηταῖς
1533 993 1627 1048 τοῦ
1670 992 1789 1057 Διὸς

241 1088 439 1162 ἔρωτας,
483 1089 578 1142 καὶ
623 1087 728 1152 τὰς
767 1085 1092 1156 margin;
1129 1081 1253 1138 Οἷόν
1281 1087 1440 1154 ιέστιν
1486 1086 1648 1139 αὑτὸν
1677 1085 1789 1156 (70)

243 1180 428 1234 ἀκούειν
455 1179 777 1251 ἁρπάζοντα
813 1180 909 1250 μὲν
936 1178 1027 1232 τὸν
1054 1178 1396 1249 Γανυμήδην,
1427 1179 1521 1232 καὶ
1549 1177 1646 1241 τὰς
1666 1176 1792 1230 κλο-

244 1271 470 1341 πιμαίους
501 1271 878 1344 ἐργαζόμενον
915 1271 1177 1341 μοιχείας,
1226 1269 1432 1323 δεδιότα
1477 1270 1533 1322 δὲ
1563 1271 1656 1323 καὶ
1681 1268 1790 1322 δει-

243 1365 413 1417 λιῶντα
444 1364 517 1435 μὴ
564 1363 722 1434 παρὰ
744 1361 968 1434 γνώμην
996 1360 1155 1415 αὐτοῦ
1192 1360 1259 1414 τὰ
1287 1361 1394 1414 τῶν
1419 1359 1622 1434 Τρώων
1660 1360 1792 1414 ἀπό·
1816 1360 1818 1364 ’

244 1456 371 1525 ληται
402 1457 510 1525 (71)
536 1457 736 1528 τείχη;
783 1448 906 1508 Οἶόν
941 1455 1086 1507 ἐστιν
1131 1455 1259 1507 ίδεῖν
1292 1452 1452 1507 αὑτὸν
1493 1452 1791 1524 ἀχθόμενον

242 1547 317 1600 ἐπὶ
338 1546 408 1617 τῷ
427 1547 644 1618 θανάτῳ
670 1547 767 1601 τοῦ
797 1547 936 1610 υἱέος
965 1546 1126 1600 αὐτοῦ
1159 1547 1500 1619 Σαρπηδόνος
1527 1546 1664 1617 (72),
1698 1547 1792 1600 καὶ

246 1637 528 1708 βουλόμενον
580 1638 736 1710 αὐτῷ
780 1637 1045 1709 βοηθῆσαι
1090 1639 1183 1692 καὶ
1228 1638 1302 1709 μὴ
1342 1637 1664 1710 δυνάμενον
1698 1636 1792 1692 κα1¹

244 1728 697 1800 ἐπιδουλευόμενον
729 1730 826 1800 μὲν
864 1729 973 1800 (75)
1019 1728 1123 1782 ὑπὸ
1154 1728 1260 1782 τῶν
1287 1729 1460 1782 ἄλλων
1485 1727 1790 1798 λεγομένων

244 1816 372 1880 θεῶν,
403 1817 635 1888 Ἀθηνᾶς
673 1819 738 1889 δὴ
786 1818 926 1886 λέγω
972 1819 1063 1871 καὶ
1100 1820 1276 1889 Ἤρας
1322 1820 1417 1872 καὶ
1441 1819 1787 1883 Ποσειδῶνος,

244 1907 572 1980 βοηθούμενον
598 1909 657 1963 δὲ
689 1910 796 1963 ὑπὸ
817 1909 1031 1974 Θέτιδος
1057 1911 1311 1979 γυναικὸς
1339 1912 1432 1964 καὶ
1458 1911 1551 1964 τοῦ
1579 1912 1793 1964 ἑκατον-

243 2000 458 2071 ταχείρου
478 2002 790 2071 Λίγαίωνος
808 2018 820 2030 ’
859 2002 952 2055 καὶ
971 2000 1270 2072 νικώμενον
1295 2001 1400 2056 ὑπὸ
1433 2001 1654 2072 ἡδονῶν,
1681 2001 1795 2054 δου·

243 2088 427 2145 λεύοντα
457 2093 516 2146 δέ
546 2091 791 2160 γυναιξὶ,
841 2093 935 2144 καὶ
977 2092 1044 2144 δι’
1081 2093 1248 2157 αὑτὰς
1293 2095 1351 2146 ἐν
1391 2093 1604 2160 ἀλόγοις
1635 2091 1791 2157 ζώοις

242 2184 502 2253 τετράποσί
532 2201 592 2237 τε
615 2184 714 2237 καὶ
740 2187 961 2255 πτηνοῖς
985 2186 1104 2248 ταῖς
1134 2184 1454 2253 φαντασίαις
1473 2184 1794 2256 παρακινδυ-

244 2272 427 2329 νεύοντα
447 2293 460 2306 ·
496 2276 594 2330 καὶ
625 2275 794 2330 πάλιν
826 2275 988 2330 αὑτὸν
1033 2276 1131 2346 μὲν
1165 2277 1539 2348 κρυπτόμενον
1576 2276 1663 2330 διὰ
1696 2275 1792 2346 τήν

243 2366 317 2419 τοῦ
344 2369 543 2440 πατρὸς
570 2367 888 2439 ἐπιϐουλὴν,
926 2368 1018 2425 τὸν
1059 2368 1114 2422 δὲ
1154 2370 1361 2440 Κρόνον
1399 2369 1488 2422 ὑπ’
1518 2367 1680 2421 αὐτοῦ
1705 2367 1792 2420 δε-

244 2457 545 2528 σμευόμενον
576 2458 713 2528 (74),
737 2460 984 2511 κάκεῖνον
1018 2459 1390 2528 ἀποτέμνοντα
1433 2458 1523 2511 τὸν
1545 2457 1789 2529 πατέρα;

242 2542 448 2621 Ἃρόὗν
475 2550 629 2617 ἄξιον
671 2550 860 2604 τοῦτον
899 2552 1141 2604 ὑπονοεῖν
1185 2550 1327 2614 Θεὸν,
1383 2549 1620 2604 τοσαῦτα
1659 2548 1792 2621 δρά-

246 2657 401 2708 σαντα,
467 2645 564 2697 καὶ
602 2643 982 2714 διαϐληθέντα,
1039 2643 1075 2697 ἃ
1132 2643 1266 2714 μηδὲ
1335 2643 1383 2696 οἱ
1443 2642 1608 2696 κοινοὶ
1658 2642 1793 2694 Ῥω-

246 2734 389 2804 μαίων
415 2736 571 2806 νόμοι
604 2736 699 2790 καὶ
724 2737 852 2799 τοὺς
883 2734 1070 2800 ἁπλῶς
1099 2734 1416 2806 ἀνθρώπους
1443 2733 1792 2806 ἐπιτρέπουσι

243 2827 385 2877 ποιεῖν
400 2841 415 2890 ;

302 2916 374 2970 12.
408 2917 522 2970 Ἵνα
543 2915 654 2989 γὰρ
685 2919 752 2970 ἐκ
777 2916 984 2970 πολλῶν
1010 2916 1164 2985 ὀλίγα
1211 2913 1567 2985 μνημονεύσω
1605 2913 1692 2967 διὰ
1732 2915 1794 2968 τὸ

243 3006 437 3078 πλῆθος,
465 3010 548 3072 τίς
579 3009 703 3063 ἰδὼν
731 3008 895 3062 αὑτοῦ
926 3007 1024 3078 τὴν
1061 3009 1139 3071 εἰς
1164 3007 1425 3078 Σεμέλην,
1456 3006 1551 3059 καὶ
1589 3005 1791 3076 Λήδαν,

243 3101 318 3152 καὶ
347 3102 676 3173 Ἀλκμήνην,
706 3101 802 3154 καὶ
825 3101 1110 3172 Ἀρτεμιν,
1142 3101 1236 3152 καὶ
1267 3097 1447 3169 Λητὼ,
1477 3097 1572 3151 καὶ
1590 3100 1790 3164 Μαῖαν,

243 3192 317 3243 καὶ
330 3191 614 3264 Εὐρώπην,
641 3192 739 3244 καὶ
759 3192 992 3260 Δανάην,
1022 3191 1113 3244 καὶ
1142 3189 1426 3259 Ἀντιόπην
1447 3189 1814 3259 παρανομίαν

243 3284 318 3335 καὶ
343 3285 575 3357 φθοράν·
630 3283 665 3355 ἢ
696 3285 800 3347 τίς,
837 3282 960 3336 tam
993 3282 1089 3353 τὴν
1133 3283 1213 3345 είς
1242 3282 1340 3353 τὴν
1382 3282 1516 3336 ἰδίαν
1560 3280 1796 3351 ἀδελφὴν

242 3373 384 3425 αὐτοῦ
415 3375 754 3444 ἐπιχείρησιν
781 3373 873 3426 καὶ
903 3371 1126 3443 τόλμαν,
1176 3371 1258 3424 ὅτι
1298 3370 1395 3442 τήν
1425 3371 1596 3443 αὐτὴν
1641 3371 1796 3424 ἀδελ-

245 3463 331 3534 φὴν
359 3461 464 3536 εἶχε
495 3468 589 3520 καὶ
622 3467 879 3534 γυναῖκα,
909 3465 1009 3517 οὐκ
1037 3463 1104 3516 ἂν
1131 3462 1430 3534 χλευάσειε,
1462 3463 1557 3515 καὶ
1585 3461 1798 3533 ζημιώ-

246 3573 336 3609 σειε
375 3559 617 3628 θανάτῳς
668 3560 788 3611 Ὀτι
831 3556 906 3628 μὴ
939 3556 1098 3628 μόνον
1137 3557 1476 3627 ἐμοίχευσεν,
1523 3555 1660 3608 ἀλλὰ
1705 3557 1798 3610 καὶ

243 3651 352 3714 τοὺς
398 3654 458 3706 ἐκ
494 3653 591 3723 τῆς
621 3649 868 3722 μοιχείας
898 3650 1224 3722 γενομένους
1255 3650 1402 3721 αὐτῴ
1441 3650 1637 3713 παῖδας
1678 3649 1799 3702 θεο-

244 3745 448 3813 ποιήσας
484 3743 772 3814 ἀνέθηκεν,
809 3743 1166 3814 ἐπικάλυμμα
1194 3743 1291 3812 τῆς
1325 3742 1670 3813 παρανομίας
1699 3741 1799 3794 αὑ-

245 3828 325 3882 τοῦ
353 3830 442 3902 τήν
481 3833 578 3903 τῆς
602 3832 878 3896 θεοποιίας
912 3831 1207 3901 φαντασίαν
1234 3825 1656 3894 κατασκευάζων
1677 3848 1688 3861 ’
1725 3825 1799 3884 ὧν

247 3923 337 3974 aiat
360 3924 601 3988 Διόνυσος
647 3925 739 3977 καὶ
774 3922 1064 3993 Ἡρακλῆς,
1087 3924 1180 3977 καὶ
1205 3923 1538 3994 Διόσκουροι,
1561 3923 1656 3976 καὶ
1688 3922 1801 3995 Ἑρ-

251 4013 360 4083 μῆς,
388 4016 477 4068 καὶ
507 4017 773 4087 Περσεὺς,
821 4015 913 4068 καὶ
960 4014 1198 4086 Σώτειρα
1235 4015 1367 4084 (75).
1406 4015 1521 4080 Τίς,
1549 4012 1672 4066 ίδὼν
1701 4014 1800 4084 τὴν

249 4099 344 4158 τῶν
367 4107 668 4182 λεγομενων
693 4108 830 4161 θεῶν
859 4108 1261 4161 ἁκατάλλακτον
1283 4107 1418 4178 πρὸς
1445 4108 1669 4168 ἑαυτοὺς
1687 4106 1801 4177 ἔριν

250 4198 300 4250 ἐν
326 4199 449 4272 Ἰλίῳ
479 4201 586 4255 τῶν
625 4201 892 4272 Ἑλλήνων
923 4202 1016 4255 καὶ
1047 4199 1155 4254 τῶν
1179 4199 1382 4272 Τρώων
1407 4201 1585 4270 χάριν,
1608 4199 1670 4251 οὐ
1700 4217 1803 4251 κα-

251 4294 558 4362 ταγνώσεται
601 4296 702 4367 τῆς
727 4296 1011 4358 ἀσθενείας
1043 4295 1218 4347 αὐτῶν
1239 4334 1252 4358 ,
1291 4294 1371 4346 ὅτι
1414 4293 1500 4346 διὰ
1541 4293 1638 4363 τὴν
1665 4290 1803 4362 πρὸς

253 4382 485 4455 ἀλλήλους
517 4387 852 4457 φιλονεικίαν
898 4386 992 4440 καὶ
1032 4385 1158 4449 τοὺς
1191 4384 1508 4456 ἀνθρώπους
1544 4381 1801 4454 παρώξυ-

1819 3239 1861 3296 C

1890 639 1947 684 ut
1977 631 2102 686 inde
2139 632 2371 700 primum
2399 633 2676 696 exordiar,
2707 648 2796 690 res
2818 644 3000 704 gestas
3047 637 3176 692 velit
3229 652 3457 706 perpen-

1889 723 2038 789 dere,
2068 738 2161 778 eos
2192 739 2298 777 non
2326 723 2500 777 solum
2533 740 2636 778 non
2687 740 2807 782 esse
2837 727 2987 791 deos,
3020 729 3114 784 sed
3144 729 3307 783 etiam
3349 730 3449 784 ιιο⁴

1889 814 2091 868 minum
2143 813 2486 882 turpissimos
2540 814 2706 870 fuisse
2760 817 3019 884 reperiet.
3087 818 3224 884 Quid
3286 821 3456 886 enim,

1889 919 2093 975 quaeso,
2126 907 2337 975 turpius
2359 921 2522 976 quam
2555 907 2626 960 illi
2662 906 2811 962 Jovis
2836 920 3150 973 amores,et
3173 912 3460 980 impudici~

1893 997 2000 1060 tite,
2044 1011 2179 1066 quas
2199 999 2336 1066 apud
2364 1007 2550 1068 poetas
2575 998 2929 1068 legerelicet?
2965 1000 3101 1067 Quid
3125 999 3322 1055 ltedius
3351 1001 3458 1055 dici

1892 1096 2072 1154 potest
2099 1102 2262 1154 quam
2304 1101 2428 1140 cum
2467 1101 2590 1140 eum
2641 1086 2794 1140 audis
2821 1102 3010 1155 rapere
3041 1085 3408 1158 Ganymedem
3439 1124 3454 1149 ,

1895 1178 2000 1249 ιο
2031 1175 2230 1232 furtiva
2259 1177 2520 1232 adulteria
2553 1188 2789 1246 patrare,
2824 1180 3016 1232 timere
3049 1187 3102 1232 et
3144 1193 3338 1247 pavere
3390 1193 3459 1232 ne

1891 1279 2077 1323 contra
2114 1269 2281 1336 ipsius
2312 1277 2545 1323 mentem
2597 1269 2956 1339 'l‘rojanorum
3005 1271 3208 1324 mmnia
3245 1269 3460 1323 diruau-

1849 1371 1857 1374 ‘
1894 1361 2024 1415 tur?
2054 1361 2191 1428 Quid
2227 1361 2498 1430 indignius
2533 1364 2878 1429 cogitaveris,
2907 1379 3068 1432 quam
3103 1379 3224 1417 cum
3283 1363 3457 1432 ipsmn

1893 1455 2044 1508 vides
2070 1461 2296 1506 mortem
2331 1453 2424 1506 [illi
2463 1455 2542 1507 sui
2569 1454 2900 1523 Sarpedonis
2923 1455 3163 1524 graviter
3187 1455 3352 1522 ferre,
3381 1455 3459 1508 ei-

1892 1560 1998 1618 que
2025 1545 2276 1616 opitulari
2305 1545 2462 1612 velle,
2501 1561 2598 1599 nec
2625 1545 2821 1615 posse?
2846 1545 3006 1612 Quid,
3027 1547 3267 1615 inquam,
3299 1547 3462 1601 mise-

1891 1639 2008 1692 rius
2047 1646 2226 1708 potest
2259 1651 2380 1692 esse
2439 1651 2604 1706 quam
2655 1651 2776 1688 eum
2812 1638 2990 1690 cernis
3039 1638 3085 1690 ei
3137 1636 3359 1690 insidias
3389 1637 3461 1690 ab

1894 1729 2034 1795 aliis,
2057 1730 2150 1798 qui
2179 1729 2436 1782 dicuntur
2456 1728 2551 1794 dii,
2589 1729 2725 1791 ﬁeri,
2750 1728 2986 1782 Minerva
3009 1743 3221 1796 nempe,
3245 1726 3460 1785 Juuone

1895 1830 1946 1876 et
1977 1821 2246 1890 Neptuno,
2279 1835 2546 1889 opemque
2580 1819 2709 1874 ferri
2748 1835 2776 1873 a
2819 1819 3046 1873 Thetide
3081 1820 3306 1874 muliere
3349 1831 3404 1874 et
3431 1835 3479 1892 τι,

1893 1914 2200 1968 ceutimano
2246 1910 2533 1980 Egeone:
2589 1926 2711 1965 cum
2772 1912 2897 1964 item
2933 1910 3204 1980 voluptate
3256 1912 3459 1965 rictum

1891 2001 2206 2058 mulieribus
2230 2001 2434 2055 servire
2479 2000 2648 2066 vides,
2684 1999 3010 2069 illarnmque
3061 2016 3224 2054 causa
3275 2001 3464 2054 bruto-

1891 2109 2010 2148 rum
2038 2093 2418 2158 animantium,
2467 2093 2874 2162 quadrupedum
2918 2101 2973 2144 ct
3027 2094 3306 2146 volucrum
3344 2092 3459 2145 for-

1892 2203 2006 2242 mas
2039 2201 2144 2242 non
2183 2186 2301 2241 sine
2357 2186 2439 2240 sui
2475 2185 2714 2253 pericqu
2763 2184 2984 2239 induere
3020 2203 3033 2238 :
3066 2201 3190 2238 cum
3242 2198 3458 2238 rursum

1890 2279 2137 2334 eumdem
2160 2287 2218 2332 ut
2247 2277 2416 2346 patris
2449 2277 2676 2332 insidias
2707 2277 2898 2346 fugiat,
2950 2277 3186 2331 latebras
3215 2288 3460 2346 qumrere

1891 2368 2172 2438 perspicis,
2199 2383 2260 2421 ac
2293 2367 2487 2421 deinde
2522 2367 2812 2420 Saturnum
2850 2382 3005 2420 suum
3033 2376 3243 2434 patrem
3279 2363 3460 2417 abillo

1891 2460 2084 2515 vinciri
2109 2469 2163 2514 et
2182 2459 2542 2514 castrari?An
2567 2474 2697 2529 ergo
2722 2474 2933 2528 acquum
2959 2468 3037 2513 est
3066 2459 3215 2511 illum
3248 2455 3456 2512 censeri

1896 2553 2080 2617 deum,
2118 2551 2209 2620 qui
2243 2565 2306 2605 ea
2354 2551 2557 2622 ﬂagitia
2618 2551 2910 2616 commisit,
2946 2559 3001 2604 et
3038 2558 3307 2602 tantorum
3341 2563 3460 2601 sce-

1891 2640 2062 2697 lerum
2107 2657 2228 2696 reus
2256 2653 2361 2710 est,
2386 2657 2505 2709 quae
2527 2656 2700 2712 neque
2745 2656 3063 2696 communes
3091 2639 3461 2694 Romanorum

1892 2733 2033 2804 leges
2073 2734 2156 2788 vel
2187 2735 2315 2804 ipsis
2342 2734 2650 2790 hominibus
2683 2734 2862 2789 facere
2893 2732 3247 2804 permittunt?

1967 2905 2050 2962 12.
2079 2905 2149 2962 Ut
2167 2908 2306 2961 enim
2325 2923 2433 2977 pra:
2453 2907 2795 2962 multitudine
2813 2923 2982 2976 pauca
3015 2922 3080 2960 ex
3102 2906 3284 2962 multis
3309 2920 3460 2960 com-

1895 3013 2210 3063 memorem,
2240 3001 2362 3069 quis
2400 3000 2631 3068 cognitis
2683 2997 2900 3068 ﬂagitiis
2925 3009 2980 3053 et
3008 3000 3232 3068 stupris,
3264 2999 3461 3066 quibus

1896 3085 2186 3151 Semelem,
2215 3087 2437 3152 Ledam,
2461 3088 2772 3140 Alcmenam
2799 3128 2813 3152 ,
2851 3087 3071 3140 Dianam
3097 3126 3112 3151 ,
3149 3087 3413 3140 Latooam
3441 3126 3458 3151 ,

1896 3181 2112 3245 Maiam,
2139 3181 2432 3251 Europam,
2469 3179 2686 3234 Danaen
2713 3191 2768 3234 et
2800 3181 3088 3250 Antiopam
3112 3179 3344 3243 vitiavit,
3378 3180 3461 3232 vel

1896 3274 2018 3344 quis
2051 3286 2336 3343 persipecta
2362 3273 2480 3342 ejus
2508 3273 2559 3325 in
2599 3272 2870 3340 propriam
2906 3285 3150 3326 sororem
3191 3271 3459 3341 impudica

1896 3365 2143 3426 audacia,
2168 3378 2328 3432 quam
2376 3363 2631 3416 nimirum
2668 3362 2827 3415 simul
2859 3370 2913 3416 et
2955 3376 3198 3415 sororem
3243 3372 3298 3415 et
3328 3377 3462 3414 uxo-

1899 3472 2011 3511 rem
2037 3457 2270 3519 habuit,,
2313 3455 2461 3509 illum
2490 3471 2594 3509 nou
2623 3454 2904 3521 despiciat,
2936 3464 2990 3506 et
3021 3461 3195 3508 morte
3242 3451 3462 3522 dignum

1897 3547 2482 3602 azstimet?Enimvero
2539 3559 2643 3598 non
2673 3553 2857 3612 stupra
2909 3551 3118 3595 tantum
3169 3541 3462 3607 commisit,

1898 3637 1993 3693 sed
2033 3638 2194 3692 etiam
2226 3653 2364 3708 quos
2392 3654 2460 3692 ex
2499 3636 2703 3707 stupris
2733 3633 3044 3704 procreavit
3068 3633 3291 3697 liberos,
3326 3632 3466 3685 inter

1899 3729 2030 3786 deos
2064 3730 2269 3795 retulit,
2305 3730 2605 3784 divinitatis
2628 3727 2809 3796 specie
2851 3727 2920 3780 ad
2953 3740 3104 3780 suam
3140 3724 3463 3795 pravitatem

1901 3824 2182 3895 tegendam
2213 3823 2435 3878 abusus.
2473 3821 2674 3875 llorum
2701 3836 2766 3875 ex
2793 3832 3018 3874 numero
3043 3826 3169 3871 sunt
3195 3815 3467 3877 Bacchus,

1903 3917 2178 3979 Hercules.
2211 3915 2478 3979 Dioscuri,
2507 3913 2830 3977 Mercurius,
2881 3911 3110 3965 Perseus
3141 3919 3196 3964 et
3224 3907 3464 3974 Sospita.

1901 4011 2033 4076 Quis
2057 4006 2379 4077 implacabili
2409 4005 2761 4060 contentione
2806 4001 3014 4066 audita,
3044 4015 3148 4070 qua
3205 3998 3276 4052 dii
3338 3996 3415 4050 illi
3450 4035 3467 4058 ,

1899 4106 2212 4162 Grzccorutn
2243 4111 2298 4155 et
2329 4099 2687 4168 Trojanorum
2727 4110 2912 4157 causa,
2944 4094 3088 4163 apud
3119 4091 3274 4146 Ilium
3324 4089 3471 4143 inter

1902 4210 1960 4251 se
1993 4192 2322 4264 pugnabant,
2358 4204 2543 4244 eorum
2572 4185 2998 4242 imbecillitatem
3047 4198 3154 4238 non
3215 4180 3471 4236 condem-

1904 4295 2013 4348 net,
2055 4284 2146 4353 qui
2210 4295 2399 4350 nempe
2428 4287 2611 4332 mutua
2650 4277 2790 4331 inter
2825 4289 2883 4329 se
2931 4274 3048 4328 rixa
3079 4272 3239 4328 etiam
3290 4270 3471 4325 homi—

1905 4392 2000 4433 nes
2030 4372 2401 4431 irritaverint?
2429 4369 2563 4437 Quis
2619 4368 2665 4422 si
2693 4366 2887 4420 viderit
2926 4364 3152 4418 Martem
3202 4371 3257 4415 et
3295 4361 3472 4414 Vene-

255 4450 372 4542 νανξ
404 4450 683 4542 Τίς-ἰδὼν
712 4477 819 4530 ὑπὸ
866 4477 966 4547 μὲν
1000 4450 1305 4547 Διομήδους⁷
1339 4450 1796 4544 τιτρωσκομένους

1905 4483 2018 4522 rem
2059 4484 2088 4521 a
2118 4464 2375 4520 Diomede
2413 4458 2709 4522 vulnerari,
2744 4457 3010 4512 lunonem
3043 4469 3172 4508 vero
3203 4462 3258 4506 et
3306 4450 3471 4505 infer-

258 4567 405 4640 Ἀρεα
432 4577 522 4627 καὶ
557 4544 902 4642 Ἀφροδίτην,
939 4569 1044 4621 ὑπὸ
1071 4544 1126 4622 δέ
1158 4544 1482 4638 Ἡρακλέους
1499 4565 1596 4637 τὴν
1626 4565 1796 4636 ’Ἥραν

1908 4574 2034 4612 num
2064 4572 2221 4626 quem
2271 4561 2467 4608 vocant
2499 4551 2683 4614 Deum,
2709 4549 3008 4602 Aidoneum
3043 4546 3157 4600 sive
3186 4544 3468 4598 Plutonem

256 4661 336 4712 καὶ
366 4663 449 4715 τὸν
492 4663 843 4732 Ὑποχθόνιον
869 4660 925 4712 ὃν
952 4659 1170 4713 καλοῦσι
1216 4658 1356 4723 θεὸν,
1404 4656 1638 4710 Ἀἵδονέα
1658 4696 1673 4720 ,
1711 4655 1803 4708 καὶ⁸

257 4750 476 4805 Διόνυσον
509 4753 606 4824 μὲν
639 4751 747 4806 ὑπὸ
775 4751 1044 4822 Περσέως,
1098 4749 1326 4820 Ἀθηνᾶν
1370 4750 1427 4802 δὲ
1456 4747 1560 4800 ὑπὸ
1601 4747 1800 4818 Ἀρκά-

258 4838 350 4904 δας,
388 4844 474 4896 καὶ
499 4845 592 4897 τὸν
617 4843 924 4912 Ἥφαιστον
961 4841 1282 4912 ῥιπτόμενον
1313 4841 1404 4894 καὶ
1444 4838 1797 4909 χωλαίνοντα,

260 4929 310 4980 οὺ
337 4933 733 5004 καταγνώσεται
772 4933 872 5002 τῆς
918 4934 1150 5002 φύσεως,
1195 4931 1288 4985 καὶ
1318 4929 1802 5001 ἀποστραφήσεται

261 5023 345 5091 μὲν
383 5025 468 5080 τοῦ
502 5027 680 5096 λέγειν
713 5025 911 5088 αὐτοὺς
939 5023 1019 5076 ἔτι
1056 5017 1194 5077 εἶναι
1228 5022 1415 5086 θεοὺς,
1447 5019 1720 5091 φθαρτοὺς
1745 5019 1803 5072 δὲ

323 5201 421 5274 (69)
449 5205 536 5260 Sic
568 5204 796 5274 Seguer.
837 5201 1052 5258 Gobler.
1091 5211 1144 5257 et
1179 5197 1422 5255 Felcktn.
1445 5196 1481 5250 2
1507 5209 1673 5251 anon.
1700 5194 1803 5249 Alii

262 5285 367 5346 curn
379 5271 533 5346 editis
558 5271 950 5346 λαιὶϐδυρντεεο

322 5343 420 5416 (30)
441 5336 648 5416 Anglic:
678 5354 736 5399 et
767 5336 1005 5416 Fclckm.
1027 5340 1291 5416 2__anon_.,_
1321 5336 1521 5416 αὐτῶνἶ

321 5404 419 5484 (71)
447 5404 900 5484 SicUSeguerLet
927 5411 1116 5484 _Basil.
1158 5408 1377 5484 Gohler.
1427 5404 1746 5484 e_t_Felcltin.
1775 5405 1800 5460 1

263 5475 422 5555 anon],
448 5496 502 5541 at
528 5475 686 5555 Argi.
720 5493 776 5537 et
801 5482 1038 5555 Felckm.
1065 5481 1100 5535 2
1126 5494 1316 5544 anon.,
1351 5477 1656 5549 ἀπώληται.
1686 5475 1808 5531 Ca:-

264 5554 348 5625 teri
364 5570 475 5625 cum
499 5553 681 5619 editis,
713 5553 1031 5625 άπόλληται.

320 5623 422 5690 (72)
457 5626 545 5680 Sic
579 5613 809 5694 Seéuer.
849 5613 1098 5678 et'Basil.
1138 5617 1349 5694 Anglic.
1385 5627 1439 5673 et
1490 5613 1730 5694 Eelckin.
1755 5613 1806 5694 _2

258 5682 416 5765 alien;
451 5695 556 5749 Alii
589 5682 714 5750 cuin
762 5694 920 5750 editis
959 5682 1336 5765 Σαρπηδώνος,
1367 5689 1636 5743 mendose.
1671 5682 1804 5741 Vide

257 5761 453 5819 Homeri
484 5765 649 5818 Iliad.
676 5765 739 5818 II.

318 5834 422 5904 (7'5)
453 5835 722 5890 Particula
761 5832 857 5904 μέν
891 5833 1040 5904 deest
1065 5832 1127 5904 in
1142 5828 1442 5904 Felclima'o
1468 5840 1629 5904 anon:
1663 5822 1796 5878 Ibid.

255 5895 347 5960 τοὶ
375 5895 674 5978 λεγομένων
713 5895 862 5961 deest
907 5905 960 5959 in
991 5901 1152 5960 Basil.
1193 5911 1248 5959 et
1271 5899 1475 5970 Anglic.
1514 5895 1646 5952 Ibid.
1674 5909 1799 5964 par-

1861 5968 1872 6004 i

1907 4651 1976 4705 ah
2011 4647 2258 4710 Hercule,
2296 4644 2672 4709 Bacchumque
2708 4655 2736 4692 a
2775 4637 2996 4702 Perseo,
3017 4645 3073 4692 et
3096 4633 3474 4689 Miuervamab

1907 4739 2138 4800 Arcade,
2159 4735 2459 4790 Vulcanum
2488 4742 2666 4787 autem
2694 4745 2724 4786 e
2752 4728 2894 4785 cmlo
2922 4726 3112 4797 projici
3139 4739 3313 4795 eoque
3343 4739 3472 4779 casu

1907 4829 2155 4886 claudum
2199 4825 2346 4891 lieri;
2399 4825 2558 4893 quis,
2612 4823 2856 4890 inquam,
2889 4819 3002 4873 haec
3044 4817 3239 4872 intueri
3279 4814 3472 4886 possit,

1909 4924 2036 4994 quin
2069 4921 2250 4977 statim
2287 4915 2593 4985 huiusmodi
2624 4915 2847 4969 deorum
2882 4919 3132 4966 naturam
3161 4915 3381 4978 spernat
3412 4921 3476 4960 ac

1908 5017 2203 5084 vituperet,
2236 5013 2690 5078 vehementerque
2727 5005 2980 5076 deinceps
3019 5003 3312 5058 abhorreat
3336 5011 3472 5069 quo-

1913 5191 2072 5246 ticula
2102 5189 2164 5261 δή
2188 5190 2331 5261 deest
2357 5184 2408 5239 in
2439 5183 2663 5261 Seguer.

1985 5260 2097 5336 (ῖρ)
2127 5245 2216 5336 sic
2245 5258 2470 5336 Seguer.
2501 5245 2603 5336 Alii
2623 5267 2751 5336 cum
2776 5251 2956 5335 editis,
2981 5245 3364 5336 δεσμοῦ-μενονἶ

1986 5321 2098 5405 (ῖ5)
2131 5321 2351 5385 Dianam
2372 5326 2468 5405 hic
2498 5323 2804 5405 signiﬁcari.
2839 5321 3138 5405 verisimile.
3169 5325 3473 5405 est,nqttam

1915 5382 2186 5472 Sospiiain
2230 5382 2493 5472 appellata
2503 5382 2576 5472 ρῖ
2589 5409 2710 5472 esse
2756 5393 3008 5472 observat
3030 5385 3268 5472 Natalis
3279 5382 3476 5472 Fontes

1916 5455 2138 5546 Hydra.
2169 5455 2362 5546 libst'u,
2390 5465 2556 5546 c._.18,
2585 5469 2773 5532 ne‘mpe
2803 5455 3481 5546 quodBfifiglliﬁgfnafft

1916 5523 2393 5600 liii’r—ivtcrederetur.
2431 5523 2572 5591 Juno
2611 5523 2833 5601 quoque
2847 5523 3057 5601 Sospita
3087 5523 3389 5601 dicebatur,
3421 5527 3479 5601 ut

1917 5590 2483 5684 ὖξιίέινυῖ’ῥέθει-οπο-
2515 5590 2650 5684 libri
2679 5590 2765 5682 .D'e
2796 5608 2915 5684 nale.
2930 5590 3190 5684 decutet
3397 5590 3478 5684 ﬁt

1917 5656 2691 5740 Ῐίῖὲνίυῦόιιξίιῖνιιοι-ινίιιιθηίςί
2725 5669 3065 5741 manifestum
3097 5671 3200 5726 est,
3234 5661 3356 5741 quia
3386 5656 3480 5741 .qu

1911 5733 2251 5809 ἦξεὸὶὸὶιὲθί
2303 5761 2438 5799 uxor
2469 5743 2615 5797 Jevis
2641 5733 2780 5802 erat,
2829 5753 2933 5793 non
2969 5733 3098 5801 ﬁlia,
3147 5733 3322 5804 qualis
3356 5738 3478 5784 erat

1909 5841 2027 5896 quin
2055 5824 2142 5878 hic
2173 5819 2409 5888 Σώτειρα
2439 5812 2776 5883 appellatum,
