4010 6510
517 407 589 471 27
1086 408 1146 469 S.
1185 406 1556 469 ATIIANASII
1595 411 1748 470 OPP.
1786 412 1965 468 PARS
2002 412 2042 467 Ι.
2085 444 2149 454 -—-
2194 408 2564 469 HISTORICA
2602 408 2690 467 ΕΤ
2730 409 3155 470 DOGMATICA.
3693 412 3764 468 98

517 531 695 584 minus
736 528 865 583 deos
894 525 1014 583 illos
1046 542 1169 583 esse
1187 528 1353 594 dicat,
1386 528 1479 583 sed
1522 529 1700 597 potius
1729 543 1852 582 cum
1886 543 2066 583 corru-

2185 531 2280 582 xa‘t
2318 528 2595 601 παθητοὺς
2634 529 2827 592 αὐτοὺς
2870 528 3101 594 ἀκούων,
3139 526 3293 581 οὐδὲν
3327 520 3456 581 ἄλλο
3494 527 3766 600 ἢάνθρώ-

517 620 683 690 ptioni
717 618 994 689 subjectos
1028 627 1083 673 et
1112 619 1353 689 patibilis
1388 629 1593 674 natura:
1624 633 1747 673 esse
1799 619 2083 675 intellexe-

517 713 606 776 rit,
653 709 787 765 nihil
817 708 1064 779 profecto
1094 710 1237 765 aliud
1271 725 1363 765 eos
1398 726 1559 781 quam
1611 711 1878 774 homines,
1924 718 2084 780 atque

513 798 813 853 imbecilles
869 799 1116 853 homines
1154 814 1274 854 esse
1323 809 1597 869 agnoscet,
1628 802 1909 869 magiSque
1964 801 2082 856 illos

516 893 608 961 qui
633 891 935 955 vulnerant,
979 907 1141 960 quam
1186 891 1278 961 qui
1331 892 1710 955 vulnerantur,
1739 893 1861 962 jure
1892 903 1946 946 et
1979 909 2083 947 me-

520 985 625 1039 ri'to
659 983 1048 1039 admirabitur?
1112 984 1243 1052 Quis
1298 985 1423 1039 item
1486 982 1674 1038 Martis
1715 1000 1836 1038 cum
1873 983 2082 1040 Venere

511 1075 861 1140 adulterium,
898 1084 953 1130 et
986 1076 1200 1146 utrique
1228 1086 1443 1146 paratas
1481 1093 1510 1129 a
1545 1074 1786 1130 Vulcano
1810 1076 2033 1132 insidias
2061 1117 2078 1144 ,

510 1167 751 1237 aliosque
784 1182 918 1238 quos
964 1178 1156 1224 vocant
1209 1170 1337 1225 deos
1391 1170 1454 1223 ad
1503 1169 1672 1240 stupri
1715 1168 2079 1239 spectaculum

508 1260 577 1313 ab
607 1260 795 1315 eodem
823 1258 1068 1316 Vulcano
1104 1261 1396 1317 accersitos
1434 1259 1748 1328 adventare,
1781 1272 1837 1315 et
1861 1260 2075 1315 illorum

508 1350 903 1418 impudicitiam
938 1352 1187 1406 contueri
1243 1351 1603 1420 conspiciens,
1666 1350 1831 1405 risum
1890 1359 2077 1404 tenere

507 1453 694 1512 queat,
720 1459 920 1513 eosque
953 1459 1059 1498 non
1092 1444 1244 1498 valde
1275 1444 1635 1513 aspernetur?
1701 1442 1831 1509 Quis
1863 1457 1968 1496 non
2010 1443 2080 1495 ri-

507 1532 654 1597 deat,
676 1533 719 1586 si
753 1533 1033 1588 Herculem
1068 1535 1261 1587 viderit
1285 1550 1393 1603 pra:
1411 1535 1679 1589 ebrietate
1710 1534 1991 1589 libidinose
2021 1535 2073 1589 in

506 1622 827 1693 Omphalem
862 1626 1142 1680 insanire?
1169 1626 1303 1680 Nam
1341 1626 1627 1681 libidinosa
1666 1626 1880 1681 illorum
1922 1634 2076 1698 gesta

508 1715 960 1786 turpissimosque
1002 1733 1235 1783 amores,
1295 1734 1359 1773 ac
1391 1733 1576 1773 eorum
1620 1720 1882 1789 imagines
1912 1736 2066 1788 auro,

506 1817 756 1876 argento,
796 1824 925 1876 aere,
962 1809 1106 1864 ferro
1128 1849 1143 1875 ,
1179 1810 1446 1881 lapidibus
1489 1821 1543 1867 et
1578 1810 1735 1883 lignis
1763 1824 2069 1882 etpressas,

506 1896 643 1952 nihil
670 1907 754 1954 est
790 1915 887 1953 cur
920 1911 1175 1954 accurate
1226 1877 1640 1972 reprehendam,
1669 1918 1792 1957 cum
1826 1919 1916 1959 res
1944 1904 2072 1974 ipsae
2104 1877 2145 1936 Β

502 1998 571 2040 ex
602 2000 722 2042 sese
743 1990 1089 2044 exsecrandae
1112 1989 1242 2056 sint,
1275 2001 1331 2046 et
1372 1991 1718 2047 manifestam
1743 1994 1947 2049 erroris
1971 2008 2072 2047 no-

505 2088 615 2131 tam
652 2078 907 2135 habeant.
942 2078 1057 2146 Qua
1092 2096 1225 2137 sane
1258 2081 1311 2136 in
1354 2097 1432 2152 rc,
1463 2097 1673 2151 eorum,
1711 2085 1803 2154 qui
1840 2085 1924 2139 his
1972 2083 2076 2139 fal-

501 2164 657 2222 laciis
713 2172 1064 2235 seducuntur,
1115 2172 1350 2228 maxime
1400 2174 1646 2229 misereri
1700 2176 1971 2230 convenit.
2004 2173 2073 2230 Hi

500 2258 645 2311 enim
671 2260 759 2329 qui
791 2261 1112 2329 adulterum,
1159 2265 1250 2333 qui
1282 2266 1348 2318 ad
1379 2265 1615 2334 ipsorum
1648 2280 1871 2322 uxorem
1901 2268 2071 2322 aude-

499 2359 585 2403 ret
619 2351 901 2420 accedere,
929 2354 1167 2408 maximo
1203 2358 1328 2409 odio
1375 2369 1863 2426 prosequerentur,
1924 2358 2074 2412 adul-

502 2439 624 2493 terii
657 2443 946 2510 magistros
972 2443 1105 2498 deos
1144 2445 1324 2499 facere
1366 2462 1471 2500 non
1496 2457 1753 2501 verentur
1784 2466 1798 2503 :
1836 2464 2070 2517 cumque

498 2527 603 2594 ipsi
634 2544 755 2584 cum
791 2533 1067 2588 sororibus
1112 2534 1212 2604 ιι
1266 2537 1610 2592 commisceri
1663 2538 2066 2607 reformidant,

497 2630 593 2671 eos
620 2618 712 2687 qui
764 2620 998 2689 idipsum
1062 2622 1291 2692 faciunt,
1351 2637 1721 2681 venerantur:
1768 2630 1858 2699 qui
1906 2630 2067 2685 iidem

498 2722 701 2777 pueros
726 2724 1076 2783 corrumpere
1110 2717 1315 2771 crimen
1358 2732 1479 2774 esse
1532 2718 1789 2785 fatentur,
1828 2720 1947 2777 illos
1986 2721 2070 2777 ui-

501 2798 799 2858 bilomluus
827 2803 1009 2859 colunt
1036 2808 1127 2875 qui
1179 2807 1401 2878 hujusce
1432 2808 1619 2878 ﬂagitii
1661 2813 1738 2868 rei
1786 2828 1908 2869 esse
1933 2829 2071 2884 prae-

501 2890 804 2949 dicantur:
857 2911 921 2952 ac
970 2898 1202 2969 denique
1251 2915 1350 2967 ea,
1413 2918 1533 2973 qua:
1579 2904 1725 2975 leges
1759 2906 2069 2963 hominibus

496 2984 807 3055 prohibent,
832 2989 968 3058 suis,
996 3000 1054 3045 ut
1084 2992 1376 3063 appellant,
1418 2995 1527 3051 diis
1578 3011 1685 3052 non
1739 2998 2069 3056 erubescunt

495 3077 795 3134 ascribere.

2186 637 2323 684 πους
2350 621 2564 684 αὐτοὺς,
2587 622 2682 673 καὶ
2700 618 3018 690 ἀνθρώπους
3039 620 3147 691 (76)
3181 618 3428 682 ἀσθενεῖς
3460 617 3766 687 ἐπιγνώσε-

2184 731 2292 778 ται,
2342 713 2435 766 καὶ
2485 712 2680 783 μᾶλλον
2723 714 2850 776 τοὺς
2876 712 3192 784 τρώσαντας
3232 712 3265 782 ἢ
3306 713 3432 775 τοὺς
3452 710 3766 783 τρωθέντας

2186 804 2547 875 θαυμάσειεν;
2585 804 2655 856 Ἢ
2695 803 2799 868 τίς,
2836 802 2957 856 ἰδὼν
2985 802 3080 875 τὴν
3115 803 3309 872 Ἀρεος
3340 801 3477 871 πρὸς
3519 799 3767 870 Ἀφροδί-

2183 911 2281 967 την
2316 895 2581 966 μοιχείαν,
2608 897 2703 950 καὶ
2729 897 2819 949 τὸν
2846 896 3138 965 Ἡφαίστου
3166 895 3284 947 κατ’
3310 895 3637 966 ἀμφοτέρων
3666 913 3761 948 κα-

2182 981 2650 1060 τασκευαζόμενον
2682 985 2850 1055 δόλον,
2898 988 2993 1041 καὶ
3028 990 3152 1051 τοὺς
3193 987 3382 1050 ἄλλους
3429 986 3754 1058 λεγομένους

2187 1080 2342 1143 θεοὺς
2374 1081 2466 1133 ἐπὶ
2498 1078 2625 1134 θέαν
2649 1084 2746 1153 τῆς
2775 1081 3017 1152 μοιχείας
3060 1080 3164 1133 ὑπὸ
3196 1079 3290 1132 τοῦ
3334 1080 3628 1148 Ἡφαίστου
3657 1095 3759 1131 κα-

2181 1166 2491 1245 λουμένους,
2522 1173 2615 1226 καὶ
2645 1175 2840 1237 αὐτοὺς
2866 1173 3210 1245 ἐρχομένους,
3254 1173 3346 1227 καὶ
3381 1173 3626 1245 ὁρῶντας
3659 1174 3759 1229 αὑ-

2178 1264 2288 1317 τῶν
2314 1264 2411 1333 τὴν
2440 1263 2744 1331 ἀσέλγειαν,
2774 1264 2875 1317 οὐκ
2908 1264 2974 1318 ἂν
3007 1264 3253 1332 γελάσειε
3282 1265 3375 1318 καὶ
3407 1263 3761 1332 καταγνώσεδ

2179 1372 2268 1408 ται
2300 1357 2398 1427 τῆς
2418 1353 2746 1426 φαυλότητος
2774 1350 2986 1422 αὐτῶν;
3016 1357 3085 1409 Ἦ
3120 1354 3204 1420 τίς
3234 1354 3333 1410 οὐκ
3384 1357 3449 1410 ἂν
3478 1356 3760 1426 γελάσειεν

2177 1446 2317 1520 ὁρῶν
2349 1448 2446 1521 τὴν
2479 1448 2810 1521 Ἡρακλέους
2855 1448 2991 1521 πρὸς
3031 1449 3126 1521 τὴν
3174 1446 3452 1522 Ὀμφάλην
3485 1452 3551 1504 ὲκ
3587 1452 3759 1522 μέθης

2178 1539 2604 1612 παραφροσύνην
2643 1542 2737 1595 καὶ
2784 1540 3056 1606 ἀσωτίαν;
3108 1540 3217 1604 Τὰς
3254 1540 3361 1612 γὰρ
3410 1540 3534 1594 καθ’
3564 1540 3758 1614 ἡδονὴν

2175 1630 2352 1684 αὐτῶν
2386 1630 2634 1701 πράξεις,
2667 1629 2761 1685 καὶ
2788 1634 2913 1697 τοὺς
2938 1631 3279 1704 παραλόγους
3306 1632 3483 1685 αὐτῶν
3522 1632 3753 1705 ἔρωτας,

2174 1723 2268 1777 καὶ
2297 1722 2395 1787 τὰς
2422 1724 2479 1777 ὲν
2507 1723 2693 1794 χρυσῷ
2728 1724 2823 1778 καὶ
2847 1723 3093 1795 ἀργύρῳ,
3128 1724 3220 1777 καὶ
3251 1721 3435 1794 χαλκῷ
3476 1726 3571 1777 καὶ
3606 1724 3756 1792 σιδήδ

2178 1834 2278 1890 ρῳ,
2332 1819 2427 1871 καὶ
2468 1817 2635 1882 λίθοις
2682 1819 2776 1871 καὶ
2819 1817 2995 1883 ξύλοις
3031 1817 3403 1882 θεοπλαστίας,
3453 1818 3514 1870 ού
3563 1818 3647 1871 δεῖ
3678 1817 3757 1870 δι·-

2175 1909 2417 1980 ελέγχειν
2445 1911 2580 1981 μετά
2597 1909 2849 1980 σπουδῆς,
2871 1909 2979 1963 τῶν
3012 1909 3349 1981 πραγμάτων
3380 1909 3474 1961 καὶ
3499 1911 3593 1979 ἀφ’
3629 1910 3757 1963 ἐαυο

2173 2002 2279 2055 τῶν
2306 2003 2537 2074 ἐχόντων
2574 2005 2633 2057 τὸ
2662 2004 2828 2075 μῦσος
2852 2005 2984 2076 (77),
3008 2006 3101 2057 καὶ
3127 2004 3192 2057 δι’
3223 2006 3429 2059 ἑαυτῶν
3456 2006 3755 2059 ἐπιδεικνυ-

2176 2092 2352 2166 μένων
2378 2091 2438 2149 τὸ
2462 2097 2559 2167 τῆς
2596 2091 2802 2166 πλάνης
2828 2094 3113 2167 γνώρισμα
3136 2115 3150 2127 ·
3185 2097 3269 2165 ἐφ’
3300 2094 3380 2161 οἷς
3402 2098 3641 2168 μάλιστα
3660 2096 3754 2153 καὶ

2172 2182 2563 2258 οἰκτειρήσειεν
2594 2186 2659 2240 ἄν
2681 2199 2763 2250 τις
2791 2187 2917 2250 τοὺς
2951 2187 3343 2258 ἀπατωμένους
3371 2191 3428 2242 ὲν
3449 2190 3653 2252 αὐτοῖς.
3672 2191 3748 2261 Τῇ

2172 2275 2281 2347 γὰρ
2316 2276 2523 2329 ἑαυτῶν
2561 2278 2779 2346 γυναικὶ
2816 2277 3098 2348 μισοῦντες
3129 2280 3220 2334 τὸν
3253 2280 3600 2351 ἐπιϐαίνοντα
3632 2300 3751 2352 μοιαι

2172 2369 2286 2439 χὸν,
2320 2370 2445 2433 τοὺς
2475 2369 2573 2440 τῆς
2603 2369 2846 2439 μοιχείας
2872 2370 3221 2435 διδασκάλους
3253 2370 3627 2450 θεοποιοῦντες
3654 2374 3751 2427 οὐκ

2171 2462 2546 2529 αἰσχύνονταιο
2580 2461 2673 2514 καὶ
2695 2463 2813 2524 ταῖς
2846 2461 3099 2530 ἀδελφαῖς
3127 2461 3280 2515 αὐτοὶ
3318 2462 3417 2515 οὐκ
3458 2463 3751 2533 ἐπιμιγνύ-⁵

2173 2566 2323 2622 μενοι
2351 2549 2460 2622 (78)
2495 2553 2621 2615 τοὺς
2660 2552 2816 2605 τοῦτο
2840 2553 3172 2623 ποιήσαντας
3204 2554 3569 2623 προσκυνοῦσι
3590 2572 3604 2587 ο
3657 2556 3750 2609 καὶ

2172 2638 2559 2715 ὁμολογοῦντες
2587 2639 2724 2698 εἶναι
2752 2644 2917 2698 κακὸν
2943 2645 3043 2717 τήν
3073 2643 3477 2716 παιδοφθορίαν,
3510 2648 3638 2711 τοὺς
3660 2649 3750 2702 ἐπὶ

2167 2734 2338 2806 ταύτῃ
2371 2734 2821 2806 διαϐαλλομένους
2865 2736 3225 2807 θρησκεύουσι
3249 2757 3262 2768 ’
3313 2740 3406 2792 καὶ
3443 2738 3478 2793 ἃ
3509 2740 3647 2810 μηδὲ
3691 2741 3749 2793 ἐν

2168 2826 2476 2899 ἀνθρώποις
2526 2824 2659 2881 εἶναι
2713 2829 3096 2899 ἐπιτρέπουσιν
3138 2832 3188 2884 oi.
3218 2830 3393 2901 νόμοι,
3432 2832 3610 2885 ταῦτα
3639 2834 3747 2895 τοῖς

2169 2919 2259 2972 ὑπ’
2288 2917 2464 2971 αὐτῶν
2487 2918 2901 2991 ὀνομαζομένοις
2935 2921 3044 2993 (79)
3076 2921 3216 2986 θεοῖς
3246 2922 3616 2995 περιτιθέντες
3649 2924 3750 2977 οὐκ

2168 3011 2299 3084 ἐρυθ
2308 3011 2515 3083 ριῶσιν.

566 3170 656 3227 15.
694 3170 966 3228 Praeterea
998 3189 1120 3229 cum
1166 3174 1374 3248 lapides
1402 3187 1458 3233 et
1502 3180 1646 3250 ligna
1678 3182 1927 3251 adorant,
1958 3199 2061 3243 non

2242 3187 2328 3243 l3.
2369 3185 2505 3242 Εἶτα
2528 3188 2957 3261 προσκυνοῦντες
2975 3189 3144 3255 λίθοις
3171 3185 3263 3246 καὶ
3286 3190 3461 3257 ξύλοις
3492 3194 3625 3265 (80),
3648 3195 3747 3268 οὐχ

493 3264 785 3318 attendunt
812 3279 871 3319 se
905 3280 992 3322 res
1023 3282 1246 3336 prorsus
1267 3269 1472 3325 similes
1494 3274 1718 3341 pedibus
1739 3278 2064 3337 conculcare

495 3364 553 3410 et
581 3355 924 3422 comburere,
963 3374 1192 3426 quarum
1232 3372 1411 3430 partes
1444 3364 1577 3419 deos
1619 3379 1958 3438 nuncupant,
2012 3382 2068 3429 et

492 3459 616 3516 qua:
638 3447 800 3515 paulo
846 3458 972 3502 ante
1022 3449 1074 3503 in
1126 3466 1281 3505 usum
1328 3456 1837 3522 assumebant,ha2c
1877 3464 2063 3521 eadem

493 3536 705 3607 sculpta
761 3538 1081 3608 insipienter
1130 3544 1381 3597 venerari
1413 3562 1427 3599 :
1494 3558 1616 3615 qua:
1647 3550 1774 3607 dum
1806 3552 2017 3611 faciunt
2043 3597 2061 3624 ,

494 3642 601 3680 non
619 3638 766 3683 certe
792 3630 1079 3686 advertunt
1104 3646 1205 3687 nec
1225 3634 1447 3690 omnino
1466 3640 1779 3709 cogitantse
1802 3661 1904 3701 non
1936 3649 2065 3707 deos

491 3721 586 3773 sed
621 3720 891 3776 caalatoris
915 3732 1088 3778 artem
1115 3727 1362 3783 adorare.
1390 3726 1666 3799 Siquidem
1700 3738 1935 3805 quandiu
1960 3741 2063 3795 im-

494 3803 694 3871 politus
720 3816 803 3860 est
824 3807 961 3876 lapis
1001 3818 1056 3863 et
1109 3813 1335 3867 materia
1390 3817 1560 3883 rudis,
1596 3803 1775 3876 tand‘iu
1811 3825 1920 3880 ista
1951 3828 2065 3882 cal-

492 3900 617 3946 cant
644 3903 699 3947 et
720 3895 787 3948 ad
815 3911 940 3951 suos
980 3913 1121 3967 sazpe
1158 3916 1286 3956 usus
1312 3904 1475 3960 etiam
1517 3908 1734 3966 viliores
1776 3915 2059 3973 adhibent.

491 3982 630 4038 Cum
656 4000 787 4040 vero
821 3989 978 4043 lictor
1014 4004 1188 4046 artem
1216 4008 1369 4050 suam
1397 3996 1450 4052 in
1497 3997 1603 4055 illis
1634 4008 1965 4075 exercuerit,
2008 4020 2064 4065 et

489 4075 595 4128 viri
630 4078 715 4131 vel
768 4080 1008 4137 mulieris
1038 4083 1212 4139 forma
1270 4092 1550 4146 materiam
1608 4094 1876 4166 flgurarit,
1930 4109 2060 4157 tunc

489 4168 695 4236 gratias
725 4182 892 4241 agunt
921 4176 1141 4243 artifici,
1168 4178 1390 4250 jamque
1421 4190 1479 4237 ut
1526 4185 1654 4242 deos
1684 4188 1892 4256 colunt,
1925 4206 2059 4260 quos

488 4263 741 4317 mercede
792 4280 821 4316 a
863 4267 1115 4324 cazlatore
1173 4286 1443 4329 emerunt.
1493 4278 1800 4345 Quinetiam
1854 4284 2012 4339 lictor
2042 4324 2058 4350 ,

485 4353 637 4422 quasi
670 4354 868 4413 oblitus
896 4372 1015 4429 qua:
1043 4362 1158 4432 ipse
1199 4366 1503 4433 fabricavit,
1532 4376 1767 4443 propriis
1799 4378 2055 4446 operibus

482 4446 774 4538 supplicat,
808 4462 862 4505 et
887 4464 1008 4521 qua:
1033 4458 1190 4524 paulo
1227 4460 1352 4515 ante
1369 4463 1645 4530 scalpebat
1671 4478 1727 4521 et
1761 4468 2076 4538 incidebat,~

2165 3280 2385 3352 ὁρῶσιν,
2408 3282 2489 3335 ὅτι
2516 3282 2585 3336 τά
2620 3282 2716 3353 μὲν
2749 3282 2910 3353 ὃμοια
2942 3285 3055 3347 τοῖς
3082 3286 3206 3339 ποσῖ
3238 3285 3468 3339 πατοῦσι
3503 3288 3599 3340 καὶ⁸
3626 3288 3747 3341 καί-

2165 3390 2305 3439 ουσι,
2334 3374 2403 3427 τὰ
2429 3373 2487 3426 δὲ
2519 3374 2719 3427 τούτων
2755 3374 2893 3448 μέρη
2930 3374 3084 3439 θεοὺς
3116 3378 3584 3450 προσαγορεύουσι
3607 3397 3623 3412 ο
3655 3381 3748 3435 καὶ

2163 3464 2201 3519 ἃ
2230 3465 2336 3537 πρὸ
2368 3464 2548 3533 ὀλίγου
2580 3467 2660 3528 εἰς
2684 3466 2879 3537 χρῆσιν
2908 3463 3071 3538 εἶχον,
3105 3469 3277 3522 ταῦτα
3318 3470 3409 3524 διὰ
3453 3488 3745 3544 παραφρο-

2168 3557 2333 3629 σύνην
2373 3556 2671 3627 γλύψαντες
2723 3558 3003 3611 σέϐου-,τιν⁸
3065 3561 3164 3631 ούχ
3209 3560 3466 3632 δρῶντες,
3505 3565 3631 3617 οὐδὲ
3659 3564 3750 3617 λο-

2164 3647 2442 3719 γιζόμενοι
2467 3641 2526 3701 τὸ
2559 3641 2796 3713 σύνολον,
2826 3650 2908 3702 ὅτι
2933 3650 2992 3704 οὐ
3021 3650 3193 3716 θεοὺς,
3235 3652 3372 3707 ἀλλά
3408 3655 3508 3727 τὴν
3551 3655 3746 3727 τέχνην

2164 3742 2258 3795 τοῦ
2286 3742 2589 3812 γλύψαντος
2613 3746 3030 3815 προσκυνοῦσιν.
3072 3749 3215 3811 Ἕως
3247 3749 3345 3819 μὲν
3388 3751 3496 3823 γὰρ
3518 3751 3747 3817 ἇξυστός

2165 3835 2350 3888 ἐστινὸ
2367 3835 2532 3899 λίθος,
2566 3838 2657 3890 καὶ
2685 3840 2716 3908 ή
2745 3837 2843 3910 ῦλη
2869 3839 3033 3911 ἀργὴ,
3056 3841 3147 3892 ἐπὶ
3172 3841 3421 3895 τοσοῦτον
3449 3842 3623 3897 ταῦτα
3642 3863 3746 3898 πα-

2164 3927 2334 3993 τοῦσι,
2359 3931 2452 3983 καὶ
2471 3930 2678 3994 τούτοις
2702 3932 2780 3994 είς
2797 3930 3100 4004 ὑπηρεσίας
3135 3931 3233 3995 τὰς
3252 3932 3460 3989 ἑαυτῶν
3484 3938 3745 4001 πολλάκις

2165 4018 2257 4071 καὶ
2302 4018 2398 4082 τὰς
2430 4020 2753 4092 ἀτιμοτέρας
2794 4022 3063 4093 χρῶνται·
3096 4024 3316 4078 ἐπειδὰν
3348 4026 3404 4079 δὲ
3434 4028 3462 4079 ό
3494 4029 3745 4101 τεχνίτης

2162 4111 2242 4173 είς
2282 4111 2421 4165 αὐτὰ
2452 4115 2549 4182 τῆς
2589 4113 2722 4177 ἰδίας
2753 4112 3063 4187 ἐπιστήμης
3091 4116 3324 4190 ἐπιόάλῃ
3371 4118 3471 4183 τὰς
3529 4137 3746 4192 συμμε-

2161 4203 2337 4274 τρίας,
2369 4206 2461 4257 καὶ
2489 4204 2678 4277 ἀνδρὸς
2709 4202 2740 4277 ἢ
2765 4203 3021 4275 γυναικὸς
3040 4212 3119 4274 είς
3150 4210 3245 4281 τὴν
3279 4210 3412 4282 ὓλην
3441 4216 3631 4285 σχῆμα
3656 4233 3747 4268 “cu-

2163 4293 2340 4365 πὼσῃ,
2388 4296 2505 4347 τότε
2549 4296 2636 4367 δὴ,
2689 4297 2847 4369 χάριν
2890 4301 3326 4373 ὁμολογήσαντες
3367 4304 3445 4375 τῷ
3500 4307 3743 4379 τεχνίτῃ,

2161 4385 2345 4439 λοιπὸν
2380 4384 2455 4449 ὼς
2487 4386 2642 4451 θεοὺς
2670 4392 3051 4460 προσκυνοῦσι,
3095 4393 3285 4464 μισθοῦ
3317 4395 3469 4467 παρά
3499 4397 3593 4449 τοῦ
3617 4396 3745 4467 γλύ-

2159 4480 2361 4548 ψαντος
2393 4480 2589 4544 αὐτοὺς
2622 4480 3010 4553 ἀγοράσαντες.
3060 4480 3330 4550 Πολλάκις
3360 4486 3418 4540 δὲ
3448 4491 3545 4543 καὶ
3581 4490 3747 4554 αὐτος

481 4536 597 4592 haec
625 4541 837 4607 eadem,
866 4544 1109 4613 perfecto
1152 4565 1333 4618 opere,
1366 4553 1497 4610 deos
1540 4558 1759 4613 salutat.
1791 4562 1959 4631 Atqui
2007 4536 2051 4617 si

481 4629 567 4653 211..
604 4647 624 4653 -
654 4633 881 4653 1..-ε..-.ε-
938 4651 953 4653 Α
1007 4638 1037 4653 ι·
1483 4647 1495 4653 -
1627 4651 1635 4653 Α

2168 4536 2185 4621 ί
2207 4536 2681 4639 όιγαλῠματοποίὸς,⁸
2699 4536 2848 4625 ῶσπε
2856 4591 2888 4645 ρ
2920 4536 3326 4646 ἐπιλαθόμενος

481 4629 570 4683 illa
603 4633 958 4690 admiratione
988 4638 1145 4708 digna
1176 4654 1356 4712 erant,
1401 4647 1668 4703 caelatoris
1712 4666 1844 4706 sane
1876 4629 2049 4708 artem

480 4719 701 4779 laudare
730 4736 786 4780 et
828 4728 1111 4796 admirari,
1152 4750 1256 4789 non
1281 4749 1461 4793 autem
1492 4755 1611 4810 quae
1641 4744 1767 4797 (icta
1800 4756 1958 4800 erant
1984 4748 2048 4800 li-

478 4813 617 4865 ctori
644 4815 905 4883 prml‘erre
931 4820 1173 4877 decebat.
1221 4824 1495 4896 Siquidem
1549 4847 1655 4886 non
1707 4836 1936 4889 materia
1964 4852 2052 4891 ar-

478 4912 610 4970 tem,
640 4907 736 4961 sed
764 4923 853 4965 ars
878 4915 1157 4970 materiam
1190 4921 1405 4973 ornavit
1426 4931 1481 4975 et
1512 4924 1670 4977 deum
1698 4925 1847 4979 fecit.
1880 4925 2044 4983 Multo

476 4994 643 5064 igitur
674 5001 882 5069 aequius
913 5015 1030 5060 erat
1064 5008 1130 5063 ab
1159 5008 1265 5064 illis
1302 5012 1403 5067 coli
1439 5014 1731 5082 artificem,
1770 5034 1935 5087 quam
1983 5035 2043 5074 ea

474 5102 596 5156 quae
620 5088 735 5158 ipse
760 5091 984 5160 fecerat,
1010 5106 1119 5152 tum
1151 5102 1277 5170 quia
1308 5104 1421 5171 ipse
1460 5104 1565 5159 diis
1594 5106 1701 5161 illis
1730 5120 1846 5164 arte
1886 5111 2046 5168 factis

474 5187 718 5249 tempore
743 5186 895 5253 prior
916 5199 1019 5252 est,
1075 5201 1187 5246 tum
1214 5196 1363 5261 quia,
1401 5204 1459 5249 ut
1496 5198 1688 5263 voluit,
1730 5202 1809 5257 sic
1850 5203 1922 5256 illi
1959 5204 2044 5258 ef-

473 5268 597 5325 fecti
635 5284 782 5328 sunt.
802 5274 952 5332 Nunc
984 5295 1133 5346 vero,
1165 5282 1362 5349 rejecta
1393 5287 1675 5355 aquitate,
1707 5292 2045 5361 scientiaque

472 5370 528 5415 et
553 5374 668 5420 arte
700 5370 1038 5437 posthabitis,
1080 5389 1142 5429 ea
1174 5375 1401 5430 adorant
1432 5393 1554 5447 quae
1575 5380 1804 5437 scientia
1839 5393 1893 5437 et
1915 5394 2037 5439 arte

683 5521 967 5604 lla:_voces
1016 5523 1361 5604 αὐτοῦςξκαὶ
1392 5532 1711 5604 ἀνθρώπους
1758 5538 1950 5593 desunt
1989 5556 2041 5593 Ill

471 5583 708 5669 Eelcltiu.
744 5596 793 5669 _'5
844 5612 1013 5669 anon.
1050 5610 1104 5652 et
1145 5583 1358 5669 Anglic.

468 5652 712 5745 [θείς-ξιιιέ
738 5663 761 5714 l
793 5680 952 5745 anon.
983 5652 1184 5745 desunt
1220 5652 1915 5745 ι’ἐήῐίιιὶῐκᾶιᾶᾲόᾉώτὲξὰξζ

566 5718 651 5866 ﬁ;
684 5718 1115 5806 Αιιειίοέμϊίσοςῖ

570 5798 629 5848 ιδ
713 5801 961 5866 Seguer.,
1014 5808 1115 5866 sm;

1014 5798 1447 5889 ἐπιμισγόμενοι.
1507 5813 1777 5889 (ὶυιικξικ,Δ
1825 5819 2044 5889 ἐπισμια

466 5872 743 5935 γνυμενοι.
779 5872 945 5930 Paulo
968 5889 1089 5946 post
1111 5872 1352 5936 ltelckin.
1386 5883 1421 5938 ὅ
1450 5900 1611 5939 anon.
1643 5872 1817 5958 κακήν
1856 5872 2042 5960 habet,

2156 4659 2383 4727 γάσατο,
2440 4664 2551 4725 τοῖς
2589 4663 2737 4726 ἰδίοις
2773 4663 2952 4735 ἔργοις
3000 4666 3394 4738 προσεύχεται’
3432 4671 3528 4723 καὶ
3564 4670 3599 4724 ἃ
3638 4672 3746 4742 πρὸ

2155 4747 2335 4817 ὀλίγου
2361 4749 2579 4815 κατέξεε
2602 4751 2694 4803 καὶ
2718 4752 3039 4819 κατέκοπτε,
3065 4755 3237 4809 ταῦτα
3266 4758 3403 4828 μετὰ
3426 4760 3528 4831 τὴν
3549 4761 3745 4833 τέχνην

2157 4839 2315 4904 θεοὺς
2366 4841 2781 4913 προσαγορεύει.
2820 4846 2968 4898 Ἔδει
3006 4845 3081 4909 δὲ,
3140 4847 3300 4920 εἴπερ
3331 4846 3398 4921 ἧν
3441 4850 3744 4922 θαυμάζειν

2153 4929 2346 4995 ταῦτα,
2386 4930 2484 5002 τὴν
2509 4932 2601 4985 τοῦ
2632 4935 2991 5005 ἐπιστήμονος
3014 4936 3210 5009 τέχνην
3231 4938 3618 5010 ἀποδέχεσθαι,
3649 4946 3745 4998 καὶ

2157 5020 2230 5091 μὴ
2267 5020 2336 5074 τά
2366 5021 2457 5073 ὑπ’
2491 5021 2657 5075 αὐτοῦ
2689 5024 2997 5080 πλασθέντα
3025 5025 3118 5079 τοῦ
3151 5030 3516 5099 πεποιηκότος
3558 5050 3744 5105 προτιη

2157 5113 2284 5181 μᾷν.
2336 5114 2410 5166 Ού
2446 5113 2556 5185 γὰρ
2599 5117 2631 5186 ή
2670 5115 2768 5187 ὕλη
2816 5117 2913 5189 τὴν
2953 5119 3172 5191 τέχνην,
3221 5121 3334 5174 ἀλλ’
3368 5124 3402 5194 ή
3443 5124 3608 5196 τέχνη
3645 5125 3742 5196 τὴν

2154 5200 2287 5273 ὕλην
2317 5205 2591 5277 ἐκόσμησε
2649 5207 2743 5259 καὶ
2793 5208 3128 5281 ὲθεοποίησε.
3187 5212 3373 5283 Πολλῷ
3412 5209 3507 5267 οὖν
3540 5214 3741 5284 μᾶλλον

2150 5294 2480 5369 δικαιότερον
2511 5294 2581 5369 ἦν
2613 5299 2703 5351 τὸν
2725 5300 2969 5372 τεχνίτην
2993 5303 3191 5368 αὐτοὺς
3220 5310 3571 5376 προσκυνεῖν,
3594 5308 3740 5377 ἤπερ

2148 5386 2217 5439 τὰ
2244 5389 2334 5440 ὑπ’
2358 5391 2521 5445 αὐτοῦ
2557 5395 2923 5465 πεποιημένα,
2948 5396 3031 5449 ὅτι
3066 5414 3126 5449 τε
3161 5398 3254 5451 καὶ
3280 5400 3609 5473 προϋπῆρχε
3630 5400 3739 5454 τῶν

2152 5542 2239 5596 ubi
2282 5545 2369 5598 alii
2400 5548 2585 5601 κακόν.

2150 5682 2183 5735 5
2208 5615 2563 5738 a(I'ZERLOinnes
2592 5620 2681 5676 hic
2708 5621 2909 5678 addunt
2957 5612 3097 5679 εἶναι
3122 5635 3319 5695 praeter
3350 5644 3452 5683 ms.
3490 5628 3731 5685 Felckm.

2223 5754 2347 5839 (‘80;
2366 5759 2475 5839 Καὶ
2498 5759 2675 5839 ξύλοις
2699 5762 2895 5839 desunt
2920 5766 2969 5819 in
2995 5769 3216 5839 Seguer.
3248 5768 3394 5839 Idem
3420 5770 3581 5839 paulo
3613 5777 3732 5839 post

2296 5826 2482 5911 όὲίγευ
2505 5902 2515 5911 _
2540 5825 2725 5911 habet.
2751 5836 2845 5911 qui
2875 5839 2984 5911 alii,
3046 5825 3181 5910 τῖρὸς
3202 5825 3731 5911 ὀλιγρν.“ιι.ηιι,’ρτο

2152 5899 2384 5966 mrtuust,
2420 5899 2641 5961 Gobler.
2672 5916 2725 5961 et
2753 5899 2994 5964 Felckm.
3029 5913 3053 5967 l
3088 5899 3247 5970 anon.
3283 5899 3467 5993 ξέουσι
3508 5899 3726 5974 habém.
