4010 6514
553 403 632 466 31,
1113 398 1170 455 S.
1213 397 1583 454 ATHANASII
1618 397 1767 454 OPP.
1809 397 1987 452 PARS
2024 396 2063 451 l.
2099 427 2166 438 —-
2207 395 2582 452 lllSTOiilCA
2624 395 2712 452 ET
2754 396 3175 454 DOGMATICA.
3487 403 3490 406 ί
3715 400 3786 456 52

557 521 808 590 reliquam
838 532 954 570 vero
992 526 1194 584 partem
1237 517 1477 570 adoravit
1526 517 1701 570 dicens
1731 529 1748 567 .'
1792 513 1953 581 Eripe
1985 532 2066 568 me
2095 557 2101 577 η

2214 513 2305 564 ἐπ’
2328 513 2509 578 αὐτῷ,
2540 512 2608 566 τὸ
2629 512 2696 566 δὲ
2715 513 2932 568 λοιπὸν
2957 512 3312 582 εἰργάσαντο
3340 515 3427 578 εἰς
3455 517 3653 579 θεους,
3687 516 3784 568 καὶ

553 612 676 678 quia
701 610 839 664 Deus
877 624 1022 662 meus
1043 625 1098 662 es
1121 619 1199 662 tu.
1229 607 1542 662 Nescierunt
1563 624 1761 675 sapere,
1778 609 1903 677 quia
1929 610 2112 661 obscu-

555 703 657 755 rati
683 710 826 766 sunt,
864 717 926 754 ne
954 699 1120 753 oculis
1154 700 1408 762 uiderent,
1453 708 1500 752 et
1525 700 1681 752 corde
1703 699 2058 766 intelligerent
2093 711 2110 746 :

556 809 716 864 neque
735 809 909 847 secum
928 791 1079 845 homo
1097 792 1335 860 cogitavit
1357 792 1410 843 in
1433 795 1589 843 corde
1609 805 1725 856 suo,
1753 789 1832 842 vel
1854 789 1909 841 in
1933 791 2111 842 anima

553 903 672 951 sua,
708 901 868 953 neque
897 886 1036 936 novit
1068 881 1368 949 prudentia,
1411 880 1536 950 quia
1575 878 1803 932 mediam
1847 880 1960 946 ejus
1997 893 2114 945 par-

555 987 657 1028 tem
688 976 806 1044 igne
838 974 1140 1036 combussit,
1181 983 1226 1026 et
1255 987 1414 1040 panes
1451 972 1502 1024 in
1526 968 1667 1022 illius
1690 967 2002 1021 carbonibus
2032 983 2112 1020 co-

551 1066 654 1130 xit,
673 1073 1002 1133 assatamque
1018 1079 1227 1116 carnem
1253 1059 1604 1124 manducavit,
1625 1067 1675 1112 et
1696 1057 1832 1128 quod
1855 1057 2109 1127 reliquum

551 1172 616 1210 ea:
645 1171 704 1209 eo
731 1154 854 1224 fuit,
884 1155 940 1206 in
988 1152 1397 1205 abominandum
1427 1148 1772 1203 simulacrum
1819 1147 2066 1216 formavit
2091 1185 2106 1209 ,

551 1247 688 1315 quod
717 1255 762 1300 et
807 1247 907 1313 ipsi
965 1247 1211 1298 adorant.
1258 1242 1456 1296 Scitote
1497 1241 1621 1310 quia
1656 1240 1788 1292 cinis
1815 1255 1906 1292 cor
1929 1254 2108 1292 eorum

549 1344 646 1400 est,
670 1345 717 1388 et
748 1346 947 1398 errant,
969 1345 1017 1388 et
1050 1349 1197 1387 nemo
1225 1342 1390 1402 potest
1413 1333 1610 1400 eripere
1643 1332 1876 1384 animam
1907 1345 2104 1382 eorum.

557 1427 758 1492 Videte,
787 1444 876 1481 nec
908 1427 1114 1490 dicetis,
1132 1426 1255 1494 quia
1272 1423 1595 1478 mendacium
1615 1423 1670 1476 in
1693 1422 1876 1476 dextra
1902 1439 2015 1476 mea
2038 1422 2100 1474 ¹¹.

551 1517 828 1584 Quomodo
860 1518 1038 1585 itaque
1070 1531 1174 1569 non
1222 1513 1288 1567 ab
1314 1514 1566 1568 omnibus
1618 1513 1768 1582 impii
1798 1527 1919 1568 esse
1952 1511 2104 1582 judi-

550 1609 705 1663 candi
743 1616 889 1672 sunt,
929 1621 1064 1675 quos
1092 1605 1384 1675 impietatis
1423 1613 1608 1673 aperte
1657 1605 1987 1660 condenmat
2035 1604 2109 1658 di-

548 1703 669 1754 vina
706 1698 1021 1768 Scriptura?
1049 1697 1129 1751 vel
1158 1697 1425 1768 quomodo
1448 1695 1690 1751 infelices
1714 1705 1766 1751 et
1795 1695 1976 1750 miseri
1999 1712 2104 1751 non

547 1802 692 1855 sunt,
723 1791 814 1860 qui
840 1801 946 1844 tam
985 1786 1262 1843 manifeste
1290 1787 1688 1860 convincuntur
1719 1803 1806 1844 res
1835 1787 2106 1842 inanimas

2212 607 2679 673 προσεκύνησαν
2703 605 2927 671 αὐτοῖς,
2963 601 3033 662 οὗ
3073 606 3138 658 τὸ
3173 605 3361 673 ἥμισυ
3396 607 3582 659 αὐτοῦ
3616 606 3786 659 κατέ-

2213 711 2452 750 καυσαν
2475 697 2636 764 πυρί.
2669 697 2778 750 Καὶ
2817 697 2916 750 ἐπὶ
2962 697 3066 751 τοῦ
3101 698 3362 766 ἡμίσους
3393 696 3580 750 αὐτοῦ
3609 696 3786 764 κρέας

2212 788 2503 855 ὀπτήσας,
2544 791 2726 859 ἔφαγε
2757 791 2853 844 καὶ
2899 790 3242 859 ἐνεπλήσθη
3260 807 3274 819 ·
3315 790 3412 842 καὶ
3438 791 3787 858 θερμανθεὶς

2211 876 2380 934 εἶπεν
2401 897 2413 908 ·
2465 879 2598 934 Ἠδύ
2620 898 2743 950 μοι,
2780 880 2869 934 ὅτι
2900 881 3286 951 ἐθερμάνθην,
3317 882 3414 935 καὶ
3451 881 3617 935 εἶδον
3643 881 3780 949 πῦρ.

2216 973 2284 1024 Τὸ
2308 970 2376 1023 δὲ
2395 970 2620 1024 Ἀοιπόν
2651 973 3005 1039 προσεκύνει
3021 974 3214 1041 λέγων
3233 990 3245 1002 ο
3288 972 3528 1037 Ἐξέλου
3562 989 3663 1041 με,
3696 972 3782 1025 ὅτι

2212 1063 2358 1126 Θεός
2380 1060 2488 1133 (89)
2512 1079 2630 1130 μου
2662 1059 2723 1116 εἷ
2741 1063 2842 1117 σύ.
2881 1065 3001 1116 Οὐκ
3035 1063 3312 1132 ἔγνωσαν
3339 1061 3666 1131 φρονῆσαι,
3697 1062 3783 1116 ὅτι

2209 1152 2733 1221 ἀπημαυρώθησαν
2756 1153 2861 1207 τοῦ
2879 1153 3136 1218 βλέπειν
3164 1154 3290 1220 τοῖς
3317 1153 3653 1224 ὀφθαλμοῖς
3683 1155 3787 1207 αὐ·-

2209 1243 2346 1305 τῶν,
2397 1243 2495 1297 καὶ
2543 1245 2646 1298 τοῦ
2687 1244 2906 1314 νοῆσαι
2957 1245 3032 1314 τῇ
3067 1246 3276 1313 καρδίᾳ
3297 1263 3310 1276 ⁸
3370 1246 3469 1300 καὶ
3510 1248 3624 1300 οὐκ
3683 1247 3785 1300 ἀν-

2207 1335 2522 1404 ελογίσατο
2570 1337 2640 1389 ἐν
2682 1335 2756 1405 τῇ
2796 1335 3008 1404 καρδίᾳ
3060 1336 3266 1399 αὑτοῦ,
3315 1336 3459 1390 οὐδὲ
3506 1337 3785 1405 ἀνελογί-

2207 1442 2364 1479 σατο-
2382 1426 2456 1496 τῇ
2480 1425 2650 1495 ψυχῇ
2675 1426 2882 1490 αὐτοῦ,
2916 1426 3056 1480 οὐδὲ
3074 1427 3224 1496 ἔγνω
3251 1426 3325 1495 τῇ
3350 1428 3672 1496 φροσήσει,
3697 1426 3786 1479 ὅτι

2207 1519 2270 1570 τὸ
2304 1519 2492 1588 ἣμισυ
2522 1519 2708 1573 αὑτοῦ
2744 1520 3115 1573 κατέκαυσεν
3143 1519 3212 1572 ἐν
3238 1519 3379 1587 πυρὶ
3421 1519 3522 1572 καὶ
3554 1519 3786 1586 ἐπεψεν

2206 1609 2301 1662 ἐπὶ
2350 1609 2470 1664 τῶν
2507 1611 2816 1679 ἀνθράκων
2857 1611 3042 1664 αὐτοῦ
3091 1610 3340 1679 ἄρτουςο
3384 1611 3481 1664 καὶ
3511 1610 3784 1676 ὀπτήσας

2207 1699 2384 1766 κρέας
2413 1702 2615 1769 ἔφαγε,
2650 1702 2747 1754 καὶ
2778 1701 2842 1754 τὸ
2871 1701 3088 1755 λοιπὸν
3121 1701 3307 1755 αὐτοῦ
3341 1704 3428 1768 εὶς
3463 1701 3784 1772 βδέλυγμα

2205 1790 2471 1856 ἐποίησε,
2498 1791 2591 1844 καὶ
2623 1790 3086 1860 προσκυνοῦσιν,
3106 1792 3269 1844 αὐτό.
3307 1790 3507 1844 Γνῶτε
3532 1790 3665 1861 (90),
3695 1790 3784 1844 ὅτι

548 1898 659 1952 pra:
691 1884 918 1939 veritate
944 1882 1155 1936 colere?
1177 1881 1432 1948 Quaenam
1467 1897 1598 1936 vero
1626 1880 1733 1936 illis
1765 1895 1887 1951 spes
1917 1895 2101 1950 super-

2207 1881 2432 1946 σποδὸς
2450 1881 2486 1949 ἡ
2506 1881 2716 1949 καρδία
2731 1881 2947 1946 αὐτῶν,
2961 1882 3057 1936 καὶ
3074 1881 3436 1945 πλανῶνται,
3462 1883 3560 1936 καὶ
3585 1883 3782 1948 οὐδεὶς

550 1979 671 2026 est:
705 1987 887 2040 quam,
943 1986 1147 2039 quaeso,
1194 1973 1406 2026 veniam
1452 1985 1676 2040 sperare
1720 1979 1966 2041 possunt,
2011 1970 2101 2042 qui

2207 1974 2454 2028 δύναται
2489 1975 2799 2038 ἐξελέσθαι
2824 1976 2939 2044 τὴν
2966 1975 3176 2046 ψυχὴν
3206 1975 3421 2030 αὐτῶν.
3454 1977 3656 2042 Ἴδετε,
3685 1976 3780 2030 καὶ

547 2069 708 2116 rebus
736 2064 943 2116 ratione
979 2075 1032 2118 et
1083 2073 1231 2117 motu
1294 2063 1566 2118 destitutis
1623 2063 1937 2131 conﬁdunt,
1968 2077 2101 2133 quas

2207 2067 2319 2120 οὐκ
2351 2065 2554 2134 ἐρεῖτε,
2585 2066 2672 2119 ὅτι
2709 2066 2928 2134 ψεῦδος
2960 2067 3030 2119 ἐν
3060 2067 3134 2135 τῇ
3172 2066 3338 2134 δεξιᾷ
3363 2086 3506 2138 μου.
3539 2068 3665 2130 Πῶς
3690 2064 3784 2120 οὖν

547 2155 665 2208 loco
692 2157 799 2208 veri
834 2154 924 2208 Dei
950 2156 1192 2209 venerari
1219 2170 1323 2208 non
1362 2155 1654 2210 dubitant?

2204 2155 2303 2207 οὐκ
2337 2153 2485 2207 ἄθεοι
2512 2155 2660 2226 παρὰ
2686 2156 2819 2208 πᾶσι
2851 2154 3084 2225 κριθεῖεν
3117 2157 3165 2208 οἱ
3201 2156 3292 2209 καὶ
3314 2157 3465 2230 παρὰ
3496 2158 3596 2227 τῆς
3632 2156 3782 2220 Θείας
3818 2185 3828 2232 ι,

544 2249 764 2320 Γραφῆς
785 2249 1035 2314 ἀσεϐείας
1063 2250 1524 2322 κατηγορούμενοι
1547 2267 1562 2316 ;
1601 2250 1671 2302 Ἢ
1699 2249 1814 2313 πῶς
1845 2248 1943 2302 οὐκ
1966 2248 2030 2302 ἂν
2053 2243 2162 2302 εἶεν
2189 2247 2574 2320 κακοδαίμονες
2599 2250 2648 2302 οἱ
2679 2249 2821 2302 οὕτω
2853 2250 3098 2321 φανερῶς
3125 2250 3462 2321 ἐλεγχόμενοι
3491 2249 3560 2302 τὰ
3599 2250 3783 2320 ἄψυχα
3830 2251 3835 2322 ξ

543 2344 932 2415 θρησκεύοντες
962 2347 1083 2400 ἀντὶ
1105 2349 1204 2418 τῆς
1231 2345 1486 2418 ἀληθείας
1511 2363 1524 2409 ;
1552 2345 1686 2398 Ποία
1701 2345 1759 2398 δὲ
1777 2344 1985 2408 τούτοις
2014 2344 2185 2409 ἐλπὶς,
2213 2344 2346 2416 ἢτίς
2374 2343 2439 2398 ἂν
2454 2347 2635 2408 αὐτοῖς
2663 2345 2870 2412 γένοιτο
2894 2342 3209 2415 συγγνώμη,
3245 2343 3558 2397 πεποιθόσιν
3595 2344 3689 2396 ἐπὶ
3715 2344 3784 2394 τὰ
3822 2345 3830 2362 ·’

541 2441 712 2509 ἄλογα
741 2444 834 2493 καὶ
871 2441 1125 2513 ἀκίνητα,
1152 2443 1187 2496 ἃ
1214 2443 1335 2495 ἀντὶ
1357 2440 1453 2494 τοῦ
1486 2440 1740 2512 ἀληθινοῦ
1773 2439 1908 2493 Θεοῦ
1935 2440 2200 2494 σέϐουσιν.
2698 2441 2720 2469 ⁹
3318 2430 3355 2476 ⁸

2271 2555 2358 2609 l5.
2392 2554 2518 2608 Εἴθε
2557 2553 2686 2625 γὰρ,
2723 2554 2835 2608 εἴθε
2886 2553 2987 2612 κᾶν
3037 2556 3201 2627 χωρὶς
3253 2557 3531 2626 σχήματος
3595 2556 3780 2618 αὐτοῖς

2198 2648 2323 2710 τοὺς
2351 2646 2506 2710 θεοὺς
2535 2646 2794 2700 ἔπλαττεν
2823 2649 2852 2699 ὁ
2870 2647 3136 2718 τεχνίτης,
3169 2649 3254 2710 ἵνα
3282 2647 3357 2718 μὴ
3387 2647 3487 2718 τῆς
3517 2647 3770 2718 ἀναισθη-

615 2556 702 2610 15.
734 2555 954 2615 Utinam
989 2559 1159 2621 enim,
1185 2559 1390 2613 utinam
1409 2559 1600 2613 saltem
1627 2557 1744 2612 sine
1771 2556 1940 2628 ﬁgura
1973 2558 2102 2611 deos

543 2646 652 2702 illis
702 2646 950 2703 (iunxisset
981 2649 1202 2715 artifex,
1233 2665 1299 2704 ne
1325 2651 1548 2705 evidens
1590 2649 1821 2720 propria:
1867 2648 2101 2718 stupidi-

544 2741 669 2794 tatis
695 2751 1071 2811 argumentum
1115 2742 1380 2798 haberent
1408 2744 1420 2796 ι
1451 2743 1788 2813 Simplicium
1834 2743 2100 2811 siquidem

2204 2738 2322 2800 σίας
2357 2738 2584 2807 φανερὸν
2609 2736 2773 2807 ἔχωσι
2804 2737 2894 2790 τὸν
2928 2738 3164 2808 ἔλεγχον.
3208 2737 3550 2806 ’Υπὲκλεψαν
3581 2738 3690 2809 γὰρ
3715 2739 3780 2791 ἂν

542 2832 755 2886 animos
793 2833 1064 2887 adducere
1089 2832 1412 2903 potuissent,
1441 2843 1499 2887 ut
1523 2847 1740 2890 sensum
1796 2833 1955 2888 idolis
1983 2848 2101 2888 esse

2204 2830 2299 2899 τὴν
2327 2829 2576 2882 ὑπόνοιαν
2607 2829 2713 2882 τῶν
2743 2827 3035 2899 ἀκεραίων,
3079 2828 3153 2891 ὡς
3189 2828 3526 2899 αἰσθομένων
3558 2830 3670 2882 τῶν
3702 2831 3778 2882 εί·-

541 2927 846 2991 crederent,
890 2925 992 2980 nisi
1041 2925 1192 2997 signa
1226 2941 1481 2984 sensuum
1536 2928 1614 2982 uti
1673 2925 1880 2991 oculos,
1916 2940 2098 2990 nares,

543 3029 719 3077 aures,
744 3032 934 3070 manus
959 3028 1014 3072 et
1041 3033 1126 3081 os,
1145 3019 1438 3072 immobilia
1460 3019 1726 3074 haberent
1757 3019 1825 3071 ad
1860 3015 2100 3072 sentien-

539 3107 686 3161 dum.
713 3106 866 3164 Nunc
883 3117 1059 3164 autem
1090 3111 1350 3165 habentes
1379 3124 1481 3165 non
1508 3111 1727 3175 habent,
1756 3117 1964 3165 stantes
1995 3125 2099 3163 non

2198 2919 2401 2984 δὼλων,
2436 2921 2483 2972 εί
2513 2919 2587 2990 μὴ
2608 2918 2678 2972 τὰ
2707 2917 2948 2989 σύμϐολα
2968 2920 3075 2972 τῶν
3098 2919 3422 2988 αἰσθήσεων,
3451 2913 3564 2971 οἷον
3593 2917 3781 2988 esset.

2202 3011 2353 3080 μοὺς,
2387 3009 2479 3062 καὶ
2508 3011 2679 3079 ῥῖνας,
2721 3009 2814 3061 καὶ
2842 3003 2973 3073 ὦτα,
3006 3009 3100 3062 καὶ
3137 3011 3341 3078 χεῖρας,
3378 3009 3473 3061 καὶ
3501 3009 3676 3078 στόμα
3702 3005 3778 3060 εἷ-

2198 3117 2290 3171 χον
2316 3101 2587 3172 ἀκινήτως
2613 3099 2839 3170 κείμενα
2860 3100 2993 3171 πρὸς
3020 3100 3117 3168 τὴν
3141 3100 3240 3169 τῆς
3259 3099 3567 3170 αἰσθήσεως
3589 3101 3778 3172 χρῆσιν

539 3207 706 3264 stant,
734 3209 790 3254 et
853 3201 1104 3256 sedentes
1150 3217 1255 3255 non
1297 3202 1504 3256 sedent.
1551 3201 1738 3271 Neque
1784 3203 1927 3258 enim
1982 3203 2098 3256 haec

2204 3191 2294 3246 καὶ
2319 3193 2416 3263 τὴν
2444 3191 2551 3245 τῶν
2577 3191 2848 3262 αἰσθητῶν
2882 3191 3180 3262 ἀντίληψιν.
3207 3191 3320 3244 Νῦν
3347 3191 3403 3244 δὲ
3437 3191 3657 3261 ἔχοντες
3680 3192 3778 3244 οὐκ

538 3293 728 3359 agendi
757 3291 862 3346 vim
903 3293 1124 3358 habent,
1151 3294 1246 3347 sed
1279 3305 1339 3348 ut
1382 3294 1554 3348 lictori
1597 3293 1821 3363 placuit,
1859 3294 1932 3347 ita
1984 3308 2100 3347 ma-

539 3391 665 3435 nent
688 3391 743 3435 et
767 3381 970 3450 jaccut,
1031 3384 1341 3454 nullumque
1381 3385 1678 3439 divinitatis
1711 3384 1967 3438 indicium
2005 3399 2096 3439 ex-

538 3473 744 3540 hibent,
779 3477 871 3529 sed
904 3475 1139 3530 inanima
1169 3491 1390 3544 prorsus
1413 3487 1536 3531 sunt
1568 3476 1790 3546 solaque
1819 3477 2097 3531 hominum

539 3573 657 3617 arte
678 3565 966 3619 exsistunt.
994 3565 1214 3621 Utinam
1249 3581 1462 3636 quoque
1487 3567 1790 3634 huiusmodi
1841 3568 2096 3622 falsorum

537 3655 758 3710 deorum
793 3659 1177 3726 praedicatores
1205 3666 1260 3710 et
1287 3668 1436 3712 vates
1468 3656 1675 3728 (poetas
1711 3669 1766 3713 et
1808 3659 2098 3715 historicos

536 3747 677 3816 dico)
700 3735 830 3802 deos
869 3747 989 3802 illos
1013 3763 1135 3802 esse
1175 3748 1310 3803 satis
1331 3748 1651 3802 habuissent
1686 3749 1950 3816 scribere,
1997 3765 2098 3806 nec

536 3853 722 3892 eorum
747 3849 898 3908 gesta
933 3839 1130 3893 litteris
1188 3839 1556 3907 mandassent,
1589 3855 1710 3910 qua:
1755 3856 1944 3912 nempe
1977 3843 2098 3898 illos

537 3930 760 3984 minime
784 3945 904 3984 esse
921 3933 1070 3990 deos,
1106 3932 1197 3983 sed
1231 3940 1440 3999 turpem
1470 3932 1637 3984 vitam
1669 3933 1890 3989 duxisse
1913 3944 2099 3990 essent

536 4021 888 4089 argumento!
909 4019 1152 4090 Namque
1186 4023 1267 4076 vel
1295 4023 1411 4078 solo
1441 4023 1742 4080 divinitatis
1766 4027 1985 4082 nomine
2011 4043 2098 4082 ve-

537 4111 749 4165 ritatem
779 4113 1057 4183 subripere
1104 4123 1197 4167 aut
1247 4115 1424 4184 potius
1458 4115 1722 4184 plurimos
1749 4118 1818 4173 ab
1846 4134 1908 4172 ea
1940 4133 2098 4174 aver-
2127 4133 2129 4136 ·

537 4213 647 4257 tere
665 4203 983 4273 potuissent.
1027 4204 1146 4260 iam
1177 4221 1306 4261 vero
1335 4223 1455 4262 cum
1477 4208 1627 4264 Jovis
1656 4225 1869 4264 amores
1898 4218 1954 4264 et
1998 4213 2097 4265 im-

533 4296 817 4364 puritates,
847 4311 968 4350 cum
993 4308 1275 4368 corruptos
1300 4301 1368 4354 ab
1397 4300 1520 4356 aliis
1543 4316 1759 4371 pueros,
1812 4316 1934 4367 cum
1965 4303 2098 4357 alio-

536 4401 674 4450 rum,
711 4400 824 4456 prre
874 4403 969 4445 sua
1009 4388 1064 4443 in
1105 4389 1335 4445 {culinas
1367 4391 1611 4457 libidine,
1661 4393 2001 4463 suspiciones
2043 4405 2099 4451 et

531 4478 945 4546 sollicitudines,
971 4490 1143 4536 metus
1166 4495 1503 4552 pavoresque
1530 4500 1594 4538 ac
1612 4483 1715 4537 alia
1742 4485 1872 4539 vitia
1902 4501 2094 4540 recen-

2200 3283 2382 3355 ἐχουσι
2419 3284 2514 3337 καὶ
2546 3285 2836 3355 στήκοντες
2865 3284 2928 3336 οὐ
2965 3286 3240 3356 στήκουσι,
3285 3283 3379 3336 καὶ
3426 3283 3780 3354 καθεζόμενοι

2199 3375 2258 3426 ού
2285 3373 2623 3438 καθέζονται.
2651 3373 2724 3428 Ού
2758 3373 2865 3446 γὰρ
2893 3374 3070 3443 ἔχουσι
3102 3373 3304 3428 τούτων
3339 3373 3437 3444 τὴν
3475 3374 3777 3444 ἐνέργειαν,

2199 3465 2313 3519 ἀλλ’
2343 3466 2417 3528 ὡς
2444 3467 2472 3517 ὁ
2506 3465 2714 3528 πλάσας
2740 3465 3023 3536 ἠθέλησεν,
3046 3465 3185 3518 οὕτω
3222 3465 3316 3517 καὶ
3345 3464 3571 3534 μένουσι
3602 3463 3778 3533 κείμε-

2198 3575 2299 3622 νοι,
2336 3556 2470 3609 Θεοῦ
2517 3558 2616 3627 μὲν
2648 3555 2933 3628 γνώρισμα
2970 3557 3134 3627 μηδὲν
3179 3557 3530 3628 παρέχοντες,
3575 3556 3776 3624 ἄψυχοι

2197 3650 2254 3704 δὲ
2287 3649 2512 3703 καθόλου
2547 3651 2706 3721 μόνον
2738 3650 3023 3722 ἀνθρώπου
3050 3650 3212 3720 τέχνῃ
3243 3650 3559 3720 φαινόμενοι
3597 3647 3778 3701 τεθένο

2197 3758 2308 3805 τες.
2345 3741 2472 3794 Εἴθε
2497 3742 2554 3794 δὲ
2592 3744 2685 3795 καὶ
2703 3743 2752 3795 οἱ
2777 3742 2886 3795 τῶν
2917 3741 3171 3795 τοιούτων
3196 3740 3502 3810 ψευδοθέων
3535 3741 3777 3811 κήρυκες

2197 3833 2293 3886 καὶ
2335 3833 2575 3904 μάντεις,
2609 3834 2828 3904 ποιηταὶ
2866 3833 3010 3901 λέγω
3054 3834 3148 3886 καὶ
3189 3835 3546 3902 συγγραφεῖς,
3592 3833 3777 3896 ἁπλῶς

2197 3922 2354 3987 θεοὺς
2390 3924 2587 3987 αὐτοὺς
2641 3920 2780 3978 εἶναι
2836 3925 3282 3995 γεγραφήκεισαν
3311 3940 3326 3954 θ
3369 3922 3509 3976 ἀλλά
3566 3923 3643 3994 μὴ
3682 3923 3777 3976 καὶ

2197 4015 2296 4080 τὰς
2338 4016 2564 4087 πράξεις
2609 4015 2789 4069 αὐτῶν
2818 4015 2953 4088 πρὸς
2990 4017 3206 4086 ἔλεγχον
3235 4014 3528 4084 ἀθεότητος
3573 4017 3667 4068 καὶ
3694 4017 3777 4068 al-

2201 4107 2488 4179 σχροποιοῦ
2532 4108 2806 4171 πολιτείας
2853 4109 3416 4179 ἁναγεγραφήκεισαν.
3487 4107 3778 4160 Ἢδύναντο

2197 4198 2305 4270 γὰρ
2338 4201 2431 4252 καὶ
2456 4199 2600 4270 μόνῳ
2621 4199 2701 4269 τῷ
2728 4204 2828 4272 τῆς
2858 4200 3108 4271 θεότητος
3139 4201 3360 4270 ὀνόματι
3387 4199 3484 4271 τὴν
3518 4199 3774 4270 ἀλήθειαν

2198 4289 2534 4360 ὑφαρπάσαι,
2572 4290 2768 4360 μᾶλλον
2805 4291 2862 4344 δὲ
2906 4292 3032 4356 τοὺς
3071 4291 3294 4355 πολλοὺς
3336 4293 3444 4345 ἀπὸ
3491 4293 3594 4363 τῆς
3639 4293 3773 4363 ἁλη-

2197 4379 2346 4443 θείας
2372 4381 2662 4451 πλανῆσαι.
2688 4381 2801 4436 Νῦν
2820 4383 2877 4436 δὲ
2900 4383 3107 4454 ἔρωτας
3130 4384 3224 4436 καὶ
3247 4383 3534 4453 ἀσελγείας
3565 4385 3773 4454 διηγού-

2201 4488 2349 4542 μενοι
2374 4472 2468 4524 τοῦ
2494 4471 2634 4536 Διὸς,
2666 4475 2759 4526 καὶ
2787 4474 3172 4546 παιδοφθορίας
3206 4475 3312 4528 τῶν
3332 4475 3528 4538 ἄλλων,
3560 4477 3655 4530 καὶ
3679 4477 3774 4544 ζη-

534 4579 676 4636 sent,
709 4571 842 4624 nihil
877 4572 1024 4625 aliud
1055 4582 1205 4626 certe
1234 4569 1472 4628 efﬁciunt
1511 4588 1678 4643 quam
1721 4584 1780 4628 ut
1808 4576 2094 4631 videantur

2204 4562 2451 4627 λοτυπίας
2484 4563 2620 4635 πρὸς
2652 4563 2842 4635 ἡδονὴν
2873 4565 2981 4617 τῶν
3019 4565 3266 4636 θηλειῶν,
3315 4567 3409 4619 καὶ
3452 4567 3652 4635 φόϐους
3680 4567 3773 4620 καὶ

529 4659 597 4712 de
628 4660 730 4714 diis
764 4677 823 4716 se
857 4679 965 4716 non
999 4662 1173 4718 solum
1207 4679 1312 4718 non
1343 4664 1511 4733 loqui,
1544 4669 1656 4720 imo
1689 4681 1786 4720 nec
1809 4668 1876 4720 de
1905 4669 2090 4735 probis

529 4751 853 4817 hominibus,
882 4755 976 4809 sed
1007 4755 1073 4808 de
1101 4739 1347 4824 turpibus
1371 4757 1550 4812 omnis
1575 4757 1880 4813 honestatis
1903 4759 2092 4814 alienis

528 4846 900 4899 commentitia
931 4860 1180 4900 narrare.

599 4997 687 5052 16.
715 5003 784 5052 At
813 5015 940 5054 vero
969 5000 1057 5056 hic
1083 5000 1314 5060 fortasse
1343 5003 1492 5072 impii
1532 5004 1600 5059 ad
1644 5005 1924 5076 ingenium
1957 5023 2091 5078 poe-

531 5097 703 5144 tarum
735 5092 1065 5162 confugient,
1103 5111 1169 5151 ac
1208 5097 1544 5152 contendent
1582 5101 1862 5168 proprium
1907 5110 2096 5170 poeta-

529 5193 647 5234 rum
673 5193 816 5246 esse,
849 5195 907 5239 ut
935 5201 998 5240 ea
1030 5201 1150 5256 qua:
1178 5201 1284 5241 non
1333 5187 1625 5253 exsistunt,
1671 5191 2098 5248 comminiscari-

599 5403 641 5435 “
674 5405 780 5460 lsa.
809 5408 1152 5473 xuv,l0-20.

603 5622 707 5696 (89)
738 5628 853 5704 Art.
891 5631 920 5682 ὁ
971 5630 1061 5704 hi_c
1101 5631 1277 5704 nullus
1315 5642 1396 5687 est
1439 5633 1490 5687 in
1532 5633 1754 5704 Seguer.
1792 5632 2026 5688 Felckm.
2055 5635 2090 5689 2

528 5704 684 5827 Etitlon.
716 5705 770 5749 et
794 5697 985 5754 Graeco
1008 5700 1301 5770 Scriptura:
1330 5713 1479 5756 textu
1519 5722 1530 5756 :
1578 5697 1633 5758 in
1659 5703 1778 5756 aliis
1805 5713 1985 5757 autem
2011 5707 2090 5760 le-

610 5779 688 5814 lll‘.

610 5779 688 5814 lll‘.

2196 4652 2415 4718 δειλίας,
2449 4654 2544 4708 καὶ
2575 4653 2673 4716 τὰς
2698 4655 2865 4719 ἄλλας
2885 4657 3105 4721 κακίας,
3132 4659 3284 4712 οὐδὲν
3320 4658 3448 4712 ἄλλο
3482 4661 3515 4731 ἢ
3551 4659 3772 4721 ἑαυτοὺς

2196 4742 2531 4813 ἐλέγχουσιν,
2585 4745 2666 4798 ὅτι
2720 4746 2781 4798 οὐ
2813 4747 2972 4816 μόνον
3008 4749 3068 4802 ού
3105 4750 3230 4822 περὶ
3264 4750 3402 4802 θεῶν
3439 4749 3770 4821 διηγοῦνται,

2197 4829 2311 4883 ἀλλ’
2363 4833 2482 4886 οὐδὲ
2535 4834 2662 4904 περὶ
2719 4835 3020 4906 ἀνθρώπων
3081 4838 3314 4908 σεμνῶν,
3384 4841 3512 4910 περὶ
3569 4840 3627 4893 δὲ
3688 4839 3773 4891 αε-

2200 4922 2379 4992 σχρῶν
2427 4924 2520 4977 καὶ
2566 4925 2660 4978 τοῦ
2693 4926 2859 4980 καλοῦ
2895 4929 3112 4999 μακρὰν
3158 4929 3330 4982 ὄντων
3364 4930 3770 5000 μυθολογοῦσιν.

2271 5013 2354 5067 16.
2386 5015 2670 5081 Ἀλλ’ῐσως
2705 5019 2834 5090 περὶ
2870 5020 3074 5074 τούτων
3113 5021 3160 5072 οἱ
3213 5021 3494 5084 δυσσεϐεῖς
3541 5024 3635 5075 ἐπὶ
3675 5022 3772 5091 τὴν

2201 5104 2438 5176 ἰδιότητα
2470 5107 2578 5161 τῶν
2609 5110 2844 5179 ποιητῶν
2894 5112 3341 5179 καταφεύξονται,
3387 5114 3636 5182 λέγοντες
3666 5113 3772 5164 τῶν

2198 5197 2435 5268 ποιητῶν
2489 5199 2618 5253 ἴδιον
2671 5195 2809 5257 εἶναι
2857 5201 2969 5274 (91)
3017 5206 3342 5276 χαρακτῆρα
3388 5205 3458 5258 τὰ
3523 5206 3600 5276 μὴ
3646 5205 3771 5258 ὄντα

2201 5637 2438 5716 Felckm.
2469 5639 2502 5693 5
2528 5641 3125 5716 αη-οηηέρεϊταιγιιαιιοι,
3157 5641 3244 5716 ubi
3273 5642 3366 5716 alii
3399 5645 3597 5716 ἐρεῖτε.
3638 5644 3770 5699 Pau-

2206 5709 2256 5762 lo
2281 5719 2399 5787 post
2422 5721 2522 5787 art.
2554 5709 2755 5787 oi_p9st'
2773 5713 3016 5787 κριθεῖεν⁸
3037 5714 3184 5787 deest
3219 5712 3269 5764 in
3297 5709 3525 5787 segniter.

2273 5779 2383 5849 (9_t)
2411 5781 2527 5833 Art.
2556 5779 2677 5840 τόν,“
2701 5779 2973 5846 qui'deest
3005 5782 3055 5834 in
3100 5782 3321 5849 Séguer.
3351 5779 3514 5838 Basil.
3551 5781 3764 5841 Gobler.

601 5832 706 5902 (.90)
733 5834 950 5892 Grmcus
1000 5839 1293 5907 Scriptura:
1331 5849 1510 5898 textus
1561 5839 1750 5912 γνῶθι.
1787 5840 1951 5899 Paulo
1975 5855 2097 5916 post
2203 5832 2439 5902 Fclckitt.
2478 5832 2582 5903 let
2606 5832 2981 5919 {aliena—hic
3008 5832 3453 5922 legitumum—iis.
