4010 6516
186 390 237 443 35
1315 381 1579 438 OllATlO
1618 380 1898 439 CONTRA
1940 381 2233 436 GENTES.
3348 387 3420 442 34

186 498 473 555 πλάττεσθαι
519 498 621 551 καὶ
652 498 948 567 ψεύδεσθαι
980 496 1108 568 περὶ
1168 496 1351 566 μύθων
1415 499 1494 561 εἰς
1552 497 1743 567 ἡδονὴν

1871 512 1934 550 ur
1972 508 2028 551 et
2082 498 2295 552 fabulas
2338 497 2406 550 ad
2454 498 2790 555 audientium
2830 501 3167 572 voluptatem
3197 505 3419 574 excogi-

187 591 267 653 τῶν
293 589 619 653 ἀκουόντων,
650 585 713 643 οὗ
741 590 901 661 χάριν
932 589 1025 642 καὶ
1066 588 1132 641 τὰ
1193 588 1320 657 περὶ
1370 586 1506 639 θεῶν
1548 590 1743 651 αὐτοὺς

190 681 505 750 πεποιηκέναι
528 681 822 750 φήσουσιν.
868 679 1007 732 Ἀλλ’
1036 678 1175 747 αὕτη
1209 678 1303 730 καὶ
1332 678 1549 731 πάντων
1608 679 1743 748 μᾶλ-

190 774 307 843 λονή
349 771 629 842 πρόφασις
680 772 865 835 αὐτοῖς
921 770 1089 833 ἕωλος
1149 769 1490 839 δειχθήσεται
1523 771 1614 839 ἀφ’
1668 764 1744 822 ὧν

191 864 309 919 αὐτοὶ
338 862 459 933 περὶ
494 860 710 916 τούτων
737 861 919 931 ἔχουσι
948 859 1126 924 δόξαν,
1160 862 1252 912 καὶ
1279 854 1642 929 προτίθενται.
1681 860 1743 911 Εἰ

194 956 272 1025 γὰρ
294 955 355 1007 τά
386 954 543 1025 παρὰ
573 957 833 1025 ποιηταῖς
885 955 1001 1006 ἐστι
1059 952 1353 1022 πλάσματα
1407 953 1502 1005 καὶ
1551 952 1742 1023 ψευδῆ,

194 1046 349 1116 ψευδὴς
368 1045 431 1099 ἂν
466 1047 553 1116 εἴη
579 1046 678 1100 καὶ
711 1045 851 1116 αὑτὴ
892 1047 924 1116 ἡ
974 1045 1103 1116 περὶ
1134 1044 1228 1098 τοῦ
1266 1046 1405 1107 Διὸς,
1460 1047 1551 1098 καί
1604 1047 1746 1115 Κρό-

195 1157 278 1203 νου,
309 1139 394 1191 καὶ
425 1139 633 1209 Ἤρας,
663 1139 759 1189 καὶ
792 1138 1007 1208 Ἀρεος,
1039 1137 1133 1190 καὶ
1161 1135 1271 1189 τῶν
1324 1135 1497 1207 ἄλλων
1550 1137 1748 1206 ὀνομα-

198 1229 277 1281 σία.
305 1230 455 1293 Ἴσως
485 1228 620 1298 γάρ,
646 1227 915 1297 ώς,αύτοί
944 1244 1112 1296 φασι,
1148 1228 1240 1280 καὶ
1271 1226 1339 1279 τὰ
1379 1227 1616 1297 ὀνόματα
1651 1227 1747 1278 πέ-

198 1319 408 1383 πλασται,
437 1317 534 1370 καὶ
561 1316 667 1370 οὐκ
695 1316 813 1370 ἔστι
845 1316 944 1387 μὲν
973 1316 1110 1380 ὅλως
1153 1316 1309 1380 Ζεὺς,
1363 1316 1483 1369 ούδέ
1518 1316 1746 1387 Κρόνος.
1788 1338 1795 1343 ί

198 1410 287 1463 ούδέ
313 1411 508 1480 Ἀρης·
540 1409 873 1463 πλάττονται
898 1408 955 1461 δὲ
972 1407 1194 1471 τούτους
1220 1407 1295 1471 ώς
1323 1408 1482 1470 ὄντας
1504 1409 1553 1460 οἱ
1594 1425 1751 1476 ποιη-

198 1503 265 1554 ταὶ
294 1501 418 1572 πρὸς
469 1499 696 1570 ἀπάτην
748 1498 857 1553 τῶν
909 1498 1239 1553 ἀκουόντων.
1294 1497 1647 1551 Πλαττόντων
1692 1497 1750 1550 δὲ

199 1592 277 1644 τῶν
302 1590 530 1661 ποιητῶν
555 1591 626 1643 τά
664 1589 740 1661 μὴ
780 1589 941 1653 ὄντα,
999 1587 1117 1652 πῶς
1166 1588 1238 1653 ὡς
1270 1588 1380 1660 (92)
1434 1589 1594 1651 ὄντας
1655 1589 1753 1642 αύ-

199 1683 295 1745 τοῦς
325 1680 753 1751 θρησκεύουσιν;
784 1679 857 1732 Ἦ
892 1677 1022 1743 ἴσως
1054 1679 1163 1749 γάρ
1215 1678 1280 1732 ἂν
1311 1678 1473 1731 πάλιν
1499 1678 1750 1749 φήσουσι,

198 1773 245 1825 τὰ
268 1772 351 1841 μὲν
382 1772 625 1841 ὀνόματα
652 1771 714 1823 ού
744 1769 1089 1833 πλάττονται,
1124 1768 1222 1830 τὰς
1243 1766 1298 1820 δὲ
1346 1766 1572 1839 πράξεις
1617 1766 1751 1836 ψεύ-

1847 598 1980 654 tent,
2008 604 2170 658 quam
2202 588 2303 659 13
2328 590 2396 643 ob
2430 603 2651 645 causam
2683 605 2778 646 eos
2805 592 2905 646 ista
2939 593 3007 647 de
3041 593 3144 648 diis
3169 593 3416 651 ﬁttxisse.

1844 678 2043 732 Verum
2068 680 2273 733 hancce
2297 679 2509 734 illorum
2543 681 2948 736 excusationem
2972 683 3223 739 omnibus
3252 684 3420 738 etiam

1845 768 1967 823 aliis
2000 769 2383 825 obsoletiorem
2434 779 2488 825 et
2526 770 2819 826 futiliorem
2867 786 2989 828 esse
3030 787 3095 828 ex
3154 774 3241 829 his
3288 775 3422 845 ipsis

1847 862 2223 915 demonstrare
2273 861 2420 927 licet,
2458 877 2580 932 quae
2610 862 2715 933 ipsi
2748 863 2816 918 de
2845 863 2949 919 diis
2983 863 3088 919 illis
3130 868 3423 934 opinantur

1846 961 1899 1006 et
1953 951 2269 1019 praedicant.
2317 951 2375 1006 Si
2432 954 2576 1009 enim
2614 968 2735 1022 qua:
2785 961 2957 1024 poeta:
3008 967 3233 1010 narrant
3274 969 3423 1010 com-

1848 1041 2096 1095 mentitia
2127 1050 2180 1095 et
2209 1040 2346 1097 falsa
2377 1052 2530 1111 sunt,
2585 1043 2719 1099 falsa
2744 1059 2957 1115 quoque
2975 1043 3145 1110 Jovis,
3174 1043 3423 1108 Saturni,

1845 1130 2098 1198 Junonis,
2140 1132 2330 1188 Martis
2360 1134 2700 1203 aliorumque
2730 1136 2949 1191 nomina
2978 1136 3203 1191 fuerint.
3249 1136 3429 1206 Siqui-

1848 1225 1993 1289 dem,
2019 1232 2077 1278 ut
2102 1223 2203 1294 ipsi
2234 1224 2494 1290 fatentur,
2526 1224 2669 1280 forte
2702 1226 2817 1296 ipsa
2854 1227 3020 1281 etiam
3050 1227 3269 1281 nomina
3292 1226 3422 1282 ficta

1850 1312 2090 1379 fuerunt,
2114 1328 2215 1368 nec
2258 1313 2402 1369 ullus
2435 1314 2657 1369 omnino
2690 1316 2906 1372 exsistit
2938 1316 3152 1387 Jupiter
3193 1317 3277 1373 vel
3321 1318 3425 1372 Sa-

1850 1412 2044 1459 turnus
2079 1404 2162 1459 vel
2199 1404 2381 1459 Mars:
2426 1406 2521 1458 sed
2556 1419 2651 1459 eos
2684 1407 2839 1474 quasi
2875 1409 3202 1462 exsistentes
3231 1408 3297 1462 ad
3328 1424 3427 1461 au-

1853 1496 2059 1549 ditores
2084 1494 2438 1566 decipiendos
2478 1495 2750 1551 ﬁnxerunt
2768 1507 2957 1564 poetae.
2983 1499 3144 1569 Atqui
3180 1499 3223 1553 si
3256 1510 3431 1568 poeta:

1856 1598 1941 1639 res
1979 1600 2101 1655 qua;
2128 1601 2234 1641 non
2263 1586 2536 1641 exsistant
2566 1587 2793 1657 fingunt,
2820 1602 2989 1657 quare
3017 1589 3144 1644 deos
3168 1588 3289 1644 illos
3310 1588 3429 1644 vel-

1855 1685 1912 1729 ut
1962 1676 2287 1733 exsistentes
2320 1676 2561 1732 colunt?
2622 1679 2704 1732 An
2737 1679 2877 1733 enim
2934 1679 3073 1734 forte
3116 1681 3431 1748 responsuri

1855 1776 1982 1822 sunt
2017 1766 2234 1821 nomina
2270 1768 2489 1837 quidem
2528 1782 2632 1823 non
2658 1768 2816 1837 fingi,
2860 1769 2954 1823 sed
2986 1768 3127 1823 facta
3158 1768 3293 1825 falso
3326 1769 3432 1826 illis

195 1862 337 1915 δονται
364 1863 481 1915 κατ’
506 1859 690 1914 αὐτῶν
715 1876 730 1923 ;
763 1859 920 1912 Ἀλλά
945 1859 1040 1912 καὶ
1072 1857 1230 1910 τοῦτο
1254 1856 1402 1909 οὐδὲν
1428 1852 1589 1927 ἦττον
1616 1856 1753 1927 πρὸς

1870 1852 2095 1914 iscribi?
2117 1857 2187 1912 At
2210 1857 2262 1912 id
2296 1858 2462 1912 etiam
2496 1858 2561 1912 ad
2596 1858 2812 1913 illorqu
2839 1859 3215 1914 defensionem
3259 1860 3433 1915 nihilo

196 1956 452 2023 ἀπολογίαν
482 1954 665 2009 αὐτῶν
684 1954 785 2007 οὐκ
812 1952 1071 2022 ἀσφαλές.
1103 1953 1167 2005 Εἰ
1214 1951 1322 2022 γὰρ
1382 1950 1480 2014 τὰς
1525 1949 1751 2021 πράξεις

197 2047 478 2117 ἐψεύσαντο,
509 2047 813 2117 ἐψεύσαντο
842 2046 951 2115 (95)
983 2046 1198 2107 πάντως
1248 2044 1343 2097 καὶ
1370 2042 1438 2095 τά
1491 2042 1749 2112 ὀνόματα,

197 2131 255 2189 ὧν
281 2138 362 2190 καὶ
404 2136 502 2200 τὰς
557 2136 789 2206 πράξεις
834 2131 970 2187 εἶναι
1013 2134 1359 2204 διηγήσαντο.
1392 2133 1463 2184 Ἢ
1515 2133 1563 2184 εἰ
1618 2131 1750 2199 ἀλη-

198 2226 380 2279 θεύουσι
414 2226 635 2296 περίτά
661 2224 922 2295 ὀνόματα,
962 2222 1284 2294 ἀληθεύουσι
1333 2223 1426 2275 καὶ
1474 2222 1600 2290 περὶ
1655 2220 1753 2282 τάς

199 2318 392 2387 πράξεις
441 2316 503 2381 ἐξ
560 2316 831 2386 ἀνάγκης.
863 2314 1074 2376 ’Λλλως
1126 2331 1184 2365 τε
1236 2315 1283 2365 0i
1340 2307 1478 2365 εἶναι
1533 2310 1755 2373 τούτους

200 2407 326 2469 θεοὺς
348 2406 819 2477 μυθολογήσαντες
841 2406 1019 2459 ἴσασιν
1051 2403 1265 2474 ἀληθῶς
1294 2403 1388 2455 καὶ
1418 2402 1452 2456 ἀ
1478 2402 1558 2456 δεῖ
1603 2402 1756 2465 θεοὺς

200 2499 448 2568 πράττειν,
472 2498 570 2551 καὶ
599 2497 702 2550 ούκ
722 2498 787 2551 ἀν
809 2512 942 2548 ποτε
974 2495 1073 2559 τὰς
1090 2494 1391 2565 ἀνθρώπων
1420 2494 1561 2557 θεοῖς
1592 2511 1758 2565 προσ-

200 2592 355 2659 ἀψοιεν
382 2592 625 2653 ἐννοίας’
667 2588 861 2660 ὥσπερ
886 2588 1008 2641 οὐδὲ
1046 2588 1107 2641 τὸ
1131 2586 1227 2640 τοῦ
1259 2587 1427 2658 πυρὸς
1478 2586 1637 2657 ἔργον
1682 2586 1758 2656 τῷ

203 2677 327 2730 ὕδατί
356 2696 435 2742 τις
468 2677 755 2748 ἀναθήσει·
781 2678 841 2729 τὸ
872 2677 970 2746 μὲν
998 2677 1107 2747 γάρ
1128 2676 1292 2741 καίει,
1320 2676 1381 2729 τὸ
1435 2676 1492 2730 δὲ
1525 2675 1759 2747 ἔμπαλιν

200 2769 280 2839 τὴν
307 2770 487 2824 ουσίαν
517 2771 631 2840 ἔχει
666 2768 903 2839 ψυχράν.
934 2770 996 2821 Εἰ
1042 2770 1143 2839 μὲν
1172 2764 1266 2822 οὖν
1299 2770 1354 2821 αἱ
1384 2768 1609 2839 πράξεις
1654 2770 1760 2821 είσὶ

204 2858 319 2913 θεῶν
336 2860 501 2926 ἄξιαι,
537 2861 650 2913 θεοὶ
676 2860 743 2914 ἂν
787 2857 900 2912 είεν
934 2860 1028 2912 καὶ
1084 2859 1135 2911 οἱ
1167 2858 1373 2911 τούτων
1418 2858 1647 2929 ἐργάται
1668 2874 1680 2888 ο
1713 2860 1761 2909 εί

204 2952 249 3005 δέ
278 2952 569 3024 ἀνθρώπων
600 2952 719 3004 ἐστὶ
752 2951 864 3019 (941
892 2950 989 3004 καί
1038 2948 1341 3020 ἀνθρώπων
1369 2950 1428 3001 ού
1481 2947 1659 3001 καλῶν
1703 2946 1763 2999 τὸ

209 3042 475 3111 μοιχεύειν,
511 3042 606 3095 καὶ
636 3040 706 3094 τὰ
740 3042 1113 3113 προειρημένα
1154 3040 1325 3111 ἔργα,
1372 3037 1646 3109 ἄνθρωποι
1698 3037 1763 3090 ἂν

205 3129 297 3186 εἷεν
320 3136 364 3186 οἱ
390 3134 564 3186 ταῦτα
595 3132 925 3203 πράξαντες,
951 3132 1045 3185 καὶ
1073 3133 1134 3185 οὐ
1169 3130 1302 3184 θεοί.
1341 3131 1478 3184 Κατ’
1504 3128 1765 3200 ἀλλήλους
1802 3132 1803 3135 “

205 3224 297 3295 γὰρ
318 3230 429 3289 ταῖς
453 3202 666 3287 οὐσίαις
698 3224 794 3291 καὶ
821 3222 920 3287 τὰς
955 3222 1183 3295 πράξεις
1205 3217 1345 3275 εἶναι
1380 3221 1485 3293 χρὴ
1506 3261 1520 3285 ,
1552 3222 1640 3275 ἵνα
1668 3220 1759 3273 καὶ
1793 3202 1831 3257 C

207 3317 260 3368 ἐκ
281 3319 369 3387 τῆς
396 3318 676 3389 ἐνεργείας
713 3319 742 3369 ὁ
784 3316 996 3384 πράξας
1042 3315 1388 3388 μαρτυρηθῇ,
1418 3315 1512 3367 καὶ
1566 3316 1631 3368 ὲκ
1661 3316 1761 3384 τῆς

206 3408 370 3472 οὐσίας
400 3409 597 3480 πρᾶξις
621 3409 931 3479 γνωσθῆναι
958 3408 1179 3479 δυνηθῇ.
1220 3407 1430 3476 Ὥσπερ
1458 3400 1551 3459 οὖν
1580 3403 1759 3471 εἴτις,

208 3497 559 3570 διαλεγόμενος
598 3502 730 3572 περὶ
753 3500 944 3563 ὓδατος
970 3500 1062 3553 καὶ
1106 3498 1299 3569 πυρὸς,
1341 3497 1437 3551 καὶ
1491 3494 1589 3558 τὰς
1643 3494 1764 3546 τού-

211 3604 303 3642 των
328 3591 597 3662 ἐνεργείας
626 3590 1007 3659 ἀπαγγέλλων,
1036 3590 1135 3643 οὐκ
1160 3589 1226 3643 ἂν
1256 3584 1398 3651 εἷπε,
1437 3588 1498 3640 τὸ
1559 3586 1656 3656 μὲν
1708 3585 1768 3637 ὖ-

211 3676 305 3750 ὁωρ
326 3681 513 3746 καίειν,
535 3682 597 3735 τὸ
634 3682 691 3734 δέ
724 3681 837 3752 πῦρ
863 3682 1084 3750 ψύχειν·
1120 3680 1227 3733 οὐδ’
1252 3681 1305 3733 εἴ
1342 3695 1425 3740 τις
1456 3676 1583 3748 περὶ
1614 3676 1765 3747 ἡλίου

214 3771 294 3823 καὶ
317 3775 411 3843 γῆς
435 3775 691 3843 διηγεῖτο,
732 3773 918 3840 ἔλεγεν
955 3774 1021 3828 άν
1068 3773 1166 3843 τὴν
1204 3772 1303 3842 μὲν
1344 3771 1449 3842 γῆν
1490 3769 1765 3839 φωτίζεινν

215 3862 291 3913 τὸν
311 3864 363 3916 δέ
388 3865 535 3934 ἥλιον
579 3864 811 3934 βοτάνας
849 3864 944 3917 καὶ
982 3863 1227 3934 καρποὺς
1263 3862 1375 3933 (95)
1428 3860 1767 3930 σπείρεσθαι,

217 3953 333 4007 ἀλλά
360 3957 448 4008 καὶ
474 3956 674 4025 λέγων,
710 3957 893 4009 πᾶσαν
941 3952 1328 4025 παραπληξίαν
1388 3951 1722 4022 ὑπερέϐαλεν
1751 3967 1768 3985 ο

216 4044 367 4109 οὕτως
388 4049 482 4101 οὐκ
517 4049 583 4101 ἄν
606 4050 655 4101 οἱ
690 4047 822 4118 παρ’
860 4047 1043 4110 αὐτοῖς
1070 4046 1435 4115 συγγραφεῖς,
1464 4043 1559 4097 καὶ
1611 4041 1770 4113 μάλι-

221 4150 308 4187 στα
336 4139 361 4189 ὁ
395 4139 604 4193 πάντων
664 4136 996 4206 ἐξοχώτατος
1040 4135 1291 4205 ποιητὴς,
1341 4134 1498 4201 εἴπερ
1554 4132 1773 4202 ⁴ᾔδεισαν

221 4224 359 4289 θεοὺς
388 4224 517 4281 εἶναι
541 4230 631 4282 τὸν
655 4228 756 4282 Δία
772 4228 866 4281 καὶ
893 4228 1019 4291 τοὺς
1051 4225 1263 4291 ἄλλους,
1293 4223 1546 4287 τοιαύτας
1591 4224 1775 4286 αὐτοῖς

225 4317 526 4390 περιέθηκαν
559 4318 809 4391 πράξεις,
842 4318 897 4371 αἶ
933 4318 1006 4389 μὴ
1040 4312 1179 4370 εῖναι
1214 4315 1369 4379 θεοὺς
1404 4314 1601 4378 αὐτοὺς
1624 4314 1777 4380 ἐλέγ-

1856 1950 2026 2005 tutius
2069 1960 2172 2004 est.
2219 1947 2352 2002 Nam
2402 1948 2447 2004 si
2493 1949 2633 2004 facta
2674 1952 2969 2005 commenti
2997 1960 3147 2016 sunt,
3191 1951 3351 2020 plane
3378 1962 3432 2006 et

1855 2057 2044 2096 eorum
2084 2040 2303 2095 nomina
2339 2054 2567 2108 quorum
2614 2038 2757 2095 facta
2793 2056 2915 2096 esse
2949 2041 3242 2111 scripsere,
3263 2042 3429 2096 etiam

1858 2144 1983 2191 sunt
2013 2134 2333 2191 commenti.
2367 2132 2465 2190 Vel
2498 2135 2547 2189 si
2592 2134 2646 2188 in
2680 2133 2962 2205 vulgandis
3005 2133 3314 2189 nominibus
3340 2149 3433 2188 ve-

1862 2241 2016 2281 races
2045 2235 2193 2291 sunt,
2222 2239 2321 2280 eos
2348 2238 2566 2294 quoque
2598 2225 2651 2279 in
2681 2225 2838 2279 factis
2861 2225 3183 2279 enarrandis
3212 2239 3434 2280 veraces

1858 2331 1977 2371 esse
2005 2330 2224 2371 necesse
2276 2324 2379 2370 est.
2424 2315 2694 2370 Praeterea
2741 2317 2832 2385 qui
2871 2317 2990 2377 illos
3017 2316 3150 2371 deos
3180 2330 3300 2371 esse
3332 2316 3433 2370 fia-

1860 2420 1991 2461 xere
2045 2414 2310 2461 noverant
2336 2405 2521 2475 utique
2551 2421 2669 2473 quae
2699 2406 2829 2460 deos
2857 2420 3018 2476 agere
3052 2407 3229 2472 decet,
3256 2421 3433 2474 neque

1863 2510 2101 2565 unquam
2138 2495 2420 2550 hominum
2450 2504 2606 2550 notas
2636 2494 2738 2550 diis
2772 2494 3139 2551 afﬁntissent:
3172 2496 3247 2549 uti
3274 2509 3434 2550 nemo

1862 2586 2002 2657 ignis
2057 2586 2310 2641 ell‘ectum
2366 2600 2525 2656 aqua:
2574 2587 2903 2653 attribuerit,
2956 2601 3077 2642 cum
3130 2586 3271 2654 ignis
3324 2586 3433 2642 vim

1862 2677 2215 2732 comburendi
2249 2677 2468 2741 haheat,
2503 2693 2657 2746 aquae
2680 2688 2857 2733 autem
2880 2678 3075 2749 frigida
3112 2679 3187 2735 sit
3218 2668 3433 2737 natura.

1863 2767 2208 2836 Quapropter
2239 2767 2285 2822 si
2319 2766 2459 2822 facta
2519 2770 2681 2837 digna
2744 2778 2871 2823 sunt
2920 2772 3165 2836 deorum,
3202 2771 3276 2825 dii
3309 2786 3439 2826 sane

1864 2858 2067 2913 fuerint
2094 2859 2185 2927 qui
2234 2859 2334 2913 ista
2373 2867 2625 2928 egerunt.
2685 2860 2780 2913 Sin
2832 2869 3011 2915 autem
3061 2860 3339 2914 hominum
3385 2870 3441 2915 et

1866 2950 2082 3020 quidem
2114 2965 2218 3005 non
2249 2951 2599 3005 honestorum
2631 2949 2705 3004 sit
2726 2949 3043 3014 adulterari,
3076 2949 3292 3019 aliaque
3320 2965 3441 3018 qua:

1867 3055 2031 3109 supra
2066 3039 2489 3095 memoravimus
2526 3038 2735 3093 scelera
2758 3039 3104 3095 committere
3137 3057 3152 3093 :
3197 3039 3442 3094 homines

1869 3131 2056 3199 procul
2088 3130 2250 3184 dubio
2286 3128 2508 3195 fuerint,
2549 3143 2655 3183 non
2697 3128 2809 3192 dii,
2857 3128 2949 3196 qui
2992 3128 3080 3182 illa
3132 3137 3440 3197 patravere.

1870 3221 2038 3273 Actus
2071 3218 2216 3273 enim
2243 3217 2455 3273 naturis
2478 3231 2779 3287 congruere
2804 3216 3021 3281 debent,
3056 3225 3116 3271 ut
3143 3225 3196 3271 et
3221 3215 3444 3272 effectus

1872 3322 2149 3366 auctorem
2196 3319 2425 3365 testetur
2450 3348 2466 3374 ,
2501 3318 2557 3365 et
2601 3322 2666 3364 ex
2714 3318 2905 3362 natura
2940 3315 3095 3361 actus
3138 3307 3307 3376 possit
3349 3322 3443 3363 co-

1870 3402 2079 3471 gnosci.
2115 3401 2582 3469 Quemadmodum
2613 3415 2743 3471 ergo
2771 3400 2815 3455 si
2837 3400 2959 3469 quis
2984 3399 3051 3454 de
3073 3414 3210 3468 aqua
3242 3409 3297 3455 et
3321 3400 3444 3468 igne

1873 3495 2175 3562 disputare,
2219 3507 2527 3562 eorumque
2572 3491 2800 3546 effectus
2845 3490 3042 3546 allerre
3076 3490 3264 3554 vellet,
3307 3505 3443 3542 nun-

1873 3601 2037 3655 quam
2064 3584 2309 3654 profecto
2333 3584 2517 3639 dicere
2547 3584 2775 3638 auderet
2804 3597 3002 3653 aquam
3028 3581 3371 3643 comburere,
3391 3591 3447 3635 et

1876 3678 2055 3747 ignem
2085 3677 2431 3744 refrigerare.
2460 3675 2727 3730 Similiter
2755 3673 2798 3728 si
2827 3673 2949 3743 quis
2977 3674 3046 3727 de
3068 3672 3183 3726 sole
3216 3680 3272 3724 et
3305 3680 3447 3725 terra

1877 3771 2150 3824 disserere
2177 3768 2587 3838 aggrederetur,
2627 3766 2941 3833 neutiquam
2972 3772 3123 3818 certe
3156 3760 3451 3818 alllrmaret

1880 3869 2083 3914 terram
2127 3858 2457 3922 illuminare,
2506 3857 2675 3911 solem
2725 3863 2904 3910 autem
2940 3853 3139 3909 herbas
3164 3861 3219 3906 et
3245 3850 3452 3905 fructus

1878 3949 2242 4019 producere:
2315 3948 2558 4016 alioquin
2621 3946 2997 4015 stupiditatem
3053 3942 3455 4010 amentiamque

1879 4052 2099 4092 omnem
2130 4045 2442 4106 superaret.
2475 4035 2550 4090 Ita
2581 4034 2627 4089 si
2660 4036 2791 4089 deos
2826 4048 2947 4088 esse
2992 4031 3179 4088 Jovem
3204 4040 3456 4086 caeteros-

1880 4140 1985 4195 qne
2015 4126 2150 4180 alios
2183 4134 2392 4179 certum
2433 4125 2752 4178 habuissent
2798 4123 3012 4177 illorum
3050 4122 3369 4192 scriptores,
3394 4133 3458 4174 ac

1882 4215 2151 4284 praecipue
2214 4213 2459 4268 omnium
2515 4212 2993 4282 praestantissimus
3030 4220 3211 4280 poeta,
3271 4208 3459 4276 hujus-

1886 4306 2031 4361 modi
2061 4316 2217 4361 actus
2248 4303 2357 4359 illis
2385 4318 2491 4358 non
2533 4303 2939 4372 ascripsissent,
2978 4300 3174 4370 quibus
3213 4314 3310 4354 eos
3352 4313 3459 4353 non

216 4423 405 4477 ,XO‘JGLV,
431 4410 560 4463 ἀλλὰ
587 4409 792 4480 μᾶλλον
812 4406 1133 4478 ἀνθρώπους
1158 4403 1316 4469 εἶναι,
1340 4405 1435 4458 καὶ
1459 4402 1766 4474 ἀνθρώπους

1885 4402 2015 4453 deos
2044 4397 2139 4452 sed
2172 4398 2348 4464 potius
2378 4393 2646 4459 homines,
2680 4392 2947 4457 homines,
2983 4392 3224 4459 inquam,
3247 4403 3350 4443 non
3375 4403 3463 4441 sa-

220 4476 277 4557 ὸῦ
303 4476 600 4571 σώφρονας.-
621 4499 695 4551 ’Ἡ
728 4499 778 4551 εί
804 4476 1110 4569 ,ἐψεύσαντο
1142 4497 1219 4559 ώς
1274 4496 1516 4566 ποιηταὶ,
1576 4493 1671 4547 καὶ
1713 4493 1766 4546 ai.

1886 4489 2097 4557 pientes
2145 4488 2314 4542 fuisse
2379 4484 2727 4539 manifestum
2782 4483 2954 4537 fieret.
3016 4479 3107 4534 Vel
3157 4479 3200 4533 si
3251 4476 3462 4531 mentiti

224 4553 767 4665 :miwleaﬂ'ttbetibn,
912 4589 967 4642 τί
1011 4570 1085 4660 μή
1120 4553 1215 4643 καί
1251 4586 1365 4657 (96)
1390 4553 1512 4641 ’ἐπὶν
1540 4586 1639 4655 τῆς
1684 4587 1766 4640 ἀν-

1887 4553 2013 4633 sunt
2041 4586 2235 4646 poclm,
2275 4584 2444 4641 tuque
2490 4571 2609 4625 illos
2650 4570 2770 4625 falsi
2805 4570 3008 4640 arguis,
3035 4581 3208 4637 quare
3254 4566 3322 4620 de
3369 4566 3467 4619 he-

223 4676 386 4746 ὀρείας
409 4682 510 4736 τῶν
532 4656 1085 4754 ἡρώωνἐψεύσαντο,⁷
1108 4679 1202 4733 καὶ
1228 4656 1350 4733 ἀντὶ
1384 4677 1485 4748 μὲν
1532 4677 1766 4747 ἀνδρείας

1891 4684 2045 4723 roum
2080 4666 2399 4721 fortitudine
2432 4663 2569 4718 falsa
2597 4662 2799 4717 dixisse
2831 4676 2938 4715 non
2964 4660 3070 4726 vis,
3097 4673 3198 4713 nec
3221 4672 3320 4729 pro
3348 4656 3465 4712 for-

1891 4759 2123 4815 titudine
2155 4756 2612 4817 imbecillitatem,
2640 4763 2734 4807 aut
2765 4767 2863 4818 pro
2895 4749 3269 4806 imbecillitate
3306 4748 3466 4803 forti-

1895 4850 2136 4905 tudinem
2163 4856 2505 4903 commentos
2547 4859 2671 4900 esse
2701 4843 2724 4897 ?
2771 4841 2976 4910 Nempe
3022 4840 3361 4907 debuissent,
3393 4841 3470 4894 uti

1896 4943 1962 4996 de
2014 4938 2146 4995 Jove
2195 4949 2251 4993 et
2299 4936 2515 4992 lunone
2586 4933 2878 4990 commenti
2937 4942 3104 4998 sunt,
3173 4930 3248 4984 ita
3309 4929 3474 4984 etiam

1898 5032 2163 5099 Achillem
2197 5029 2425 5098 ignavia:
2478 5025 2798 5082 insimulare
2826 5034 2879 5077 et
2904 5024 3177 5079 Thersitae
3203 5022 3349 5076 vires
3379 5020 3477 5073 ad-

1900 5122 2110 5185 mirari,
2142 5121 2351 5192 Ulyssis
2382 5119 2806 5187 imprudentiam
2836 5128 2889 5173 et
2918 5116 3296 5184 stupiditatem
3333 5111 3481 5164 inse-

1899 5213 2059 5280 ctari,
2120 5211 2331 5268 Nestori
2374 5209 2739 5275 insipientiam
2805 5208 3067 5273 tribuere,
3126 5200 3370 5258 Diomedi
3424 5205 3481 5251 ct

228 4767 502 4838 ἀσθένειαν,
545 4772 667 4826 ἀντὶ
702 4771 761 4825 δέ
812 4770 1092 4835 ἀσθενείας
1146 4768 1394 4840 ἀνδρείαν
1448 4766 1785 4833 ἐπλάσαντο;

233 4858 362 4912 Ἔδει
388 4862 486 4934 γὰρ
510 4864 700 4934 ὥσπερ
723 4863 818 4915 ἐπὶ
840 4861 933 4914 τοῦ
964 4861 1085 4924 Διὸς
1124 4860 1218 4914 καὶ
1264 4860 1365 4929 τῆς
1396 4860 1595 4931 Ἤρας,
1648 4856 1790 4911 οὓτω

231 4948 432 5003 καὶτοῦ
476 4954 573 5022 μὲν
619 4951 907 5022 Ἀχιλλέως
953 4950 1274 5021 ἀνανδρείαν
1320 4947 1789 5018 καταψεύσασθαι,

230 5038 312 5091 τοῦ
349 5042 401 5094 δέ
444 5043 704 5113 Θερσίτου
758 5040 989 5111 δύναμιν
1042 5040 1354 5110 θαυμάσαι·
1405 5039 1499 5091 καὶ
1541 5036 1636 5090 τοῦ
1692 5036 1792 5107 μὲν

238 5128 515 5197 Ὀδυσσέως
569 5133 860 5188 ἀσυνεσίαν
913 5132 1207 5195 διαϐαλεῖν,
1258 5130 1354 5183 τοῦ
1409 5130 1465 5182 δὲ
1522 5128 1791 5197 Νέστορος

224 5226 637 5297 παραφροσύνην
692 5223 1030 5281 πλάσασθαι’
1070 5225 1165 5281 καὶ
1210 5222 1305 5276 τοῦ
1342 5222 1441 5293 μὲν
1492 5219 1792 5291 Διομήδους

298 5398 532 5473 (θὶλὯς
585 5405 738 5459 deest
788 5404 845 5473 in
910 5402 1072 5458 Basil.
1124 5400 1335 5473 Anglic.
1393 5411 1446 5455 et
1476 5400 1722 5473 Felckm.
1761 5398 1798 5451 2

235 5470 391 5543 anon.
419 5472 575 5527 Paulo
606 5484 731 5543 post
777 5472 1003 5541 Seguer.
1049 5482 1105 5526 et
1156 5471 1369 5540 Anglic.
1420 5472 1652 5541 φήσουσι
1700 5470 1799 5523 ha-

235 5534 489 5613 betl‘llalii
516 5534 701 5613 autem
731 5534 1041 5613 cumveditis
1059 5534 1300 5613 ιρήσωσὶ.

302 5606 404 5679 (95)
444 5611 768 5681 Ἐψεύσαντο
792 5613 942 5666 decet
968 5612 1021 5664 in
1056 5606 1297 5666 Fe'lckm.
1338 5609 1374 5663 2
1412 5623 1574 5663 anon.
1630 5606 1799 5681 Paulo

238 5685 350 5740 post
388 5676 695 5751 particulam
738 5683 786 5733 ει
823 5690 939 5751 post
969 5681 1483 5751 ﬁ‘rcstituimusex
1522 5693 1653 5751 mss.
1700 5676 1801 5751 Se;

238 5760 381 5869 gngr.
426 5748 585 5806 Basil.
637 5746 856 5819 Anglic.
902 5746 1122 5805 Gohler.
1165 5760 1221 5803 et
1272 5748 1517 5805 Felckm.
1571 5749 1598 5802 1
1653 5756 1708 5803 et
1760 5746 1796 5799 2

341 5834 393 5869 n.

341 5834 393 5873 η.

542 5917 817 5976 Ριιτιιοι.
862 5916 977 5977 Gn.
1018 5916 1224 5977 XXV.

1973 5392 2088 5516 (945)
2117 5394 2208 5450 Sic
2239 5394 2468 5462 Seguer.
2497 5402 2551 5447 et
2586 5388 2805 5472 Gohlcr.
2838 5386 2943 5441 Alii
2976 5397 3098 5464 cum
3135 5381 3313 5434 editis.
3347 5374 3473 5427 εἰσί.

1973 5482 2023 5516 ix
2086 5482 2210 5516 ογα.
2242 5477 2519 5516 aummox
2549 5470 2826 5516 sequitur.
2863 5457 3016 5510 deest
3066 5466 3121 5505 tn
3163 5446 3403 5503 Felckm.
3444 5444 3473 5496 2

1904 5444 2023 5521 νὼέ
2044 5444 2210 5537 ἔργά,
2242 5444 2826 5534 ᾇυῖὦῖίιονξεοίιυίιυιυ,
2863 5444 3016 5510 deest
3066 5452 3121 5505 in
3163 5446 3403 5503 Felckm.
3444 5444 3480 5496 2

1904 5548 2090 5674 αηῗδέ)
2132 5603 2224 5658 Sic
2265 5601 2491 5674 Seguer.
2525 5597 2768 5674 .Gobler:
2801 5591 3043 5674 Felcltm.
3088 5590 3113 5642 1
3165 5596 3221 5642 et
3251 5584 3287 5639 2
3315 5596 3479 5638 anon.

1904 5663 2007 5729 Alii
2037 5663 2158 5727 cum
2192 5663 2376 5734 editis',
2414 5668 2663 5739 βοτάναις
2687 5666 2780 5717 καὶ
2805 5663 3057 5739 καρποῖς·
3305 5737 3333 5739 ,_
3375 5719 3455 5739 ,ιε
3520 5724 3535 5733 .

1978 5721 2456 5814 '(ilfvil‘vliartic-dlam
2488 5737 2584 5789 καί
2613 5721 2839 5814 ξὀευοικ
2872 5721 3033 5783 habet
3062 5742 3074 5778 :
3106 5725 3193 5780 alii
3214 5737 3340 5781 cum
3369 5721 3486 5777 edi.

1906 5813 1977 5868 tis
2001 5811 2278 5866 omittunt.

3132 5891 3174 5949 2
