4010 6522
537 386 606 444 35
1106 388 1164 445 S.
1206 387 1576 444 ATHANASII
1615 388 1762 442 OPP.
1808 386 1989 441 PARS
2018 386 2064 441 Ἰ.
2108 417 2176 425 -
2217 384 2590 443 HISTORICA
2630 384 2718 443 ΕΤ
2763 388 3189 446 DOGMATICA.
3732 393 3801 446 56

538 502 758 561 Hectori
795 500 1085 557 muliebres
1111 504 1379 568 actiones,
1412 501 1645 556 Hecuba:
1682 513 1811 554 vero
1837 498 2094 552 fortitudi-

2212 500 2303 552 καὶ
2338 499 2600 570 ’Έκτορος
2646 500 2962 567 γυναικείας
3008 502 3259 571 πράξεις,
3319 498 3420 570 τῆς
3461 500 3518 553 δέ
3561 500 3800 572 Ἑκάϐης

525 611 659 659 item
690 592 944 665 aﬂingere
974 610 987 646 :
1022 595 1309 664 siquidem,
1354 603 1413 650 ut
1453 592 1551 662 ipsi
1588 591 1792 653 volunt,
1821 590 2097 659 proprium

534 693 815 757 poetarum
845 693 967 738 erat
994 685 1045 738 in
1076 685 1326 739 omnibus
1350 683 1554 752 tingere
1579 690 1636 735 et
1668 680 1908 735 mentiri.
1937 678 2099 749 Atqui

533 791 654 831 cum
690 775 757 829 de
808 775 1114 830 hominibus
1143 775 1357 844 quidem
1406 775 1763 844 scripserunt,
1816 776 2102 829 veritatem

534 878 827 921 servavere
860 884 874 919 :
908 881 1030 920 cum
1075 866 1256 919 autem
1292 865 1361 920 de
1408 865 1494 929 iis,
1539 880 1676 935 quos
1711 866 1842 920 deos
1885 874 2100 929 vocant,

532 970 839 1011 sermonem
878 956 1209 1021 habuerunt,
1245 957 1537 1011 mendaces
1566 971 1688 1011 esse
1718 972 1825 1009 non
1857 966 1983 1010 sunt
2012 970 2105 1009 ve-

532 1046 642 1100 riti.
684 1046 821 1099 Nam
865 1046 915 1099 id
961 1046 1125 1100 etiam
1171 1045 1313 1098 forte
1366 1045 1564 1113 aliquis
1623 1038 1839 1100 illorum
1880 1045 2100 1109 dixerit,

530 1134 667 1189 falsa
697 1144 883 1204 poetas
910 1135 1170 1198 scribere,
1218 1148 1342 1188 cum
1395 1133 1671 1201 impudica
1704 1133 1926 1187 deorum
1959 1132 2099 1186 facta

532 1233 761 1278 narrant
806 1242 820 1278 :
864 1232 919 1278 at
951 1238 1074 1279 cum
1117 1237 1213 1277 eos
1250 1223 1497 1287 laudant,
1521 1208 1644 1276 cum
1670 1219 1860 1276 Jovem
1893 1230 2098 1289 patrem

530 1319 755 1370 deorum
780 1328 1201 1385 supremumque
1223 1328 1288 1367 ac
1318 1313 1623 1383 Olympium
1650 1322 1705 1366 et
1738 1314 1788 1365 in
1816 1312 1969 1367 ccelis
2001 1312 2101 1365 im-

528 1414 807 1477 perantem
860 1405 1179 1476 pra‘dicant,
1230 1404 1350 1459 illos
1409 1404 1546 1458 nihil
1592 1404 1954 1466 comminisci,
2004 1403 2098 1457 sed

528 1509 657 1550 vera
696 1493 900 1548 dicere.
942 1493 1140 1547 Verum
1190 1490 1242 1544 id
1304 1489 1547 1559 responsi
1579 1497 1766 1544 contra
1799 1488 1918 1542 illos
1955 1501 2094 1550 esse,

526 1599 635 1639 non
664 1582 798 1638 mihi
828 1581 951 1645 soli,
977 1580 1072 1635 sed
1110 1580 1286 1635 cuivis
1321 1579 1484 1634 facile
1512 1588 1597 1635 est
1640 1579 1950 1641 ostendere,
1992 1578 2096 1633 ite-

526 1688 757 1742 rumque
786 1672 990 1727 veritas
1016 1672 1209 1727 iisdem
1240 1671 1607 1741 argumentis,
1633 1670 1886 1739 quaijam
1934 1684 2096 1738 supra

525 1764 827 1830 attulimus,
859 1776 981 1818 sese
1004 1762 1270 1817 adversus
1301 1776 1397 1816 eos
1423 1761 1680 1815 tuebitur.
1731 1759 1899 1814 Facta
1951 1761 2094 1814 enim

2213 586 2464 657 ἀνδρείαν
2508 587 2890 658 μυθολογῆσαι.
2964 590 3084 642 Ἐπὶ
3114 590 3332 642 πάντων
3383 588 3512 660 γὰρ,
3542 589 3619 652 ὡς
3644 590 3800 643 αὑτοὶ

2212 677 2476 746 λέγουσιν,
2513 679 2618 731 ἔδει
2646 681 2767 742 τοὺς
2803 680 3030 749 ποιητὰς
3079 680 3411 733 πλάττεσθαι
3463 682 3559 734 καὶ
3611 680 3774 750 ψεύδε

2213 768 2353 823 σθαι.
2385 768 2496 821 Νῦν
2526 770 2581 822 δέ
2606 773 2717 832 τοῖς
2740 770 2837 841 μὲν
2859 771 3163 841 ἀνθρώποις
3201 771 3302 843 τὴν
3357 771 3617 843 ἀλήθειαν
3671 770 3802 840 ἐφύ-

2209 860 2395 925 λαξαν,
2416 860 2525 914 τῶν
2555 862 2612 915 δέ
2643 861 2946 932 λεγομένων
2964 862 3098 916 θεῶν
3125 863 3226 915 οὑκ
3256 862 3605 933 ἐφοϐήθησαν
3630 880 3799 916 κατα-

2208 951 2495 1020 ψεύδεσθαι
2522 953 2655 1022 (97).
2711 954 2819 1005 Kal.
2872 953 3030 1007 τοῦτο
3059 953 3169 1024 γὰρ
3202 954 3266 1006 ἄν
3308 970 3392 1016 τις
3423 954 3604 1006 αὑτῶν
3626 954 3795 1016 εῖποι,

2208 1044 2266 1096 ἐν
2314 1044 2413 1114 μὲν
2455 1048 2573 1108 ταῖς
2612 1045 2739 1115 περὶ
2769 1044 3055 1113 ἀσελγείας
3100 1044 3279 1097 αὐτῶν
3297 1044 3527 1114 πράξεσι
3563 1043 3793 1112 ψεύδον-

2207 1151 2329 1187 ται·
2367 1135 2425 1185 ἐν
2453 1134 2507 1187 δὲ
2540 1137 2652 1196 τοῖς
2672 1135 2935 1196 ἐπαίνοις,
2971 1136 3097 1187 ὅταν
3128 1135 3341 1205 πατέρα
3364 1134 3502 1187 θεῶν
3530 1135 3624 1187 καὶ
3656 1134 3768 1187 ὑπα

2207 1242 2297 1278 τον
2332 1225 2425 1277 καὶ
2469 1225 2759 1295 Ὀλύμπιον
2791 1226 2882 1278 καὶ
2908 1226 2964 1277 ἐν
2996 1226 3210 1296 οὐρανῷ
3240 1224 3594 1295 βασιλεύοντα
3624 1226 3797 1293 λέγω-

2209 1331 2260 1367 σι
2290 1314 2400 1385 (98)
2431 1315 2521 1367 τὸν
2548 1313 2666 1376 Δία,
2690 1314 2751 1366 οὑ
2787 1313 3132 1378 πλάττονται,
3166 1313 3279 1366 ἀλλ’
3316 1312 3675 1383 ἀληθεύοντες
3708 1314 3796 1366 λέ-

2205 1422 2380 1473 γουσι.
2412 1404 2610 1457 Τοῦτον
2634 1404 2690 1458 δὲ
2718 1405 2781 1457 οὑ
2809 1405 2969 1476 μόνος
2994 1403 3123 1472 ἐγὼ,
3174 1404 3309 1457 ἀλλά
3330 1406 3423 1456 καὶ
3477 1405 3587 1467 πᾶς
3644 1406 3796 1467 ὅστις

2206 1496 2437 1564 ἐλέγξειε
2469 1490 2593 1548 κατ”
2618 1496 2795 1548 αὑτῶν
2828 1491 2966 1548 εἶναι
2997 1495 3089 1547 τὸν
3118 1494 3292 1561 λόγον.
3344 1494 3513 1547 Πάλιν
3538 1494 3650 1566 γὰρ
3670 1498 3793 1559 ταῖς

2207 1584 2445 1656 πρώταις
2469 1585 2806 1651 ἀποδείξεσιν
2836 1587 2869 1655 ἡ
2902 1584 3125 1655 ἀλήθεια
3155 1584 3274 1637 κατ’
3310 1584 3489 1636 αὑτῶν
3545 1586 3792 1656 φανήσε-

2202 1692 2311 1729 ται.
2357 1678 2423 1729 Ai
2477 1676 2577 1747 μὲν
2620 1676 2726 1747 γάρ
2785 1675 3011 1745 πράξεις
3062 1672 3382 1744 ἀνθρώπους
3415 1676 3616 1739 αὑτοὺς
3647 1671 3791 1729 εἶναι

2204 1767 2504 1837 ἐλέγχουσι,
2542 1767 2612 1820 τὰ
2636 1767 2692 1820 δὲ
2724 1766 2974 1837 ἐγκώμια
3000 1767 3140 1837 ὑπὲρ
3168 1768 3267 1837 τὴν
3312 1764 3621 1837 ἀνθρώπων
3672 1769 3789 1821 ἐστὶ

519 1856 646 1910 illos
699 1854 804 1926 14
855 1853 1026 1909 fuisse
1073 1853 1325 1907 homines
1375 1850 1554 1921 palam
1593 1849 1963 1913 convincunt;
2002 1851 2094 1904 sed

2200 1859 2387 1928 φύσιν
2422 1860 2680 1929 ἑκάτερον
2708 1859 2764 1911 δὲ
2803 1858 3007 1911 τούτων
3058 1858 3434 1927 ἀκατάλληλόν
3468 1862 3585 1913 ἐστι
3651 1860 3790 1930 πρὸς

522 1944 709 1998 laudes
736 1943 933 2012 quibus
956 1958 1051 1998 eos
1068 1941 1319 2005 eﬂ‘eruut,
1351 1939 1632 1994 hominum
1666 1949 1916 1993 naturam
1942 1938 2098 2007 longe

522 2042 808 2103 superant.
858 2033 1023 2103 Atqui
1075 2042 1368 2101 utrumque
1409 2031 1601 2086 horum
1630 2045 1815 2086 secum
1846 2036 2049 2099 pugnat
2081 2046 2093 2083 :

523 2140 646 2179 nam
699 2138 876 2191 neque
935 2121 1216 2193 proprium
1266 2131 1351 2177 est
1402 2121 1709 2176 caelestium
1756 2121 1859 2176 ista
1911 2134 2095 2189 agere,

524 2230 698 2288 neque
748 2216 841 2287 qui
890 2215 1007 2271 haec
1058 2221 1249 2285 agunt,
1300 2212 1431 2268 deos
1473 2211 1744 2283 suspicari
1776 2210 1900 2281 quis
1949 2220 2096 2265 recte

500 2307 712 2375 ,possit.

585 2398 687 2451 17.
723 2394 861 2464 Quid
892 2396 1055 2467 igitur
1083 2404 1273 2460 restat,
1305 2410 1466 2463 quam
1500 2406 1559 2450 ut
1594 2394 1959 2464 intelligamus
1987 2393 2093 2447 [ιιι-
2174 2455 2199 2463 ἢ

516 2500 615 2540 sas
649 2485 868 2554 quidem
895 2493 949 2538 et
983 2484 1307 2539 adulationis
1334 2499 1462 2553 ergo
1487 2484 1645 2538 lictas
1676 2484 1849 2538 fuisse
1882 2483 2090 2547 laudes,

522 2577 665 2631 facta
698 2585 881 2629 autem
917 2588 1042 2629 vera
1083 2575 1248 2630 esse?
1283 2573 1448 2642 quue
1496 2575 1568 2629 ita
1613 2588 1735 2630 esse
1768 2588 1836 2629 ex
1880 2573 2092 2641 vulgari

522 2680 672 2722 more
723 2666 849 2721 licet
897 2681 1251 2735 c0gnoscere.
1310 2665 1482 2722 Nemo
1516 2667 1660 2721 enim
1711 2667 1806 2736 qui
1856 2658 2091 2733 aliquem

521 2757 742 2810 laudare
771 2757 1102 2826 aggreditur,
1136 2758 1254 2825 ejus
1289 2758 1457 2812 vitam
1495 2758 1807 2826 vituperat:
1835 2758 1930 2811 sed
1963 2771 2091 2811 con-

522 2854 887 2913 tra,vquorum
918 2845 1025 2899 vita
1060 2848 1232 2917 turpis
1260 2858 1368 2913 est,
1391 2848 1461 2902 ad
1484 2849 1938 2917 vituperationem
1972 2864 2091 2917 quae

520 2933 647 2988 inde
677 2935 829 3005 sequi
870 2936 1007 2991 solet
1036 2939 1446 3003 removendam,
1482 2939 1605 2994 illus
1636 2939 1893 2995 laudibus
1924 2953 2088 3009 supra

519 3023 742 3078 modum
774 3027 1065 3093 extollunt,
1100 3036 1159 3082 ιιι
1188 3037 1246 3082 et
1284 3028 1503 3084 laudum
1533 3030 1909 3101 magnitudine
1935 3030 2088 3084 audi-

518 3123 667 3168 tores
691 3113 988 3184 decipiant,
1040 3124 1095 3171 et
1147 3115 1391 3181 illorum,
1436 3132 1572 3186 quos
1620 3118 1863 3181 laudant,
1894 3116 2083 3186 ncqui-

2200 1950 2359 2003 ἑαυτό
2379 1967 2391 1979 ·
2417 1949 2542 2002 οὕτε
2586 1950 2695 2020 γὰρ
2725 1949 2830 2002 τῶν
2860 1952 2917 2003 ἐν
2951 1951 3199 2021 οὐρανοῖς
3247 1951 3375 2003 ἴδιόν
3407 1952 3525 2003 ἐστι
3561 1952 3787 2003 τοιαῦτα

2198 2041 2477 2112 πράττειν,
2498 2039 2620 2094 οὔτε
2638 2042 2765 2104 τοὺς
2787 2040 2856 2094 τὰ
2893 2042 3118 2096 τοιαῦτα
3149 2043 3488 2113 πράττοντας
3533 2043 3784 2095 ὑπονοεῖν

2194 2148 2277 2193 τις
2304 2132 2527 2186 δύναται
2553 2132 2729 2196 θεούς.

2268 2403 2356 2455 17.
2388 2402 2451 2455 Τί
2474 2400 2566 2457 οὖν
2592 2402 2940 2456 ὑπολείπεται
2973 2402 3082 2472 (99)
3142 2404 3362 2474 νοεῖν,ἢ
3419 2405 3503 2458 ὃτι
3562 2404 3632 2458 τά
3685 2406 3786 2475 μὲν

2192 2494 2441 2565 ἐγκώμια
2498 2494 2667 2565 ψευδῆ
2723 2493 2816 2546 καὶ
2862 2494 3231 2564 κεχαρισμένα
3283 2496 3566 2565 τυγχάνει,
3615 2497 3673 2549 αἱ
3723 2496 3782 2548 δὲ

2193 2586 2421 2657 πράξεις
2448 2585 2799 2655 ἀληθεύονται
2832 2587 2907 2656 (1)
2942 2590 3059 2640 κατ’
3086 2587 3261 2639 αὑτῶν
3286 2604 3301 2653 ;
3339 2589 3450 2641 Καὶ
3477 2587 3640 2641 τοῦτο
3654 2589 3787 2658 άλη-

2192 2679 2282 2742 θές
2303 2681 2366 2731 ἐκ
2388 2679 2487 2749 τῆς
2508 2677 2793 2748 συνηθείας
2830 2677 2894 2732 ἀν
2920 2695 3004 2742 τις
3035 2678 3412 2746 ἐπιγνώσεται.
3438 2680 3633 2743 Οὐδεὶς
3674 2682 3783 2753 γάρ

2190 2770 2551 2840 ἐγκωμιάζων
2581 2770 2699 2823 τινὰ
2723 2771 2825 2840 (‘2),
2855 2771 2949 2823 καὶ
2980 2772 3274 2841 κατηγορεῖ
3293 2771 3390 2840 τῆς
3411 2772 3602 2823 τούτου
3628 2774 3782 2825 πολι-

2188 2861 2337 2924 τείας
2356 2878 2368 2890 ·
2387 2859 2524 2914 άλλά
2557 2860 2759 2931 μᾶλλον
2780 2854 2861 2923 οἷς
2888 2863 3022 2913 εἰσιν
3051 2861 3106 2911 αἱ
3133 2860 3357 2931 πράξεις
3385 2863 3633 2931 αἰσχραὶ,
3656 2863 3779 2914 τού-

2188 2970 2314 3015 τους
2343 2952 2430 3005 διὰ
2461 2951 2552 3004 τὸν
2585 2953 2649 3004 ἐκ
2681 2950 2883 3004 τούτων
2915 2951 3083 3021 ψόγον
3134 2950 3417 3021 ἐπαίρουσι
3455 2955 3569 3013 τοῖς
3604 2954 3779 3021 ἐγκω-

2192 3046 2354 3115 μίοις,
2386 3045 2492 3107 ἵνα,
2526 3046 2591 3113 τῇ
2613 3044 2818 3096 τούτων
2852 3044 3123 3114 ὑπερϐολῇ
3162 3044 3286 3105 τοὺς
3308 3042 3607 3108 ἀκούοντας
3639 3047 3780 3097 ἁπα-

2190 3138 2452 3205 τήσαντες
2487 3176 2501 3199 ,
2565 3134 2909 3205 ἐπικρύψωσι
2962 3136 3061 3206 τὴν
3123 3132 3343 3186 ἐκείνων
3408 3135 3775 3205 παρανομίαν.

519 3205 648 3258 tiam
676 3204 971 3259 occultent.
1003 3204 1190 3273 Itaque
1218 3207 1676 3274 quemadmodum
1716 3208 1807 3276 qui
1854 3207 2087 3276 aliquem

2198 3204 2408 3297 Ὥσπερ
2438 3221 2531 3279 οὖν
2561 3204 2736 3288 εἴτις,
2761 3204 3104 3296 ἐγκωμιάσαι
3132 3225 3252 3277 τινὰ
3306 3204 3662 3294 προθέμενος,
3700 3226 3777 3294 μὴ

514 3295 737 3350 laudare
772 3296 1027 3361 instituit,
1059 3297 1105 3351 si
1145 3298 1349 3351 nullam
1376 3297 1458 3351 vel
1494 3299 1547 3352 in
1584 3297 1746 3352 factis
1775 3297 1859 3353 vel
1890 3299 1942 3353 in
1976 3314 2087 3353 mo-

510 3388 666 3443 ribus
691 3388 867 3443 laudis
899 3389 1181 3442 materiam
1212 3390 1495 3457 repererit,
1549 3390 1747 3459 quippe
1776 3404 1898 3444 cum
1957 3390 2087 3444 nihil

498 3478 618 3531 nisi
656 3486 813 3545 turpe
859 3478 930 3532 in-
956 3478 1042 3531 his
1086 3488 1361 3543 occurrat,
1391 3480 1499 3533 alio
1548 3480 1958 3534 commendandi
2004 3496 2089 3549 ge-

508 3581 646 3621 nere
680 3568 759 3621 uti
795 3572 1031 3638 cogitur,
1070 3568 1280 3639 illique,
1315 3584 1473 3638 quem
1506 3571 1705 3634 laudat,
1736 3585 1800 3624 ea
1826 3586 1944 3640 quae
1963 3586 2087 3640 pro-

513 3659 649 3726 priis
683 3659 895 3713 meritis
920 3659 1126 3728 majora
1160 3668 1286 3714 sunt
1317 3662 1566 3715 attribuit
1599 3679 1612 3714 :
1654 3662 1726 3715 ita
1771 3677 1894 3716 cum
1929 3678 2087 3732 egre-

502 3748 629 3817 .gios
660 3748 778 3803 illos
813 3758 1002 3818 poetas
1025 3750 1250 3805 deorum
1297 3764 1523 3805 suorum
1578 3753 1935 3819 turpitudinis
1986 3768 2086 3821 pu-

513 3840 688 3902 deret,
731 3852 927 3893 nomen
969 3839 1203 3894 humana
1245 3849 1437 3895 natura
1489 3843 1665 3912 majus
1696 3845 1776 3897 eis
1804 3843 2082 3899 allinxere.

505 3926 716 3986 ‘Verum
764 3944 871 3984 non
925 3930 1310 3986 intellexerunt
1362 3946 1422 3987 se
1469 3935 1810 4001 commentis,
1864 3951 1983 4004 qua:
2030 3936 2085 3989 in

515 4019 825 4075 ntortalittm
858 4020 1223 4077 conditionem
1256 4023 1480 4078 minime
1520 4031 1820 4093 quadram,
1850 4026 2083 4080 humana

514 4110 727 4163 illorum
770 4109 911 4165 facta
956 4126 1061 4167 non
1095 4114 1391 4168 obscurare
1446 4114 1532 4169 vel
1579 4116 1937 4182 abscondere,
1990 4122 2085 4171 sed

515 4202 697 4270 potius
750 4203 1006 4259 humanis
1047 4218 1235 4260 eorum
1292 4206 1437 4261 vitiis
1476 4218 1663 4277 aperte
1710 4207 2085 4262 demonstrare

512 4291 605 4345 Dei
642 4292 887 4349 notiones
921 4293 1028 4349 illis
1059 4309 1401 4367 nequaquam
1433 4313 1756 4368 congruere.
1802 4298 1915 4368 Ego
1955 4311 2084 4351 sane

506 4382 745 4437 arbitror
776 4398 869 4439 eos
895 4395 1081 4439 contra
1117 4390 1395 4457 propriam
1428 4398 1663 4444 mentem
1708 4388 1926 4442 illorum
1950 4386 2080 4441 vitia

2192 3315 2433 3385 εὑρίσκοι
2466 3315 2563 3384 μὲν
2591 3316 2654 3366 ἐκ
2678 3314 2952 3378 πολιτείας
2981 3315 3114 3386 μηδὲ
3142 3314 3201 3379 ἐξ
3229 3315 3428 3387 ἀρετῆς
3470 3314 3571 3383 τῆς
3604 3314 3778 3383 ψυχῆς

2190 3405 2284 3475 τὴν
2350 3406 2621 3477 πρόφασιν
2678 3406 2786 3459 τῶν
2836 3405 3127 3477 ἐγκωμίων
3181 3405 3266 3459 διὰ
3328 3405 3428 3475 τὴν
3463 3406 3519 3457 ἐν
3567 3405 3777 3468 τούτοις

2189 3496 2469 3568 αἰσχύνην,
2508 3497 2683 3559 άλλως
2714 3497 2771 3549 δὲ
2802 3498 2999 3560 αὑτοὺς
3034 3496 3265 3566 ἐπαίροι,
3302 3496 3371 3547 τά
3406 3496 3551 3565 ὑπὲρ
3580 3497 3777 3557 αὑτοὺς

2189 3589 2369 3651 αὐτοῖς
2397 3588 2750 3659 χαριζόμενος
2774 3606 2787 3619 ’
2824 3587 2966 3641 οὑτω
2992 3588 3087 3642 καὶ
3119 3588 3165 3639 οἱ
3196 3586 3327 3656 παρ’
3350 3587 3534 3649 αὑτοῖς
3567 3586 3778 3655 θαυμα·

2192 3682 2307 3733 στοὶ
2340 3682 2581 3749 ποιηταὶ,
2612 3680 3029 3751 δυσωπούμενοι.
3051 3681 3144 3732 ἐπὶ
3170 3681 3290 3741 ταῖς
3332 3680 3593 3747 αἰσχραῖς
3641 3678 3779 3747 πρά-

2190 3768 2302 3834 ξεσι
2332 3770 2439 3823 τῶν
2472 3770 2781 3840 λεγομένων
2813 3772 2939 3839 παρ’
2974 3770 3157 3832 αὑτοῖς
3186 3766 3322 3819 θεῶν
3342 3806 3357 3827 ,
3397 3767 3459 3819 τὸ
3486 3766 3631 3836 ὑπὲρ
3685 3766 3779 3820 ἇν-

2190 3862 2408 3933 θρωπον
2438 3864 2622 3925 αὑτοῖς
2654 3864 2938 3935 προσῆψαν
2981 3862 3169 3931 ὄνομα,
3196 3860 3296 3913 οὑκ
3322 3861 3546 3926 εἰδότες,
3584 3861 3665 3913 ὃτι
3710 3860 3774 3912 οὐ

2186 3957 2307 4016 ταῖς
2344 3953 2484 4024 ὑπὲρ
2515 3951 2799 4022 ἄνθρωπον
2830 3953 3105 4014 ὑπονοίαις
3131 3952 3550 4003 ἐπισκιάσουσιν
3596 3950 3774 4003 αὑτῶν

2186 4044 2254 4097 τά
2308 4042 2642 4114 ἀνθρώπινα,
2670 4041 2805 4094 ἁλλὰ
2834 4040 3032 4111 μᾶλλον
3060 4042 3168 4101 τοῖς
3200 4039 3570 4110 ἀνθρωπίνοις
3599 4037 3775 4092 αὐτῶν

2189 4133 2528 4202 ἐλαττώμασι
2577 4132 2675 4193 τὰς
2707 4130 2842 4183 Θεοῦ
2877 4131 3085 4193 ἐννοίας
3151 4128 3223 4199 μὴ
3271 4128 3533 4198 ἁρμόζειν
3594 4130 3774 4191 αὑτοῖς

2186 4223 2536 4289 διελέγξουσι.
2590 4223 2699 4273 Καὶ
2732 4222 2906 4289 ἔγωγε
2958 4217 3164 4289 νομίζω
3208 4219 3302 4271 καὶ
3363 4218 3518 4288 παρά
3546 4218 3771 4288 γνώμην

2186 4315 2366 4376 αὑτοῖς
2398 4313 2645 4385 εἰρῆσθαι
2696 4313 2761 4365 τὰ
2803 4312 3006 4365 τούτων
3060 4310 3204 4379 πάθη
3263 4310 3356 4362 καὶ
3401 4310 3503 4373 τάς
3572 4311 3772 4364 τούτων

2188 4404 2436 4476 πράξεις.
2483 4403 2699 4474 Ἐπειδὴ
2729 4404 2838 4475 γάρ
2865 4404 2962 4473 τὴν
2984 4402 3078 4455 τοῦ
3108 4402 3242 4454 Θεοῦ
3274 4400 3661 4471 ἀκοινώνητον,
3695 4400 3770 4462 ὼς

507 4481 560 4526 et
590 4471 730 4527 facta
760 4488 1071 4541 enarrasse,
1124 4478 1219 4532 sed
1278 4493 1400 4534 cum
1455 4479 1992 4544 incommunicabile,
2024 4487 2082 4532 ut

2198 4485 2340 4542 εἶπεν
2369 4489 2632 4560 ἡΓραφὴ,
2662 4490 3036 4560 προσηγορίαν
3068 4492 3159 4559 καὶ
3192 4488 3355 4557 τιμὴν
3382 4491 3495 4550 τοῖς
3528 4489 3630 4540 οὑκ
3653 4484 3768 4539 οὖσι

498 4561 745 4633 loquitur
775 4566 1055 4637 Scriptura
1088 4569 1154 4632 ",
1189 4569 1279 4623 Dei
1312 4585 1507 4625 nomen
1557 4581 1607 4626 el
1651 4570 1938 4633 honorem,
1992 4569 2079 4632 iis,

2198 4580 2347 4642 lsoig,
2383 4580 2496 4633 ἀλλ’
2528 4580 2835 4650 ἀνθρώποις
2864 4581 3076 4651 θνητοῖς
3105 4580 3436 4644 ἐσπούδαζον
3466 4580 3764 4639 ἀναθεῖναι,

501 4656 594 4724 qui
625 4671 732 4712 non
768 4658 839 4712 dii
869 4659 966 4714 sed
1003 4660 1265 4715 mortales
1323 4662 1570 4717 homines
1604 4662 1775 4726 fuere,
1808 4662 2082 4715 ascribere

2198 4672 2280 4723 καὶ
2316 4673 2457 4741 μέγα
2480 4673 2572 4725 καὶ
2605 4673 2862 4735 δυσσεϐὲς
2900 4669 2967 4742 ἦν
3018 4672 3078 4725 τὺ
3125 4674 3216 4723 ὑπ’
3255 4670 3434 4725 αὑτῶν
3482 4671 3767 4742 τολμώμε-

500 4746 812 4815 studerent,
843 4751 987 4818 quod
1012 4764 1266 4820 magnum
1298 4764 1352 4805 et
1381 4753 1771 4821 gravissimum
1798 4751 1900 4807 fuit
1921 4750 2080 4822 ﬂagi-

2198 4778 2295 4826 IOV,
2330 4762 2517 4815 τούτου
2569 4760 2754 4815 ἕνεκεν
2809 4763 2903 4815 καὶ
2934 4762 3157 4823 ἄκοντες
3218 4762 3323 4814 ὑπὸ
3369 4765 3470 4832 τῆς
3511 4762 3766 4832 ἀληθείας

501 4835 637 4889 tium
675 4852 690 4891 :
734 4836 940 4891 idcirco
970 4838 1123 4893 inviti
1154 4840 1367 4894 illorum
1418 4842 1571 4906 vitia,
1596 4843 1957 4911 compellente
1988 4859 2079 4899 vc-

2198 4850 2608 4920 iyayxdancav
2662 4852 2729 4904 τὰ
2767 4852 2972 4904 τούτων
3016 4851 3271 4904 ἐκθέσθαι
3306 4852 3453 4922 πάθη
3476 4870 3489 4881 ·
3538 4854 3626 4906 ἵνα
3656 4855 3765 4914 τοῖς

506 4925 694 4991 ritate,
730 4939 1007 4995 exponere
1032 4932 1203 4984 coacti
1238 4940 1384 4996 sunt,
1418 4941 1558 4986 utea
1590 4934 1807 5002 scriptis
1829 4945 2077 4999 exarata,

2198 4941 2323 4994 εετὰ
2347 4940 2519 4994 ταῦτα
2548 4941 2613 4993 τὰ
2630 4941 2831 4993 τούτων
2858 4942 3002 5011 πάθη
3036 4942 3111 5011 (5)
3148 4940 3285 5011 πρὸς
3318 4942 3541 5011 ἔλεγχον
3564 4942 3657 4994 τοῦ
3693 4942 3765 5013 μὴ
3832 4968 3839 4969 ί

499 5017 735 5082 posteris
763 5019 1017 5077 erunibus
1042 5021 1267 5079 evidens
1303 5033 1685 5092 argumentum
1729 5035 1930 5089 essent,
1959 5026 2077 5081 illos

2198 5028 2564 5095 εἶναιτούτους
2598 5032 2751 5094 θεοὺς
2788 5033 2845 5084 ἐν
2876 5035 2994 5094 ταῖς
3026 5033 3153 5104 περὶ
3183 5032 3361 5085 αὑτῶν
3390 5035 3632 5103 γραφαῖς
3658 5031 3766 5085 κεί-

497 5122 604 5161 non
638 5122 762 5165 esse
789 5110 938 5168 deos.

2198 5140 2341 5189 asva,
2385 5124 2517 5175 πᾶσι
2550 5122 2829 5193 φαίνηται.

569 5221 611 5254 ¹²
640 5221 771 5293 Sap.
794 5239 905 5289 xiv,
927 5226 1016 5279 21.

834 5335 1339 5418 §eguer.Alii_cutn
1371 5335 1561 5418 editis,
1600 5336 2066 5418 καταψεύσασθαι.
2189 5345 2327 5418 _‘(l_)
2370 5347 2472 5418 Sic
2503 5345 2629 5417 Seg.
2676 5348 2894 5406 Gobler.
2924 5350 3104 5407 Felck.
3163 5349 3187 5403 1
3226 5364 3317 5404 an.
3349 5349 3461 5405 Atii
3500 5358 3558 5407 et
3605 5350 3758 5415 editi,

567 5406 680 5484 (98)
716 5406 807 5459 Sic
840 5404 1063 5484 §egu‘e_r.
1108 5406 1327 5484 Gobler.
1369 5404 1627 5484 _Felckm._
1656 5408 1681 5459 1
1730 5404 1784 5461 εἰ
1824 5409 2065 5484 Bnanon.

2198 5404 2565 5484 ιληθεύουσαι.

496 5474 599 5558 ehi
622 5474 947 5558 ‘cumneditis
974 5474 1221 5558 λέγουσι..
1252 5475 1418 5558 P_aulo
1451 5486 1571 5558 post
1594 5476 2065 5558 SeguerLGobler.
2248 5474 2326 5558 (ᾖ)
2364 5486 2453 5539 Sic,
2488 5486 2714 5558 Seguer,
2752 5498 2807 5543 ει
2836 5499 3021 5558 ροειεδ
3054 5490 3268 5542 τούτου,
3312 5490 3420 5544 Mi;
3448 5504 3570 5543 οωη
3598 5487 3757 5545 eam,

493 5542 734 5615 Fuit-km.
766 5542 791 5595 1
827 5558 991 5596 anon.
1030 5544 1189 5615 μόνος
1210 5547 1427 5607 habent,
1452 5542 1550 5615 alii
1580 5545 1763 5615 μόνον.
1795 5545 2067 5615 Particula

2198 5542 2322 5615 τιν’όέ
2347 5567 2400 5607 et
2426 5542 2652 5609 τούτων.
2689 5542 3081 5612 Partii'ula—xai
3114 5560 3242 5612 ibid.
3276 5542 3427 5613 deest
3458 5542 3698 5612 iriBasil.

495 5612 612 5698 ξαί,
647 5625 767 5675 quae
802 5628 925 5667 mox
953 5612 1221 5681 sequitur,
1249 5615 1402 5668 deest
1432 5618 1484 5667 in
1513 5612 1734 5668 Gubler.
1785 5623 1840 5667 et
1883 5613 2063 5671 Felt'k.

2198 5691 2206 5698 _
2247 5612 2319 5693 (5)
2348 5622 2660 5698 Hae_voc_es_
2672 5628 2739 5680 τά
2767 5628 2972 5698 τούτων
2988 5628 3135 5698 πάθη
3162 5612 3504 5698 restituimus
3534 5641 3597 5683 ex
3622 5639 3750 5682 mss.

495 5680 685 5821 2ῗθιθ)
718 5746 1177 5816 Segucr.Goblcr.
1201 5747 1379 5805 Felck.
1418 5750 1439 5804 1
1470 5764 1653 5817 anon”
1674 5749 2059 5813 ἀπολείπεται,

2198 5680 2398 5761 iegticr.
2429 5692 2594 5752 Basil.
2623 5692 2842 5753 Gobler.
2877 5680 3135 5754 Felcktu:
3164 5696 3190 5752 1
3226 5706 3280 5753 ει
3306 5694 3341 5749 2
3376 5680 3541 5752 anon.
