4010 6510
441 1924 452 1935 .
552 1878 639 1933 his
690 1876 875 1933 verbis
923 1877 1081 1933 docet
1130 1872 1144 1932 ἑ

542 385 614 444 επ
1118 382 1181 436 S.
1227 380 1603 436 ATHANASII
1643 380 1793 433 OPP.
1836 378 2018 433 PARS
2056 379 2099 433 1.
2142 409 2211 419 -ο
2249 379 2625 437 lllSTORlCA
2660 380 2748 435 ET
2790 382 3217 439 DOGMATICA.
3762 388 3832 446 40

620 505 711 562 l9.
742 504 914 570 Quam
940 502 1124 563 cnim,
1161 516 1366 571 quaeso,
1415 502 1645 555 formam
1696 498 1979 553 czelatores
2024 498 2128 552 diis
2155 511 2211 570 Α

544 594 653 655 illis
685 595 969 665 aflinguul,
1021 594 1129 648 nisi
1184 592 1414 646 marium
1451 600 1498 644 et
1532 590 1879 655 feminarum,
1910 589 2016 642 imo
2052 603 2130 642 re-

2305 498 2392 554 19.
2428 499 2562 552 Τίνα
2592 499 2703 571 γάρ
2740 499 2908 571 ἀλλην
2946 502 3129 564 αὐτοῖς
3158 500 3454 571 γλύφοντες
3475 502 3830 562 ἐπιϐάλλουει

2238 590 2513 661 μορφὴνῆ
2567 590 2675 678 τὴν
2701 590 2946 660 ἀρρένων
2980 590 3073 644 καὶ
3106 591 3403 660 γυναικῶν,
3444 592 3539 645 καί¹
3590 594 3702 649 τῶν
3748 595 3830 651 ἔτι

544 702 667 742 rum
693 688 857 743 etiam
893 688 1056 757 longe
1084 686 1361 749 viliorum,
1394 693 1450 737 et
1478 695 1599 752 quae
1629 690 1821 734 natura
1852 695 1947 735 sua
1973 680 2126 733 ratio-

2233 683 2527 755 κατωτέρω
2558 683 2763 736 τούτων
2791 684 2885 737 καὶ
2921 682 3130 752 ἀλόγων
3160 684 3330 739 ὄντων
3382 685 3483 757 τὴν
3529 686 3694 755 φύσιν
3742 705 3832 742 πε-

542 780 631 834 nis
659 788 785 835 sunt
808 789 1080 848 expertes,
1122 788 1182 832 ut
1213 776 1499 831 volucrum
1535 773 1836 837 variarum,
1886 772 2129 840 quadru-

544 871 740 939 pedum
777 871 1021 925 cieurum
1060 878 1119 924 et
1146 867 1429 930 ferocium,
1458 879 1521 919 ac
1546 864 1847 934 reptilium,
1873 878 2131 932 quaecun-

528 977 656 1033 ~,que
707 973 853 1017 terra
891 972 947 1019 et
982 977 1132 1017 mare
1180 976 1245 1015 ac
1295 959 1550 1014 universa
1614 972 1879 1026 aquarum
1936 966 2128 1010 natura

532 1055 843 1123 producit?
874 1054 1140 1109 Nimirum
1179 1067 1303 1107 cum
1345 1050 1598 1105 homines
1636 1048 1939 1104 belluarum
1984 1048 2131 1101 iusa-

528 1161 649 1200 mus
678 1147 913 1217 impetus
941 1162 1003 1200 ac
1035 1145 1289 1199 libidines
1318 1142 1588 1211 praecipiti
1621 1140 1773 1211 lapsu
1808 1141 2006 1203 secuti,
2044 1140 2129 1193 ni-

545 1235 625 1290 hil
657 1246 854 1304 praeter
880 1236 1186 1305 voluptates
1217 1243 1271 1289 et
1303 1234 1490 1288 carnis
1525 1232 1854 1300 cupiditates
1898 1232 1968 1286 ob
1999 1246 2129 1285 ocu-

546 1327 628 1383 los
665 1328 969 1383 haberent:
1001 1335 1059 1381 ut
1091 1336 1330 1380 mentem
1382 1326 1436 1379 in
1484 1324 1637 1379 hisce
1673 1326 1939 1393 pecudum
1983 1323 2130 1376 vitiis

545 1420 781 1475 deﬁxam
810 1430 864 1475 et
898 1428 1222 1488 occupatam
1257 1416 1534 1483 tenebant,
1564 1417 1642 1471 sic
1673 1416 1908 1470 etiamin
1936 1414 2130 1469 belluis

544 1526 647 1579 pro
675 1511 970 1565 affectuum
1001 1510 1265 1565 varietate
1295 1523 1495 1563 numen
1530 1516 1943 1577 expresserunt,
1968 1517 2128 1576 atque

545 1612 627 1658 tot
654 1604 785 1658 deos
833 1611 963 1658 sunt
1010 1601 1285 1656 fabricati.
1324 1601 1462 1656 Hinc
1512 1603 1655 1657 enim
1692 1602 2125 1671 quadrupedum,

547 1694 831 1765 reptilium
876 1704 931 1749 et
974 1693 1156 1748 avium
1209 1693 1501 1749 simulacra
1538 1696 1679 1765 apud
1730 1694 1851 1748 illos
1889 1702 2124 1759 exstant,

547 1785 1010 1853 quemadmodum
1058 1785 1257 1840 divina:
1297 1794 1352 1841 et
1386 1800 1532 1839 verae
1590 1785 1809 1855 pietatis
1858 1784 2128 1853 interpres

541 1970 676 2033 suis,
704 1978 751 2022 et
782 1970 1121 2023 obscuratum
1144 1976 1221 2021 est
1252 1968 1500 2034 insipiens
1528 1984 1620 2021 cor
1643 1982 1860 2021 eorum:
1895 1968 2125 2021 dicentes

542 2075 597 2112 se
642 2074 754 2113 esse
794 2060 1085 2127 sapientes,
1126 2055 1273 2111 stulti
1326 2056 1457 2125 {acti
1492 2067 1639 2122 sunt;
1696 2068 1743 2112 et
1795 2067 2123 2111 mutaverunt

541 2150 767 2221 gloriam
791 2148 1206 2218 incorruptibilis
1234 2146 1328 2201 Dei
1351 2149 1405 2201 in
1436 2148 1837 2203 similitudinem
1876 2150 2125 2219 imaginis

539 2241 898 2312 corruptibilis
949 2240 1199 2307 hominis,
1240 2250 1287 2294 et
1334 2239 1606 2295 volucrum
1635 2251 1681 2293 et
1722 2242 2123 2310 quadrupedum

538 2338 586 2383 et
609 2329 955 2397 serpentium;
988 2338 1267 2395 propterea
1297 2329 1517 2381 tradidit
1542 2328 1662 2382 illos
1685 2328 1824 2383 Deus
1847 2329 1899 2382 in
1920 2331 2127 2399 passio-

454 2462 457 2465 -
538 2437 629 2475 nes
660 2419 964 2490 ignominia:
992 2420 1056 2475 ¹³.
1084 2418 1384 2488 Postquam
1409 2419 1557 2473 enim
1592 2419 1852 2485 animam,
1882 2430 1940 2473 ut
1968 2423 2126 2476 modo

536 2511 788 2576 memini,
827 2509 1195 2579 voluptatibus
1240 2508 1543 2563 belluarum
1601 2512 1840 2580 propriis
1870 2512 2121 2582 inquina-

533 2610 691 2668 runt,
722 2601 786 2653 ad
814 2599 1187 2668 hujuscemodi
1215 2602 1346 2656 deos
1372 2601 1697 2671 eﬂingendos
1731 2613 1857 2657 sunt
1877 2604 2076 2657 inducti
2108 2621 2121 2669 ;

534 2691 780 2761 hincque
825 2690 1029 2745 factum
1067 2701 1149 2746 est
1185 2701 1265 2757 ut,
1299 2692 1409 2746 Deo
1454 2693 1736 2758 derelicto,
1784 2693 1895 2761 jam
1962 2695 2122 2749 veluti

528 2786 752 2850 iraditi,
793 2800 912 2840 sese
941 2786 994 2840 in
1023 2785 1127 2841 illis
1159 2785 1379 2854 ﬂagitiis
1404 2785 1722 2850 volutarint,
1764 2796 1819 2841 et
1867 2789 1919 2841 in
1965 2788 2126 2842 rebus

538 2889 662 2945 qua:
700 2875 927 2933 rationis
976 2886 1228 2947 expertes
1286 2884 1440 2941 sunt,
1498 2877 1664 2930 Deum
1721 2879 1953 2931 rationis
2013 2879 2127 2933 sive

530 2969 707 3025 Verbi
742 2968 962 3025 Patrem
994 2970 1303 3041 exprimere
1334 2970 1453 3024 ausi
1489 2968 1709 3026 fuerint.
1745 2969 1889 3026 Sane
1941 2972 2024 3026 his
2063 2973 2127 3026 de

540 3064 706 3119 rebus
729 3063 964 3119 convicti
999 3062 1347 3118 ethnicorum
1385 3063 1699 3133 philosonhi
1750 3073 1804 3119 et
1848 3065 2123 3131 doctores,

539 3169 650 3210 non
678 3162 810 3208 eunt
837 3152 1050 3208 inﬁcias
1079 3153 1363 3207 hominum
1400 3165 1454 3207 et
1478 3154 1790 3208 belluarum
1824 3154 2028 3209 formas
2063 3171 2126 3208 ac

538 3246 739 3315 ﬁguras
773 3260 893 3301 esse
914 3259 1041 3299 suos
1070 3244 1192 3298 illos
1224 3243 1355 3299 deos
1383 3246 1473 3313 qui
1511 3246 1687 3315 palam
1718 3258 1844 3301 sunt
1868 3249 2118 3316 expositi.
2153 3227 2195 3284 (ἶ

537 3336 738 3392 Verum
769 3338 1101 3405 respondent
1130 3334 1251 3390 ideo
1280 3336 1349 3389 ita
1373 3352 1517 3403 esse,
1547 3347 1606 3391 ut
1644 3338 1786 3393 Deus
1810 3355 1906 3409 per
1937 3341 2037 3394 has
2066 3341 2126 3394 li-

534 3443 701 3498 guras
738 3429 868 3498 ipsis
902 3429 991 3483 det
1024 3442 1287 3496 responsa
1313 3437 1476 3496 atque
1505 3442 1767 3499 appareat
1796 3451 1807 3484 :
1851 3448 1950 3487 uec
1979 3435 2123 3488 enim

534 3532 689 3581 eum,
720 3518 815 3587 qui
845 3518 1015 3573 oculis
1048 3517 1219 3573 videri
1254 3532 1358 3571 non
1397 3528 1599 3587 potest,
1628 3520 1790 3577 aliter
1843 3538 2003 3593 posse
2036 3540 2123 3578 co-

537 3611 724 3680 gnosci
757 3626 920 3680 quam
956 3626 1051 3680 per
1094 3610 1402 3679 huiusmodi
1428 3613 1722 3668 simulacra
1766 3626 1820 3669 et
1862 3633 2121 3673 caeremo-

536 3702 681 3757 nias.
724 3702 830 3757 Alii
888 3718 1019 3757 vero
1074 3704 1491 3772 prmstanliores
1540 3706 1870 3776 philosophi,
1928 3708 2121 3779 altiora

526 3788 641 3841 «rati
678 3788 883 3853 dicere,
915 3788 1215 3843 aiunthmc
1255 3788 1398 3844 facta
1443 3802 1497 3845 et
1537 3808 1796 3862 expressa
1842 3798 2011 3852 fuisse
2056 3800 2122 3854 ad

528 3880 755 3934 divinos
786 3880 1012 3948 angelos
1039 3890 1092 3936 et
1130 3891 1429 3951 potestates
1461 3885 1822 3941 invooandunt
1855 3899 1907 3942 et
1940 3906 2124 3945 accer-

494 4026 497 4027 ν
538 3970 792 4033 nendum,
820 3979 902 4036 ut,
941 3987 1039 4042 per
1072 3973 1186 4028 haec
1211 3974 1506 4030 simulacra
1536 3990 1877 4046 apparentes,
1905 3980 1995 4034 Dei
2027 3998 2119 4037 co-

538 4062 841 4131 gnitionem
885 4064 1031 4132 ipsos
1076 4065 1341 4122 docerent
1374 4084 1389 4133 ;
1438 4083 1668 4139 esseque
1698 4073 2012 4129 hominibus
2041 4075 2123 4128 in-

538 4162 656 4207 star
696 4154 1027 4221 litterarum,
1083 4172 1314 4226 quarum
1372 4159 1630 4225 lectione,
1685 4162 1883 4218 divinis
1917 4166 2123 4235 angelis

535 4258 636 4311 per
663 4243 754 4299 illa
786 4247 1219 4316 advenientibus,
1246 4249 1337 4304 Dei
1370 4252 1654 4306 scientiam
1681 4256 1966 4324 percipere
2002 4272 2123 4326 pos-

538 4336 671 4389 sint.
701 4334 791 4390 Sic
820 4336 893 4390 illi
928 4338 1120 4393 inscite
1172 4348 1469 4408 nugantur,
1514 4358 1619 4396 non
1674 4356 1734 4398 ut
1779 4346 2018 4416 theologi
2048 4348 2121 4403 lo-

534 4438 812 4495 quuutur:
856 4429 996 4484 absit
1028 4429 1173 4484 enim
1206 4440 1263 4484 ut
1294 4432 1393 4485 ista
1426 4433 1794 4504 theologorum
1826 4439 2075 4494 dicantur
2103 4442 2115 4493 l

534 4518 736 4573 Verum
768 4520 812 4573 si
851 4521 971 4589 quis
1016 4522 1068 4575 id
1109 4524 1354 4590 responsi
1407 4525 1697 4595 diligenter
1748 4530 1877 4583 velit
1912 4545 2117 4600 expen-

534 4608 683 4674 dere,
708 4610 864 4665 facile
889 4612 1125 4681 reperiet
1153 4628 1259 4667 non
1298 4614 1406 4685 16
1441 4616 1621 4672 minus
1658 4617 1855 4674 falsam
1888 4621 2117 4678 istorum

536 4700 852 4771 opinionem
880 4715 1024 4768 esse,
1057 4719 1219 4774 quam
1248 4720 1372 4776 qua:
1415 4722 1581 4778 supra
1616 4723 1646 4763 a
1680 4712 1839 4767 nobis
1884 4713 2121 4770 refutala

535 4802 683 4847 sunt.

603 4885 696 4938 20.
731 4883 811 4939 Ita
841 4886 985 4939 enim
1039 4902 1134 4942 eos
1171 4888 1369 4959 aliquis
1402 4891 1586 4957 velim,
1632 4895 1862 4952 veritate
1907 4896 2116 4967 judice,

533 4976 709 5032 ﬁdens
740 4976 1076 5047 interroget:
1107 4979 1354 5045 Quonam
1380 4985 1544 5038 modo
1579 4984 1727 5042 Deus
1753 5004 1850 5058 per
1884 4990 2000 5046 haec
2039 4994 2115 5046 si-

532 5067 777 5122 mulacra
806 5069 1098 5137 respondet
1132 5081 1189 5125 et
1212 5075 1704 5142 coguoscitur?An
1733 5079 1802 5134 ob
1834 5083 2117 5137 materiam

526 5174 597 5215 ex
623 5173 731 5228 qua
761 5167 1037 5227 constant,
1092 5176 1160 5215 au
1185 5163 1256 5217 ob
1314 5163 1544 5221 formam
1578 5183 1738 5238 quam
1784 5172 2033 5229 habent?
2062 5175 2119 5230 Si

524 5250 598 5306 ob
628 5249 947 5307 materiam:
981 5251 1104 5323 quis
1128 5266 1259 5324 ergo
1291 5252 1484 5313 formae
1514 5273 1666 5329 usus,
1699 5271 1757 5318 et
1795 5278 1914 5334 cur,
1958 5278 2118 5323 ante-

580 5405 639 5441 ’¹⁸
672 5406 838 5463 Rom.
865 5421 904 5471 1,
929 5408 1127 5466 σει-24.

600 5546 717 5625 (ll)
765 5547 1206 5625 Pa‘rtieulam__ce
1255 5552 1481 5625 habent,
1511 5554 1741 5625 chuer.
1793 5552 2017 5611 Gubler.
2067 5564 2121 5611 et

530 5611 773 5670 Ft‘lckin.
805 5619 827 5671 1
859 5631 1021 5671 anon.
1061 5620 1167 5673 Alii
1203 5637 1325 5676 cum
1359 5624 1519 5677 editis
1545 5611 1823 5677 oiititlunt.

604 5686 720 5761 (12)
752 5688 812 5740 Ὀ
836 5687 969 5761 Θεός
998 5688 1195 5761 legitur
1216 5692 1267 5746 in
1295 5694 1522 5761 Seguer.
1553 5702 1605 5746 et
1629 5692 1868 5746 Fclrkm.
1894 5695 1916 5747 l
1952 5710 2115 5749 anon.

534 5756 778 5831 et_ltom.
815 5758 994 5831 5‘24:
1039 5756 1095 5831 In
1144 5756 1591 5831 aliistoniittitur.
1626 5762 1791 5818 l‘aulo
1842 5773 1961 5831 post
2010 5776 2115 5820 art.

534 5824 642 5875 τῶν
676 5834 798 5878 aute
825 5824 1027 5888 ἡδονῶν
1058 5827 1209 5881 deest
1245 5829 1296 5881 in
1330 5829 1556 5898 Segucr.

2230 773 2421 828 τεινῶν
2452 774 2740 839 παντοίων,
2774 775 3359 846 τετραπόδωνὴμέρων
3388 793 3447 829 τε
3480 777 3574 829 καὶ
3595 777 3827 849 ἀγρίων,

2231 866 2324 919 καὶ
2361 866 2628 937 ἑρπετῶν,
2657 866 2759 921 ὅσα
2816 867 2889 938 γῆ
2955 867 3049 920 καὶ
3110 866 3371 935 Θάλαττα,
3405 869 3500 921 καὶ
3531 871 3683 923 πᾶσα
3721 870 3827 924 τῶν

2232 957 2438 1012 ὑδάτων
2470 958 2689 1031 ἡφύσις
2729 958 2920 1029 φέρεις
2955 959 3050 1023 Είς
3088 959 3198 1028 γάρ
3230 960 3329 1030 τὴν
3356 960 3464 1013 τῶν
3505 960 3698 1015 παθῶν
3736 962 3829 1016 καὶ

2228 1050 2434 1121 ἡδονῶν
2459 1051 2684 1119 ἀλογίαν
2712 1050 2970 1115 πεσόντες
3002 1052 3052 1103 οἱ
3082 1050 3379 1123 ἄνθρωποι,
3417 1052 3510 1104 καὶ
3544 1052 3709 1105 πλέον
3737 1051 3827 1105 οὐ·

2229 1142 2317 1197 δὲν
2346 1142 2577 1214 ὁρῶντες
2614 1141 2648 1213 ἢ
2691 1141 2885 1213 ἡδονάς
2923 1143 3018 1195 καὶ
3064 1143 3262 1212 σαρκὸς
3296 1142 3612 1213 ἐπιθυμίας,
3659 1143 3734 1206 ὼς
3766 1143 3825 1197 ὲν

2228 1236 2440 1297 τούτοις
2470 1237 2584 1297 τοῖς
2608 1233 2823 1302 ἀλόγοις
2858 1234 2956 1304 τὴν
2983 1233 3218 1287 διάνοιαν
3251 1232 3485 1302 ἔχοντες,
3523 1234 3582 1286 ὲν
3608 1233 3825 1300 ἀλόγοις

2230 1326 2323 1379 καὶ
2341 1325 2402 1378 τὸ
2430 1325 2581 1379 Θεῖον
2612 1324 2979 1379 ἀνεπλάσαντο
3002 1325 3142 1379 κατά
3168 1326 3265 1396 τὴν
3289 1324 3562 1379 ποικιλίαν
3589 1326 3701 1378 τῶν
3724 1343 3827 1379 πα-

2229 1416 2337 1469 θῶν
2375 1418 2602 1481 ἑαυτῶν,
2635 1417 2729 1471 καὶ
2754 1417 2911 1479 θεοὺς
2941 1416 3229 1481 τοσούτους
3257 1416 3585 1485 γλύψαντες.
3613 1419 3826 1489 Τετρα-

2230 1509 2404 1562 πόδων
2423 1526 2483 1563 τε
2508 1507 2618 1581 (il)
2644 1508 2751 1580 γὰρ
2779 1508 2985 1571 εἰκόνες
3018 1510 3112 1561 καὶ
3142 1508 3407 1580 ἑρπετῶν,
3436 1509 3531 1562 καὶ
3562 1508 3828 1565 πετεινῶν

2228 1602 2332 1654 είσι
2361 1600 2488 1671 παρ’
2524 1601 2728 1664 αὐτοῖς,
2760 1599 2942 1663 καθὼς
2981 1601 3075 1653 καὶ
3099 1603 3127 1653 ό
3152 1601 3250 1670 τῆς
3280 1600 3429 1663 θείας
3460 1601 3557 1653 καὶ
3587 1601 3827 1672 ἀληθοῦς

2228 1693 2510 1755 εὐσεόείας
2537 1692 2811 1763 ἑρμηνεύς
2836 1709 2999 1763 φησιν
3020 1709 3032 1721 ·
3086 1693 3142 1743 Ἐ
3141 1691 3573 1761 ματαιὼθησαν
3600 1693 3671 1745 ἐν
3700 1693 3827 1758 τοῖς

2228 1781 2645 1850 διαλογισμοῖς
2680 1779 2898 1844 αὐτῶν,
2928 1779 3027 1834 καί
3061 1779 3390 1848 ἐσκοτίσθη
3430 1782 3468 1848 ἠ
3522 1781 3825 1847 ἀσύνετος

1204 1875 1549 1931 Evannerunl
1605 1878 1661 1931 in
1728 1877 2126 1947 cogitationibus

2234 1872 2435 1928 αὐτῶν
2467 1872 2700 1942 καρδία³
2727 1872 3074 1941 φάσκοντες
3126 1867 3281 1925 εἶναι
3323 1871 3528 1941 σοφοὶ,
3561 1873 3826 1943 ἐμωράν-

2228 1964 2569 2031 (incanuit
2621 1963 2902 2031 ἤλλαξαν
2949 1963 3065 2031 τὴν
3111 1962 3300 2026 δόξαν
3356 1962 3461 2017 τοῦ
3514 1963 3825 2033 ἀρθάλτου

2230 2057 2378 2113 Θεοῦ
2411 2058 2480 2111 ἐν
2510 2056 2826 2126 ὁμοιώματι
2870 2056 3104 2120 εἰκόνος
3150 2055 3415 2124 φθαρτοῦ
3475 2056 3823 2124 ἀνθρώπου,

2226 2150 2324 2203 καί
2352 2150 2657 2213 πετεινῶν,
2692 2148 2789 2202 καὶ
2817 2148 3193 2215 τετραπόδων
3222 2147 3318 2202 καί
3367 2147 3641 2215 ἑρπετῶν
3662 2168 3674 2179 ·
3732 2148 3823 2204 διὸ

2228 2244 2323 2296 καὶ
2348 2242 2693 2308 παρέδωκεν
2720 2240 2942 2305 αὐτοὺς
2975 2244 3007 2295 ό
3042 2240 3185 2307 Θεὸς
3219 2240 3328 2310 (12)
3357 2242 3445 2306 εὶς
3492 2241 3661 2310 πάθη
3696 2240 3825 2296 ἀτι-

2220 2336 2383 2405 μίας.
2416 2334 2794 2405 Προπαθόντες
2813 2333 2921 2403 γάρ
2951 2333 3050 2403 τὴν
3090 2332 3269 2404 ψυχὴν
3318 2335 3438 2395 ταῖς
3473 2332 3585 2387 τῶν
3618 2333 3826 2404 ἡδονῶν

2226 2428 2491 2494 ἀλογίαις,
2526 2428 2601 2489 ὡς
2629 2428 2910 2496 προεῖπον,
2933 2424 3025 2476 ἐπὶ
3055 2423 3153 2495 τὴν
3172 2422 3429 2495 τοιαύτην
3460 2424 3825 2480 θεοπλαστίαν

2227 2518 2529 2571 κατέπεσον
2555 2534 2567 2546 ·
2604 2516 2695 2569 καὶ
2730 2514 3007 2579 πεσόντες,
3054 2512 3239 2567 λοιπὸν
3293 2512 3369 2576 ὡς
3418 2511 3826 2583 παραδοθέντες

2227 2610 2337 2679 (15)
2373 2611 2429 2662 ἐν
2458 2607 2534 2678 τῷ
2566 2606 2983 2679 ἀποστραφῆναι
3014 2605 3106 2658 τὸν
3138 2605 3268 2657 Θεὸν
3318 2605 3517 2667 αὐτοὺς
3550 2604 3730 2667 οὕτως
3766 2605 3825 2658 ὲν

2227 2703 2412 2764 αὐτοῖς
2442 2700 2736 2762 κυλίονται,
2772 2699 2864 2751 καὶ
2895 2699 2953 2749 ὲν
2979 2696 3195 2765 ἀλόγοις
3232 2696 3324 2749 τὸν
3370 2696 3466 2748 τοῦ
3502 2696 3667 2764 λόγου
3722 2714 3827 2749 παι

2225 2792 2359 2864 τέρα
2387 2792 2517 2845 Θεὸν
2546 2790 2923 2854 ἀπεικάζουσι.
2960 2788 3097 2859 Περὶ
3124 2781 3197 2842 ὧν
3228 2789 3275 2840 οἱ
3297 2790 3426 2859 παρ’
3468 2788 3701 2859 Ἕλλησι
3734 2787 3825 2841 λε-

2226 2887 2446 2956 γόμενοι
2482 2884 2760 2955 φιλόσοφοι
2790 2884 2884 2935 καὶ
2915 2883 3300 2952 ἐπιστήμονες,
3339 2879 3694 2951 ἐλεγχόμενοι
3728 2879 3827 2949 μὲν

2228 2979 2330 3030 οὐκ
2355 2977 2650 3048 ἀρνοῦνται
2689 2973 2992 3045 ἀνθρώπων
3029 2968 3165 3025 εἶναι
3211 2972 3304 3026 καὶ
3342 2971 3555 3039 ἀλόγων
3613 2969 3826 3042 μορφὰς

2228 3071 2321 3122 καὶ
2348 3070 2552 3131 τύπους
2572 3069 2698 3129 τοὺς
2723 3065 3081 3135 φαινομένους
3115 3062 3293 3117 αὐτῶν
3314 3062 3472 3126 θεούς
3493 3078 3505 3090 ·
3526 3062 3827 3130 ἀπολογού-

2232 3178 2382 3232 μενοι
2415 3161 2470 3213 δὲ
2495 3160 2730 3227 λέγουσι,
2752 3158 2839 3211 διὰ
2866 3158 3021 3211 τοῦτο
3048 3157 3244 3219 αὐτοὺς
3277 3154 3441 3225 ἔχειν,
3465 3155 3553 3208 ἵνα
3584 3154 3673 3208 διὰ
3704 3154 3826 3207 τού-

2228 3272 2337 3306 των
2357 3252 2416 3305 τὸ
2437 3253 2590 3305 Θεῖον
2618 3251 2797 3314 αὐτοῖς
2840 3251 3199 3322 ἀποκρίνηται
3252 3249 3345 3302 καὶ
3380 3248 3644 3320 φαίνηται
3663 3266 3677 3279 ο
3727 3248 3826 3301 οὐκ

2230 3346 2405 3407 ἄλλως
2440 3344 2548 3415 γὰρ
2574 3343 2736 3396 αὑτὸν
2770 3343 2861 3395 τὸν
2891 3343 3121 3412 ἀόρατον
3154 3340 3413 3394 δύνασθαι
3441 3339 3707 3409 γνῶναιῆ
3739 3338 3829 3393 διὰ

2230 3435 2339 3488 τῶν
2370 3432 2625 3486 τοιούτων
2655 3430 2982 3501 ἀγαλμάτων
3010 3431 3103 3484 καὶ
3133 3428 3383 3484 τελετῶν.
3411 3430 3475 3482 ΟΞ
3504 3428 3562 3481 δὲ
3592 3428 3675 3482 ἔτι
3702 3428 3828 3481 τοῦ·

2229 3544 2338 3579 των
2369 3522 2789 3593 φιλοσοφῶτεροι
2824 3524 2919 3576 καὶ
2971 3521 3243 3591 βαθύτερα
3279 3520 3458 3587 λέγειν
3508 3516 3829 3589 νομίζοντές

2231 3633 2363 3685 φασι
2403 3615 2491 3667 διὰ
2529 3614 2688 3677 τοῦτο
2720 3613 2893 3668 ταῦτα
2927 3611 3362 3668 κατεσκευάσθαι
3396 3610 3510 3680 (14)
3540 3610 3639 3662 καὶ
3674 3626 3830 3661 τετε.)⁶

2232 3708 2447 3761 πῶσθαι
2482 3707 2618 3778 πρὸς
2658 3705 2942 3775 ἐπίκλησιν
2976 3705 3071 3758 καὶ
3102 3704 3421 3771 ἐπιφάνειαν
3458 3701 3624 3755 θείων
3653 3701 3826 3769 ἀγγέ-

2230 3800 2336 3853 λων
2369 3801 2465 3853 καὶ
2523 3799 2838 3868 δυνάμεων,
2886 3798 2975 3849 ἵνα
3024 3796 3112 3849 διὰ
3161 3795 3363 3847 τούτων
3410 3794 3827 3863 ἐπιφαινόμενοι

2230 3890 2571 3963 γνωρίζωσιν
2601 3891 2784 3952 αὐτοῖς
2811 3890 2941 3959 περὶ
2986 3888 3083 3958 τῆς
3126 3886 3218 3939 τοῦ
3253 3886 3387 3938 Θεοῦ
3409 3884 3704 3954 γνώσεως·
3736 3886 3829 3937 καί

2230 3977 2368 4034 εἶναι
2395 3980 2617 4042 τούτους
2649 3979 2839 4049 ὥσπερ
2887 3978 3190 4049 γράμματα
3223 3978 3334 4039 τοῖς
3376 3975 3717 4047 ἀνθρώποις,
3748 3970 3827 4037 οἷς

2230 4073 2677 4143 ἐντυγχάνοντες,
2725 4071 2979 4124 δύνανται⁵
3034 4070 3321 4137 γινώσκειν
3393 4068 3526 4140 περὶ
3584 4070 3685 4139 τῆς
3732 4065 3828 4120 τοῦ

2229 4164 2363 4218 Θεοῦ
2392 4162 2769 4234 καταλήψεως,
2795 4162 2903 4216 ἀπὸ
2943 4162 3042 4231 τῆς
3076 4161 3144 4215 δι’
3177 4160 3355 4214 αὐτῶν
3385 4161 3697 4231 γινομένης
3720 4154 3829 4213 τῶν

2230 4254 2387 4308 θείων
2416 4252 2662 4320 ἀγγέλων
2696 4250 3034 4319 ἐπιφανείας.
3078 4249 3264 4303 Ταῦτα
3315 4250 3414 4320 μὲν
3467 4250 3647 4313 οὕτως
3682 4240 3827 4303 ἐκεῖ-

2228 4359 2308 4395 νοι
2342 4340 2730 4412 μυθολογοῦσιν
2753 4356 2765 4369 ·
2800 4341 2860 4393 οὐ
2901 4340 3009 4411 γὰρ
3069 4338 3409 4406 θεολογοῦσι·
3445 4340 3522 4411 μὴ
3586 4341 3823 4409 γένοιτοί

2238 4420 2366 4487 Ἐὰν
2383 4432 2437 4485 δέ
2461 4450 2545 4496 τις
2574 4432 2806 4505 ἐξετάσῃ
2832 4433 2921 4487 τὸν
2951 4432 3106 4501 λόγον
3137 4435 3255 4503 μετ’
3285 4434 3631 4503 ἐπιμελείας,
3658 4435 3824 4505 εὑρή-

2230 4541 2312 4577 σει
2344 4523 2547 4577 τούτων
2570 4523 2670 4576 οὐκ
2698 4523 2919 4576 ἔλαττον
2947 4522 3054 4576 τῶν
3085 4523 3352 4594 πρότερον
3384 4522 3709 4594 δειχθέντων

2226 4615 2383 4681 δόξαν
2410 4609 2549 4668 εἶναι
2579 4614 2773 4684 ψευδῆ.
3126 4606 3129 4609 ’

2300 4909 2391 4964 20.
2423 4911 2582 4963 Εἴποι
2614 4908 2721 4979 γάρ
2753 4908 2819 4962 ἄν
2844 4925 2928 4971 τις
2970 4889 3336 4979 πρὸςάὐτοῦς
3384 4906 3678 4976 παρελθὼν
3741 4909 3826 4960 ἐπ’

2227 5001 2456 5071 ἀληθείᾳ
2484 4999 2779 5072 κρινούσῃ⁶
2823 4997 2950 5061 Πῶς
3000 4998 3359 5069 ἀποκρίνεται
3413 4996 3447 5066 ἢ
3497 4997 3831 5068 γνωρίζεται

2227 5091 2361 5154 Θεὸς
2393 5091 2481 5145 διὰ
2508 5090 2713 5143 τούτων
2738 5106 2751 5154 ;
2780 5089 3015 5159 Πότερον
3047 5088 3135 5141 διὰ
3165 5087 3263 5156 τὴν
3288 5088 3689 5157 περικειμένην
3730 5088 3829 5140 αὐ-

2227 5183 2339 5242 τοῖς
2372 5178 2524 5251 ὓλην,
2561 5179 2593 5250 ἦ
2633 5179 2719 5231 διὰ
2739 5177 2835 5248 τὴν
2863 5179 2920 5229 ὲν
2951 5178 3136 5238 αὐτοῖς
3175 5176 3426 5247 μορφήν;
3463 5174 3529 5228 Ei
3567 5176 3668 5246 μὲν
3722 5176 3832 5248 γὰρ

2227 5270 2317 5324 διά
2347 5270 2445 5341 τὴν
2476 5270 2627 5341 ὓλην,
2657 5270 2741 5333 τίς
2764 5271 2797 5339 ή
2830 5268 2989 5339 χρεία
3014 5267 3114 5336 τῆς
3148 5270 3381 5373 μορφῇς,
3414 5267 3513 5321 καὶ
3566 5268 3663 5340 μὴ,
3699 5270 3831 5341 πρὶν

2304 5557 2413 5627 (15)
2461 5557 2552 5613 Sic
2603 5557 2831 5627 Segner.
2881 5556 3102 5614 Gubler.
3142 5559 3384 5617 Felckm.
3440 5562 3459 5614 Ι
3501 5575 3671 5618 anon.
3721 5559 3828 5617 ιω

2227 5642 2351 5680 cum
2379 5625 2561 5694 editis,
2594 5625 2991 5697 παροφθέντες.

2227 5698 2541 5821 mélsz’sﬁie
2570 5696 2696 5766 Seg.
2730 5696 2832 5752 Alii
2857 5711 2979 5752 cum
3012 5698 3198 5768 editis,
3230 5700 3709 5768 κατασκευάσθαι,
3732 5697 3827 5757 sed

2320 5784 2350 5820 ll
2493 5805 2508 5820 ο
