4010 6514
177 448 226 502 ll
1374 448 1635 503 ORATIO
1675 450 1954 505 CONTRA
1990 448 2291 503 GENTES.
3371 449 3443 504 £2

180 560 466 630 πλασθῆναι
500 562 709 625 ταῦτα,
742 562 829 615 διὰ
870 562 1047 633 πάσης
1084 562 1267 625 ἁπλῶς
1300 563 1431 634 ὕλης
1481 563 1760 631 ἐπιφαίνε-

1876 579 2029 635 quam
2070 566 2183 619 haee
2219 562 2392 618 etiicta
2423 570 2629 629 essent,
2681 578 2778 633 per
2812 562 3113 634 quamlibet
3157 566 3442 621 materiam

183 655 281 708 σθαι
302 655 387 707 τὸν
424 654 615 719 Θεόν;
648 655 841 723 Μάτην
870 654 925 707 δέ
958 656 1203 719 καὶτοὺς
1243 657 1403 716 ναοὺς
1429 649 1573 708 οῦτοι
1608 672 1761 727 περι-

184 745 524 815 τετειχισθαι,
558 746 943 814 συγκλείοντες
974 746 1068 798 ἕνα
1102 745 1266 812 λίθον,
1296 746 1328 816 ἢ
1362 745 1592 817 ξύλον,ή
1634 752 1768 818 χρυ-’

186 836 260 889 σοῦ
285 836 469 906 μέρος,
498 836 695 905 πάσης
722 837 819 907 τῆς
844 837 945 906 γῆς
972 835 1411 907 πεπληρωμένης
1431 835 1531 906 τῆς
1556 836 1760 889 τούτων

185 927 359 988 οὐσίας.
386 926 454 978 Εἰ
486 925 549 977 δὲ
584 927 618 996 ή
656 926 976 996 ἐπικειμένη
1012 924 1194 997 μορφὴ
1232 925 1381 979 αίτία
1413 925 1619 993 γίνεται
1662 924 1762 993 τῆς

188 1020 312 1083 θείας
339 1019 708 1087 ἐπιφανείας,
744 1019 826 1081 τίς
856 1020 888 1087 ή
921 1017 1077 1087 χρεία
1103 1018 1202 1087 τῆς
1247 1016 1378 1088 ῦλης
1404 1017 1496 1071 τοῦ
1557 1015 1761 1089 χρυσοῦ

189 1111 263 1163 καὶ
279 1109 377 1161 τῶν
410 1109 623 1172 ἄλλων,
646 1109 745 1162 καὶ
787 1109 861 1179 μὴ
896 1108 1096 1179 μᾶλλον
1127 1109 1193 1162 δι’
1221 1108 1402 1163 αὐτῶν
1437 1108 1545 1163 τῶν
1602 1108 1763 1177 φύσει

191 1200 333 1264 ζώων,
353 1192 431 1252 ὧν
456 1200 570 1251 είσι
595 1198 807 1269 μορφαὶ
832 1198 898 1250 τὰ
924 1196 1239 1269 γλύμματα,
1267 1199 1359 1252 τὸν
1392 1198 1523 1250 Θεὸν
1543 1199 1765 1266 ἐπιφαί-

189 1291 376 1355 νεσθαι;
421 1286 692 1344 Καλλίων
726 1289 835 1360 γὰρ
866 1289 931 1342 ἂν
957 1291 989 1361 ή
1024 1291 1152 1361 περὶ
1178 1289 1271 1343 τοῦ
1300 1290 1411 1359 (15)
1440 1289 1575 1342 Θεοῦ
1636 1288 1764 1356 δόξα

190 1383 303 1435 κατὰ
323 1383 412 1435 τὸν
448 1382 624 1435 αὑτὸν
653 1382 813 1448 λόγον
834 1380 1094 1449 ἐγεγόνει,
1120 1382 1167 1433 εί
1198 1381 1287 1434 διὰ
1321 1381 1473 1446 ζώων
1503 1382 1763 1453 ἐμψύχων

188 1474 385 1542 λογικῶν
418 1491 482 1526 τε
517 1474 619 1527 καὶ
646 1473 860 1541 ἀλόγων
888 1474 1229 1542 ἐπεφαίνετο,
1266 1475 1360 1527 καὶ
1394 1473 1468 1545 μὴ
1507 1474 1565 1527 ἐν
1624 1473 1735 1543 eos

192 1584 283 1636 χοις
308 1567 399 1619 καὶ
454 1566 753 1637 ἀκινήτοις
795 1565 1194 1636 προσεδοκᾶτο·
1258 1566 1340 1633 ἐφ’
1391 1561 1471 1627 οἷς
1530 1564 1764 1636 μάλιστα

188 1658 284 1711 καθ’
311 1657 525 1711 ἑαυτῶν
560 1656 827 1710 ἀσέϐειαν
854 1654 1191 1727 ἐργάζονται.
1218 1656 1297 1709 Τά
1326 1655 1435 1727 γὰρ
1462 1656 1621 1724 φύσει
1648 1656 1766 1720 ζῶα

187 1745 468 1816 τετράποδά
497 1763 557 1799 τε
582 1745 683 1799 καὶ
724 1748 945 1799 πετεινά
969 1746 1063 1798 καὶ
1091 1746 1299 1818 ἑρπετά
1355 1746 1765 1817 βδελυττόμενοι

188 1839 263 1891 καὶ
287 1839 771 1910 ἀποστρεφόμενοι
796 1838 830 1908 ἦ
863 1838 950 1891 διὰ
995 1837 1092 1909 τὴν
1122 1839 1426 1909 ἀγριότητα
1465 1840 1497 1908 ἦ
1532 1839 1621 1893 διὰ
1667 1839 1764 1911 τὴν

191 1930 457 2000 ῥυπαρίαν,
490 1932 650 2000 ὅμως
686 1930 811 1993 τοὺς
838 1930 1043 1985 τούτων
1085 1931 1291 1994 τύπους
1341 1932 1409 1983 ἐνί
1450 1930 1616 1995 λίθοις
1672 1934 1765 1985 καὶ

193 2022 340 2089 ξύλοις
382 2022 481 2075 καὶ
511 2022 712 2093 χρυσῷ
744 2022 1046 2092 γλύψαντες
1091 2022 1449 2076 θεοποιοῦσιν.
1502 2024 1647 2077 Ἔδει
1707 2024 1765 2077 δὲ

193 2114 304 2168 αὐτὰ
327 2114 527 2183 μᾶλλον
551 2113 624 2167 τά
661 2113 843 2177 ζῶντα
874 2113 1197 2186 θρησκεύειν
1226 2114 1420 2178 αὐτοὺς
1444 2114 1553 2187 (16)
1582 2115 1614 2186 ἦ
1642 2117 1767 2179 τοὺς

195 2206 364 2260 τούτων
407 2206 621 2268 τύπους
668 2205 729 2257 ἐν
779 2204 989 2269 τούτοις
1021 2206 1464 2277 προσκυνεῖσθαι.
1504 2207 1575 2260 Ἦ
1626 2207 1768 2277 τάχα

196 2298 366 2353 τούτων
394 2298 497 2368 μὲν
530 2297 716 2360 οὐδὲν,
744 2297 869 2352 οὔτε
908 2298 941 2368 ή
978 2298 1159 2369 μορφὴ
1194 2296 1317 2351 οὗτε
1381 2301 1413 2369 ἡ
1460 2298 1559 2371 ὕλη
1617 2300 1765 2353 αίτία

197 2388 276 2457 τῆς
300 2387 425 2441 Θεοῦ
461 2388 782 2460 παρουσίας
809 2388 924 2442 ἐστι
947 2406 959 2419 ·
999 2388 1135 2458 μόνη
1167 2389 1223 2442 δὲ
1247 2390 1279 2460 ή
1313 2392 1429 2460 μετ’
1455 2391 1767 2463 ἐπιστήμης

198 2480 329 2550 τέχνη
344 2479 401 2532 τὸ
418 2480 578 2533 Θεῖον
600 2478 946 2543 ἐκκαλεῖται,
976 2479 1068 2532 ἅτε
1084 2479 1148 2550 δὴ
1171 2479 1397 2549 μίμημα
1419 2480 1520 2551 τῆς
1553 2482 1769 2550 φύσεως

202 2572 310 2642 αὕτη
335 2574 705 2644 τυγχάνουσα.
758 2572 897 2625 Ἀλλ’
924 2572 1095 2625 εἰδιά
1142 2574 1241 2645 τὴν
1286 2575 1600 2645 ἐπιστήμην
1643 2576 1766 2627 ἐπι-

204 2665 332 2734 φοιτᾷ
359 2665 415 2717 τὸ
448 2665 609 2718 Θείον
627 2667 747 2728 τοῖς
777 2665 1082 2739 γλύμμασι,
1111 2666 1195 2728 τίς
1225 2665 1385 2719 πάλιν
1418 2668 1450 2737 ἡ
1481 2666 1639 2736 χρεία
1667 2665 1768 2736 τῆς

205 2753 326 2824 ὕλης,
356 2755 519 2826 οὔσης
549 2756 655 2826 τῆς
703 2758 1014 2828 ἐπιστήμης
1045 2758 1103 2810 ἐν
1151 2760 1265 2821 τοῖς
1319 2756 1663 2829 ἀνθρώποις;
1719 2759 1767 2811 εί

204 2844 287 2914 γὰρ
312 2845 436 2909 ὅλως
468 2847 558 2899 διὰ
586 2846 694 2917 τὴν
718 2847 915 2918 τέχνην
941 2843 1285 2917 ἐπιφαίνεται
1319 2850 1347 2901 ό
1378 2848 1530 2912 Θεὸς,
1556 2848 1648 2900 καὶ
1680 2846 1769 2901 διὰ

205 2934 332 2988 τοῦτο
356 2936 453 3008 θρη
464 2938 761 2992 σκεύονται
796 2939 872 3001 ὡς
896 2937 1007 2992 θεοὶ
1032 2940 1099 2993 τὰ
1132 2939 1429 3011 γλύμματα
1447 2957 1459 2970 ⁸
1511 2940 1618 2993 ἔδει
1642 2942 1765 3004 τοὺς

205 3025 489 3095 ἀνθρώπους
522 3032 625 3099 τῆς
666 3029 867 3101 τέχνης
908 3030 1066 3093 ὄντας
1116 3033 1392 3101 ἀρχηγοὺς
1441 3035 1767 3103 προσκυνεῖ-

206 3118 304 3171 σθαι
333 3122 419 3174 καὶ
451 3122 887 3193 θρησκεύεσθαι,
910 3126 1017 3196 ὅσῳ
1045 3125 1155 3196 (l7)
1186 3127 1280 3180 καὶ
1312 3125 1518 3195 λογικοὶ
1550 3127 1645 3180 καὶ
1669 3125 1767 3198 τὴν

206 3210 483 3284 ἐπιστήμην
508 3214 733 3283 ἔχουσιν
770 3217 828 3270 ἐν
861 3217 1093 3281 ἑαυτοῖς.

260 3303 335 3356 21.
360 3307 491 3376 Περὶ
522 3307 581 3359 δὲ
604 3307 709 3376 τῆς
738 3306 997 3378 δευτέρας
1027 3308 1205 3362 αὐτῶν
1234 3308 1324 3363 καὶ
1357 3308 1655 3381 βαθυτέρας
1677 3308 1769 3379 δῆ-

206 3393 279 3446 θεν
301 3396 608 3465 ἀπολογίας,
637 3398 737 3450 καὶ
764 3397 937 3451 ταῦτα
962 3397 1025 3452 ἀν
1052 3416 1136 3461 τις
1162 3399 1471 3463 ἀκολούθως
1500 3400 1640 3452 είποι
1662 3416 1673 3428 ·
1707 3399 1771 3451 El

204 3486 253 3536 οὐ
280 3486 356 3540 διὰ
384 3491 479 3559 τὴν
512 3488 687 3544 αὐτοῦ
733 3489 844 3558 (18)
884 3488 978 3541 τοῦ
1030 3489 1164 3541 Θεοῦ
1212 3491 1545 3560 ,ἐπιφάνειαν
1602 3490 1773 3544 ταῦτα

206 3576 316 3647 ὑμῖν
342 3582 653 3652 πεποίηται,
680 3576 726 3636 ὧ
762 3581 1043 3653 Ἕλληνες,
1083 3580 1218 3635 ἀλλά
1244 3583 1331 3636 διὰ
1379 3584 1477 3655 τὴν
1526 3584 1774 3653 ἀγγέλων

205 3669 304 3722 ἐκεῖ
322 3674 652 3743 παρουσίαν·
688 3673 780 3727 διὰ
809 3674 861 3727 τί
891 3673 961 3726 τά
985 3672 1311 3745 ἀγάλματα’,
1340 3676 1410 3728 δι’
1451 3669 1526 3729 ὧν
1576 3677 1773 3729 ἐπικα-

206 3760 358 3815 λεῖσθε
386 3767 481 3828 τὰς
508 3766 796 3836 δυνάμεις,
834 3766 1119 3838 κρείττονα
1168 3768 1262 3820 καὶ
1288 3767 1429 3838 ὑπὲρ
1467 3768 1635 3831 αύτάς
1676 3769 1775 3833 τάς

207 3855 569 3926 ἐπικληθεῖσας
601 3858 866 3927 δυνάμεις
889 3860 1089 3910 ποιεῖτε
1116 3874 1130 3921 ;
1155 3858 1329 3928 Χάριν
1362 3857 1469 3930 γὰρ
1499 3859 1599 3929 τῆς
1648 3860 1776 3929 περὶ

207 3944 325 3997 Θεοῦ
352 3948 708 4019 καταλήψεως
733 3946 1029 4015 γλύφοντες
1072 3946 1172 4009 τάς
1222 3946 1456 4017 μορφὰς,
1486 3946 1560 4008 ὥς
1618 3964 1773 4014 φατε,

209 4036 354 4089 αὑτοῦ
384 4038 475 4091 τοῦ
502 4038 641 4092 Θεοῦ
673 4038 774 4110 τὴν
820 4036 985 4108 τιμήν
1021 4036 1115 4090 καὶ
1175 4035 1549 4107 προσηγορίαν
1593 4037 1776 4100 αὐτοῖς

213 4128 309 4196 (19)
353 4134 456 4192 τοῖς
488 4129 781 4201 γλύμμασι
821 4128 1150 4199 περιτίθετε,
1204 4130 1438 4200 πρᾶγμα
1480 4128 1777 4198 πάσχοντες

212 4219 298 4271 οὐκ
319 4220 525 4289 εὐαγές.
574 4220 1003 4293 Ὀμολογοῦντες
1049 4222 1158 4291 γὰρ
1190 4220 1509 4292 ὑπεραίρειν
1541 4221 1640 4290 τὴν
1681 4220 1774 4273 τοῦ

214 4309 331 4363 Θεοῦ
348 4312 569 4386 δύναμιν
604 4315 707 4384 τῆς
731 4312 840 4366 τῶν
873 4311 1204 4383 ἀγαλμάτων
1247 4312 1627 4383 σμικρότητος,
1684 4312 1778 4366 καὶ

216 4399 290 4453 Bait
316 4403 461 4457 τοῦτο
485 4406 559 4478 μὴ
593 4403 905 4475 τολμῶντες
936 4403 1026 4455 τὸν
1071 4402 1202 4455 Θεὸν
1237 4403 1302 4454 δι’
1330 4403 1529 4467 αὐτῶν,
1564 4403 1661 4466 τὰς
1720 4402 1777 4455 δὲ

218 4490 399 4548 ἐλάττω
417 4496 677 4568 δυνάμεις
706 4493 1104 4557 ἐπικαλεῖσθαι,
1152 4494 1305 4546 αὐτοὶ
1358 4494 1561 4557 ταύτας
1617 4495 1779 4565 ὑπερ-

1866 671 1923 711 se
1956 656 2246 711 videndum
2278 654 2417 709 Deus
2447 670 2553 709 non
2585 654 2898 725 praebebat?
2948 656 3177 712 Frustra
3224 670 3451 727 quoque

1866 749 2064 816 templa
2098 746 2265 800 muris
2291 746 2585 811 muniunt,
2618 746 2963 816 lapidemque
2993 764 3182 815 unum,
3232 758 3329 805 aut
3378 748 3446 803 li-

1863 854 2056 908 gnum,
2082 848 2173 892 aut
2206 839 2449 908 aliquam
2487 840 2604 894 auri
2650 850 2865 910 partem
2907 840 2962 896 in
3011 840 3095 895 bis
3135 840 3441 904 includunt,

1863 943 1985 982 cum
2032 929 2286 983 universa
2320 938 2463 983 terra
2494 929 2804 1001 huiusmodi
2842 931 3009 987 rebus
3051 931 3123 986 sit
3164 931 3347 999 plena.
3382 929 3442 985 Si

1862 1033 1993 1075 vero
2044 1020 2294 1090 imposita
2342 1020 2513 1075 forma
2580 1022 2749 1076 divini
2813 1024 3085 1078 adventus
3133 1038 3299 1078 causa
3336 1032 3443 1086 est,

1863 1109 1985 1178 quis
2008 1123 2139 1163 usus
2172 1109 2414 1163 materiae
2444 1110 2560 1165 auri
2589 1110 2892 1165 aliarumve
2922 1126 3105 1167 rerum
3137 1113 3164 1167 ἲ
3206 1128 3305 1168 cur
3335 1129 3451 1169 non

1865 1200 2042 1270 potius
2072 1213 2169 1270 per
2196 1200 2310 1269 ipsa
2334 1215 2463 1255 vera
2494 1201 2771 1268 animalia,
2804 1218 3034 1272 quorum
3065 1203 3279 1274 effigies
3318 1216 3448 1261 sunt

1864 1289 2184 1357 simulacra,
2213 1291 2355 1349 Dens
2382 1296 2649 1364 apparet?
2672 1297 2895 1367 Dignior
2919 1299 3188 1369 siquidem
3227 1301 3295 1355 de
3335 1300 3453 1356 Deo

1865 1380 2055 1450 opinio
2085 1382 2277 1437 eadem
2308 1383 2376 1439 de
2405 1396 2568 1439 causa
2598 1386 2917 1453 haberetur,
2966 1390 3010 1443 si
3049 1404 3145 1459 per
3188 1390 3447 1445 animalia

1866 1470 2106 1528 viventia
2132 1474 2245 1529 sive
2282 1476 2495 1532 ratione
2519 1478 2749 1547 praedita
2794 1480 2909 1535 sive
2940 1482 3165 1538 rationis
3203 1485 3455 1553 expertia-

1869 1576 2183 1634 appareret,
2224 1582 2402 1635 neque
2438 1568 2493 1625 in
2530 1570 2788 1628 inanimis
2818 1581 2872 1626 et
2906 1573 3275 1630 immobilibus
3320 1590 3452 1631 con»

1868 1652 2184 1723 spiciendus
2212 1667 2648 1724 exspectaretur.
2695 1660 2978 1715 Summam
3015 1662 3160 1717 enim
3209 1664 3454 1733 impieta-

1870 1752 1975 1798 tem
2017 1744 2281 1800 adversus
2332 1747 2543 1817 seipsos
2595 1752 2967 1817 committunt,
3021 1752 3114 1823 qui
3168 1768 3292 1808 cum
3325 1768 3451 1810 vera

1868 1835 2146 1903 animalia,
2203 1838 2607 1908 quadrupedes,
2664 1858 2796 1899 aves
2837 1852 2892 1898 et
2928 1853 3215 1915 serpentes
3259 1861 3355 1901 seu
3384 1847 3455 1902 ob

1797 1919 1838 1974 Β
1868 1926 2140 1982 feritatem
2174 1942 2269 1983 seu
2302 1929 2372 1983 ob
2406 1928 2715 1987 funiitatem
2750 1932 2964 2004 fugiant
3006 1944 3061 1989 et
3094 1934 3449 2003 abhorreant,

1869 2017 2062 2074 horum
2102 2029 2283 2074 tamen
2312 2019 2518 2076 formas
2558 2021 2854 2092 lapidibus,
2891 2024 3055 2095 lignis
3103 2035 3157 2080 et
3203 2042 3341 2083 auro
3372 2030 3454 2082 in—

1869 2109 2109 2179 sculptas
2139 2110 2271 2166 deos
2299 2110 2522 2167 faciant.
2556 2111 2988 2171 Convenientius
3014 2133 3147 2173 sane
3175 2128 3293 2173 erat
3336 2119 3451 2189 ipsa

1867 2201 2106 2256 viventia
2146 2216 2310 2271 quam
2358 2218 2549 2259 eorum
2600 2204 2806 2261 formas
2852 2207 2979 2262 coli.
3031 2207 3101 2262 At
3133 2208 3272 2263 forte
3318 2226 3453 2264 neu-

1870 2302 2014 2349 trum
2047 2294 2263 2361 horum,
2295 2308 2489 2365 nempe
2524 2310 2703 2366 neque
2751 2297 2951 2363 forma,
3001 2313 3178 2369 neque
3223 2302 3450 2357 materia

1868 2385 1964 2441 Dei
1990 2387 2253 2443 adventus
2280 2402 2447 2443 causa
2471 2396 2595 2445 est:
2631 2390 2727 2445 sed
2753 2390 2867 2445 sola
2902 2405 2996 2446 ars
3060 2406 3183 2446 cum
3221 2394 3449 2448 scientia

1869 2478 2161 2548 conjuncta
2192 2479 2435 2533 divinum
2468 2495 2669 2535 numen
2695 2491 2910 2548 evocat,
2940 2483 3140 2554 quippe
3184 2500 3305 2539 cum
3336 2486 3447 2555 ipsa

1869 2569 1942 2625 sit
1966 2578 2173 2624 natura:
2204 2571 2460 2627 imitatio.
2496 2572 2605 2629 Sed
2637 2574 2681 2628 si
2724 2585 2947 2643 propter
2976 2575 3262 2630 scientiam
3285 2583 3339 2629 et
3363 2590 3453 2628 ar-

1871 2669 1979 2715 tem
2005 2660 2147 2718 Deus
2175 2664 2243 2717 ad
2274 2662 2567 2720 simulacra
2598 2665 2840 2731 accedit,
2878 2665 3001 2734 quis
3047 2680 3236 2721 rursus
3282 2674 3454 2720 mate-

1870 2752 1964 2806 riae
1990 2766 2143 2817 usus,
2184 2767 2308 2811 cum
2354 2767 2446 2809 ars
2494 2762 2549 2809 et
2595 2754 2825 2810 scientia
2859 2754 2915 2809 in
2956 2753 3271 2809 hominibus
3306 2755 3447 2807 resi-

1869 2846 2033 2899 deant
2078 2845 2101 2899 ?
2150 2846 2197 2900 si
2242 2847 2386 2902 enim
2437 2861 2665 2916 prorsus
2727 2858 2951 2916 propter
2994 2856 3168 2901 artem
3223 2852 3455 2915 apparet

1869 2933 2034 3000 Deus,
2070 2946 2125 2991 et
2157 2937 2363 2993 ideirco
2392 2938 2682 2993 simulacra
2737 2946 2995 3009 tanquam
3032 2938 3107 2993 dii
3151 2938 3452 2993 coluntur:

1871 3026 1974 3097 ipsi
2001 3027 2249 3096 profecto
2282 3028 2531 3085 homines
2563 3030 2701 3085 artis
2750 3039 3005 3085 auctores
3055 3028 3231 3084 multo
3281 3029 3461 3097 magis

1867 3118 2164 3173 venerandi
2196 3127 2253 3173 et
2286 3118 2496 3173 colendi
2527 3130 2709 3185 erant,
2742 3122 2885 3190 quod
2916 3121 3127 3176 ratione
3153 3121 3267 3176 sint
3312 3136 3452 3191 prae-

1872 3208 1969 3263 diti
2004 3208 2399 3278 scientiamque
2428 3219 2485 3264 et
2515 3218 2689 3264 artem
2716 3210 2767 3264 in
2798 3212 2993 3280 seipsis
3027 3212 3283 3266 habeant.

1946 3299 2039 3354 2|.
2079 3300 2159 3354 Ad
2211 3300 2439 3355 alteram
2498 3310 2677 3356 autem
2736 3310 2790 3357 et
2830 3302 3198 3358 sublimiorem
3267 3317 3457 3358 eorum

1876 3391 2291 3460 responsionem
2318 3392 2431 3447 haec
2456 3393 2765 3462 reponenda
2806 3394 3050 3449 arbitror
3093 3412 3105 3449 :
3161 3392 3220 3448 Si
3260 3409 3367 3450 non
3396 3405 3456 3449 ut

1877 3483 1991 3552 ipse
2026 3482 2189 3548 Deus,
2245 3483 2342 3537 sed
2392 3492 2451 3538 ut
2496 3483 2673 3554 angeli
2732 3485 2843 3541 illic
2888 3495 3213 3556 appareant,
3245 3486 3388 3555 ista,
3423 3502 3457 3541 ο

1877 3576 2127 3649 gentiles,
2167 3574 2417 3633 fabricati
2445 3576 2611 3634 eStis:
2645 3592 2743 3633 cur
2764 3577 3054 3634 simulacra
3086 3593 3185 3649 per
3214 3593 3335 3649 qua:
3358 3594 3459 3651 po-

1880 3679 2103 3725 testates
2134 3670 2419 3735 invocatis,
2454 3670 2645 3726 iisdem
2681 3687 2818 3742 quas
2866 3672 3132 3728 invocatis
3173 3677 3461 3743 potestati-

1877 3762 1978 3818 bus
2010 3762 2182 3832 pluris
2210 3763 2389 3819 facitis
2423 3765 2447 3818 i
2487 3762 2597 3820 Vos
2619 3767 2763 3820 enim
2802 3768 2894 3836 qui
2935 3766 3030 3820 Dei
3090 3767 3461 3836 cognoscendi

1878 3854 2053 3923 gratia
2078 3855 2178 3911 has
2206 3854 2414 3925 ﬁguras
2444 3857 2692 3927 scalpere
2723 3858 2931 3923 dicitis,
2968 3858 3139 3928 ipsius
3164 3858 3257 3913 Dei
3280 3859 3454 3912 hono-

1880 3960 1993 4000 rem
2028 3954 2083 4001 et
2119 3960 2316 4001 nomen
2346 3948 2433 4002 his
2466 3948 2601 4019 ipsis
2626 3948 2937 4005 simulacris
2980 3948 3282 4018 imponitis,
3313 3950 3456 4019 quod

1878 4038 2125 4109 profecto
2153 4040 2377 4110 impium
2406 4049 2461 4095 et
2504 4040 2830 4108 sacrilegum
2882 4048 2987 4095 est.
3031 4038 3166 4094 Nam
3215 4054 3312 4095 vos
3358 4040 3458 4109 ipsi

1879 4132 1971 4199 qui
2025 4131 2262 4186 divinam
2310 4139 2634 4201 potestatem
2705 4131 3123 4187 simulacrorum
3200 4129 3460 4185 tenuitate

1880 4223 2043 4293 longe
2066 4232 2328 4293 praestare
2351 4221 2617 4287 fatemini,
2638 4237 2870 4291 eamque
2896 4224 2963 4278 ob
2993 4234 3213 4276 causam
3238 4233 3337 4290 per
3366 4221 3456 4276 illa

1882 4328 1988 4370 non
2038 4315 2252 4370 audetis
2306 4315 2479 4383 ipsum
2526 4314 2717 4378 Deum,
2760 4313 2859 4368 sed
2912 4312 3202 4367 inferiores
3246 4320 3465 4367 tantum

1880 4414 2179 4474 potestates
2216 4407 2472 4460 invocare
2508 4423 2521 4459 :
2579 4420 2697 4468 vos,
2744 4405 2985 4473 inquam,
3031 4404 3156 4475 ipsi,
3190 4403 3297 4458 illis
3327 4418 3463 4472 pra:-

1885 4496 2170 4561 termissis,
2218 4496 2374 4565 cujus
2432 4494 2779 4564 prarsentiarn
2831 4492 3242 4556 formidabatis,
3298 4489 3466 4558 hujus

218 4582 407 4649 ϐάντες,
457 4583 518 4642 οὗ
575 4586 675 4657 τὴν
733 4586 1036 4657 παρουσίαν
1074 4585 1400 4656 ἐφοϐήθητε,
1444 4585 1631 4639 τούτου
1677 4586 1769 4653 τὴν

1882 4599 2081 4641 nomen
2116 4585 2386 4654 lapidibus
2424 4592 2479 4638 et
2524 4582 2687 4651 lignis
2742 4580 3106 4650 imposuistis,
3159 4591 3280 4648 quae
3326 4578 3463 4632 deos

220 4679 564 4750 προσηγορίαν
615 4681 729 4741 τοῖς
773 4676 943 4741 λίθοις
968 4676 1061 4730 καὶ
1090 4676 1199 4746 (ΞΟ)
1222 4675 1397 4742 ξύλοις
1429 4676 1728 4747 ἀνεθήκατε
1760 4693 1772 4706 '

220 4768 302 4817 ni.
320 4765 462 4832 θεοὺς
500 4769 621 4823 ἀντὶ
652 4766 820 4821 λίθων
848 4766 942 4820 κα)⁵
977 4766 1170 4836 τέχνης
1226 4766 1528 4837 ἀνθρώπων
1578 4766 1776 4836 ὀνομά-

223 4856 326 4919 ζετε
371 4864 459 4917 καὶ
506 4864 890 4936 προσκυνεῖτε.
933 4862 995 4914 Ei
1048 4861 1157 4933 γὰρ
1208 4862 1303 4917 καὶ
1348 4865 1423 4926 ὡς
1473 4862 1780 4933 γράμματά

221 4949 336 5001 εἰσιν
365 4954 486 5023 ὑμῖν
509 4954 705 5019 ταῦτα,
742 4954 819 5017 ὡς
855 4952 1137 5023 ψεύδεσθε,
1167 4955 1265 5026 τῆς
1302 4956 1395 5009 ἐπὶ
1447 4953 1579 5008 Θεὸν
1644 4953 1781 5006 θεω-

224 5038 345 5107 ρίας,
392 5046 449 5119 οὐ
480 5044 687 5099 δίκαιον
720 5043 792 5097 τά
839 5044 1173 5115 σημαίνοντα
1229 5044 1325 5098 τοῦ
1379 5044 1779 5116 σημαινομένου

223 5137 485 5205 προτιμᾷν.
516 5136 652 5189 esse
691 5136 801 5207 γὰρ
859 5137 907 5187 εί
947 5134 1149 5206 γράφοι
1174 5152 1257 5199 τις
1289 5134 1350 5188 τὸ
1380 5136 1641 5205 βασιλέως
1665 5134 1779 5205 (21)

219 5220 389 5292 ἔννομα,
413 5228 707 5292 ἀκινδύνως
731 5227 847 5299 ἔχοι
878 5226 940 5281 τὸ
966 5226 1199 5299 γράμμα
1220 5227 1501 5300 προτιμῶν
1528 5227 1623 5281 τοῦ
1678 5225 1779 5296 βα’

280 5397 386 5473 (ίβ)
416 5403 531 5461 Art.
566 5403 664 5458 τοῦ
698 5368 858 5471 quem
892 5417 1000 5459 non
1039 5401 1240 5458 habent
1276 5401 1501 5473 Seguer.
1548 5400 1773 5473 Golden

216 5462 441 5541 ξείνιιιιι.
471 5474 495 5526 1
531 5462 783 5527 αηοη.’ῐιι
816 5474 938 5529 aliis
967 5483 1025 5527 ut
1057 5482 1113 5526 et
1151 5473 1202 5525 in
1235 5462 1396 5541 edith
1434 5473 1520 5526 hie
1553 5472 1772 5541 legitur.

217 5534 323 5589 llos
355 5540 481 5594 ibid.
506 5559 604 5612 pro
630 5542 817 5610 αὐτόν,
845 5543 1007 5597 Basil.
1033 5540 1243 5611 Anglic.
1271 5540 1510 5597 Felckm.
1542 5543 1577 5596 2
1604 5534 1771 5596 anon.

214 5605 402 5661 habent
430 5612 628 5669 αὐτῶν.
1528 5618 1529 5621 “

211 5676 388 5797 angit?)
411 5682 612 5747 Αύτούς
643 5682 801 5737 deest
841 5680 895 5735 in
934 5679 1159 5751 Seguer.
1205 5679 1424 5736 Gohler.
1458 5679 1698 5737 Felckm.
1747 5682 1771 5736 1

279 5816 392 5890 (Π)
423 5820 509 5875 Sic
532 5821 763 5890 Seguer.
804 5818 967 5873 Basil.
1002 5820 1207 5889 Anglic.
1240 5817 1397 5876 Gobl.
1451 5818 1694 5876 Feltkm.
1750 5819 1773 5874 1

211 5889 261 5934 ει
296 5884 331 5937 2
366 5884 523 5944 anon.
552 5884 656 5945 Alii
699 5900 877 5945 autem
905 5904 1025 5943 cum
1055 5884 1214 5946 editis
1243 5890 1345 5941 ὅτι.

1883 4675 2169 4731 nominare
2199 4673 2505 4741 divinisque
2538 4672 2843 4726 honoribus
2888 4668 3108 4724 allicere
3155 4681 3261 4722 non
3305 4680 3460 4722 vere-

1885 4767 2038 4831 ntini,
2075 4781 2196 4821 eum
2222 4778 2351 4819 vere
2382 4763 2519 4818 nihil
2554 4762 2657 4818 nisi
2692 4762 2906 4832 lapides
2933 4771 2989 4815 et
3022 4758 3318 4815 artiﬁcium
3362 4758 3463 4813 ho-

1886 4860 2093 4916 minum
2125 4859 2360 4913 debeant
2399 4855 2682 4926 appellari.
2726 4854 3038 4916 Enimvero,
3075 4852 3123 4909 si
3167 4862 3226 4907 ut
3267 4852 3467 4906 menti-

1889 4950 2045 5015 mini,
2079 4950 2196 5005 haec
2245 4948 2399 5003 vobis
2446 4949 2623 5003 instar
2675 4946 2988 5002 litterarum
3023 4953 3151 5001 sunt
3183 4945 3249 4999 ad
3288 4942 3467 4999 Deum

1888 5041 2359 5112 contemplandum
2384 5058 2403 5095 :
2435 5055 2648 5109 :equum
2674 5050 2826 5095 certe
2855 5054 2959 5094 non
2999 5047 3085 5094 est
3119 5052 3208 5093 res
3254 5036 3467 5105 signiti-

1886 5142 2076 5189 cantes
2102 5133 2188 5189 his
2213 5148 2351 5202 quas
2393 5131 2708 5203 significant
2745 5130 3041 5187 anteferre.
3084 5128 3272 5199 Neque
3315 5128 3465 5182 enim

1885 5225 1929 5280 si
1959 5225 2083 5294 quis
2110 5224 2375 5293 scriptum
2406 5223 2755 5293 imperatoris
2781 5238 2979 5279 nomen
3007 5223 3109 5292 ipsi
3140 5220 3481 5292 imperatori.

1954 5400 2068 5470 (18)
2100 5399 2321 5456 Gobler.
2362 5398 2601 5457 Felckm.
2635 5400 2860 5470 lianon.
2891 5399 3084 5470 ageﬁv.

1959 5464 2072 5542 (19)
2103 5473 2298 5535 Avia-col;
2349 5472 2501 5527 deest
2551 5471 2603 5542 in
2643 5464 3235 5542 AGobler._Fel_km._i
3291 5477 3461 5520 anon.

1882 5533 2065 5595 Paitlo'
2079 5552 2200 5611 post
2234 5533 2469 5609 sequens
2498 5539 2596 5611 καί
2623 5540 2778 5611 deest
2811 5541 2861 5591 in
2894 5535 3132 5611 Felgkm.
3159 5533 3193 5587 5
3221 5548 3388 5611 anon.

1955 5603 2217 5684 (29)'Art.
2255 5603 2388 5684 τοῖς,
2444 5612 2535 5678 qui
2587 5610 2639 5684 in
2693 5603 3458 5684 Seguer.“.Gobler.’Anglic.

1885 5674 2125 5735 Fidelem.
2158 5681 2179 5734 1
2214 5689 2267 5734 et
2294 5682 2331 5735 2
2380 5674 2541 5735 anon.
2576 5679 2748 5742 deest,
2775 5674 2851 5729 'in
2885 5674 3006 5729 aliis
3039 5681 3176 5729 utet
3212 5674 3268 5727 in
3298 5674 3466 5729 editis

1889 5754 1974 5804 hic
2010 5750 2167 5804 Ιιιιιίιιι
2178 5766 2221 5802 r.

1959 5766 2722 5887 iiiFIS‘iEchuer.Gobler.
2769 5812 3006 5871 Felcltm.
3058 5813 3085 5867 1
3142 5826 3305 5873 anon.
3358 5811 3465 5868 Alii

1881 5904 2003 5943 cum
2029 5890 2211 5954 editis,
2241 5887 2317 5957 τῷ
2353 5886 2581 5957 βασιλεῖ.
3176 5944 3185 5947 ν
