4010 6516
529 448 602 505 l3
1102 450 1157 504 S.
1201 448 1584 507 ATIIANASII
1619 446 1771 507 OPP.
1815 448 1996 505 PARS
2035 446 2078 504 l.
2118 481 2182 492 ——
2223 446 2601 505 lliSTORlCA
2642 452 2729 505 ET
2772 452 3195 512 DOGMATICA.
3720 453 3789 509 ιι

532 562 856 639 pra-tulerit,
883 569 937 624 id
960 569 1178 641 impune
1207 572 1454 626 facturus
1485 580 1568 626 est
1596 588 1610 625 :
1646 571 1740 625 sed
1779 570 1867 625 ille
1888 552 2106 640 quidem

2227 570 2403 634 τιλέως
2428 589 2441 602 ⁸
2467 571 2580 624 ἀλλ’
2601 574 2629 625 6
2652 571 2891 637 τοιοῦτος
2925 573 3154 627 θάνατον
3182 573 3279 643 μὲν
3305 574 3416 643 ἔχει
3437 572 3536 643 τὴν
3565 571 3790 643 ζημίαν,

535 670 711 716 morte
760 661 1120 729 multabitur;
1164 664 1427 733 scriptum
1478 673 1662 718 autem
1728 679 1927 719 nomen
1972 664 2105 718 nihil

536 749 724 817 utique
755 750 904 806 aliud
935 751 1042 807 nisi
1072 754 1365 808 scribentis
1404 767 1539 820 opus
1570 753 1693 807 erit.
1740 751 1836 817 lta,
1876 755 1920 809 si
1955 755 2107 810 vobis

533 853 669 893 sana
705 855 857 896 mens
885 850 1051 906 esset,
1093 851 1202 896 tam
1239 852 1525 912 augustum
1562 842 1860 897 divinitatis
1900 845 2107 913 insigne

536 943 815 997 nunquam
856 931 1098 985 materia:
1138 930 1554 996 attribuissetis,
1606 946 1783 999 neque
1840 932 2105 1002 scalptum

531 1018 890 1074 simulacrum
922 1022 1186 1091 scalpenli
1216 1022 1423 1076 homini
1458 1032 1789 1092 anteponere
1819 1024 1937 1079 ausi
1978 1024 2108 1079 fuis-

530 1109 685 1164 setis.
722 1107 958 1165 Tametsi
996 1112 1141 1166 enim
1181 1112 1351 1167 instar
1384 1111 1690 1167 litterarum
1745 1113 1837 1165 Dei
1872 1128 2110 1182 praasen-

530 1200 664 1257 tiam
711 1200 1045 1271 signiﬁcant,
1098 1212 1264 1271 atque
1319 1203 1526 1258 idcirco
1570 1214 1627 1258 ut
1676 1206 1781 1274 17
1815 1206 1908 1260 Dei
1955 1208 2108 1275 signa

535 1291 823 1346 divinitate
847 1292 1007 1362 digna
1031 1292 1355 1363 judicantur
1388 1314 1400 1350 :
1444 1296 1801 1352 nihilominus
1841 1297 2107 1352 artiﬁcem

542 1384 631 1453 qui
656 1383 751 1440 illa
782 1383 993 1439 cadavit
1016 1395 1070 1439 et
1097 1385 1420 1455 insculpsit,
1452 1386 1613 1440 deum
1640 1387 1757 1442 ﬁeri
1800 1387 1955 1460 longe
1991 1399 2110 1444 erat
2162 1426 2163 1429 η

532 1475 968 1538 convenientius,
992 1483 1177 1544 utpote
1211 1476 1301 1542 qui
1336 1476 1446 1532 illis
1476 1478 1550 1532 sit
1587 1480 1865 1548 potentior
1889 1488 1944 1533 et
1970 1480 2109 1533 divi-

533 1566 679 1631 nior,
709 1582 830 1621 cum
859 1566 948 1619 illa
984 1566 1049 1619 ad
1085 1567 1202 1637 ejus
1224 1568 1513 1624 arbitrium
1546 1570 1690 1624 edita
1738 1582 1793 1625 et
1844 1571 2108 1642 insculpta

533 1659 758 1713 fuerint.
803 1657 858 1713 Si
896 1659 1063 1728 igitur
1102 1659 1300 1716 littera:
1336 1671 1464 1716 sunt
1502 1662 1867 1719 admiratione
1908 1665 2107 1734 dignae,

530 1750 708 1805 multo
736 1765 871 1806 sane
892 1752 1065 1821 magis
1096 1751 1212 1821 ipse
1237 1753 1473 1821 scriptor
1494 1762 1715 1823 propter
1743 1770 1897 1810 suam
1934 1770 2107 1811 artem

532 1852 590 1896 et
619 1841 816 1896 anima:
845 1842 1127 1898 scientiam
1163 1852 1244 1898 est
1281 1844 1656 1898 admirandus.
1680 1845 1946 1912 Quocirca
1979 1849 2106 1902 sica

2210 660 2271 714 τὸ
2294 661 2351 713 δὲ
2380 662 2614 733 γράμμα
2641 665 2706 734 τῇ
2746 663 2839 716 τοῦ
2868 664 3173 735 γράψαντος
3217 664 3495 734 ἐπιστήμῃ
3548 662 3795 714 τετύπω-

2211 770 2320 805 ται.
2350 751 2505 805 Οῦτω
2538 754 2632 805 καὶ
2657 754 2836 824 ὑμεῖς,
2879 757 3036 825 εἴπερ
3084 754 3393 825 ἐρρωμένον
3451 755 3627 823 εἴχετε
3681 752 3794 823 (Ξὲ)

2213 839 2302 893 τὸν
2331 841 2609 911 λογισμὸν,
2646 842 2747 895 ούκ
2787 843 2853 896 ἂν
2904 843 2965 895 τὸ
3016 842 3334 914 τηλικοῦτον
3388 843 3488 912 τῆς
3547 840 3800 910 θεότητος

2213 930 2499 1003 γνώρισμα
2528 934 2608 996 εἰς
2635 931 2766 1002 ὓλην
2792 933 3125 1003 κατεφέρετε
3150 949 3163 963 ⁸
3202 932 3337 985 ἀλλά
3362 933 3455 985 καὶ
3488 932 3549 984 τὸ
3573 931 3801 1001 γλύμμα

2214 1024 2312 1075 ούκ
2357 1022 2423 1075 ἂν
2469 1024 2874 1094 προετιμήσατε
2905 1022 3001 1076 τοῦ
3043 1022 3344 1091 γλύψαντος
3374 1023 3687 1094 ἀνθρώπου.
3739 1021 3801 1073 El

2213 1112 2322 1183 γὰρ
2351 1113 2445 1165 καλ⁸
2472 1112 2609 1176 ὅλως
2633 1114 2708 1177 ὡς
2722 1114 3030 1184 γράμματα
3058 1116 3382 1185 σημαίνουσι
3402 1114 3503 1183 τὴν
3536 1113 3630 1166 τοῦ
3663 1111 3801 1165 Θεοῦ

2215 1203 2552 1271 ἐπιφάνειαν,
2590 1205 2682 1257 καὶ
2710 1205 2797 1258 διὰ
2825 1204 2984 1257 τοῦτο
3023 1205 3097 1267 ὡς
3116 1205 3249 1259 Θεὸν
3279 1206 3636 1275 σημαίνοντα,
3686 1203 3803 1255 θεο-

2216 1294 2397 1357 ποιίας
2422 1295 2557 1349 εἰσὶν
2583 1295 2707 1361 ἀξια
2726 1312 2740 1325 ο
2775 1294 2912 1348 ἀ).λά
2931 1296 3060 1364 γοῦν
3073 1294 3164 1348 τὸν
3192 1294 3364 1349 ταῦτα
3396 1279 3680 1364 γλύψαντα
3710 1296 3804 1346 καὶ

2217 1386 2549 1459 χαράξαντα,
2589 1405 2661 1458 φη
2671 1388 2733 1458 μὶ
2756 1387 2819 1459 δὴ
2852 1387 3012 1442 πάλιν
3047 1394 3136 1441 τὸν
3152 1388 3422 1458 τεχνίτην,
3440 1386 3625 1456 πολλῷ
3642 1385 3805 1439 πλέον

2216 1480 2325 1532 ἔδει
2358 1479 2766 1550 θεοποιηθῆναι,
2802 1477 2878 1541 ὡς
2928 1478 3127 1549 μᾶλλον
3166 1478 3389 1531 ἐκείνων
3434 1474 3807 1544 δυνατώτερον

2215 1573 2310 1625 καὶ
2358 1572 2633 1643 θειότερον
2687 1572 3027 1642 ὑπάρχοντα,
3083 1572 3193 1641 ὅσῳ
3240 1569 3471 1623 κάκεῖνα
3519 1567 3663 1620 κατά
3705 1566 3807 1635 τὴν

2216 1662 2380 1715 αὑτοῦ
2417 1663 2673 1733 βούλησιν
2703 1662 2896 1732 ὲξέσθη
2920 1661 3015 1714 καὶ
3046 1660 3376 1714 τετύπωται.
3409 1659 3472 1712 El
3529 1656 3710 1711 τοίνυν
3740 1655 3810 1709 τά

2215 1756 2521 1826 γράμματα
2558 1753 2837 1825 θαύματός
2871 1754 3007 1806 εἰσιν
3045 1752 3157 1823 (25)
3185 1749 3310 1816 ἀξια
3330 1768 3344 1782 ·
3377 1748 3557 1818 πολλῷ
3586 1748 3751 1800 πλέον
3782 1748 3811 1799 ό

2216 1847 2431 1918 γράψας
2452 1846 2739 1917 ὑπεραίρει
2861 1844 3099 1915 θαύματι
3120 1844 3207 1897 διὰ
3242 1843 3339 1915 τὴν
3362 1843 3559 1912 τέχνην
3591 1840 3687 1893 καὶ
3711 1838 3811 1909 τὴν

534 1946 700 1989 causa
729 1933 873 1988 nulla
911 1943 995 1990 est
1025 1950 1123 1990 cur
1153 1934 1228 1988 dii
1256 1934 1666 2000 existimentur,
1696 1951 1791 1991 eos
1822 1937 2019 1993 iterum
2048 1940 2111 1994 de

2227 1936 2316 2006 τῆς
2348 1935 2527 2006 ψυχῆς
2556 1939 2887 2006 ἐπιστήμην.
2916 1934 3125 1989 Οὐκοῦν
3152 1936 3200 1988 εἰ
3227 1933 3302 2005 μὴ
3342 1933 3431 1986 διὰ
3456 1932 3621 1985 τοῦτο
3651 1931 3811 1993 θεοὺς

534 2025 803 2081 idolorum
839 2027 1049 2082 insania
1079 2031 1422 2097 percunctari
1455 2030 1657 2099 placet,
1689 2042 1747 2086 ut
1778 2047 1999 2087 causam
2021 2036 2113 2089 hu-

528 2116 768 2187 jusmodi
791 2117 1006 2173 illorum
1037 2118 1225 2190 ﬁgurae
1256 2134 1354 2176 nos
1392 2120 1610 2175 tandem
1658 2121 1854 2176 docere
1889 2136 1958 2177 ne
1991 2137 2115 2193 gra-

534 2219 748 2264 VCIIIUI'.

550 2308 553 2309 '
600 2297 692 2356 ‘22.
722 2298 855 2355 Nam
883 2302 927 2357 si
960 2303 1164 2360 idcirco
1196 2320 1391 2359 numen
1410 2320 1530 2360 cum
1566 2304 1799 2360 humana
1818 2304 1987 2374 cﬂigie
2020 2320 2105 2360 ex-

530 2403 777 2458 pressum
834 2404 937 2457 cst,
993 2395 1118 2464 quia
1168 2396 1405 2451 hominis
1448 2397 1674 2453 formam
1714 2397 1871 2451 habet
1909 2410 2118 2466 :qnare

535 2481 834 2567 belluarum
862 2486 1099 2554 speciem
1129 2487 1303 2541 eidem
1340 2486 1635 2556 aliingunt?
1668 2488 1763 2541 Sin
1796 2498 1973 2542 autem
2005 2487 2118 2542 ani-

533 2573 751 2630 malium
784 2576 1008 2633 rationis
1032 2581 1331 2648 expertium
1358 2578 1586 2634 formam
1619 2580 1801 2644 habet,
1859 2593 1956 2632 cur
1981 2576 2115 2647 [igu-

534 2679 652 2721 ram
694 2667 1009 2724 animalium
1051 2670 1259 2724 ratione
1309 2671 1657 2738 praeditorum
1706 2669 1804 2738 ipsi
1840 2667 2120 2724 tribuunt?

534 2757 594 2813 Si
644 2774 775 2816 vero
805 2770 1092 2832 utrumque
1143 2762 1301 2818 simul
1346 2772 1453 2829 est,
1486 2774 1540 2818 et
1570 2763 1735 2817 Deum
1783 2778 1846 2819 ex
1890 2773 2123 2831 utraque

533 2850 715 2919 specie
735 2853 1092 2922 compositum
1128 2854 1513 2926 hominumque
1541 2864 1595 2910 et
1620 2855 1915 2909 bellnarum
1934 2853 2123 2911 formis

532 2942 778 2998 indutum
810 2946 1140 3016 concipiunt,
1200 2961 1298 3001 cur
1333 2948 1622 3017 conjuncta
1652 2946 1982 3015 disjungunt,
2009 2947 2124 3002 bel-

532 3031 852 3105 luarumqne
878 3045 932 3092 et
949 3036 1226 3093 lmininum
1244 3038 1447 3093 formas
1474 3048 1750 3107 separant,
1776 3053 1950 3108 neque
1975 3039 2122 3093 illum

534 3137 749 3196 semper
779 3142 901 3182 cum
932 3140 1162 3199 utraque
1219 3129 1389 3185 forma
1425 3130 1639 3196 caelant,
1670 3130 1968 3200 cujusmodi
2006 3133 2124 3202 plu-

536 3217 672 3271 rima
720 3228 846 3274 sunt
896 3220 1196 3277 fabularum
1241 3234 1571 3287 commenta,
1620 3231 1678 3278 ut
1729 3222 1928 3293 Scylla,
1973 3224 2120 3277 Cha-

538 3309 743 3379 rybdis,
797 3310 1284 3382 Hippocentaurus,
1338 3322 1392 3368 et
1421 3314 1562 3383 apud
1616 3314 1897 3383 Egyptios
1924 3315 2119 3369 canino

538 3400 713 3468 capite
746 3402 983 3457 Anubis?
1003 3403 1266 3472 siquidem
1296 3392 1377 3458 vel
1406 3419 1528 3457 cum
1552 3403 1748 3473 duplici
1786 3412 1990 3458 tantmn
2023 3420 2120 3460 na-

540 3496 659 3542 tura
694 3489 947 3558 pingendi
982 3503 1137 3546 erant
1164 3508 1181 3546 :
1210 3492 1293 3547 vel
1326 3495 1369 3547 si
1412 3492 1639 3546 formam
1657 3493 1869 3547 unicam
1896 3493 2117 3560 habent,

540 3579 646 3633 alia
689 3580 820 3650 ipsis
862 3580 1160 3651 aliingenda
1211 3597 1318 3636 non
1366 3593 1505 3637 erat.
1556 3581 1766 3638 Rursus
1808 3583 1853 3638 si
1890 3585 2118 3640 marium

540 3670 745 3726 formas
770 3670 990 3739 habent,
1035 3688 1132 3726 cur
1157 3671 1480 3726 feminarum
1527 3672 1855 3729 lineamenta
1894 3675 2003 3730 illis
2038 3686 2121 3730 at-

542 3762 823 3817 tribuunt?
856 3762 901 3817 si
930 3772 1114 3818 autem
1147 3761 1474 3816 feminarum
1507 3764 1709 3819 habent
1739 3762 1965 3834 formas,
2023 3782 2121 3822 cur

541 3850 773 3905 marium
810 3850 1009 3922 ﬁguras
1057 3852 1137 3906 eis
1177 3849 1465 3922 aﬂingunt?
1515 3853 1561 3929 si
1616 3868 1780 3923 porro
1832 3866 2122 3926 utrumque

544 3940 705 3996 simul
754 3951 899 4007 sunt,
940 3958 1045 3996 non
1075 3942 1317 3998 dividere
1346 3943 1440 3999 sed
1484 3955 1775 4015 utrumque
1794 3944 2122 4015 conjungere

543 4032 852 4100 oportebat,
886 4031 1195 4103 similesque
1244 4035 1474 4105 ﬁngendi
1517 4045 1672 4091 erant
1701 4036 1804 4104 his,
1833 4052 1969 4105 quos
1998 4036 2123 4090 her-

546 4126 918 4195 maphroditos
964 4126 1255 4196 appellant,
1288 4134 1346 4182 ut
1372 4141 1565 4197 nempe
1591 4136 1698 4181 tam
1743 4127 1905 4183 stulta
1936 4142 2124 4196 super-

544 4216 695 4272 stitio
723 4230 828 4272 non
855 4216 1026 4272 solum
1082 4217 1417 4287 impietatem
1468 4228 1523 4274 et
1570 4218 1850 4273 infamiam
1899 4233 2010 4287 prae
2065 4230 2123 4272 se

546 4307 734 4376 ferret,
766 4310 859 4377 sed
886 4308 1049 4364 etiam
1074 4310 1242 4365 risum
1264 4309 1667 4381 spectatoribus
1686 4318 1946 4364 moveret.
1971 4307 2122 4375 Quod

544 4401 592 4455 si
620 4402 833 4457 demum
866 4418 1063 4459 numen
1098 4417 1417 4472 corporeum
1449 4415 1572 4457 esse
1598 4401 1966 4471 suspicantur,
1992 4414 2125 4453 ven-

545 4502 792 4563 tremque
823 4502 879 4549 et
915 4509 1128 4559 manus,
1160 4494 1347 4563 pedes,
1378 4493 1665 4555 cervicem,
1699 4501 1888 4560 pectus
1910 4490 2124 4558 aliaque

545 4590 613 4641 ad
646 4588 1009 4656 generandum
1060 4584 1369 4642 necessaria
1414 4584 1653 4639 membra
1686 4584 1887 4638 habere
1916 4581 2124 4653 tingunt

544 4688 599 4732 et
641 4678 1174 4734 comminiscuntur:
1225 4676 1349 4732 vide
1389 4676 1441 4730 in
1478 4684 1737 4745 quantum
1787 4673 2120 4743 impietatem

543 4784 699 4825 mens
748 4768 963 4823 illorum
1014 4768 1292 4832 ceciderit,
1348 4776 1408 4821 ut
1460 4768 1577 4822 haec
1610 4766 1678 4822 de
1720 4766 1828 4821 Deo
1858 4765 2120 4833 cogitent.

546 4859 675 4914 lnde
734 4860 879 4914 enim
928 4858 1177 4927 sequitur
1222 4868 1419 4913 caetera
1466 4857 1659 4919 etiam,
1704 4870 1826 4924 qua:
1878 4850 2125 4923 corporis

544 4951 761 5021 propria
795 4958 941 5015 sunt,
979 4950 1281 5019 huiusmodi
1329 4965 1529 5003 numen
1576 4950 1797 5002 omnino
1825 4946 1955 5016 pati,
1992 4945 2126 4998 adeo

547 5049 605 5093 nt
637 5042 837 5106 secari,
874 5041 1035 5094 dividi
1072 5053 1402 5111 prorsusque
1431 5037 1703 5107 corrumpi
1744 5037 1931 5106 possit.
1967 5036 2128 5091 Certe

547 5132 662 5184 haec
683 5137 738 5184 et
758 5128 859 5182 alia
893 5128 1090 5184 similia
1119 5144 1225 5183 non
1265 5128 1482 5197 propria
1519 5126 1611 5180 Dei
1638 5134 1786 5191 sunt,
1821 5126 1913 5179 sed
1948 5125 2127 5195 potius

546 5221 883 5289 terrestrium
915 5220 1379 5293 corporum.Deus
1405 5218 1547 5273 enim
1575 5232 1676 5272 nec
1703 5232 1994 5287 corporeus
2022 5224 2126 5280 est,

546 5328 645 5367 nec
668 5313 941 5384 corrumpi
966 5314 1047 5368 vel
1074 5312 1209 5367 mori
1254 5318 1454 5380 potest,
1494 5308 1748 5379 nullaque
1782 5324 1839 5363 re
1870 5309 1936 5363 ad
1961 5308 2125 5361 ullum

547 5420 702 5476 usu_m
725 5405 952 5475 indiget.
992 5404 1119 5459 Haec
1151 5410 1331 5457 autem
1361 5411 1417 5456 et
1444 5410 1969 5471 corrumpuntur,.et
1994 5416 2127 5456 cor-

543 5510 734 5565 porum
760 5494 1129 5566 sunteiﬁgies,
1156 5494 1548 5563 hominumque
1578 5506 1707 5547 cura
1744 5500 1797 5546 et
1838 5491 2125 5555 industria,

621 5607 732 5679 (22)
787 5608 880 5663 Sic
929 5608 1163 5679 Seguer.
1206 5608 1311 5679 Alii
1356 5622 1479 5679 cum
1525 5605 1705 5679 editis,
1751 5604 1925 5675 ἔχετε.
1974 5603 2119 5660 Idem
2174 5642 2179 5643 κ

2144 5698 2151 5703 ·
2228 5664 2449 5731 Gohle'r.
2479 5685 2533 5727 et
2560 5672 2801 5728 Felckm.
2828 5672 2853 5725 1
2889 5687 3050 5725 anon.
3084 5669 3289 5723 addunt
3320 5667 3377 5718 al
3410 5664 3641 5737 popeat.

550 5676 789 5747 Segner.
814 5679 975 5745 paulo
1001 5676 1120 5746 post
1144 5677 1420 5747 θειότητος
1452 5676 1663 5747 habets
1690 5743 1701 5747 _
1822 5740 1862 5747 _
1901 5710 1929 5747 Δ.

623 5740 736 5818 (25)
769 5740 859 5818 Sic
883 5740 1107 5818 Seguer.
1134 5740 1535 5818 BasilfAnglic.
1569 5743 1786 5799 Gobler.
1822 5740 2057 5797 Felrkm.
2098 5743 2116 5796 Ι

550 5816 713 5870 autin.
757 5816 858 5868 Alii
887 5816 1008 5869 cuin
1035 5816 1213 5878 editis,
1249 5816 1416 5868 ἐστίν.

626 5884 734 5957 (24)
767 5884 972 5951 Αύτούς
995 5884 1143 5943 abest
1169 5885 1223 5940 in
1253 5883 1469 5940 Gubler.
1504 5880 1737 5939 FCItklll.
1774 5883 1795 5936 l
1827 5895 1989 5937 anon.

2217 2029 2414 2091 αὑτοὺς
2437 2027 2546 2097 (24)
2565 2026 2713 2092 ἄξιον
2734 2026 3000 2097 νομίζειν,
3041 2024 3201 2080 πάλιν
3230 2026 3426 2087 αὐτοὺς
3446 2025 3511 2078 ἄν
3536 2040 3619 2086 τις
3636 2021 3813 2090 ἔροιτο

2220 2121 2347 2192 περὶ
2377 2122 2475 2192 τῆς
2505 2119 2614 2174 τῶν
2642 2119 2873 2173 εἰδώλων
2910 2120 3130 2191 μανίας,
3162 2117 3260 2189 τὴν
3291 2117 3471 2171 αἰτίαν
3496 2115 3601 2185 τῆς
3630 2113 3815 2166 τοιαύ-

2219 2231 2318 2285 της
2350 2213 2526 2268 αὐτῶν
2562 2216 2776 2284 μορφῆς
2809 2212 2940 2283 παρ’
2974 2210 3154 2265 αὐτῶν
3186 2210 3349 2274 ἀξιῶν
3376 2208 3593 2280 μαθεῖν.

2290 2305 2380 2359 22.
2423 2306 2484 2358 Εἰ
2514 2304 2612 2376 μὲν
2638 2304 2863 2375 γάρ,ὅτι
2895 2303 3363 2375 ἀνθρωπόμορφόν
3392 2303 3510 2354 ἐστι
3538 2300 3601 2353 τὸ
3632 2300 3813 2358 Θεῖον.

2222 2394 2313 2448 διὰ
2348 2395 2510 2448 τοῦτο
2541 2394 2681 2447 οὕτω
2710 2393 3037 2458 τετύπωται,
3071 2393 3157 2446 διὰ
3188 2392 3241 2446 τί
3282 2393 3374 2445 καὶ
3420 2391 3638 2460 ἀλόγων
3666 2389 3816 2460 αύτῷ

2223 2486 2424 2550 τύπους
2444 2484 2841 2555 περιτιθέασιν;
2872 2484 2935 2539 Εἰ
2960 2485 3017 2538 δὲ
3045 2483 3198 2549 ζώων
3230 2482 3439 2551 ἀλόγων
3470 2483 3622 2534 ἐστὶν
3647 2483 3676 2534 ὁ
3696 2481 3817 2535 τούο

2223 2598 2315 2634 του
2345 2579 2535 2643 τύπος,
2560 2579 2648 2634 διά
2678 2579 2732 2632 τί
2752 2580 2847 2634 καὶ
2872 2576 3105 2648 λογικῶν
3131 2576 3279 2648 αύτῷ
3312 2574 3663 2647 περιτιθέασι
3688 2573 3818 2642 γλυ-

2226 2672 2367 2742 φάς;
2401 2674 2464 2726 El
2490 2672 2547 2726 δὲ
2570 2672 2631 2725 τὸ
2662 2669 3069 2741 συναμφότερόν
3098 2670 3235 2733 ἐστι,
3267 2669 3361 2721 καὶ
3388 2666 3449 2731 ἐξ
3484 2666 3818 2737 ἀμφοτέρων

2227 2762 2587 2833 κατειλήφασι
2636 2761 2727 2816 τὸν
2757 2761 2909 2824 Θεὸν,
2952 2761 3032 2813 ὅτι
3064 2776 3123 2812 τε
3168 2758 3378 2826 ἀλόγων
3438 2758 3534 2810 καὶ
3584 2756 3820 2825 λογικῶν

2228 2853 2340 2923 ἔχει
2371 2852 2498 2915 τοὺς
2517 2850 2741 2914 τύπουςο
2790 2849 2845 2923 τί
2888 2847 3155 2920 διαιροῦσι
3202 2846 3270 2900 τά
3318 2845 3667 2917 συνημμένα,
3726 2845 3820 2897 καὶ

2228 2943 2519 3016 χωρίζουσι
2552 2942 2649 3014 τὴν
2678 2941 2889 3010 ἀλόγων
2919 2940 3013 2993 καὶ
3039 2936 3340 3010 ἀνθρώπων
3360 2936 3598 3006 γλυφὴν,
3631 2936 3725 2988 καὶ
3758 2935 3818 2986 ού

2233 3036 2462 3089 πάντοτε
2519 3035 2578 3101 ἐξ
2625 3033 2949 3105 ἀμφοτέρων
2980 3030 3141 3085 αὑτὸν
3169 3026 3488 3095 γλύφουσιν,
3541 3026 3705 3077 ὁποῖα
3753 3026 3821 3076 τὰ

2231 3127 2385 3198 παρὰ
2430 3130 2541 3191 τοῖς
2578 3126 2765 3198 μύθοις
2796 3126 2913 3178 ἐστὶ
2938 3121 3316 3193 πλάσματα,ή
3358 3117 3599 3181 Σκύλλα,
3639 3118 3732 3171 καὶ
3786 3118 3820 3188 ή

2232 3219 2525 3291 Χάρυϐδις,
2565 3219 2659 3273 καὶ
2696 3219 2725 3270 6
2760 3216 3235 3285 Ἱπποκένταυρος.
3275 3214 3371 3265 καὶ
3407 3213 3435 3264 6
3481 3213 3617 3282 παρ’
3652 3212 3744 3277 Al)
3759 3226 3822 3260 υ-

2225 3312 2401 3375 πτίοις
2421 3308 2784 3377 κυνοκέφαλος
2808 3304 3094 3369 Ἀνουὸιςς
3122 3303 3269 3356 Ἔδει
3287 3302 3395 3371 γὰρ
3423 3300 3456 3371 ἢ
3493 3301 3696 3371 μόνους
3724 3298 3823 3350 αύ-

2220 3406 2347 3466 τοῦς
2371 3402 2512 3455 οῦτω
2540 3397 2848 3471 γράφεσθαι
2876 3396 3108 3467 διφυεῖς,
3137 3392 3170 3465 ἢ
3210 3394 3339 3464 μίαν
3370 3390 3558 3445 αὐτῶν
3585 3389 3822 3459 ἐχόντων

2225 3496 2456 3569 μορφὴν,
2494 3494 2567 3566 μὴ
2616 3493 2712 3547 καὶ
2756 3493 2854 3562 τὴν
2887 3489 3053 3560 ἄλλην
3088 3484 3529 3542 ἀναπλάττεσθαι
3565 3484 3689 3535 κατ’
3720 3481 3821 3532 αύ-

2221 3587 2348 3642 τῶν.
2382 3586 2490 3640 Καὶ
2517 3584 2677 3638 πάλιν
2705 3583 2753 3636 εἰ
2786 3580 3073 3654 ἀρῤενικαὶ
3097 3577 3301 3631 τούτων
3331 3576 3471 3629 εἰσὶν
3498 3575 3554 3627 αἱ
3589 3570 3818 3643 μορφαὶ,

2221 3680 2309 3733 διὰ
2343 3678 2393 3732 τί
2425 3679 2516 3731 καὶ
2535 3674 2762 3747 θηλειῶν
2784 3674 2970 3734 αὐτοῖς
3007 3669 3348 3741 περιτιθέασι
3380 3665 3625 3727 τύπους;
3659 3665 3707 3714 εί
3764 3661 3820 3714 δὲ

2223 3769 2471 3842 θηλυκῶν
2508 3770 2613 3821 είσι
2657 3766 2792 3837 (25³,
2826 3764 2914 3818 διά
2959 3764 3011 3815 τί
3037 3762 3130 3815 καὶ
3158 3756 3466 3831 ἀρρενικῶν
3494 3756 3619 3810 κατ’
3639 3752 3822 3842 αὐτων

2221 3860 2504 3931 ψεύδονται
2533 3857 2631 3921 τὰς
2673 3854 2919 3926 μορφάς;
2948 3855 2995 3905 εἰ
3029 3852 3085 3903 δὲ
3118 3849 3279 3903 πάλιν
3310 3848 3372 3900 τὸ
3406 3841 3823 3916 συναμφότερόν

2223 3955 2381 4017 εἰσιν,
2415 3951 2522 4004 ἔδει
2556 3950 2630 4020 μὴ
2655 3945 3000 4017 διαιρεῖσθαι,
3036 3943 3170 3996 ἀλλά
3227 3940 3516 4010 ἀμφότερα
3548 3937 3823 3989 συνάπτε-

2226 4044 2370 4102 σθαι,
2403 4041 2495 4095 καὶ
2527 4038 2772 4109 γίνεσθαι
2806 4034 2950 4090 κατὰ
2999 4035 3126 4097 τοὺς
3171 4030 3499 4101 λεγομένους
3532 4030 3822 4099 ἐρμαφροφ

2224 4135 2422 4197 δίτουςο
2457 4133 2546 4187 ἵνα
2587 4129 2662 4201 μὴ
2688 4129 2846 4201 μόνον
2863 4125 3117 4182 ἀσέϐειαν
3144 4123 3239 4177 καὶ
3271 4120 3664 4189 συκοφαντίαν,
3687 4114 3822 4191 ἀλλά

2226 4227 2320 4280 καὶ
2341 4224 2580 4294 γέλωτας
2607 4221 2786 4275 αὐτῶν
2821 4223 2854 4291 ἡ
2883 4215 3270 4287 δεισιδαιμονία
3308 4216 3419 4276 τοῖς
3448 4212 3623 4282 ὁρῶσι
3647 4209 3825 4280 παρά-

2226 4333 2351 4388 σχῃ*
2378 4315 2474 4368 καλ⁹
2499 4315 2637 4377 ὅλως
2669 4314 2719 4366 ει
2751 4310 3111 4383 σωματοειδὲς
3127 4308 3186 4361 τὸ
3215 4307 3369 4360 Θεῖον
3400 4302 3823 4372 ύπολαμὸάνου⁴

2227 4424 2332 4472 σιν,
2357 4406 2497 4460 ὥστε
2528 4406 2622 4459 καὶ
2650 4404 2893 4473 γαστέρα
2924 4402 3018 4456 καὶ
3049 4404 3237 4471 χεῖρας
3266 4398 3358 4453 καὶ
3389 4396 3581 4458 πόδας,
3608 4395 3704 4447 καὶ
3721 4393 3825 4445 πά·-

2224 4497 2309 4551 λιν
2343 4496 2545 4567 αὐχένα
2577 4495 2672 4548 καὶ
2706 4494 2873 4565 στήθη
2906 4491 3001 4545 καὶ
3034 4491 3101 4544 τὰ
3142 4488 3275 4543 ἄλλα
3319 4486 3389 4539 τά
3437 4486 3579 4556 πρὸς
3609 4486 3823 4553 γένεσιν

2155 4607 2201 4666 ι)
2227 4587 2529 4659 ἀνθρώπων
2567 4585 2703 4656 μέλη
2734 4585 2965 4637 ἐπινοεῖν
2997 4578 3145 4650 αύτῷ
3174 4577 3267 4631 καὶ
3306 4576 3695 4631 ἀναπλάττειν·
3722 4576 3822 4644 ὅρα

2230 4679 2308 4743 είς
2335 4678 2466 4746 ὅσην
2502 4674 2757 4727 ἀσέϐειαν
2778 4674 2873 4727 καὶ
2894 4670 3163 4740 ἀθεότητα
3190 4667 3600 4722 καταπέπτωκε
3617 4664 3823 4718 τούτων

2226 4768 2258 4831 6
2288 4766 2433 4831 νοῦς,
2473 4763 2613 4817 ὥστε
2657 4760 2881 4815 τοιαῦτα
2917 4760 3165 4812 ὑπονοεῖν
3186 4757 3298 4827 (26)
3331 4756 3460 4826 περὶ
3489 4752 3586 4807 τοῦ
3642 4753 3821 4806 Θείου.

2243 4846 2552 4909 Ἃκολουθεῖ
2576 4853 2685 4925 γὰρ
2713 4851 2861 4922 αύτῷ
2900 4851 2993 4904 καὶ
3027 4850 3092 4902 τὰ
3106 4849 3240 4902 ἀλλα
3268 4846 3361 4900 τοῦ
3403 4844 3661 4917 σώματος
3691 4843 3827 4897 πάν-

2231 4962 2340 5008 τως
2367 4944 2617 5013 πάσχειν,
2667 4941 2807 4995 ὥστε
2864 4942 2956 4994 καὶ
2984 4938 3294 5008 τέμνεσθαι,
3349 4937 3442 4989 καλ⁴
3469 4933 3822 5004 διαιρεῖσθαι,

2232 5039 2326 5093 καὶ
2361 5037 2522 5092 πάλιν
2555 5034 2615 5101 ἐξ
2636 5036 2759 5088 ὅλου
2794 5032 3127 5104 φθείρεσθαι·
3162 5032 3334 5086 ταῦτα
3361 5031 3417 5083 δὲ
3446 5028 3540 5083 καὶ
3557 5028 3628 5080 τὰ
3644 5026 3828 5080 τοιαῦ-

2232 5146 2301 5181 τα
2328 5128 2428 5181 οὐκ
2459 5128 2567 5181 ἴδια
2600 5125 2758 5189 Θεοῦ,
2809 5124 2945 5179 ἀλλά
2995 5124 3193 5193 μᾶλλον
3231 5122 3338 5175 τῶν
3378 5121 3472 5173 ἐπὶ
3504 5120 3611 5188 γῆς
3640 5116 3829 5187 σωμάο

2232 5236 2340 5272 των
2370 5217 2536 5273 ἐστίν·
2579 5219 2608 5271 ὁ
2633 5217 2732 5288 μὲν
2757 5215 2865 5289 γὰρ
2891 5214 3022 5278 Θεὸς
3042 5212 3334 5283 ἁσώματός
3353 5212 3469 5263 ἐστι
3497 5208 3596 5264 καὶ
3612 5194 3855 5278 ἀφθαρέ

2233 5328 2326 5375 τος
2355 5312 2449 5365 καὶ
2487 5309 2772 5373 ἀθάνατος,
2807 5306 3019 5370 οὐδενὸς
3048 5307 3128 5369 εἰς
3153 5302 3328 5357 ὁτιοῦν
3343 5301 3621 5371 δεόμενος·
3649 5297 3829 5352 ταῦτα

2232 5402 2287 5454 δὲ
2305 5403 2399 5455 καὶ
2422 5398 2635 5472 φθαρτά
2661 5398 2756 5452 καὶ
2795 5397 3062 5466 σωμάτιον
3098 5395 3203 5449 εἰσὶ
3225 5394 3407 5456 τύποι,
3438 5391 3535 5445 καὶ
3568 5390 3671 5459 τῆς
3694 5388 3827 5459 παρ’

2233 5492 2412 5548 αὐτῶν
2441 5491 2760 5562 ὲπιδεόμενα
2787 5490 2996 5560 χρείας,
3028 5488 3216 5557 ὥσπερ
3248 5483 3344 5537 καὶ
3380 5481 3651 5553 πρότερον
3677 5479 3832 5551 εἴρη-

2321 5606 2412 5676 25)
2471 5604 2654 5676 Bas_il._
2690 5602 2788 5676 _hic
2835 5601 2996 5676 addit
3057 5598 3187 5676 καίί
3225 5595 3431 5676 Ibidem
3491 5604 3620 5676 post
3672 5594 3829 5661 εἰσί,

2303 5743 2414 5812 (26)
2440 5744 2532 5798 Sic
2575 5743 2819 5812 Segucr.,
2847 5741 2932 5812 alii
2977 5755 3098 5812 cum
3143 5738 3321 5802 editis,
3362 5733 3626 5793 ἐπινοεῖν.
3655 5733 3834 5791 Paulo

2229 5808 2347 5885 poSt
2367 5808 2586 5878 πάντως
2607 5808 2756 5870 décst
2791 5811 2844 5866 in
2874 5808 3037 5867 Basil.
