4010 6534
200 465 260 523 ιδ
920 468 923 471 ⁷
1401 468 1666 526 ORATIO
1702 471 1977 527 CONTRA
2017 468 2304 526 GENTES.

205 596 292 636 ται·
324 576 600 644 πολλάκις
627 580 737 653 γὰρ
767 581 876 650 (27)
900 584 1112 654 ὁρῶμεν
1145 581 1641 651 ἀνακαινουμένους
1662 583 1786 645 τοὺς

1895 592 1948 635 ιιι
1985 595 2147 651 supra
2183 581 2443 645 diximus,
2469 595 2605 650 opus
2642 581 2863 638 habent.
2887 582 3025 639 llinc
3058 600 3164 642 non
3194 602 3318 643 raro
3342 604 3467 644 cer-

208 671 628 736 παλαιωθέντας,
657 672 754 726 καὶ
787 672 878 736 οὒς
908 676 937 727 ό
978 675 1188 744 χρόνος,
1218 673 1252 743 ἢ
1294 672 1524 742 ὑετὸς,ἢ
1555 672 1682 725 ἄλλο
1734 690 1785 724 τι

206 768 292 821 τῶν
316 766 403 819 ἐπὶ
427 766 542 836 γῆς
560 765 723 831 ζώων
739 767 989 835 ἠφάνισε,
1014 766 1233 829 τούτους
1255 764 1782 835 ἀναπλαττομένους.

218 859 309 926 Ἐφ’
326 850 368 924 ᾧ
396 856 467 910 ἄν
504 874 598 921 τις
644 858 826 910 αὐτῶν
856 856 1271 929 καταγνώσηται
1297 858 1399 927 τῆς
1425 856 1783 927 παραφροσύ-

208 963 303 1019 νης·
331 949 409 1001 ὅτι.
434 939 516 1004 ὧν
560 950 721 1002 αὐτοὶ
741 949 961 1019 ποιηταὶ
990 948 1335 1018 τυγχάνουσι,
1360 946 1585 1010 τούτους
1631 946 1786 1009 θεοὺς

209 1038 605 1110 ἀναγορεύουσι·
637 1040 731 1092 καὶ
755 1038 848 1101 οὒς
863 1040 1015 1092 αὐτοὶ
1046 1042 1165 1103 ταῖς
1187 1039 1402 1109 τέχναις
1423 1054 1489 1091 πε
1501 1037 1787 1108 ρικοσμοιῦ-

211 1148 275 1185 σιν
318 1132 484 1185 ἕνεκα
550 1131 650 1185 τοῦ
718 1131 792 1201 μὴ
834 1131 1106 1202 φθαρῆναι
1155 1131 1307 1202 παρὰ
1352 1130 1581 1187 τούτων.
1635 1129 1788 1182 αὐτοὶ⁸

210 1222 457 1293 σωτηρίαν
494 1221 736 1275 αἰτοῦσι·
788 1222 880 1274 καὶ
923 1221 1015 1286 οὓς
1059 1222 1159 1275 οὐκ
1198 1220 1449 1290 ἀγνοοῦσι
1502 1218 1788 1290 δεομένους

209 1314 290 1383 τῆς
324 1314 512 1368 αὐτῶν
545 1314 897 1384 ἐπιμελείας,
933 1313 1084 1385 παρὰ
1106 1313 1311 1367 τούτων
1341 1313 1495 1366 αὐτοὶ
1527 1311 1625 1374 τὰς
1661 1312 1789 1365 ἐαυ-

209 1408 295 1459 τῶν
319 1406 515 1477 χρείας
564 1405 814 1471 ἀξιοῦσιν
846 1403 1294 1475 ἀποπληροῦσθαι
1331 1404 1467 1473 (‘28)°
1493 1404 1589 1456 καὶ
1610 1402 1701 1466 οὒς
1730 1404 1788 1455 ὲν
1822 1424 1827 1429 λ

213 1498 401 1566 μικροῖς
436 1495 718 1558 οίκίσκοις
747 1493 1148 1558 κατακλείουσι,
1184 1494 1405 1558 τούτους
1435 1492 1666 1566 ούρανοῦ
1694 1494 1790 1547 καὶ

211 1590 291 1659 γῆς
316 1588 541 1659 ἁπάσης
574 1587 848 1650 δεσπότας
871 1588 971 1641 οὐκ
999 1586 1343 1657 αἰσχύνονται
1367 1586 1677 1651 καλοῦντες.

263 1677 341 1732 93.
390 1677 468 1729 Ού
519 1678 687 1747 μόνον
739 1676 795 1729 δὲ
851 1679 914 1729 ἐκ
964 1675 1168 1730 τούτων
1223 1676 1289 1731 ἄν
1344 1694 1429 1739 τις
1483 1677 1661 1729 αὐτῶν
1687 1675 1790 1747 τὴν

209 1763 454 1833 ἀθεότητα
471 1764 967 1835 καταμάθοι,ἁλλὰ
1001 1765 1095 1817 καὶ
1126 1766 1220 1833 ἀφ’
1259 1757 1334 1817 ὧν
1368 1766 1425 1818 ὲν
1455 1765 1635 1827 αὐτοῖς
1675 1768 1788 1827 τοῖς

209 1851 419 1915 εἰδώλοις
454 1851 645 1905 αὐτῶν
680 1854 831 1906 ἐστιν
873 1851 1201 1923 ἀσύμφωνος
1226 1855 1259 1923 ή
1287 1852 1431 1919 δόξα.
1463 1854 1525 1905 Εἰ
1553 1852 1661 1925 γὰρ
1692 1853 1789 1906 αύ-

206 1946 273 1996 τοὶ
313 1944 424 1998 θεοί
456 1947 623 2011 εἰσιν,
677 1944 755 2008 ὡς
799 1944 1017 2012 λέγουσι
1053 1944 1148 1998 καὶ
1198 1944 1327 2015 περὶ⁵
1369 1944 1545 1997 αὐτῶν
1577 1945 1791 2013 φιλοσο-

208 2035 365 2102 φοῦσι,
392 2038 505 2091 τίνι
537 2054 625 2101 τις
654 2035 960 2107 πρόσθηται
978 2036 1207 2102 τούτων,
1237 2036 1331 2089 καὶ
1353 2034 1538 2099 ποίους
1592 2036 1657 2089 ἂν
1691 2036 1791 2088 αύ-

207 2124 296 2177 τῶν
343 2127 512 2199 κρίνῃ
570 2126 969 2197 κυριωτέρους,
1020 2125 1106 2178 ἵνα
1141 2126 1175 2196 ἢ
1221 2126 1312 2179 τὸν
1360 2127 1493 2180 Θεὸν
1543 2128 1792 2203 θαρρήσῃ

206 2219 534 2288 προσκυνῶν,
587 2220 646 2289 ἢ,
680 2218 758 2281 ὥς
805 2235 988 2287 φασιν,
1034 2218 1092 2272 ὲν
1124 2219 1307 2283 αὐτοῖς
1343 2220 1417 2290 μὴ
1452 2219 1680 2293 διστάζῃ
1709 2238 1794 2290 γι-

204 2315 407 2368 νώσκων
434 2314 498 2367 τὸ
541 2314 732 2377 Θείον;
785 2312 860 2364 Οὐ
891 2310 1001 2384 γὰρ
1036 2314 1085 2365 oi
1130 2313 1285 2365 αὐτοὶ
1307 2312 1458 2384 παρὰ
1480 2316 1647 2368 πᾶσιν
1672 2315 1787 2368 ὀνο-

207 2404 450 2477 μᾶζονται
488 2404 627 2457 θεοί·
654 2402 771 2457 ἀλλ’
795 2404 895 2456 ὅσα
932 2403 1073 2456 κατὰ
1098 2404 1159 2457 τὸ
1189 2403 1436 2456 πλεῖστόν
1465 2406 1610 2457 ἐστιν
1640 2405 1788 2477 ἔθνη,

205 2501 424 2554 τοσοῦτοι
454 2502 552 2554 καὶ
587 2498 707 2552 θεοὶ
743 2496 1200 2552 ἁναπλάττονται.
1237 2499 1393 2551 Ἔστι
1435 2499 1479 2551 δ’
1520 2500 1657 2553 ὅπου
1696 2502 1790 2553 καὶ

210 2593 293 2663 μία
338 2592 493 2664 χώρα
532 2592 632 2644 καὶ
674 2591 775 2661 μία
820 2590 973 2652 πόλις
1012 2588 1149 2660 πρὸς
1185 2588 1384 2653 ἑαυτὰς
1415 2589 1523 2660 (29)
1570 2592 1793 2646 στασιά-

209 2681 338 2746 ζουσι
381 2682 516 2755 περὶ
539 2681 644 2751 τῆς
680 2679 791 2732 τῶν
810 2678 1041 2733 εἰδώλων
1071 2678 1515 2748 δεισιδαιμονίας.
1545 2680 1791 2745 Φοίνικες

207 2774 317 2841 γοῦν
371 2773 471 2828 οὐκ
524 2771 679 2824 ἴσασι
742 2770 869 2835 τοὺς
924 2771 1051 2841 παρ’
1112 2770 1425 2839 Αἰγυπτίοις
1467 2769 1791 2842 λεγομένους

210 2864 363 2927 θεοὺς,
396 2864 521 2917 οὐδὲ
564 2862 859 2929 Αἰγύπτιοι
910 2860 981 2913 τὰ
1028 2860 1166 2914 αὐτὰ
1225 2865 1338 2925 τοῖς
1394 2862 1542 2933 παρὰ
1592 2863 1790 2930 Φοίνιξι

211 2953 594 3025 προσκυνοῦσιν
621 2952 835 3005 εἴδωλα.
884 2952 994 3005 Καὶ
1033 2951 1236 3005 Σκύθαι
1268 2953 1365 3022 μὲν
1386 2953 1511 3016 τοὺς
1543 2953 1787 3023 Περσῶν,

209 3046 393 3117 Πέρσαι
423 3046 481 3099 δὲ
507 3045 640 3107 τοὺς
666 3043 855 3114 Σύρων
890 3042 951 3095 ού
987 3042 1387 3114 παραδέχονται
1422 3042 1595 3105 θεούς.
1637 3043 1791 3097 Ἀλλὰ

210 3138 290 3189 καὶ
326 3136 601 3203 Πελασγοὶ
653 3133 752 3203 μὲν
778 3130 905 3194 τοὺς
941 3132 997 3183 ἐν
1029 3130 1218 3202 Θρᾴκῃ
1243 3129 1397 3192 θεοὺς
1422 3129 1784 3184 διαϐάλλουσιο

210 3227 400 3298 Θρᾷκες
437 3226 555 3295 (50)
588 3224 647 3277 δὲ
677 3224 803 3285 τοὺς
836 3221 984 3293 παρὰ
1013 3219 1269 3289 Θηϐαίοις
1300 3219 1359 3272 οὐ
1408 3218 1783 3288 γινώσκουσιν.

222 3317 355 3370 Ἰνδοὶ
382 3318 439 3370 δὲ
468 3313 619 3369 κατὰ
653 3310 925 3382 Ἀράϐων,
959 3310 1053 3364 καὶ
1074 3309 1310 3380 ’Ἄραϐες
1342 3310 1461 3363 κατ’
1492 3309 1785 3374 Αἰθιόπων,

212 3410 292 3461 καὶ
312 3409 565 3471 Αἰθίοπες
604 3407 727 3459 κατ’
751 3404 926 3457 αὐτῶν
956 3406 1013 3456 ὲν
1035 3405 1146 3465 τοῖς
1162 3401 1399 3466 εἰδώλοις
1423 3402 1786 3473 διαφέρονται.

214 3498 305 3551 Καὶ
336 3499 497 3567 Σύροι
533 3496 633 3565 μὲν
666 3493 737 3546 τὰ
767 3492 1011 3546 Κιλίκων
1044 3490 1105 3542 οὐ
1149 3488 1384 3541 σέϐουσιο
1406 3487 1791 3541 Καππαδοκῶν

209 3589 257 3642 δὲ
282 3590 337 3642 τὺ
367 3589 523 3657 γένος
553 3585 753 3647 ἄλλους
792 3583 945 3655 παρὰ
993 3580 1217 3644 τούτους
1258 3580 1581 3651 ὀνομάζουσι
1615 3578 1789 3642 θεούς.

210 3683 306 3736 Καὶ
330 3681 541 3735 Βιθυνοὶ
578 3679 681 3750 μὲν
739 3676 980 3747 ἐτέρους,
1029 3673 1305 3746 Ἀρμένιοι
1347 3673 1404 3726 δὲ
1444 3672 1638 3750 ἄλλους
1664 3674 1791 3726 ἐαυ-

211 3778 310 3840 τοίς
335 3775 733 3830 ὰνεπλάσαντο.
766 3771 880 3823 Καὶ
908 3770 959 3821 τί
992 3786 1079 3838 μοι
1097 3767 1176 3819 δεῖ
1206 3766 1317 3837 (3i)
1348 3765 1557 3819 πολλῶν
1578 3782 1591 3830 ;
1609 3767 1794 3818 Ἤπει-

216 3865 365 3943 ριῖιται
387 3866 540 3937 παρὰ
571 3865 705 3926 τοὺς
733 3863 791 3914 ὲν
827 3862 946 3924 ταῖς
972 3860 1156 3930 νήσοις
1182 3842 1372 3921 ἄλλους
1420 3857 1573 3921 θεοὺς
1622 3873 1793 3928 προσ-

213 3957 411 4011 κυνοῦσι
434 3975 449 3989 ’
505 3957 603 4010 καὶ
630 3953 901 4025 νησιῶται
944 3950 1096 4021 παρὰ
1138 3950 1264 4012 τοὺς
1302 3950 1359 4001 ὲν
1390 3951 1511 4011 ταῖς
1544 3948 1794 4019 ἠπείροις

213 4048 579 4119 θρησκεύουσι.
612 4046 728 4100 Καὶ
755 4044 893 4107 ὅλως
925 4043 1129 4109 ἑκάστη
1159 4040 1312 4103 πόλις
1332 4042 1424 4093 καὶ
1456 4039 1638 4110 κώμη,
1668 4041 1793 4103 τοὺς

216 4140 270 4191 ἐκ
285 4142 529 4207 γειτόνων
561 4139 665 4192 οὐκ
696 4136 871 4189 εἰδυῖα
897 4134 1071 4198 θεοὺς,
1101 4133 1225 4196 τοὺς
1259 4134 1456 4202 ἑαυτῆς
1484 4131 1789 4201 προκρίνει,

212 4232 296 4281 καὶ
329 4232 520 4300 μόνους
574 4224 721 4281 εἶναι
769 4226 991 4287 τούτους
1027 4222 1239 4294 νομίζει
1291 4222 1465 4286 θεούς.
1516 4224 1651 4294 Περὶ
1682 4222 1792 4293 γὰρ

212 4317 308 4369 τῶν
334 4322 388 4371 ὲν
412 4319 678 4388 Αἰγύπτῳ
708 4314 968 4386 μυσαρῶν
995 4314 1115 4368 οὐδὲ
1137 4314 1317 4381 λέγειν
1350 4314 1488 4377 ἐστὶ,
1515 4315 1679 4366 πᾶσιν
1703 4312 1790 4365 ἐπ’

214 4403 487 4477 ὀφθαλμῶν
519 4405 637 4475 (52)
668 4405 863 4467 ὄντων,
903 4403 987 4454 ὃτι
1048 4403 1296 4465 ἐναντίας
1344 4402 1437 4454 καὶ
1479 4402 1793 4471 μαχομένας

214 4492 452 4564 ἀλλήλαις
492 4497 682 4566 ἔχουσι
719 4494 817 4557 τὰς
845 4495 1141 4566 θρησκείας
1174 4499 1229 4549 αἱ
1274 4498 1476 4562 πόλεις,
1521 4498 1613 4551 καὶ
1651 4499 1699 4551 ot
1730 4501 1794 4552 ὲκ

1889 673 2067 727 nimus
2091 672 2178 727 illa
2213 672 2282 726 ob
2312 680 2637 727 vetustatem
2673 674 2924 728 renovari
2957 692 2972 729 :
3009 676 3095 731 vel
3126 678 3170 731 si
3200 686 3464 748 tempore,

1887 760 2086 829 pluvia,
2119 770 2211 814 aut
2236 760 2462 831 alicujus
2494 762 2770 818 terrestris
2808 763 3057 820 animalis
3095 765 3293 834 injuria
3316 767 3465 823 labe-

1887 850 2087 905 factata
2119 850 2341 916 fuerint,
2362 852 2558 907 iterum
2578 850 2778 922 ellingi.
2807 852 2985 920 Quare
3012 855 3203 911 merito
3227 857 3472 912 stultitia:

1889 950 2021 998 sunt
2046 943 2469 1008 condemnandi,
2494 945 2586 1014 qui
2616 944 2759 1009 illos,
2788 960 3021 1014 quorum
3057 947 3158 1016 ipsi
3187 944 3475 1003 eﬂ‘ectores

1890 1043 2035 1101 sunt,
2078 1036 2206 1092 deos
2244 1050 2366 1091 esse
2403 1035 2701 1105 prmdicare
2750 1036 2985 1092 audeant
3018 1053 3033 1091 :
3074 1037 3165 1106 qui
3199 1052 3336 1108 quos
3375 1053 3471 1093 sua

1890 1134 2006 1181 arte
2035 1134 2230 1180 curant
2266 1140 2333 1179 ne
2364 1134 2810 1196 corrumpantur,
2841 1126 2910 1180 ab
2942 1126 3026 1181 his
3061 1126 3293 1181 salutem
3325 1124 3476 1182 ema-

1890 1218 2062 1288 gitare
2095 1234 2202 1274 non
2229 1218 2477 1272 dubitent
2510 1234 2524 1271 :
2558 1218 2647 1287 qui
2673 1233 2808 1288 quos
2848 1232 2943 1274 sua
2978 1233 3144 1288 opera
3172 1232 3333 1289 egere
3366 1233 3474 1273 non

1890 1309 2162 1380 ignorant,
2200 1309 2266 1363 ab
2294 1308 2400 1364 illis
2432 1323 2585 1364 suam
2619 1310 2970 1379 indigentiam
3006 1310 3213 1380 expleri
3247 1323 3477 1378 precen-

1890 1408 1980 1455 tur
2004 1418 2017 1456 :
2048 1400 2138 1469 qui
2157 1398 2537 1469 deniquequos
2566 1398 2619 1452 in
2643 1399 2827 1468 parvis
2854 1398 3096 1453 aediculis
3117 1398 3475 1461 concludunt,

1892 1493 2012 1550 illos
2043 1493 2307 1549 caelorum
2349 1500 2403 1548 et
2431 1500 2588 1547 terra:
2629 1491 2896 1546 universae
2929 1490 3178 1547 dominos
3202 1489 3481 1561 appellare

1891 1601 1998 1642 non
2015 1585 2363 1641 erubescant.

1963 1674 2055 1729 23.
2081 1673 2282 1729 Verum
2314 1688 2419 1729 non
2445 1687 2511 1730 ex
2541 1673 2630 1729 his
2662 1679 2864 1728 tantum
2896 1670 3109 1728 illorum
3138 1671 3486 1744 impietatem

1891 1765 2104 1821 discere
2134 1778 2444 1835 possumus,
2481 1764 2574 1819 sed
2613 1765 2779 1819 etiam
2809 1778 2877 1819 ex
2911 1763 3223 1833 opinionum
3263 1763 3475 1820 discor-

1893 1854 2000 1919 dia,
2029 1868 2164 1924 quas
2192 1854 2292 1924 ipsi
2321 1868 2534 1924 quoque
2560 1853 2626 1909 de
2665 1854 2824 1909 idolis
2860 1855 3081 1909 habent.
3118 1854 3174 1909 Si
3204 1856 3373 1920 enim,
3417 1863 3477 1912 ut

1894 1945 2189 2015 pradicant
2216 1954 2269 2001 et
2302 1945 2775 2015 philosOphantur,
2814 1944 2887 1999 illi
2918 1959 3042 1999 vere
3070 1944 3143 1999 dii
3181 1953 3326 2009 sunt,
3358 1945 3475 2000 cui-

1892 2052 2042 2102 nam,
2070 2050 2276 2104 quaeso,
2303 2034 2495 2089 horum
2546 2049 2604 2089 se
2654 2034 2867 2087 addicet
2911 2033 3095 2097 homo,
3142 2045 3474 2101 quosnamve

1892 2126 2223 2196 potentiores
2246 2123 2534 2193 iudicabit,
2565 2132 2625 2177 ut
2660 2122 2744 2178 vel
2777 2123 2941 2176 Deum
2966 2137 3086 2199 cum
3120 2122 3315 2176 ﬁducia
3341 2122 3472 2176 ado-

1892 2230 1995 2285 ret,
2029 2220 2113 2275 vel
2141 2220 2295 2283 nihil,
2322 2226 2380 2273 ut
2414 2217 2585 2283 aiunt,
2616 2216 2668 2271 in
2703 2216 3078 2285 cognoscendo
3124 2216 3349 2271 numine
3373 2216 3477 2269 hae-

1890 2312 2051 2366 silet?
2077 2310 2186 2365 Nec
2215 2310 2359 2364 enim
2397 2309 2557 2363 iidem
2594 2309 2733 2377 apud
2764 2322 2954 2363 omnes
2977 2308 3325 2363 nominantur
3355 2306 3427 2361 dii
3455 2326 3469 2359 :

1892 2401 1983 2456 sed
2018 2410 2151 2471 quot
2178 2401 2292 2456 fere
2310 2409 2436 2455 sunt
2463 2409 2673 2468 gentes,
2696 2406 2776 2453 tot
2796 2399 2960 2453 etiam
2976 2398 3047 2452 dii
3066 2413 3164 2453 con
3175 2398 3470 2473 tinguntu_r.

1892 2491 2030 2559 Quin
2060 2491 2225 2546 etiam
2275 2490 2459 2544 videre
2493 2490 2599 2560 ιε
2632 2490 2757 2544 licet
2790 2503 2951 2543 unam
2994 2489 3348 2557 eamdemque
3386 2502 3483 2541 re.

1891 2583 2106 2654 gionem
2132 2591 2189 2637 et
2225 2582 2504 2637 civitatem
2547 2595 2669 2635 cum
2706 2580 2881 2648 seipsa
2907 2578 3051 2633 circa
3086 2578 3349 2633 idolorum
3377 2594 3472 2632 su-

1891 2675 2263 2748 perstitionem
2317 2672 2601 2728 dissidere.
2646 2671 2785 2726 Hinc
2814 2667 3102 2726 Phoenices
3132 2670 3283 2735 deos,
3333 2683 3474 2739 quos

1892 2767 2134 2840 Egyptii
2186 2765 2393 2833 colunt,
2425 2758 2675 2835 ignorant
2708 2780 2721 2817 :
2767 2772 2820 2818 et
2872 2770 3063 2818 contra
3092 2756 3331 2832 Egyptii
3368 2774 3473 2813 nou

1892 2863 2081 2917 eadem
2114 2857 2256 2913 idola
2276 2872 2341 2911 ac
2391 2855 2678 2910 Phoenices
2730 2862 3082 2909 venerantur.
3114 2850 3224 2907 Nec
3258 2851 3475 2922 Scytha:

1889 2951 2202 3010 Persarum,
2233 2961 2332 3003 nec
2380 2945 2559 3001 Persae
2584 2944 2849 3015 Syrorum
2893 2943 3116 2997 numina
3160 2942 3475 2995 admittunt.

1890 3040 2101 3110 Pelasgi
2129 3052 2344 3109 quoque
2365 3036 2611 3091 Thraciae
2644 3036 2773 3090 deos
2802 3034 3115 3104 reprobant,
3156 3040 3210 3087 et
3235 3030 3481 3086 Thraces

1891 3131 2293 3187 Thebanorum.
2316 3126 2429 3181 Indi
2447 3140 2570 3181 cum
2592 3123 2882 3190 Arabibus,
2900 3121 3105 3178 Arabes
3126 3136 3247 3177 cum
3260 3119 3477 3175 Ethio-

1893 3224 2076 3294 pibus,
2102 3230 2156 3276 et
2185 3218 2472 3289 Ethiupes
2517 3213 2641 3272 cum
2682 3214 2790 3270 illis
2828 3214 2897 3269 de
2925 3212 3080 3268 idolis
3120 3212 3472 3269 dissentiunt.

1894 3316 2018 3389 Syri
2053 3315 2283 3371 Cilicum
2334 3311 2466 3367 deos
2496 3324 2606 3365 non
2656 3308 2843 3363 colunt
2881 3325 2894 3361 :
2948 3306 3298 3385 Cappadoces
3342 3305 3472 3359 item

1893 3409 2030 3464 alios
2060 3406 2193 3463 deos
2217 3413 2418 3475 praeter
2452 3402 2586 3457 istos
2610 3408 2932 3471 agnoscunt.
2975 3396 3197 3468 Bithyni
3224 3395 3475 3452 similiter

1893 3500 2051 3565 alios,
2079 3497 2321 3566 aliosque
2338 3492 2559 3550 Armeni
2578 3492 2707 3547 deos
2740 3490 2841 3546 sibi
2864 3489 3085 3544 ﬁnxere.
3115 3488 3253 3555 Quid
3274 3486 3474 3542 multa?

1894 3589 1997 3656 Qui
2030 3590 2083 3644 in
2131 3586 2433 3644 continenti
2465 3583 2714 3639 habitant
2744 3581 2878 3637 alios
2909 3581 3059 3645 deos,
3108 3594 3269 3649 quam
3302 3577 3357 3632 hi
3381 3577 3479 3647 qui

1892 3682 2099 3739 insulas
2132 3680 2342 3743 colunt,
2370 3686 2730 3743 venerantur;
2753 3683 2809 3730 et
2830 3673 3093 3741 vicissim,
3128 3670 3220 3741 qui
3244 3670 3296 3725 in
3327 3670 3483 3724 insu-

1894 3776 1961 3831 lis
1995 3778 2233 3834 manent,
2272 3770 2407 3825 alios
2431 3783 2596 3838 quam
2639 3767 2730 3838 qui
2766 3766 2819 3819 in
2858 3764 3190 3824 continente,
3224 3762 3353 3817 deos
3380 3760 3487 3813 ad-

1894 3865 2139 3921 mittunt.
2167 3861 2410 3930 Denique
2446 3857 2673 3929 singula
2713 3856 2963 3911 civitates
2999 3865 3054 3909 et
3075 3854 3201 3921 vici,
3232 3854 3363 3908 deos
3396 3852 3480 3905 vi-

1895 3954 2139 4009 cinorum
2166 3951 2437 4015 nesciunt,
2478 3960 2715 4017 suosque
2749 3944 2871 4001 aliis
2909 3953 3263 4013 anteponunt,
3315 3950 3480 4010 atque

1895 4048 1994 4102 hos
2020 4046 2167 4101 solos
2188 4043 2317 4098 deos
2334 4057 2454 4097 esse
2469 4040 2826 4095 arbitrantur.
2846 4037 2981 4093 Nam
3012 4036 3155 4105 quod
3178 4034 3245 4090 ad
3270 4035 3483 4087 abomi-

1896 4136 2102 4191 nandos
2129 4132 2511 4204 Egyptiorum
2542 4133 2677 4186 ritus
2703 4128 2959 4199 pertinet,
3004 4127 3188 4182 dicere
3215 4124 3348 4179 nihil
3379 4139 3479 4177 ne-

1895 4241 2048 4283 cesse
2093 4236 2197 4291 est,
2243 4239 2368 4279 cum
2396 4221 2637 4277 unmium
2689 4220 2862 4274 oculis
2908 4226 3093 4286 pateat
3131 4216 3376 4269 diversas
3417 4228 3481 4265 ac

1896 4319 2040 4374 inter
2082 4330 2141 4371 se
2172 4324 2476 4387 pugnantes
2516 4311 2809 4378 religiones
2856 4309 3137 4363 civitatum
3170 4320 3311 4369 esse,
3350 4304 3483 4356 vici-

1897 4422 2107 4478 nosque
2157 4405 2436 4463 contraria
2480 4403 2677 4458 vicinis
2717 4414 2935 4469 semper
2967 4397 3145 4453 colere
3185 4393 3477 4449 studuisse.

1899 4498 2037 4555 llinc
2060 4497 2389 4561 crocodilus,
2438 4509 2599 4565 quem
2632 4492 2719 4546 alii
2757 4499 3011 4556 tanquam
3047 4488 3205 4541 deum
3232 4483 3487 4543 adorant,

214 4588 452 4650 γειτόνων
507 4590 597 4641 ἀεὶ
637 4585 1000 4650 σπουδάζουσι
1058 4590 1198 4641 κατὰ
1254 4589 1363 4643 τῶν
1431 4590 1675 4661 πλησίων
1726 4590 1790 4643 τὰ

1903 4589 2043 4662 apud
2070 4587 2282 4642 vicinos
2308 4581 2672 4640 exsecrationi
2703 4588 2805 4635 est.
2839 4577 2951 4633 Leo
2978 4576 3143 4630 etiam
3180 4587 3338 4643 quem
3386 4571 3485 4625 alii

216 4676 412 4731 ἐναντία
446 4679 647 4733 σέϐειψ
678 4681 709 4732 ό
746 4676 879 4746 γοῦν
914 4682 1041 4751 παρ’
1083 4680 1289 4752 ἑτέροις
1324 4682 1794 4754 προσκυνούμενος

216 4764 285 4828 ὡς
320 4768 431 4832 θεὸς
482 4768 856 4843 κροκόδειλος,
896 4763 1049 4834 οὗτος
1072 4771 1219 4839 παρὰ
1250 4774 1363 4834 τοῖς
1411 4771 1636 4842 πλησίον
1671 4771 1792 4841 βδέα

216 4852 381 4926 λυγμα
414 4860 732 4929 νομίζεται·
768 4859 863 4911 καὶ
913 4860 942 4911 ὁ
974 4861 1106 4929 παρ’
1142 4860 1345 4930 ἑτέροις
1395 4859 1529 4912 λέων
1558 4860 1633 4923 ὡς
1671 4859 1793 4924 θεὸς

220 4942 659 5020 θρησκευόμενος,
700 4948 891 5002 τοῦτον
939 4952 987 5002 οἱ
1020 4950 1395 5017 ἀστυγείτονες
1437 4952 1498 5004 οὐ
1542 4952 1699 5021 μόνον
1731 4952 1791 5005 οὐ

219 5033 617 5107 θρησκεύουσιν,
669 5039 808 5093 ἀλλὰ
861 5039 955 5093 καὶ
985 5040 1233 5111 εὑρόντες
1268 5041 1679 5095 ἀποκτείνουσιν
1720 5041 1795 5106 ὡς

282 5210 385 5286 (ἓῖ)
410 5215 638 5286 Seguer.
672 5217 825 5285 γοῦν.

280 5282 744 5361 1%)Sicwseguer.
765 5284 984 5361 βοὺιετ.
1004 5284 1246 5342 Felckm.
1279 5286 1304 5340 l
1335 5300 1497 5343 anon.
1526 5285 1631 5341 Alii
1669 5300 1791 5340 cum

214 5347 380 5430 editis;
403 5347 873 5430 ᾁναπλῆροέσβοιι-

283 5420 640 5495 (29)_Seguer.
696 5426 917 5495 Gobler.
970 5425 1214 5481 Felckm.
1250 5426 1275 5479 1
1315 5440 1479 5480 anon.
1530 5425 1661 5495 περὶ
1690 5426 1791 5479 αὐ-

212 5484 335 5566 τάξ,
372 5484 543 5566 Paulo
586 5503 728 5566 post
781 5494 1034 5566 Seguer.,
1082 5496 1182 5549 ούκ
1237 5498 1386 5549 ἴσασι
1449 5484 1617 5551 habet
1672 5504 1794 5565 post

213 5559 336 5631 παρ’
365 5559 703 5631 Αἰγυπτίοις.

215 5628 388 5705 “(50)
440 5628 532 5688 Sic
579 5634 816 5705 Seguer.
848 5632 1122 5705 Alii_c_um
1173 5632 1354 5705 editis,
1403 5633 1638 5705 Θρᾷκες.
1668 5632 1791 5705 Mox

215 5697 348 5767 idem
370 5697 483 5755 'ms.
516 5713 577 5755 ut
600 5697 905 5757 et'Gobler.
948 5702 1131 5760 Felck.
1174 5704 1200 5758 1
1256 5697 1420 5759 anan.
1454 5697 1652 5767 habet,
1683 5702 1785 5757 Θη-

214 5762 394 5844 εαςιργρ
440 5770 726 5844 ’Δρράσων
755 5772 1121 5844 eruisses:-

286 5838 395 5910 (3!)
442 5838 556 5893 Δε⁷ῖ’
593 5843 748 5897 deest
799 5841 853 5895 in
901 5838 1142 5897 Felckm.
1176 5841 1211 5895 3
1260 5857 1423 5896 anon.
1466 5840 1599 5895 ibid.
1670 5857 1792 5895 mox

218 5917 312 5971 ί)Γο
339 5910 483 5977 παρὰ
521 5910 739 5966 Goblcr.
774 5920 825 5965 et
859 5910 1099 5966 Fclt'km.
1126 5912 1148 5964 1
1178 5928 1338 5967 anon.
1392 5912 1516 5982 περί
1576 5913 1791 5977 habent,

1901 4692 1960 4738 ut
1994 4683 2152 4737 deum
2182 4677 2389 4743 colunt,
2416 4692 2446 4729 a
2478 4672 2723 4728 ﬁnitimis
2770 4685 2877 4725 non
2906 4668 3079 4724 solum
3120 4681 3227 4721 non
3259 4663 3484 4727 colitur,

1899 4770 1994 4825 sed
2057 4768 2310 4823 iuventus
2343 4773 2601 4834 tanquam
2652 4762 2765 4816 fera
2813 4759 3103 4815 occiditur.
3152 4756 3264 4828 (33)
3308 4754 3484 4811 Piscis

1901 4861 2027 4915 item
2054 4871 2212 4925 quem
2239 4854 2329 4909 alii
2365 4855 2509 4910 inter
2536 4854 2757 4908 numina
2787 4850 3051 4915 referunt,
3093 4850 3160 4903 ab
3185 4847 3306 4903 aliis
3340 4847 3497 4903 idem.

1897 4938 1955 5003 iu
1987 4948 2169 5003 cibum
2199 4946 2431 5015 capitur.
2487 4945 2614 5001 Inde
2649 4958 2782 4999 sane
2809 4942 2973 5006 bella,
3010 4941 3328 5005 seditiones,
3357 4954 3483 4994 cre-

3398 468 3501 557 ‘6.

1903 5042 2123 5109 bneque
2156 5038 2386 5095 cmdium
2421 5037 2737 5094 occasiones
2788 5037 2932 5091 inter
2979 5049 3073 5093 eos
3114 5033 3434 5090 exoriuntur
3465 5049 3478 5085 :
3512 5084 3517 5089 ,

1898 5225 1953 5270 et
1987 5214 2211 5286 Seguer.
2240 5217 2357 5277 τοῖς
2403 5228 2501 5283 pro
2533 5211 2681 5275 τούς.
2727 5210 2859 5286 Ταῖς
2890 5223 3022 5286 εει]ζ
3042 5206 3192 5262 deest
3234 5205 3291 5286 in.
3314 5202 3493 5286 Basila

1899 5286 2025 5341 Haec
2053 5273 2183 5339 item
2208 5273 2367 5338 verba
2404 5273 2705 5352 sequentia,
2731 5284 2825 5335 καὶ
2863 5273 3131 5352 νησῐῷται
3150 5273 3305 5345 παρὰ
3355 5274 3482 5352 τοὺς

1898 5340 2360 5426 ὲνίταῖςίηπείροις
2392 5340 2760 5426 θρησκεύουσι
2791 5340 2986 5426 destitit
3020 5348 3074 5426 in
3099 5340 3483 5426 ξεςιξοιξηεοτ

1900 5427 2033 5479 hler.
2064 5409 2302 5480 icit-mh.
2336 5409 2357 5477 i
2393 5409 2557 5478 aiio’n.
2586 5424 2720 5477 Esse
2749 5421 2800 5473 in
2836 5417 2995 5472 Basil.
3029 5424 3082 5467 et
3105 5409 3262 5481 An‘gt.
3292 5409 3496 5481 scribit.

1899 5478 2317 5550 Felt-kiiiannus.
2355 5495 2428 5549 Ea
2485 5494 2612 5547 item
2660 5493 2902 5561 legerunt
2949 5478 3306 5543 Omnibonus,
3348 5478 3485 5532 Am-

1896 5565 2045 5618 bros.
2074 5564 2373 5617 Camaldul.
2392 5573 2441 5617 et
2475 5561 2737 5615 Nannius.

1970 5633 2083 5703 (32)
2148 5633 2388 5688 Felt-km.
2458 5633 2493 5685 3
2554 5644 2761 5689 auon..
2828 5633 2885 5675 εν
2946 5633 3261 5697 οφοαλμοις.
3333 5633 3483 5672 luem

1898 5703 2057 5772 p.7tulo
2127 5713 2248 5772 post
2296 5701 2564 5772 dumut};
2602 5712 2716 5772 .non
2778 5689 3143 5772 habeti‘lteut
3194 5686 3483 5772 infra-pro

1901 5756 2144 5857 ἓτξκησςοηί
2200 5756 2426 5825 uoster:
2474 5756 2719 5823 Felckm.
2771 5763 2804 5814 ι
2851 5769 2905 5814 et
2950 5756 3000 5809 2-
3047 5770 3215 5810 anon.
3281 5758 3480 5813 habent

1904 5857 2166 5908 timpuuv.

1975 5914 2083 5978 (αὖ)
2156 5906 2303 5959 tlrml
2361 5906 2454 5957 alis
2493 5919 2546 5956 rc
2596 5901 2697 5954 erit
2750 5899 2837 5953 hic
2897 5898 3096 5953 referre
3134 5897 3278 5967 quod
3321 5894 3491 5952 habet

2156 5578 2441 5617 matuut.et
2475 5578 2737 5615 tvauntus.
3514 5578 3520 5602 ι

2148 5633 2388 5688 Felt-km.
2458 5633 2493 5685 3
2554 5644 2761 5689 auon..
2828 5625 2885 5675 ὲν
2946 5617 3277 5689 ὀφθαλμοῖς.Δ
3332 5615 3487 5672 Idem
