4010 6520
522 414 597 472 ιτ
1095 414 1154 471 s.
1197 414 1569 474 ATHANASII
1609 415 1760 473 ore.
1803 415 1983 472 mus
2022 416 2064 473 1.
2096 450 2166 460 _
2205 417 2573 475 msromm
2617 419 2703 475 ET
2743 405 3167 477 DOGMATICA.
3716 420 3789 475 ιε

517 528 645 584 hinc
685 541 874 583 omnes
904 525 1158 586 libidines
1183 529 1323 599 apud
1348 529 1467 585 illos
1489 530 1691 599 vigent.
1719 528 1985 584 Caeterum
2022 530 2090 584 il-

2200 531 2403 602 θηρίον·
2431 532 2524 584 καὶ
2547 534 2575 584 ὁ
2613 532 2740 602 παρ’
2774 532 2953 596 ἄλλοις
2985 530 3263 594 ἀνατεθεὶς
3286 530 3437 603 ἰχθῦς
3464 529 3608 603 (55),
3636 524 3790 593 οὗτος

515 617 608 675 lud
647 621 700 676 in
739 621 932 691 primis
982 621 1398 678 admirationem
1453 637 1670 677 movere
1716 622 1898 687 debet,
1952 622 2095 691 quod

514 725 639 766 cum
672 711 907 782 Pelasgi,
935 722 996 769 ut
1040 714 1286 770 historici
1332 722 1579 779 narrant,
1610 713 1835 769 deorum
1878 714 2096 768 nomina

514 802 586 858 ab
634 800 905 874 Egyptiis
962 804 1283 870 didicerint,
1331 801 1712 874 Egyptiorum
1767 804 1897 858 deos
1936 803 2098 857 iidem

512 908 621 948 non
663 903 985 963 agnoscant,
1009 895 1103 949 sed
1122 894 1258 949 alios
1287 894 1446 963 plane
1470 904 1813 949 venerentur.
1834 894 2095 957 Tandem,

510 992 573 1037 ut
598 984 913 1039 summatim
963 984 1166 1049 dicam,
1213 984 1453 1039 omnium
1487 984 1729 1055 gentium
1776 999 1895 1051 qua:
1930 982 2098 1037 stulte

511 1072 659 1129 idola
687 1074 892 1139 colunt,
945 1073 1225 1144 multiplex
1254 1074 1440 1145 opinio
1467 1084 1522 1128 et
1566 1074 1760 1143 religio
1792 1082 1895 1137 est,
1926 1088 2099 1142 neque

508 1163 699 1218 eadem
728 1163 868 1234 apud
902 1177 1093 1218 omnes
1137 1163 1528 1231 reperiuntur:
1564 1164 1711 1233 quod
1746 1163 1935 1233 utique
1987 1177 2096 1217 non

512 1251 787 1309 immerito
814 1252 919 1308 illis
951 1252 1199 1321 contigit.
1222 1253 1359 1320 Quia
1391 1254 1533 1310 enim
1562 1254 1631 1309 ab
1656 1253 1815 1308 unius
1851 1253 1944 1309 Dei
1974 1260 2101 1307 con-’

514 1343 867 1414 templatione
898 1358 1199 1409 recessere,
1228 1359 1290 1399 ea
1316 1359 1481 1401 causa
1515 1343 1615 1399 iuit
1643 1359 1740 1400 cur
1766 1344 1819 1397 in
1854 1342 2023 1399 multa
2042 1351 2098 1397 et

511 1435 726 1491 diversa
780 1436 1085 1507 praecipites
1134 1436 1402 1503 abierint;
1460 1447 1813 1507 mentemque
1857 1435 1910 1490 in
1945 1435 2095 1491 varia

511 1526 832 1582 distractam
858 1527 892 1581 ii
917 1526 1217 1595 iustissime
1243 1528 1470 1595 habent,
1497 1530 1588 1599 qui
1620 1542 1680 1584 se
1705 1543 1735 1583 a
1768 1542 1899 1584 vero
1919 1526 2097 1585 Patris

508 1616 710 1681 Verbo,
737 1620 978 1673 omulum
1003 1628 1283 1674 servatore
1304 1620 1540 1684 Christo,
1578 1627 1941 1675 removerunt.
1961 1617 2093 1673 Nam

510 1708 961 1775 quemadmodum
997 1709 1087 1779 qui
1117 1711 1283 1765 solem
1316 1707 1531 1780 fugiunt
1560 1718 1616 1764 et
1646 1709 1701 1762 in
1740 1708 2095 1765 tenebricosis

511 1795 649 1851 locis
706 1806 1017 1863 versantur,
1048 1798 1250 1855 multas
1302 1798 1534 1855 incultas
1566 1799 1681 1853 vias
1730 1798 2089 1867 circumeunt,

2202 622 2260 672 ὲν
2298 620 2442 690 ἀλλῳ
2466 620 2745 673 ἁλίσκεται
2788 622 2961 692 τροφή
3004 620 3137 691 (54).
3160 619 3324 673 ’Ὀθεν
3342 620 3407 691 δὴ
3432 620 3665 689 πόλεμοι
3700 621 3791 673 καὶ

2202 711 2419 773 στάσεις
2466 711 2559 763 καὶ
2610 712 2761 765 πᾶσα
2803 712 2975 781 φόνων
3011 711 3121 779 (35)
3166 711 3459 783 πρόφασις,
3496 711 3595 763 καὶ
3644 712 3792 764 πᾶσα

2198 801 2306 854 τῶν
2333 800 2520 854 παθῶν
2537 800 2695 871 ἡδονὴ
2730 802 2860 873 παρ’
2905 802 3087 865 αὐτοῖς
3117 802 3254 855 ἐστι.
3286 802 3397 854 Kal
3412 801 3542 868 τόγε
3576 800 3790 870 θαυμα-

2201 891 2346 957 στὸν,
2365 892 2468 957 ὃτι,
2494 892 2568 955 ὡς
2597 894 2646 945 οἱ
2673 893 3055 963 ἱστορήσαντες
3078 891 3423 962 ἐξηγοῦνται,
3455 893 3589 964 παρ’
3621 893 3790 959 Αἰγυ-

2201 981 2373 1035 πτίων
2399 983 2448 1035 οἱ
2494 982 2759 1049 Πελασγοὶ
2795 981 3059 1053 μαθόντες
3086 983 3153 1037 τά
3190 984 3431 1055 ὀνόματα
3478 984 3590 1037 τῶν
3630 981 3789 1045 θεῶν,

2200 1072 2299 1126 οὐκ
2344 1074 2521 1125 ῐσασιν
2555 1068 2699 1127 οὗτοι
2750 1072 2875 1135 τοὺς
2918 1074 3047 1143 παρ’
3088 1074 3407 1143 Αἰγυπτίοις
3446 1073 3559 1143 (56)
3609 1072 3786 1137 θεοὺς,

2198 1162 2337 1217 ἀλλά
2381 1163 2573 1227 ἄλλους
2628 1162 2758 1234 παρ’
2792 1163 3036 1229 ἐκείνους
3066 1163 3449 1236 θρησκεύουσι.
3502 1166 3617 1218 Kal
3656 1164 3793 1229 ὅλως

2200 1253 2417 1308 πάντων
2466 1254 2575 1309 τῶν
2619 1257 2676 1309 ὲν
2725 1242 2989 1320 εἰδώλοις’
3012 1256 3287 1327 μανέντων
3324 1256 3497 1311 ἐθνῶν
3532 1258 3792 1330 διάφορός

2200 1344 2348 1397 ἐστιν
2376 1346 2409 1417 ἡ
2443 1344 2569 1411 δόξα
2600 1346 2695 1400 καὶ
2722 1347 2757 1416 ή
2807 1345 3097 1418 θρησκεία,
3129 1347 3224 1402 καὶ
3253 1348 3314 1401 οὐ
3344 1348 3415 1401 τὰ
3446 1346 3589 1401 αύτά
3640 1347 3793 1419 παρὰ

2197 1436 2309 1497 τοῖς
2336 1435 2522 1499 αὐτοῖς
2543 1434 2880 1506 εὑρίσκεται.
2908 1436 3021 1490 Καὶ
3037 1437 3260 1500 εἰκότως
3286 1452 3355 1511 γε
3373 1436 3533 1490 τοῦτο
3550 1436 3793 1507 πάσχου-

2200 1539 2303 1576 σιν.
2340 1524 2692 1589 Ἐκπεσόντες
2719 1524 2829 1597 γάρ
2851 1524 2960 1578 ἀπὺ
2974 1526 3076 1595 τῆς
3098 1525 3235 1598 πρὸς
3271 1525 3362 1580 τὸν
3399 1527 3496 1580 ἕνα
3527 1526 3664 1579 Θεὸν
3692 1545 3793 1580 κα-

2196 1614 2521 1685 τανοήσεως,
2575 1617 2654 1680 εἰς
2684 1614 2855 1669 πολλά
2896 1617 2992 1669 καὶ
3028 1616 3260 1689 διάφορα
3297 1620 3787 1675 καταπεπτώκασι·

2196 1705 2293 1758 καλ⁸
2327 1705 2772 1777 ἀποστραφέντες
2804 1707 2896 1759 τὸν
2938 1706 3153 1780 ἀληθῶς
3194 1707 3288 1760 τοῦ
3338 1707 3555 1780 Πατρὺς
3594 1708 3789 1776 Λόγον,

2194 1797 2285 1850 τὸν
2318 1789 2533 1851 πάντων
2573 1798 2804 1870 Σωτῆρα
2834 1800 3069 1871 Χριστὸν
3101 1800 3324 1862 εἰκότως
3356 1800 3470 1866 (57)
3506 1801 3589 1864 εἰς
3620 1801 3794 1853 πολλά

506 1896 918 1958 praesentesque
947 1903 1055 1943 non
1096 1888 1300 1954 vident,
1353 1897 1410 1944 et
1452 1890 1708 1945 absentes
1734 1888 1927 1945 adesse
1952 1890 2093 1944 arbi-

2200 1889 2294 1959 τὴν
2343 1889 2581 1943 διάνοιαν
2613 1890 2795 1961 ἔχουσι
2828 1891 3191 1962 ῥεμϐομένην.
3242 1891 3352 1944 Καὶ
3390 1890 3583 1962 ῶσπερ
3604 1893 3655 1944 οἰ
3701 1890 3792 1945 τὸν

512 1986 726 2033 trantur
755 1996 769 2033 :
800 1995 907 2035 uno
942 1977 1128 2043 verbo,
1155 1981 1417 2048 videntes,
1443 1994 1549 2035 non
1602 1980 1818 2046 vident;
1852 1979 1924 2035 ita
1949 1989 2099 2035 certe

510 2069 604 2137 qui
637 2084 697 2124 se
722 2083 754 2122 ιι
786 2068 896 2125 Deo
918 2079 1236 2124 averterunt
1262 2080 1425 2140 atque
1453 2070 1634 2126 animo
1664 2069 1923 2125 obcaecati
1949 2079 2094 2135 sunt,

510 2166 744 2214 mentem
770 2158 1025 2230 agitatam
1050 2175 1111 2215 ac
1134 2160 1478 2215 vacillantem
1513 2162 1812 2226 habent,et
1844 2174 1933 2216 res
1974 2175 2096 2229 quae

506 2251 663 2306 nulla:
687 2263 837 2317 sunt,
872 2260 1131 2323 tanquam
1180 2255 1274 2324 qui
1299 2265 1426 2310 sunt
1463 2254 1600 2311 ebrii
1636 2262 1692 2310 et
1724 2253 1857 2307 nihil
1883 2253 2091 2314 vident,

506 2344 834 2415 cogitatione
859 2346 1089 2415 ﬁngunt.

2194 1980 2341 2051 ἥλιον
2366 1979 2808 2051 ἀποστραφέντες
2840 1981 2933 2034 καὶ
2959 1982 3017 2033 ὲν
3044 1982 3338 2044 σκοτεινοῖς
3369 1980 3658 2051 γενόμενοι
3704 1979 3792 2033 τό·

2195 2090 2339 2136 ποις,
2391 2072 2595 2136 πολλὰς
2631 2073 2853 2138 ἀνόδους
2893 2072 3249 2127 κυκλεύουσιν
3294 2072 3468 2136 ὁδούς·
3519 2074 3617 2128 καὶ
3666 2073 3792 2136 τοὺς

2196 2163 2295 2233 μὲν
2334 2164 2611 2235 παρόντας
2663 2166 2763 2236 οὐχ
2813 2165 3003 2236 ὁρῶσι,
3044 2167 3171 2230 τοὺς
3189 2165 3247 2219 δὲ
3289 2166 3364 2237 μὴ
3385 2166 3548 2228 ὄντας
3590 2165 3792 2234 φαντά-

2152 2284 2153 2287 η
2191 2254 2375 2317 ζονται
2405 2254 2480 2318 ὼς
2510 2255 2813 2327 παρόντας,
2850 2256 2945 2310 καὶ
2977 2255 3265 2325 βλέποντες
3292 2256 3352 2310 ού
3390 2256 3674 2326 βλέπουσι*
3700 2255 3789 2309 τὸν

2188 2345 2352 2399 αὐτὸν
2373 2347 2574 2417 τρόπον
2600 2349 2649 2401 οἱ
2682 2347 2774 2401 τὸν
2812 2348 2945 2402 Θεὸν
2988 2348 3437 2419 ἀποστραφέντες
3480 2349 3579 2401 καὶ
3611 2364 3791 2400 σκοτι-

475 2435 731 2501 οσθιέντες
765 2435 867 2506 τὴν
907 2434 1082 2505 ψυχὴν
1127 2433 1463 2506 ῥεμϐόμενον
1499 2432 1683 2503 ἔχουσι
1710 2434 1801 2487 τὸν
1826 2434 1971 2501 νοῦν,
2002 2436 2097 2489 καὶ
2132 2441 2199 2488 τὰ
2241 2438 2341 2491 οὐκ
2380 2438 2510 2493 ὄντα
2551 2440 2626 2503 ὡς
2683 2439 2968 2511 μεθύοντες
3036 2440 3130 2494 καὶ
3198 2440 3272 2511 μὴ
3305 2440 3541 2511 ὁρῶντες
3585 2438 3789 2508 φαντά-

512 2526 720 2593 ξονται.

574 2620 667 2674 24.
697 2619 820 2673 llaec
838 2633 1011 2688 porro
1028 2631 1134 2672 non
1157 2614 1259 2672 levi
1282 2624 1407 2670 sunt
1435 2625 1753 2686 argumento
1775 2615 1945 2672 nullos
1969 2633 2093 2673 vere

2270 2617 2359 2672 24.
2398 2616 2584 2671 Ταῦτα
2626 2616 2683 2670 δὲ
2720 2616 2783 2669 ού
2827 2617 3024 2688 μικρὸς
3065 2616 3282 2687 ἔλεγχός
3336 2617 3449 2670 εστι
3507 2616 3610 2687 τῆς
3654 2615 3788 2685 ἀλη-

508 2711 641 2766 deos
672 2710 740 2763 ab
773 2709 877 2764 illis
898 2711 1141 2779 agnosci.
1185 2707 1317 2762 Nam
1352 2722 1473 2761 cum
1510 2722 1605 2776 per
1631 2708 1791 2763 urbes
1822 2723 1885 2763 ac
1915 2709 2093 2779 regio-

2202 2707 2310 2770 θῶς
2339 2706 2449 2777 (58)
2494 2706 2784 2777 ἀθεότητος
2815 2706 3016 2761 αὐτῶν.
3057 2708 3337 2777 Διαφόρων
3370 2707 3479 2777 γὰρ
3501 2706 3674 2758 ὄντων
3698 2706 3792 2759 καὶ

507 2815 609 2856 nes
664 2799 883 2865 plurimi
938 2800 1247 2869 diversique
1289 2799 1402 2853 sint
1439 2798 1535 2865 dii,
1581 2797 1829 2869 alterque
1872 2799 2093 2856 alterius

2202 2800 2409 2853 πολλῶν
2463 2800 2604 2854 κατά
2634 2800 2788 2853 πόλιν
2823 2800 2915 2854 καὶ
2940 2800 3122 2872 χώραν
3152 2800 3306 2865 θεῶν,
3337 2803 3430 2855 καὶ
3460 2800 3558 2855 τοῦ
3599 2802 3790 2872 ἐτέρου

506 2892 666 2949 deum
699 2891 923 2948 tollatet
945 2890 1191 2961 repudiet
1223 2909 1235 2945 :
1267 2890 1499 2946 eilicitur
1531 2889 1776 2957 profecto
1803 2898 1862 2944 ut
1898 2905 2093 2947 omnes

2200 2890 2289 2943 τὸν
2338 2890 2432 2943 τοῦ
2485 2890 2672 2962 ἐτέρου
2708 2890 3062 2962 ἀναιροῦντος
3106 2892 3244 2957 θεὸν,
3302 2895 3349 2946 οί
3385 2893 3592 2959 πάντες
3638 2893 3794 2965 παρά

506 2983 575 3039 ab
603 2982 854 3038 omnibus
883 2983 1220 3054 rejiciantur.
1257 2980 1467 3038 Etenim
1511 2981 1604 3051 qui
1638 2982 1779 3051 apud
1826 2980 1960 3036 alios
1991 2995 2091 3051 pu-

2203 2984 2417 3037 πάντων
2444 2984 2813 3055 ἀναιροῦνται.
2847 2987 2958 3040 Καὶ
2990 2988 3097 3059 γὰρ
3131 2989 3178 3041 οί
3203 2987 3333 3058 παρ’
3362 2986 3546 3051 ἀλλοις
3572 2987 3793 3057 νομιζό-

505 3084 689 3128 tantur
715 3074 811 3141 dii,
847 3074 1067 3130 deorum
1089 3087 1226 3143 quos
1246 3072 1342 3151 alii
1374 3072 1559 3129 colunt
1592 3072 1726 3126 [lunt
1756 3071 2008 3136 victimae,
2038 3079 2093 3126 et

2201 3091 2351 3145 μενοι
2388 3075 2499 3128 θεοί
2532 3077 2639 3129 τῶν
2680 3080 2813 3150 παρ’
2846 3079 3026 3142 ἄλλοις
3057 3076 3360 3149 λεγομένων
3395 3077 3536 3132 θεῶν
3571 3078 3791 3147 γίγνον-

511 3165 700 3222 hostia:
739 3181 753 3217 :
805 3174 862 3221 et
893 3165 1131 3220 vicissim
1183 3163 1414 3219 aliorum
1446 3164 1699 3227 victima},
1754 3162 1828 3217 dii
1860 3162 2088 3217 aliorum

2200 3183 2283 3220 ται
2318 3165 2501 3219 θυσίαι
2531 3168 2625 3220 καὶ
2666 3169 2911 3224 σπονδαί·
2950 3172 3041 3224 καὶ
3078 3170 3251 3225 ἄλλων
3287 3169 3342 3222 αἱ
3378 3168 3585 3233 θυσίαι,
3614 3171 3793 3225 ἄλλων

502 3265 651 3312 sunt.
686 3254 928 3345 Egyptii
971 3257 1170 3326 quippe
1205 3256 1396 3311 bovem
1430 3255 1534 3328 19
1556 3265 1604 3311 et
1636 3255 1790 3325 Apim
1819 3257 1910 3345 qui
1941 3257 2085 3311 vitu-

2200 3257 2425 3330 ἔμπαλίν
2444 3259 2549 3310 εἰσι
2571 3258 2703 3311 θεοί.
2728 3260 3016 3329 Αἰγύπτιοι
3046 3261 3101 3314 δὲ
3117 3261 3208 3314 τὸν
3229 3260 3355 3329 βοῦν
3384 3261 3481 3316 καὶ
3504 3261 3599 3314 τὸν
3627 3262 3794 3314 Ἀπιν

503 3347 589 3403 lus
624 3358 728 3415 est,
759 3344 1154 3403 'venerantur:
1208 3357 1264 3403 at
1314 3347 1406 3403 alii
1448 3348 1578 3403 istos
1626 3347 1745 3405 Jovi
1784 3344 2087 3406 immolant.

504 3437 643 3492 Nam
695 3441 945 3509 quamvis
985 3438 1106 3493 illos
1154 3439 1322 3508 ipsos,
1348 3452 1487 3507 quos
1516 3438 1760 3510 IEgyptii
1785 3440 1930 3494 inter
1962 3440 2093 3494 deos

504 3527 772 3593 referunt,
808 3542 913 3582 non
938 3528 1216 3583 immolent
1244 3546 1259 3583 :
1293 3538 1469 3584 tamen
1505 3545 1629 3585 cum
1660 3530 1856 3584 horum
1884 3529 2092 3587 similes

505 3618 836 3683 sacriﬁcent,
867 3618 1084 3673 eosdem
1112 3618 1308 3674 oﬂerre
1349 3620 1622 3675 videntur.
1659 3619 1847 3693 Libyae
1876 3637 2093 3692 quoque

504 3708 685 3779 populi
717 3723 871 3765 ovem
898 3707 1011 3764 sive
1040 3710 1288 3771 arietem,
1322 3724 1480 3778 quem
1512 3712 1835 3767 Ammonem
1874 3723 2088 3779 vocant,

508 3802 669 3856 deum
688 3801 891 3858 habent
920 3822 932 3857 :
960 3809 1016 3855 at
1034 3802 1174 3856 idem
1195 3801 1263 3856 ab
1284 3801 1428 3867 aliis,
1451 3802 1768 3869 utvictima,
1789 3804 2090 3860 multisim‘

508 3892 763 3947 molatur.
800 3890 913 3946 Indi
939 3891 1209 3946 Bacchum
1231 3893 1433 3959 colunt,
1452 3910 1610 3965 quem
1627 3895 1806 3950 vinum
1834 3897 2092 3967 a’nigma-

507 3981 617 4036 tice
670 3979 964 4051 appellant,
1013 3983 1157 4051 quod
1191 3982 1364 4052 ipsum
1415 3967 1535 4039 aliis
1590 3985 1676 4040 alii
1734 3986 1926 4041 libant.
1982 3988 2091 4043 Alii

508 4074 702 4130 ﬂuvios
737 4082 791 4129 et
819 4072 1019 4142 fontes,
1050 4083 1105 4130 et
1143 4076 1377 4130 maxime
1410 4074 1676 4147 Egyplii,
1708 4094 1902 4149 aquam
1930 4090 2092 4136 caate-

509 4166 589 4221 ris
619 4167 781 4221 rebus
816 4166 1111 4236 praeferunt
1149 4169 1383 4236 deosque
1409 4178 1730 4239 agnoscunt.
1752 4170 1855 4224 Alii
1894 4172 2091 4227 nihilo-

509 4257 709 4322 minus,
743 4268 907 4328 atque
955 4260 1056 4326 ipsi
1113 4260 1275 4327 etiam
1324 4259 1564 4331 Egyptii
1599 4261 1693 4332 qui
1735 4262 1850 4319 haec
1882 4263 2085 4329 colunt,

509 4361 639 4401 suas
662 4345 1000 4417 aliorumque
1027 4348 1217 4406 sordes
1244 4351 1400 4419 aquis
1431 4352 1676 4416 abluunt,
1701 4360 1757 4406 et
1795 4353 1937 4422 quod
1966 4352 2090 4407 inde

510 4435 776 4507 reliquum
829 4448 915 4493 est
967 4455 1090 4494 cum
1146 4450 1459 4511 contemptu
1506 4441 1819 4512 projiciunt.
1855 4443 2089 4511 Denique

508 4529 761 4586 universa
799 4531 912 4587 fere
951 4530 1327 4603 (Egyptiorum
1360 4532 1694 4599 idololatria,
1724 4534 1953 4588 aliorum
1985 4535 2090 4590 diis

2197 3346 2393 3416 μόσχον
2410 3346 2537 3399 ὄντα
2556 3346 2794 3402 σέϐουσι·
2828 3350 2919 3402 καὶ
2947 3350 3166 3413 τούτους
3181 3349 3327 3404 ἄλλοι
3360 3349 3441 3420 τῷ
3471 3350 3557 3402 Διὶ
3578 3349 3789 3403 θύουσι.

2192 3436 2310 3491 Κᾶν
2342 3437 2452 3509 γὰρ
2489 3436 2563 3508 μὴ
2591 3438 2789 3502 αὐτοὺς
2832 3438 3073 3503 ἐκείνους
3102 3438 3198 3503 οὓς
3244 3439 3656 3501 ἀνατεθείκασι,
3694 3439 3792 3491 θύ-

2194 3545 2379 3594 σωσιν,
2404 3530 2542 3583 ἀλλά
2591 3529 2656 3582 τά
2706 3530 2868 3599 ὅμοια
2906 3530 3142 3595 θύοντες,
3186 3531 3255 3584 τὰ
3298 3532 3439 3586 αύτά
3488 3534 3793 3603 προσάγειν

2191 3616 2427 3672 δοκοῦσι.
2447 3617 2643 3681 Λίϐυες
2673 3619 2964 3690 πρόϐατον,
2990 3620 3018 3671 ὃ
3050 3618 3301 3673 καλοῦσιν
3330 3621 3634 3690 Ἀμμῶνα,
3673 3619 3793 3673 θεὸν

2192 3708 2395 3779 ἔχουσι’
2439 3708 2532 3761 καὶ
2578 3706 2736 3760 τοῦτο
2784 3707 2997 3771 πολλοῖς
3049 3708 3178 3779 παρ’
3215 3708 3418 3780 ἐτέρων
3472 3710 3553 3771 εἰς
3598 3707 3792 3760 θυσίαν

2194 3802 2479 3871 σφάζεται.
2525 3800 2677 3854 Ἰνδοὶ
2720 3800 2812 3854 τὸν
2859 3801 3110 3854 Διόνυσον
3146 3799 3535 3872 θρησκεύουσι,
3595 3798 3797 3869 συμϐο-

2190 3892 2357 3957 λικῶς
2389 3887 2532 3947 οἶνον
2561 3892 2724 3946 αὑτὸν
2743 3892 3119 3962 ὀνομάζοντες·
3150 3893 3245 3945 καὶ
3266 3892 3457 3945 τοῦτον
3478 3894 3597 3954 τοῖς
3611 3876 3793 3954 ἀλλᾶς

2195 3985 2514 4039 σπένδουσιν
2537 3985 2737 4056 ἕτεροι.
2773 3983 2953 4036 Ἀλλοι
2984 3984 3262 4053 ποταμοὺς
3282 3982 3375 4037 καὶ
3405 3984 3641 4054 κρήνας,
3695 3982 3793 4035 καὶ

2192 4076 2410 4130 πάντων
2452 4075 2687 4147 μάλιστα
2717 4074 3003 4142 Αἰγύπτιοι
3035 4073 3095 4126 τὸ
3135 4073 3276 4144 ὓδωρ
3326 4074 3791 4145 προτετιμήκασι,

2191 4167 2285 4222 καὶ
2335 4167 2491 4231 θεοὺς
2527 4165 2939 4237 ἀναγορεύουσι*
2990 4166 3085 4219 xal
3115 4166 3264 4235 ὅμως
3302 4163 3475 4229 ἄλλοι,
3510 4165 3609 4218 καὶ
3635 4164 3793 4217 αὐτοὶ

2191 4260 2246 4313 δὲ
2267 4262 2317 4313 oi
2332 4258 2504 4313 ταῦτα
2538 4258 2931 4331 θρησκεύοντες
2963 4260 3273 4328 Αἰγύπτιοι,
3303 4258 3430 4320 τοὺς
3454 4256 3566 4310 τῶν
3612 4256 3792 4347 ἄλλων

2194 4348 2421 4421 ῥύπους,
2457 4348 2709 4412 καὶτοὺς
2759 4350 2970 4405 ἑαυτῶν
3012 4348 3409 4404 ἀπονίπτονται
3449 4351 3565 4413 τοῖς
3606 4347 3786 4413 ῦδασι,

2192 4441 2286 4494 καὶ
2318 4439 2379 4493 τὸ
2404 4438 2654 4508 λείψανον
2681 4439 2819 4510 μετά
2851 4440 3072 4510 ἀτιμίας
3105 4438 3449 4516 ἐκρίπτουσι.
3493 4436 3691 4507 Σχεδὸν
3730 4437 3787 4489 δὲ

2195 4533 2345 4585 πᾶσα
2375 4532 2409 4601 ἠ
2445 4529 2552 4584 τῶν
2581 4530 2893 4599 Αἰγυπτίων
2921 4529 3261 4583 εἰδωλοποιία
3288 4527 3397 4581 τῶν
3443 4528 3580 4598 παρ’
3605 4527 3787 4589 ἀλλοις

511 4618 572 4674 iit
602 4622 846 4692 victima,
894 4623 1028 4681 adeo
1060 4633 1119 4679 ut
1166 4625 1268 4695 ipsi
1319 4639 1424 4679 non
1472 4638 1664 4694 parum
1700 4623 1768 4679 ab
1798 4623 2088 4695 illisqderi-

2200 4621 2330 4677 θεῶν
2361 4623 2477 4676 ἐστι
2498 4620 2674 4677 θυσίαο
2701 4621 2827 4675 ὥστ’
2849 4621 2914 4675 ἂν
2934 4620 3132 4686 αὐτοὺς
3159 4620 3255 4675 καὶ
3284 4617 3414 4689 παρ’
3441 4617 3628 4672 αὐτῶν
3647 4616 3788 4670 ὲκεί-

514 4861 814 4937 Xenophon
842 4863 1216 4937 CyriAnabas.
1245 4868 1339 4924 lib.
1366 4883 1406 4931 ι,
1438 4868 1857 4937 ειῖξιίροιεςνηηι
1882 4868 2098 4923 venisse

513 4936 607 5010 ξπ).
620 4934 712 5010 Iov
738 4934 914 4988 Χάλοῦ
945 4937 1212 5010 ποταμὸν,
1230 4939 1356 4991 ὄντα
1378 4937 1439 5010 τὸ
1458 4934 1615 5010 εὖρος
1638 4934 1890 5010 πλέθρου,
1917 4939 2020 5010 πλή
2031 4956 2097 5010 ρη

512 5002 559 5079 δ’
590 5004 790 5079 ἰχθύων
842 5002 1227 5079 μεγάλωνίκαί
1262 5008 1503 5078 πραέων,
1524 5002 1629 5079 ob;
1656 5011 1704 5079 oi
1740 5002 1900 5079 Σύροι
1943 5002 2099 5079 θεοὺς

514 5072 787 5157 ἐγόμιςοχ,
824 5072 1148 5157 καὶάδικεϊν
1172 5072 1455 5157 ούικ-εῐῳν,
1483 5078 1602 5157 οῦδὲ
1633 5077 1731 5157 τὰς
1749 5072 2095 5157 περιστεράς.

515 5141 572 5224 ld
601 5141 707 5224 est,
734 5143 1143 5224 Cyrumrvcnisse
1174 5149 1242 5198 ad
1263 5147 1480 5224 [luvium
1516 5144 1761 5224 Cilnium.2
1790 5141 1940 5224 cujus
1977 5141 2101 5224 lati-

517 5211 838 5283 tudojugéri
876 5223 972 5276 est,
1004 5216 1201 5283 quique
1237 5211 1443 5282 Magnis
1491 5224 1539 5267 et
1574 5211 2098 5283 cicuribus'piscibus

514 5280 723 5352 plenus
750 5280 1025 5352 “arquos
1078 5284 1203 5352 Syri
1243 5280 1367 5335 deos
1417 5299 1528 5336 esse
1561 5280 1954 5347 existimabant,
2004 5300 2097 5336 nec

482 5349 592 5468 -ῗίι
629 5350 815 5470 baiulum
861 5349 1273 5421 injuriam'ﬁeri
1310 5352 1665 5420 patiebamur,
1736 5353 1812 5405 uti
1863 5369 1955 5406 nec
2006 5368 2097 5405 co-

540 5432 627 5469 unt
683 5436 727 5470 ο.

540 5425 727 5472 ambis.

555 5487 701 5566 χει)
737 5486 871 5571 .Vox
913 5490 1087 5610 τῇοφή
1112 5490 1298 5570 _deest
1342 5490 1395 5544 in
1435 5489 1665 5572 §eguer.
1719 5504 1816 5545 nec
1861 5504 1980 5544 eam
2017 5489 2092 5544 le-

555 5568 661 5609 isse
703 5558 913 5610 videtur
1001 5575 1213 5610 anulus.
1263 5559 1318 5610 In
1363 5560 1523 5610 editis
1562 5559 1812 5610 habetur.
1864 5573 2091 5610 eamque

520 5558 661 5659 gisse
703 5558 913 5612 videtur
953 5558 1213 5614 Nannius.
1263 5559 1318 5612 In
1363 5558 1812 5617 editis'habetur.
1864 5573 2091 5637 eamqne

538 5637 758 5659 nun-mni
811 5625 1143 5659 “nanum-um
1194 5637 1241 5659 ns
1291 5630 1515 5659 Αηιιινιιρ
1582 5628 1807 5659 Γηηιηιιι
1867 5626 1923 5659 In
1970 5628 2089 5659 αιιι,

538 5637 762 5691 egerunt
811 5625 1146 5682 Omnibonus
1194 5637 1247 5682 et
1284 5630 1537 5682 Ambros.
1582 5628 1829 5691 Camald.
1867 5626 1923 5679 In
1970 5628 2089 5678 edi-

522 5690 664 5766 tione
691 5695 951 5766 Commel.
976 5698 1062 5750 hic
1089 5698 1235 5752 locus
1255 5698 1489 5766 sicjacet
1518 5715 1530 5749 :
1572 5690 1726 5758 οὗτος
1748 5696 1922 5766 ἄλλων
1960 5694 2089 5766 ἀλή⁶

522 5758 671 5812 θεται
696 5765 888 5834 τροφή.
919 5765 973 5819 ld
1000 5776 1102 5831 est,
1129 5768 1215 5821 ille
1265 5758 1490 5818 aliorum
1523 5766 1738 5834 molitur
1763 5764 1925 5834 girus.
1980 5758 2086 5819 Sed

524 5838 762 5887 nostram
823 5832 1106 5890 lectioncm
1168 5836 1367 5890 habent
1435 5834 1618 5904 editio,
1659 5832 1985 5889 Parisiensis
2034 5845 2087 5887 et

2200 4868 2388 4923 Colon.
2438 4875 2495 4919 ut
2548 4875 2603 4920 et
2648 4881 2750 4922 ms.
2810 4866 3058 4934 Segner..
3104 4862 3305 4917 omissa
3341 4860 3458 4934 sola
3501 4874 3635 4934 voce
3662 4873 3787 4928 τρο-

2202 4940 2312 5008 φή,
2332 4939 2405 4989 ιιιί
2436 4938 2763 5008 notavimus.
2799 4929 3109 5008 Ita'quoque
3147 4934 3391 5008 legerunt
3422 4929 3782 4989 Omnibonus,

2200 5002 2450 5061 Ambros.
2483 5004 2723 5061 Camald.
2755 5015 2809 5057 et
2832 5002 3092 5070 Nannius,
3133 5005 3223 5070 qui
3252 5002 3399 5057 solus
3436 5014 3625 5055 vocem
3662 5014 3787 5069 τρο-

2200 5075 2274 5145 φή
2301 5092 2404 5145 nun
2441 5074 2717 5145 exprimit,
2748 5074 3051 5145 aliiAautAem
3086 5073 3423 5145 exprimunt.

2273 5142 2386 5214 (55)
2438 5140 3053 5214 δίόᾼδεςιιετκϐοιξίοτ.
3086 5140 3323 5214 Ρειοξςη.
3361 5144 3395 5214 ι,
3422 5155 3616 5214 anum,
3675 5153 3783 5209 quo

2200 5209 2328 5268 ilcin
2354 5209 2514 5268 modo
2528 5209 2773 5279 legerunt
2792 5210 3133 5265 Omnibonus
3153 5222 3207 5263 et
3224 5209 3497 5263 Nannius:
3521 5209 3613 5262 alii
3657 5224 3780 5279 cum

2199 5283 2361 5337 editis
2397 5277 2626 5351 φθόνων,
2663 5290 2721 5334 ut
2768 5282 2930 5334 etiam
2961 5279 3091 5349 legit
3117 5281 3369 5335 Ambros.
3395 5280 3645 5333 Camald.
3690 5277 3780 5346 qui

2199 5352 2411 5405 invidiae
2441 5352 2620 5404 vertit.

2274 5421 2385 5488 (56)
2426 5419 2516 5473 Sic
2547 5421 2771 5483 Seguer.
2800 5415 2967 5488 Basil.
2993 5414 3306 5488 rFelckLn.2
3325 5431 3489 5472 anon.
3519 5416 3622 5469 Alii
3643 5428 3778 5488 Arum

2197 5483 2377 5550 editis,
2401 5489 2732 5557 Αἰγυπτίων.
2756 5488 2875 5542 Mox
2908 5486 3063 5557 Gobl.
3092 5498 3147 5541 et
3168 5485 3347 5541 Felck.
3387 5488 3405 5541 l
3447 5501 3613 5541 anon.
3638 5483 3781 5536 ὲκεί-

2197 5574 2303 5610 νων
2331 5559 2546 5617 habeut.
2569 5560 2657 5613 ubi
2697 5558 2787 5610 alii
2816 5556 3078 5618 ἐκείνους.

2268 5627 2382 5692 ('57)
2417 5626 2654 5689 Εἰκότως
2675 5628 2823 5681 deest
2850 5629 2901 5680 in
2928 5625 3091 5679 Basil.
3116 5631 3173 5679 et
3208 5623 3419 5690 Anglic.

2434 5688 2650 5766 (ἔριθοι-ζ
2684 5706 2737 5749 et
2783 5694 3086 5766 Felckmal
3118 5688 3306 5766 anon.
3342 5691 3602 5766 ἀληθοῦς.
3636 5688 3777 5766 Pan:

2192 5763 2245 5817 lo
2275 5759 2415 5831 post
2471 5763 2707 5820 Felckm.
2752 5767 2786 5820 5
2816 5780 2979 5821 anon.
3042 5764 3206 5819 habet
3262 5764 3404 5817 xci-:3:
3436 5759 3641 5826 ’πόλεις
3681 5759 3772 5814 καὶ

2192 5833 2395 5901 χώρας.
