4010 6556
221 448 271 507 ιν
1418 452 1676 511 ORATIO
1714 454 2000 512 CONTRA
2037 456 2331 515 GENTES.
3407 458 3476 515 50

221 578 303 617 νων
326 560 745 631 χλευάζεσθαι,
794 564 873 617 ὅτι
920 563 993 635 μὴ
1028 564 1203 629 θεοὺς,
1244 563 1381 618 ἀλλά
1405 567 1475 620 τά
1500 567 1608 620 τῶν
1630 568 1805 623 ἄλλων

221 653 284 709 ἔτι
323 669 381 705 τε
411 654 517 706 καὶ
570 657 712 725 παρ’
750 656 932 719 αὐτοῖς
955 656 1447 727 ἀποτροπιάσματα
1486 659 1582 712 καὶ
1615 659 1803 724 Θυσίας

222 744 326 797 ὂντα
343 743 608 797 Θεοποιοῦ
618 763 726 798 σιν.

276 834 520 904 25.”Ηδη
552 835 614 887 δέ
644 853 791 898 τινες
822 838 901 899 είς
923 836 1188 908 τοσαύτην
1208 837 1460 893 ἀσέϐειαν
1495 839 1588 892 καὶ
1620 857 1800 911 παρα-

221 925 474 997 φροσύνην
510 925 904 998 ὲξενέχθησαν,
941 928 1017 992 ὡς
1053 930 1147 982 καὶ
1184 930 1381 994 αὐτοὺς
1416 932 1543 995 τοὺς
1590 932 1803 1005 ἀνθρώο
1840 958 1848 965 ·

224 1034 355 1081 πονς,
386 1010 464 1074 ὧν
518 1019 634 1070 εἰσι
663 1019 827 1072 τύποι
879 1021 972 1072 καὶ
1022 1021 1248 1091 μορφαὶ,
1287 1026 1397 1086 τοῖς
1433 1027 1561 1095 παρ’
1615 1026 1798 1091 αὐτοῖς

223 1107 515 1175 ψευδοθέοις
545 1110 958 1177 κατασφάττειν
992 1112 1083 1163 καὶ
1125 1111 1313 1175 θυσίας
1342 1115 1659 1182 προσάγειν.
1687 1116 1799 1169 Καὶ

224 1198 302 1267 ούχ
345 1197 552 1266 ὁρῶσιν
597 1200 649 1252 οἱ
680 1200 1095 1269 κακοδαίμονες,
1141 1202 1224 1254 ὅτι
1285 1200 1353 1254 τά
1388 1203 1800 1274 σφαγιαζόμενα

225 1288 415 1358 Θύματα
471 1289 775 1360 ἀρχέτυπά
800 1293 904 1344 είσν.
943 1291 1050 1344 τῶν
1100 1293 1189 1345 ὑπ’
1236 1293 1414 1346 αὐτῶν
1451 1294 1796 1351 πλασθέντων

225 1382 301 1434 καί
334 1383 834 1453 προσκυνουμένων
864 1384 1021 1449 θεῶν,
1050 1384 1144 1438 καλ⁵
1177 1380 1257 1448 οἷς
1305 1387 1639 1457 προσάγουσι
1670 1389 1797 1451 τοὺς
1816 1395 1853 1425 ίτ

225 1470 543 1540 ἀνθρώπους.
571 1474 772 1542 Σχεδὸν
802 1474 909 1546 γὰρ
931 1477 1000 1526 τὰ
1035 1475 1196 1544 ὃμοια
1225 1480 1337 1539 τοῖς
1368 1476 1573 1546 ὁμοίοις
1601 1477 1632 1546 ἢ
1662 1478 1796 1548 μᾶλ-

225 1560 295 1615 λον
317 1561 380 1616 τά
417 1564 723 1633 κρείττονα
748 1568 860 1628 τοῖς
884 1566 1126 1619 ἐλάττοσι
1152 1569 1534 1638 προσάγουσιν.
1579 1571 1795 1639 Ἔμψυ-

225 1651 699 1727 χαχάρ,ἀψύχοις
749 1654 955 1720 Θύουσι,
1007 1657 1101 1710 καὶ
1144 1656 1337 1725 λογικὰ
1375 1660 1486 1721 τοῖς
1515 1661 1796 1730 ἀκινήτοις

225 1742 568 1812 προσάγουσι.
604 1744 814 1799 Σκύθαι
844 1746 950 1816 γάρ
972 1748 1020 1799 οἱ
1054 1747 1374 1817 καλούμενοι
1407 1749 1657 1821 Ταύρειοι
1682 1750 1793 1821 (59)

224 1836 275 1904 τῇ
305 1835 429 1906 παρ’
474 1837 666 1899 αὐτοῖς
714 1838 973 1909 Παρθένῳ
1014 1839 1124 1908 (40)
1175 1840 1480 1911 καλουμένῃ
1524 1843 1648 1904 τοὺς
1685 1843 1793 1896 ἀπὸ

1834 601 1877 658 Α
1906 572 2155 637 deantnr,
2187 573 2328 641 quod
2364 585 2469 635 res,
2496 585 2616 639 qua:
2650 571 2722 625 dii
2749 587 2853 628 non
2880 580 3026 638 sunt,
3064 578 3155 628 sed
3180 584 3298 641 quae
3331 574 3473 642 apud

1907 661 2041 717 alios
2085 671 2246 730 atque
2276 661 2438 716 etiam
2460 659 2599 730 apud
2644 661 2793 730 ipsos
2815 662 3023 731 piacula
3048 673 3102 717 et
3124 664 3353 718 victima:
3375 664 3475 719 ha-

1902 753 2119 818 bentur,
2145 753 2286 806 inter
2313 751 2444 807 deos
2476 761 2779 807 numerent.
3484 736 3489 743 ’

1970 842 2060 895 25.
2109 842 2248 909 Quin
2280 844 2441 897 etiam
2468 842 2707 922 nonnulli
2741 858 2807 899 eo
2830 842 3122 913 impietatis
3147 853 3202 899 et
3247 844 3474 900 insanize

1900 947 2121 996 venere,
2165 942 2221 985 ut
2266 933 2410 1002 ipsus
2456 948 2672 1001 quoque
2719 933 2984 999 homines,
3021 950 3249 1003 quorum
3286 937 3359 988 illi
3398 936 3471 989 dii

1900 1022 2187 1075 simulacra
2221 1032 2275 1076 et
2304 1024 2570 1091 imagines
2608 1033 2752 1090 sunt,
2801 1026 2914 1080 suis
2958 1026 3109 1082 falsis
3137 1028 3241 1082 diis
3282 1028 3475 1080 immo-

1899 1112 2011 1167 lent
2035 1121 2089 1166 et
2125 1122 2381 1181 tanquam
2409 1115 2610 1168 hostias
2635 1114 2883 1170 offerant.
2918 1114 3026 1170 Nec
3059 1108 3347 1170 advertunt
3371 1116 3475 1169 mi-

1899 1202 2004 1258 seri
2052 1203 2296 1256 victimas
2322 1218 2458 1272 quas
2480 1204 2751 1274 iugulant.
2784 1206 3005 1259 deorum
3044 1222 3181 1275 quos
3216 1205 3476 1260 efﬁnxere

1898 1308 1961 1347 ac
2012 1303 2358 1359 venerantur,
2406 1304 2460 1349 et
2502 1298 2696 1363 quibus
2741 1297 2985 1352 homines
3026 1298 3329 1363 immolant,
3378 1315 3471 1353 ar-

1898 1384 2123 1454 chetypa
2154 1385 2268 1438 sive
2326 1386 2656 1454 exemplaria
2705 1402 2849 1452 esse,
2897 1392 3280 1459 propemodum
3328 1390 3472 1444 enim

1899 1475 2092 1529 similia
2125 1475 2414 1540 similibus,
2449 1475 2530 1530 vel
2568 1477 2745 1542 potius
2789 1480 3159 1547 prazstantiora
3193 1480 3477 1536 deteriori—

1900 1565 2000 1619 bus
2038 1567 2359 1621 immolanda
2388 1567 2641 1622 oﬂ'ernnt.
2680 1568 2811 1622 Nam
2836 1570 3075 1624 animata
3110 1572 3384 1635 inanimis,
3419 1582 3477 1626 et

1900 1658 2107 1711 ratione
2156 1659 2400 1725 praedita,
2430 1668 2575 1713 motu
2622 1670 2679 1713 et
2706 1674 2867 1713 sensu
2916 1661 3225 1715 carentibus
3271 1661 3481 1716 sacrifi-

1897 1758 2042 1804 cant.
2076 1749 2354 1817 Siquidem
2379 1748 2594 1819 Scythte
2615 1751 2704 1820 qui
2727 1751 2890 1805 Tauri
2914 1751 3185 1818 dicuntur,
3210 1751 3285 1805 illi
3314 1767 3479 1821 quam

1901 1839 2173 1907 Virginem
2210 1826 2505 1911 appellant,
2545 1843 2833 1911 naufragos
2870 1852 2924 1898 et
2950 1852 3213 1913 quotquot
3240 1858 3307 1899 ex
3329 1842 3482 1899 Crte-

222 1926 474 1993 ναυαγίων
511 1928 611 1979 καὶ
643 1928 808 1990 ὅσους
834 1927 898 1981 ἂν
926 1928 1128 1982 λάϐωσι
1158 1930 1265 1982 τῶν
1294 1931 1578 2002 Ἑλλήνων,
1610 1934 1688 1996 είς
1712 1932 1791 1986 Θυ-

1907 1935 1983 1987 cis
2020 1934 2259 2001 ceperint
2297 1934 2350 1987 in
2387 1934 2718 1988 sacrificium
2758 1933 3026 2001 offerunt;
3054 1950 3161 2004 qua
3215 1936 3348 1990 adeo
3373 1935 3478 1990 im-

224 2017 324 2079 σίας
378 2018 741 2089 ἀναφέρουσι,
804 2020 1056 2074 τοσοῦτον
1109 2022 1433 2087 ἀσεϐοῦντες
1497 2024 1637 2078 κατά
1687 2026 1796 2078 τῶν

222 2108 470 2177 ὁμογενῶν
500 2108 834 2179 ἀνθρώπων,
863 2112 955 2163 καὶ
982 2110 1153 2174 οὕτως
1179 2112 1490 2183 ἐλέγχοντες
1518 2117 1625 2169 τῶν
1656 2116 1794 2168 Θεῶν

222 2199 373 2251 αὐτῶν
408 2199 511 2269 τὴν
544 2199 831 2270 ὠμότητα·
852 2202 932 2253 ὅτι
962 2200 1104 2271 οὒςή
1130 2203 1360 2275 Πρόνοια
1383 2206 1490 2258 ἀπὸ
1518 2205 1795 2277 Θαλάσσης

222 2291 272 2342 ὲκ
302 2290 563 2345 κινδύνων
597 2290 851 2357 διέσωσε,
885 2292 1107 2357 τούτους
1143 2294 1298 2348 αὐτοὶ
1330 2297 1793 2365 κατασφάττουσι,

222 2378 479 2449 μονονουχὶ
496 2376 645 2432 κατά
670 2380 771 2449 τῆς
792 2380 1055 2449 Προνοίας
1080 2382 1374 2453 γινόμενοι·
1409 2385 1490 2437 ὅτι
1523 2386 1621 2456 τὴν
1654 2384 1797 2439 ὲκεί-

219 2486 298 2539 νης
326 2470 655 2541 εὐεργεσίαν
709 2474 775 2541 τῇ
812 2472 1021 2526 ἑαυτῶν
1050 2473 1303 2545 Θηριώδει
1342 2475 1488 2547 ψυχῇ
1518 2477 1798 2549 κατακρύ-

218 2578 438 2615 πτουσιν.
482 2562 673 2616 Ἀλλοι
720 2563 778 2616 δὲ
807 2562 884 2633 τῷ
937 2565 1121 2635 Ἄρει,
1159 2565 1376 2618 ἐπειδάν
1432 2568 1496 2618 ὲκ
1542 2567 1794 2639 πολέμων

218 2659 537 2713 ὲπανέλθωσι
569 2660 669 2714 καὶ
695 2659 853 2722 νίκας
879 2659 1106 2730 φέρωσι,
1143 2658 1203 2711 τὸ
1239 2658 1348 2730 (41)
1384 2658 1683 2730 τηνικαῦτα
1714 2659 1795 2721 εἰς

219 2752 558 2816 ἑκατοντάδας
602 2752 876 2815 διελόντες
899 2754 1026 2816 τοὺς
1052 2751 1378 2822 ληφθέντας,
1408 2752 1503 2806 καὶ
1529 2752 1621 2820 ἀφ’
1666 2750 1795 2804 ἑκά-

221 2862 331 2916 στης
378 2846 475 2899 ἕνα
519 2845 919 2915 λαμϐάνοντες,
962 2844 1249 2907 τοσούτους
1295 2843 1789 2912 κατασφάττουσιν,

218 2933 351 2997 ὅσους
379 2934 444 2987 ἂν
472 2935 619 2988 κατὰ
656 2935 790 3006 μίαν
824 2935 1154 2990 ἑκατοντάδα
1204 2934 1547 2999 ὲκλέξωνται.
1583 2933 1657 2986 Οὐ
1693 2932 1792 3002 μό-

218 3042 285 3077 νοι
312 3025 364 3078 δὲ
385 3026 591 3079 Σκύθαι
625 3026 720 3079 διὰ
753 3026 853 3098 τὴν
890 3029 947 3081 ὲν
1009 3026 1305 3099 βαρϐάροις
1334 3025 1575 3095 ἔμφυτον
1608 3024 1791 3085 αὐτοῖς

219 3114 492 3187 ἀγριότητα
524 3117 593 3170 τά
614 3117 845 3173 τοιαῦτα
868 3118 1088 3190 μυσαρά
1118 3117 1341 3189 δρῶσιν,
1376 3116 1489 3169 ἀλλ’
1524 3115 1652 3169 ῐδιόν
1675 3116 1791 3166 ἐστι

218 3206 300 3277 τῆς
329 3209 430 3261 τῶν
463 3208 701 3263 εἰδώλων
731 3210 827 3263 καὶ
868 3209 1136 3280 δαιμόνων
1166 3208 1365 3271 κακίας
1390 3207 1547 3260 τοῦτο
1570 3204 1629 3258 τὸ
1658 3204 1789 3275 δρᾶ-

221 3314 303 3366 μα.
334 3301 440 3352 Καὶ
477 3300 588 3373 γὰρ
617 3302 716 3354 καὶ
745 3300 855 3371 (42)
884 3298 1170 3368 Αἰγύπτιοι
1192 3298 1345 3351 ἔθυον
1376 3297 1472 3367 μὲν
1502 3296 1669 3349 πάλαι
1716 3297 1780 3366 τῇ

222 3387 349 3459 Ἦρα
378 3390 603 3444 τοιαῦτα
655 3390 882 3457 σφάγια·
919 3389 1162 3451 Φοίνικες
1201 3388 1257 3440 δὲ
1298 3388 1392 3440 καὶ
1422 3385 1641 3457 Κρῆτες
1694 3383 1785 3436 τὸν

218 3477 402 3547 Κρόνον
429 3482 489 3532 ὲν
512 3484 636 3543 ταῖς
659 3479 1039 3542 τεκνοθυσίαις
1079 3478 1288 3538 ἑαυτῶν
1316 3478 1615 3530 ἱλάσκοντο.
1678 3474 1786 3527 Καὶ¹

218 3568 260 3620 οἱ
294 3568 446 3623 πάλαι
469 3570 525 3623 δὲ
556 3571 834 3639 ,Ῥωμαῖοι
867 3568 958 3622 τὸν
987 3568 1319 3637 καλούμενον
1352 3566 1645 3637 Λατιάριον
1687 3563 1786 3618 Δία

218 3660 668 3731 ἀνθρωποθυσίαις
720 3660 1073 3731 ἐθρήσκευον·
1116 3660 1210 3713 καὶ
1267 3658 1415 3712 ἄλλοι
1466 3658 1659 3721 ἄλλως,
1693 3657 1786 3710 καὶ

222 3750 397 3815 πάντες
424 3752 607 3815 ἁπλῶς
649 3752 897 3823 ἐμίαινον
943 3750 1037 3803 καὶ
1079 3749 1403 3820 έμιαίνοντο.
1451 3748 1787 3818 Ἑμιαίνοντο

223 3840 306 3909 μὲν
335 3844 479 3896 αὐτοὶ
508 3843 749 3915 δρῶντες
782 3842 849 3895 τὰ
891 3842 1103 3911 φονικάο
1142 3841 1386 3913 ἐμίαινον
1422 3840 1477 3892 δὲ
1513 3842 1637 3902 τοὺς
1668 3839 1788 3891 ἐαυ-

219 3934 312 3985 τῶν
348 3936 500 3999 ναοὺς
541 3934 827 3997 τοιαύταις
861 3932 1215 3997 καπνίζοντες
1263 3931 1495 3995 Θυσίαις.
1543 3930 1675 3983 Ἀπὸ
1720 3929 1784 4002 δὴ

220 4023 481 4078 τούτωντά
516 4025 666 4078 κακά
693 4026 809 4086 τοῖς
831 4023 1139 4095 ἀνθρώποις
1174 4023 1255 4084 εἰς
1285 4021 1488 4092 πλῆθος
1525 4020 1780 4089 ἔφθασεν·

220 4113 427 4182 ὁρῶντες
465 4117 575 4190 γὰρ
606 4119 665 4170 ὲν
693 4115 908 4178 τούτοις
951 4114 1079 4177 τοὺς
1114 4112 1244 4184 παρ’
1278 4113 1459 4176 αὐτοῖς
1490 4111 1785 4182 ἡδομένους

219 4202 473 4274 δαίμονας.
527 4207 737 4269 εὐθέως
772 4206 867 4259 καὶ
900 4205 1055 4258 αὐτοὶ
1083 4207 1197 4267 τοῖς
1225 4202 1489 4266 τοιούτοις
1526 4203 1785 4272 πλημμε-

217 4293 400 4366 λήμασι
419 4299 539 4362 τοὺς
578 4296 793 4355 ἑαυτῶν
824 4295 979 4360 Θεοὺς
1000 4296 1366 4367 ἐμιμήσαντο,
1392 4293 1522 4349 ἴδιον
1551 4292 1787 4366 ἡγούμεο

217 4404 285 4439 νοι
315 4389 637 4462 κατόρθωμα
680 4389 782 4461 τὴν
809 4388 945 4459 πρὸς
978 4387 1047 4441 τά
1072 4386 1379 4458 κρείττονα,
1406 4386 1482 4451 ὡς
1518 4386 1672 4439 αὐτοὶ
1701 4400 1787 4437 νο-

218 4478 430 4546 μίζουσι,
463 4480 720 4551 μίμησιν.
755 4478 949 4532 Ἔνθεν
964 4477 1340 4549 ἀνδροφονίαις
1367 4477 1462 4531 καὶ
1498 4492 1785 4530 τεκνοκτο-

1901 2027 2043 2078 mani
2104 2024 2383 2092 impietate
2432 2023 2487 2076 in
2530 2023 2776 2078 homines
2814 2024 2895 2078 sui
2925 2025 3134 2081 similes
3162 2026 3477 2087 commissa,

1898 2129 2120 2169 suorum
2181 2115 2406 2168 deorum
2442 2112 2817 2169 crudelitatem
2866 2115 3043 2184 palam
3075 2115 3330 2183 produnt,
3385 2116 3476 2185 qui

1900 2219 2092 2273 nempe
2118 2219 2254 2273 quos
2284 2202 2630 2257 Providentia
2660 2217 2726 2257 ex
2768 2203 2934 2257 maris
2974 2204 3233 2272 periculis
3254 2204 3474 2272 eripuit,

1898 2294 1996 2349 hos
2049 2294 2149 2363 ipsi
2187 2294 2451 2363 iugulant,
2489 2303 2650 2363 atque
2693 2294 2767 2347 ita
2824 2291 3185 2347 Providentiae
3228 2293 3479 2347 videntur

1897 2387 2185 2451 obsistere,
2227 2387 2383 2454 cujus
2438 2384 2764 2439 beneﬁcium
2813 2398 2909 2437 sua
2945 2383 3270 2439 crudelitate
3297 2385 3472 2439 occul-

1899 2484 2014 2529 tant
2042 2484 2097 2530 et
2125 2475 2335 2529 irritum
2370 2476 2591 2529 l'aciunt.
2640 2475 2849 2530 Rursus
2880 2475 2972 2530 alii
3000 2491 3063 2531 ex
3105 2475 3265 2542 bello,
3298 2476 3477 2530 victo-

1898 2568 1976 2621 ria
2028 2576 2300 2636 reportata
2338 2568 2570 2629 reversi,
2596 2567 2841 2636 captivos
2881 2566 2936 2621 in
2977 2566 3255 2622 centurias
3287 2566 3477 2619 distri-

1895 2660 2088 2720 hnunt,
2114 2661 2354 2728 equihus
2377 2658 2604 2730 singulis
2634 2674 2799 2713 unum
2829 2657 3086 2729 seligunt,
3110 2667 3297 2727 totque
3320 2656 3478 2711 Marti

1895 2748 2199 2813 immolant,
2232 2760 2361 2818 quot
2402 2765 2467 2804 ex
2498 2749 2738 2819 qualibet
2761 2749 3007 2804 centuria
3033 2748 3349 2817 delegerint.
3377 2745 3482 2801 Ve-

1897 2855 2013 2892 rum
2044 2855 2149 2894 non
2198 2841 2300 2894 soli
2333 2839 2551 2910 Scytha:
2597 2856 2695 2909 pro
2747 2841 2935 2895 innata
2968 2839 3214 2894 barbaris
3247 2838 3479 2903 feritate,

1895 2947 1982 2987 res
2004 2932 2310 3000 hnjusmodi
2338 2933 2710 2987 exsecrandas
2738 2940 3007 3002 peragunt
3037 2951 3050 2986 :
3092 2933 3185 2987 sed
3212 2930 3477 2986 idolorum

1892 3032 1949 3075 et
1978 3022 2282 3075 daemonum
2314 3021 2532 3091 propria
2564 3022 2679 3076 hate
2705 3031 2831 3075 sunt
2863 3021 3126 3075 facinora.
3148 3020 3282 3075 Nam
3318 3020 3478 3089 Aigy-

1892 3114 1988 3183 ptii
2017 3113 2185 3168 etiam
2216 3112 2428 3166 similes
2458 3111 2712 3166 victimas
2747 3112 2944 3167 Junoni
2976 3111 3247 3181 quondam
3286 3111 3480 3165 immo-

1894 3204 2099 3258 labant.
2150 3201 2439 3257 Plitenices
2485 3217 2705 3271 quoque
2761 3213 2814 3256 et
2850 3203 3141 3257 Cretenses
3185 3201 3474 3257 liberorum

1893 3297 2129 3350 caedibus
2152 3298 2445 3350 Saturnum
2489 3293 2588 3346 sibi
2624 3293 2918 3362 prapitium
2948 3292 3179 3361 reddere
3202 3293 3478 3346 conaban-

1888 3399 1995 3443 tur.
2026 3388 2198 3443 Prisci
2239 3389 2365 3442 item
2419 3386 2646 3441 Romani
2685 3385 2970 3451 Latialem,
3026 3392 3084 3438 nt
3114 3392 3332 3447 vocant,
3384 3380 3477 3436 Jo-

1887 3496 2004 3534 vem
2035 3480 2289 3534 humanis
2319 3481 2511 3533 hostiis
2565 3478 2840 3533 colebant.
2875 3476 3118 3545 Denique
3163 3474 3256 3527 alii
3314 3472 3477 3526 aliter

1885 3571 2185 3639 omnesque
2222 3584 2447 3638 prorsus
2478 3568 2791 3638 polluebant
2833 3576 2886 3621 et
2917 3565 3315 3636 polluebantnr.
3345 3561 3475 3631 Ipsi,

1887 3660 2126 3731 inquam,
2154 3660 2387 3729 propriis
2410 3660 2791 3729 polluebantur
2821 3656 3146 3723 homicidiis,
3167 3670 3261 3711 sua
3292 3664 3475 3708 autem

1888 3754 2084 3822 templa
2111 3754 2293 3807 talium
2324 3752 2718 3809 sacrificiorum
2754 3751 2902 3806 fumo
2931 3760 2987 3805 et
3010 3748 3333 3805 sufﬁmentis
3354 3747 3475 3817 pol-

1886 3847 2129 3903 luebant.
2159 3846 2234 3900 Ex
2285 3846 2371 3901 his
2407 3844 2524 3900 sine
2577 3844 2742 3899 dubio
2784 3841 3177 3912 quamplurima
3215 3839 3353 3893 mala
3379 3838 3476 3893 ho-

1886 3938 2124 3993 minibus
2147 3946 2503 3993 suntexorta.
2539 3936 2676 3992 Nam
2712 3951 2835 3990 cum
2870 3948 2999 3988 suos
3026 3934 3156 3986 deos
3182 3930 3288 3985 illis
3311 3929 3475 3985 rebus

1884 4028 2141 4083 obiectari
2175 4037 2486 4095 cernerent,
2522 4043 2619 4084 eos
2649 4027 2835 4083 statim
2866 4022 3136 4079 similibus
3170 4020 3405 4091 peccatis
3422 4029 3479 4074 el

1885 4117 2103 4188 ﬂagitiis
2130 4128 2258 4175 sunt
2285 4120 2501 4181 imitati,
2525 4134 2640 4174 rem
2677 4116 2949 4188 egregiam
2984 4128 3042 4169 se
3076 4112 3319 4166 facturos
3339 4124 3481 4163 con-

1886 4207 2136 4272 fidentes,
2194 4209 2264 4275 si,
2329 4218 2389 4262 ut
2440 4208 2729 4276 putabant,
2790 4207 3021 4275 potiora,
3088 4202 3202 4256 sive
3249 4201 3483 4254 deorum,

1885 4299 2133 4370 exempla
2162 4308 2542 4370 sequerentur.
2570 4298 2700 4353 inde
2735 4311 2834 4352 nec
2861 4294 3180 4358 homicidia,
3213 4306 3312 4345 nec
3346 4290 3489 4345 libe~

1886 4406 2072 4448 rorum
2097 4392 2275 4447 caedes
2298 4392 2561 4446 horruere
2591 4406 2605 4445 :
2638 4389 2765 4443 inde
2790 4401 2848 4442 se
2896 4394 3039 4440 totos
3068 4382 3324 4441 omnibus
3354 4378 3485 4433 libi-t

1887 4483 2103 4538 dinibus
2130 4484 2348 4538 dedere.
2382 4480 2661 4550 Siquidem
2688 4478 2832 4534 nulla
2866 4478 2979 4532 fere
3001 4484 3083 4530 est
3107 4472 3322 4535 civitas,
3353 4484 3487 4538 qute

214 4567 340 4631 νίαις
370 4573 459 4624 καὶ
486 4572 688 4634 πάσαις
724 4568 1036 4637 ἀσελγείαις
1065 4568 1377 4640 ἡττήθησαν
1405 4571 1453 4622 οἱ
1483 4568 1780 4640 ἄνθρωποι.

1896 4574 1956 4627 ob
1988 4588 2197 4629 morum
2222 4571 2655 4633 similitudinem,
2677 4583 2842 4639 quam
2872 4581 2997 4620 cum
3016 4563 3129 4619 suis
3146 4560 3250 4617 diis
3273 4558 3485 4613 habere-

211 4654 311 4712 Καὶ
336 4660 437 4732 γὰρ
490 4661 681 4731 σχεδὸν
710 4661 865 4713 πᾶσα
915 4660 1068 4723 πόλις
1102 4660 1283 4730 πάσης
1326 4660 1614 4728 ἀσελγείας
1667 4661 1787 4713 ἐστὶ

1896 4666 2075 4734 gestit,
2124 4662 2270 4717 omni
2320 4660 2549 4715 luxuriae
2605 4671 2807 4727 genere
2853 4669 2963 4710 non
3018 4650 3323 4707 redundet:
3372 4659 3479 4699 nec

216 4748 371 4820 μεστὴ
415 4751 478 4803 δι’
520 4750 823 4821 ὁμοιότητα
867 4750 979 4821 (45)
1023 4751 1243 4823 τρόπων
1279 4750 1388 4803 τῶν
1424 4750 1554 4820 παρ’
1604 4750 1788 4813 αὐτοῖς

212 4834 333 4889 θεῶν
384 4843 660 4913 γινομένη
703 4842 800 4895 καὶ
825 4842 924 4894 οὐκ
955 4841 1072 4896 ἐστι
1126 4842 1357 4914 σώφρων
1401 4845 1459 4896 ὲν
1491 4844 1603 4905 τοῖς
1636 4840 1788 4894 είδώ-

212 4924 327 4993 λοις,
352 4935 397 4986 εἰ
425 4933 497 5005 μὴ
535 4935 696 5005 μόνος
724 4936 755 4988 ὀ
796 4935 926 5006 παρ’
951 4935 1135 4998 αὐτοῖς
1168 4936 1254 4987 ἐπ’
1290 4934 1548 5005 ἀσελγείᾳ
1574 4951 1787 5006 μαρτυ-

212 5036 471 5091 ρουμενος.

196 5208 489 5331 :99)
540 5244 1051 5331 Sagittam-ﬁumen
1104 5243 1419 5331 _Felckr_n..i
1456 5259 1618 5331 anon.
1671 5245 1776 5331 ᾼιὶἱ

209 5326 321 5385 cum
350 5317 500 5371 editis
531 5314 773 5385 ταύριοι.
801 5315 960 5368 Iidem
993 5316 1154 5385 paulo
1190 5326 1311 5384 post
1338 5317 1417 5377 εἰς
1458 5314 1649 5380 Θυσίας
1684 5319 1779 5371 ιη.

210 5380 345 5445 bent,
376 5385 456 5438 alii
490 5388 571 5449 εἰς
596 5380 813 5438 Θυσίαν.

273 5452 379 5519 (40)
399 5453 561 5509 Diana
599 5456 713 5525 hoc
726 5453 949 5525 nomine
980 5454 1267 5521 indicatur,
1299 5471 1457 5525 quam
1486 5456 1775 5525 Taurit‘am

210 5532 409 5588 quoque
460 5534 616 5577 vocat
675 5524 926 5577 Clemens
962 5524 1364 5579 Alexandrinus
1398 5528 1669 5580 Admonit.
1709 5524 1777 5577 ad

204 5600 387 5666 gente}.
418 5592 553 5649 Vide
601 5594 732 5647 item
787 5592 984 5650 Euseb.
1033 5591 1275 5661 I’ra’par.
1323 5612 1508 5666 evang.
1564 5597 1659 5649 lib.
1701 5609 1776 5657 tv,

205 5659 379 5797 θ’
406 5731 476 5785 Τό
519 5732 676 5786 decst
709 5731 765 5784 in
814 5729 1032 5785 Gobler.
1072 5730 1306 5786 Felckm.
1342 5733 1365 5786 i
1395 5749 1556 5787 anon.
1604 5733 1773 5788 Paulo

199 5808 313 5884 Post
331 5803 458 5884 τοὺς
478 5801 790 5884 ληφθέντας
820 5800 919 5884 καὶ
950 5802 1040 5869 ἀφ’
1072 5802 1305 5884 ἑκάστης
1347 5804 1772 5884 ’έναλαμϐάνον-

200 5879 286 5930 τες
313 5870 500 5928 desunt
529 5868 583 5927 in
609 5868 849 5926 Felcktn.
891 5871 925 5926 '5
950 5868 1112 5927 anon.
1143 5868 1274 5926 Ibid.
1307 5888 1404 5943 pro
1445 5868 1554 5942 de"
1575 5874 1769 5942 legitur

1884 4758 2027 4826 apud
2062 4752 2375 4809 idololatras
2420 4750 2565 4805 ullus
2587 4750 2790 4820 probus
2822 4756 2928 4825 est,
2973 4745 3077 4803 nisi
3107 4742 3260 4815 cujus
3298 4738 3485 4795 libidi-

1884 4860 1982 4901 ncs
2013 4851 2224 4900 testata:
2251 4851 2306 4897 et
2337 4838 2641 4897 manifesta:
2666 4847 2813 4895 sunt.

1882 5243 1963 5309 ἐφ’
1990 5241 2041 5296 in
2067 5238 2224 5295 Gobl.
2251 5237 2494 5295 Felrkm.
2528 5236 2550 5309 l
2582 5250 2742 5309 anon.
2761 5234 2897 5290 ibid.
2926 5232 3152 5302 Seguer.
3183 5228 3477 5309 καεασφάτλ

1887 5301 2090 5376 ζουσιν.
2118 5311 2430 5384 anler._et_
2458 5307 2687 5384 Feleck_._
2717 5307 2741 5360 1
2774 5322 2933 5384 anon.
2980 5301 3468 5384 x’atfraq‘tpdt'é'nwdlvfl

1882 5369 2042 5451 paulo
2108 5392 2227 5449 post
2275 5379 2605 5445 έκλέξονται.
2641 5377 2769 5451 Μοχ-
2806 5377 3109 5451 ἰὺιό,“ιιιιιθ
3135 5369 3463 5423 Σκύθαιιιη.

1880 5442 1931 5505 οἱ
1959 5442 2189 5520 quierat
2219 5451 2270 5503 in
2312 5442 2495 5512 editis,
2542 5454 2693 5520 abest
2723 5442 3221 5520 abomnibusmss.

1956 5504 2217 5603 (ᾏὲγΚαί
2251 5504 2687 5605 ξςεζιιθνίιιιιιρειθ
2719 5516 2807 5605 alii
2841 5504 3464 5605 gilliltlllllﬁnEﬂlionegsll

1882 5570 2090 5647 ἑαυτῶν
2107 5570 2551 5645 ἒῖἧιθῐλὲιάέιδὲιτο
2588 5570 2790 5640 habent
2841 5586 3064 5651 Seguer.
3095 5574 3259 5630 Basil.
3300 5570 3461 5641 Angl.

1880 5664 1981 5716 Alii
2014 5672 2068 5714 et
2095 5662 2243 5725 editi,
2277 5661 2474 5714 αὐτῶν.
2622 5724 2653 5725 η
2704 5724 2709 5725 γ
2811 5720 2837 5725 Δ
3023 5716 3036 5725 ,

1953 5714 2068 5801 (ίῦ)
2124 5714 2243 5801 Sic,
2270 5732 2593 5801 Seguer._et
2618 5724 2764 5801 Edit.
2800 5716 3058 5797 Commel.
3083 5714 3296 5801 ‘aliique
3326 5725 3460 5801 mss.

1919 5781 2076 5855 milia}
2108 5781 2621 5855 Gobl.vctUFelcktit.
2661 5795 2681 5848 l
2717 5806 2879 5845 anon.
2929 5787 3018 5855 qui
3064 5784 3327 5855 ὠμότητα
3365 5781 3462 5835 ha-

1915 5881 1999 5924 LIII

1928 5909 2022 5924 ι’...
