4010 6536
517 459 581 517 51
1088 459 1145 515 S.
1190 456 1562 514 ATHANASII
1599 455 1748 512 OPI’.
1790 453 1970 508 PARS
2007 451 2049 509 I.
2091 483 2159 492 —
2197 449 2569 506 IIISTORICA
2610 448 2698 502 ET
2743 447 3164 504 DOGMATICA.‘
3706 445 3775 499 52

497 592 504 597 '
588 573 696 642 20
713 571 805 626 26.
830 573 977 627 Sane
991 571 1118 626 olim
1147 569 1437 624 Phoenicim
1462 566 1714 621 mulieres
1743 566 1795 619 in
1832 567 2095 619 idolorum

2270 562 2357 616 26.
2389 561 2650 623 Γυναῖκες
2675 559 2806 627 γοῦν
2836 559 2893 611 ὲν
2927 557 3213 622 εἰδωλείοις
3241 556 3352 627 (44)
3387 557 3484 626 τῆς
3521 555 3775 626 Φοινίκης

519 664 735 732 templis
764 663 915 731 prius
932 663 1271 732 prostabant,
1305 661 1496 728 suique
1527 657 1820 712 meretricii
1853 664 2090 726 quaestus

519 754 812 825 primordia
849 753 977 818 diis,
1012 754 1103 823 qui
1132 753 1240 808 illic
1279 751 1621 814 colebantur,
1651 748 2044 803 consecrabant
2073 763 2088 812 ;

518 861 674 900 suam
726 847 878 902 deam
908 846 1112 915 stupris
1140 845 1427 915 propitiam
1459 842 1642 905 reddi,
1669 840 2093 908 benevolamque

521 938 624 991 hoc
663 947 822 1006 pacto
849 935 984 992 eﬂici
1026 946 1176 991 ratae.
1214 935 1327 989 Viri
1361 947 1576 1001 quoque
1607 932 1878 1001 propriam
1903 943 2092 984 emen-

523 1027 606 1080 titi
642 1039 914 1089 naturam,
948 1040 1048 1080 nec
1077 1023 1306 1092 amplius
1339 1036 1519 1075 mares
1557 1035 1614 1075 se
1660 1034 1780 1074 esse
1807 1016 2090 1088 patientes,

525 1116 578 1169 in
607 1115 834 1170 feminas
869 1131 926 1168 se
957 1119 1366 1176 converterunt,
1411 1118 1716 1180 pergratam
1753 1121 1804 1162 et
1838 1105 2094 1161 honoriﬁ-

524 1220 643 1258 cam
693 1205 849 1259 matri
875 1204 1097 1257 deorum
1122 1203 1276 1256 seita
1323 1202 1558 1254 facturos
1579 1197 1846 1251 arbitrati.
1893 1196 2093 1251 Omnes

525 1298 756 1363 denique
777 1309 880 1348 una
900 1310 1021 1348 cum
1047 1291 1430 1363 perditissimis
1468 1291 1674 1354 vivunt,
1702 1300 1755 1342 et
1780 1303 1959 1342 secum
1987 1285 2089 1356 ipsi

524 1395 766 1458 pugnant
799 1394 857 1440 ut
886 1385 1118 1456 pejores,
1140 1383 1380 1450 qumidie
1402 1383 1656 1440 evadant,
1690 1390 1848 1449 atque
1877 1389 1932 1432 ut
1960 1378 2093 1432 dixit

523 1487 744 1532 sanctus
766 1476 968 1531 Christi
1001 1477 1248 1528 minister
1279 1473 1495 1538 Paulus,
1522 1472 1756 1525 Femina:
1788 1486 1966 1523 eorum
1991 1471 2091 1522 im-

522 1575 849 1619 mutaverunt
885 1565 1182 1617 naturalem
1217 1579 1396 1626 usum,
1439 1563 1493 1615 in
1537 1579 1651 1614 eum
1686 1577 1836 1613 nsunt
1877 1560 1967 1628 qui
2017 1570 2089 1612 est

523 1665 708 1709 contra
745 1664 1010 1705 naturam.
1050 1652 1312 1705 Similiter
1340 1663 1513 1704 autem
1547 1662 1591 1703 et
1638 1650 1883 1713 masculi,
1913 1648 2092 1702 relicto

525 1743 760 1796 naturali
785 1759 884 1796 usu
915 1744 1143 1812 feminae,
1172 1753 1478 1796 exarserunt
1515 1743 1571 1794 in
1604 1742 1875 1794 desideriis
1903 1743 2010 1794 suis
2039 1742 2093 1793 in

526 1835 762 1900 invicem,
777 1834 997 1886 masculi
1009 1833 1062 1885 in
1079 1832 1336 1885 masculos
1351 1833 1720 1899 turpitudinem
1743 1844 2011 1898 operante:
2027 1830 2088 1883 “.

2198 653 2365 706 πάλαι
2430 650 2879 723 προεκαθέζοντο,
2913 648 3289 720 ἀπαρχόμεναι
3336 650 3445 710 τοῖς
3479 647 3599 699 ἐκεῖ
3635 645 3779 709 θεοῖς

2199 743 2405 797 ἑαυτῶν
2431 743 2530 812 τὴν
2553 741 2646 795 τοῦ
2682 739 2930 812 σώματος
2959 739 3134 793 αὐτῶν
3168 738 3279 809 (45)
3317 737 3666 808 μισθαρνίαν,
3697 753 3782 789 νο-

2202 833 2452 906 μίζουσαι
2474 836 2540 904 τῇ
2565 831 2898 903 πορνείατὴν
2923 830 3042 883 θεὸν
3060 829 3170 898 (46)
3189 829 3398 882 ἑαυτῶν
3435 826 3780 891 ἱλάσκεσθαι,

2139 924 2146 929 ’
2199 927 2292 979 καὶ
2324 928 2401 988 εἰς
2431 924 2715 994 εὐμένειαν
2773 922 2926 990 ἄγειν
2956 921 3124 990 αὐτὴν
3164 919 3252 972 διὰ
3296 920 3520 972 τούτων.
3552 917 3785 986 ’Ἄνδρες

2197 1019 2275 1081 δὲ,
2315 1017 2412 1089 τὴν
2441 1016 2599 1086 φύσιν
2645 1015 2988 1086 ἀρνούμενοι,
3030 1015 3123 1066 καὶ
3151 1012 3342 1082 μηκέτι
3369 1006 3508 1064 εἶναι
3535 1010 3785 1071 θέλοντες

2199 1109 2448 1179 ἄρρενες,
2487 1108 2585 1178 τὴν
2635 1105 2906 1175 γυναικῶν
2970 1105 3290 1158 πλάττονται
3352 1102 3536 1171 φύσιν,
3595 1100 3672 1162 ὡς
3721 1100 3787 1152 ὲκ

2199 1200 2401 1251 τούτων
2431 1195 2746 1266 καταθύμια
2773 1196 2866 1247 καὶ
2892 1193 3055 1264 τιμὴν
3071 1195 3136 1263 τῇ
3174 1191 3338 1263 μητρὶ
3370 1190 3479 1243 τῶν
3509 1190 3642 1259 παρ’
3685 1190 3783 1241 αύ-

2198 1293 2310 1353 τοῖς
2361 1289 2666 1360 λεγομένων
2724 1286 2862 1339 θεῶν
2927 1284 3226 1348 ποιοῦντες.
3283 1283 3486 1345 Πάντες
3535 1281 3593 1334 δὲ
3650 1279 3785 1350 ὁμοῦ

2151 1401 2162 1442 ἡ
2199 1385 2309 1444 τοῖς
2373 1381 2669 1451 αἰσχίστοις
2737 1377 2933 1447 βιοῦσι,
2987 1376 3080 1428 καὶ
3130 1378 3243 1438 τοῖς
3284 1373 3523 1446 χείροσιν
3573 1372 3791 1432 ἑαυτοῖς

2198 1473 2551 1545 ἁμιλλῶνται·
2614 1472 2710 1524 καὶ
2763 1470 2838 1532 ὡς
2896 1464 3046 1522 εἶπεν
3099 1470 3126 1521 ό
3179 1467 3331 1535 ἅγιος
3381 1464 3477 1518 τοῦ
3542 1460 3788 1535 Χριστοῦ

2198 1566 2442 1628 διάκονος
2491 1563 2719 1625 Παῦλοςο
2776 1561 2848 1614 Αἵ
2877 1577 2940 1613 τε
2970 1559 3079 1628 γὰρ
3128 1557 3358 1624 θήλειαι
3409 1553 3614 1610 αὐτῶν
3649 1569 3792 1622 μετ-

2200 1652 2482 1722 ήλλαξαν
2548 1650 2658 1720 (47)
2723 1647 2836 1716 τὴν
2891 1646 3162 1716 φυσικὴν
3247 1645 3473 1715 χρῆσιν
3528 1646 3620 1708 εἰς
3677 1641 3792 1708 τὴν

2200 1743 2357 1812 παρὰ
2393 1744 2601 1812 φύσιν.
2639 1740 2879 1809 Ὁμοίως
2909 1738 2976 1791 δὲ
3012 1739 3105 1791 καὶ
3137 1741 3190 1792 οι
3238 1737 3501 1804 ᾶρῤενες,
3533 1733 3794 1803 ἀφέντες

2201 1836 2315 1904 τὴν
2339 1833 2611 1904 φυσικὴν
2640 1831 2864 1900 χρῆσιν
2908 1827 3014 1896 τῆς
3070 1830 3334 1896 θηλείας,
3367 1828 3796 1892 ἐξεκαύθησαν

529 1924 650 1978 ΙΙςιιιι
681 1937 857 1977 autem
889 1934 943 1977 et
975 1923 1168 1977 similia
1201 1922 1429 1990 agendo,
1464 1921 1702 1975 fatemur
1746 1932 1893 1976 certe
1931 1930 1986 1976 et
2015 1935 2101 1975 ar-

2210 1927 2270 1980 ὲν
2321 1926 2395 1994 τῇ
2421 1924 2612 1993 ὀρέξει
2665 1921 2863 1977 αὐτῶν
2909 1924 2997 1987 εἰς
3036 1920 3369 1987 ἀλλήλους,
3421 1916 3675 1986 ἇρῤενεξ-
3723 1919 3795 1971 ἐν

525 2024 692 2084 guunt
721 2015 869 2080 deos,
911 2029 1044 2083 quos
1090 2015 1188 2082 ipsi
1239 2014 1440 2076 colunt,
1467 2012 1766 2080 huiusmodi
1803 2013 1964 2064 vitam
1990 2016 2088 2065 du-

525 2109 686 2168 x‘sse,
721 2105 929 2160 scilicet
966 2120 1032 2160 ex
1062 2105 1194 2161 .love
1224 2119 1511 2175 puerorum
1543 2103 1914 2171 correptiones
1937 2112 2100 2172 atque

524 2197 808 2261 a-lulteria,
862 2211 927 2250 ex
972 2197 1179 2252 Venere
1237 2196 1596 2250 meretriciam
1621 2195 1810 2258 vitam,
1856 2209 1924 2247 ex
1953 2193 2094 2246 Rhea

526 2288 810 2351 quur'am,
840 2303 902 2341 ex
956 2287 1125 2342 Marte
1147 2287 1339 2350 caedes,
1365 2301 1428 2339 ex
1461 2286 1578 2339 aliis
1610 2284 1710 2338 alia
1732 2284 1924 2339 similia
1962 2285 2100 2338 didi-

523 2391 670 2438 cere,
696 2390 813 2445 quae
837 2375 1050 2443 quidem
1077 2390 1198 2428 cum
1217 2374 1361 2442 leges
1393 2373 1642 2443 punittnt,
1676 2382 1786 2425 tum
1819 2372 1971 2440 prohi
2002 2372 2102 2425 ho-

527 2468 700 2520 mines
732 2465 1046 2520 abhorrent.
1073 2463 1212 2519 Num
1257 2466 1423 2536 igitur
1461 2465 1534 2519 dii
1567 2463 1752 2518 haberi
1805 2463 1946 2531 digni
1979 2472 2101 2517 sunt

525 2555 617 2624 qui
649 2556 749 2608 ista
797 2555 994 2623 agant?
1023 2557 1215 2608 Annon
1251 2556 1428 2626 potius
1457 2569 1566 2624 prae
1593 2569 1801 2608 morum
1837 2556 2104 2623 perversi-

528 2655 638 2698 tale
673 2659 735 2698 ac
789 2644 998 2698 luxuria
1050 2645 1240 2699 bestiis
1286 2645 1584 2699 deteriores
1628 2653 1755 2699 sunt
1811 2645 2104 2701 censendi?

527 2734 666 2788 Num
699 2736 788 2804 qui
816 2735 936 2792 illos
961 2736 1163 2802 colunt,
1189 2737 1332 2806 digni
1376 2745 1500 2790 sunt
1527 2737 1618 2807 qui
1653 2736 1894 2790 homines
1919 2737 2105 2791 existi-

530 2827 780 2882 mentur?
808 2830 1000 2884 Annon
1030 2829 1228 2897 potius,
1263 2838 1319 2883 nt
1371 2827 1560 2882 belluis
1594 2828 1920 2898 stnpidiores
1949 2837 2002 2883 et
2047 2837 2106 2883 ut

530 2919 784 2974 inanimis
813 2921 969 2975 rebus
989 2921 1158 2992 magis
1197 2921 1441 2983 inanimi,
1471 2922 1814 2993 miseratione
1844 2930 1968 2975 sunt
2019 2921 2104 2976 di-

528 3007 662 3078 gni?
690 3008 745 3063 Si
767 3012 910 3063 enim
937 3025 1050 3064 sua:
1079 3011 1314 3078 ipsorum
1345 3010 1454 3080 (49)
1491 3011 1683 3065 anima:
1722 3019 1954 3066 mentem
1987 3021 2104 3066 tan-

531 3099 700 3170 tisper
727 3101 1184 3166 considerassent,
1239 3100 1289 3155 in
1344 3101 1461 3155 hate
1515 3102 1606 3154 toti
1650 3105 1951 3172 praecipites
1999 3119 2102 3158 non

531 3191 786 3257 ruissent,
838 3206 936 3247 nec
987 3205 1175 3246 verum
1232 3192 1433 3247 Christi
1480 3191 1695 3246 Patrem
1725 3191 1891 3248 Deum
1941 3210 2106 3266 nega-

529 3291 670 3338 rent.

2203 2017 2419 2086 ἄρσεσι
2451 2015 2564 2084 τὴν
2594 2015 3037 2082 ἀσχημοσύνην
3064 2011 3568 2082 κατεργαζόμενοι.
3608 2009 3793 2062 Ταῦτα

2203 2108 2259 2161 δὲ
2293 2108 2387 2161 καὶ
2413 2107 2480 2160 τά
2507 2105 2726 2159 τοιαῦτα
2767 2106 3120 2176 πράσσοντες,
3173 2102 3493 2173 ὁμολογοῦσι
3518 2104 3616 2156 καλ⁵
3645 2101 3796 2169 ἐλέγ-

2207 2215 2359 2268 χουσι
2411 2199 2504 2252 καὶ
2552 2198 2676 2260 τοὺς
2734 2194 3058 2265 λεγομένους
3107 2193 3286 2247 αύτῶν
3335 2193 3493 2258 θεοὺς
3553 2192 3795 2246 τοιοῦτον

2207 2289 2494 2361 ἐσχηκέναι
2538 2289 2628 2342 τὸν
2691 2287 2821 2357 βίον,
2887 2288 2982 2358 Ἐκ
3031 2286 3130 2357 μὲν
3174 2287 3282 2358 γὰρ
3335 2285 3456 2350 Διὸς
3517 2284 3620 2356 τὴν
3672 2302 3800 2338 παι-

2207 2381 2495 2457 δοφθορίαν
2546 2381 2641 2434 καὶ
2670 2380 2768 2449 τὴν
2827 2380 3088 2451 μοιχείαν,
3143 2380 3208 2430 ὲκ
3247 2378 3304 2431 δὲ
3344 2379 3671 2450 Ἀφροδίτης
3697 2378 3796 2448 τὴν

2201 2458 2494 2544 πορνείαν,
2548 2473 2642 2525 καὶ
2676 2474 2740 2524 ὲκ
2793 2470 2894 2540 μὲν
2935 2470 3091 2532 Ῥέας
3153 2469 3252 2540 τὴν
3291 2469 3608 2537 ἀσέλγειαν,
3645 2469 3708 2521 ὲκ
3737 2467 3795 2520 δὲ

2211 2565 2408 2635 "Apso;
2459 2564 2585 2627 τοὺς
2619 2562 2831 2632 φόνους,
2889 2562 2984 2615 καὶ
3043 2559 3103 2626 ἐξ
3154 2560 3328 2615 ἄλλων
3377 2561 3515 2614 ἄλλα
3571 2558 3798 2613 τοιαῦτα

2212 2654 2611 2726 μεμαθήκασιν,
2651 2653 2686 2707 ἀ
2734 2656 2782 2706 οί
2829 2652 2982 2723 νόμοι
3043 2652 3141 2723 μὲν
3195 2650 3507 2716 κολάζουσι,
3578 2654 3690 2716 πᾶς
3738 2652 3797 2706 δὲ

2215 2743 2446 2815 σώφρων
2497 2744 2635 2814 ἀνὴρ
2666 2743 3089 2813 ἀποστρέφεται.
3125 2736 3250 2813 Ἆρ’
3280 2737 3373 2796 οὖν
3399 2741 3553 2808 ἄξιον
3576 2741 3658 2794 ἔτι
3686 2742 3795 2812 (48)

2207 2833 2433 2897 τούτους
2497 2832 2737 2904 νομίζειν
2801 2827 2941 2887 εἶναι
3007 2832 3198 2896 θεοὺς.
3257 2833 3384 2897 τοὺς
3440 2832 3512 2887 τὰ
3571 2831 3800 2886 τοιαῦτα

2210 2925 2516 2990 ποιοῦντας,
2567 2927 2660 2979 καὶ
2695 2925 2769 2997 μὴ
2820 2924 3019 2995 μᾶλλον
3046 2923 3153 2978 τῶν
3181 2923 3390 2994 ἀλόγων
3421 2924 3799 2994 ἁλογωτέρους

2209 3016 2459 3087 ἡγεῖσθαι
2511 3015 2732 3078 τούτους
2781 3013 2869 3068 διὰ
2925 3015 3024 3086 τὴν
3083 3015 3371 3083 ἀσέλγειαν
3403 3016 3516 3068 τῶν
3540 3016 3796 3086 τρόπωνς

2209 3100 2354 3176 Ἀρα
2381 3104 2528 3170 ἀξιον
2565 3105 2691 3170 τοὺς
2729 3105 3132 3176 θρησκεύοντας
3186 3105 3384 3170 αὐτοὺς
3440 3104 3688 3177 νομιζειν
3715 3105 3804 3158 ἀνα

2214 3194 2485 3268 θρώπους,
2535 3197 2630 3249 καὶ
2666 3197 2740 3268 μὴ
2781 3197 2996 3268 ,μᾶλλον
3041 3197 3116 3262 ὡς
3156 3199 3367 3266 ἀλόγων
3396 3197 3799 3270 ἀλογωτέρους,

2125 3277 2167 3334 C
2201 3288 2296 3341 καὶ
2335 3287 2444 3340 τῶν
2484 3286 2709 3358 ἀψύχων
2742 3287 3132 3360 ἀψυχοτέρους,
3189 3289 3516 3360 οἰκτείρεινς
3558 3289 3624 3342 Ei
3691 3287 3803 3358 γὰρ

529 3375 829 3443 ἐλογίζοντο
864 3379 962 3449 τῆς
1021 3377 1230 3430 ἑαυτῶν
1271 3377 1456 3454 ψυχῆς.
1491 3376 1582 3430 τδν
1615 3375 1761 3443 νοῦν,
1797 3377 1897 3430 οὐκ
1925 3378 1991 3431 ἂν
2042 3379 2100 3432 ὲν
2174 3380 2384 3445 τούτοις
2450 3381 2971 3438 κατεπεπτώκεισαν
3019 3383 3130 3436 ὅλοι
3191 3387 3457 3455 πρηνεῖς,
3529 3385 3630 3436 καὶ
3710 3383 3803 3435 τὸν

527 3464 778 3534 ἀληθινὸν
803 3468 1063 3539 ἠρνοῦντο
1094 3467 1187 3519 τοῦ
1220 3467 1454 3536 Χριστοῦ
1496 3467 1714 3536 Πατέρα
1736 3467 1888 3522 Θεόν.

597 3553 688 3612 ΞῚ.
723 3561 795 3613 At
820 3559 960 3612 forte
987 3557 1078 3627 qui
1126 3557 1268 3611 inter
1306 3571 1400 3611 eos
1424 3558 1779 3626 sapientiores
1816 3559 1988 3615 videri
2016 3575 2112 3616 vo-

529 3651 670 3716 lunt,
704 3659 759 3705 et
784 3663 962 3704 rerum
985 3657 1288 3704 creatarum
1323 3646 1678 3702 admiratione
1708 3657 1982 3715 tenentur,
2014 3667 2112 3706 no-

531 3742 658 3798 stris
682 3740 1018 3812 argumentis
1039 3740 1209 3793 multo
1237 3753 1358 3792 cum
1383 3739 1587 3806 pudore
1614 3739 1798 3806 evicti,
1830 3757 1934 3798 non
1959 3743 2112 3798 ibunt

531 3833 744 3888 inﬁcias
775 3831 889 3885 hzec
919 3828 987 3883 ab
1041 3827 1292 3883 omnibus
1339 3826 1499 3882 facile
1547 3829 1814 3885 confutari
1844 3842 1898 3886 et
1931 3833 2112 3887 redar-

530 3923 620 3994 gui
654 3936 847 3992 posse:
899 3921 994 3975 sed
1053 3928 1221 3974 tutam
1255 3928 1307 3975 et
1360 3919 1612 3976 invictam
1649 3923 1749 3977 sibi
1794 3924 1938 3978 illam
1990 3939 2110 3980 esse

521 3998 839 4081 opinionem
865 4010 1240 4074 autumabunt,
1272 4025 1376 4080 qua
1393 4011 1728 4067 adducuntur
1766 4023 1823 4068 nt
1849 4015 2107 4069 mundum

533 4107 826 4172 tumulique
857 4112 1038 4171 partes
1063 4101 1280 4167 colant;
1312 4113 1474 4173 atque
1521 4103 1573 4156 in
1618 4118 1684 4159 eo
1709 4105 2106 4175 gloriabuntur,

531 4199 674 4255 quod
718 4211 823 4250 non
863 4195 1083 4265 lapides,
1134 4192 1297 4264 ligna,
1344 4193 1730 4265 hominumque
1778 4203 1834 4249 et
1863 4195 2112 4249 animan-

532 4290 687 4350 tium,
725 4286 1018 4342 volatilium
1052 4285 1392 4356 reptiliumve
1432 4301 1527 4340 seu
1568 4286 1973 4356 quadrupedum
2003 4285 2111 4341 for-

532 4394 648 4433 tnas
694 4391 1039 4441 venerentur,
1089 4377 1182 4434 sed
1239 4376 1428 4441 solem,
1488 4377 1695 4442 lunam,
1747 4387 2112 4446 cunctumque

531 4469 801 4524 caelestem
856 4474 1135 4536 mundum,
1201 4482 1408 4523 necnon
1452 4476 1650 4521 terram
1705 4475 1760 4522 et
1805 4468 2109 4521 universam

529 4574 788 4629 aquarum
828 4569 1099 4615 naturam.
1148 4557 1260 4612 lmo
1291 4574 1388 4613 nec
1417 4558 1745 4614 contendere
1789 4558 2110 4614 dubitabunt

531 4653 797 4707 neminem
835 4653 1123 4707 ostendere
1150 4666 1309 4722 posse
1345 4664 1430 4705 res
1468 4650 1586 4706 illas
1620 4666 1722 4706 non
1763 4666 1882 4708 esse
1918 4661 2108 4708 natura

529 4741 662 4796 deos
692 4759 707 4795 :
755 4757 876 4796 cum
905 4741 1155 4796 omnibus
1187 4740 1530 4796 manifestum
1575 4740 1664 4804 sit,
1703 4755 1766 4794 ea
1797 4755 1971 4810 neque
1995 4745 2110 4794 ina-

2280 3561 2370 3616 27.
2410 3560 2550 3614 Ἀλλ’
2584 3561 2714 3624 ἴσως
2745 3561 2794 3614 οἱ
2811 3561 3283 3633 έπαναὸεὸηκότες
3311 3559 3517 3613 τούτων
3545 3561 3644 3614 καὶ
3675 3561 3802 3632 περὶ

2209 3648 2310 3721 τὴν
2374 3650 2551 3704 κτίσιν
2605 3653 2962 3724 ἐπτοημένοι,
3022 3651 3430 3722 δυσωπούμενοι
3485 3655 3604 3713 τοῖς
3675 3653 3804 3724 περὶ

2212 3738 2322 3792 τῶν
2376 3740 2760 3812 βδελυγμάτων
2801 3742 3062 3812 ἐλέγχοις,
3107 3741 3538 3809 εύκατάγνωστα
3571 3742 3670 3812 μὲν
3707 3741 3804 3795 καὶ

2211 3828 2507 3898 εὐέλεγκτα
2554 3833 2703 3904 παρά
2741 3834 2905 3886 πᾶσιν
2961 3831 3088 3886 ὄντα
3126 3830 3296 3885 ταῦτα
3338 3831 3438 3885 οὐκ
3469 3833 3802 3902 ἀρνήσονται

2211 3920 2306 3972 καὶ
2366 3920 2540 3974 αύτοίο
2601 3925 2814 3993 ἐκείνην
2873 3923 2930 3975 δὲ
2978 3924 3162 3985 αὐτοῖς
3216 3920 3432 3992 ἀσφαλῆ
3491 3922 3594 3992 τὴν
3647 3921 3802 3987 δόξαν

2211 4014 2308 4066 καὶ
2336 4014 2730 4086 ἀναντίρρητον
2748 4009 2888 4068 εἶναι
2913 4014 3185 4084 οἰήσονται
3210 4012 3308 4084 τὴν
3327 4012 3462 4084 πρὸς
3485 4012 3578 4065 τὸν
3599 4013 3802 4084 κόσμον

2211 4105 2307 4157 καὶ
2364 4107 2434 4158 τά
2484 4104 2579 4158 τοῦ
2637 4106 2841 4176 κόσμου
2880 4106 3018 4176 μέρη
3071 4104 3394 4177 θρησκείαν·
3433 4109 3802 4176 καυχήσονται

2211 4194 2318 4265 γὰρ
2355 4196 2450 4265 οὐχ
2479 4196 2554 4258 ὡς
2576 4195 2777 4259 λίθους,
2806 4197 2900 4249 καὶ
2930 4195 3081 4260 ξύλα,
3119 4196 3214 4248 καὶ
3258 4193 3471 4266 μορφάς
3497 4195 3803 4267 ἀνθρώπων

2210 4286 2304 4338 καὶ
2335 4285 2542 4353 ἀλόγων
2574 4287 2792 4356 πτηνῶν
2828 4303 2888 4338 τε
2926 4287 3017 4339 καὶ
3055 4285 3300 4356 ἑρπετῶν
3329 4287 3422 4339 καὶ
3452 4286 3805 4359 τετραπόδων

2210 4375 2417 4442 ἁπλῶς,
2451 4375 2564 4429 ἀλλ’
2601 4377 2750 4447 ἥλιον
2789 4377 2884 4429 καὶ
2920 4377 3180 4447 σελήνην,
3211 4376 3305 4430 καὶ
3349 4376 3530 4430 πάντα
3555 4377 3650 4428 τὸν
3680 4376 3802 4428 κατ’

2209 4466 2435 4536 οὐρανὸν
2460 4466 2682 4537 κόσμον,
2711 4468 2804 4520 καὶ
2837 4467 2940 4538 γῆν
2972 4463 3038 4521 αῦ
3069 4467 3229 4520 πάλιν
3263 4467 3356 4521 καὶ
3388 4468 3688 4539 σύμπασαν
3706 4465 3802 4519 τοῦ

2211 4557 2379 4629 ὑγροῦ
2408 4559 2504 4629 τὴν
2538 4560 2698 4629 φύσιν
2723 4560 2972 4623 σέϐοντες
2995 4561 3087 4613 καὶ
3114 4559 3526 4632 θρησκεύοντες·
3571 4561 3666 4613 καὶ
3694 4561 3801 4630 φή-

2214 4665 2365 4702 σουσι
2411 4650 2485 4721 μὴ
2513 4651 2773 4705 δύνασθαί
2799 4669 2953 4715 τινας
3003 4652 3282 4718 ἀποδεῖξαι
3321 4654 3414 4706 καὶ
3442 4653 3670 4716 τούτους
3724 4651 3800 4722 μὴ

2211 4736 2348 4794 εἶναι
2399 4741 2557 4811 φύσει
2595 4743 2768 4808 θεοὺς,
2827 4745 2990 4797 πᾶσιν
3041 4743 3194 4806 ὄντος
3243 4741 3506 4814 φανεροῦ,
3545 4744 3629 4796 ὅτι
3675 4740 3801 4795 οὔτε

528 4834 672 4883 ninia
715 4843 890 4899 neque
921 4829 1126 4885 ratione
1152 4846 1343 4898 vacua,
1377 4831 1470 4886 sed
1508 4817 1670 4885 etiam
1697 4829 1977 4886 hominum
2006 4845 2101 4884 ua-

2211 4832 2414 4904 ᾶψυχα,
2435 4831 2560 4886 οὔτε
2583 4833 2751 4903 ἄλογα
2779 4835 3052 4906 τυγχάνει,
3082 4834 3217 4889 ἀλλὰ
3256 4836 3349 4888 καὶ
3370 4835 3469 4907 τὴν
3494 4832 3802 4904 ἀνθρώπων

600 4942 643 4973 ιι
673 4941 829 4996 nom.
869 4956 908 5008 ι,
935 4942 1027 5010 es,
1055 4943 1146 4997 27.

599 5075 710 5146 (Μ)
741 5075 832 5129 Sic
881 5077 1092 5146 Anglic.
1141 5075 1358 5140 Caeterl,
1391 5076 1652 5147 εἰδώλοις.
1689 5074 1834 5130 Idem
1866 5076 2100 5147 Anglic.,

523 5147 785 5216 γυναῖκας
851 5161 946 5214 pro
1005 5151 1265 5216 γυναῖκες
1333 5148 1514 5216 habet.
1589 5146 1755 5200 Paulo
1821 5146 1966 5216 post
2006 5163 2105 5216 pro

524 5215 926 5286 ἀπαρχόμενοι,
982 5215 1203 5271 Gobler.
1268 5226 1323 5269 et
1357 5215 1596 5286 Felckm.
1651 5215 1876 5270 lanoit.
1901 5215 2105 5272 habent

524 5285 916 5360 etrapxopsvat.
961 5287 1128 5342 Basil.
1181 5285 1550 5356 παρεχόμενοι
1572 5296 1628 5340 et
1656 5288 1710 5340 in
1740 5287 1982 5358 margine
2009 5302 2103 5360 γρ.

523 5358 918 5426 ἀπαρχόμενοι.

595 5424 708 5494 (ιὲ)
747 5424 865 5497 ξΤὴν
916 5426 1025 5497 τοῦ,
1060 5425 1312 5497 σωματος
1349 5424 1527 5480 αὐτῶν
1578 5442 1686 5482 non
1731 5436 1854 5480 sunt
1882 5427 1956 5497 [in
2010 5428 2108 5480 Se-

525 5513 677 5566 guer.
733 5495 952 5552 Gobler.
989 5495 1227 5566 Felckm.
1283 5497 1307 5549 1
1362 5511 1525 5550 anon.
1582 5499 1636 5550 In
1698 5497 1818 5549 aliis
1850 5495 2104 5550 veroha-

525 5565 756 5636 bentur,
821 5580 993 5636 eaque
1058 5565 1303 5632 legerunt
1366 5569 1657 5621 Umnihon.
1719 5575 1774 5618 et
1831 5566 2104 5636 Ambros.

524 5635 825 5706 tiamaldul.
881 5634 1014 5692 lbitl.
1051 5636 1171 5706 pro
1224 5635 1464 5701 ἑαυτῶν,
1513 5638 1725 5706 Anglic.
1766 5634 1962 5706 αὐτῶν
2004 5636 2107 5706 ha-

526 5703 727 5776 !)el,_el
751 5718 941 5776 contra
971 5704 1208 5760 Felckm.
1243 5706 1279 5759 2
1318 5722 1480 5762 anon.
1507 5703 1625 5776 pro'
1651 5704 1830 5758 αὐτῶν
1862 5718 1975 5774 seq.
2004 5705 2101 5757 ha-

527 5771 616 5826 bet
645 5771 872 5828 ἑαυτῶν.

600 5839 712 5910 (46)
769 5844 979 5912 Anglic.
1044 5855 1096 5900 ct
1155 5845 1318 5901 editio
1348 5845 1607 5904 (Sonunel.
1663 5845 1748 5898 τὸν
1788 5842 2098 5898 936v.lhid.

2209 5078 2428 5135 Gobler.
2486 5087 2540 5134 et
2602 5078 2846 5133 Felt-km.
2898 5079 2924 5132 1
2990 5093 3156 5132 anon.
3217 5077 3452 5140 ἑαυτοῖς.
3520 5077 3590 5131 Et
3639 5078 3799 5147 paulo

2212 5161 2333 5219 post
2389 5151 2548 5206 iidem
2604 5148 2824 5204 Gohler.
2878 5157 2931 5202 et
2977 5147 3223 5219 _Felckm.
3284 5148 3792 5219 tation._sdw8ia.

2213 5216 2311 5288 pro
2363 5219 2652 5289 εὐμένειαν
2700 5219 2922 5273 habent.
2977 5216 3111 5272 Ibid.
3171 5217 3382 5286 Anglic.
3420 5216 3604 5270 αὐτῶν
3635 5220 3800 5273 habet

2212 5290 2530 5360 ιντοβὺτήν·

2285 5358 2398 5428 (47)
2429 5354 2592 5429 Itasil.
2655 5357 3072 5429 μετηλλάξαντο.
3120 5354 3260 5429 Infra
3294 5363 3416 5429 post
3446 5354 3809 5429 locu_m_A_po-,

2204 5421 2330 5552 glo‘li
2377 5421 2498 5494 καί,
2527 5421 2754 5483 autem
2780 5421 3043 5494 ¹τοιαῦτα,
3077 5443 3182 5483 ιιοιι
3220 5421 3416 5495 legitur
3458 5426 3511 5478 in
3551 5421 3796 5480 Felckm.

2270 5513 2436 5551 anon.

2270 5513 2436 5551 anon.

2279 5566 2629 5639 (48)_Felck.
2682 5567 2719 5621 2
2771 5581 2932 5639 anon.
2987 5567 3122 5639 ἐστι.
3185 5564 3493 5639 Βιι-ςῖίηὲπὶ
3561 5564 3794 5639 τούτοις.

2206 5633 2530 5691 1ὺίὶ1.ἐίναι
2576 5639 2728 5690 deest
2783 5639 2833 5689 in
2872 5636 3089 5691 Gohler.
3135 5647 3187 5689 et
3232 5633 3413 5688 Felt-k.
3461 5637 3479 5687 ι
3517 5649 3607 5687 an.
3666 5635 3795 5693 τοὺς

2207 5707 2278 5758 τά
2323 5708 2547 5761 τοιαῦτα
2605 5706 2892 5769 ποιοῦντας
2947 5723 3051 5759 nou
3111 5707 3364 5774 leguntur
3415 5704 3468 5756 in
3520 5700 3702 5756 FeIt-k.
3760 5702 3796 5753 Ξ

2285 5845 2397 5916 (49)
2434 5848 2544 5912 Sic,
2599 5847 2674 5899 uti
2726 5846 2777 5899 in
2824 5845 3011 5897 (ἶνινεο
3063 5854 3164 5902 est,
3228 5841 3515 5906 Vertimus,
3568 5844 3691 5911 quia
3731 5843 3795 5897 5.
