4010 6556
232 473 290 532 ει
850 445 867 459 ’
1447 467 1710 528 ORATIO
1751 472 2030 529 comas
2064 424 2389 532 Games;

3417 472 3486 530 51

227 591 497 664 ὑπεραίρει
539 593 857 662 φύσιν,,τῷ
888 591 997 662 (50)
1031 590 1098 643 τά
1128 591 1225 661 μὲν
1265 593 1320 644 ὲν
1345 590 1614 660 οὐρανοῖς,
1640 591 1710 644 τά
1762 592 1802 644 δὲ

1921 603 2037 648 tura
2089 595 2368 664 superiora
2400 607 2542 659 esse,
2587 606 2652 646 eo
2692 593 2834 662 quod
2887 593 2996 661 ipsa
3024 593 3077 648 2-3
3114 593 3286 660 caelis,
3325 597 3377 650 hi
3429 595 3482 650 in

225 683 302 740 ιπὶ
335 681 427 751 τῆς
458 682 579 750 γῆς
619 685 919 735 κατοικεῖν.
955 680 1134 743 Ἀξιον
1183 675 1274 733 οὖν
1319 682 1412 733 καὶ
1451 683 1579 752 περ).
1615 680 1815 734 τούτων

229 776 334 831 ιδεῖν
361 773 460 825 καὶ
505 773 894 842 διερευνῆσαι.
951 773 1173 834 Πάντως
1215 771 1324 842 γὰρ
1377 774 1469 825 καὶ
1511 774 1569 824 ὲν
1602 774 1814 837 τούτοις

225 863 427 933 εὑρήσει
455 861 488 911 ὁ
517 859 698 928 λόγος
729 860 820 911 τὸν
855 859 1066 926 ἔλεγχον
1096 857 1270 926 ἀληθῆ
1301 859 1422 911 κατ’
1459 857 1657 910 αὐτῶν.
1677 858 1814 928 Πρὶν

225 953 272 1006 δὲ
297 952 441 1022 ήμᾶς
478 950 623 1003 ίδεῖν
649 951 767 1017 (51)
790 950 881 1002 καὶ
911 949 1007 1019 τῆς
1047 948 1370 1014 ἀποδείξεως
1397 949 1683 1019 ἄρξασθαι,
1713 949 1814 1018 ἀρ-

225 1043 299 1094 κεῖ
315 1037 412 1108 τὴν
446 1038 644 1090 κτίσιν
676 1039 846 1108 αὐτὴν
889 1037 1005 1089 κατ’
1041 1037 1216 1090 αὐτῶν
1265 1039 1549 1108 μονονουχὶ
1599 1037 1809 1107 βοῆσαι,

227 1131 302 1184 καὶ
330 1129 512 1195 δεῖξαι
554 1129 656 1182 τὸν
701 1129 874 1196 αὐτῆς
912 1128 1137 1198 ποιητὴν
1170 1129 1265 1181 καὶ
1307 1129 1638 1199 δημιουργὸν
1658 1129 1809 1193 Θεὸν,

226 1223 299 1275 ὡν
320 1220 419 1272 καὶ
472 1218 694 1287 ταύτης
734 1218 845 1286 (52)
880 1218 973 1270 καὶ
997 1217 1090 1269 τοῦ
1118 1218 1315 1280 παντὸς
1345 1217 1694 1287 βασιλεύοντα
1719 1217 1812 1268 τὸν

229 1311 431 1382 Πατέρα
462 1309 565 1363 τοῦ
609 1311 821 1380 Κυρίου
877 1309 1034 1380 ήμῶν
1084 1308 1256 1378 Ἰησοῦ
1286 1309 1547 1380 Χριστοῦο
1575 1309 1635 1361 ὃν
1679 1311 1812 1362 ἀπο-

231 1403 540 1472 στρέφονται
583 1403 686 1472 μὲν
719 1404 768 1454 οί
800 1401 1144 1471 δοκησίσοφοι
1169 1402 1303 1470 (55),
1330 1401 1428 1472 τὴν
1466 1401 1525 1454 δὲ
1558 1402 1686 1472 παρ’
1716 1403 1813 1454 αὐ-

227 1491 304 1544 τοῦ
328 1491 645 1562 γενομένην
691 1491 868 1544 κτίσιν
911 1489 1276 1560 προσκυνοῦσι
1323 1493 1417 1544 καλ¹
1483 1489 1807 1554 θεοποιοῦσι,

229 1585 384 1636 καίτοι
440 1581 870 1651 προσκυνοῦσαν
922 1582 1014 1634 καὶ
1084 1581 1253 1651 αὐτὴν
1315 1583 1408 1634 καὶ
1443 1581 1809 1652 ὁμολογοῦσαν

227 1675 276 1727 ὃν
309 1675 509 1726 ἐκεῖνοι
565 1674 639 1726 δι’
683 1673 852 1743 αὐτὴν
896 1671 1184 1742 ἀρνοῦνται
1231 1672 1453 1744 Κύριον.
1489 1673 1647 1726 Οῦτω
1699 1673 1806 1742 γὰρ

229 1766 334 1827 τοὺς
373 1764 709 1835 ἀνθρώπους
741 1765 820 1826 είς
862 1763 929 1815 τά
958 1763 1162 1832 ταύτης
1199 1763 1339 1834 μέρη
1371 1765 1672 1834 κεχηνότας
1715 1765 1809 1817 καὶ

231 1855 366 1918 θεοὺς
392 1855 725 1925 νομίζοντας
754 1853 925 1908 ταῦτα
957 1855 1258 1926 δυσωπήσῃ
1298 1855 1363 1907 ἂν
1395 1855 1576 1918 καλῶς
1609 1856 1808 1919 αὐτοὺς

230 1947 259 2015 ή
290 1945 390 1998 τῶν
435 1945 627 2016 μερῶν
673 1945 810 2015 πρὸς
847 1945 1050 2014 ἄλληλα
1089 1946 1283 2016 χρεία·
1317 1947 1574 2015 γνωρίζει
1604 1947 1662 2000 δὲ
1713 1950 1806 2000 καὶ

231 2037 468 2105 σημαίνει
497 2036 596 2088 τὸν
625 2036 721 2088 καὶ
747 2035 926 2107 αὐτῶν
948 2036 1076 2088 ὄντα
1100 2035 1304 2105 Κύριον
1337 2038 1430 2089 καὶ
1460 2037 1690 2108 ποιητὴν
1713 2038 1806 2092 τὸν

231 2127 310 2180 τοῦ
352 2128 530 2194 Λόγου
567 2127 815 2198 Πατέρα,
850 2130 917 2197 τῇ
966 2127 1344 2199 ἀναντιρρήτῳ
1384 2129 1675 2198 προστάξει
1707 2131 1807 2199 τῆς

234 2217 299 2278 εἰς
318 2216 475 2269 αὐτὸν
504 2217 780 2286 ὑπακοῆς,
865 2232 997 2285 φησι
1027 2218 1120 2269 καὶ
1143 2216 1254 2286 (54)
1279 2219 1311 2287 ή
1340 2215 1460 2269 θεία
1484 2217 1804 2287 νομοθεσία·

238 2308 291 2359 οι
330 2306 574 2372 οίιρανοὶ
619 2305 964 2374 διηγοῦνται
989 2305 1180 2370 δόξαν
1222 2308 1391 2360 Θεοῦ·
1434 2309 1683 2374 ποίησιν
1738 2307 1807 2360 δὲ

237 2397 427 2466 χειρῶν
463 2399 660 2452 αὑτοῦ
686 2397 1042 2468 ἀναγγέλλει
1071 2399 1138 2451 τὸ
1175 2399 1496 2468 στερέωμα.
1533 2401 1721 2464 Πίστις
1748 2401 1806 2455 δὲ

233 2488 414 2540 τούτων
441 2489 544 2540 οὐκ
578 2489 818 2558 ἀφανὴς,
850 2488 987 2541 ἀλλά
1015 2490 1108 2542 καὶ
1141 2489 1258 2541 λίαν
1285 2492 1516 2561 ἐναργής
1537 2480 1662 2543 (ἐστι
1694 2494 1807 2554 τοῖς

234 2576 314 2630 τῗιν
348 2578 628 2648 ὀφθαλμὸν
656 2578 759 2649 τῆς
792 2579 1027 2643 διανοίας
1060 2579 1134 2650 μὴ
1187 2581 1360 2652 πάντη
1409 2582 1806 2652 πεπηρωμένον

238 2660 444 2737 ἔχουσιν.
483 2670 546 2723 Et
576 2671 688 2740 γάρ
716 2687 801 2738 τις
829 2671 952 2726 καθ’
984 2671 1154 2725 ἑαυτά
1177 2671 1247 2724 τά
1278 2673 1417 2743 μέρη
1442 2673 1542 2743 τῆς
1575 2675 1805 2737 κτίσεως

238 2756 390 2823 λάϐοι,
420 2760 515 2811 καὶ
547 2758 785 2812 ἕκαστον
822 2760 926 2830 ἰδία
957 2763 1161 2832 νοήσει,
1190 2755 1300 2814 οἷον
1333 2761 1485 2832 ἥλιον
1523 2762 1646 2815 καθ’
1676 2763 1804 2814 ἑαυ-

239 2849 316 2902 τὸν
347 2851 524 2920 μόνον,
557 2851 658 2904 καὶ
691 2851 918 2923 σελήνην
941 2852 1130 2923 χωρὶς,
1159 2852 1256 2906 καλ⁸
1281 2852 1385 2922 γῆν
1414 2850 1480 2906 αὖ
1511 2854 1605 2907 καὶ
1644 2853 1802 2923 ἀέρα,

241 2941 322 2995 καὶ
344 2943 436 3012 τὴν
462 2942 677 3013 θερμὴν
701 2942 797 2996 καὶ
817 2943 1052 3014 ψυχρὰν,
1069 2946 1164 2997 καὶ
1192 2942 1361 3014 ξηρὰν
1379 2944 1488 3013 (55)
1513 2944 1606 2997 καὶ
1632 2944 1806 3013 ὑγρὰν

242 3029 404 3084 οὐσίαν
436 3031 629 3085 διελὼν
655 3033 764 3085 ἀπὸ
784 3034 883 3103 τῆς
902 3033 1036 3104 πρὸς
1057 3033 1262 3104 ἄλληλα
1288 3034 1551 3103 συναφῆς,
1577 3033 1805 3087 ἕκαστον

246 3121 438 3176 ὲκλάὁοι
461 3123 584 3176 καθ’
612 3125 778 3177 ἑαυτὸ
806 3126 898 3178 καὶ
926 3124 1029 3196 ίδίᾳ
1059 3125 1404 3196 θεωρήσειεν·
1434 3127 1655 3197 εὑρήσει
1678 3125 1808 3178 πάν-

246 3228 335 3275 τως
369 3214 528 3284 μηδὲν
566 3214 920 3284 ἱκανούμενον
961 3214 1158 3284 ἑαυτῷ,
1191 3215 1327 3269 ἀλλά
1363 3216 1540 3269 πάντα
1580 3216 1679 3286 τῆς
1710 3215 1804 3267 ἀλ-

244 3302 395 3373 λήλων
426 3306 618 3377 χρείας
647 3307 906 3377 δεόμενα,
938 3308 1034 3361 καὶ
1079 3311 1200 3371 ταῖς
1235 3311 1366 3379 παρ’
1409 3307 1655 3378 ἀλλήλων
1689 3306 1799 3377 (56)

247 3396 562 3465 ἐπικουρίαις
597 3397 982 3466 συνιστάμενα.
1030 3397 1220 3461 Ἤλιος
1264 3398 1362 3468 μὲν
1400 3397 1507 3471 γάρ
1538 3397 1615 3467 τῷ
1665 3397 1802 3466 σύμ-

246 3499 383 3536 παντι
410 3485 624 3556 οὐρανῷ
655 3487 1122 3558 συμπεριφέρεται
1153 3487 1247 3539 καὶ
1280 3486 1684 3558 ἐμπεριέχεται,
1711 3484 1803 3540 καὶ

248 3572 380 3635 ἐκτὸς
403 3575 502 3644 τῆς
529 3577 744 3629 ἐκείνου
787 3577 1151 3648 κυκλοφορίας
1180 3577 1278 3630 οὐκ
1307 3577 1372 3630 ἄν
1407 3593 1535 3629 ποτε
1564 3577 1797 3646 γένοιτο·

249 3661 417 3734 σελήνη
444 3665 499 3718 δὲ
528 3667 627 3719 καὶ
653 3666 724 3720 τὰ
768 3666 900 3721 ἄλλα
934 3667 1108 3739 ἄστρα
1145 3666 1482 3741 μαρτυροῦσι
1512 3669 1609 3738 τὴν
1651 3667 1804 3738 παρά

247 3751 374 3822 ἡλίου
400 3759 728 3829 γιγνομένην
758 3759 870 3828 (57)
917 3760 1100 3823 αὐτοῖς
1137 3760 1476 3831 ἐπικουρίαν
1506 3761 1576 3830 γῆ
1604 3760 1661 3813 δὲ
1693 3761 1800 3814 πά-

248 3841 316 3898 λιν
337 3846 425 3900 οὐκ
454 3849 580 3902 ἄνευ
617 3850 791 3902 ὑετῶν
817 3851 944 3914 τοὺς
975 3853 1222 3923 καρποὺς
1251 3853 1577 3906 ἀποδιδοῦσα
1615 3852 1801 3922 φαίνε-

248 3953 339 3990 ται·
370 3943 414 3993 oi
437 3941 492 3994 δὲ
521 3942 634 4009 (58)
670 3943 818 3996 ὑετοὶ
851 3945 1018 4014 χωρὶς
1047 3944 1149 4013 τῆς
1189 3945 1298 3997 τῶν
1342 3944 1577 4013 νεφελῶν
1609 3945 1801 4015 χρείας

248 4028 331 4080 οὐκ
352 4030 412 4082 ἂν
431 4032 725 4086 καταϐαῖεν
759 4034 849 4087 ἐπὶ
875 4033 1000 4102 γῆς’
1039 4034 1152 4087 ἀλλ’
1183 4035 1303 4088 οὐδὲ
1333 4035 1468 4104 νέφη
1504 4036 1673 4105 χωρὶς
1701 4034 1796 4088 τοῦ

250 4119 387 4188 ἀέρος
423 4122 540 4176 καθ’
570 4123 742 4176 ἑαυτά
767 4123 832 4176 ἂν
871 4124 1064 4194 φανείη
1097 4126 1192 4178 καὶ
1224 4126 1450 4195 συσταίη
1486 4126 1634 4178 ποτέ.
1671 4125 1797 4179 Ὅτε

251 4207 340 4279 ἀὴρ
366 4211 454 4280 οὐχ
487 4213 577 4282 ὑφ’
622 4213 837 4278 ἑαυτοῦ,
867 4213 979 4266 ἀλλ’
1011 4215 1116 4268 ὑπὸ
1155 4215 1252 4285 μὲν
1287 4214 1398 4284 (59)
1448 4214 1542 4268 τοῦ
1581 4214 1800 4284 αἰθέρος

250 4299 542 4368 διακαίεται,
577 4305 685 4357 ὑπὸ
727 4305 782 4358 δὲ
824 4303 918 4356 τοῦ
950 4305 1099 4376 ήλίου
1141 4305 1630 4376 καταλαμπόμενος
1660 4305 1800 4374 λαμ-

251 4391 502 4461 πρύνεται.
563 4397 676 4449 Καὶ
725 4398 901 4467 πηγαὶ
953 4396 1050 4465 μὲν
1097 4396 1191 4449 καὶ
1241 4398 1472 4466 ποταμοὶ
1523 4397 1622 4448 οὐκ
1671 4399 1799 4450 ἄνευ

252 4481 332 4551 τῆς
372 4485 468 4553 γῆς
505 4487 862 4556 συστήσονται
914 4503 1059 4538 ποτε·
1113 4487 1186 4555 γῆ
1223 4485 1280 4538 δὲ
1323 4487 1423 4538 ούκ
1463 4487 1553 4554 ἀφ’
1603 4487 1800 4555 ἑαυτῆς

1837 1921 1878 1974 Β

1919 687 2078 740 terris
2111 686 2371 740 habitent.
2403 685 2586 754 Itaque
2609 685 2767 739 htcca
2795 685 2948 740 nobis
2974 687 3169 740 discuti
3199 698 3252 742 et
3279 688 3486 743 exami-

1918 777 2031 831 nari
2055 791 2152 844 par
2169 787 2269 832 est.
2300 777 2406 832 Nec
2438 779 2580 832 enim
2608 776 2790 831 dubito
2825 777 2952 846 quin
2971 777 3022 830 in
3051 779 3134 832 his
3154 793 3366 846 quoque
3392 777 3487 832 lir-

1916 867 2214 920 tnissituum
2247 879 2432 922 contra
2457 869 2575 921 illos
2593 878 2965 936 argumentum
2994 869 3263 936 rcpetturi
3293 871 3482 925 simus.

1917 954 2072 1008 Prius
2101 971 2228 1010 vero
2258 974 2416 1024 quam
2447 958 2498 1010 id
2525 957 2789 1024 dispicere
2823 966 2876 1010 et
2900 958 3275 1009 demonstrare
3306 945 3486 1010 ordia-1

1915 1061 2054 1110 mur,
2108 1048 2241 1101 satis
2283 1048 2525 1114 proiecto
2566 1047 2728 1101 fuerit
2769 1047 2940 1113 ipsam
3003 1061 3182 1099 rerum
3234 1055 3481 1098 naturam

1915 1137 2172 1190 adversus
2209 1137 2325 1190 illos
2371 1139 2754 1207 propemodum
2785 1139 3040 1198 clamare,
3067 1151 3332 1203 suumque
3357 1135 3487 1189 ell'e-

1913 1233 2116 1278 ctorem
2147 1237 2201 1278 et
2225 1235 2497 1279 auctorem
2538 1226 2721 1289 Detun,
2753 1227 2832 1280 sui
2863 1242 2926 1278 ac
2957 1226 3117 1278 totius
3137 1225 3374 1280 universi
3403 1239 3487 1278 re-

1913 1325 2116 1369 ctorem
2165 1316 2372 1370 Domini
2414 1318 2580 1369 nostri
2626 1315 2749 1371 Jesu
2803 1317 3002 1370 Christi
3045 1316 3254 1369 Patrem
3300 1324 3484 1382 aperte

1915 1407 2135 1459 testari:
2173 1423 2331 1475 quem
2384 1405 2580 1472 injuste
2634 1409 2920 1459 admodum
2959 1407 3215 1474 rejiciunt
3251 1405 3367 1460 falsi
3392 1421 3483 1459 sa-

1912 1497 2143 1561 pientes.
2193 1498 2285 1565 qui
2341 1507 2588 1554 naturam
2617 1495 2684 1548 ab
2721 1497 2835 1564 ipso
2869 1498 3138 1550 conditam
3171 1497 3400 1549 adorant
3427 1502 3482 1548 et

1915 1587 2076 1640 Deum
2108 1585 2307 1639 habent
2343 1603 2356 1638 :
2389 1586 2766 1655 quamvisipsa
2800 1600 3013 1653 quoque
3032 1586 3218 1638 adoret
3233 1594 3286 1639 et
3302 1584 3482 1638 Domi-

1913 1695 2036 1732 num
2068 1678 2408 1739 conﬁteatur,
2443 1693 2600 1745 quem
2630 1677 2702 1732 illi
2723 1678 2841 1747 ejus
2870 1691 3033 1730 causa
3067 1685 3344 1743 respuunt.
3374 1673 3479 1730 Sa-

1913 1784 1980 1823 ne
2019 1770 2122 1837 21
2160 1777 2419 1836 quotquot
2447 1779 2628 1836 partes
2651 1769 2884 1822 universi
2905 1767 3259 1831 admirantur,
3284 1780 3481 1836 easque

1914 1861 2131 1914 tmidem
2161 1861 2288 1914 deos
2317 1875 2438 1914 esse
2485 1861 2818 1920 existimant,
2866 1873 2932 1912 ex
2993 1867 3181 1912 mutua
3241 1857 3477 1926 ipsarum

1909 1951 2050 2003 inter
2083 1965 2140 2004 se
2164 1949 2469 2004 necessaria
2493 1964 2594 2017 ope
2623 1949 2882 2017 przeclare
2905 1957 3130 2018 possunt
3155 1946 3400 2016 coargui.
3424 1946 3479 1999 ld

1907 2041 2048 2093 enim
2081 2039 2290 2092 illarum
2325 2037 2609 2091 Dominum
2638 2047 2691 2090 et
2713 2036 3023 2091 eﬂ'ectorem
3053 2035 3212 2090 Verbi
3241 2033 3480 2099 Patrem,

1909 2127 2108 2182 invicto
2127 2127 2351 2196 imperio
2381 2136 2436 2180 et
2461 2126 2800 2195 praescripto,
2825 2140 2930 2195 quo
2951 2126 3000 2179 ei
3026 2126 3304 2188 obediunt,
3331 2139 3481 2194 egre-

1906 2218 1992 2283 gie
2021 2217 2292 2286 signiﬁcat
2320 2227 2375 2270 et
2407 2216 2626 2280 indicat,
2659 2225 2716 2270 ut
2740 2216 2901 2269 etiam
2937 2214 3019 2268 lex
3052 2216 3232 2268 divina
3258 2215 3342 2269 his
3366 2230 3480 2269 ver-

1917 2309 1999 2362 bis
2025 2308 2182 2362 d0cet
2217 2326 2230 2363 :
2265 2306 2393 2362 Coeli
2417 2317 2666 2361 enarrant
2702 2307 2924 2376 gloriam
2955 2305 3050 2358 Dei
3087 2315 3132 2358 et
3166 2321 3324 2372 opera
3358 2320 3477 2356 ma-

1908 2413 2068 2450 unum
2100 2398 2213 2467 ejus
2245 2398 2526 2451 annuntiat
2552 2397 2942 2470 ﬁrmamentum
2993 2396 3058 2451 ¹⁵.
3085 2395 3194 2450 Nec
3225 2409 3353 2449 vero
3381 2409 3479 2448 oc-

1908 2487 2050 2541 culta
2080 2498 2133 2541 et
2156 2490 2402 2541 abstrusa
2436 2496 2519 2540 est
2553 2486 2710 2553 hujus
2742 2487 2818 2541 rei
2857 2487 3010 2552 ﬁdes,
3042 2487 3135 2540 sed
3188 2487 3476 2540 admodum

1907 2578 2052 2632 clara
2080 2587 2135 2632 et
2158 2581 2437 2646 perspicua
2459 2579 2542 2632 his
2559 2579 2648 2646 qui
2679 2578 2873 2633 mentis
2896 2578 3106 2634 oculum
3127 2591 3230 2632 non
3257 2577 3478 2631 omnino

1905 2669 2237 2724 ohczecatum
2264 2670 2481 2724 habent.
2512 2669 2569 2723 Si
2605 2669 2727 2735 quis
2750 2669 2896 2724 enim
2948 2679 3154 2722 naturae
3188 2677 3373 2738 partes
3405 2667 3479 2721 si-

1908 2760 2130 2830 gillatim
2163 2759 2592 2828 circumspiciat,
2618 2769 2672 2813 et
2717 2760 2960 2830 singulas
2992 2773 3239 2813 seorsum
3294 2758 3476 2812 consi-

1907 2854 2080 2917 deret,
2106 2861 2164 2905 ut
2192 2851 2358 2906 solem
2391 2851 2588 2915 solum,
2621 2851 2704 2904 vel
2760 2851 2933 2906 solam
2975 2849 3185 2913 lunam,
3239 2849 3478 2918 itemque

1908 2954 2106 2996 terram
2135 2951 2189 2996 et
2208 2955 2412 3006 aerem,
2445 2956 2652 2998 necnon
2709 2942 2941 2996 calidam
2967 2955 3030 2996 ac
3077 2940 3349 3010 frigidam,
3369 2939 3478 2992 sic—

1906 3047 2136 3101 eamque
2163 3043 2220 3086 et
2249 3031 2523 3086 humidam
2579 3039 2866 3097 naturam;
2909 3031 2952 3084 si
2996 3028 3118 3098 quis
3143 3068 3159 3094 ,
3210 3029 3427 3096 inquam
3457 3067 3473 3090 ,

1908 3133 2146 3176 mutuam
2187 3135 2365 3176 rerum
2397 3122 2606 3176 illarum
2639 3121 2780 3176 inter
2808 3135 2866 3174 se
2899 3120 3334 3190 conjuttctionctn
3366 3118 3477 3173 dis-

1908 3213 2104 3276 solvat,
2132 3213 2483 3282 singulasque
2529 3215 2821 3284 separatim
2873 3214 3103 3281 accipiat
3135 3222 3187 3266 et
3235 3220 3476 3266 contem-

1904 3304 2125 3372 pletur:
2185 3304 2386 3359 nullam
2441 3307 2667 3359 omnino
2697 3305 2797 3358 sibi
2855 3305 2955 3372 ipsi
2991 3304 3128 3358 satis
3175 3315 3334 3368 esse,
3380 3303 3473 3356 sed

1902 3411 2094 3450 omnes
2123 3404 2302 3450 mutua
2333 3411 2435 3466 ope
2462 3397 2723 3466 indigere,
2780 3397 2991 3466 hocque
3041 3403 3227 3448 mutuo
3273 3392 3475 3446 auxilio

1903 3489 2201 3543 consistere
2256 3488 2512 3543 inveniet.
2575 3487 2666 3541 Sol
2700 3487 2842 3542 enim
2896 3502 3000 3540 una
3043 3499 3166 3540 cum
3223 3484 3476 3539 universo

1901 3579 2044 3635 coelo
2077 3579 2462 3634 circumfertur
2492 3592 2669 3646 eoque
2719 3577 3046 3642 continetur,
3081 3590 3180 3630 nec
3235 3588 3472 3643 unquam

1904 3680 2057 3726 extra
2098 3672 2371 3739 propriqu
2401 3668 2664 3724 circulum
2693 3666 2990 3737 egreditur.
3016 3665 3166 3720 Luna
3185 3679 3312 3719 vero
3341 3663 3476 3717 alia-

1902 3777 2006 3831 que
2033 3771 2200 3827 astra,
2227 3771 2484 3830 quantum
2519 3777 2582 3814 ex
2602 3760 2713 3814 sole
2736 3761 3031 3827 pendeant,
3065 3759 3235 3829 palam
3271 3765 3476 3812 testan-

1903 3863 2006 3908 tur.
2033 3853 2256 3909 Terram
2280 3868 2493 3923 quoque
2520 3854 2636 3907 sine
2667 3853 2859 3922 pluviis
2877 3850 3084 3906 fructus
3117 3850 3290 3905 nullos
3311 3847 3476 3904 edere

1902 3943 2200 4001 cernimus.
2237 3943 2443 3997 Rursus
2479 3943 2670 4012 pluvia:
2705 3942 2826 3996 sine
2871 3941 3094 3995 nubium
3142 3939 3386 3994 subsidio
3419 3938 3470 3992 in

1913 4043 2114 4088 terram
2141 4035 2389 4088 decidere
2418 4048 2523 4086 non
2541 4041 2762 4100 queunt.
2799 4030 2977 4085 Nubes
2996 4039 3174 4084 autem
3206 4028 3322 4083 sine
3349 4043 3476 4083 aere

1902 4143 1999 4197 per
2026 4142 2084 4181 se
2115 4127 2416 4181 consistere
2453 4140 2729 4194 nunquam
2774 4126 2978 4180 videas.
3011 4124 3118 4176 Aer
3145 4124 3270 4177 item
3309 4136 3415 4176 non
3443 4136 3472 4173 a

1901 4219 2081 4286 seipso
2111 4218 2205 4272 sed
2239 4218 2307 4272 ab
2337 4219 2538 4270 aethere
2564 4217 2826 4277 calorem,
2850 4227 2906 4268 et
2935 4215 3118 4268 lumen
3156 4228 3186 4265 a
3221 4212 3335 4266 sole
3365 4226 3477 4265 tnu-

1904 4317 2102 4362 tuatur.
2133 4308 2240 4363 Nec
2266 4312 2427 4362 etiam
2461 4309 2637 4361 fontes
2666 4321 2765 4360 nec
2789 4306 2936 4358 ﬂuvii
2975 4313 3182 4359 remota
3212 4311 3356 4356 terra
3381 4314 3475 4368 per

1901 4399 2109 4466 seipsos
2132 4408 2406 4453 constant.
2431 4397 2541 4450 Nec
2586 4406 2729 4450 terra
2784 4412 2842 4451 se
2876 4411 2973 4450 sua
3024 4395 3074 4448 vi
3131 4394 3320 4456 fulcit,
3377 4392 3472 4446 sed

1903 4503 2167 4556 aquarum
2196 4498 2385 4541 natura
2417 4487 2740 4549 sustinetur,
2773 4494 2933 4554 atque
2961 4485 3014 4538 in
3046 4484 3219 4538 medio
3237 4479 3472 4535 universi

252 4571 530 4643 ιρήρεισται
553 4578 689 4647 (60),
715 4577 830 4631 ἀλλ’
859 4577 951 4630 ἐπὶ
987 4577 1082 4647 μὲν
1118 4578 1218 4646 τὴν
1243 4576 1348 4629 τῶν
1377 4577 1584 4629 ὑδάτων
1613 4576 1798 4628 οὐσίαν

1909 4579 2192 4632 constricta
2232 4585 2447 4630 tenetur
2473 4591 2536 4630 ac
2559 4577 2996 4630 circumsidetur.
3025 4575 3168 4628 Mare
3199 4571 3471 4633 similiter,

253 4663 564 4736 συνέστηκεν,
595 4668 982 4738 ἐμπεριέχεται
1008 4667 1063 4724 δὲ
1086 4669 1178 4722 καὶ
1201 4667 1340 4738 αὓτη
1371 4667 1513 4720 κατά
1541 4667 1601 4719 τὸ
1634 4666 1796 4736 μέσον

253 4754 526 4813 σννδεθείσα
556 4760 652 4813 τοῦ
689 4761 908 4826 παντός.
944 4763 1017 4814 Ἥ
1042 4777 1103 4814 τε
1137 4759 1383 4815 θάλασσα
1413 4760 1508 4815 καὶ
1538 4761 1566 4813 ὁ
1599 4758 1798 4823 ἔξωθεν

311 4907 348 4940 ⁸⁸
375 4909 509 4969 Psal.
541 4931 704 4984 xvru,
740 4918 794 4971 2.

249 5024 560 5106 {:ltanasius,
621 5045 683 5089 ut
727 5035 1036 5106 complures
1079 5037 1190 5102 alii,
1232 5045 1467 5093 mentem
1508 5037 1577 5092 ab
1617 5036 1798 5090 anima

247 5093 598 5167 distinguebat.

308 5168 406 5246 1ἤο)
439 5171 661 5246 Seguer.
693 5173 912 5246 Goltler.
942 5174 1225 5246 Felcka
1261 5193 1426 5231 anon.
1454 5176 1665 5246 Anglic.
1713 5175 1795 5230 τό.

247 5229 700 5312 ξ’δυ1υ’ριιει“’ᾶξιοιι
723 5245 948 5312 Seguer.
973 5229 1421 5302 Golilerrl’ielt‘k.
1453 5229 1474 5300 1
1505 5229 1667 5300 alio...
1697 5247 1795 5299 ha-

235 5299 494 5384 ,betllo-S'i.
523 5299 628 5384 Alii
661 5299 1000 5384 cutuvglitis.
1031 5315 1108 5370 δέ.

235 5375 267 5487 ’ὲ
305 5373 403 5460 (51.)
443 5379 657 5435 Gobler.
728 5392 780 5434 et
828 5383 1064 5464 Felckm.
1101 5391 1123 5438 1
1155 5401 1343 5448 anon.,
1379 5383 1524 5456 Πλὴν
1549 5385 1607 5438 δὲ
1631 5385 1779 5454 ἡμᾶς

273 5432 437 5507 πιδειν,
469 5459 520 5503 et
539 5453 664 5504 ead.
699 5466 860 5503 manu
891 5469 943 5505 ιιι
974 5454 1192 5507 Gobler.
1223 5471 1315 5507 γο.
1351 5454 1498 5507 πρίν.

308 5471 437 5510 ιυειν,
469 5471 520 5503 et
539 5471 664 5504 catt.
699 5471 860 5503 manu
891 5471 943 5505 ιιι
974 5471 1192 5509 houter.
1223 5471 1315 5525 γρ.
1351 5471 1498 5524 πριν.

304 5511 404 5581 (52)
421 5518 509 5573 Sic
538 5534 734 5576 omnes
788 5535 920 5575 mss.
975 5522 1114 5578 Editi
1160 5535 1363 5589 autem,
1394 5524 1487 5576 καὶ
1530 5525 1629 5594 τῆς
1650 5522 1782 5577 ταύ-

241 5589 639 5725 τηῗέὖβθειιετ.
678 5656 905 5713 Gohler.
939 5668 993 5714 et
1022 5660 1262 5717 Felckm.
1304 5663 1325 5716 1
1363 5677 1550 5726 anon.,
1581 5661 1783 5715 δοκισί-

240 5728 396 5798 φησι,
413 5735 538 5798 ut_et_
562 5729 727 5798 infra.
748 5726 866 5798 83d
884 5731 1130 5798 mendum
1156 5744 1326 5786 estex
1346 5733 1784 5798 pronuntiatione

237 5792 663 5928 ςξέὶὶᾚνίὲοιιιθτ.
688 5805 746 5852 et
778 5794 1014 5852 Felckm.
1048 5802 1073 5856 1
1107 5816 1277 5870 anon.~
1307 5792 1428 5856 mox
1463 5802 1654 5855 habent
1688 5816 1771 5868 γι-

1902 4666 2102 4734 quique
2135 4666 2439 4718 universam
2495 4671 2693 4718 terram
2736 4665 3076 4718 extrinsecus
3127 4661 3361 4729 undique
3390 4657 3472 4711 al-

1905 4756 2006 4812 luit
2035 4771 2260 4828 tnagnus
2305 4770 2577 4824 oceanus,
2625 4771 2656 4810 a
2690 4755 2884 4812 .ventis
2913 4763 3157 4810 movetur
3190 4761 3246 4807 et
3301 4749 3474 4804 fertur

1977 5032 2088 5102 (ΞΑ)
2120 5031 2230 5086 Καί
2258 5032 2407 5102 ahest
2432 5048 2458 5086 a
2486 5031 2646 5086 Basil.
2668 5029 2878 5102 Anglic.
2911 5025 3225 5102 el_Felt-ktn.
3249 5023 3284 5078 2
3308 5038 3470 5080 anon.

1974 5099 2087 5172 (55)
2119 5104 2228 5155 Καὶ
2263 5101 2433 5173 ξηράν
2465 5104 2665 5173 altusla
2691 5099 2928 5154 FBlt‘klll.
2954 5099 2988 5152 5
3014 5114 3174 5173 anon:

1975 5164 2087 5293 (56)
2126 5164 2439 5242 Ταίς’παρ’
2493 5171 2736 5237 ἀλλήλων
2800 5172 2994 5224 desunt
3045 5169 3096 5220 in
3152 5164 3367 5221 Gobler.
3415 5170 3472 5218 et

1997 5241 2138 5293 «km.
2173 5243 2194 5293 1
2229 5258 2388 5293 anon.
2440 5241 2604 5293 Paulo
2665 5250 2781 5293 nost
2810 5255 2906 5293 bro
2955 5233 3470 5293 συμπεριφέρεται.

1899 5241 2138 5296 Ft-lt'ktu.
2173 5243 2194 5294 1
2229 5241 2402 5297 autut.
2440 5241 2604 5294 Paulo
2665 5250 2781 5308 post
2810 5255 2906 5307 pro
2955 5241 3424 5308 συμπεριφέρεται
3452 5270 3470 5292 ,

1897 5312 2134 5366 Felcktn.
2164 5312 2382 5382 2anou.
2437 5313 2594 5366 habet
2642 5308 3161 5382 συμπεριφαίνεται,
3220 5303 3381 5355 liusil.
3415 5310 3471 5354 et

1895 5383 2108 5449 Anglic.
2142 5380 2517 5451 περιφέρεται.
2557 5449 2590 5451 η,
2632 5449 2642 5451 _
2696 5380 2724 5451 ς

1947 5398 2108 5449 ngnc.
2142 5399 2207 5433 πε
2254 5398 2517 5451 ιφερεται.

1943 5452 2074 5536 ,(57)
2101 5451 2189 5504 Sic
2209 5398 2334 5521 ἕεις.
2360 5450 2516 5505 Gobl.
2550 5449 2664 5505 Fel.
2689 5449 2712 5502 1
2737 5464 2826 5503 an.
2851 5446 2954 5501 Alii
2982 5457 3105 5497 cum
3138 5439 3298 5493 editis
3312 5452 3462 5506 γενο-

1931 5537 2078 5573 ενην.

2112 5589 2339 5660 Seguer.
2362 5587 2582 5660 Gohler.
2610 5584 2846 5660 Fclt-k'u.
2880 5584 2902 5635 1
2939 5593 3102 5632 anon.
3138 5573 3281 5628 οὐδὲ.

1960 5656 2075 5730 (59)
2108 5660 2240 5730 Mevi
2262 5659 2413 5730 deest
2446 5659 2506 5730 in
2541 5656 2698 5730 Busil.

1963 5709 2076 5790 ((50)
2110 5709 2329 5782 όιὶιιιεν.
2366 5726 2473 5779 Ρριι
2495 5727 2600 5777 km.
2630 5725 2652 5774 1
2688 5715 3165 5790 ειιοιιέρείρεται,
3197 5709 3334 5790 [orte
3363 5723 3466 5778 pro

1879 5777 2164 5866 ἐρείδεται.
2407 5777 2524 5864 post
2577 5790 2811 5846 Felckut.
2861 5777 3100 5842 δἰιιὶοιι.
3155 5777 3301 5851 αὐτῇ·
3363 5777 3465 5850 pro

1884 5867 2021 5918 αὕτη
2065 5866 2248 5918 habet.

1884 5867 2023 5935 αὕτη
2065 5867 2248 5919 habet.
