4010 6510
535 379 604 433 55

1110 381 1168 440 S.
1210 382 1577 438 ATHANASII
1619 382 1771 439 OPP.
1814 383 1997 439 PARS
2036 385 2076 439 l.
2122 418 2189 429 -
2228 389 2604 471 IIISTORICA
2643 393 2731 450 ET
2772 394 3199 458 DOGMATICA.

3749 412 3818 466 56

530 509 857 567 quocunque
888 495 972 554 vis
1006 498 1221 555 illorum
1266 502 1565 571 impulerit.
1604 504 1705 571 ipsi
1759 520 1924 573 porro
1959 507 2107 561 venti

2214 512 2526 581 περιρρέων
2565 513 2664 584 τὴν
2712 514 3003 586 σύμπασαν
3055 521 3158 590 γῆν
3206 523 3377 592 μέγας
3421 523 3671 591 ὠκεανὸς
3716 529 3818 582 ὑπὸ

533 600 642 640 non
670 601 768 657 per
797 588 1028 658 seipsos,
1060 592 1178 657 sed,
1204 599 1263 645 ut
1290 590 1486 647 docent
1508 593 1598 658 qui
1632 595 1747 649 haec
1771 604 2025 660 tractant,
2053 613 2121 651 ex

532 677 730 731 ardore
759 687 813 733 et
841 680 1024 737 calore
1050 683 1156 736 orti
1184 698 1345 753 quem
1381 685 1448 738 ab
1468 686 1669 741 aethere
1703 700 1796 739 aer
1820 688 2027 758 recipit,
2067 689 2119 743 in

534 770 651 838 ipso
682 784 808 826 aere
832 772 1160 838 consistunt,
1188 789 1253 830 ac
1282 789 1378 844 per
1408 789 1531 830 eum
1565 774 1695 830 [lant
1731 777 1950 848 ubique.
1983 778 2117 833 Nam

533 871 676 932 quod
708 868 774 919 ad
803 878 1035 935 quatuor
1053 866 1319 921 elementa
1361 868 1618 934 pertinet,
1660 884 1855 938 nempe
1880 871 2113 925 calidum

533 965 586 1008 et
612 953 890 1025 frigidum,
915 956 1120 1012 siccum
1149 967 1204 1011 et
1239 957 1543 1023 humidum,
1573 974 1636 1013 ex
1691 961 1889 1028 quibus
1915 976 2108 1030 corpo-

537 1062 656 1101 rum
698 1060 893 1104 nutura
928 1049 1293 1119 componitur,
1348 1050 1472 1118 quis
1529 1051 1662 1107 adeo
1694 1062 1875 1107 mente
1928 1061 2117 1122 captus

534 1147 639 1205 est,
664 1148 723 1193 ut
756 1141 963 1195 nesciat
992 1140 1107 1195 lucc
1138 1140 1299 1195 simul
1353 1141 1570 1211 quidem
1612 1142 1904 1212 eunjnncta
1936 1143 2117 1197 consi-

532 1239 697 1295 slcre,
730 1231 903 1286 divisa
930 1247 1058 1289 vero
1103 1244 1160 1291 et
1211 1246 1462 1304 separata
1514 1233 1625 1302 jam
1675 1250 1794 1290 sese
1832 1236 2061 1289 invicem
2094 1274 2110 1299 ,

2219 601 2439 672 ἀνέμων
2471 607 2702 659 κινεῖται
2734 607 2828 660 καὶ
2849 609 3081 682 φέρεται
3116 613 3238 666 ὅποι
3264 614 3308 667 δ’
3353 615 3420 669 ἂν
3451 617 3616 671 αὐτόν
3646 621 3679 689 ἡ
3711 621 3817 675 τῶν

2218 694 2437 764 ἀνέμων
2466 698 2793 772 προσρήσσῃ
2827 700 2934 770 (61)
2976 700 3083 771 βία.
3124 704 3235 756 Καὶ
3267 705 3423 760 αὐτοὶ
3453 707 3510 760 δὲ
3543 710 3591 761 oi
3628 709 3817 779 ἄνεμοι

2215 787 2315 839 οὐκ
2334 788 2391 839 ὲν
2406 788 2638 854 ἑαυτοῖς,
2656 790 2793 844 ἀλλὰ
2807 831 2820 855 ,
2837 782 2978 846 κατὰ
2998 796 3123 858 τοὺς
3148 796 3277 870 περὶ
3306 797 3513 851 τούτων
3537 801 3814 864 εἰπόντας,

2215 877 2279 929 ὲκ
2321 878 2422 948 τῆς
2458 880 2595 951 πρὸς
2641 881 2733 935 τὸν
2769 883 2907 953 ἀέρα
2939 884 3034 937 τοῦ
3069 886 3289 958 αἰθέρος
3323 889 3674 955 διακαύσεως
3723 894 3815 946 καὶ

2216 966 2553 1040 θερμότητος
2594 973 2651 1025 ὲν
2699 974 2849 1046 αὐτῷ
2898 976 2976 1047 τῷ
3020 978 3143 1049 ἀέρι
3189 980 3561 1049 συνίστανται,
3608 984 3705 1037 καὶ
3751 984 3814 1037 δι’

2214 1058 2380 1112 αὑτοῦ
2429 1063 2705 1134 πανταχοῦ
2755 1066 2998 1122 πνέουσι.
3050 1070 3186 1142 Περὶ
3233 1072 3343 1143 γὰρ
3384 1073 3493 1126 τῶν
3530 1074 3816 1146 τεσσάρων

2217 1148 2519 1219 στοιχείων,
2568 1152 2626 1218 ἐξ
2674 1148 2748 1207 ὧν
2790 1155 2884 1209 καὶ
2932 1158 3264 1229 συνέστηκεν
3311 1163 3344 1232 ἡ
3384 1162 3493 1217 τῶν
3543 1164 3816 1232 σωμάτων

2214 1236 2395 1305 φύσις,
2424 1241 2523 1311 τὴν
2552 1241 2665 1313 (62)
2694 1242 2904 1316 θερμὴν
2932 1245 3076 1314 λέγω
3109 1249 3203 1301 καὶ
3236 1248 3335 1320 τὴν
3367 1249 3608 1322 ψυχρὰν,
3644 1251 3813 1324 ξηράν

528 1332 693 1391 prout
739 1325 993 1394 quodque
1046 1327 1300 1396 superius
1347 1325 1530 1391 fuerit,
1588 1326 1892 1382 destruere.
1954 1327 2107 1384 Calor

2214 1346 2271 1381 τε
2306 1331 2400 1383 καὶ
2428 1332 2603 1403 ὑγρὰν
2635 1334 2849 1400 οὐσίαν,
2882 1337 2966 1401 τίς
3008 1339 3261 1393 τοσοῦτον
3293 1340 3682 1413 ἀπέστραπται
3714 1346 3815 1416 τὴν

528 1411 672 1465 enim
703 1412 1039 1469 redundante
1075 1414 1278 1487 frigore
1303 1416 1670 1485 exstinguitur
1702 1435 1714 1471 :
1748 1415 1917 1487 frigus
1942 1417 2109 1472 vicis.

528 1504 629 1556 sim
662 1504 713 1558 vi
758 1505 957 1562 caloris
1002 1508 1299 1563 evanescit.
1341 1506 1576 1563 Siccitas
1629 1524 1820 1564 rursus
1880 1508 2109 1564 humore

530 1594 790 1652 madefit:
820 1607 874 1652 et
904 1597 1099 1652 humor
1126 1601 1374 1657 siccitate
1400 1601 1743 1657 exhauritur.

2215 1419 2473 1488 διάνοιαν,
2512 1424 2653 1478 ὥστε
2687 1426 2762 1498 μὴ
2795 1427 3016 1493 ειδέναι,
3057 1430 3139 1482 ὅτι
3181 1427 3319 1501 ὁμοῦ
3354 1432 3453 1502 μὲν
3489 1435 3813 1505 συνημμένα

2214 1512 2387 1568 ταῦτα
2434 1517 2781 1572 συνίστανται
2825 1520 2956 1589 (65),
3015 1521 3370 1594 διαιρούμενα
3418 1523 3477 1577 δὲ
3533 1526 3630 1578 καὶ
3692 1527 3813 1580 καθ’

2214 1604 2383 1659 ἑαυτά
2413 1609 2697 1679 γινόμενα,
2725 1610 2908 1665 λοιπὸν
2934 1614 3030 1666 καὶ
3055 1612 3298 1685 ἀλλήλων
3322 1616 3461 1669 εἰσιν
3488 1616 3815 1689 ἀναιρετικά

528 1686 702 1781 ταῦτα
734 1689 875 1744 κατά
903 1691 1002 1763 τὴν
1029 1692 1125 1746 τοῦ
1158 1694 1545 1760 πλεονάζοντος
1574 1696 1631 1749 ἐν
1670 1694 1854 1757 αὐτοῖς
1879 1692 2270 1765 ὲπικράτειαν;
2320 1701 2533 1772 Θερμόν
2554 1720 2612 1755 τε
2637 1702 2746 1775 γὰρ
2810 1704 2915 1758 ὑπὸ
2975 1704 3183 1776 ψυχροῦ
3242 1686 3639 1772 πλεονάσαντοξ
3662 1711 3813 1762 ἀναι-

530 1787 706 1856 ρεῖται
730 1803 744 1817 ·
777 1790 871 1841 καὶ
895 1789 1100 1862 ψυχρὸν
1134 1792 1294 1845 πάλιν
1322 1792 1426 1845 ὑπὸ
1454 1794 1552 1863 τῆς
1586 1790 1797 1862 θερμῆς
1834 1789 2154 1859 ἀφανίζεται
2192 1792 2494 1867 δυνάμεως·
2534 1798 2698 1870 ξηρόν
2724 1816 2783 1852 τε
2816 1797 2882 1853 αὖ
2930 1801 3034 1854 ὑπὸ
3096 1800 3189 1855 τοῦ
3217 1802 3385 1876 ὑγροῦ
3416 1803 3807 1875 διυγραίνεται,

526 1880 623 1935 καὶ
650 1881 809 1935 τοῦτο
834 1883 937 1936 ὑπὸ
963 1884 1059 1937 τοῦ
1097 1886 1285 1957 ἑτέρου
1315 1885 1648 1957 ξηραίνεται.

595 1974 688 2032 28.
714 1977 813 2043 Qui
841 1978 1004 2047 igitur
1037 1979 1151 2033 ﬁeri
1199 1988 1374 2049 potest
1407 1991 1466 2035 ut
1497 1996 1584 2036 res
1612 1980 1719 2036 illa;
1747 1981 1823 2037 dii
1852 1980 2057 2037 fuerint
2089 2022 2105 2047 ,

2279 1978 2370 2034 28.
2413 1980 2539 2043 Πῶς
2564 1974 2658 2034 οῦν
2687 1980 2861 2035 ταῦτα
2894 1982 2962 2036 ἂν
2998 1983 3108 2051 (64)
3152 1978 3261 2037 εἷεν
3297 1982 3410 2037 θεολ⁹
3442 1984 3680 2055 δεόμενα
3711 1984 3811 2055 τῆς

525 2079 646 2134 quae
676 2077 860 2121 mutua
894 2082 997 2137 ope
1028 2069 1306 2139 indigent?
1330 2072 1416 2126 vel
1451 2087 1558 2142 quo
1584 2080 1744 2141 pacto
1802 2073 2007 2143 aliquid
2039 2071 2109 2127 ab

525 2155 605 2211 eis
637 2165 824 2224 petere
872 2173 1181 2227 possumus,
1237 2178 1361 2233 quae
1413 2176 1660 2220 mutuam
1717 2164 1846 2233 ipsae
1885 2166 2112 2233 exigunt

524 2251 784 2319 operam?
806 2249 1051 2322 Namque
1075 2255 1119 2308 si
1145 2257 1389 2311 omnium
1411 2272 1680 2313 consensu
1697 2270 1909 2315 constat
1944 2262 2109 2315 Deum

418 2334 423 2337 ’
525 2341 669 2395 nulla
708 2356 768 2396 re
827 2343 1090 2413 indigere,
1122 2347 1214 2401 sed
1252 2347 1426 2402 solum
1461 2350 1566 2404 sibi
1597 2353 1734 2406 satis
1772 2367 1893 2407 esse
1943 2368 2112 2422 seque

523 2429 643 2499 ipso
673 2430 889 2496 plenum
924 2449 1069 2500 esse,
1106 2438 1401 2507 omniaque
1440 2441 1494 2494 in
1535 2442 1627 2496 illo
1652 2444 1975 2507 consistere,
2000 2444 2110 2499 imo

526 2521 704 2591 ipsum
739 2526 995 2581 omnibus
1019 2527 1152 2583 dare
1179 2533 1556 2588 utconsislant
1592 2552 1605 2589 :
1636 2550 1764 2604 qua,
1788 2551 1991 2605 quasso,
2024 2552 2110 2593 ra-

525 2616 673 2673 tione
712 2619 882 2673 solem
913 2630 969 2675 et
1018 2620 1201 2675 lunam
1235 2623 1480 2694 aliasque
1511 2634 1711 2681 creatae
1748 2639 1957 2682 naturae
1989 2642 2110 2697 par-

524 2715 631 2773 tes,
667 2724 788 2779 quae
812 2710 946 2766 tales
976 2713 1163 2782 utique
1200 2729 1304 2769 non
1350 2725 1495 2778 sunt,
1524 2720 1620 2773 sed
1668 2728 1857 2774 mutuo
1908 2721 2110 2777 auxilio

523 2815 660 2868 opus
692 2801 915 2868 habent,
950 2804 1081 2859 deos
1128 2806 1400 2876 appellare
1434 2824 1647 2878 aequum
1681 2812 1814 2865 est?
1844 2811 1913 2865 At
1970 2811 2111 2868 forte

524 2892 694 2947 divisa
724 2893 812 2947 illa
845 2903 899 2949 et
925 2896 1153 2951 seorsim
1181 2908 1398 2968 sumpta
1427 2900 1546 2955 aliis
1588 2901 1829 2973 indigere
1859 2902 2108 2957 fatebun-

526 2993 634 3049 tur,
670 2985 814 3054 quod
847 2986 899 3041 in
933 2990 1176 3044 omnium
1213 2992 1386 3046 oculis
1437 3001 1653 3063 pateat:
1690 3008 1877 3048 verum
1922 2996 2107 3050 omnia

524 3074 684 3129 simul
719 3077 1111 3150 coniungentes
1167 3097 1232 3138 ac
1281 3084 1431 3138 velut
1464 3101 1631 3139 unum
1664 3085 1857 3156 ingens
1910 3102 2110 3156 corpus

520 3184 587 3224 ex
618 3170 700 3225 his
734 3182 1139 3240 componentes,
1170 3176 1485 3231 totumillud
1525 3176 1693 3231 Deum
1726 3193 1850 3233 esse
1881 3193 2109 3250 respon-
2136 3204 2147 3209 ’

523 3261 746 3317 debuut.
779 3264 887 3332 22
921 3263 1059 3318 Τοιο
1082 3267 1283 3337 quippe
1315 3269 1638 3331 constituto,
1676 3270 1822 3324 nulla
1874 3273 2107 3340 amplius

522 3362 583 3401 re
617 3359 839 3405 externa
880 3352 986 3406 illis
1013 3369 1149 3423 Opus
1178 3356 1303 3419 erit,
1340 3357 1435 3411 sed
1464 3366 1635 3411 totum
1669 3358 1771 3412 sibi
1826 3360 1892 3413 ad
1923 3363 2105 3416 omnia

522 3440 655 3494 satis
681 3442 793 3495 erit
837 3451 892 3496 et
923 3443 1170 3498 sufﬁciet.
1208 3445 1355 3511 Hinc,
1411 3446 1654 3514 inquam,
1684 3448 1929 3525 eﬂutient
1988 3450 2105 3506 falsi

521 3528 819 3595 sapientes,
852 3541 911 3584 ut
934 3548 1125 3601 nempe
1154 3536 1256 3590 hac
1281 3537 1446 3590 etiam
1473 3552 1537 3591 ex
1568 3547 1721 3606 parte
1771 3541 1977 3609 possint
2024 3558 2110 3597 re-

523 3618 734 3688 dnrgui.
760 3620 893 3674 Nam
930 3638 992 3677 ex
1022 3625 1124 3679 hoc
1149 3640 1411 3695 responso
1437 3643 1540 3681 non
1590 3631 1771 3683 minus
1827 3647 1987 3700 quant
2039 3647 2105 3687 ex

523 3710 609 3764 his
639 3727 758 3781 qua:
783 3729 948 3783 supra
983 3717 1126 3771 dicta
1155 3726 1304 3783 sunt,
1334 3735 1605 3775 summam
1636 3737 1825 3777 eorum
1860 3726 2108 3794 impieta-

523 3811 631 3855 tcm
660 3814 823 3871 atque
857 3806 1125 3861 inscitiam
1145 3809 1521 3866 demonstrare
1553 3812 1701 3867 licet.
1735 3815 1792 3869 Si
1820 3817 1966 3870 enim
1992 3818 2107 3872 sin-

522 3897 661 3966 gula“:
695 3907 875 3965 partes
898 3900 1058 3953 simul
1080 3901 1384 3970 conjunctae
1410 3913 1579 3959 totum
1608 3905 1873 3973 eﬂiciunt,
1906 3918 2107 3963 totum-

523 4004 630 4057 que
663 3990 838 4059 ipsum
871 4006 935 4045 ex
965 3992 1191 4063 singulis
1217 3996 1466 4064 partibus
1503 4001 1888 4069 componitur;
1942 4001 2108 4071 igitur

522 4090 696 4133 totum
730 4095 792 4134 ex
825 4082 1053 4153 singulis
1095 4086 1342 4154 partibus
1399 4098 1631 4153 constat,
1665 4105 1785 4159 qua:
1840 4092 2064 4160 singula!
2087 4132 2102 4157 ,

524 4172 686 4226 totius
716 4183 901 4242 partes
927 4182 1077 4230 sunt.
1109 4176 1274 4245 Atqui
1305 4177 1356 4231 id
1394 4177 1489 4233 Dei
1526 4180 1840 4235 notionibus
1866 4183 2106 4236 maxime

519 4275 605 4320 est
638 4266 915 4333 alienum;
962 4268 1104 4324 Deus
1156 4272 1300 4325 enim
1349 4280 1543 4337 totum,
1596 4288 1702 4327 non
1756 4287 1941 4343 partes
1970 4284 2101 4329 est:

519 4371 693 4427 neque
717 4373 784 4413 ex
813 4359 1046 4417 diversis
1070 4361 1232 4417 rebus
1271 4373 1516 4429 constat;
1552 4364 1645 4419 sed
1700 4363 1815 4433 ipse
1848 4364 2105 4420 constitu-

519 4450 681 4506 tionis
729 4466 909 4505 rerum
963 4454 1207 4509 omnium
1258 4464 1449 4510 auctor
1482 4463 1586 4511 est.
1643 4456 1878 4510 Adverte
1921 4464 2103 4511 autem

515 4558 678 4610 quam
715 4542 875 4613 impia
916 4543 1217 4614 proferant,
1269 4546 1360 4615 qui
1390 4546 1460 4601 ita
1506 4547 1573 4602 de
1616 4547 1729 4602 Deo
1785 4546 2100 4617 loquuntur.

2213 2073 2343 2141 παρ’
2376 2072 2579 2140 ἑτέρων
2608 2073 2957 2145 ὲπικουρίας;
3000 2075 3032 2145 ἢ
3070 2073 3187 2138 πῶς
3220 2074 3372 2145 παρά
3400 2075 3612 2129 τούτων
3645 2078 3812 2129 αἰτεῖ-

2214 2164 2337 2218 σθαί
2374 2182 2429 2217 τι
2465 2166 2755 2236 προσήκει,
2786 2165 2882 2219 καὶ
2914 2166 3094 2220 αὐτῶν
3131 2167 3513 2221 ἀπαιτούντων
3544 2171 3676 2239 παρ’
3716 2169 3810 2222 ἀλ-

2210 2254 2386 2329 λήλων
2415 2257 2515 2328 τὴν
2536 2259 2616 2321 είς
2645 2258 2815 2311 ἑαυτά
2839 2257 3062 2328 χρείαν;
3092 2259 3157 2311 Ei
3184 2258 3293 2330 γὰρ
3321 2258 3454 2330 περὶ
3480 2259 3622 2311 Θεοῦ
3656 2259 3811 2327 λόγος

2210 2346 2329 2399 ἐστὶ
2366 2347 2596 2419 μηδενὸς
2639 2347 2799 2401 αὑτὸν
2835 2348 3023 2419 ἐπιδεῆ
3065 2342 3226 2411 εἶναι,
3268 2348 3384 2401 ἀλλ’
3420 2349 3678 2420 αὐτάρκη
3718 2350 3816 2403 καῖ

2212 2438 2393 2510 πλήρη
2427 2440 2642 2504 ἑαυτοῦ,
2669 2440 2763 2493 καὶ
2794 2441 2851 2493 ὲν
2880 2439 3029 2511 αὐτῷ
3054 2441 3122 2494 τὰ
3144 2440 3321 2494 πάντα
3354 2442 3653 2512 συστήκειν
3677 2440 3807 2511 (65),

2209 2528 2302 2581 καὶ
2334 2529 2534 2599 μᾶλλον
2551 2530 2714 2582 αὑτὸν
2741 2532 2854 2593 τοῖς
2875 2530 3042 2583 πᾶσιν
3064 2530 3380 2584 ἐπιδιδόναι·
3397 2532 3519 2595 πῶς
3541 2531 3695 2602 ἥλιον
3716 2532 3807 2584 καὶ

2213 2619 2463 2693 σελήνην,
2486 2620 2658 2675 καὶτά
2672 2621 2807 2675 ἀλλα
2828 2622 2969 2693 μέρη
2992 2623 3089 2693 τῆς
3117 2623 3345 2687 κτίσεως
3365 2624 3465 2677 οὐκ
3482 2623 3616 2678 ὅντα
3630 2622 3813 2677 τοιαῦ-

2210 2729 2301 2776 τα,
2332 2712 2469 2766 ἀλλὰ
2499 2714 2592 2767 καὶ
2630 2712 2744 2784 (66)
2774 2712 2844 2766 τὰ
2864 2712 3161 2785 λειπόμενα
3184 2714 3286 2785 τῆς
3308 2714 3559 2786 ἀλλήλων
3597 2714 3807 2786 χρείας,

2210 2806 2565 2879 ἀναγορεύειν
2590 2807 2740 2875 ἄξιον
2764 2807 2954 2872 θεούς;
2998 2808 3137 2860 Ἀλλ’
3166 2808 3297 2871 ἴσως
3318 2806 3683 2879 διαιρούμενα
3715 2807 3811 2876 μὲν

2210 2901 2305 2953 καὶ
2336 2900 2460 2952 καθ’
2490 2898 2657 2953 ἑαυτά
2686 2898 3098 2969 λαμϐανόμενα,
3134 2900 3320 2971 ἐπιδεῆ
3355 2898 3497 2953 εἶναι
3539 2899 3688 2953 αὐτὰ
3718 2899 3810 2952 καὶ

2209 2994 2365 3045 αὐτοὶ
2403 2992 2847 3063 συνομολογοῦσι,
2882 2993 2986 3063 τῆς
3028 2994 3358 3060 ἀποδείξεως
3386 2992 3474 3046 ἐπ’
3506 2990 3809 3061 ὀφθαλμῶν

2209 3082 2409 3153 οὔσης·
2445 3084 2580 3155 ὁμοῦ
2613 3084 2671 3137 δὲ
2706 3083 2885 3137 πάντα
2930 3084 3317 3147 συνάπτοντες,
3354 3083 3451 3137 καὶ
3483 3083 3563 3147 ὡς
3598 3082 3713 3153 (67)
3748 3082 3806 3135 ἓν

2211 3177 2597 3239 ἀποτελοῦντες
2625 3175 2779 3247 μέγα·
2794 3175 2975 3245 σῶμα,
3002 3176 3063 3229 τὸ
3085 3176 3202 3229 ὅλον
3224 3175 3358 3229 Θεὸν
3381 3170 3524 3229 εἶναι
3548 3176 3803 3247 φήσουσι.

2212 3270 2514 3331 Συστάντος
2545 3267 2654 3338 γὰρ
2696 3266 2789 3320 τοῦ
2822 3267 2966 3331 ὅλου,
3012 3269 3113 3321 οὐκ
3144 3268 3225 3321 ἔτι
3266 3268 3364 3338 μὲν
3394 3266 3597 3332 ἔξωθεν
3624 3270 3808 3333 αὐτοῖς

2212 3363 2371 3433 χρεία
2396 3362 2706 3431 γενήσεται·
2726 3359 2903 3430 ἐαυτῷ
2916 3359 2974 3412 δὲ
2997 3359 3057 3412 τὸ
3073 3360 3191 3413 ὅλον
3215 3360 3396 3413 ἱκανὸν
3414 3362 3509 3413 καὶ
3526 3359 3803 3432 αὔταρκες

2210 3452 2499 3522 γενήσεται
2563 3448 2675 3519 (68)
2717 3449 2853 3520 προς
2907 3448 3107 3513 πάντα,
3143 3448 3392 3511 λέξουσιν
3441 3451 3492 3501 οἱ
3520 3449 3807 3519 δοκησίσο-
3898 3508 3901 3511 ς

2211 3558 2322 3610 φοι,
2359 3539 2447 3592 ἵνα
2487 3539 2582 3592 καὶ
2618 3537 2871 3590 ἐντεῦθεν
2905 3536 3233 3607 ἐλεγχθῶσιν
3254 3554 3267 3568 ·
3306 3530 3465 3601 οὗτος
3496 3539 3554 3592 δὲ
3589 3542 3619 3593 ὀ
3652 3539 3807 3608 λόγος

2208 3631 2303 3684 καὶ
2334 3630 2536 3700 μᾶλλον
2568 3628 2747 3682 αὐτῶν
2773 3627 2871 3699 τὴν
2900 3629 3157 3682 ἀσέϐειαν
3189 3626 3328 3697 μετὰ
3358 3628 3610 3699 μεγάλης
3639 3631 3805 3683 ἀπαι-

2207 3722 2427 3785 δευσίας
2461 3722 2561 3775 οὐκ
2600 3720 2818 3773 ἔλαττον
2842 3720 2952 3773 τῶν
2982 3719 3218 3792 πρόσθεν
3252 3719 3552 3785 ἀποδείξει.
3591 3721 3658 3773 Εἰ
3698 3720 3805 3791 γὰρ

2207 3814 2268 3867 τὸ
2303 3813 2425 3868 καθ’
2458 3814 2690 3867 ἕκαστον
2727 3812 3018 3882 συναφθὲν,
3066 3812 3127 3865 τὸ
3172 3811 3291 3865 ὅλον
3335 3812 3669 3883 ἀναπληροῖ,
3712 3813 3803 3866 καὶ

2207 3906 2267 3957 τὸ
2294 3905 2413 3957 ὅλον
2453 3907 2516 3957 ὲκ
2546 3903 2652 3958 τῶν
2685 3903 2806 3957 καθ’
2853 3904 2910 3956 ἓν
2956 3904 3269 3957 συνίσταται
3290 3919 3303 3933 ·
3338 3903 3398 3956 τὸ
3431 3904 3553 3956 ὅλον
3599 3905 3709 3975 ἄρα
3740 3906 3804 3957 ὲκ

2210 3995 2390 4067 μερῶν
2419 3996 2667 4066 συνέστη·
2705 3996 2800 4048 καὶ
2824 3994 3054 4048 ἕκαστον
3081 3993 3175 4048 τοῦ
3201 3994 3323 4048 ὅλου
3348 3995 3516 4065 μέρος
3539 3994 3653 4065 (69)
3677 4013 3802 4064 τυγ-

2206 4089 2377 4158 χάνει.
2407 4087 2579 4140 Τοῦτο
2604 4088 2661 4140 δὲ
2685 4087 2795 4140 τῶν
2826 4089 2957 4157 περ).
2986 4086 3121 4139 Θεοῦ
3163 4085 3383 4139 ἐννοιῶν
3412 4085 3550 4140 πολὺ
3583 4088 3800 4157 πόρρω-

2208 4174 2298 4229 θεν
2328 4176 2685 4246 καθέστηκεν.
2728 4176 2786 4229 ὐ
2810 4176 2919 4247 γὰρ
2953 4176 3085 4241 Θεὸς
3118 4175 3236 4230 ὅλον
3262 4176 3379 4229 ἐστὶ
3409 4176 3507 4230 καὶ
3536 4177 3598 4231 οὐ
3636 4172 3815 4247 μέρηνξ

2207 4268 2301 4319 καὶ
2349 4267 2449 4319 οὐκ
2501 4270 2563 4320 ἐκ
2606 4267 2881 4338 διαφόρων
2924 4268 3274 4337 συνέστηκεν,
3317 4267 3434 4321 ἀλλ’
3486 4267 3653 4333 αὐτὸς
3702 4269 3801 4339 τῆς

2208 4359 2426 4412 πάντων
2454 4358 2767 4422 συστάσεως
2802 4360 2919 4411 ἐστι
2952 4360 3203 4430 ποιητής.
3237 4358 3348 4412 Θέα
3376 4358 3485 4429 γάρ
3514 4360 3651 4430 ὅσην
3677 4360 3800 4414 ἀσέ-

2206 4449 2356 4503 ϐειαν
2386 4451 2529 4504 κατά
2568 4449 2662 4503 τοῦ
2690 4449 2849 4503 Θείου
2880 4449 3054 4503 ταῦτα
3082 4449 3332 4517 λέγοντες
3357 4450 3706 4521 ἐξηγοῦνται.
3737 4452 3797 4503 Εἰ

2204 4542 2315 4612 γὰρ
2336 4542 2405 4594 ἐκ
2432 4541 2615 4613 μερῶν
2645 4541 2964 4611 συνέστηκε,
2993 4542 3211 4605 πάντως
3248 4540 3411 4604 αὐτὸς
3452 4541 3656 4595 ἑαυτοῦ
3709 4543 3801 4596 ἀν-

514 4633 806 4688 Enimvero
834 4636 877 4690 si
910 4638 1050 4692 Deus
1070 4654 1133 4692 ex
1158 4640 1404 4707 partibus
1431 4650 1673 4705 constat;
1699 4654 1831 4694 sane
1856 4640 1957 4694 sibi
1992 4641 2104 4708 ipse

2214 4633 2394 4703 όμοιος
2421 4634 2743 4703 φανήσεται,
2772 4632 2865 4685 καὶ
2889 4632 3002 4704 (70)
3026 4632 3085 4697 ἐξ
3100 4632 3371 4703 ἀνομοίων
3392 4632 3534 4702 ἔχων
3548 4634 3648 4704 τὴν
3666 4650 3798 4703 συμ-

515 4726 827 4791 dissimilis,
877 4737 1041 4796 atque
1068 4744 1133 4783 ex
1163 4730 1520 4787 dissimilibus
1550 4732 1856 4802 completus
1888 4731 2104 4787 videbi—

516 4824 623 4868 tur.
656 4814 792 4867 Natn
823 4817 867 4869 si
902 4817 982 4869 sol
1016 4828 1121 4887 est,
1158 4818 1283 4872 luna
1314 4835 1419 4875 non
1448 4830 1554 4875 est.
1588 4819 1645 4875 Si
1671 4821 1794 4873 luna
1814 4829 1919 4886 est,
1958 4830 2100 4875 terra

514 4922 618 4959 non
643 4916 757 4971 est;
792 4907 835 4960 si
866 4917 1010 4962 terra
1037 4918 1143 4974 est,
1182 4925 1289 4964 non
1320 4920 1403 4964 est
1438 4926 1627 4967 mare:
1657 4912 1892 4981 denique
1919 4912 1964 4967 si
1980 4912 2097 4966 sin—

514 4996 669 5063 gulas
703 4999 885 5051 mundi
940 5008 1127 5068 partes
1172 5016 1578 5070 percurramus,
1604 5018 1769 5073 quam
1806 5002 1923 5058 haec
1976 5002 2099 5057 illo-

588 5152 702 5232 (ἓξ)
724 5152 961 5232 ἐπιξήν-
990 5154 1183 5220 Βδείισν
1214 5157 1527 5232 προσρήσῃς

514 5291 541 5348 1
588 5222 698 5291 (62)
723 5223 834 5293 Τήν
865 5225 953 5280 hic
986 5235 1040 5279 et
1071 5241 1196 5280 mox
1227 5222 1380 5283 αἰδεδί
1418 5222 1724 5285 in'Cobler.
1763 5239 1820 5284 et
1853 5228 2097 5284 Felckm.

568 5308 729 5346 annu.

568 5308 729 5346 300".

589 5363 703 5434 (65)
746 5362 881 5439 §eg._
915 5375 969 5439 et
1000 5364 1113 5421 Fel.
1141 5366 1177 5420 Ξ
1204 5383 1368 5423 anon.
1412 5368 1748 5423 συνίσταται.
1781 5368 1953 5425 Paulo
1982 5376 2102 5439 post

514 5431 641 5500 δρα.
666 5431 786 5489 καθ’
824 5431 984 5489 αὑτά.

587 5504 697 5578 (64)
743 5505 840 5578 ’ξΑν
869 5510 1020 5560 deest
1051 5508 1102 5562 in
1147 5508 1311 5562 Bas-il.
1347 5509 1502 5578 Angl.
1538 5509 1707 5563 Paulo
1737 5508 2097 5578 postGohlnr.

514 5582 568 5651 et
608 5573 989 5651 Fel.l___anon.
1024 5583 1292 5648 προσήκει
1335 5573 1541 5651 habent
1587 5602 1603 5634 ι
1640 5573 1871 5650 δοξύεϊ.
1926 5595 2096 5651 προσ-

514 5641 689 5719 ῆκεν-,υ
707 5645 815 5719 A_lii_
840 5662 959 5719 eum
987 5641 1167 5719 editis,
1188 5641 1455 5719 προσῆκε.

589 5714 699 5789 (iiii)
728 5714 993 5789 Eun-km:
1008 5718 1051 5789 3
1080 5714 1247 5789 anon.
1314 5714 1730 5789 συνεστηκέναι.
1766 5716 1934 5774 Paulo
1978 5727 2099 5789 post

517 5795 615 5857 pro
636 5783 1178 5857 έπιδιδόναιϐυωθτ.
1226 5798 1280 5842 cl
1325 5783 1567 5843 Fcltkui.
1609 5790 1659 5857 1,
1695 5803 1858 5844 anon.
1897 5783 2101 5846 habenf

519 5850 808 5906 ἐνδιδόντα.

2208 4723 2509 4794 πλήρωσιν.
2536 4724 2598 4775 Ei
2625 4723 2734 4792 γὰρ
2753 4722 2906 4793 ἥλιός
2940 4725 3109 4788 ἐστιν,
3136 4723 3239 4777 οὐκ
3272 4723 3390 4777 ἐστι
3436 4724 3661 4795 σελήνη·
3705 4724 3798 4777 καὶ

2210 4816 2261 4868 εί
2289 4814 2485 4885 σελήνη
2506 4815 2669 4879 ἐστὶν,
2701 4815 2802 4868 οὑκ
2825 4813 2938 4867 ἔστι
2969 4815 3061 4885 γῆ·
3091 4816 3186 4868 καὶ
3217 4816 3266 4867 εἱ
3295 4816 3366 4885 γῆ
3393 4816 3678 4885 τυγχάνει,
3703 4816 3799 4868 οὐκ

2206 4911 2273 4965 ἂν
2300 4910 2386 4981 εἴη
2412 4910 2676 4964 θάλασσα·
2706 4908 2800 4961 καὶ
2821 4906 2995 4971 οὕτως
3024 4909 3108 4978 ἐφ’
3143 4907 3375 4961 ἑκάστου
3410 4907 3709 4978 λαμϐάνων
3735 4908 3798 4960 ἂν

2204 5021 2289 5068 τις
2341 5001 2563 5074 εὑρήσει
2596 5001 2697 5071 τὴν
2727 4999 2960 5054 ἀτοπίαν
2996 4998 3090 5052 τοῦ
3116 4997 3360 5053 τοιούτου
3401 4997 3587 5051 αὐτῶν
3615 4998 3795 5066 λόγου.

2280 5156 2390 5225 (66)
2418 5158 2530 5211 Καί
2578 5158 2731 5211 deest
2787 5156 2842 5210 in
2897 5155 3116 5213 Gobler.
3151 5165 3208 5210 et
3236 5154 3476 5213 Fclckm.
3539 5158 3565 5212 1
3631 5171 3793 5210 anon.

2212 5228 2331 5281 Post
2359 5230 2474 5291 καί,
2513 5238 2615 5281 art.
2640 5227 2711 5280 τά
2750 5241 2908 5296 quem
2936 5242 3043 5281 non
3076 5226 3281 5281 habent
3315 5227 3547 5294 Seguer.
3572 5227 3795 5282 Gobler.

2210 5298 2449 5353 Fehkm.
2492 5299 2538 5359 l,
2572 5298 2609 5349 2
2683 5313 2845 5351 nnon.
2885 5306 2939 5351 et
2995 5296 3210 5365 Anglic.
3281 5296 3482 5365 legitur
3538 5298 3592 5350 in
3650 5296 3792 5350 aliis.

2208 5369 2411 5423 Ibidem
2455 5384 2551 5436 pro
2579 5367 2899 5438 λειπόμενα.
2946 5366 3185 5421 Felckm.
3236 5366 3272 5419 2
3299 5381 3466 5421 anon.
3499 5367 3667 5422 habet
3708 5365 3786 5417 λε-

2208 5438 2413 5507 γόμενα
2440 5451 2492 5490 et
2520 5440 2570 5490 in
2607 5442 2845 5505 margine
2872 5438 3124 5507 δεόμενα.

2282 5506 2393 5579 (67)
2418 5508 2638 5579 Gobler.
2661 5517 2712 5561 et
2743 5506 3031 5579 Felcktn.l
3067 5520 3230 5579 anon.
3265 5506 3366 5579 είς.

2275 5573 2389 5650 (68)
2431 5577 2640 5648 Ἐαυτῷ
2671 5579 2734 5650 δέ
2759 5576 2976 5650 essu»
2992 5576 3175 5629 ἱκανὸν
3202 5577 3296 5629 καὶ
3320 5573 3602 5650 αὔταρκες
3635 5573 3785 5644 γενήο

2207 5644 2589 5703 σεταιίίρευιιι
2612 5644 2671 5701 in
2695 5647 2990 5702 Felt'km.‘2
3020 5662 3182 5700 anon.
3466 5644 3477 5647 ⁷
3520 5644 3529 5657 ⁸

2278 5720 2390 5787 (69)
2436 5718 2659 5786 SPgItel‘.
2698 5718 2861 5788 μέρη.
2914 5717 3059 5773 Idem
3100 5716 3260 5785 paulo
3308 5725 3433 5784 post
3469 5730 3569 5789 pro
3605 5712 3743 5786 μέρη
3770 5750 3785 5779 ,

2211 5791 2365 5862 μέρει
2391 5789 2571 5862 habe}.
2600 5858 2610 5862 _
2819 5856 2859 5862 _
2896 5856 2909 5862 _
2945 5856 2959 5862 _
3087 5856 3118 5862 __
3272 5801 3277 5809 '

2264 5856 2391 5930 (70)
2426 5859 2533 5911 Καί
2565 5858 2716 5912 abest
2753 5873 2782 5911 a
2819 5856 3057 5913 Felckm.
3087 5856 3120 5910 3
3157 5869 3297 5911 anon
