4010 6512
179 410 239 468 st
580 472 601 483 ,
1346 407 1604 462 omne
1642 405 1929 462 CONTRA
1973 405 2267 461 GENTES.
3370 418 3439 474 58

180 522 325 577 Τοῦτο
345 520 387 574 δ’
414 520 483 575 ἄν
509 538 606 585 τις
635 523 737 577 καὶ
770 524 834 576 ἐκ
855 522 949 576 τοῦ
979 523 1098 577 καθ’
1111 524 1265 594 ,ἡμᾶς
1291 522 1630 594 ἀνθρωπείου
1663 523 1761 575 σώ-

1866 538 1983 576 rutn
2041 524 2179 576 ratio
2213 521 2449 575 absurda
2494 530 2548 575 et
2611 522 2787 593 inepta
2836 523 2928 591 sit,
2984 526 3168 579 statim
3210 531 3437 596 patebit-

182 630 325 686 ματος
357 612 482 666 ίδὼν
519 615 836 685 καταγνοίη
866 615 1091 670 τούτων.
1147 616 1233 679 Ὠς
1262 616 1371 688 γάρ
1414 618 1442 669 6
1484 614 1759 686 ὀφθαλμὸς

179 706 261 757 οὐκ
287 704 422 756 ἐστιν
453 705 635 775 ἀκοὴ,
660 706 784 759 ούδέ
806 710 838 776 ἠ
862 705 997 777 ἀκοὴ
1024 705 1168 777 χεὶρ,
1196 706 1317 759 οὐδὲ
1342 707 1375 773 ἡ
1401 707 1575 776 γαστή
1586 723 1615 777 ρ
1644 707 1759 757 ἐστι

183 796 371 867 στέρνα,
393 795 508 847 οὐδ’
542 792 618 849 αὖ
640 796 807 851 πάλιν
831 798 858 848 6
886 797 1057 867 αὐχήν
1074 797 1190 848 ἐστι
1220 796 1374 859 ποῦς*
1399 795 1513 849 ἀλλ’
1530 796 1759 848 ἕκαστον

180 892 354 942 τούτων
395 888 541 943 ἰδίαν
587 889 710 959 ἔχει
736 889 835 957 τὴν
862 889 1160 960 ἐνέργειαν,
1196 892 1291 943 καὶ
1321 891 1385 942 ὲκ
1414 889 1618 942 τούτοιν
1641 888 1759 942 δια-

182 981 333 1051 φόρων
368 980 549 1032 ὄντων
602 980 665 1034 ἓν
715 982 1028 1034 συνίσταται
1080 981 1260 1050 σῶμα,
1308 980 1629 1050 συνημμένα
1660 979 1759 1050 μὲν

184 1074 281 1142 ἔχον
309 1071 370 1123 τὰ
399 1072 521 1140 (7|)
572 1072 725 1144 μέρη
762 1072 901 1125 κατά
939 1072 1036 1143 τὴν
1074 1073 1280 1143 χρείαν,
1310 1072 1657 1143 διαιρούμενα
1702 1072 1758 1125 δὲ

186 1164 299 1217 κατὰ
323 1162 416 1233 τὴν
450 1164 555 1215 τοῦ
577 1165 784 1233 χρόνου
817 1164 1139 1235 παρουσίαν,
1167 1166 1293 1217 ὅταν
1319 1168 1351 1234 ἡ
1387 1164 1546 1233 φύσις
1576 1167 1608 1235 ἡ
1637 1181 1760 1217 συν-

183 1255 329 1319 άξισα
376 1255 566 1308 ταῦτα
599 1256 778 1329 διέλῃ,
805 1258 879 1319 ὡς
907 1260 935 1310 6
967 1256 1274 1328 προστάξας
1307 1257 1437 1319 Θεὸς
1472 1256 1720 1327 βούλεται
1741 1276 1755 1290 ο

185 1348 298 1398 οὕτω
348 1347 725 1418 (συγγνώμην
752 1348 863 1418 (72)
895 1349 951 1401 δὲ
974 1351 1001 1401 6
1022 1349 1177 1416 λόγος
1221 1349 1391 1419 ἐχέτω
1434 1351 1563 1418 παρ’
1592 1350 1757 1403 αὐτοῦ

186 1436 256 1488 τοῦ
278 1437 640 1507 κρείττονος),
667 1440 740 1503 εί,
771 1439 838 1491 τά
860 1439 1000 1509 μέρη
1026 1440 1126 1502 τῆς
1148 1440 1378 1503 κτίσεως
1397 1442 1759 1505 συνάπτοντες

186 1528 248 1589 είς
272 1528 320 1579 ἓν
351 1528 541 1597 σῶμα,
581 1528 715 1581 θεὸν
750 1530 1197 1600 ἀναγορεύουσιν,
1225 1530 1437 1601 ἀνάγκη
1468 1532 1630 1585 αὐτὸν
1660 1533 1759 1602 μὲν

186 1618 280 1668 καθ’
322 1618 516 1671 ἑαυτὸν
565 1618 829 1689 ἀνόμοιον
876 1620 1052 1690 ἐαυτῷ
1096 1614 1256 1684 εἶναι,
1292 1621 1481 1692 ὥσπερ
1519 1623 1757 1694 ἐδείχθη,

183 1708 477 1779 διαιρεῖσθαι
512 1710 572 1763 δὲ
608 1711 777 1763 πάλιν
807 1712 945 1764 κατά
982 1710 1078 1782 τὴν
1109 1712 1214 1765 τῶν
1248 1712 1429 1783 μερῶν
1459 1714 1540 1776 είς
1568 1714 1627 1767 τὸ
1660 1731 1758 1784 με·

182 1798 398 1869 ρίζεσθαι
425 1802 744 1871 γενομένην
779 1801 960 1869 φύσιν.

1865 610 2010 664 Idem
2052 621 2231 665 autem
2262 627 2328 667 ex
2358 612 2578 667 humani
2614 629 2830 683 quoque
2860 618 3103 684 corporis
3132 619 3439 674 considera-

1867 701 2015 755 tioue
2040 713 2220 771 potest
2247 702 2445 757 refelli.
2482 702 2545 758 Ut
2574 706 2720 758 enim
2759 705 2950 759 oculus
2986 718 3203 762 nonest
3244 709 3436 775 auris;

1864 804 1963 844 nec
1993 794 2162 857 auris,
2190 808 2417 859 manus;
2463 808 2565 849 nec
2605 804 2813 860 venter,
2840 805 3067 864 pectus;
3103 814 3199 853 nec
3228 802 3437 866 cervix,

1862 896 1957 950 pes
1986 898 2002 946 ;
2038 883 2133 936 sed
2172 884 2378 951 singula
2408 883 2495 939 illa
2538 887 2811 956 prapriam
2846 889 3046 942 habent
3069 888 3437 955 euidentium,

1862 987 1927 1027 ex
1956 974 2155 1041 quibus
2180 977 2411 1031 diversis
2444 994 2609 1032 uuunt
2655 995 2852 1049 corpus
2897 982 3266 1050 constituitur,
3292 985 3433 1052 quod

1865 1080 1965 1117 usu
2008 1068 2224 1134 quidem
2250 1067 2568 1135 conjunctas
2598 1070 2759 1125 habet
2788 1082 2990 1141 partes,
3026 1074 3119 1127 sed
3152 1088 3273 1142 qua:
3306 1083 3437 1129 tunc

1863 1155 2261 1224 disjuugentur,
2299 1174 2419 1212 cum
2458 1172 2810 1231 natura,qu:e
2846 1163 2964 1218 illas
2989 1164 3280 1232 copulavit,
3313 1180 3437 1219 eas-

1863 1246 1982 1300 dem
2021 1248 2111 1301 Dei
2139 1246 2297 1315 jussu
2335 1252 2630 1318 separabit.
2666 1254 2739 1306 lta
2769 1253 2884 1324 (sed
2924 1255 3036 1323 ipse
3063 1253 3203 1309 Deus
3234 1255 3437 1310 dicenti

1863 1339 2131 1409 ignoscat)
2174 1340 2219 1393 si
2252 1352 2449 1396 creatae
2478 1355 2684 1398 naturae
2713 1357 2893 1414 partes
2926 1346 2976 1399 in
3032 1362 3197 1400 unum
3239 1362 3437 1415 corpus

1864 1441 2291 1500 coagmentalas,
2325 1433 2482 1488 deum
2517 1436 2823 1504 appellant:
2855 1440 3165 1493 necessarie
3191 1442 3439 1508 sequitur

1861 1535 1982 1574 eum
2010 1523 2061 1575 in
2096 1522 2276 1592 seipso
2307 1526 2387 1578 sui
2426 1540 2544 1581 esse
2571 1528 2913 1593 dissimilem,
2946 1539 3001 1582 ut
3038 1540 3312 1585 ostensum
3331 1540 3438 1593 est,

1862 1628 1926 1665 ac
1956 1625 2217 1681 praeterea
2255 1616 2443 1685 dividi,
2471 1620 2909 1689 quandoquidem
2940 1632 3123 1690 partes
3145 1637 3210 1677 ex
3243 1635 3437 1678 natura

1862 1704 2093 1759 dividua:
2115 1714 2240 1760 sunt

237 1892 313 1945 29.
350 1894 466 1946 Καὶ
497 1894 686 1955 ἄλλως
711 1893 767 1945 δὲ
791 1894 855 1947 ἄν
890 1911 971 1957 τις
1005 1894 1182 1947 αὐτῶν
1208 1894 1447 1963 ἐλέγξειε
1470 1896 1569 1967 τὴν
1598 1896 1757 1949 ἀθεό-

1928 1911 2018 1967 29.
2046 1910 2247 1967 Verum
2281 1912 2384 1967 alia
2413 1929 2628 1984 quoque
2659 1916 2889 1979 ratione,
2921 1917 2964 1970 si
2997 1917 3278 1970 veritatem
3307 1932 3439 1971 con-

180 1998 294 2051 τητα
321 1984 459 2037 κατά
488 1984 591 2055 τὴν
618 1985 727 2054 τῆς
760 1984 1015 2054 ἀληθείας
1042 1985 1295 2058 θεωρίαν.
1327 1989 1390 2041 Ei
1422 1987 1529 2058 γάρ
1567 1991 1595 2041 6
1626 1989 1756 2053 Θεὸς

182 2074 443 2144 ἁσώματός
471 2078 617 2139 ἐστι,
646 2077 745 2127 καὶ
770 2076 1017 2147 ἀόρατος,
1054 2079 1146 2130 καὶ
1172 2078 1447 2147 ἄψαυστος
1475 2083 1539 2149 τῇ
1574 2079 1753 2148 φύσει,

183 2164 277 2225 πῶς
300 2164 459 2235 σῶμα
484 2165 579 2219 τὸν
610 2164 751 2219 Θεὸν
783 2166 1077 2232 ἐπινοοῦσι,
1100 2169 1194 2221 καὶ
1222 2168 1298 2231 τά,
1320 2170 1623 2239 φαινόμενα
1645 2172 1759 2232 τοῖς

181 2253 452 2327 ὀφθαλμοῖς
476 2259 573 2311 καὶ
596 2252 674 2311 ὧν
716 2258 962 2329 ψαύομεν
991 2263 1057 2330 τῇ
1100 2260 1266 2331 χειρὶ,
1296 2260 1663 2331 θρησκεύουσι
1689 2264 1755 2331 τῇ

182 2342 257 2395 τοῦ
283 2345 385 2415 (75)
412 2346 553 2398 Θεοῦ
581 2349 721 2417 τιμῇ
748 2364 762 2410 ;
788 2349 896 2400 Καὶ
921 2349 1101 2413 πάλιν,
1127 2352 1175 2402 εἰ
1199 2353 1226 2403 6
1250 2351 1379 2422 περὶ
1404 2349 1539 2403 Θεοῦ
1568 2352 1758 2421 κρατεῖ

182 2432 333 2502 λόγος,
385 2438 620 2491 δυνατὸν
663 2439 829 2492 αὑτὸν
864 2436 1001 2493 εἶναι
1045 2442 1187 2495 κατά
1219 2442 1417 2507 πάντα,
1464 2445 1558 2496 καὶ
1592 2443 1757 2514 μηδὲν

188 2525 269 2593 μὲν
309 2528 470 2580 αὑτοῦ
527 2530 781 2599 κρατεῖν,
818 2529 981 2581 αὐτὸν
1024 2529 1079 2582 δὲ
1113 2531 1222 2583 τῶν
1266 2532 1482 2585 πάντων
1512 2535 1755 2603 κρατεῖν,

186 2618 261 2667 καὶ
292 2616 575 2681 δεσπόζειν
598 2635 612 2648 ·
652 2617 775 2680 πῶς
804 2620 853 2670 οἱ
899 2619 998 2691 τὴν
1032 2621 1209 2673 κτίσιν
1246 2622 1618 2687 θεοποιοῦντες
1659 2625 1758 2694 οὐχ

185 2706 357 2775 ὁρῶσιν
395 2710 569 2781 αὐτὴν
617 2712 782 2774 ἐκτὸς
829 2708 990 2766 οὖσαν
1035 2713 1129 2766 τοῦ
1165 2715 1406 2767 τοιούτου
1446 2717 1573 2787 περὶ
1620 2716 1755 2769 Θεοῦ

186 2797 319 2866 ὅρου;
356 2800 538 2853 Ἠλίου
576 2802 678 2871 μὲν
710 2801 819 2872 γὰρ
860 2802 963 2855 ὑπὸ
995 2804 1096 2873 γῆν
1126 2805 1441 2874 γενομένου,
1484 2806 1545 2857 τὸ
1576 2808 1691 2873 φῶς
1724 2809 1757 2877 ἡ

188 2888 245 2957 γῆ
272 2891 470 2954 σκιάζει
510 2892 586 2961 μὴ
628 2892 884 2963 ὁρᾶσθαι·
935 2894 1165 2964 σελήνην
1207 2895 1263 2948 δέ
1307 2896 1424 2966 μεθ’
1471 2899 1683 2967 ἡμέραν
1730 2898 1758 2949 6

185 2977 315 3045 ἥλιος
341 2982 675 3052 ἐπικρύπτει
703 2985 770 3052 τῇ
813 2981 907 3034 τοῦ
940 2985 1116 3051 φωτὸς
1144 2984 1471 3055 λαμπηδόνι.
1521 2989 1631 3039 Καὶ
1658 2987 1760 3057 γῆς

191 3069 274 3135 μὲν
298 3074 414 3134 τοὺς
444 3075 703 3143 καρποὺς
733 3073 993 3136 πολλάκις
1030 3074 1240 3143 χάλαζα
1271 3075 1517 3145 βλάπτει·
1548 3078 1608 3129 τὸ
1649 3076 1761 3147 πῦρ

188 3157 254 3221 δὲ,
283 3163 324 3212 εἰ
350 3163 557 3230 γένοιτό
589 3181 676 3225 τις
716 3163 923 3216 ὑδάτων
956 3164 1281 3236 πλημμύρα,
1314 3166 1617 3219 σϐέννυται.
1649 3168 1759 3219 Καὶ

188 3221 403 3323 rapo}:
432 3254 533 3324 μὲν
564 3221 671 3325 ἐαέ
716 3221 1230 3325 παραγκωνίξεταί,
1269 3221 1432 3328 ,θέρος
1460 3258 1517 3310 δὲ
1559 3258 1619 3310 τὸ
1657 3259 1756 3329 ἔαρ
1786 3221 1827 3274 C

192 3340 465 3413 ὑπερϐῆναι
492 3346 622 3408 τοὺς
653 3347 817 3416 ὅρους
841 3347 942 3399 οὐκ
976 3346 1284 3418 ἐπιτρέπει,
1316 3350 1407 3401 καὶ
1435 3348 1569 3401 αὐτὸ
1595 3349 1758 3404 πάλιν

189 3430 283 3485 ὑπὸ
306 3434 390 3487 τοῦ
422 3436 751 3507 μετοπώρου
773 3436 1120 3508 κωλυόμενον
1143 3438 1241 3501 τάς
1276 3438 1411 3503 ἰδίας
1441 3439 1587 3510 ὧρας
1608 3440 1761 3514 ἐξέρ-

193 3524 374 3593 χεσθαι.
422 3528 596 3599 Εἴπερ
630 3524 729 3582 οὖν
779 3524 921 3600 ἦσαν
956 3528 1088 3593 θεοὶ,
1143 3530 1249 3583 ἔδει
1283 3531 1507 3595 τούτους
1544 3533 1618 3605 μὴ
1668 3534 1758 3588 ὑπ’

193 3616 406 3689 ἀλλήλων
428 3621 702 3691 ἡττᾶσθαι
729 3623 823 3675 καὶ
847 3622 1281 3694 ἐπικρύπτεσθαι
1308 3623 1442 3694 (74),
1464 3625 1602 3678 ἀλλά
1629 3626 1762 3680 πάν-

194 3725 298 3761 τοτε
324 3711 568 3783 ἀλλήλοις
599 3717 863 3777 συνεῖναι,
893 3715 986 3767 καὶ⁵
1011 3715 1196 3779 κοινὰς
1222 3714 1335 3785 ἅμα
1358 3717 1455 3780 τάς
1480 3718 1761 3787 ἐνεργείας

198 3801 447 3859 ἀποτελεῖν
482 3808 633 3877 (75)’
690 3808 799 3861 ἔδει
850 3809 969 3879 μεθ’
1014 3810 1229 3883 ἡμέραν
1273 3812 1367 3865 καὶ
1415 3814 1553 3883 μετά
1590 3814 1761 3867 νύκτα

198 3896 327 3964 ἣλιον
348 3900 478 3970 ὁμοῦ
516 3904 611 3954 καὶ
646 3902 880 3973 σελήνην
915 3905 1011 3957 καὶ
1046 3905 1138 3957 τὸν
1176 3904 1334 3958 ἄλλον
1366 3906 1475 3958 τῶν
1516 3907 1762 3978 ἀστέρων

200 3990 336 4059 χορὸν
355 3994 461 4045 ἴσον
486 3993 597 4061 (76)
623 3993 770 4064 ἔχειν
796 3996 856 4049 τὸ
882 3996 1019 4065 φῶς,
1048 3997 1319 4050 καὶτοῦτο
1345 4001 1480 4052 πᾶσι
1496 4000 1759 4070 λάμπειν,

202 4080 284 4131 καὶ
318 4083 484 4136 πάντα
533 4086 664 4155 παρ’
712 4085 893 4138 αὐτῶν
940 4086 1399 4153 καταυγάζεσθαι·
1447 4088 1555 4141 ἔδει
1607 4090 1762 4160 θέρος

204 4172 317 4239 ὁμοῦ
348 4176 435 4227 καὶ
466 4176 717 4246 χειμῶνα
756 4178 851 4230 καὶ
876 4176 977 4252 ἔαρ
1018 4178 1113 4231 καὶ
1150 4179 1469 4252 μετόπωρον
1504 4180 1760 4250 ἀπαραλ-

207 4259 387 4328 λάκτως
415 4269 507 4320 καὶ
536 4269 681 4323 κατά
714 4270 776 4321 τὸ
804 4269 938 4323 αὐτὸ
977 4270 1362 4324 συνίστασθαι·
1400 4271 1507 4324 ἔδει
1538 4272 1636 4343 τὴν
1665 4271 1762 4324 θά-

208 4353 382 4411 λασσαν
424 4364 542 4425 ταῖς
591 4364 800 4432 πηγαῖς
852 4363 1243 4434 ἐπιμίγνυσθαι
1290 4365 1399 4437 (77)
1443 4366 1539 4419 καὶ
1587 4366 1764 4419 κοινόν

212 4446 477 4518 ἀνθρώποις
502 4452 563 4506 τὸ
598 4453 751 4524 πόμα
780 4455 1042 4524 παρέχειν
1060 4471 1072 4484 ·
1110 4454 1216 4508 ἔδει
1244 4458 1505 4527 νηνεμίας
1532 4458 1627 4511 καὶ
1652 4456 1762 4509 τῶν

213 4537 393 4609 ἀνέμων
432 4545 529 4607 τὰς
570 4545 741 4608 πνοάς
776 4548 833 4597 ἐν
874 4546 1056 4615 ταύτῷ
1100 4547 1364 4614 γίνεσθαι·
1402 4549 1509 4602 ἔδει
1550 4551 1613 4603 τὸ
1652 4549 1761 4621 πῦρ
1799 4600 1839 4653 D

215 4630 646 4653 x..-_-,.....
822 4635 911 4653 ,.
1067 4637 1194 4653 .,
1322 4640 1477 4653 ....
1703 4641 1714 4653 .

213 4630 323 4697 ὁμοῦ
349 4636 434 4687 καὶ
473 4636 534 4688 τὸ
584 4636 730 4707 ὕδωρ
774 4635 957 4706 κοινὴν
996 4637 1089 4691 καὶ
1133 4638 1261 4709 μίαν
1310 4640 1618 4711 ἀνθρώποις
1663 4641 1763 4712 τὴν

214 4725 373 4793 χρείαν
411 4731 693 4800 παρέχειν.
740 4730 873 4783 Οὐδὲ
920 4730 1030 4803 γάρ
1068 4731 1187 4784 οὐδὲ
1222 4732 1425 4803 βλάϐην
1467 4736 1533 4789 ἀν
1573 4752 1657 4799 τις
1702 4734 1761 4800 ἐξ

215 4814 363 4869 αὐτῶν
386 4821 667 4892 ὑπέμεινε,
707 4821 844 4874 θεῶν
873 4822 1042 4875 ὄντων
1072 4824 1191 4876 κατ’
1220 4826 1438 4893 αὐτοὺς,
1473 4827 1568 4879 καὶ
1596 4826 1763 4897 μηδὲν

215 4905 290 4957 ἐπὶ
316 4908 495 4983 βλάϐη,
524 4914 611 4964 ἐπ’
639 4911 879 4983 ὠφελείᾳ
899 4912 955 4965 δὲ
1000 4914 1199 4984 μᾶλλον
1234 4915 1411 4969 πάντα
1442 4917 1763 4972 ποιούντων.

216 4994 267 5048 ΕΞ
290 4998 522 5058 δὲταῦτα
554 5002 805 5073 γίνεσθαι
838 5002 1097 5059 ἀδύνατον
1123 5004 1211 5059 διὰ
1251 5006 1350 5078 τὴν
1391 5008 1527 5079 πρὸς
1556 5007 1764 5077 ἄλληλα

276 5172 372 5243 (71)
396 5173 485 5249 Sic
522 5177 766 5249 Segner.
794 5178 957 5236 Basil.
1014 5178 1235 5235 Gobler.
1286 5180 1525 5236 Felrkm.
1560 5182 1583 5236 1
1617 5190 1672 5239 et
1717 5182 1753 5236 9.

218 5253 368 5319 anon.
394 5245 692 5319 E_diti_ve:ro
728 5248 933 5318 ἔχοντα.
960 5250 1182 5319 Anglic.
1216 5249 1354 5319 ἔχων
1377 5254 1463 5306 τά.

278 5310 569 5405 ‘Bals‘il.
597 5310 827 5405 publer.
847 5331 899 5405 ει
925 5310 1175 5405 .Felcknt'.
1207 5310 1309 5373 i'et
1350 5322 1385 5374 2
1414 5337 1577 5405 anon.
1629 5337 1758 5390 συγ·-

216 5384 433 5453 γνώμης.
479 5384 648 5439 Paulo
679 5398 798 5450 post
847 5387 1085 5442 Felckm.
1139 5389 1172 5441 3
1220 5405 1385 5445 anon.
1438 5384 1762 5461 συνάγοντες

219 5449 359 5533 lmhet
389 5468 480 5521 pro
508 5458 894 5522 συνάπτοντες.
936 5457 1068 5513 item
1106 5474 1231 5513 mox
1257 5459 1423 5515 Basil.
1461 5460 1764 5533 ἀναγορεύ-

425 5594 527 5648 Τοῦ
565 5597 719 5672 deest
768 5597 818 5650 in
870 5596 1107 5672 Felckm.
1146 5598 1180 5651 5
1208 5613 1371 5672 a_non.
1431 5608 1486 5654 et
1539 5600 1765 5672 Seguer.

218 5654 372 5735 Paulo
400 5676 515 5735 post
558 5668 656 5735 μέν
690 5669 841 5720 deest
871 5668 926 5720 in
953 5666 1189 5721 Felckm.
1223 5669 1256 5722 5
1278 5684 1439 5722 anon.

281 5728 503 5805 (ἶςηδὶο
548 5728 777 5805 Seguet‘.
821 5736 1039 5790 Gobler.
1094 5738 1331 5791 Felckm.
1385 5740 1407 5789 l
1470 5753 1634 5791 anon.
1696 5739 1766 5793 At

217 5793 409 5917 Anglii.
452 5793 942 5878 περικξύπτεσθαι.
988 5805 1091 5861 Alii
1145 5820 1267 5863 cum
1320 5808 1481 5864 editis
1520 5808 1766 5882 ὑποκρύ-

219 5878 345 5916 πτεσ
380 5887 447 5917 ιι.

219 5878 447 5922 πτεσιιαι.

1858 2005 2118 2070 Sulamus,
2157 2005 2369 2059 illorum
2396 2007 2733 2073 impietatem
2766 2007 2904 2060 haud
2935 2006 3148 2061 diliieile
3175 2009 3283 2060 erit
3315 2024 3441 2061 con-

1858 2098 2096 2153 vincere.
2129 2096 2261 2151 Nam
2292 2099 2334 2151 si
2364 2098 2503 2151 Deus
2543 2098 2893 2166 incorporeus
2928 2108 3033 2164 est,
3061 2098 3105 2151 si
3141 2114 3239 2151 nec
3269 2099 3436 2152 videri

1861 2202 1957 2241 nec
1993 2188 2136 2257 tangi
2200 2199 2388 2242 natura
2438 2199 2664 2257 potest:
2724 2204 2822 2243 cur
2850 2202 2980 2256 ergo
3012 2188 3181 2242 Deum
3237 2204 3439 2258 corpus

1858 2294 1977 2332 esse
1998 2281 2329 2348 excogitant,
2362 2295 2577 2350 resque,
2610 2296 2746 2349 quas
2773 2280 2943 2335 oculis
2974 2282 3215 2334 videmus
3242 2291 3295 2334 et
3321 2297 3436 2333 ma-

1859 2372 2017 2425 nibus
2073 2381 2497 2438 coutrectamus,
2557 2374 2737 2426 divino
2788 2372 2934 2425 cultu
2982 2372 3438 2440 prosequuntur?

1862 2462 2090 2525 Rursus,
2123 2463 2166 2515 si
2204 2476 2393 2516 verum
2442 2473 2526 2516 est
2559 2462 2727 2515 Deum
2783 2463 3210 2529 omnipotentem
3267 2476 3391 2515 esse
3416 2500 3433 2527 ,

1859 2567 2091 2622 eumque
2146 2569 2173 2606 a
2206 2553 2351 2606 nulla
2379 2568 2435 2606 re
2486 2555 2757 2621 superari,
2784 2552 2876 2606 sed
2904 2553 3085 2606 omnia
3117 2552 3335 2607 vincere
3383 2562 3438 2607 et

1862 2656 2116 2713 tanquam
2143 2646 2433 2698 Dominum
2468 2658 2695 2712 regere:
2728 2659 2895 2712 quare
2934 2643 3025 2713 qui
3061 2651 3301 2697 creatam
3338 2658 3439 2695 na-

1862 2745 2037 2789 turam
2078 2735 2243 2788 Deum
2280 2733 2505 2799 faciunt,
2537 2736 2675 2789 hanc
2705 2734 2797 2788 Dei
2825 2733 3193 2787 deﬁnitionem
3226 2731 3303 2787 illi
3338 2734 3439 2785 mi-

1861 2827 2005 2880 nime
2032 2827 2324 2879 convenire
2389 2842 2493 2879 non
2527 2826 2813 2880 attendunt
2848 2824 2871 2877 ἲ
2932 2838 3166 2893 namque
3199 2838 3323 2877 cum
3354 2824 3437 2878 sol

1860 2916 2046 2968 subter
2072 2925 2273 2967 terram
2306 2923 2409 2976 est,
2466 2916 2760 2983 quominus
2805 2913 2922 2982 ejus
2953 2913 3133 2968 lumen
3164 2912 3433 2975 videatur,

1865 3016 2027 3059 terra:
2058 3005 2247 3057 umbra
2281 3004 2520 3072 impedit.
2559 3004 2767 3057 Lunam
2800 3015 2982 3055 autent
3018 3002 3096 3057 sol
3148 3002 3263 3070 ipse
3291 3000 3432 3053 lucis

1861 3110 1971 3148 sua:
1993 3092 2198 3160 fulgore
2220 3106 2317 3161 per
2340 3093 2481 3147 diem
2512 3092 2821 3148 abscondit.
2855 3091 3038 3145 Terra:
3074 3092 3199 3144 item
3231 3087 3449 3143 fructus

1864 3198 1968 3237 non
1999 3199 2122 3236 raro
2149 3183 2356 3253 grando
2388 3183 2532 3237 laedit
2561 3199 2573 3235 :
2605 3182 2745 3252 ignis
2787 3194 2915 3233 vero
2962 3194 3099 3248 aqua
3140 3178 3437 3232 inundante

1863 3278 2248 3347 exstinguitur.
2284 3275 2525 3331 Hiemem
2564 3272 2816 3328 similiter
2848 3287 2940 3325 \cr
2973 3270 3438 3339 propellit;:estas

1864 3382 1959 3422 ver
2004 3366 2308 3435 transgredi
2362 3363 2622 3419 terminos
2655 3376 2760 3416 non
2799 3361 2959 3427 sinit,
2991 3370 3043 3413 et
3069 3358 3306 3413 vicissim
3336 3370 3437 3411 au-

1865 3472 2087 3517 tumnus
2117 3469 2359 3515 testatem
2394 3458 2532 3511 intra
2589 3454 2840 3526 proprios
2892 3451 3093 3505 limites
3123 3452 3318 3505 sistere
3346 3463 3441 3503 co-

1864 3555 1963 3625 git.
2012 3553 2200 3621 itaque
2240 3552 2285 3605 si
2346 3549 2419 3603 dii
2468 3556 2672 3611 essent,
2720 3557 3064 3613 nequaquam
3122 3555 3181 3595 se
3210 3540 3439 3594 iuviceu

1866 3646 2149 3699 vincerent
2187 3653 2243 3697 et
2286 3638 2719 3699 absconderant,
2752 3635 2845 3689 sed
2893 3634 3073 3702 potius
3121 3645 3334 3700 semper
3368 3630 3444 3684 si-

1866 3733 1975 3788 mul
2010 3733 2239 3787 invicem
2272 3745 2416 3795 esse,
2446 3738 2873 3794 communesque
2917 3722 3145 3777 eﬂectus
3175 3736 3282 3773 una
3318 3732 3442 3789 pro-

1864 3825 2063 3879 ducere
2087 3839 2183 3892 par
2206 3832 2368 3878 esset.
2400 3820 2687 3891 Oporteret
2714 3830 2843 3884 ergo
2872 3829 2968 3884 per
3005 3814 3120 3867 dies
3151 3820 3205 3865 et
3252 3818 3438 3864 noctes

1864 3917 2033 3971 solem
2065 3915 2225 3972 simul
2250 3923 2303 3970 et
2330 3914 2513 3969 lunam
2546 3921 2851 3979 ceteraque
2900 3906 3083 3962 sidera
3118 3919 3217 3973 par
3260 3902 3441 3956 lumen

1867 4009 2101 4073 habere,
2124 4009 2288 4077 idque
2322 4005 2578 4062 omnibus
2610 4003 2814 4063 lucere,
2850 4013 2913 4053 ac
2944 4012 3031 4052 res
3059 3997 3346 4049 universas
3374 3991 3442 4045 ah

1866 4100 1972 4155 illis
1995 4100 2324 4154 collustrari.
2349 4097 2636 4167 Oporteret
2655 4103 2897 4148 testatem
2927 4087 3089 4143 simul
3116 4097 3167 4140 et
3184 4086 3442 4144 hiemem,

1863 4208 1961 4248 ver
1988 4202 2150 4261 atque
2179 4200 2519 4253 autumnum,
2538 4188 2742 4253 absque
2772 4181 3164 4241 vicissitudine,
3192 4190 3296 4229 una
3322 4190 3443 4244 per-

1865 4282 2081 4336 sistere.
2111 4281 2399 4349 Oporteret
2431 4289 2578 4330 mare
2601 4288 2725 4328 cum
2753 4270 2994 4326 fontibus
3022 4264 3363 4322 commisceri
3388 4272 3443 4313 et

1865 4383 2204 4426 communem
2247 4366 2562 4422 hominibus
2614 4371 2799 4430 potum
2854 4356 3119 4428 prabere.
3155 4353 3443 4419 Oporteret

1865 4475 2046 4516 aerem
2076 4458 2238 4514 simul
2267 4455 2372 4526 23
2406 4452 2761 4523 tranquillum
2793 4462 2913 4503 esse
2942 4456 2998 4500 et
3024 4443 3200 4499 ventis
3224 4438 3439 4509 agitari.

1864 4554 2152 4621 Oporteret
2174 4548 2599 4617 deniqueignem
2624 4542 2784 4599 simul
2802 4549 2856 4594 et
2885 4551 3078 4607 aquam
3104 4534 3263 4589 unius
3293 4531 3439 4598 ejus-

1869 4646 2096 4714 demque
2121 4658 2249 4697 usus
2285 4656 2405 4696 esse
2430 4638 2760 4695 hominibus.
2797 4633 3012 4687 Nullum
3049 4627 3313 4698 siquidem
3372 4638 3440 4678 ex

1868 4736 1954 4791 his
1976 4736 2364 4793 detrimentum
2405 4730 2659 4791 oriretur,
2693 4727 2760 4793 si,
2793 4734 2852 4780 ut
2892 4729 3105 4793 putant,
3130 4720 3204 4773 dii
3231 4724 3441 4778 essent,

1869 4827 1958 4897 qui
1994 4826 2217 4896 proinde
2272 4823 2405 4878 nihil
2465 4820 2692 4875 nocendi
2749 4832 2914 4874 causa
2942 4815 3038 4870 sed
3082 4812 3261 4881 potius
3308 4806 3443 4863 nihil

1868 4917 1974 4972 nisi
2012 4914 2154 4983 quod
2187 4912 2318 4967 utile
2351 4912 2492 4966 foret
2542 4916 2783 4981 agerent.
2820 4907 2876 4962 Si
2906 4919 3029 4959 vero
3057 4904 3173 4958 hate.
3226 4901 3295 4956 ob
3324 4915 3443 4953 mu-

1870 5018 2015 5064 tuam
2046 5008 2189 5061 inter
2212 5021 2271 5061 se
2290 5005 2686 5076 appositionem
2710 5001 2872 5058 simul
2888 4997 3038 5068 jungi
3066 5012 3170 5050 uon
3203 5002 3439 5065 queunt:

1933 5182 2045 5253 (75)
2080 5182 2171 5237 Sic
2198 5182 2429 5253 Seguer.
2487 5180 2732 5253 G_obler._
2750 5179 3059 5253 Felckm._‘l
3118 5190 3290 5253 annn.‘
3338 5172 3439 5253 alii

1862 5244 1984 5306 cuin
2010 5244 2173 5308 editis
2203 5244 2492 5306 ἐπῖτελεῖν.
2524 5251 2659 5305 Ibid.
2692 5249 2933 5305 Felcknt.
2988 5248 3022 5301 5
3081 5262 3245 5301 anon.
3279 5244 3441 5296 habet

1863 5324 1961 5386 τὶς
1991 5323 2326 5394 εὐεργεσίας.

1941 5383 2052 5464 iw)
2075 5383 2185 5464 hic
2208 5383 2434 5464 Svéttcr.
2466 5391 2568 5464 Alii
2604 5406 2725 5445 cum
2763 5388 2923 5443 editis
2952 5385 3110 5464 (cuiq.
3136 5383 3441 5464 lulent’tnox

1872 5471 1928 5518 ei.
1947 5449 2172 5519 Cobier.
2205 5475 2258 5518 et
2283 5449 2473 5516 Feltk.
2512 5463 2536 5515 1
2576 5478 2642 5514 au
2669 5498 2683 5513 .
2716 5469 2854 5527 post.
2889 5459 2982 5509 καί
3010 5456 3215 5506 addunt
3238 5449 3440 5511 πάντα,

1875 5549 1996 5603 qua:
2025 5548 2122 5586 vox
2167 5533 2222 5586 in
2251 5533 2369 5586 aliis
2392 5547 2507 5603 non
2536 5542 2642 5603 est.

1945 5583 2815 5671 (57fsegaéé;"smptmcoat._
2856 5590 3071 5671 (ᾇοίιίενΓ
3121 5583 3439 5671 Ἐρίθιιιῐιι]

1875 5664 2048 5727 anon.
2071 5664 2498 5741 ἐπιᾶμίγεσθαι.’
2514 5664 2643 5721 Ibid.
2673 5664 2848 5741 κοινόν
2872 5664 3069 5741 habent
3098 5671 3288 5741 omnes
3306 5668 3444 5741 mss.

1874 5726 2072 5812 prater
2105 5726 2342 5812 Felckm.
2375 5740 2408 5793 5
2437 5753 2599 5793 anon.
2642 5736 2732 5804 qui
2765 5744 2821 5788 ut
2842 5730 2970 5787 editi
3014 5726 3269 5781 κοινωνόν
3292 5736 3448 5779 mcu-

1875 5811 2006 5867 dosc
2039 5811 2217 5867 habet.
