4010 6558
541 403 611 457 59
1108 401 1167 458 S.
1209 401 1578 458 ATHANASII
1618 401 1772 457 OPP.
1813 397 1998 453 PARS
2039 398 2081 456 1.

2231 394 2600 452 Ηῐδτθιῖκῖὶ
2640 393 2730 448 ΕΤ
2766 391 3192 449 υοειιΑτιεΑ.
3737 395 3801 448 60

539 518 634 587 qui
674 515 788 572 ﬁeri
822 525 999 586 potest
1029 526 1088 572 ut
1118 531 1206 572 res
1237 517 1360 582 illae,
1410 531 1530 585 qua:
1562 516 1704 569 inter
1723 508 1791 568 se
1818 512 2102 568 contraria:

2211 508 2583 592 ἐναντιότητα,
2617 505 2734 570 πῶς
2757 503 2868 559 οἷόν
2895 524 2954 560 τε
2985 505 3162 560 ταῦτα
3180 505 3435 579 ἀλλήλοις
3462 508 3682 562 ἐναντία
3713 511 3800 562 καὶ

470 617 477 628 “
538 617 665 664 sunt
692 617 748 662 et
785 618 1046 678 pugnant,
1077 623 1178 662 nec
1234 609 1464 662 invicem
1493 608 1799 661 consistere
1846 611 2113 674 possunt,

539 699 611 753 dii
645 699 822 753 adhuc
855 698 1219 764 nominentur,
1252 696 1334 752 vel
1387 700 1465 752 eis
1506 697 1669 750 divini
1720 697 1954 750 honores
2017 696 2118 749 tri-

539 789 816 844 buautur?
841 789 971 855 Qua:
1006 791 1133 844 item
1163 789 1395 843 discordi
1425 790 1566 841 inter
1589 802 1648 842 se
1695 799 1827 841 sunt
1872 795 2063 840 natura
2097 824 2113 850 ,

539 882 812 950 quomodo
841 881 964 934 aliis
991 895 1068 949 pr.
1088 880 1360 942 cantibus,
1390 894 1575 947 pacein
1607 879 1849 947 praebere
1879 893 2082 932 concor
2101 906 2114 916 -

539 973 754 1042 dia-que
783 982 1035 1026 auctores
1070 986 1192 1026 esse
1221 970 1467 1038 queunt?
1519 969 1706 1022 Merito
1743 969 1905 1038 igitur
1941 983 2114 1037 neque

537 1061 640 1122 sol,
673 1075 848 1130 neque
885 1059 1032 1123 luna,
1065 1074 1239 1128 neque
1279 1058 1382 1110 alia
1409 1073 1536 1126 pars
1563 1069 1772 1110 natura:
1802 1065 2020 1120 creatae,
2049 1071 2113 1111 ac

443 1146 451 1154 “
539 1151 766 1217 proinde
802 1150 968 1202 multo
999 1149 1172 1218 magis
1211 1162 1388 1218 neque
1425 1163 1492 1202 ex
1542 1147 1720 1215 lapide
1751 1161 1952 1201 aurove
2018 1162 2112 1200 seu

536 1254 603 1293 ex
644 1238 748 1293 alia
787 1240 1009 1293 materia
1071 1239 1302 1292 conﬂata
1357 1239 1672 1303 simulacra,
1726 1253 1899 1306 neque
1946 1239 2110 1292 etiam

537 1331 630 1399 qui
659 1341 938 1400 poetarum
965 1330 1187 1389 ,fabulis
1225 1329 1571 1384 celebrantur
1617 1327 1826 1396 Jupiter
1853 1369 1867 1394 ,
1923 1328 2113 1396 Apollo

535 1422 827 1490 caeterique
858 1422 1084 1485 similes,
1136 1422 1208 1474 dii
1242 1436 1363 1475 esse
1398 1421 1655 1474 censendi
1688 1429 1837 1482 sunt,
1895 1419 1972 1472 uti
2018 1421 2112 1473 de-

539 1515 1010 1569 monstravimus:
1060 1513 1153 1567 sed
1192 1512 1284 1566 alii
1333 1527 1398 1566 ex
1435 1511 1742 1579 huiusmodi
1784 1510 1887 1564 diis
1926 1513 2112 1578 partes

538 1617 666 1658 sunt
699 1617 906 1657 natura:
934 1615 1150 1666 creatae.
1185 1603 1275 1656 alii
1309 1618 1395 1657 res
1421 1611 1548 1657 sunt
1589 1601 1857 1663 inanimae,
1887 1600 1981 1653 alii
2009 1601 2105 1653 lio-

541 1694 716 1748 mines
741 1691 1000 1747 mortales
1029 1692 1292 1746 duntaxat
1347 1693 1517 1746 fuere.
1548 1691 1699 1747 Unde
1730 1691 1820 1758 qui
1867 1689 1988 1743 illos
2018 1705 2109 1743 co-

538 1783 656 1836 lunt
683 1793 737 1836 et
772 1785 910 1836 inter
931 1782 1060 1836 deos
1087 1781 1374 1847 collocaui,
1404 1796 1509 1836 non
1538 1783 1813 1848 pietatem,
1833 1778 1928 1833 sed
1959 1793 2108 1832 suin-

539 1888 683 1926 uiam
714 1872 1045 1942 impietatem
1080 1872 1425 1940 profitentur,
1479 1869 1810 1937 maximique
1861 1868 2064 1922 erroris
2088 1909 2103 1932 ,
2139 1863 2179 1914 Β

535 1975 646 2030 quo
669 1962 736 2015 ab
766 1962 926 2016 unius
946 1969 1001 2016 et
1035 1959 1204 2015 solius
1243 1960 1353 2013 veri
1384 1960 1498 2024 Dei,
1534 1958 1733 2015 Christi
1756 1958 1970 2013 scilicet
2007 1959 2106 2012 Pa-

535 2053 639 2107 tris
661 2091 676 2117 ,
715 2053 1022 2122 cognitione
1068 2067 1362 2114 recessere,
1392 2051 1691 2106 certissima
1727 2049 1854 2103 dant
1888 2049 2105 2103 indicia.

533 2145 871 2212 Quapropter
891 2144 1147 2210 quoniam
1187 2144 1301 2197 haec
1329 2143 1401 2196 ita
1439 2157 1469 2195 a
1503 2141 1657 2196 nobis
1687 2139 1920 2194 refutata
1952 2147 2106 2202 sunt,

531 2235 979 2302 ostendimusque
1011 2233 1308 2287 infidelium
1338 2231 1698 2286 idololatriain
1727 2231 1876 2284 omni
1913 2229 2107 2298 impie-

531 2326 662 2380 tatis
685 2339 884 2392 genere
919 2323 1137 2392 repleri,
1179 2337 1354 2391 neque
1383 2323 1451 2375 ad
1482 2324 1680 2376 bonum
1717 2322 1811 2375 sed
1835 2320 1903 2374 ad
1927 2321 2108 2389 perni-

530 2413 670 2469 ciem
701 2416 947 2466 huinana:
974 2411 1472 2465 vitmintroductain
1489 2410 1690 2464 fuisse:
1723 2424 1841 2477 age,
1869 2419 1924 2461 ut
1953 2410 2106 2463 initio

532 2501 882 2570 promisimus
913 2540 927 2564 ,
978 2502 1194 2568 repulso
1228 2513 1436 2565 errore,
1494 2498 1634 2551 viam
1695 2499 1939 2553 veritatis
1989 2498 2102 2566 jam

533 2591 811 2656 ineamus,
877 2598 933 2642 et
961 2589 1153 2642 duceni
1203 2596 1364 2656 atque
1411 2587 1658 2655 opiliccm
1689 2587 1892 2649 mundi,
1929 2586 2106 2641 Patris

531 2681 775 2737 Verbum
801 2678 1256 2747 contemplemur,
1287 2688 1345 2730 ut
1376 2691 1472 2746 per
1508 2677 1706 2742 ipsum,
1747 2675 1862 2742 ejus
1891 2691 2108 2744 quoque

529 2771 748 2827 Patrem
782 2771 945 2824 Deum
993 2783 1400 2838 cognoscamus,
1425 2766 1835 2836 intclligantque
1873 2766 2106 2837 gentiles

529 2878 694 2934 quam
723 2861 914 2933 procul
937 2861 1145 2932 seipsos
1175 2874 1207 2913 a
1242 2858 1471 2914 veritate
1499 2857 1854 2912 removerint.

510 3050 513 3054 ’
597 3060 689 3117 50.
711 3059 906 3116 Omnia
931 3057 1151 3130 quidem
1197 3056 1282 3113 illa
1311 3072 1432 3126 qua:
1464 3069 1628 3124 supra
1661 3053 1978 3115 refelliinus,
2020 3051 2104 3106 ni-

527 3154 603 3208 hil
639 3153 782 3207 aliud
809 3167 932 3213 esse
961 3161 1241 3206 ostensum
1286 3160 1560 3218 estquam
1611 3148 1816 3201 erroris
1851 3144 2104 3199 tenebras

525 3244 651 3298 vitae
677 3243 950 3297 hominum
978 3239 1197 3295 nl'fusas.
1231 3240 1299 3292 At
1322 3243 1408 3292 via
1440 3238 1684 3305 veritatis
1717 3237 1782 3289 ad
1812 3235 1977 3289 Deum
2009 3248 2101 3287 vc-

527 3349 646 3388 rum
679 3333 851 3386 tendit
878 3349 894 3386 ι
933 3333 996 3384 ad
1029 3346 1191 3399 quant
1223 3327 1657 3399 cognoscendam
1687 3335 1743 3380 et
1795 3337 1948 3378 certo
1976 3337 2099 3394 per-

525 3423 861 3492 spiciendam
896 3436 1001 3476 non
1035 3421 1156 3474 aliis
1196 3436 1358 3488 quam
1393 3419 1549 3472 nobis
1605 3416 1736 3485 ipsis
1762 3431 1899 3485 Opus
1929 3416 2096 3469 habe-

527 3527 679 3567 mus:
714 3526 906 3579 neque,
929 3522 988 3564 ut
1033 3519 1115 3565 est
1165 3511 1280 3578 ipse
1307 3509 1447 3564 Deus
1469 3524 1630 3578 supra
1653 3507 1855 3569 omnia,
1888 3507 1962 3559 ita
1990 3505 2094 3571 via,

525 3617 648 3670 quas
675 3603 742 3655 ad
767 3603 914 3654 illum
942 3603 1112 3668 ducit,
1180 3595 1317 3656 loris
1351 3610 1404 3655 et
1434 3599 1619 3669 procul
1679 3614 1707 3652 a
1761 3598 1916 3652 nobis
1966 3606 2094 3652 est:

523 3702 715 3742 verum
744 3688 794 3741 in
823 3689 978 3742 nobis
1004 3689 1138 3756 ipsis
1161 3697 1266 3754 est,
1307 3687 1530 3756 ejusque
1561 3687 1773 3740 initium
1815 3686 1956 3740 haud
2013 3694 2097 3741 est

522 3778 792 3834 diﬂicilea
831 3779 984 3833 nobis
1013 3781 1275 3845 reperire,
1313 3787 1373 3832 ut
1416 3787 1471 3832 et
1502 3776 1718 3847 Moyses
1777 3779 1861 3832 his
1915 3779 2096 3834 verbis

522 3870 708 3922 docuit
735 3867 879 3940 (84):
917 3867 1142 3922 Verbum
1171 3869 1453 3936 ﬁilei'i'ntra
1478 3885 1566 3922 cor
1585 3879 1729 3922 tuum
1748 3879 1822 3922 eu
1851 3870 1915 3923 “.
1943 3869 2096 3935 Quod

520 3960 666 4014 idem
701 3957 952 4014 Salvator
1002 3961 1298 4035 declaravit
1359 3970 1413 4015 et
1463 3959 1810 4015 conﬁrmavit
1860 3960 2090 4015 dicens:

525 4051 765 4120 Regnum
789 4051 883 4106 Dei
905 4053 1048 4106 intra
1069 4069 1154 4106 vos
1183 4066 1260 4107 est
1291 4054 1353 4108 ".
1380 4053 1518 4120 Quia
1539 4054 1682 4107 enim
1722 4053 1865 4106 intus
1923 4054 1976 4105 in
2007 4068 2098 4106 no-

517 4143 720 4198 hismet
739 4144 870 4212 ipsis
897 4144 1054 4198 [idem
1084 4160 1418 4216 regnumque
1472 4144 1563 4221 Dei
1607 4145 1888 4208 habemus,
1914 4141 2095 4198 "facile

520 4249 808 4303 possumus
859 4236 1229 4291 universitatis
1289 4247 1582 4298 rectorem,
1633 4234 1812 4289 Patris
1858 4227 2095 4288 salutare

522 4324 757 4380 Verbum
785 4325 1092 4397 intelligere
1113 4338 1166 4382 et
1197 4328 1572 4397 contemplari.
1601 4325 1714 4381 Nec
1741 4341 1871 4380 vero
1891 4325 1980 4379 hic
1999 4338 2094 4378 ex.

514 4416 797 4471 eusatione
843 4426 1067 4471 utantur
1108 4419 1337 4488 gentiles
1395 4418 1722 4481 idololatria,
1771 4431 1872 4471 nec
1914 4416 2093 4483 quivis

2223 603 2529 673 μαχόμενα,
2565 600 2661 654 καὶ
2697 599 2771 670 μὴ
2803 599 3076 669 δυνάμενα
3109 599 3363 670 ἀλλήλοις
3400 602 3692 672 συστῆναι,
3725 603 3800 656 ἔτι

2218 695 2374 756 θεοὺς
2415 691 2722 762 ὀνομάζειν,
2768 691 2800 760 ἢ
2839 690 2974 744 Θεοῦ
3017 690 3418 762 θρησκεύεσθαι
3464 696 3688 762 τιμαίςο
3724 693 3803 747 Τὰ

2215 785 2272 839 δὲ
2305 784 2441 856 πρὸς
2470 783 2635 836 ἑαυτὰ
2669 784 2998 853 ἀσύμφωνον
3029 783 3128 853 τὴν
3161 783 3324 852 φύσιν
3354 783 3548 853 ἔχοντα
3587 783 3705 848 πῶς
3739 785 3801 839 av

2215 878 2395 940 ἀλλοις
2427 875 2742 946 εὐχομένοις
2775 876 2998 947 εἰρήνην
3045 876 3361 946 παρέχοιεν,
3407 876 3500 927 καὶ
3545 877 3799 946 ὁμονοίας

2217 970 2400 1031 αὐτοῖς
2429 967 2670 1036 γένοιντο
2718 965 3010 1034 πρυτάνεις
3040 965 3150 1035 (78)
3179 982 3194 1029 ;
3227 965 3365 1019 υύτε
3394 963 3488 1021 οὖν
3524 967 3679 1037 ἥλιος
3723 970 3798 1021 εί-

2214 1059 2409 1121 κότως,
2443 1057 2567 1110 οὔτε
2598 1056 2814 1127 σελήνη,
2838 1055 2961 1109 οὕτε
2993 1057 3120 1110 ἀλλο
3152 1074 3206 1109 τι
3234 1057 3398 1128 μέρος
3425 1058 3524 1128 τῆς
3546 1059 3795 1122 κτίσεως,

2215 1149 2392 1220 πολλῷ
2417 1149 2474 1202 δὲ
2504 1149 2665 1202 πλέον
2697 1148 2817 1201 οὐδὲ
2836 1148 2905 1201 τὰ
2936 1149 2994 1200 ἐν
3016 1147 3185 1212 λίθοις
3216 1149 3312 1202 καὶ
3343 1149 3530 1219 χρυσῷ
3559 1151 3655 1202 καὶ
3681 1153 3798 1215 ταῖς

2212 1242 2396 1305 ἄλλαις
2431 1241 2585 1304 ὕλαις
2619 1241 2930 1310 ἀγάλματα,
2982 1239 3098 1292 οὐδὲ
3132 1240 3180 1292 οἱ
3217 1239 3366 1310 παρὰ
3402 1243 3653 1311 ποιηταῖς
3700 1259 3793 1311 μυ·

2169 1345 2178 1359 ‘
2213 1334 2494 1404 θευόμενοι
2523 1331 2635 1402 (79)
2667 1332 2802 1393 Ζεὺς
2841 1330 2935 1382 καὶ
2974 1329 3246 1382 Ἀπόλλων
3279 1331 3374 1384 καὶ
3413 1332 3464 1383 οἱ
3509 1331 3660 1384 ἄλλοι
3690 1329 3795 1385 εἷεν

2209 1426 2424 1498 ἀληθῶς
2457 1424 2589 1487 θεοὶ,
2621 1423 2697 1484 ὼς
2723 1424 2750 1474 ὁ
2774 1421 2930 1488 λόγος
2959 1421 3259 1484 ἀπέδειξενο
3295 1420 3434 1474 ἀλλά
3458 1420 3526 1474 τὰ
3568 1423 3667 1492 μὲν
3696 1423 3794 1475 αύ-

2209 1517 2317 1570 τῶν
2348 1518 2487 1587 μέρη
2515 1515 2615 1585 τῆς
2644 1510 2875 1574 κτίσεως
2905 1513 3040 1575 ἐστι,
3067 1509 3135 1563 τὰ
3160 1510 3216 1562 δὲ
3253 1511 3432 1564 αὐτῶν
3457 1511 3642 1581 ἀψυχα
3666 1528 3792 1579 τυγ-

2209 1607 2381 1677 χάνει,
2417 1605 2484 1658 τὰ
2528 1605 2584 1658 δὲ
2639 1603 2797 1680 μόνον
2831 1601 3106 1672 ἂνθρωποι
3150 1600 3334 1669 θνητοὶ
3376 1602 3655 1668 γεγόνασι.
3701 1602 3790 1655 Διὸ

2209 1701 2362 1769 καὶὴ
2411 1699 2538 1767 περὶ
2569 1696 2742 1750 ταῦτα
2779 1692 3045 1764 θρησκεία
3078 1694 3171 1746 καὶ
3205 1693 3448 1746 θεοποιία
3495 1695 3597 1746 οὐκ
3636 1694 3789 1746 εὐσε-

2209 1790 2381 1852 ϐείας,
2403 1790 2538 1842 ἀλλὰ
2557 1791 2850 1862 ἀθεότητος
2877 1793 2970 1846 καὶ
2998 1793 3179 1862 πάσης
3212 1793 3470 1856 ἀσεϐείας
3492 1792 3644 1845 ἐστὶν
3677 1792 3788 1844 είσ-

2209 1883 2427 1951 ἡγησις,
2477 1882 2572 1934 καὶ
2620 1883 2865 1954 μεγάλης
2899 1884 3106 1954 πλάνης
3139 1882 3360 1952 ἐλεγχος
3385 1883 3494 1936 ἀπὸ
3519 1883 3620 1953 τῆς
3653 1883 3787 1952 πρὸς

2208 1971 2296 2024 τὸν
2316 1971 2411 2023 ἕνα
2431 1971 2522 2024 καὶ
2545 1972 2703 2041 μόνον
2733 1973 2983 2044 ἀληθινὸν
3007 1973 3138 2026 Θεὸν
3157 1972 3431 2041 γνώσεως,
3448 1972 3591 2039 λέγω
3612 1972 3676 2042 δὴ
3699 1972 3787 2025 τόν

2205 2059 2299 2114 τοῦ
2352 2062 2586 2132 Χριστοῦ
2625 2063 2862 2136 Πατέρα.
2903 2065 3031 2116 Ὅτε
3066 2063 3242 2116 τοίνυν
3271 2062 3382 2132 (80)
3429 2061 3586 2115 ταῦθ’
3615 2061 3785 2124 οὕτως

2209 2153 2489 2222 ἐλέγχεται
2525 2154 2617 2206 καὶ
2646 2154 2912 2221 δέδεικται
2946 2156 2978 2226 ἡ
3015 2153 3168 2225 παρὰ
3200 2157 3312 2217 τοῖς
3354 2153 3612 2224 Ἕλλησιν
3639 2153 3787 2206 εἰδω-

2207 2242 2492 2311 λολατρεία
2523 2243 2704 2313 πάσης
2740 2243 3028 2314 ἀθεότητος
3055 2239 3188 2297 οὖσα
3222 2242 3414 2313 μεστὴ,
3447 2242 3542 2294 καὶ
3570 2242 3671 2294 οὑκ
3704 2243 3784 2294 ἐπ’

2205 2330 2462 2400 ὠφελείᾳ,
2502 2332 2616 2384 ἀλλ’
2661 2333 2747 2385 ἐπ’
2783 2332 3028 2404 ἀπωλείᾳ.
3070 2333 3148 2403 τῷ
3189 2332 3287 2402 βίῳ
3329 2331 3439 2384 τῶν
3486 2329 3785 2401 ἀνθρώπων

2207 2422 2539 2490 εἰσαχθείσασ
2570 2422 2702 2492 φέρε
2731 2423 2938 2486 λοιπὸν,
2966 2424 3041 2487 ὼς
3073 2424 3132 2488 ἐξ
3163 2424 3335 2494 ἀρχῆς
3362 2425 3390 2476 ὁ
3417 2422 3574 2490 λόγος
3614 2424 3783 2491 ὲπηγ-

2205 2511 2442 2580 γείλατο,
2468 2512 2568 2581 τῆς
2591 2513 2799 2583 πλάνης
2826 2513 3247 2585 διελεγχθείσης,
3280 2513 3501 2586 τὴνητῆς
3529 2511 3786 2582 ἀληθείας

2205 2599 2323 2652 ὁδὸν
2355 2599 2684 2671 όδεύσωμεν,
2733 2604 2826 2655 καὶ
2867 2601 3234 2674 θεωρήσωμεν
3272 2604 3360 2657 τὸν
3403 2604 3650 2673 ἡγεμόνα
3695 2602 3786 2656 καὶ

2204 2690 2530 2762 δημιουργὸν
2563 2693 2656 2746 τοῦ
2692 2695 2892 2757 παντὸς
2933 2694 3043 2765 (81)
3073 2696 3163 2748 τὸν
3203 2695 3296 2748 τοῦ
3343 2696 3558 2767 Πατρὸς
3591 2696 3779 2764 Λόγον,

2207 2782 2294 2836 ἵνα
2324 2782 2391 2835 δι’
2425 2783 2587 2836 αύτοῦ
2628 2784 2722 2837 καὶ
2757 2785 2848 2837 τὸν
2881 2785 3070 2839 τούτου
3099 2785 3316 2857 Πατέρα
3344 2786 3477 2839 Θεὸν
3518 2792 3783 2858 κατανοή-

2207 2891 2410 2944 σωμεν,
2439 2874 2535 2929 καὶ
2562 2875 2760 2944 γνῶσιν
2796 2876 3054 2948 Ἓλληνες
3092 2878 3214 2932 ὅσον
3238 2879 3338 2948 τῆς
3368 2878 3632 2950 ἀληθείας
3655 2880 3779 2933 ἑαυ-

2203 2966 2329 3029 τοὺς
2353 2967 2756 3036 ἀπεσχοίνισαν.

2275 3055 2362 3110 50.
2403 3056 2484 3109 Τὰ
2505 3057 2602 3126 μὲν
2624 3056 2733 3127 (8‘2)
2762 3058 3134 3129 προειρημένα
3155 3057 3303 3111 οὐδὲν
3329 3058 3415 3111 έτε
3425 3075 3519 3130 ρον
3547 3039 3784 3128 ἥπλάνη

2205 3146 2281 3217 τῷ
2311 3147 2416 3220 βίῳ
2447 3148 2760 3219 διηλέγχθη·
2793 3151 2827 3220 ἠ
2857 3149 2914 3201 δὲ
2947 3149 3046 3217 τῆς
3088 3149 3342 3218 ἀληθείας
3377 3150 3495 3212 ὁδὸς
3531 3150 3668 3221 πρὸς
3695 3151 3783 3200 τὸν
3893 3219 3896 3222 ι

2203 3237 2371 3302 ὅντως
2399 3239 2526 3292 ὄντα
2550 3240 2683 3292 Θεὸν
2710 3240 2821 3305 ἕξει
2852 3239 2941 3292 τὸν
2965 3241 3184 3294 σκοπόν.
3215 3240 3358 3311 Πρὸς
3378 3239 3435 3292 δὲ
3459 3238 3560 3308 τὴν
3583 3238 3784 3307 ταύτης

2199 3330 2398 3397 γνῶσιν
2431 3330 2524 3383 xui.
2554 3329 2753 3400 ἀκριῆἧ
2784 3330 2893 3400 (85)
2937 3329 3242 3401 κατάληψιν
3277 3329 3376 3381 οὐκ
3414 3328 3591 3382 ἄλλων
3637 3327 3784 3379 ἐστὶν

2199 3423 2329 3494 ἡμῖν
2357 3421 2530 3492 χρεία,
2554 3422 2668 3474 ἀλλ’
2688 3423 2845 3493 ἡμῶν
2871 3422 3067 3476 αὐτῶν·
3093 3422 3221 3488 οὐδ’,
3242 3419 3432 3491 ὥσπερ
3447 3420 3598 3472 ἐστὶν
3625 3419 3782 3482 αὐτὸς

2197 3514 2225 3565 ὁ
2250 3514 2380 3576 Θεὸς
2412 3513 2667 3585 ὑπεράνω
2688 3513 2924 3576 πάντων,
2949 3513 3092 3566 οὕτω
3112 3514 3204 3566 καὶ
3223 3515 3257 3584 ἡ
3293 3512 3431 3584 πρὸς
3455 3509 3646 3563 τοῦτον
3668 3509 3782 3571 ὁδὸς

2198 3605 2482 3676 πόρρωθεν
2503 3606 2535 3674 ἢ
2562 3604 2758 3671 ἔξωθεν
2777 3604 2936 3676 ἡμῶν
2966 3607 3132 3659 ἐστιν’
3158 3603 3273 3657 ἀλλ’
3293 3606 3350 3656 ἐν
3366 3603 3506 3672 ἡμῖν
3523 3603 3662 3662 ἐστι,
3689 3599 3781 3651 καὶ

2197 3698 2287 3764 ἀφ’
2305 3696 2459 3767 ἡμῶν
2473 3697 2650 3766 εὑρεῖν
2669 3695 2764 3766 τὴν
2785 3696 2955 3766 ἀρχὴν
2973 3697 3212 3753 δυνατὸν,
3232 3693 3416 3756 καθὼς
3429 3695 3526 3746 καὶ
3543 3691 3782 3761 Μωῠσῆς

2197 3786 2442 3839 ἐδίδασκε
2467 3786 2660 3852 λέγων·
2721 3787 2790 3840 Τὸ
2830 3787 2997 3856 ῥῆμα
3051 3786 3159 3851 τῆς
3187 3787 3448 3850 πίστεως
3475 3783 3654 3849 ἐντὸς
3677 3780 3779 3848 τῆς

2196 3876 2443 3944 καρδίας
2457 3878 2572 3931 σοῦ
2591 3879 2781 3931 ἐστιν.
2805 3879 2980 3949 Ὅπερ
3002 3879 3096 3930 καὶ
3117 3879 3144 3930 ὁ
3166 3876 3353 3947 Σωτὴρ
3378 3875 3664 3945 σημαίνων
3689 3873 3780 3925 καὶ

2197 3967 2429 4038 βεϐαιῶν
2458 3967 2640 4036 ἔλεγεν
2663 3985 2675 3997 ·
2717 3968 3086 4032 Ἡβιισιλεία
3112 3967 3216 4021 τοῦ
3247 3965 3395 4020 Θεοῦ
3420 3965 3599 4030 ἐντὸς
3618 3962 3782 4032 ὑμῶν

2193 4059 2383 4111 ἐστιν.
2416 4059 2600 4112 Ἐνδον
2632 4059 2741 4131 γὰρ
2772 4062 2829 4112 ὲν
2857 4061 3065 4122 ἑαυτοῖς
3098 4059 3310 4127 ἔχοντες
3340 4055 3440 4127 τὴν
3472 4055 3658 4109 πίστιν
3685 4053 3780 4128 καὶ

2194 4149 2290 4220 τὴν
2324 4149 2600 4219 βασιλείαν
2630 4149 2723 4203 τοῦ
2757 4149 2915 4212 Θεοῦ,
2951 4149 3226 4220 δυνάμεθα
3257 4149 3469 4217 ταχέως
3501 4147 3780 4217 θεωρῆσαι

2195 4239 2288 4291 καὶ
2318 4238 2504 4308 νοῆσαι
2538 4239 2628 4290 τὸν
2660 4239 2752 4291 τοῦ
2783 4237 2983 4300 παντὸς
3019 4236 3262 4307 βασιλέα,
3295 4235 3386 4289 τοῦ
3429 4235 3647 4306 Πατρὸς
3673 4251 3777 4286 σω-

2193 4332 2380 4401 τήριον
2412 4331 2604 4398 Λόγον.
2637 4332 2744 4384 Καὶ
2773 4331 2847 4402 μὴ
2883 4328 3409 4402 προφασιζέσθωσαν
3441 4328 3702 4397 ’Έλληνες
3725 4327 3776 4377 oi

2194 4424 2305 4484 τοῖς
2325 4419 2563 4486 εἰδώλοις
2585 4422 2996 4493 θρησκεύοντες’
3019 4421 3152 4490 μηδὲ
3177 4419 3335 4483 ἄλλος
3350 4436 3433 4483 τις
3456 4418 3644 4481 ἁπλῶς
3665 4416 3776 4487 (33$)

515 4505 654 4560 alius
693 4507 931 4576 seipsum
955 4523 1242 4577 perperam
1271 4509 1530 4578 decipiat,
1561 4508 1716 4577 quasi
1777 4507 2087 4576 hujusmodi

2204 4512 2385 4565 ἑαυτὸν
2415 4514 2696 4576 ἀπατάτω,
2723 4513 2798 4576 ὡς
2819 4513 2917 4583 τὴν
2939 4512 3194 4582 τοιαύτην
3219 4512 3336 4564 ὁδὸν
3357 4511 3460 4563 οὐκ
3488 4509 3650 4579 ἔχων,
3682 4507 3776 4560 καὶ

516 4596 600 4650 via
630 4600 888 4664 caruerit,
925 4615 989 4654 ac
1014 4601 1238 4669 proinde
1263 4600 1466 4668 justam
1523 4600 1820 4669 impietatis
1859 4613 2094 4653 causam

513 4689 786 4746 habuerit.
812 4689 1090 4759 Siquidem
1141 4707 1334 4748 omnes
1379 4694 1432 4747 in
1457 4707 1574 4747 eam
1597 4694 1740 4746 viam
1777 4705 1968 4747 sumus
2001 4690 2088 4743 iii-

483 4843 489 4888 ς
586 4822 632 4854 ¹⁶
669 4823 884 4879 Denter.
917 4840 1048 4888 xxx,
1079 4825 1165 4882 14.
1245 4827 1286 4860 ⁸⁷
1310 4826 1441 4882 Luc.
1476 4843 1612 4893 XVII,
1641 4827 1730 4880 21-
1791 4882 1801 4895 .

588 4915 703 4991 (78)
736 4915 957 4991 Seguer.
996 4919 1226 4991 ροῦμεν.
1279 4919 1515 4974 Fclckm.
1577 4920 1599 4972 1
1659 4937 1750 4972 an.
1787 4919 2074 4991 πρύτανις.

511 4983 621 5059 ‘_S_ed
658 4983 873 5059 Gobler.
909 4996 963 5059 et
996 4987 1178 5059 Felek.
1234 4991 1256 5042 1
1291 5004 1454 5042 anon.
1485 4991 1582 5042 soli
1619 4983 2076 5059 habent-vivum.

513 5053 635 5107 Mox
668 5064 794 5107 ante
828 5056 1051 5119 εἰκότως
1079 5058 1327 5120 Feli'kJS,
1350 5074 1437 5112 an.
1463 5061 1613 5112 addit
1644 5059 1759 5113 καί.

581 5122 694 5197 (79)
725 5123 945 5197 §cguer.
973 5127 1442 5197 μυθολογούμενοι.

583 5195 695 5268 (ἔξω
727 5193 1095 5268 Tolvuvabest
1130 5214 1156 5248 a
1182 5193 1191 5196 ⁷
1213 5193 1378 5268 Basil.
1422 5197 1498 5252 lh.
1546 5197 1824 5268 ἐλέγχεται
1857 5197 2009 5252 abest
2045 5215 2074 5253 a

509 5260 674 5319 uasa.
705 5274 756 5317 et
781 5265 992 5332 Anglic.
1017 5267 1148 5318 Item
1169 5281 1290 5319 mox
1325 5266 1543 5321 Glober.
1565 5280 1612 5322 ei
1648 5260 1867 5322 ἰέὲιιτιω
1907 5286 2070 5322 anon.

509 5333 792 5419 [)‘I‘Sl’?a?é;
827 5333 1029 5419 habent
1052 5335 1198 5419 περί.
1235 5336 1288 5419 l'l‘l
1322 5336 1526 5419 iisdem.
1538 5339 1700 5404 paulo
1736 5350 1854 5419 post
1880 5341 2074 5392 desunt

509 5399 1035 5482 ditalsx‘uiircioXala.
1067 5399 1137 5482 ιζ(
1249 5404 1526 5482 Bas_il._é_1t‘
1541 5399 1760 5482 tantum
1779 5409 1964 5482 .ileest.

580 5471 693 5549 (ill)
723 5473 810 5549 Sic
831 5471 1234 5549 Segiicr._Guhl.
1264 5485 1317 5549 et
1339 5474 1570 5549 Fflck._l
1605 5493 1770 5529 anon.
1803 5477 1907 5529 Alii
1950 5491 2070 5528 cum

506 5541 958 5619 cilitisOniitttint
981 5542 1075 5619 τοξ
1111 5543 1621 5619 παντόςειΕιιιιιιίθιη
1654 5560 1870 5614 quoque
1892 5559 2076 5619 vocem

508 5610 812 5673 exprimunt
843 5610 1002 5662 Amb.
1032 5610 1183 5665 Cain.
1217 5624 1271 5666 vt
1307 5613 1550 5668 Nannius
1576 5635 1588 5669 :
1619 5610 1722 5668 non
1745 5630 1871 5667 vero
1891 5613 2079 5667 Omni-

509 5674 700 5729 bonus.
735 5676 902 5730 Paulo
926 5693 1049 5735 post
1064 5697 1167 5734 vox
1195 5682 1509 5735 Gaévabest
1538 5701 1566 5735 a
1601 5683 1836 5735 Fidi-kin.
1859 5683 2074 5734 Sanun.

573 5690 700 5729 .nns.
735 5685 902 5730 Paulo
926 5693 1049 5744 post
1064 5697 1167 5734 vox
1195 5685 1509 5740 (dedit-abest
1538 5701 1566 5736 a
1601 5685 1836 5737 Fidi-kin.
1859 5685 2074 5734 “Sanun.

573 5742 690 5805 (33d
717 5743 845 5800 Post
876 5749 974 5815 μέν
999 5750 1210 5818 Anglic.
1233 5753 1381 5804 addit
1411 5754 1542 5823 γάρ,
1561 5753 1717 5808 Gobl.
1757 5751 2008 5807 eti‘elrk.
2047 5751 2068 5806 l

2194 4601 2282 4654 διὰ
2319 4606 2476 4654 τοῦτο
2505 4604 2599 4672 τῆς
2638 4603 2926 4672 ἀθεότητος
2955 4601 3148 4655 ἑαυτοῦ
3182 4601 3452 4672 πρόφασιν
3482 4599 3769 4671 εὑρίσκων.

2197 4692 2405 4755 Πάντες
2435 4694 2542 4763 γὰρ
2581 4694 2659 4756 είς
2687 4693 2855 4765 αὐτὴν
2900 4693 3310 4764 ὲπιὸεϐήκαμεν
3341 4692 3439 4744 καὶ
3469 4691 3686 4761 ἔχομεν,
3721 4687 3772 4739 εί

2187 4929 2348 4968 anon.
2372 4907 2486 4966 οὖν.

2259 4984 2371 5052 (85)
2414 4984 2538 5048 Seg.
2581 4979 2738 5035 Gobl.
2785 4978 2901 5034 Fel.
2960 4979 2986 5033 1
3033 4992 3123 5032 an.
3161 4971 3402 5042 ἀπλανῆ.
3436 4972 3774 5041 lnterpretcs

2186 5051 2391 5124 ἀκρισῆ
2412 5052 2685 5124 ls'scr'ml-
2937 5117 2968 5124 -
3372 5111 3388 5124 .
3414 5110 3428 5124 .
3529 5109 3544 5124 .
3569 5110 3583 5122 .

2258 5107 2391 5194 (sti
2410 5107 2508 5194 Hic
2540 5121 2688 5194 locus
2717 5128 2800 5194 est
2831 5117 3155 5194 e_x_l_)euter.
3179 5109 3583 5194 ‘xxxnuuiibi
3623 5107 3767 5194 ‘legi-l

2186 5176 2276 5248 iur‘
2311 5176 2521 5261 Ἐγγύς
2535 5206 2649 5261 σρυ
2665 5188 2796 5261 squ
2811 5187 2877 5240 τὸ
2885 5186 3049 5261 ρῆμᾳ
3065 5176 3316 5252 σφόδρα
3329 5181 3399 5234 έν
3426 5177 3506 5244 τῷ
3521 5176 3776 5261 magesi

2181 5281 2299 5317 σου
2316 5249 2589 5327 κάῖέγίτιιῖ
2606 5259 2815 5325 καρδίᾳ
2835 5249 3176 5327 cev-ididem
3226 5249 3276 5304 te
3304 5262 3380 5327 est
3418 5266 3595 5327 senuit
3623 5249 3775 5299 valde

2181 5336 2234 5385 in
2259 5349 2346 5384 ore
2376 5341 2464 5384 tuo
2489 5341 2535 5383 et
2558 5318 2621 5381 in
2652 5318 2809 5398 ἀπιίέ
2841 5339 2962 5398 ιιιο.Δ
2981 5323 3043 5376 Et
3070 5323 3228 5398 ilum.
3252 5336 3308 5383 Χ,
3341 5318 3637 5398 βξῈτγύς
3653 5329 3775 5398 (ζει)

2181 5383 2422 5469 ῥῆμά
2444 5383 2621 5469 ἐστιν
2647 5397 2717 5449 ἐν
2741 5393 3102 5469 σιῷ-στόματί
3129 5406 3246 5469 σςου
3267 5389 3452 5469 καὶέλν
3467 5383 3543 5454 τῇ
3559 5383 3778 5469 καρδίᾳ

2182 5456 2499 5532 σοῖιξὶοῦιθ
2516 5468 2671 5527 ἔστι,
2693 5464 2758 5517 τὸ
2769 5456 2937 5532 ῥῆμα
2959 5456 3072 5528 τῆς
3099 5464 3365 5522 πίστεως
3460 5456 3770 5532 κηρύσσοο

2178 5527 2320 5608 ,ιιενξ
2354 5539 2520 5604 Prope
2565 5549 2642 5590 est
2693 5527 2902 5608 papa)»
2945 5535 2998 5608 in
3025 5527 3250 5608 fore“in
3295 5540 3341 5580 et
3384 5528 3444 5580 in
3473 5527 3773 5586 cordctuo,

2182 5602 2280 5663 'ltoc
2313 5620 2406 5670 est,
2431 5602 2639 5661 verbum
2669 5605 2793 5672 ﬁdei
2815 5602 3354 5672 quod_prwrlicartius.

2256 5678 2369 5748 (85)
2394 5669 2622 5747 VAnglic.
2656 5669 2853 5727 oiiiittit
2883 5669 3090 5731 ἁπλῶς.
