4010 6512
178 368 226 422 et
1044 400 1045 403 γ
1342 370 1600 428 omne
1635 374 1915 433 CONTRA
1954 377 2255 439 GENTES.
2910 346 2911 349 γ
3370 398 3441 453 eg

175 482 253 535 καὶ
287 481 356 550 μὴ
391 478 603 542 πάντες
646 480 826 552 αὐτὴν
859 479 1082 547 ὁδεύειν,
1118 483 1255 538 ἀλλὰ
1295 488 1617 557 παροδεύειν
1656 493 1719 544 ἐκ

1850 499 2045 565 gressi,
2071 514 2262 556 omnes
2291 514 2413 557 eam
2452 503 2736 571 habemus,
2765 507 2894 564 licet
2930 524 3034 566 non
3069 527 3257 571 omnes
3283 515 3428 572 illam

176 569 417 631 ϐαίνοντες
463 566 702 622 θέλουσι
746 570 834 624 διὰ
882 571 977 635 τὰς
1012 572 1208 637 ἔξωθεν
1250 576 1447 639 αὐτοὺς
1487 578 1751 644 ἑλκούσας

176 660 338 732 ἡδονὰς
364 658 452 712 τοῦ
480 658 635 729 βίου.
672 662 789 715 Καὶ
808 664 859 715 εἴ
880 681 959 727 τις
986 664 1050 717 ἂν
1072 663 1266 735 ἔροιτο,
1285 666 1366 729 τίς
1388 667 1453 720 ἂν
1478 670 1563 739 εἴη
1588 670 1746 743 αὕτη

177 755 292 823 φημὶ
321 753 378 824 δὴ
420 756 525 825 τὴν
565 758 817 811 ἑκάστου
854 760 1030 833 ψυχὴν
1068 756 1230 827 εἶναι,
1272 766 1364 817 καὶ
1398 767 1489 818 τὸν
1523 769 1580 819 ὲν
1610 768 1745 839 αὐτῇ

175 845 271 899 νοῦν
292 846 413 915 (813).
438 849 524 898 Δι’
543 850 727 902 αὑτοῦ
742 852 849 923 γὰρ
868 853 1027 922 μόνου
1041 854 1258 907 δύναται
1284 856 1414 919 Θεὸς
1430 857 1748 929 θεωρεῖσθαι

175 928 246 988 καὶ
272 937 524 991 νοεῖσθαι’
561 942 737 1006 ἐκτὸς
756 946 803 995 εἰ
824 944 917 1015 μὴ,
935 945 1123 1019 ὥσπερ
1144 950 1235 1003 τὸν
1261 950 1393 1002 Θεὸν
1420 952 1745 1021 ἠρνήσαντο,

173 1023 284 1075 οὕτω
311 1025 395 1077 καὶ
422 1025 624 1097 ψυχὴν
661 1030 811 1099 ἔχειν
847 1036 1270 1105 παραιτήσονται
1308 1039 1356 1090 οἱ
1401 1039 1637 1104 ἀσεϐεῖς,
1668 1042 1747 1092 εἰ-

174 1112 313 1175 κότως
343 1114 507 1168 τοῦτο
557 1119 674 1188 πρὸ
710 1120 819 1172 τῶν
843 1121 1015 1175 ἄλλων
1045 1124 1315 1193 λέγοντες.
1349 1129 1423 1180 Οὐ
1458 1130 1565 1200 γὰρ
1594 1118 1745 1200 ἐχόν-

172 1220 256 1257 των
279 1205 378 1257 ἐστι
405 1206 548 1259 νοῦν
580 1209 700 1282 (86)
734 1212 1016 1282 ἀρνεῖσθαι
1052 1217 1143 1269 τὸν
1171 1217 1360 1271 τούτου
1392 1223 1622 1294 ποιητὴν
1649 1226 1743 1278 καὶ

174 1292 461 1365 δημιουργὸν
503 1298 670 1351 Θεόν.
726 1302 846 1355 Ὅτι
894 1304 991 1373 μὲν
1031 1302 1123 1359 οὖν
1162 1308 1408 1373 ἕκαστος,
1438 1292 1741 1383 ἀνθρώπων

172 1379 314 1450 ψυχὴν
336 1383 445 1451 ἔχει
482 1385 585 1437 καὶ
624 1387 836 1459 ταύτην
867 1389 1108 1463 λογικὴν,
1145 1396 1235 1447 καὶ
1266 1397 1421 1449 τοῦτο
1447 1400 1740 1469 ἀναγκαῖόν

172 1469 445 1535 ἐπιδεῖξαι
491 1475 567 1527 δι’
600 1470 816 1546 ’ὀλίγων
840 1482 925 1535 διὰ
953 1484 1079 1547 τοὺς
1119 1487 1429 1557 ἀκεραίους,
1465 1492 1586 1543 ἐπεὶ
1632 1493 1738 1563 μά-

174 1558 296 1615 λιστὰ
329 1582 475 1629 τινες
510 1568 627 1621 ἀπὸ
656 1571 767 1622 τῶν
803 1573 1065 1643 αἱρέσεων
1105 1578 1392 1647 ἀρνοῦνται
1422 1582 1515 1634 καὶ
1555 1584 1733 1649 τοῦτο,

171 1652 361 1721 οἰόμενοι
394 1657 579 1744 μηδεν
618 1659 785 1715 πλέον
816 1663 923 1735 (87)
965 1662 1101 1719 εἶναι
1140 1668 1231 1721 τὸν
1277 1670 1641 1744 ἄνθρωπον.ἢ
1676 1677 1737 1729 τὸ

169 1744 453 1813 φαινόμενον
485 1743 639 1811 εἶδος
660 1750 757 1802 τοῦ
786 1754 1052 1823 σώματος·
1081 1756 1167 1810 ἵνα
1185 1759 1384 1828 ταύτης
1407 1743 1730 1834 δειχθείσης,

1854 590 2008 656 scqui
2030 600 2085 645 et
2130 607 2379 661 pergere,
2422 598 2515 649 sed
2547 597 2809 667 plerique,
2839 603 3085 659 externis
3116 608 3241 661 vitae
3273 609 3428 663 volu—

1858 679 2103 745 ptatilms
2127 682 2510 749 allicientihus,
2548 686 2805 743 deserere
2842 691 3027 746 velim.
3067 694 3125 749 Si
3149 698 3270 765 quis
3300 715 3428 754 vero

1858 764 2300 837 interrogaverit,
2325 787 2573 841 quantam
2611 779 2827 833 tandem
2857 780 2947 835 illa
2977 784 3047 837 sit
3075 764 3205 842 viai:
3233 791 3423 843 unius-

1850 854 2114 925 cujusque
2137 861 2373 916 animam
2404 872 2458 917 et
2479 867 2676 920 anima:
2701 879 2933 925 mentem
2954 888 3072 928 esse
3101 879 3421 944 respondeo.

1850 946 1976 1000 Sola
2002 949 2143 1001 enim
2186 963 2368 1008 mente
2409 955 2574 1011 Deum
2615 962 2973 1030 contemplari
3023 975 3074 1019 et
3123 968 3422 1036 intelligere

1846 1037 2092 1095 valemus
2120 1058 2133 1094 :
2162 1043 2262 1097 nisi
2305 1042 2469 1112 forte,
2498 1051 2954 1117 quemadmodum
2986 1056 3150 1123 Deum
3180 1074 3299 1113 esse
3328 1075 3424 1114 ne-

1847 1139 1971 1197 gant
2001 1130 2263 1199 impii,ita
2297 1136 2533 1191 animam
2572 1154 2790 1209 quoque
2817 1157 2877 1197 se
2930 1144 3131 1200 habere
3176 1147 3422 1202 inlicien-

1848 1228 1935 1271 tur
1966 1236 1980 1273 :
2015 1221 2159 1287 quod
2202 1222 2420 1289 quidem
2453 1227 2804 1283 verisimilius
2854 1245 3015 1299 quam
3053 1245 3247 1289 caetera
3277 1237 3421 1289 dixe-

1851 1308 1977 1361 rint.
2006 1306 2116 1363 Nec
2148 1313 2290 1364 enim
2322 1328 2555 1368 mentem
2598 1317 2916 1374 habentium
2959 1331 3064 1386 est,
3096 1327 3292 1379 mentis
3316 1342 3414 1381 au-

1843 1406 2046 1452 ctorem
2099 1409 2154 1454 et
2189 1402 2435 1471 opiticrm
2476 1406 2641 1460 Deum
2678 1424 2893 1478 negare.
2950 1412 3136 1482 Itaque
3181 1416 3291 1487 24
3321 1432 3415 1471 ru-

1842 1488 1989 1542 dium
2024 1490 2299 1546 hominum
2328 1497 2501 1564 gratia
2538 1501 2725 1566 paucis
2748 1501 3039 1557 ostendere
3082 1520 3306 1560 necesse
3329 1487 3416 1562 esi

1841 1579 2070 1650 singulis
2095 1583 2408 1641 hominibus
2430 1602 2550 1643 esse
2590 1590 2825 1645 animam
2857 1595 3070 1649 ratione
3111 1599 3415 1666 prazditam,

1841 1672 2137 1737 praesertim
2172 1689 2296 1727 cum
2328 1676 2380 1731 id
2410 1689 2607 1745 negent
2633 1681 2873 1735 nonnulli
2896 1684 3157 1750 haeretici,
3194 1690 3284 1757 qui
3319 1690 3417 1743 ho-

1841 1758 2039 1827 minem
2070 1759 2201 1814 nihil
2231 1763 2463 1831 amplius
2490 1781 2611 1821 esse
2642 1769 2980 1824 arbitrantur
3027 1788 3189 1841 quam
3223 1788 3415 1844 corpoo

169 1836 513 1910 φανερώτερον
545 1841 620 1893 δι’
649 1842 860 1896 ἑαυτῶν
886 1845 973 1899 τὸν
1000 1848 1140 1901 κατὰ
1184 1848 1290 1901 τῶν
1326 1851 1560 1906 εἰδώλων
1582 1854 1719 1923 ἔλεγ-

1844 1847 1919 1900 ris
1949 1859 2231 1905 externam
2255 1855 2534 1921 speciem:
2578 1866 2634 1910 ut
2676 1858 2931 1913 nimirum
2966 1876 3026 1915 ea
3074 1878 3135 1917 re
3181 1878 3211 1916 a
3255 1867 3411 1920 nobis

168 1941 240 1991 χον
268 1927 396 1997 ἔχειν
423 1931 660 2001 δυνηθῶ
670 1951 742 1987 σι,

214 2148 287 2200 31.
344 2150 586 2220 Πρῶτον
645 2152 747 2222 μὲν
793 2151 887 2207 οὖν
937 2156 996 2208 οὑ
1052 2157 1244 2226 μικρὸν
1291 2158 1578 2230 γνώρισμα
1631 2162 1725 2216 τοῦ

160 2234 343 2307 λογικὴν
369 2236 517 2292 εἶναι
544 2242 651 2310 τὴν
679 2240 792 2293 τῶν
819 2242 1118 2313 ἀνθρώπων
1150 2245 1345 2317 ψυχὴν,
1372 2249 1438 2301 ὲκ
1466 2248 1558 2301 τοῦ
1588 2250 1726 2321 πρὸς

160 2325 212 2377 τὰ
252 2326 412 2396 ἄλογα
451 2330 808 2384 διαλλάττειν
848 2334 1038 2403 αὐτήν⁸
1072 2335 1159 2389 διὰ
1196 2337 1354 2391 τοῦτο
1392 2339 1500 2411 γὰρ
1544 2342 1725 2394 ἐκεῖνα

162 2410 237 2477 μὲν
256 2414 433 2467 καλεῖν
463 2415 646 2483 ἄλογα
675 2420 711 2488 ἡ
741 2419 903 2486 φύσις
925 2420 1136 2487 εἴωθεν,
1161 2425 1346 2498 ἐπειδὴ
1379 2428 1485 2481 τῶν
1510 2429 1723 2501 ἀνθρώ-

160 2514 250 2551 πων
275 2504 328 2553 τὸ
360 2504 527 2571 γένος
560 2504 687 2557 ἐστὶ
719 2506 957 2574 λογικόν*
990 2508 1182 2565 ἔπειτα
1213 2513 1269 2566 δὲ
1304 2516 1396 2567 καὶ
1422 2516 1532 2586 (88)
1564 2519 1723 2573 τοῦτο

156 2590 263 2658 πρὸς
283 2594 563 2659 ἀπόδειξιν
600 2596 664 2648 οὐ
701 2596 764 2649 τὸ
795 2600 955 2669 τυχὸν
987 2599 1052 2653 ἂν
1085 2601 1192 2672 εἴη,
1227 2605 1290 2657 ὲκ
1315 2606 1408 2658 τοῦ
1445 2608 1602 2677 μόνον
1630 2610 1722 2664 τὸν

157 2681 405 2753 ἄνθρωπον
424 2687 496 2740 τὰ
526 2687 736 2754 ἔξωθεν
768 2690 960 2744 ἑαυτοῦ
991 2694 1321 2762 λογίζεσθαι,
1351 2698 1446 2751 καὶ
1474 2700 1720 2772 ἐνθυμεῖ-

155 2771 251 2825 σθαι
290 2776 355 2829 τὰ
406 2779 485 2849 μὴ
523 2778 803 2849 παρόντα,
851 2782 944 2835 καὶ
982 2785 1142 2838 πάλιν
1184 2787 1586 2855 ἐπιλογίζεσθαι
1610 2771 1720 2847 ὁκαὶ

154 2862 297 2931 κρίσει
336 2867 396 2919 τὸ
424 2872 685 2938 κρεῖττον
720 2871 827 2925 τῶν
860 2871 1134 2944 λογισμῶν
1176 2878 1467 2947 αἱρεῖσθαι⁸
1502 2880 1571 2933 τὰ
1619 2882 1718 2951 μὲν

151 2952 237 3023 γὰρ
261 2955 441 3024 ἄλογα,
476 2958 621 3028 μόνα
654 2958 727 3011 τὲ
769 2961 1014 3031 παρόντα
1044 2963 1251 3032 βλέπει,
1284 2967 1376 3020 καὶ
1416 2969 1552 3040 πρὸς
1580 2971 1717 3040 μόνα

152 3037 205 3089 τὰ
232 3042 281 3092 ὲν
310 3045 616 3115 ὀφθαλμοῖς
659 3050 831 3118 ὁρμᾷ,
867 3048 968 3102 κᾶν
1006 3053 1143 3121 μετὰ
1172 3054 1344 3106 ταῦτα
1513 3037 1716 3130 βλαόην

149 3125 247 3201 ἕλῃ.
262 3130 312 3185 ’0
331 3133 385 3186 δὲ
407 3136 707 3206 ἄνθρωπος
724 3138 790 3188 οὐ
820 3139 954 3208 πρὸς
976 3140 1043 3191 τὰ
1069 3140 1375 3211 βλεπόμενα
1395 3125 1561 3216 «sane,
1582 3125 1716 3200 ἀλλά

1836 1936 2243 2006 demonstrata,
2285 1943 2383 2012 ipsi
2414 1945 2719 2002 evidentius
2768 1949 3031 2007 adversus
3084 1952 3225 2008 idola
3251 1969 3413 2026 argu-

1836 2037 2076 2084 mentum
2105 2045 2201 2100 per
2233 2032 2444 2103 seipsos
2476 2034 2677 2091 habere
2722 2039 2953 2106 possint.

1904 2162 1993 2219 3i.
2028 2163 2266 2218 Primum
2291 2180 2420 2235 ergo
2467 2181 2568 2224 nec
2609 2183 2831 2238 parvum
2883 2172 3138 2227 indicium
3162 2182 3269 2236 est.
3303 2175 3404 2231 ho-

1834 2250 2039 2303 minum
2068 2252 2301 2306 animam
2338 2255 2546 2310 ratione
2590 2258 2870 2326 prmditam
2903 2273 3044 2324 esse,
3067 2262 3211 2329 quod
3232 2276 3261 2315 a
3292 2262 3409 2318 bel-

1784 2358 1791 2361 ν
1831 2339 1954 2407 luis,
1982 2356 2102 2410 qua;
2128 2345 2351 2399 rationis
2384 2357 2506 2400 sunt
2530 2357 2802 2417 espertes,
2836 2349 3067 2405 dill'erat.
3112 2352 3396 2419 Siquidem

1834 2433 2032 2488 idcirco
2071 2433 2281 2489 belluas
2316 2435 2573 2490 animalia
2624 2438 2964 2492 irrationalia
2999 2440 3271 2508 appellare
3307 2456 3402 2493 na-

1832 2534 1949 2578 tura
1991 2526 2294 2590 consuevit,
2324 2526 2449 2595 quia
2504 2527 2782 2582 hominum
2812 2544 2978 2597 genus
3010 2528 3269 2584 rationale
3293 2539 3396 2583 est.

1830 2614 2053 2679 Deinde,
2088 2631 2186 2670 nec
2222 2616 2351 2669 illud
2403 2614 2570 2670 etiam
2600 2619 2667 2670 ad
2700 2617 2751 2672 id
2794 2619 3128 2685 probandum
3159 2618 3262 2673 levi
3316 2626 3401 2672 est

1827 2718 2123 2769 momento,
2152 2707 2293 2775 quod
2343 2708 2495 2762 solus
2533 2709 2694 2761 homo
2728 2722 2816 2762 res
2850 2710 3103 2764 absentes
3145 2719 3200 2763 et
3244 2719 3399 2764 extra

1826 2809 1884 2847 se
1914 2795 2117 2862 positas
2141 2796 2321 2849 animo
2353 2804 2408 2850 et
2442 2797 2769 2865 cogitatione
2785 2801 3232 2867 comprehendat,
3254 2803 3397 2870 quod

1824 2884 2012 2937 eadem
2070 2899 2253 2939 secum
2299 2888 2494 2953 s:cpius
2525 2887 2801 2941 examinet
2839 2902 2904 2941 ac
2951 2891 3267 2957 perpendat,
3319 2892 3399 2944 id-

1824 2990 1930 3039 que
1953 2975 2095 3043 quod
2132 2975 2274 3030 inter
2302 2991 2390 3039 ea,
2416 2990 2535 3043 qua:
2563 2977 2786 3044 cogitat,
2818 2978 2924 3031 sibi
2967 2979 3162 3033 melius
3216 2982 3392 3033 visum

1823 3063 2009 3128 fuerit,
2034 3065 2235 3129 judicio
2283 3065 2465 3133 eligat.
2521 3062 2655 3118 Nam
2706 3066 2897 3120 bellua:
2946 3069 3061 3122 sola
3109 3070 3393 3137 praesentia

1824 3164 2072 3219 cernunt,
2097 3165 2153 3209 et
2180 3157 2247 3207 ad
2270 3170 2332 3208 ea
2366 3163 2596 3219 tantum,
2628 3169 2748 3224 quae
2770 3168 2894 3210 ante
2924 3157 3110 3212 oculos
3135 3167 3262 3212 sunt
3292 3173 3390 3226 po-

150 3220 211 3287 τῷ
229 3221 460 3295 λογισμῷ
493 3226 563 3279 τὰ
595 3226 690 3279 διὰ
715 3227 827 3279 τῶν
857 3229 1152 3301 ὀφθαλμῶν
1178 3232 1288 3302 (89)
1322 3235 1576 3305 ὁρώμενα
1601 3240 1719 3309 κρί-

1822 3246 1945 3304 sita.
2022 3246 2222 3312 impetu
2260 3246 2532 3312 feruntur,
2551 3245 2765 3299 etiamsi
2801 3256 2986 3313 postea
3014 3238 3383 3300 damnuniali.

152 3326 235 3365 νει·
264 3316 517 3381 πολλάκις
550 3317 688 3386 γοῦν
717 3321 969 3389 ὁρμήσας
1012 3326 1345 3395 κεκράτηται
1379 3328 1491 3398 (90)
1522 3330 1599 3400 τῷ
1626 3330 1717 3384 λο-

149 3408 332 3476 γισμῴ·
386 3412 482 3463 καὶ
534 3410 925 3480 λογισάμενος,
982 3414 1143 3467 πάλιν
1192 3418 1569 3487 ὲπελογίσατο.
1624 3424 1717 3475 καὶ

1819 3336 1961 3404 quod
1994 3345 2273 3403 sequatur.
2309 3335 2379 3387 At
2412 3336 2572 3389 homo
2608 3350 2714 3393 non
2746 3336 2817 3389 ita
2850 3337 2916 3391 ad
2946 3352 3008 3391 ea
3067 3353 3193 3406 quae
3221 3339 3388 3404 videt,

1817 3441 1940 3478 cum
1999 3428 2203 3494 impetu
2240 3428 2487 3495 rapitur:
2549 3428 2643 3482 sed
2695 3428 2906 3482 ratione
2954 3437 3008 3483 et
3060 3430 3391 3498 cegitatione

151 3496 429 3553 αἰσθάνεται
473 3500 737 3564 ἕκαστος,
766 3503 815 3553 εἰ
861 3502 961 3571 τῆς
994 3504 1249 3574 ἀληθείας
1282 3510 1492 3575 γένοιτο
1540 3514 1712 3581 φίλος,

148 3583 217 3635 ὅτι
261 3588 403 3653 ἄλλος
452 3590 614 3660 παρὰ
666 3590 769 3653 τὰς
815 3593 1134 3661 σωματικὰς
1170 3597 1454 3669 αἰσθήσεις
1494 3602 1641 3655 ἐστὶν
1687 3607 1715 3658 ὁ

149 3675 237 3731 τῶν
271 3681 566 3752 ἀνθρώπων
602 3682 755 3745 νοῦς
802 3683 889 3737 διὰ
936 3684 1093 3739 τοῦτο
1135 3687 1264 3756 γοῦν
1305 3691 1380 3754 ὡς
1424 3694 1582 3757 ἄλλος
1614 3694 1711 3759 ὢν,

146 3768 300 3822 αὐτῶν
326 3773 429 3825 τῶν
478 3774 797 3843 αἰσθήσεων
828 3774 1035 3841 γίνεται
1066 3779 1287 3848 κριτής·
1335 3782 1426 3834 καὶ
1459 3776 1534 3835 ὧν
1573 3786 1714 3838 ἐκεῖ·

150 3874 224 3911 ναι
255 3863 347 3932 (91)
371 3864 900 3934 ἁντιλαμὸἀνονται,
931 3866 1100 3920 ταῦτα
1131 3862 1284 3932 οὗτος
1303 3869 1588 3942 διακρίνει,
1618 3876 1711 3927 καὶ

146 3950 540 4024 ἀναμιμνήσκει,
610 3956 706 4007 καὶ¹
761 3955 1034 4011 δείκνυσιν
1082 3959 1272 4022 αὐταῖς
1325 3960 1387 4012 τὸ
1439 3965 1705 4032 κρεῖττον.

158 4036 430 4112 Ὀφθαλμοῦ
455 4045 555 4113 μὲν
592 4044 706 4114 γάρ
734 4045 851 4097 ἐστι
875 4045 1034 4114 μόνον
1062 4046 1123 4098 τὸ
1155 4047 1309 4117 ὁρᾷν,
1345 4049 1438 4101 καὶ
1463 4048 1617 4103 ὢτων
1646 4051 1706 4102 τὸ

144 4126 351 4193 ἀκούειν,
398 4135 495 4186 καὶ
539 4136 815 4203 στόματος
854 4136 914 4187 τὸ
953 4135 1064 4204 (92)
1106 4136 1382 4204 γεύεσθαι,
1419 4140 1511 4192 καὶ
1561 4141 1707 4210 ῥινὸς

148 4216 296 4285 ὀδμῶν
334 4224 860 4294 ἀντιλαμϐάνεσθαι,
910 4226 1002 4277 καὶ
1050 4226 1249 4295 χειρῶν
1282 4228 1343 4279 τὸ
1390 4229 1661 4281 ἅπτεσθαι
1687 4245 1699 4258 ο

272 4313 303 4365 ἃ
328 4315 405 4367 δεῖ
441 4317 579 4387 ὁρᾴν
618 4318 715 4369 καὶ
744 4315 984 4380 ἀκούειν,
1024 4318 1115 4369 καὶ
1162 4311 1237 4369 ὧν
1289 4319 1558 4372 ἅπτεσθαι
1604 4321 1700 4385 δεῖ,

148 4397 233 4449 καὶ
264 4402 531 4468 γεύεσθαι,
572 4405 672 4457 καὶ
706 4404 994 4473 ὁδμᾶσθαι,
1028 4406 1209 4459 οὐκέτι
1242 4407 1347 4460 τῶν
1398 4408 1703 4478 αἰσθήσεών

149 4485 431 4553 summa
463 4496 647 4565 ψυχῆς
685 4496 780 4547 καὶ
820 4496 931 4566 (9.3)
956 4496 1046 4548 τοῦ
1070 4496 1268 4567 ταύτης
1293 4498 1383 4551 νοῦ
1405 4500 1696 4568 διακρῖναι.

162 4577 342 4649 Ἀμέλει
362 4585 453 4637 καὶ
474 4586 666 4652 ξίφους
699 4585 954 4638 λαϐέσθαι
981 4586 1203 4639 δύναται
1234 4589 1266 4656 ἡ
1310 4589 1452 4660 χεὶρ,
1484 4591 1577 4641 καὶ
1603 4590 1696 4660 δη-

151 4667 368 4744 λητηρίου
399 4678 706 4745 γεύσασθαι
751 4680 809 4731 τὸ
865 4674 1074 4750 στόμαλ
1122 4679 1236 4733 ἀλλ’
1278 4682 1378 4734 οὐκ
1424 4678 1585 4743 οἶδεν,
1613 4684 1692 4735 ὅτι

155 4758 343 4826 βλάπτει
368 4769 559 4832 ταῦτα,
596 4772 646 4821 εἰ
684 4760 758 4839 μὴ
788 4773 815 4823 ὁ
846 4771 970 4834 νοῦς
1015 4771 1281 4843 διακρίνῃ.
1320 4773 1428 4827 Καὶ
1458 4772 1601 4826 ἔοικὲ
1627 4791 1690 4841 γε

156 4850 205 4902 τὺ
223 4857 453 4924 τοιοῦτον,
501 4862 589 4915 ἵνα
618 4862 713 4913 ἐπὶ
740 4861 945 4925 εἰκόνος
969 4863 1098 4915 αὐτὸ
1127 4863 1514 4934 θεωρήσωμεν,
1550 4863 1689 4935 λύρᾳ

1816 3530 1902 3580 ea,
1943 3532 2062 3584 qna-
2094 3517 2265 3571 oculis
2295 3519 2495 3583 cernit,
2524 3518 2804 3588 diiudicat.
2839 3518 3030 3588 Itaque
3073 3536 3213 3589 smpe
3247 3522 3384 3575 inci-

1814 3612 1976 3665 tatus,
2008 3606 2216 3660 ratione
2232 3608 2497 3662 retinetur
2526 3624 2540 3661 :
2568 3618 2621 3662 et
2650 3623 2712 3662 ea
2740 3626 2858 3678 qua:
2885 3611 3163 3677 cogitavit,
3188 3612 3386 3665 iterum

1816 3697 2098 3763 recogitat.
2131 3697 2371 3767 Denique
2393 3699 2641 3767 quisquis
2691 3701 2939 3755 veritatis
2986 3710 3203 3755 amator
3260 3712 3384 3765 est,

1813 3788 2090 3842 hominum
2150 3800 2384 3844 mentem
2422 3791 2583 3845 aliam
2630 3793 2852 3846 omnino
2882 3808 3025 3849 .csse
3061 3809 3089 3846 a
3138 3795 3385 3863 corporis

1810 3880 2061 3933 sensibus
2085 3894 2146 3933 se
2180 3880 2231 3934 in
2278 3884 2458 3952 seipse
2503 3884 2709 3937 sentire
2765 3883 3039 3939 fatebitur.
3070 3883 3203 3948 Quia
3255 3898 3387 3953 ergo

1809 3986 1963 4024 meus
1996 3972 2098 4024 alia
2131 3982 2213 4026 est
2244 3988 2271 4025 a
2313 3976 2583 4038 sensibus,
2608 3989 2866 4030 sensuum
2920 3977 3033 4046 ipsa
3063 3976 3228 4044 judex
3278 3988 3383 4037 est.

1808 4072 1862 4115 et
1888 4078 2007 4132 qua:
2041 4062 2115 4117 illi
2138 4066 2617 4131 apprehenderint,
2648 4066 2766 4135 ipsa
2798 4066 3058 4121 discernit
3080 4077 3135 4120 et
3167 4069 3385 4121 remini~

1807 4153 2000 4216 scitur,
2027 4154 2271 4224 quidque
2316 4156 2513 4211 melius
2560 4157 2744 4223 fuerit,
2805 4158 2913 4210 illis
2968 4165 3382 4211 commonstrat.

1806 4241 2050 4311 Namque
2077 4244 2357 4298 oculorum
2387 4253 2469 4299 est
2504 4254 2708 4300 tantum
2750 4246 2934 4299 videre
2962 4264 2976 4299 :
3016 4247 3252 4310 aurium,
3283 4263 3381 4300 au-

1806 4329 1923 4384 dire
1964 4332 2137 4393 :oris,
2168 4340 2428 4398 gustare:
2492 4333 2727 4396 narium,
2769 4332 3048 4385 olfacere:
3096 4348 3381 4395 manuum,

1807 4429 2061 4487 tangere;
2100 4423 2192 4476 sed
2228 4438 2348 4490 qua:
2377 4423 2585 4485 videre,
2623 4422 2831 4487 audire,
2881 4431 3125 4490 tangere,
3159 4432 3383 4492 gustare

1803 4520 1859 4563 ct
1887 4510 2123 4565 olfacere
2154 4513 2465 4576 conveniat,
2488 4527 2591 4567 non
2619 4514 2995 4568 sensuum-sed
3018 4514 3212 4565 anima:
3237 4509 3382 4577 ejus-

1802 4613 1905 4666 que
1939 4598 2135 4650 mentis
2167 4607 2248 4651 est
2273 4596 2591 4665 diiudicare.
2630 4598 2821 4653 Manus
2860 4597 3080 4665 quidem
3137 4596 3381 4664 gladium

1801 4687 2068 4755 accipere,
2100 4695 2155 4741 et
2177 4702 2240 4739 os
2275 4702 2539 4741 venenum
2595 4698 2816 4756 gustare
2849 4694 3029 4754 potest
3061 4703 3076 4739 :
3130 4686 3223 4739 sed
3268 4686 3383 4739 haec

1798 4792 1992 4832 nocere
2031 4778 2228 4841 nescit,
2261 4777 2361 4831 nisi
2410 4792 2562 4832 mens
2591 4779 2885 4832 discernat.
2924 4778 2993 4833 Ut
3027 4788 3208 4832 autem
3260 4793 3373 4831 rem

1796 4866 1975 4935 aliqua
1999 4868 2411 4936 comparatione
2439 4878 2493 4923 et
2530 4868 2767 4939 imagine
2809 4867 3167 4932 illustrcmus,
3198 4868 3247 4922 id
3283 4884 3381 4922 no-

1805 5082 1989 5163 gitur:
2043 5082 2249 5163 maliis
2275 5090 2327 5163 et
2356 5081 2518 5163 editis
2547 5084 2697 5163 deest
2722 5099 2737 5150 ;
2774 5081 3060 5163 ibid._‘ant_e
3090 5082 3375 5163 συιὸμιιιιτοςἶ

1805 5153 1898 5205 καί
1928 5154 2081 5207 deest
2109 5155 2161 5206 in
2190 5153 2348 5207 Gobl.
2372 5153 2613 5207 Felckm.
2655 5154 2676 5205 l
2707 5168 2868 5220 anon_.
2899 5151 3069 5206 Paulo
3112 5151 3228 5220 poSt
3265 5153 3377 5205 ἀλλ’

1803 5222 1839 5274 ἃ
1867 5224 2613 5300 lm_bent_omnes_tnss._l§tliti
2666 5237 2792 5275 vero
2822 5214 2900 5300 ὧν
2930 5237 3028 5300 pro
3049 5214 3329 5300 habent
3361 5237 3375 5272 :

1800 5291 1942 5357 quod
1963 5292 2200 5345 additum
2226 5292 2392 5346 fuisse
2414 5292 2644 5355 videtur,
2670 5306 2735 5344 eo
2760 5294 2901 5358 quod
2931 5295 2983 5344 in
3013 5291 3217 5358 aliquot
3244 5303 3374 5358 mss.

1800 5356 1866 5413 ex
1890 5359 2005 5437 ἀλλς
2039 5360 2075 5413 ἆ
2131 5360 2334 5437 [οοῃιηι
2358 5362 2455 5437 Δεῑι
2490 5361 2651 5425 ἀλλὰ,
2689 5356 2943 5437 ιιι-ςΐοτιε
2973 5362 3024 5412 iu
3072 5356 3377 5437 [ποιώφῷ

1800 5444 1964 5491 anon,
1992 5430 2043 5483 in
2074 5445 2183 5499 quo
2217 5423 2296 5484 ὧν
2337 5433 2523 5486 deesse
2554 5423 2709 5484 notat
2754 5428 3176 5499 Felckmannugt,
3213 5434 3277 5499 _ct
3321 5425 3376 5477 in

1796 5500 2021 5568 reliquis
2057 5493 2190 5568 mss.
2224 5502 2327 5567 leg.
2368 5501 2423 5553 ἆ.
2457 5500 2686 5568 Seguer.
2716 5514 2845 5568 vero
2874 5498 3037 5568 habet
3060 5493 3265 5568 eius.

2023 5560 2319 5645 _Parlicula
2382 5570 2476 5622 καί
2502 5560 2710 5645 (quae;
2754 5567 2823 5645 ing
2870 5566 3097 5645 ξοραες.
3127 5560 3375 5645 ,ςίοιριεῃ

1797 5629 1979 5692 Feb-k2
2016 5640 2037 5691 t
2074 5654 2231 5694 anon.
2271 5654 2376 5693 non
2404 5629 2603 5712 881,ξηὶςὶ
2623 5637 2744 5712 aliis
2774 5642 2831 5686 ut
2860 5642 2917 5712 (ξι.
2946 5629 3104 5686 ἒιιίιὶε
3127 5631 3215 5685 hic
3248 5629 3378 5712 {egi-

1800 5718 1907 5776 tur.
1939 5707 2048 5776 Τῆς
2081 5710 2249 5776 etiam
2275 5708 2424 5761 addit
2451 5706 2619 5776 editio
2650 5702 2915 5776 Conrmel.
2944 5717 3065 5776 quae
3096 5716 3198 5755 vox
3231 5702 3381 5756 sinti-

1800 5775 1925 5833 liter
1951 5770 2104 5834 déest
2139 5778 2192 5833 in
2217 5775 2438 5848 Seguer.
2475 5773 2695 5829 Gobler.
2726 5770 3031 5826 Felcktn.l
3068 5785 3229 5826 anon.
3398 5796 3401 5797 ν

210 5069 304 5139 (86)
330 5072 421 5150 _$i_c
444 5092 637 5150 onlnes
663 5091 791 5150 mss.
818 5087 1012 5145 prseter
1052 5078 1289 5150 Felckm.
1320 5081 1353 5134 5
1378 5070 1545 5135 anon.
1571 5080 1691 5150 qui,

156 5143 199 5187 nt
216 5149 258 5190 et
286 5145 429 5205 editi,
460 5147 611 5199 ἐστὶν
639 5141 735 5199 οὖν
777 5141 955 5205 habet.
1000 5149 1091 5201 sed
1134 5150 1414 5203 mendose.

134 5205 412 5321 £5123?
432 5212 661 5285 Segucr.
688 5214 906 5271 Gobler.
927 5215 1110 5272 Felck.
1143 5220 1163 5271 l
1193 5235 1281 5273 an.
1305 5220 1408 5273 Alii
1432 5232 1557 5273 cum
1580 5218 1698 5274 edi-

171 5277 207 5325 iS
228 5277 409 5335 πλεῖον.

138 5398 139 5401 η
204 5345 302 5419 (ἓξ)
338 5350 569 5407 Felckm.
598 5354 633 5407 5
665 5368 825 5408 anon.
858 5364 919 5409 ut
951 5364 1004 5409 et
1031 5356 1185 5419 editi,
1214 5356 1307 5409 καί
1337 5356 1559 5411 omittit.

203 5412 304 5494 ($9)
335 5420 422 5475 Sic
447 5421 678 5494 Seguer.
702 5422 922 5480 Gobler.
950 5425 1114 5481 Basil.
1167 5412 1384 5494 Anglic.
1442 5425 1686 5481 Felcltm.

150 5475 245 5560 tet
274 5475 324 5560 2;
356 5475 674 5551 anomuAIii.
700 5475 1694 5560 utetedin:'cdiv—vo'in‘iiiunt:ilia;

147 5544 1173 5648 "‘:'.‘.:.?.5:'3°g':-9=39:5.étiiber???
1197 5634 1211 5648 .
1236 5544 1532 5648 ζ’,
1568 5544 1592 5550 ’

200 5620 308 5694 (9ο)
332 5627 422 5696 §ic
444 5627 673 5696 Seguer.
714 5620 932 5687 Gobler.
966 5620 1149 5688 F'elcli.
1193 5634 1215 5688 l
1253 5648 1416 5690 anon.
1465 5632 1537 5689 Δι
1601 5632 1695 5690 alii

145 5694 436 5770 (Haedina
470 5694 807 5770 κεκράτηκε.

203 5754 308 5828 (9!)
329 5759 416 5816 Sic
453 5754 646 5821 omn'es
684 5754 814 5822 mss.
847 5769 990 5823 Editi
1033 5780 1211 5826 autem
1239 5774 1443 5828 ἐκεῖνα.

203 5822 305 5899 (99)
344 5831 416 5883 Τό
446 5835 498 5889 in
528 5836 759 5908 Seguer.
791 5822 1016 5895 Gobler.
1040 5822 1565 5901 ’reic’it'uili'itimn.
1625 5845 1697 5901 le-

2012 5963 2051 5973 -‘
2074 5971 2079 5973 _
