4010 6516
580 386 652 441 63
1154 388 1211 443 S.
1254 388 1629 446 ATIIANASII
1666 390 1819 447 OPP.
1858 388 2042 444 PARS
2082 390 2122 445 l.
2166 420 2234 431 -
2266 391 2644 448 HlSTORlCA
2685 394 2770 449 ΕΤ
2807 396 3233 457 DOGMATICA.
3775 407 3843 461 61

578 504 661 559 bis
688 502 863 556 simile
893 501 1105 555 videtur
1155 502 1283 574 lyrae
1319 513 1443 573 apte
1494 504 1791 573 dispositte,
1842 516 1898 558 et
1943 505 2150 557 musico

2272 506 2435 568 ιαλῶς
2480 512 2989 583 κατεσκευασμένῃ,
3040 513 3133 566 καὶ
3180 514 3257 585 τῷ
3304 513 3507 589 ταύτην
3553 519 3845 590 κρατοῦντι

576 594 667 663 qui
688 608 749 646 ea
781 607 904 646 cum
929 602 1047 646 arte
1070 592 1258 645 utitur.
1287 588 1422 645 Nam
1448 600 1505 645 ut
1542 592 1594 643 in
1627 591 1742 660 lyra
1778 591 1929 644 nervi
1956 588 2155 658 singuli

575 680 852 749 proprium
870 694 1059 734 sonum
1086 680 1309 741 habent,
1334 679 1471 731 alius
1490 693 1732 744 gravem,
1751 687 1968 733 acutum
1993 678 2153 742 alius,

576 770 716 824 alius
771 770 1032 835 medium,
1086 770 1225 825 alius
1280 770 1694 833 acutissimum,
1727 769 1866 824 alius
1926 769 2157 837 denique

577 864 771 929 alium,
822 879 1055 933 quorum
1109 863 1351 917 onmimn
1393 873 1690 915 concentus
1729 869 1786 915 et
1834 860 2157 930 compositio

576 957 678 1010 nisi
711 971 740 1008 a
771 957 888 1009 viro
918 955 1074 1022 hujus
1108 956 1240 1007 artis
1269 957 1441 1023 perito
1491 952 1753 1023 distingui
1811 960 1867 1007 et
1921 952 2155 1006 discerni

575 1064 683 1102 non
711 1056 928 1115 potest;
955 1055 1083 1100 tunc
1125 1045 1269 1099 enim
1304 1058 1528 1098 suavem
1562 1044 1903 1099 harmoniam
1936 1052 1989 1097 et
2033 1059 2158 1111 gra-

576 1140 849 1193 tissimum
884 1146 1204 1191 concentmn
1256 1135 1521 1201 eﬂiciunt,
1558 1150 1679 1190 cum
1742 1135 1809 1201 is,
1858 1136 1949 1205 qui
1986 1134 2154 1205 lyram

576 1232 749 1290 tenet,
779 1240 974 1279 nervos
1009 1224 1281 1294 pulsat,et
1301 1224 1543 1294 singulos
1573 1232 1696 1293 apte
1731 1227 1920 1294 tangit.
1952 1225 2152 1279 Eodem

576 1316 761 1380 modo,
798 1316 1047 1370 sensibus
1082 1315 1133 1369 in
1176 1330 1405 1383 corpore
1439 1317 1613 1369 instar
1658 1315 1788 1386 lyrae
1831 1315 2110 1384 dispositis
2138 1354 2156 1381 ,

572 1424 698 1465 cum
731 1410 900 1478 perita
934 1424 1089 1462 mens
1137 1408 1241 1462 illis
1272 1410 1563 1478 przeiverit,
1609 1419 1739 1463 tunc
1796 1410 2059 1463 discernit
2099 1418 2155 1463 et

577 1500 729 1553 novit
759 1501 966 1563 anima,
997 1502 1125 1570 quid
1154 1499 1336 1565 faciat,
1365 1502 1562 1569 quidve
1593 1512 1737 1568 agat.
1764 1500 1818 1553 Id
1845 1512 2024 1553 autem
2060 1500 2158 1553 ho-

579 1593 783 1648 minum
811 1595 1079 1645 duntaxat
1108 1602 1183 1646 est
1217 1594 1519 1661 proprium,
1572 1591 1798 1660 ipsaque
1845 1599 1930 1645 est
1964 1592 2157 1644 anima:

576 1685 815 1740 facultas
848 1685 1232 1747 ratiocinandi,
1268 1675 1372 1753 qua
1407 1684 1605 1738 utendo
1629 1684 1810 1738 differt
1855 1683 1946 1736 illa
1979 1698 2006 1735 a
2041 1682 2156 1736 bel-

578 1776 707 1842 luis,
736 1787 792 1832 et
819 1792 878 1833 se
908 1778 1177 1831 diversam
1215 1790 1335 1831 esse
1367 1776 1434 1830 ab
1455 1774 1732 1829 exteriore
1758 1776 2003 1845 corporis
2036 1790 2155 1843 spe-

575 1871 666 1926 cie
693 1871 975 1925 manifeste
1015 1879 1263 1925 testatur.
1310 1868 1444 1923 llinc
1484 1869 1644 1922 homo
1669 1882 1835 1937 swpe,
1865 1867 2081 1936 jacente
2112 1867 2162 1919 in
2195 1870 2237 1924 Β

582 1971 732 2017 terra
790 1976 1041 2031 corpore,
1096 1960 1339 2017 crelestia
1382 1960 1585 2029 cogitat
1634 1969 1688 2013 et
1735 1959 2160 2028 contemplatur.

579 2054 738 2125 Saepe
770 2057 897 2110 item
940 2055 1073 2109 nihil
1122 2064 1336 2125 agente,
1390 2051 1707 2125 quiescente
1759 2065 1814 2110 et
1857 2054 2163 2107 dormiente

578 2161 832 2216 corpore,
861 2148 1007 2201 intus
1044 2148 1206 2201 homo
1259 2158 1507 2201 movetur
1542 2162 1739 2215 resque
1788 2155 1944 2199 extra
1974 2160 2033 2200 se
2066 2161 2164 2214 po-

581 2243 716 2297 sitas
749 2243 1008 2307 intuetur,
1045 2253 1285 2299 remotas
1314 2245 1565 2315 regiones
1596 2244 1703 2315 25
1772 2246 1906 2312 petit
1942 2253 1995 2297 et
2037 2259 2165 2311 per-

580 2341 756 2400 agrat,
799 2332 989 2387 amicis
1020 2332 1274 2400 notisque
1304 2333 1568 2395 occurrit,
1602 2348 1699 2386 nec
1735 2348 1858 2385 raro
1882 2347 1977 2401 per
2005 2332 2119 2387 haec
2147 2372 2164 2398 ,

581 2422 711 2490 quid
748 2438 845 2492 per
884 2422 1024 2477 diem
1064 2432 1287 2477 acturus
1343 2423 1413 2476 sit
1444 2423 1737 2491 prtenoscit
1785 2434 1840 2478 et
1889 2424 2164 2493 praesagit.

583 2512 722 2579 Quid
752 2528 882 2567 vero
915 2514 1059 2567 aliud
1086 2515 1136 2567 id
1169 2530 1291 2569 esse
1318 2524 1520 2585 potest,
1543 2530 1702 2583 quant
1730 2515 1908 2568 aninta
1942 2516 2166 2569 rationis

584 2605 877 2673 particeps,
920 2620 1026 2673 qua
1068 2606 1231 2661 homo
1262 2619 1325 2658 ea
1356 2620 1476 2675 quae
1526 2620 1693 2675 supra
1724 2620 1784 2661 se
1806 2613 1933 2660 sunt
1964 2605 2166 2674 cogitat

582 2702 639 2748 et
663 2694 956 2766 intelligit?

655 2895 747 2951 32.
780 2895 885 2951 Sed
920 2905 975 2952 et
1006 2896 1135 2950 illud
1188 2909 1404 2965 quoque
1444 2896 1511 2949 ad
1556 2895 1771 2963 penitus
1812 2893 2168 2949 coercendam

585 3000 776 3042 eorum
811 2988 1230 3058 impudentiam,
1257 2987 1349 3057 qui
1383 2989 1614 3041 animam
1669 2988 1882 3043 ratione
1911 2990 2128 3058 privant
2151 3027 2166 3051 ,

582 3078 785 3134 addere
807 3077 960 3146 juvat
990 3098 1003 3132 ε
1033 3079 1132 3146 Qui
1169 3080 1227 3134 lit
1254 3090 1312 3133 ut
1335 3095 1456 3135 cum
1488 3095 1686 3149 corpus
1719 3091 1908 3134 natura
1943 3081 2170 3135 mortale

588 3171 685 3236 sit,
716 3171 889 3235 ,hmno
920 3171 1005 3225 de
1029 3170 1438 3227 immortalitate
1463 3171 1683 3240 cogitet,
1739 3186 1989 3241 sarpeque
2025 3187 2168 3225 mor-
2196 3212 2237 3271 ϐ

585 3271 694 3316 tem
724 3263 944 3318 virtutis
978 3277 1165 3317 amore
1195 3261 1447 3330 eXpetat?
1475 3260 1575 3328 Qui
1609 3260 1668 3314 fit
1698 3271 1776 3324 ut,
1812 3277 1938 3316 cum
1968 3276 2168 3330 corpus

581 3366 681 3421 per
706 3351 925 3421 aliquod
952 3363 1160 3407 tantum
1189 3352 1449 3422 temporis
1470 3353 1705 3421 spatium
1754 3353 1935 3417 duret,
1965 3364 2169 3407 aeterna

584 3442 749 3496 homo
774 3443 1088 3504 meditetur,
1116 3454 1279 3510 atque
1301 3444 1507 3499 idcirco
1530 3445 1815 3513 praesentia
1836 3454 2166 3508 contemnat,

580 3541 642 3587 et
674 3533 740 3586 ad
765 3533 901 3586 bona
931 3534 1020 3587 illa
1054 3534 1233 3587 futura
1259 3535 1443 3588 tendat
1467 3534 1783 3589 desiderio?
1808 3534 1969 3590 Certe
1995 3535 2168 3605 ipsum

587 3638 786 3693 corpus
816 3626 949 3679 nihil
977 3626 1083 3680 tale
1113 3627 1178 3679 de
1200 3626 1405 3694 seipso,
1435 3642 1535 3681 nec
1569 3641 1656 3682 res
1686 3637 1841 3681 extra
1875 3643 1935 3682 se
1959 3628 2169 3696 positas

586 3715 1049 3784 potestcogitare.
1076 3714 1322 3782 Namque
1357 3716 1585 3769 mortale
1616 3724 1719 3782 est,
1776 3729 1879 3770 nec
1925 3717 2027 3770 nisi
2073 3732 2169 3785 per

586 3803 810 3872 aliquod
848 3814 1061 3873 tempus
1094 3805 1273 3859 durat.
1307 3802 1635 3859 Necesseest
1656 3814 1834 3860 autem
1867 3804 1996 3860 illud
2026 3806 2170 3875 quod

584 3892 867 3946 contraria
902 3902 1113 3946 natura:
1143 3894 1388 3963 corporis
1411 3894 1631 3962 cogitet,
1653 3894 1797 3949 aliud
1833 3910 1952 3950 esse
1983 3910 2012 3950 a
2043 3911 2168 3950 cor-

588 3993 743 4049 pore.
781 3979 1052 4046 Quidnam
1079 3996 1240 4050 porro
1266 3982 1394 4036 illud
1435 3983 1616 4048 fuerit,
1649 3984 1753 4040 nisi
1783 3986 1965 4039 anima
2004 3988 2170 4039 ratio-

588 4070 734 4125 nalis
760 4079 815 4125 et
844 4070 1219 4127 immortalis?
1252 4071 1362 4127 Nec
1397 4075 1543 4129 enim
1584 4074 1714 4130 foris
1741 4077 1835 4130 sed
1881 4078 2029 4131 intus
2054 4077 2168 4146 ipsa

586 4163 828 4230 corpori,
871 4170 930 4215 ut
968 4164 1209 4219 musicus
1243 4165 1394 4236 lyrze,
1420 4167 1565 4236 quod
1597 4168 1793 4222 melius
1829 4169 2167 4237 congruerit,

587 4260 768 4307 sonat.
805 4252 1093 4309 Enimvero
1134 4270 1303 4325 quare
1344 4271 1465 4310 cum
1521 4259 1710 4312 oculus
1760 4259 1825 4311 ad
1878 4258 2169 4314 videndum

586 4354 780 4398 natura
811 4354 967 4415 aptus
993 4346 1065 4400 sit
1098 4357 1154 4401 et
1183 4348 1332 4402 auris
1368 4348 1434 4402 ad
1474 4348 1823 4415 audiendum,
1852 4348 1955 4402 alia
1987 4359 2168 4402 tamen

585 4436 884 4505 refugiunt,
926 4437 1030 4492 alia
1071 4439 1333 4509 eligunt?
1370 4439 1502 4507 Quis
1556 4441 1702 4494 enim
1750 4440 1967 4496 oculum
2015 4455 2045 4494 a
2089 4441 2170 4494 vi-

585 4528 760 4583 dendo
788 4530 1030 4585 avertit?
1071 4531 1154 4584 vel
1209 4531 1332 4600 quis
1374 4546 1585 4594 aurem,
1629 4533 1714 4586 cui
1770 4532 2035 4586 naturalis
2087 4542 2170 4586 est

579 4618 837 4673 audiendi
866 4619 1120 4686 facultas,
1188 4621 1255 4675 ab
1309 4622 1583 4676 audiendo
1643 4622 1845 4692 ιιι-εειιῖ
1893 4621 2028 4687 Quis
2069 4637 2167 4691 gn-

580 4718 727 4762 stttm
755 4710 822 4763 ad
850 4712 1171 4779 gustandum
1188 4727 1252 4765 ex
1275 4721 1465 4765 natura
1498 4712 1751 4766 idoneum
1780 4726 1921 4781 saepe
1952 4727 1985 4766 a
2015 4720 2167 4765 natu-

584 4796 685 4849 rali
723 4798 967 4865 appetitu
1004 4797 1289 4853 refrenat?
1313 4798 1446 4866 Quis
1476 4802 1601 4855 item
1630 4817 1848 4855 manum
1882 4815 1949 4855 ex
1976 4810 2166 4855 natura

580 4887 653 4940 ad
703 4888 976 4955 agendum
1033 4898 1211 4960 aptam
1267 4892 1335 4946 ab
1372 4891 1647 4962 aliquibus
1688 4892 1851 4947 rebus
1885 4892 2170 4962 tangendis

803 5062 1026 5136 _Segtter.
1060 5066 1264 5136 ἑκάστη
1286 5066 1384 5135 μὲν
1415 5065 1551 5136 ἔχει.

518 5186 521 5189 .
653 5135 775 5205 (95)
797 5134 887 5206 Sic
917 5136 1146 5206 Seguer.
1185 5134 1353 5190 Ba's'tl.
1406 5134 1628 5206 Gobler.
1671 5137 1914 5191 Fclckm.
1953 5138 1976 5192 1
2036 5144 2089 5189 et
2123 5135 2159 5189 2

584 5204 881 5328 .InOAII.Ar|li
906 5215 963 5261 et
994 5204 1148 5273 editi,
1176 5208 1288 5260 ὅτε.
1319 5206 1453 5260 Ibid.
1480 5205 1578 5275 τὴν
1614 5207 1782 5280 λύραν
1819 5221 1926 5261 non
1962 5208 2162 5277 legitur

584 5290 639 5328 In
730 5290 796 5328 n2
824 5290 889 5328 tc.

582 5290 639 5329 In
676 5290 889 5343 Attgttc.

655 5344 769 5417 (96)
803 5345 896 5417 Sic
924 5347 1053 5417 Seg.
1086 5346 1253 5417 Basil.
1282 5352 1462 5417 autem
1500 5354 1559 5417 et
1580 5344 1825 5402 Felckm.
1879 5347 1914 5400 2
1945 5362 2031 5400 an.
2060 5347 2164 5417 dp-

581 5413 818 5484 μονίως.
840 5416 982 5470 Editi
1005 5413 1068 5470 'et
1088 5416 1177 5468 alii
1207 5429 1338 5469 mss.
1361 5413 1654 5484 ἁρμονίας.

653 5484 768 5555 (θῖ)
798 5483 1027 5555 Seguer.
1063 5485 1261 5555 μόνων.

652 5553 1020 5639 (98).3ιι.ςυιξιι.
1067 5553 1291 5639 (ἔθυιεν.
1328 5553 1619 5639 Ροίείςιηᾼ
1651 5555 1946 5639 automata
1973 5554 2165 5639 gmw}

584 5639 747 5691 μενα.
781 5625 839 5676 ιιι
862 5624 1052 5677 iisdem
1076 5624 1134 5676 ἐν
1165 5624 1377 5693 σώματι
1407 5640 1511 5678 nott
1562 5626 1781 5694 legitur.
1826 5626 2165 5680 Ottinihonus

585 5700 642 5743 et
670 5692 923 5745 Ambros.
953 5693 1257 5746 Camaldul.
1286 5695 1356 5745 ita
1387 5694 1634 5750 leaeruttt
1663 5704 1721 5746 ut
1766 5696 1856 5750 hic
1913 5694 2163 5747 habetur.

585 5705 642 5743 et
670 5705 923 5745 nmmos.
953 5705 1257 5746 uatnaldul.
1286 5705 1356 5745 tta
1387 5705 1634 5763 legerunt
1663 5705 1721 5746 ut
1766 5705 1856 5750 hic
1913 5705 2163 5747 habetur.

587 5757 830 5813 Nannius
855 5762 1046 5831 legisse
1077 5763 1291 5815 videtur
1327 5772 1385 5815 ut
1428 5766 1479 5815 in
1506 5764 1633 5831 Seg.
1660 5762 1817 5818 Gobl.
1854 5762 2091 5818 Felckm.
2134 5764 2159 5817 1

589 5840 775 5894 auom,
813 5844 937 5883 natu
967 5831 1041 5885 ita
1080 5831 1224 5885 hunc
1268 5832 1442 5887 locum
1471 5833 1667 5896 reddit,
1711 5845 1907 5902 prwter
1955 5851 2016 5889 ει
2048 5850 2164 5903 qua:

2265 596 2509 667 μουσικῷ
2544 600 2659 668 μετ’
2698 601 3029 674 ἐπιστήμης.
3051 604 3138 667 Ὧς
3166 606 3275 677 γὰρ
3296 608 3352 659 αί
3379 608 3436 659 ἐν
3466 610 3533 679 τῇ
3568 608 3711 681 λύρα
3740 628 3849 665 νευ-

2265 694 2355 759 pett
2384 688 2613 743 ἐκασται
2645 691 2743 761 μὲν
2772 691 2954 762 ἔχουσι
2983 695 3093 766 (94)
3118 697 3208 749 τὸν
3234 696 3369 751 ἴδιον
3396 697 3660 767 φθόγγον,
3689 704 3724 773 ἡ
3751 704 3847 774 μὲν

2264 780 2455 851 βαρὺν,
2499 784 2532 853 ἡ
2567 782 2624 834 δὲ
2655 782 2812 848 ὀξὺν,
2845 786 2877 855 ἡ
2927 786 2983 839 δέ
3025 788 3207 857 μέσον,
3245 790 3279 859 ή
3322 789 3379 842 δὲ
3425 791 3699 855 ὁξύτονον·
3731 796 3764 865 ἡ
3793 795 3849 850 δὲ

2260 871 2438 925 ἄλλονο
2488 873 2801 945 ἀδιάκριτος
2847 875 2904 929 δέ
2955 879 3101 931 ἐστιν
3144 881 3325 933 αὐτῶν
3377 883 3410 953 ή
3464 884 3707 955 ἁρμονία
3755 887 3849 940 καὶ

2261 963 2627 1032 ἀδιάγνωστος
2652 967 2684 1036 ή
2714 966 2962 1032 σύνθεσις
2994 971 3159 1041 χωρὶς
3184 970 3279 1024 τοῦ
3304 973 3697 1045 ἐπιστήμονος·
3731 977 3849 1031 τότε

2260 1056 2370 1129 γὰρ
2412 1059 2508 1111 καὶ
2540 1061 2573 1130 ἡ
2608 1060 2843 1131 ἁρμονία
2882 1062 3059 1115 αὐτῶν
3088 1063 3363 1118 δείκνυται
3396 1068 3493 1120 καὶ
3522 1070 3555 1139 ή
3599 1067 3850 1135 σύνταξις

2261 1147 2416 1219 ὀρθὴ,
2453 1149 2581 1201 ὅταν
2615 1149 2725 1221 (95)
2751 1152 2779 1203 6
2807 1152 3052 1222 κατέχων
3079 1153 3175 1225 τὴν
3208 1154 3379 1226 λύραν
3402 1156 3582 1229 πλήξῃ
3612 1159 3714 1222 τὰς
3741 1178 3851 1213 νευ-

2263 1238 2385 1311 ράς,
2420 1241 2515 1293 καὶ
2556 1240 2829 1312 ἁρμοδίως
2860 1241 2970 1311 (96)
3006 1243 3240 1314 ἑκάστης
3275 1245 3501 1318 ἅψηται⁸
3526 1247 3731 1302 τοῦτον
3760 1250 3850 1303 τὸν

2260 1330 2459 1402 τρόπον
2488 1332 2585 1385 καὶ
2617 1331 2727 1385 τῶν
2768 1332 3074 1403 αίσθήσεων
3112 1335 3169 1387 ἐν
3211 1335 3289 1405 τῷ
3324 1336 3537 1407 σώματι
3570 1340 3648 1403 ὡς
3682 1340 3849 1412 λύρας

2261 1420 2645 1491 ἡρμοσμένων,
2680 1422 2810 1475 ὅταν
2843 1424 2871 1475 6
2915 1424 3229 1494 ἐπιστήμων
3262 1424 3389 1491 νοῦς
3420 1427 3602 1480 αὐτῶν
3646 1429 3849 1499 ἠγεμο-

2263 1514 2393 1587 νεύῃ
2415 1532 2427 1543 ·
2464 1514 2587 1565 τότε
2622 1513 2717 1567 καὶ
2754 1514 3020 1585 διακρίνει
3055 1516 3087 1585 ἡ
3128 1515 3297 1586 ψυχὴ,
3335 1518 3430 1570 καὶ
3472 1514 3616 1572 οἶδεν
3647 1520 3677 1572 6
3711 1521 3855 1573 ποιεῖ

2264 1608 2357 1661 καὶ
2380 1608 2626 1676 πράττει.
2653 1604 2824 1659 Τοῦτο
2839 1606 2895 1658 δέ
2928 1607 3084 1677 μόνον
3106 1608 3215 1677 (97)
3240 1609 3369 1663 ἴδιον
3390 1610 3487 1664 ἀνθ
3497 1612 3697 1683 ρώπων
3714 1615 3849 1678 ἐστὶ,

2264 1704 2357 1758 καὶ
2390 1702 2545 1756 τοῦτό
2576 1706 2689 1755 ἐστι
2723 1704 2784 1754 τὸ
2812 1702 3026 1771 λογικὸν
3058 1704 3155 1773 τῆς
3184 1704 3363 1774 ψυχῆς
3391 1706 3501 1758 τῶν
3524 1707 3851 1778 ἀνθρώπων,

2263 1790 2307 1860 ᾧ
2340 1793 2596 1864 χρωμένη
2629 1791 2928 1845 διαλλάττει
2973 1784 3083 1846 τῶν
3136 1793 3368 1861 ἀλόγων,
3420 1797 3513 1849 καὶ
3559 1797 3850 1863 δείκνυσιν,

2266 1886 2346 1938 ὃτι
2379 1883 2595 1954 ἀληθῶς
2627 1884 2761 1953 ἀλλη
2802 1884 2950 1955 παρά
2991 1885 3052 1937 τὸ
3098 1886 3420 1955 φαινόμενόν
3451 1888 3563 1959 (98)
3600 1891 3750 1942 ἐστιν
3798 1892 3853 1942 ἐν

2268 1972 2497 2043 σώματι.
2537 1970 2803 2035 Πολλάκις
2850 1972 2980 2039 γοῦν
3027 1973 3278 2043 κειμένου
3328 1974 3421 2028 τοῦ
3466 1975 3721 2046 σώματος
3763 1978 3855 2031 ἐπὶ

2265 2064 2388 2134 γῆς,
2411 2062 2479 2115 τά
2506 2064 2562 2115 ἐν
2590 2063 2837 2133 οὐρανοῖς
2862 2062 3189 2132 φαντάζεται
3226 2066 3320 2119 καὶ
3352 2066 3548 2137 θεωρεῖ
3579 2070 3608 2120 6
3638 2068 3853 2139 ἀνθρω-

2267 2174 2367 2219 πος
2388 2174 2401 2187 ·
2432 2158 2525 2209 καὶ
2554 2155 2813 2219 πολλάκις
2838 2156 2932 2208 τοῦ
2966 2156 3217 2228 σώματος
3246 2157 3585 2229 ἠρεμοῦντος
3612 2161 3711 2214 καὶ
3725 2164 3854 2232 ﬁmi-

2266 2248 2521 2318 χάζοντος
2567 2248 2659 2300 καὶ
2712 2247 3081 2313 καθεύδοντος,
3131 2253 3362 2302 κινεῖται
3400 2249 3549 2303 ἔνδον
3579 2253 3610 2304 6
3644 2251 3854 2323 ἀνθρω-

2270 2357 2386 2403 πος,
2420 2341 2515 2393 καὶ
2544 2339 2612 2393 τὰ
2650 2339 2846 2403 ἔξωθεν
2872 2339 3064 2393 ἑαυτοῦ
3095 2340 3311 2411 θεωρεῖ,
3340 2340 3526 2413 χώρας
3553 2342 3854 2414 ἀποδημῶν

2268 2431 2362 2485 καὶ
2407 2430 2745 2503 περιπατῶν,
2792 2432 2887 2484 καὶ
2932 2432 3187 2486 ἀπαντῶν
3233 2435 3346 2496 τοῖς
3390 2433 3718 2505 γνωρίμοις,
3767 2436 3857 2488 καὶ

2270 2521 2528 2584 πολλάκις
2550 2520 2639 2574 διὰ
2663 2520 2868 2575 τούτων
2896 2521 2995 2584 τὰς
3024 2521 3142 2593 μεθ’
3166 2522 3380 2593 ἡμέραν
3405 2523 3639 2593 πράξεις
3667 2524 3856 2579 ἐαυτοῦ

2272 2612 2670 2684 μαντευόμενος
2702 2614 2795 2666 καὶ
2822 2613 3212 2684 προγινώσκων
3248 2614 3381 2683 (99).
3419 2616 3595 2669 Τοῦτο
3628 2617 3688 2669 δὲ
3718 2617 3772 2669 τί
3794 2617 3857 2671 ἂν

2272 2705 2355 2776 εἴη
2389 2706 2575 2775 ἕτερον
2619 2705 2651 2774 ἢ
2691 2704 2836 2775 ψυχὴ
2878 2704 3093 2775 λογικὴ,
3127 2706 3185 2757 ἐν
3284 2705 3562 2774 λογίζεται
3610 2708 3707 2761 καὶ
3750 2709 3859 2761 νοεῖ

2270 2796 2338 2849 τά
2370 2796 2511 2867 ύπέρ
2540 2796 2729 2849 ἐαυτὸν
2762 2797 2790 2847 6
2818 2794 3133 2867 ἀνθρωποςς

2342 2890 2431 2944 '52.
2463 2891 2573 2943 Καὶ
2605 2888 2764 2942 τοῦτο
2789 2888 2833 2941 δ’
2853 2888 2918 2942 ἂν
2943 2890 3026 2959 εῐη
3058 2888 3194 2960 πρὸς
3221 2888 3497 2956 ἀπόδειξιν
3523 2889 3731 2961 ἀκριϐῆ
3747 2893 3859 2953 τοῖς

2272 2982 2352 3037 ἔτι
2376 2981 2513 3051 πρὸς
2545 2981 2820 3036 ἀναίδειαν
2866 2981 2965 3050 τῆς
2994 2980 3215 3050 ἀλογίας
3245 2982 3649 3053 τετραμμένοις
3668 3000 3682 3014 ο
3713 2982 3855 3046 Πῶς,

2271 3074 2365 3128 τοῦ
2406 3072 2658 3144 σώματος
2707 3072 2905 3145 θνητοῦ
2952 3072 3091 3126 κατά
3146 3072 3305 3142 φύσιν
3355 3073 3530 3136 ὄντος,
3584 3054 3899 3142 λογίζεταικ

2274 3165 2560 3236 ἄνθρωπος
2604 3164 2671 3218 τὰ
2716 3165 2845 3237 περ).
2882 3164 3205 3228 ἀθανασίας,
3240 3164 3337 3218 καὶ
3377 3165 3645 3229 πολλάκις
3683 3164 3858 3234 ἐαυτῷ

2270 3255 2360 3307 τὸν
2404 3254 2631 3308 θάνατον
2664 3252 2805 3323 ὑπὲρ
2837 3253 3042 3323 ἀρετῆς
3069 3251 3423 3324 προκαλεῖται
3460 3252 3575 3323 (1);
3612 3256 3685 3306 ’Ἠ
3720 3252 3854 3316 πῶς,

2271 3345 2608 3419 προσκαίρου
2640 3345 2735 3397 τοῦ
2772 3344 3021 3415 σώματος
3045 3344 3220 3410 ὄντος,
3249 3345 3318 3397 τά
3347 3343 3545 3398 αἰώνια
3590 3346 3856 3413 φαντάζε-

2268 3454 2358 3490 ται
2396 3436 2702 3506 ἄνθρωπος,
2738 3434 2877 3488 ὥστε
2906 3434 3014 3488 τῶν
3049 3434 3147 3505 μέν
3179 3433 3431 3504 ἐμποδὼν
3470 3438 3856 3506 καταφρονεῖν,

2271 3531 2352 3591 εἰς
2377 3530 2560 3580 ἐκεῖνα
2582 3527 2637 3580 δὲ
2662 3527 2754 3580 τὸν
2787 3526 2952 3580 πόθον
2998 3526 3142 3596 ἔχειν
3163 3542 3177 3589 ;
3201 3525 3275 3578 T6
3312 3526 3413 3595 μὲν
3439 3521 3535 3581 οὖν
3570 3527 3729 3597 σῶμα
3759 3528 3858 3580 οὐκ

2269 3618 2337 3673 ἂν
2370 3619 2623 3688 ἐαυτὸβ)
2656 3618 2783 3689 περὶ
2816 3617 3010 3671 ἑαυτοῦ
3041 3616 3265 3669 τοιαῦτα
3301 3615 3609 3687 λογίσηται,
3635 3618 3728 3670 καὶ
3760 3618 3860 3671 οὐκ

2270 3710 2336 3764 ἂν
2359 3710 2427 3763 τά
2461 3710 2659 3777 ἔξωθεν
2678 3709 2871 3764 ἑαυτοῦ
2902 3707 3188 3777 λογίζοιτοο
3213 3707 3406 3778 θνητὸν
3432 3708 3544 3779 γὰρ
3568 3711 3664 3761 καὶ
3688 3709 3857 3779 πρόσ-

2271 3802 2461 3871 καιρόν
2497 3804 2675 3853 ἐστιν·
2706 3801 2918 3869 ἀνάγκη
2956 3799 3014 3853 δὲ
3044 3798 3231 3868 ἕτερον
3269 3793 3409 3851 εἶναι
3448 3797 3512 3850 τδ
3536 3798 3607 3852 τά
3640 3800 3860 3852 ἐναντία

2270 3892 2366 3946 καὶ
2398 3891 2550 3965 παρὰ
2580 3890 2678 3961 τὴν
2731 3889 2891 3959 φύσιν
2935 3889 3030 3944 τοῦ
3076 3887 3327 3959 σώματος
3369 3888 3747 3960 λογιζόμενον.
3796 3887 3860 3940 Τί

2270 3980 2363 4038 οὖν
2391 3984 2455 4037 ἂν
2481 3983 2566 4052 εἴη
2584 3981 2742 4035 τοῦτο
2767 3982 2951 4046 πάλιν,
2974 3982 3006 4054 ἢ
3035 3982 3182 4055 ψυχὴ
3206 3982 3400 4054 λογικὴ
3431 3984 3527 4036 καὶ
3552 3982 3821 4043 ἀθάνατος
3844 3995 3859 4043 ς

2271 4076 2380 4129 Καὶ
2393 4075 2502 4146 γάρ
2522 4075 2621 4128 οὐκ
2634 4073 2855 4140 ἔξωθεν,
2877 4072 2992 4126 ἀλλ’
3016 4073 3226 4127 ἔνδοθεν
3246 4073 3387 4144 αὕτη
3418 4073 3501 4143 τῷ
3519 4072 3733 4143 σώματι
3760 4072 3858 4139 (3),

2271 4168 2346 4231 ὡς
2375 4169 2403 4221 6
2444 4165 2702 4238 μουσικὸς
2732 4168 2797 4237 τῇ
2821 4165 2981 4238 λύρᾳ,
3002 4166 3188 4235 ἐνηχεῑ
3215 4165 3284 4218 τὰ
3316 4164 3624 4235 κρείττονα.
3656 4164 3787 4225 Πῶς
3805 4163 3863 4214 δὲ

2272 4259 2434 4312 πάλιν
2462 4258 2604 4311 κατά
2633 4258 2794 4327 φύσιν
2827 4256 2900 4310 ὢν
2938 4260 2965 4310 6
2995 4257 3273 4328 ὀφθαλμὸς
3305 4259 3388 4321 εἰς
3412 4257 3477 4310 τὸ
3505 4257 3657 4326 όρᾷν,
3691 4255 3792 4308 καὶ
3827 4254 3862 4323 ἡ

2271 4350 2410 4421 ἀκοὴ
2446 4352 2525 4413 είς
2557 4349 2618 4401 τὸ
2663 4351 2903 4411 ἀκούειν,
2943 4348 3009 4401 τὰ
3052 4350 3152 4419 μὲν
3184 4347 3642 4417 ἀποστρέφονται,
3684 4346 3759 4398 τὰ
3808 4344 3864 4396 δὲ

2272 4440 2584 4511 αίροῦνται;
2626 4440 2721 4503 Τίς
2754 4440 2861 4511 γὰρ
2891 4443 2919 4493 6
2960 4441 3051 4493 τὸν
3096 4438 3376 4509 ὀφθαλμὸν
3412 4437 3507 4492 τοῦ
3546 4440 3680 4510 όρᾷν
3722 4440 3863 4490 ἀπο-

2276 4532 2551 4603 στρέφων;
2580 4531 2613 4601 ἢ
2648 4530 2731 4594 τίς
2756 4531 2852 4601 τὴν
2878 4531 3047 4601 ἀκοὴν
3072 4530 3213 4584 κατά
3240 4530 3400 4599 φύσιν
3419 4526 3587 4584 οὖσαν
3610 4531 3869 4582 ἀκουστι-

2275 4619 2375 4690 κὴν
2404 4619 2679 4673 ἀποκλείει
2711 4620 2803 4671 τοῦ
2834 4619 3086 4684 ἀκούειν;
3121 4621 3190 4672 Ἢ
3223 4620 3309 4682 τίς
3346 4619 3445 4691 τὴν
3475 4618 3686 4687 γεῦσιν,
3724 4615 3869 4670 κατὰ

2276 4710 2436 4780 φύσιν
2457 4706 2622 4763 οὖσαν
2653 4711 2965 4780 γευστικὴν,
2983 4709 3180 4763 κωλύει
3208 4710 3469 4773 πολλάκις
3497 4709 3597 4777 τῆς
3628 4706 3869 4776 φυσικῆς

2275 4800 2489 4871 όρμῆς;
2522 4800 2618 4863 Τίς
2647 4800 2704 4854 δὲ
2744 4801 2843 4871 τὴν
2889 4803 3071 4873 χεῖρα,
3108 4801 3253 4854 κατά
3294 4800 3456 4869 φύσιν
3490 4796 3655 4853 οὖσαν
3690 4800 3777 4860 είς
3812 4797 3871 4848 τὸ
3946 4826 3951 4835 ‹

2278 4894 2523 4963 ἐνεργεῖν
2552 4892 2739 4963 ἐπέχει
2771 4892 2849 4963 (4)
2898 4891 2995 4945 τοῦ
3027 4891 3227 4961 ψαύειν
3271 4891 3459 4956 τινό;;
3511 4891 3607 4953 Τίς
3656 4888 3719 4941 δὲ
3771 4887 3872 4957 τὴν

2269 5067 2435 5121 oculis
2464 5076 2742 5135 apparent.

2365 5137 2456 5206 99)
2483 5137 2702 5192 Goliler.
2731 5136 2969 5192 Felckm.
3002 5137 3026 5189 1
3063 5152 3225 5192 anon.
3264 5135 3573 5206 γινώσκων.

2365 5142 2456 5206 99)
2483 5142 2702 5192 Golder.
2731 5142 2969 5192 Felckm.
3002 5142 3026 5189 1
3063 5152 3225 5192 anon.
3264 5142 3573 5206 γινώσκων.

2341 5142 2545 5278 (υλὸιο
2585 5208 2812 5276 Seguer.
2890 5207 3111 5278 Gobler.
3183 5206 3418 5261 Feltkm.
3465 5208 3486 5259 1
3543 5221 3714 5278 anon.
3767 5204 3871 5278 Alii

2273 5274 2409 5348 cum
2431 5279 2591 5348 editis
2626 5274 3040 5348 προσκαλεῖται.
3084 5275 3250 5330 Ρ;ιιιΙο
3269 5288 3388 5344 post
3421 5274 3697 5348 ἐμποδών-
3726 5276 3875 5348 quod

2276 5346 2349 5400 ita
2382 5348 2433 5401 in
2464 5346 2626 5403 Basil.
2652 5344 2938 5409 scribitur,
2990 5348 3237 5400 ultimam
3266 5344 3651 5400 uiri-mullectit
3684 5345 3743 5398 in
3775 5344 3873 5397 Se-

2275 5430 2427 5485 gner.
2473 5418 2694 5472 Gobler.
2748 5424 2813 5470 et‘
2843 5417 3085 5471 Feb-kin.
3121 5417 3173 5482 1,
3215 5417 3250 5469 2
3278 5425 3330 5470 et
3359 5416 3394 5469 3
3447 5429 3719 5484 anoaym.
3761 5415 3876 5471 Att-,-

2271 5486 2399 5555 glic.
2434 5500 2616 5541 autent
2649 5486 2895 5540 ἐκποδών
2923 5488 3101 5541 habet.

2347 5556 2423 5625 (2)
2449 5555 2669 5612 Gobler.
2700 5556 2886 5611 Felck.
2919 5558 2939 5609 l
2977 5572 3167 5619 anon.,
3198 5554 3399 5624 ἐαυτῷ,
3423 5562 3588 5625 atque
3616 5554 3700 5625 it_a
3732 5551 3877 5625 iegit

2272 5621 2645 5692 Otnnibonus,
2703 5628 2793 5694 qui
2853 5627 3018 5680 vertit
3080 5627 3203 5678 sibi.
3264 5621 3386 5677 Mox
3446 5622 3581 5694 ibid.
3634 5621 3873 5678 Gobler.

2273 5695 2515 5765 Felcktn.
2546 5697 2569 5748 1
2603 5692 2928 5765 anonymtts,
2966 5694 3133 5749 αὑτοῦ
3168 5708 3265 5765 pro
3294 5692 3517 5747 ἑαυτοῦ.

2347 5764 2422 5834 (5)
2451 5764 2612 5819 Basil.
2638 5763 2733 5817 τοῦ
2752 5763 3048 5834 σώματος,

2345 5830 2424 5906 (4)
2450 5834 2544 5891 Sic
2574 5850 2765 5892 omnes
2798 5830 2926 5891 mss.
2972 5834 3114 5891 Editi
3146 5847 3293 5896 vero,
3330 5830 3545 5903 ὑπέχει.
