4010 6506
226 394 272 449 55
1363 384 1625 441 ORATIO
1663 382 1947 439 CONTRA
1986 382 2281 439 GENTES.
3388 383 3463 441 ea
3559 353 3569 357 ’

225 510 453 578 διφρησιν,
473 506 582 560 καὶ
604 508 780 579 αὐτὴν
808 508 885 571 εἰς
909 506 968 559 τὸ
992 505 1258 575 ἀεμᾶσϐαι
1284 502 1604 575 γενομένην,
1634 505 1767 557 ἀπο-

1886 502 2084 557 :ohibet
2114 501 2138 555 τ
2180 501 2314 566 Quis
2344 499 2628 555 odoratum
2664 501 2731 554 ad
2774 502 3107 555 odoramlnm
3151 500 3353 555 factum
3390 503 3461 556 ab

224 601 387 669 στρέφει
404 598 502 651 105
527 598 607 670 μὴ
626 598 1146 670 ἀντιλαμϐάνεσθαι;
1166 598 1260 660 Τίς
1278 600 1304 650 ὁ
1321 597 1493 652 ταῦτα
1509 596 1649 650 κατὰ
1667 595 1775 648 τῶν

225 689 415 761 φυσικῶν
438 689 541 742 105
581 691 838 761 σώματος
866 689 1102 761 ἐνεργῶν
1132 688 1207 758 (5)
1231 705 1245 753 ;
1268 690 1339 741 Ἢ
1359 688 1475 752 πῶς
1511 689 1571 741 τὸ
1590 686 1770 758 σῶμα,

223 785 287 852 τὴν
306 781 449 849 φύσιν
480 781 867 851 ἀποστριφὲν,
894 779 1281 849 ἐπιστρέφεται
1311 778 1447 849 πρὸς
1469 776 1565 841 τὰς
1583 777 1774 847 ἐτέρου

223 869 544 936 συμϐουλίας,
592 872 691 923 καὶ
731 872 866 941 πρὸς
906 870 967 923 τὸ
997 868 1204 923 ἐκείνου
1232 866 1408 939 νεῦμα
1448 870 1772 939 ἠνιοχεῖται;

222 962 351 1013 Testa
367 960 481 1029 γὰρ
505 960 669 1013 οὐδὲν
693 961 781 1012 ἐτε
792 960 926 1032 ρονῆ
946 960 1122 1031 ψυχὴν
1147 960 1369 1030 λογικὴν
1389 958 1772 1011 ἀποδείκνυσιν

222 1047 631 1118 ἡγεμονεύουσαν
649 1048 745 1100 105
772 1048 1037 1118 σώματος.
1060 1050 1194 1102 Οὐδὲ
1212 1049 1317 1120 γὰρ
1338 1049 1496 1102 ἐαυτὸ
1519 1049 1580 1101 τὸ
1612 1048 1773 1118 σῶμα

222 1140 410 1207 πέουκεν
448 1138 731 1202 ἐλαύνειν,
772 1139 881 1191 ἀλλ’
906 1140 997 1208 ὑφ’
1021 1140 1208 1210 ἐτέρου
1243 1141 1433 1207 ἄγεται
1473 1140 1566 1192 καὶ
1608 1139 1773 1210 φέρε-

220 1248 293 1291 ται,
315 1230 504 1301 ὥσπερ
521 1231 652 1283 οὐδὲ
681 1230 849 1294 ἵππος
878 1231 1068 1283 ἐαυτὸν
1091 1231 1504 1299 ὑποζεύγνυσιν,
1528 1230 1642 1284 ἀλλ’
1670 1230 1774 1284 ὑπὸ

220 1322 282 1375 τοῦ
307 1322 647 1393 κρατοῦντος
672 1323 975 1377 ἐλαύνεται.
1006 1323 1104 1377 Διά
1128 1324 1286 1378 10510
1326 1324 1453 1392 γοῦν
1493 1325 1588 1378 καὶ
1610 1324 1765 1395 νόμοι

223 1417 286 1483 μὲν
302 1413 618 1485 ἀνθρώποις
643 1416 712 1467 τά
738 1416 877 1468 καλά
907 1416 1007 1486 μέν
1038 1416 1319 1487 πράττειν,
1348 1417 1445 1486 τὴν
1475 1417 1530 1469 δὲ
1566 1417 1774 1471 κακίαν

220 1500 657 1570 ἀποστρέφεσθαιο
710 1507 823 1568 τοῖς
864 1504 921 1556 δὲ
968 1504 1185 1573 ἀλόγοις
1230 1506 1489 1574 ἁλόγιστα
1519 1506 1587 1559 τὰ
1629 1507 1775 1560 κακὰ

219 1592 279 1644 καὶ
296 1592 493 1660 ἄκριτα
519 1592 701 1663 μένει,
740 1594 834 1648 ἅτε
862 1595 925 1665 δὴ
949 1598 1048 1667 τῆς
1080 1596 1425 1669 λογικὸτητος
1458 1600 1534 1670 (6)
1552 1603 1647 1655 καὶ
1674 1602 1773 1672 τῆς

218 1680 317 1734 κατὰ
334 1682 495 1751 λόγον
522 1684 773 1748 διανοίας
799 1686 951 1750 ἐκτὸς
983 1688 1363 1758 τυγχάνουσιν.
1394 1688 1547 1746 Εἶναι
1568 1692 1665 1763 μέν
1681 1689 1774 1747 οὖν

216 1772 351 1844 ψυχὴν
380 1774 620 1846 λογικὴν
654 1778 714 1829 ἐν
754 1777 1059 1851 ἀνθρώποις
1095 1781 1159 1833 ἐκ
1184 1781 1292 1834 τῶν
1323 1784 1737 1856 προειρημένων
1756 1825 1770 1850 ,

215 1863 377 1933 νομίζω
409 1866 712 1936 δεδεῖχθαι.

262 1954 335 2009 35.
354 1956 477 2008 Ὀτι
501 1956 561 2010 δὲ
590 1958 688 2011 καὶ
713 1958 980 2024 ἀθάνατος
1003 1960 1224 2030 γέγονεν
1255 1964 1288 2033 ἠ
1309 1962 1477 2035 ψυχὴ,
1498 1966 1591 2019 καὶ
1617 1966 1775 2020 τοῦτο

214 2046 478 2115 ἀναγκαῖον
528 2049 737 2103 εἰδέναι
792 2053 849 2104 ἐν
882 2055 945 2121 τῇ
980 2053 1404 2125 ἐκκλησιαστικῇ
1456 2056 1776 2129 διδασκαλίᾳ.

213 2137 317 2207 πρὸς
362 2139 588 2211 ἔλεγχον
621 2141 726 2211 τῆς
757 2143 863 2195 τῶν
896 2144 1129 2197 εἰδώλων
1159 2146 1512 2217 ἀναιρέσεως.
1563 2148 1775 2202 Γένοιτο

212 2227 246 2281 δ’
262 2231 321 2284 ἂν
350 2226 446 2285 οὖν
473 2233 506 2301 ή
530 2233 667 2303 περὶ
693 2234 898 2287 τούτων
924 2235 1123 2301 γνῶσις
1156 2224 1437 2308 ἐγγυτέρω
1486 2238 1687 2309 μᾶλλον
1710 2243 1774 2293 ἐκ

213 2321 285 2392 τῆς
312 2324 437 2393 περὶ
468 2322 566 2377 τοῦ
598 2322 858 2395 σώματος
885 2324 1161 2393 γνώσεως,
1210 2328 1303 2380 καὶ
1336 2331 1399 2382 ἐκ
1424 2328 1519 2382 τοῦ
1546 2330 1681 2400 πρὸς
1713 2330 1775 2383 τὸ

212 2412 341 2482 σῶμα
366 2414 715 2470 διαλλάττειν
743 2416 935 2488 αὑτήν.
966 2418 1029 2470 Εἰ
1062 2418 1170 2490 γάρ
1199 2417 1366 2490 ἄλλην
1414 2420 1583 2491 αὐτὴν
1619 2422 1696 2491 (7)
1747 2421 1775 2473 ὁ

210 2503 333 2573 λόγος
359 2505 611 2569 ἀπέδειξε
629 2505 786 2576 παρὰ
820 2507 879 2559 τὸ
900 2506 1078 2578 σῶμα,
1116 2507 1230 2560 ἐστι
1254 2508 1311 2560 δὲ
1337 2508 1399 2562 τὸ
1426 2508 1586 2578 σῶμα
1615 2509 1774 2578 φύσει

210 2592 399 2664 θνητόν·
442 2596 671 2666 ἀνάγκη
722 2595 820 2666 τὴν
845 2596 1021 2667 ψυχὴν
1071 2597 1336 2652 ἀθάνατον
1376 2594 1517 2652 εἶναι
1536 2638 1552 2664 ,
1587 2599 1664 2670 τῷ
1698 2600 1773 2672 μὴ

208 2682 318 2739 εἶναι
334 2688 472 2742 κατά
488 2690 552 2742 τὸ
585 2690 772 2759 σῶμα.
821 2691 929 2743 Καὶ
946 2691 1108 2743 πάλιν
1130 2694 1179 2744 εἰ
1204 2695 1235 2762 ἡ
1263 2692 1408 2763 ψυχὴ
1427 2692 1487 2744 τὸ
1507 2691 1667 2763 σῶμα
1697 2692 1775 2764 (8)

208 2782 338 2844 κινεῖ,
364 2780 437 2843 ὼς
461 2780 766 2843 δέδεικται,
801 2782 898 2835 καὶ
932 2782 1054 2851 οὐχὶ
1096 2782 1200 2834 ὑπὸ
1234 2783 1409 2836 ἄλλων
1442 2783 1580 2854 αὑτὴ
1607 2786 1776 2837 κινεῖ-

205 2886 303 2936 tat,
355 2872 657 2929 ἀκόλουθόν
710 2876 859 2927 ἐστιν
913 2874 1003 2943 ὑφ’
1048 2875 1247 2946 ἑαυτῆς
1299 2876 1625 2945 κινουμένην
1677 2875 1775 2946 τὴν

204 2960 373 3033 ψυχὴν,
397 2966 493 3017 καὶ
539 2963 688 3034 μετά
723 2965 822 3035 τὴν
851 2966 932 3028 είς
968 2965 1072 3036 γῆν
1110 2966 1367 3019 ἀπόθεσιν
1398 2966 1492 3018 τοῦ
1524 2965 1776 3036 σώματος

205 3054 445 3109 κινεῖσθαι
470 3057 639 3109 πάλιν
657 3057 831 3127 αὐτὴν
860 3058 952 3126 ἀφ’
970 3057 1168 3127 ἑαυτῆς
1193 3057 1290 3128 (9).
1322 3059 1395 3110 Οὐ
1429 3057 1537 3129 γὰρ
1571 3061 1603 3129 ἠ
1628 3058 1773 3129 ψυχή

203 3144 333 3199 ἐστιν
361 3147 844 3219 ήάποθνήσκουσα
864 3166 877 3179 ·
914 3149 1047 3203 ἀλλά
1078 3149 1165 3202 διὰ
1202 3150 1299 3220 τὴν
1333 3150 1536 3220 ταύτης
1564 3149 1777 3221 ἀναχώ-

204 3253 345 3308 ρησιν
377 3205 719 3308 ἀποθνήσκει
747 3239 812 3293 τὸ
846 3240 1022 3311 σῶμα.
1048 3243 1108 3293 Εἰ
1142 3205 1359 3311 μὲνιοῦν
1388 3205 1634 3313 καὶαῦτη
1662 3205 1772 3311 ὅθ)
1803 3205 1843 3261 C

204 3328 394 3383 5720105
426 3328 687 3400 σώματος
721 3332 971 3394 ἐκινεῖτο,
998 3331 1292 3384 ἀκόλουθον
1323 3328 1412 3403 ἦν,
1434 3330 1776 3402 ἀναχωροῦν-

202 3435 284 3483 τος
306 3421 393 3474 τοῦ
418 3423 718 3487 κινοῦντος,
755 3422 1119 3492 ἀποθνήσκειν
1159 3424 1357 3495 αὑτήνο
1390 3425 1439 3476 εἰ
1468 3423 1523 3475 δὲ
1559 3425 1592 3493 ἡ
1629 3421 1775 3494 ψυχὴ

205 3513 331 3562 κινεί
341 3513 430 3565 καὶ
446 3513 508 3566 τὸ
532 3513 719 3584 σῶμα,
736 3514 948 3583 ἀνάγκη
970 3512 1166 3582 μᾶλλον
1183 3513 1353 3585 αὐτὴν
1366 3514 1566 3584 ἐαυτὴν
1584 3516 1773 3567 κινεῖν,

217 3600 394 3675 Ἐαυτῇ
422 3605 477 3659 δὲ
501 3605 826 3677 κινουμένη,
865 3604 923 3668 ἐξ
964 3605 1209 3677 ἀνάγκης
1243 3607 1336 3658 καὶ
1381 3604 1521 3674 μετά
1561 3605 1653 3658 τὸν
1680 3603 1774 3656 105

212 3692 438 3765 σιὶιματος
469 3697 585 3768 (ll)
611 3697 843 3750 θάνατον
862 3698 948 3766 ζῇ.
993 3698 1057 3749 Ἠ
1091 3697 1200 3767 γὰρ
1232 3696 1443 3767 κίνησις
1465 3696 1564 3767 τῆς
1597 3696 1779 3766 ψυχῆς

209 3782 343 3836 οὐδὲν
368 3784 553 3857 ἔτερόν
585 3787 739 3839 ἐστιν
769 3786 801 3857 ἢ
836 3788 867 3856 ἡ
891 3785 1004 3859 ζωὴ
1024 3787 1222 3857 αὐτῆς·
1258 3786 1447 3858 ὥσπερ
1463 3787 1656 3857 ἀμέλει
1686 3788 1779 3839 καὶ

213 3874 267 3927 τὸ
294 3875 441 3947 σῶμα
476 3877 601 3929 τότε
645 3874 757 3945 ζῇν
790 3876 1043 3947 λέγομεν,
1084 3877 1172 3929 ὅτε
1220 3880 1470 3944 κινεῖται,
1517 3877 1612 3931 καὶ
1657 3878 1778 3929 τότε

217 3966 421 4021 θάνατον
456 3969 627 4022 αὑτοῦ
684 3968 852 4033 εἶναι,
905 3971 993 4022 ὅτε
1050 3970 1149 4039 τῆς
1199 3970 1467 4039 κινήσεως
1523 3970 1776 4037 παύεται.

216 4057 365 4112 Τοῦτο
386 4061 441 4113 δέ
473 4061 571 4114 καὶ
600 4059 711 4113 ἀπὸ
740 4058 838 4129 τῆς
866 4061 925 4111 ἐν
967 4058 1180 4130 σώματι
1216 4059 1470 4126 καθάπαξ
1500 4060 1781 4133 ἐνεργείας

218 4150 367 4221 αὐτῆς
396 4153 781 4225 φανερώτερον
824 4152 889 4205 ἄν
939 4169 1023 4215 τις
1075 4152 1192 4206 ἴδοι.
1228 4152 1291 4204 Εἰ
1329 4154 1437 4225 γὰρ
1468 4155 1561 4205 καὶ
1599 4155 1687 4207 ὅτε
1720 4154 1782 4206 τὸ

220 4240 359 4312 σῶμα
378 4244 675 4313 ἐπιϐέϐηκε
701 4242 794 4296 καὶ
822 4241 1129 4295 συνδέδεται
1172 4241 1283 4313 (l2)
1314 4244 1508 4313 τούτῳ,
1550 4246 1609 4297 οὐ
1641 4244 1783 4297 κατά

218 4328 302 4400 τὴν
333 4332 419 4385 105
455 4333 715 4405 σώματος
746 4332 1089 4405 σμικρᾴτητα
1125 4332 1470 4385 συστέλλεται
1512 4336 1604 4388 καὶ
1640 4352 1780 4405 συμ-

222 4427 492 4494 μετρεῖται,
520 4423 661 4477 ἀλλά
684 4423 963 4487 πολλάκις,
989 4422 1080 4475 ἐπὶ
1105 4423 1290 4493 κλίνης
1314 4424 1504 4477 τούτου
1528 4426 1780 4496 κειμένου

1877 592 2153 647 odorando
2184 590 2642 658 eontinet?.Quis,
2672 590 2919 660 inquam,
2972 591 3071 645 ista
3106 592 3289 645 omnia
3328 606 3465 647 con-

1880 689 1959 733 tra
1988 688 2237 734 naturam
2269 679 2515 748 corporis
2545 676 2709 733 efﬁcit
2731 679 2754 731 ἲ
2777 678 2877 744 Qui
2902 680 2958 733 fit
2984 688 3040 733 ut
3063 694 3261 749 corpus
3294 680 3363 734 ab
3390 694 3458 734 eo

1876 770 2017 839 quod
2053 771 2156 826 sibi
2194 770 2441 824 naturale
2473 779 2576 834 est,
2614 771 2932 833 abhorreat,
2983 779 3038 825 et
3087 770 3226 825 alius
3266 771 3457 826 cousi-

1877 861 2007 915 lium
2042 872 2303 931 sequatur
2335 871 2499 931 atque
2542 862 2608 916 ad
2658 861 2901 932 ejusdem
2950 870 3143 915 nulum
3196 862 3462 931 regatur?

1876 952 1991 1007 haec
2014 966 2147 1007 sane
2171 955 2349 1007 omnia
2383 952 2515 1007 nihil
2544 952 2690 1007 aliud
2736 954 2969 1021 probant
3020 969 3181 1023 quam
3216 956 3456 1009 animam

1878 1043 2199 1098 rationalem
2255 1044 2469 1113 corpori
2510 1044 2821 1112 praesidere.
2863 1042 2974 1097 Nec
3019 1044 3166 1097 enim
3218 1045 3457 1113 seipsam

1877 1146 2075 1201 corpus
2128 1141 2303 1200 potest
2335 1132 2637 1201 impellere,
2665 1132 2756 1187 sed
2787 1132 2854 1186 ab
2887 1133 2993 1185 alio
3018 1133 3201 1202 agitur
3248 1140 3304 1186 et
3355 1132 3461 1188 fer.

1878 1230 1987 1287 tur,
2023 1222 2098 1276 uti
2129 1237 2303 1292 neque
2338 1238 2511 1293 equus
2544 1224 2779 1293 seipsutn
2829 1224 2987 1294 regit,
3031 1224 3125 1278 sed
3170 1224 3237 1277 ah
3278 1224 3461 1292 equite

1877 1314 2086 1384 regitur
2118 1323 2172 1369 et
2204 1314 2462 1384 agitatur.
2506 1315 2634 1368 Eam
2660 1314 2731 1369 ob
2769 1330 2881 1370 rem
2913 1315 3057 1385 leges
3106 1316 3232 1370 boni
3264 1317 3459 1384 agendi

1877 1415 1933 1458 et
1973 1406 2098 1460 mali
2132 1405 2366 1477 fugiendi
2419 1406 2731 1462 hominibus
2781 1406 2921 1461 datze
2973 1416 3118 1461 sunt.
3160 1410 3228 1460 At
3263 1407 3458 1461 bellua:

1877 1512 1977 1551 nec
2008 1499 2317 1567 expendere
2342 1513 2443 1553 nec
2480 1499 2794 1553 discernere
2824 1498 2963 1553 mala
2999 1508 3221 1567 queunt,
3272 1509 3457 1567 utpose

1877 1602 1999 1656 quae
2027 1588 2384 1643 ratiocinandi
2412 1600 2467 1643 et
2496 1589 2765 1658 cogitandi
2796 1588 3069 1645 facultatis
3112 1591 3222 1644 sint
3265 1605 3460 1660 exper-

1881 1688 1981 1733 tes.
2012 1676 2201 1748 Itaque
2246 1695 2314 1734 ex
2351 1681 2436 1735 his
2473 1697 2593 1751 quae
2632 1698 2795 1752 supra
2832 1683 2975 1737 dicta
3012 1692 3137 1737 sunt
3171 1684 3458 1753 probatum

1878 1767 2050 1825 fuisse
2083 1770 2325 1826 arbitror
2373 1772 2621 1829 homines
2655 1774 2837 1829 anima
2876 1774 3129 1830 rationali
3169 1789 3291 1830 esse
3316 1789 3461 1844 prae-

1805 1864 1847 1918 B
1877 1862 2037 1917 ditos.

1946 1953 2041 2008 55.
2097 1954 2354 2011 Eamdem
2412 1972 2541 2013 vero
2608 1958 2972 2015 immortalem
3024 1976 3237 2031 quoque
3293 1961 3461 2017 fuisse

1878 2041 2077 2098 factam
2112 2061 2332 2101 necesse
2354 2058 2435 2101 est
2471 2048 2525 2101 iu
2552 2050 2921 2105 ecclesiastica
2953 2052 3137 2106 schola
3168 2068 3272 2106 non
3308 2054 3459 2123 igno-

1878 2138 2012 2203 rari,
2052 2154 2162 2208 quo
2210 2141 2517 2196 evidentius
2551 2151 2811 2209 appareat
2856 2143 2995 2198 idola
3037 2144 3197 2213 plane
3225 2160 3347 2201 esse
3367 2146 3460 2201 de-

1880 2229 2170 2284 turbanda.
2203 2229 2261 2283 ld
2287 2247 2449 2301 porro
2487 2231 2699 2288 facilius
2744 2242 2800 2287 et
2841 2234 3083 2303 propius,
3117 2250 3180 2290 ex
3214 2236 3460 2305 corporis

1877 2321 2206 2390 cognitione,
2251 2324 2480 2393 ejusque
2518 2334 2575 2379 et
2612 2327 2805 2379 anima:
2844 2324 3149 2381 differentia
3179 2329 3460 2398 percipere

1876 2412 2081 2467 licebit.
2116 2413 2407 2470 Enimvero
2440 2415 2485 2470 si
2518 2424 2577 2469 ut
2609 2426 2791 2471 nostra
2815 2417 3065 2472 oratione
3094 2420 3457 2481 ostendimus,

1877 2502 2091 2559 diversa
2128 2504 2216 2559 illa
2246 2515 2330 2560 est
2360 2521 2391 2559 a
2421 2520 2647 2574 corpore
2670 2522 2685 2571 ;
2710 2521 2833 2561 cum
2864 2520 3062 2574 corpus
3095 2516 3289 2561 natura
3316 2524 3457 2563 mor-

1879 2594 1985 2649 tale
2013 2596 2105 2664 sit,
2138 2610 2361 2652 necesse
2406 2606 2491 2652 est
2544 2600 2783 2655 animam
2830 2602 3191 2677 immortalem
3220 2618 3340 2660 esse
3372 2615 3453 2658 ut-

1878 2694 2004 2754 pote
2031 2701 2151 2754 quze
2190 2688 2404 2758 corpori
2438 2704 2547 2743 non
2590 2692 2661 2744 sit
2695 2692 2912 2749 similis.
2942 2693 3235 2763 Praeterea,
3262 2697 3307 2751 si
3340 2697 3461 2750 ani-

1878 2790 1964 2829 ma
1990 2792 2189 2847 corpus
2213 2789 2410 2843 movet,
2441 2790 2493 2834 ut
2528 2791 2809 2837 ostensum
2839 2795 2941 2850 est,
2982 2801 3082 2841 nec
3110 2788 3224 2855 ipsa
3246 2788 3312 2843 ab
3341 2789 3463 2844 aliis

1878 2880 2147 2934 movetur,
2180 2872 2428 2939 sequitur
2454 2888 2483 2926 a
2524 2876 2701 2944 seipsa
2747 2877 2947 2931 moveri
2986 2878 3244 2944 animam,
3296 2888 3463 2948 atque

1876 2960 2039 3013 etiam
2072 2970 2192 3028 post
2220 2962 2468 3031 corporis
2500 2966 2780 3021 interitum
2820 2984 2939 3021 eam
2972 2968 3169 3022 iterum
3199 2984 3231 3023 a
3280 2972 3460 3040 seipsa

1878 3050 2106 3104 moveri.
2139 3048 2249 3104 Nec
2284 3052 2429 3106 enim
2458 3055 2637 3109 anima
2670 3057 2919 3123 moritur,
2950 3058 3044 3112 sed
3071 3058 3189 3125 ejus
3216 3058 3461 3114 discessu

1878 3155 2076 3211 corpus
2106 3141 2355 3196 moritur.
2380 3144 2567 3212 Itaque
2597 3145 2641 3199 si
2666 3145 2777 3215 ipsa
2810 3161 2839 3200 a
2868 3162 3096 3218 corpore
3126 3160 3456 3215 moveretur,

1876 3232 2165 3286 recedente
2215 3243 2486 3299 movente,
2530 3236 2843 3292 necessario
2885 3247 3209 3293 moreretur.
3254 3238 3362 3294 Sed
3410 3241 3459 3295 si

1879 3323 2059 3376 anima
2094 3323 2203 3394 26
2235 3334 2415 3377 movet
2466 3340 2687 3396 corpus,
2732 3327 2902 3397 ipsam
2948 3344 2975 3382 a
3032 3328 3211 3398 scipsa
3254 3331 3461 3386 moveri

1878 3428 2103 3483 prorsus
2142 3428 2364 3469 necesse
2390 3425 2494 3471 est.
2531 3416 2663 3484 Quia
2692 3433 2820 3489 ergo
2851 3422 2965 3489 ipsa
2993 3420 3224 3490 seipsam
3255 3432 3455 3490 movet,

1881 3507 2190 3562 necessario
2226 3507 2475 3576 sequitur
2497 3524 2619 3563 eam
2649 3510 2811 3565 etiam
2858 3520 2980 3581 post
3028 3506 3462 3581 corporis'mor-

1883 3608 1989 3653 tem
2023 3599 2227 3654 vivere.
2267 3599 2548 3669 Siquidem
2576 3602 2773 3655 animm
2816 3612 2994 3657 motus
3022 3603 3157 3658 nihil
3191 3605 3335 3660 aliud
3376 3617 3460 3663 est

1880 3704 2040 3758 quam
2065 3691 2305 3757 ejusdem
2335 3690 2445 3744 vita
2476 3708 2489 3746 :
2520 3692 2977 3761 quemadmodum
3017 3709 3232 3765 quoque
3260 3711 3461 3766 corpus

1885 3791 2011 3837 tunc
2039 3782 2222 3837 vivere
2267 3784 2523 3847 dicimus,
2562 3799 2686 3838 cum
2730 3795 3026 3839 movetur:
3076 3794 3132 3839 et
3187 3796 3459 3841 mortuum

1884 3888 2028 3939 esse,
2062 3890 2183 3930 cum
2218 3877 2423 3931 moveri
2452 3886 2650 3931 cessat.
2700 3874 2757 3930 Id
2797 3886 2978 3932 autem
3016 3892 3081 3931 ex
3126 3876 3208 3931 his
3234 3894 3355 3948 quae
3406 3878 3461 3934 in

1882 3980 2111 4036 corpore
2142 3967 2253 4036 ipsa
2296 3969 2425 4038 agit,
2457 3968 2661 4023 clarius
2687 3969 3031 4039 perspicitur.
3058 3967 3303 4039 Namque
3334 3972 3381 4024 si
3410 3970 3462 4024 in

1882 4072 2108 4126 corpore
2140 4059 2349 4115 inclusa
2384 4075 2447 4116 ac
2504 4076 2624 4115 cum
2657 4075 2722 4115 eo
2759 4061 3036 4129 colligata,
3068 4076 3174 4116 non
3210 4075 3311 4129 pro
3338 4076 3465 4116 cor-

1883 4148 2029 4218 poris
2062 4150 2329 4218 parvitate
2364 4152 2713 4205 contrahitur
2756 4162 2810 4206 et
2844 4152 3337 4219 circumscribitur,
3369 4154 3465 4209 sed

1883 4254 2024 4309 saepe
2048 4241 2101 4295 iu
2132 4241 2271 4296 lecto
2295 4240 2513 4310 jacente
2536 4257 2787 4315 corpore,
2818 4243 2935 4297 sine
2969 4252 3140 4308 motu,
3183 4259 3250 4299 ac
3298 4244 3463 4299 veluti

1884 4340 2122 4398 mortuo,
2168 4332 2283 4401 ipsa
2334 4333 2554 4402 propria
2597 4348 2693 4388 sua
2739 4333 2996 4389 facultate
3039 4334 3249 4404 vigilat,
3303 4344 3464 4390 natu-

1886 4437 2112 4493 ramque
2165 4424 2411 4491 corporis
2463 4424 2833 4488 transcendit,
2876 4434 2932 4477 et
2973 4424 3129 4494 quasi
3166 4425 3232 4478 ab
3272 4439 3337 4479 eo
3380 4424 3465 4479 di-

220 4515 297 4567 καὶ
322 4516 391 4587 μὴ
420 4517 747 4588 κινουμένου
784 4516 915 4585 (l5),
941 4514 1055 4568 ἀλλ’
1081 4514 1156 4578 ὼς
1180 4516 1236 4566 ἐν
1260 4514 1475 4584 Θανάτῳ
1504 4516 1776 4587 κοιμωμέ-

1886 4529 2095 4584 gressa,
2142 4528 2452 4583 quanquam
2502 4514 2557 4567 in
2600 4515 2716 4584 ipso
2758 4529 3008 4578 manens,
3053 4528 3115 4568 ea
3146 4529 3266 4583 quae
3298 4529 3462 4584 supra

218 4621 313 4671 νου,
338 4609 469 4680 αὕτη
511 4608 661 4663 κατά
697 4608 798 4678 τὴν
840 4606 1040 4676 ἑαυτῆς
1087 4605 1316 4676 δύναμιν
1350 4611 1634 4678 γρηγορεῖ,
1686 4608 1781 4661 καὶ

217 4694 578 4772 ὕπερεκόαίνει
633 4699 737 4772 τὴν
781 4698 874 4752 105
919 4697 1172 4769 σώματος
1213 4698 1402 4767 φύσιν·
1451 4700 1546 4752 καὶ
1590 4699 1780 4771 ὥσπερ

213 4788 551 4864 ἀποδημοῦσα
579 4793 796 4857 τούτου,
829 4791 1064 4861 μένουσα
1089 4792 1145 4843 ἐν
1171 4789 1248 4860 τῷ
1283 4790 1516 4861 σώματι,
1538 4790 1608 4843 τὰ
1640 4791 1781 4862 ὑπὲρ

212 4878 302 4951 γῆν
326 4884 662 4953 φαντάζεται
691 4883 787 4935 καὶ
812 4880 1026 4951 Θεωρεί,
1063 4880 1323 4943 πολλάκις
1342 4881 1398 4933 δὲ
1426 4881 1519 4933 καὶ
1538 4883 1649 4943 τοῖς
1677 4880 1782 4947 ἔξω

212 4971 305 5029 τῶν
317 4976 515 5044 γηῖνων
540 4972 818 5044 σωμάτων
850 4973 1025 5037 ἁγίοις
1050 4972 1141 5025 καὶ
1172 4972 1425 5040 ἀγγέλοις
1452 4970 1562 5042 (14)
1592 4989 1782 5025 συναν-

274 5089 348 5171 ςβ)
382 5092 475 5148 Sic
500 5090 739 5171 Seguer.
777 5090 943 5171 Basil;
1004 5090 1215 5160 Anglic.
1276 5088 1519 5144 Felekm.
1550 5089 1586 5143 2
1615 5103 1777 5144 anon.

216 5157 449 5231 Aliigicum
474 5157 663 5231 editis,
692 5159 1006 5231 ἐνεργειῶν.

300 5228 349 5299 β)
386 5230 635 5286 Felckm.
667 5231 702 5284 3
736 5228 925 5290 auom.
960 5228 1292 5299 λογιότητος2

378 5299 525 5371 llane
554 5314 762 5371 vocem_
806 5300 976 5371 αὑτήν
1027 5297 1227 5371 habent
1268 5297 1495 5371 Seguer.
1551 5299 1774 5356 Gobler.

218 5361 436 5423 Feleitm.
467 5370 493 5422 1
526 5384 697 5423 anon.
724 5361 1228 5423 Caeteri'omittunt.

281 5434 354 5508 (8)
376 5439 578 5508 Totum,
608 5438 662 5492 id
709 5447 1085 5508 argumentum
1128 5450 1194 5491 ex
1234 5436 1455 5493 Platone
1500 5448 1775 5508 sumptum

223 5511 314 5576 est,
342 5523 443 5576 quo
472 5507 627 5562 multi
660 5517 784 5576 post
814 5507 961 5560 illum
1012 5508 1091 5559 usi
1142 5516 1267 5561 sunt
1311 5510 1378 5561 ad
1429 5507 1767 5576 probandum

225 5573 443 5643 animum
466 5592 590 5632 esse
626 5573 1008 5631 imtnortalem.
1041 5577 1254 5631 Videsis
1288 5573 1461 5643 ipsum
1494 5578 1774 5631 Platonem

229 5640 554 5714 i_n_PIurdro,
589 5655 649 5699 et
693 5646 785 5698 lib.
829 5662 863 5699 ι
920 5644 994 5699 De
1029 5646 1249 5714 legibus,
1285 5640 1376 5698 ubi
1411 5647 1646 5700 animam
1680 5648 1776 5700 de-

225 5709 468 5787 ῡηὶιιτὴν
497 5709 809 5787 δυναμένην
852 5715 1019 5784 αὐτὴν
1059 5709 1419 5785 αὐτὴνκινεῖν
1453 5716 1686 5787 κίνησιν,
1723 5716 1778 5770 id

227 5788 326 5853 est,
347 5784 563 5853 idgquod
595 5784 823 5853 “ipsum
845 5799 1045 5853 mouere
1071 5794 1258 5853 potest.

282 5851 357 5921 (9)
385 5851 607 5911 Geblcr.
646 5851 887 5907 Felckm.
921 5852 947 5905 1
991 5851 1177 5917 auum,
1219 5854 1309 5922 ὑφ’
1354 5853 1575 5923 ἐαυτοῦ,
1605 5851 1770 5910 male.

607 5949 887 6011 PATnOL.
934 5948 1054 6011 Gn.
1097 5951 1303 6013 XXV.

1890 4612 2092 4658 terram
2151 4604 2423 4657 exsistunt
2460 4603 2663 4672 cogitat
2712 4612 2769 4659 et
2822 4602 3219 4672 contemplatur
3259 4622 3273 4659 :
3332 4605 3464 4674 quin

1897 4697 2065 4752 etiam
2098 4705 2315 4750 sanctos
2359 4711 2389 4749 a
2443 4706 2661 4754 terreno
2696 4710 2924 4766 corpore
2954 4698 3251 4767 sejunetos,
3302 4710 3467 4770 atque

1888 4786 2111 4857 angelos
2140 4800 2247 4840 non
2287 4800 2413 4842 raro
2438 4788 2712 4853 convenit,
2744 4797 2798 4841 et
2829 4787 2895 4839 ad
2927 4787 3047 4842 illos
3079 4788 3274 4843 mentis
3311 4805 3469 4843 mun-

1890 4878 2021 4932 ditia
2058 4877 2233 4934 fidens
2265 4878 2483 4934 advolat
2517 4895 2533 4933 :
2564 4894 2632 4934 an
2675 4894 2805 4945 non,
2837 4894 3041 4949 quaeso,
3092 4879 3263 4935 multo
3293 4882 3467 4951 magis

1890 4971 2067 5027 soluta
2110 4986 2139 5024 a
2171 4984 2416 5040 corpore,
2448 4984 2571 5027 cum
2608 4970 2873 5041 placuerit
2904 4971 3037 5035 Deo,
3068 4971 3296 5041 quieam
3321 4972 3468 5027 colli-

1965 5087 2078 5160 (10)
2103 5088 2320 5144 Gobler.
2356 5087 2595 5161 Felckm.
2631 5090 2655 5142 l
2690 5104 2891 5161 _anon.,
2932 5088 3095 5161 αὐτή.
3136 5088 3303 5144 Paulo
3345 5098 3470 5157 post

1891 5158 2065 5214 iidem
2101 5168 2224 5225 post
2262 5162 2423 5224 κινεῖ,
2466 5159 2559 5212 καί
2593 5159 2872 5213 omittunt.
2931 5158 3095 5213 Iidem
3135 5169 3257 5223 post
3294 5161 3467 5211 κινεῖν

1888 5243 2021 5316 δορί,
2043 5228 2247 5316 habent
2271 5228 2433 5316 αὐτή.
2470 5229 2540 5316 ιξι
2783 5227 2945 5316 ρυεΙῖ
2988 5226 3174 5284 Felck.
3207 5227 3243 5280 2
3274 5241 3463 5289 an0n.,

1886 5296 2048 5369 αὐτῆ.
2076 5298 2325 5366 Seguer.,
2359 5296 2551 5368 ἑαυτῇ.
2578 5296 2744 5364 Editi,
2777 5296 2966 5368 ἐαυτή.

1957 5355 2071 5437 (ll)
2107 5365 2331 5436 Seguer.
2371 5367 2533 5421 Basil.
2556 5368 2793 5437 Anglic.,
2831 5366 2909 5436 τῷ
2924 5364 3182 5437 Ῠσώματι.

1986 5381 2042 5421 ιι
2055 5381 2071 5435 )
2107 5381 2331 5436 Segner.
2371 5381 2533 5421 nasu.
2556 5381 2793 5437 Angttc.,
2831 5385 2909 5436 τῳ
2944 5382 3182 5433 σωματι.

1953 5381 2066 5509 έιε)
2087 5437 2179 5492 Sic
2202 5437 2429 5509 Seguer.
2467 5437 2630 5509 Basil.
2663 5439 2875 5509 Anglic.
2909 5436 3133 5509 anler.
3186 5440 3242 5487 et
3266 5429 3457 5487 Felek.

1882 5507 1908 5560 1
1938 5503 1992 5563 et
2026 5503 2061 5559 2
2095 5521 2185 5559 an.
2223 5503 2327 5560 Alii
2366 5516 2422 5562 et
2452 5508 2540 5561 ed.
2566 5503 2852 5568 Commél.,
2880 5503 3217 5570 συνδέχεται.

1952 5576 2203 5699 μόὲκαὶ
2228 5577 2303 5646 μὴ
2337 5575 2658 5658 κινουμένου
2688 5575 2877 5627 desunt
2924 5573 2976 5625 in
3023 5571 3271 5653 Feleka
3306 5570 3339 5625 5
3364 5585 3461 5657 an.

1962 5664 2013 5699 in
2087 5646 2207 5699 asnl.
2248 5656 2453 5699 recentt
2491 5660 2653 5697 manu
2681 5644 2861 5696 addita
2884 5641 3055 5696 fuere.
3077 5639 3461 5699 lbtd.$tcauﬂt

1878 5639 2013 5700 etin
2046 5639 2207 5699 Basil.
2229 5639 2453 5700 'récenti
2491 5639 2653 5697 manu
2681 5644 2861 5696 addita
2884 5641 3055 5696 fuere.
3077 5639 3466 5712 lb'id.sicat'o1'lj

1882 5714 2145 5771 scribitur
2180 5715 2232 5768 in
2258 5713 2619 5782 Segueriano.

1958 5782 2071 5853 (14)
2102 5782 2213 5836 Καὶ
2255 5777 2505 5850 ἀγγέλοις
2534 5779 2747 5850 Anglic.
2777 5777 2999 5835 omittit.
