4010 6514
554 339 621 392 67
1133 337 1190 392 S.
1237 306 1606 390 ATHANASII
1645 334 1797 389 OPP.
1840 333 2018 389 PARS
2058 335 2096 387 ι.
2139 365 2205 376 --
2245 334 2622 391 HISTORICA
2662 335 2750 390 ET
2791 335 3218 391 DOGMATICA.
3729 335 3798 391 (38

555 453 716 523 gavit.
747 453 1132 509 evidentiorem
1177 453 1601 508 immortalitatis
1642 453 2003 520 cognitionem
2035 467 2100 506 es

2221 455 2308 523 τᾷ,
2334 454 2426 506 xui
2459 453 2594 524 πρὸς
2624 454 2816 515 αὐτοὺς
2847 453 3151 521 ἀφικνεῖται
3184 455 3250 521 τῇ
3281 451 3373 502 τοῦ
3399 450 3490 502 νοῦ
3520 450 3799 521 θαρροῦσα

555 544 849 599 habitura?
880 544 935 598 Si
973 543 1116 597 enim
1158 543 1209 597 in
1243 558 1468 613 corpore
1496 543 1670 596 adhuc
1702 542 1902 606 vincta,
1934 543 2118 605 vitam,

555 651 676 705 quae
718 647 870 688 extra
922 651 1118 705 corpus
1167 645 1269 699 est,
1319 635 1497 687 vivit:
1557 633 1725 688 multo
1787 633 1955 702 magis
2001 641 2123 700 post

555 734 783 780 mortem
817 725 1061 793 corporis
1095 725 1255 787 vivet,
1298 738 1398 776 nec
1431 723 1614 776 vivere
1644 723 1857 776 desinet
1886 722 1974 776 Dei
2026 723 2122 776 bc-

555 815 770 880 nelicio,
806 815 896 884 qui
925 830 1042 868 eam
1081 830 1178 883 per
1219 829 1374 868 suum
1422 811 1658 867 Verbum
1715 813 1997 866 Dominum
2034 827 2123 866 no-

553 915 729 960 strum
759 905 942 960 Jesum
976 905 1248 959 Christum
1299 904 1458 958 talem
1491 904 1677 972 utique
1715 902 1866 959 feeit.
1908 903 2121 958 idcirco

553 997 701 1050 cnim
739 997 1066 1050 immortalia
1113 1005 1164 1050 et
1216 1007 1416 1050 aeterna
1465 996 1666 1065 cogitat
1707 1004 1760 1050 et
1789 995 2120 1065 sapit,'quia

551 1089 876 1143 immortalis
909 1098 1012 1143 cst.
1043 1087 1286 1156 Namque
1317 1096 1373 1140 ut
1410 1086 1654 1141 mortalis
1693 1087 1936 1156 corporis
1988 1101 2116 1141 scn-

550 1195 645 1234 sus
676 1179 815 1233 nihil
855 1179 958 1232 nisi
998 1179 1226 1232 mortale
1272 1177 1607 1246 percipiunt:
1641 1177 1720 1231 sic
1754 1176 1988 1230 animam
2034 1191 2119 1230 res

549 1269 887 1322 immortales
918 1267 1378 1338 contemplantem
1409 1277 1462 1320 et
1495 1266 1864 1326 meditantem,
1897 1266 2117 1320 immor-

548 1359 708 1413 talem
738 1374 950 1428 quoque
985 1375 1104 1413 esse
1150 1369 1205 1412 et
1251 1373 1464 1427 semper
1511 1358 1693 1411 vivere
1742 1371 1963 1410 necesse
2012 1366 2112 1410 est.

546 1449 824 1521 Siquidem
865 1445 1150 1521 nunquam
1193 1451 1337 1504 illam
1387 1451 1642 1504 deserunt
1693 1449 2116 1504 immortalitatis

543 1544 796 1598 notiones
817 1552 872 1597 et
901 1543 1280 1612 cogitationes,
1311 1541 1405 1596 sed
1432 1544 1482 1596 in
1508 1556 1571 1595 ea
1597 1542 1662 1594 ad
1692 1539 2117 1594 imumrtalitatis

543 1636 890 1688 securitatem
973 1637 1146 1688 instar
1216 1633 1420 1688 l'omitis
1482 1640 1792 1687 constanter
1854 1631 2112 1686 resident.

542 1722 679 1778 Hinc
713 1739 842 1794 ergo
872 1723 1344 1792 contemplationis
1375 1723 1468 1776 Dei
1501 1722 1775 1776 notionem
1814 1730 1869 1776 et
1909 1721 2115 1791 cegita-

2227 544 2555 615 καθαρότητι
2582 561 2594 574 ο
2633 543 2749 607 πῶς
2802 545 2920 613 ουχὶ
2974 543 3170 614 μᾶλλον
3219 542 3316 595 xui
3368 541 3548 613 πολλῷ
3603 543 3796 608 πλέον,

2223 634 2552 688 ἀπολυθεῖσα
2580 635 2670 688 τοῦ
2705 633 2972 704 σώματος,
3001 637 3087 687 ὅτε
3122 637 3149 686 ό
3180 635 3446 706 συνδήσας
3475 635 3648 705 αὐτὴν

2223 723 2372 776 λεται
2410 723 2562 787 Θεὸς,
2605 725 2986 794 φανερωτέραν
3040 723 3149 787 ἕξει
3184 724 3286 792 τὴν
3337 723 3435 792 τῆς
3497 723 3800 784 ἀθανασίας

2222 813 2420 881 γνῶσιν
2443 830 2456 878 ;
2481 815 2542 866 Εἰ
2568 816 2674 885 γὰρ
2701 815 2793 867 xui
2823 814 3131 867 συνδεθεῖσα
3157 814 3370 883 σώματι
3396 816 3496 886 τὴν
3524 815 3682 878 ἐκτὸς
3703 816 3796 867 τοῦ

2223 903 2471 974 σώματος
2505 903 2651 976 ζωὴν
2697 904 2814 975 ἔζη,
2852 903 3030 975 πολλῷ
3068 905 3227 958 πλέον
3257 906 3351 958 xui
3397 906 3533 976 μετὰ
3567 906 3797 960 θάνατον

2221 993 2315 1046 τοῦ
2343 993 2591 1064 σώματος
2635 995 2877 1066 ζήσεται,
2911 994 3006 1047 xui
3041 993 3101 1046 οῦ
3136 994 3400 1048 παύσεται
3436 995 3530 1048 τοῦ
3566 995 3669 1066 ζῇν
3701 996 3790 1050 διὰ

2221 1086 2312 1137 τὸν
2326 1084 2497 1148 οὕτως
2511 1085 2675 1156 αὐτὴν
2693 1087 2987 1157 ποιήσαντα
3003 1087 3133 1139 Θεὸν
3149 1085 3236 1138 διὰ
3264 1086 3355 1139 τοῦ
3383 1086 3576 1139 ἑαυτοῦ
3600 1085 3795 1155 Λόγου,

2219 1175 2310 1228 τοῦ
2344 1175 2545 1247 Κυρίου
2569 1176 2724 1246 ἡμῶν
2769 1175 2943 1246 Ἰησοῦ
2975 1177 3232 1248 Χριστοῦ.
3258 1175 3358 1228 Διά
3382 1177 3538 1229 τοῦτο
3566 1177 3676 1247 γὰρ
3705 1178 3796 1230 xui

2219 1267 2462 1321 ἀθάνατα
2502 1268 2595 1320 καὶ
2652 1267 2844 1320 αἰώνια
2886 1267 3150 1336 λογίζεται
3206 1269 3300 1320 xui
3349 1271 3555 1339 φρονεῖ,
3605 1269 3796 1338 ἐπειδὴ

2220 1358 2312 1409 xui
2340 1355 2606 1419 ἀθάνατός
2645 1359 2780 1409 ἐστι.
2811 1356 2914 1409 Kui.
2944 1356 3149 1427 ὥσπερ,
3183 1357 3276 1410 τοῦ
3313 1357 3564 1428 σώματος
3598 1357 3795 1428 θνητοῦ

2218 1448 2589 1517 τυγχάνοντος,
2645 1447 2810 1518 θνητά
2843 1447 2935 1501 καὶ
2967 1448 3021 1500 αἰ
3057 1447 3245 1500 τούτου
3275 1447 3572 1520 θεωροῦσιν
3605 1449 3797 1520 αἰσθή-

2220 1555 2352 1602 σεις,
2377 1539 2546 1602 οὕτως
2579 1538 2820 1592 ἀθάνατα
2847 1539 3151 1609 θεωροῦσαν
3180 1540 3275 1592 xui.
3314 1539 3672 1611 λογιζομένην
3697 1541 3796 1610 τὴν

2214 1629 2411 1700 ψυχὴν,
2441 1629 2655 1700 ἀνάγκη
2685 1629 2779 1682 xui
2805 1629 2973 1700 αὐτὴν
2996 1629 3258 1682 ἀθάνατον
3272 1625 3409 1682 εἶναι
3448 1631 3542 1682 xui
3559 1631 3647 1683 ἀεὶ
3663 1631 3780 1702 ζῇν.

2217 1719 2283 1770 Αἰ
2310 1719 2416 1790 γὰρ
2443 1719 2693 1790 περὶτῆς
2722 1719 3020 1783 ἀθανασίας
3041 1719 3238 1774 ἔννοιαι
3263 1722 3356 1774 xui
3381 1720 3606 1792 θεωρίαι
3641 1722 3792 1774 οὐδέ-

540 1814 743 1867 tionem
785 1815 972 1876 habet,
1009 1813 1220 1884 sibique
1247 1813 1351 1881 ipsi
1396 1813 1456 1867 ﬁt
1501 1813 1608 1877 via,
1644 1826 1818 1881 neque
1851 1812 2100 1866 extrinse‘

2218 1827 2344 1862 ποτε
2397 1810 2567 1880 αὐτὴν
2623 1811 2814 1878 ἀφιᾶσι
2850 1811 3106 1881 μένουσαι
3154 1814 3212 1865 ὲν
3260 1813 3418 1882 αὐτῇ,
3465 1813 3560 1864 xui
3603 1811 3796 1880 ὥσπερ

539 1918 658 1968 cus,
691 1904 784 1959 sed
811 1919 875 1958 ex
912 1903 1092 1972 seipsa
1132 1903 1225 1958 Dei
1265 1903 1422 1960 Verbi
1471 1903 1832 1973 cognitionem
1871 1913 1920 1958 et
1962 1917 2112 1957 com-

538 1995 953 2064 prebensionem
982 1995 1198 2064 accipit.

2222 1901 2470 1972 ἐκκαυμα
2491 1904 2548 1955 ὲν
2581 1903 2716 1973 αὑτῇ
2750 1903 3029 1973 γινόμεναι
3060 1903 3193 1974 πρὸς
3225 1903 3521 1972 ἀσφάλειαν
3545 1904 3644 1974 τῆς
3668 1904 3794 1956 ἀθα-

2221 1992 2432 2056 νασίας.
2468 1992 2567 2046 Διά
2599 1992 2755 2046 τοῦτο
2793 1993 2924 2062 γοῦν
2964 1995 3058 2048 καὶ
3089 1995 3186 2065 τῆς
3219 1996 3346 2066 περὶ
3381 1995 3517 2048 Θεοῦ
3559 1995 3792 2066 θεωρίας

537 2088 648 2158 εχει
679 2090 777 2161 τὴν
820 2089 1048 2156 ἔννοιαν,
1082 2090 1175 2144 xui
1202 2090 1337 2161 αὑτὴ
1370 2090 1570 2160 ἑαυτῆς
1609 2091 1816 2161 γίνεται
1851 2089 1988 2153 ὁδὸς,
2048 2089 2146 2142 οὐκ
2184 2087 2401 2153 ἔξωθεν,
2427 2089 2540 2144 ἀλλ’
2593 2089 2650 2156 ἐξ
2676 2091 2876 2160 ἑαυτῆς
2901 2089 3251 2161 λαμϐάνουσα
3273 2090 3368 2162 τὴν
3396 2091 3488 2144 τοῦ
3523 2091 3660 2145 Θεοῦ
3685 2091 3798 2146 Λόέ

533 2202 631 2254 γου
667 2185 776 2253 (15)
804 2183 1002 2255 γνῶσιν
1027 2186 1120 2238 xui
1155 2185 1478 2256 κατάληψιν.

615 2277 706 2331 54.
740 2277 928 2347 Itaque
976 2277 1119 2346 quod
1161 2287 1316 2330 antea
1351 2277 1552 2331 dictum
1595 2275 1696 2330 fuit
1745 2277 1939 2331 iterum
1972 2274 2108 2331 dici-

538 2383 693 2436 mus,
741 2367 860 2424 illos
909 2369 1138 2435 scilicet,
1175 2368 1626 2437 quemadmodum
1672 2368 1837 2422 Deum
1880 2383 2110 2439 negave-

535 2467 704 2523 runt,
746 2467 804 2514 et
843 2473 928 2512 res
983 2458 1248 2513 inanimas
1301 2457 1506 2523 colunt,
1547 2459 1625 2513 sic
1672 2459 1833 2512 etiam
1871 2459 2106 2514 animam

539 2546 773 2602 rationis
814 2548 1136 2616 participem
1184 2561 1243 2601 se
1292 2561 1398 2600 non
1438 2547 1656 2616 habere
1709 2548 2104 2614 existimantes,

537 2639 679 2694 hanc
721 2653 833 2692 suae
858 2637 1185 2706 insipientia
1224 2652 1442 2706 pmnam
1483 2647 1672 2706 sponte
1701 2653 1795 2692 sua
1837 2638 2006 2704 luere,
2045 2649 2104 2694 ut

536 2729 685 2782 inter
732 2729 970 2796 pecudes
1008 2738 1386 2783 numerentur.
1438 2728 1616 2796 Quare
1664 2729 1826 2784 veluti
1874 2730 2099 2784 inanimi

539 2817 854 2888 religionem
906 2819 960 2872 in
990 2818 1150 2872 rebus
1194 2817 1444 2873 inanimis
1481 2820 1854 2887 superstitiose
1901 2823 2104 2881 consti-

533 2918 768 2974 tuentes,
801 2907 1152 2962 miseratione
1189 2908 1432 2978 prol'ecto
1461 2911 1609 2978 digni
1643 2920 1769 2964 sunt
1793 2922 1848 2964 et
1881 2913 2102 2967 ductore

535 3013 674 3066 opus
698 2999 920 3054 habent.
951 2998 1008 3054 Si
1034 3015 1163 3054 vero
1193 3000 1427 3054 animam
1468 3016 1528 3056 se
1579 3003 1781 3057 habere
1812 3013 2023 3072 putant,
2049 3015 2104 3060 et

2284 2271 2372 2326 54.
2431 2270 2675 2341 Λέγομεν
2728 2266 2853 2336 οὖν,
2906 2271 3155 2343 καθάπερ
3211 2271 3422 2344 εἴρηται
3487 2273 3787 2346 πρότερον,

2213 2364 2399 2435 ὥσπερ
2433 2363 2524 2416 τὸν
2564 2363 2696 2418 Θεὸν
2730 2365 3055 2436 ἠρνήσαντο,
3087 2367 3179 2418 xui
3223 2364 3403 2436 ἀψυχα
3453 2365 3788 2436 θρησκεύου-

2216 2473 2298 2509 σιν
2333 2454 2464 2525 (l6),
2506 2454 2648 2508 οὕτω
2675 2455 2769 2509 xui
2800 2455 2896 2526 τὴν
2925 2455 3100 2527 ψυχὴν
3140 2458 3237 2509 οὐκ
3269 2457 3414 2527 ἔχειν
3441 2456 3669 2528 λογικὴν
3701 2475 3786 2511 νο-

2215 2545 2483 2617 μίζοντες,
2535 2545 2759 2598 αὐτόθεν
2822 2544 3004 2615 ἔχουσι
3055 2546 3153 2616 τῆς
3209 2548 3639 2617 παραφροσύνης
3692 2547 3787 2617 τὴν

2212 2635 2492 2705 ἐπιτιμίαν
2526 2635 2638 2703 (17)
2664 2636 2720 2687 ἐν
2752 2634 2966 2701 ἀλόγοις
2997 2634 3493 2704 καταριθμούμενοι
3519 2652 3533 2664 ·
3577 2636 3672 2689 xui
3702 2636 3787 2689 διὰ

2209 2727 2368 2780 τοῦτο
2394 2726 2468 2789 ὡς
2495 2725 2689 2796 άψυχοι
2721 2727 2779 2779 ὲν
2804 2725 3031 2796 ἀψύχοις
3062 2727 3271 2796 ἔχοντες
3313 2726 3408 2797 τὴν
3456 2727 3784 2798 δεισιδαιμο-

2209 2819 2348 2883 νίαν,
2379 2817 2562 2881 ὲλέους
2594 2818 2686 2870 xui
2710 2818 3076 2889 χειραγωγίας
3107 2818 3241 2870 εἰσὶν
3257 2817 3414 2883 ἄξιοι.
3449 2819 3587 2871 Εἰδὲ
3611 2818 3786 2890 ψυχὴν

2210 2907 2448 2972 ἀξιοῦσιν
2483 2908 2596 2978 (18)
2619 2907 2782 2978 ἔχειν,
2820 2910 2914 2962 xui
2943 2909 3036 2962 ἐπὶ
3062 2909 3139 2980 τῷ
3163 2908 3364 2980 λογικῷ
3393 2909 3535 2980 μέγα
3561 2909 3786 2982 φρονοῦ-

2212 3016 2316 3062 σιν,
2349 2999 2572 3062 εἰκότως
2593 2997 2749 3051 τοῦτο
2771 2998 3048 3062 ποιοῦντες
3068 3016 3082 3030 ·
3134 2999 3220 3052 διὰ
3259 3001 3310 3052 τί
3341 3000 3415 3063 ὼς
3453 3001 3529 3071 μὴ
3571 3001 3785 3072 ἔχοντες

533 3091 602 3145 de
639 3092 998 3146 ratiocinandi
1023 3091 1288 3147 facultate
1322 3093 1546 3147 multum
1587 3095 1910 3165 gloriantur,
1947 3098 2100 3166 idque

2208 3089 2382 3160 ψυχὴν
2413 3089 2562 3160 παρά
2615 3089 2769 3157 λόγον
2797 3090 3056 3160 τολμῶσι,
3087 3092 3180 3144 xui
3225 3091 3322 3160 οὐχ
3368 3091 3402 3145 ἂ.
3445 3091 3527 3145 δεῖ
3567 3095 3782 3165 φρονεῖν

526 3181 651 3246 jure
686 3181 882 3236 merito
911 3200 924 3236 :
960 3177 1058 3235 cur
1101 3192 1355 3251 tanquam
1387 3182 1566 3236 anima
1597 3193 1868 3248 carentes,
1915 3195 2102 3240 c0ntra

529 3273 797 3326 rationem
827 3287 988 3342 agere
1039 3288 1144 3325 non
1190 3282 1466 3338 verentur,
1502 3289 1602 3329 nec
1650 3289 1713 3329 ea
1763 3291 1882 3344 quae
1915 3291 2103 3345 sapere

528 3371 743 3430 oportet
792 3363 1031 3430 sapiunt,
1071 3361 1164 3415 sed
1203 3363 1411 3432 seipsos
1461 3363 1690 3418 Numine
1743 3366 1908 3419 etiam
1965 3382 2103 3436 prte-

528 3452 825 3507 stantiores
861 3452 1066 3506 iaciunt
1093 3454 1116 3508 ‘?
1140 3454 1416 3522 Siquidem
1445 3454 1543 3523 ipsi
1571 3455 1863 3510 immortali
1899 3460 2097 3522 anima,

524 3556 688 3610 quam
720 3558 818 3598 nec
853 3543 1026 3598 oculis
1067 3545 1246 3599 videre
1276 3555 1519 3612 possunt,
1563 3548 1796 3615 praediti,
1847 3549 2013 3603 Deum
2045 3551 2097 3604 in

524 3635 707 3702 rebus,
762 3651 881 3703 quae
926 3637 1097 3691 oculis
1149 3638 1404 3691 videntur
1434 3645 1489 3691 et
1521 3639 1740 3694 caducae
1790 3649 1938 3702 sunt,
1963 3641 2098 3710 ligu-

526 3733 670 3778 rant.
721 3724 832 3780 Cur
872 3725 997 3780 item
1022 3727 1478 3796 quemadmodum
1513 3745 1541 3782 a
1585 3729 1694 3784 Deo
1727 3743 2094 3800 recesserunt,

526 3815 600 3867 ita
633 3831 820 3871 rursus
848 3819 914 3871 ad
942 3819 1192 3872 eumdem
1234 3835 1340 3873 non
1377 3819 1695 3890 confugiunt
1717 3823 1740 3858 "
1771 3821 2013 3892 Namque
2040 3835 2095 3878 nt

522 3899 692 3953 Deum
723 3913 900 3957 mente
923 3904 1236 3967 deseruere,
1264 3915 1319 3959 et
1351 3921 1435 3960 res
1470 3921 1589 3974 quae
1622 3909 1781 3963 nullae
1810 3922 1934 3965 sunt
1966 3914 2096 3968 deos

521 3987 799 4055 eﬂinxere,
831 3991 910 4045 sic
946 3994 1134 4047 eadem
1164 4010 1274 4049 suae
1301 3997 1494 4051 anima:
1530 4011 1707 4053 mente
1731 4003 2024 4058 ascendere
2043 4014 2095 4058 et

521 4094 581 4132 se
611 4079 805 4134 iterum
849 4084 915 4136 ad
953 4082 1123 4138 Deutn
1175 4097 1403 4155 possunt
1461 4101 1798 4147 convertere.
1839 4092 2088 4159 Possunt,

520 4168 767 4238 inquam,
801 4173 844 4226 si
874 4187 1006 4242 quas
1031 4176 1271 4230 oumium
1299 4178 1656 4245 cupiditatum
1686 4181 1873 4236 sordes
1902 4183 2092 4237 indue-

519 4257 653 4322 rint,
695 4259 987 4328 deponant,
1016 4269 1072 4315 et
1112 4264 1297 4318 tandiu
1325 4265 1568 4332 abluant,
1618 4269 1788 4324 donec
1829 4270 2088 4341 (ιυίιῐψιιίι

518 4346 752 4402 alienum
795 4351 992 4404 animae
1035 4355 1335 4407 accesserit
1370 4355 1691 4423 abjecerint,
1735 4375 1962 4429 eamque
1997 4377 2088 4415 so-

517 4435 647 4500 lam,
683 4438 857 4506 qualis
884 4448 1068 4494 creata
1108 4451 1211 4505 est,
1245 4444 1595 4501 exhibuerint
1629 4465 1642 4501 :
1683 4457 1741 4502 ut
1787 4450 1889 4504 hoc
1933 4461 2087 4519 pacto

514 4525 693 4581 Patris
737 4526 998 4597 Verbum,
1053 4532 1120 4586 ad
1177 4534 1331 4603 cujus
1375 4536 1783 4594 similitudinem
1823 4541 1891 4596 ab
1933 4543 2086 4597 initio

514 4617 642 4671 facti
681 4627 828 4685 sunt,
860 4620 913 4674 itt
938 4621 1023 4675 illa
1065 4623 1264 4678 intueri
1291 4625 1524 4680 valeant.
1565 4629 1648 4683 Ad
1690 4630 1978 4699 imaginem
2014 4635 2087 4688 si-

514 4707 735 4774 quidem
787 4718 842 4762 et
891 4711 1299 4767 similitudinem
1356 4717 1446 4770 Dei
1489 4717 1629 4772 facta
1677 4730 1733 4774 et
1775 4731 1956 4776 creata
2004 4732 2088 4778 est

515 4797 720 4862 anima,
754 4809 813 4853 ut
841 4800 949 4870 27
975 4812 1032 4855 et
1066 4803 1246 4858 divina
1281 4806 1569 4876 Scriptura
1598 4809 1823 4876 indicat,
1857 4826 1977 4880 qua;
2019 4829 2083 4868 ex

515 4897 750 4952 persona
786 4888 882 4944 Dei
931 4891 1007 4944 ita
1063 4891 1344 4962 loquitur:
1385 4895 1670 4952 Faciamus
1706 4900 1965 4954 hominem
2013 4906 2083 4956 ad

513 4975 800 5045 imaginem
852 4989 902 5034 et
955 4983 1355 5040 similitudinem
1404 4997 1641 5041 nostram
1697 4989 1762 5044 η.
1815 4991 2080 5057 Quocirca

514 5077 638 5118 cum
667 5079 859 5123 omnes
893 5071 1099 5138 peccati
1130 5074 1390 5140 maculas,
1425 5076 1622 5145 quibus
1651 5090 1870 5148 aspersa
1898 5079 2076 5145 fuerit,

517 5156 852 5227 absterserit,
903 5171 959 5216 et
1007 5164 1176 5218 solam
1222 5166 1367 5220 illam
1419 5168 1830 5223 similitudinem
1883 5186 2072 5238 puram

588 5268 834 5327 "Genes.
862 5289 902 5340 ι,
929 5246 1020 5329 Ξθ.

723 5365 885 5436 Basil.
923 5366 1158 5436 Anglic.,
1187 5370 1317 5436 περὶ
1348 5369 1442 5423 τοῦ
1464 5370 1621 5426 Θεοῦ.

583 5387 696 5436 (ιο)
723 5387 885 5421 Das".
923 5387 1158 5436 angue"
1187 5387 1257 5422 πε
1301 5387 1317 5422 ι
1348 5387 1442 5423 του
1464 5387 1621 5426 σεου.

536 5500 548 5512 _
577 5433 695 5512 μϐ)
731 5434 955 5512 Seguer.
986 5437 1206 5512 Gobler.
1240 5387 1479 5494 lgelckm.
1525 5443 1551 5495 1
1588 5455 1775 5507 anon.,
1803 5441 2070 5498 σέϐουσιν.

508 5499 946 5575 Iidem'rjv'seq.
981 5522 1087 5561 non
1124 5509 1347 5563 habent.

571 5569 691 5648 _(|7)
722 5569 1024 5650 Gobletf..e_t
1041 5577 1278 5650 Felclttn.
1307 5580 1329 5630 1
1363 5592 1553 5650 auom,
1585 5579 2066 5650 ἐπιμισθίανησιιιο

509 5644 668 5690 etiam
719 5644 876 5695 modo
912 5644 1106 5712 legisse
1136 5649 1383 5700 videntur
1426 5647 1664 5700 Nannius
1687 5644 1752 5701 'et
1801 5644 2062 5704 Omnibo-

507 5719 632 5771 nus,
671 5712 760 5777 qui
785 5712 927 5766 bauc
956 5728 1140 5768 vocem
1172 5725 1409 5783 vertunt,
1433 5717 1736 5772 mercedem.

2206 3187 2518 3258 φρονοῦσιν,
2583 3187 2719 3240 ἀλλά
2771 3188 3082 3258 κρείττονας
3120 3186 3341 3248 ἑαυτοὺς
3383 3184 3493 3256 (l9)
3544 3185 3642 3238 xui
3689 3184 3780 3238 τοῦ

2203 3279 2358 3330 Θείου
2388 3277 2632 3343 ποιοῦσι;
2667 3280 2860 3349 Ψυχὴν
2883 3279 2988 3348 γὰρ
3015 3277 3279 3331 ἀθάνατον
3301 3277 3520 3347 ἔχοντες
3571 3279 3667 3331 xui
3707 3277 3779 3348 μὴ

2205 3371 2544 3441 βλεπομένην
2579 3372 2781 3434 αὐτοῖς,
2819 3370 2908 3422 τὸν
2931 3369 3061 3422 Θεὸν
3087 3372 3144 3422 ἐν
3175 3373 3286 3433 τοῖς
3308 3368 3665 3439 βλεπομένοις
3690 3369 3780 3421 xui

2203 3461 2411 3530 θνητοῖς
2452 3461 2859 3524 ἀπεικάζουσιν.
2899 3461 2968 3512 ’Ἠ
2994 3459 3081 3513 διὰ
3108 3461 3181 3524 τί,
3229 3460 3418 3531 ὥσπερ
3462 3461 3780 3532 ἀπέστησαν

2199 3553 2305 3604 ἀπὸ
2337 3552 2431 3605 τοῦ
2462 3551 2618 3620 Θεοῦ,
2649 3550 2824 3614 οὕτως
2875 3553 2934 3604 οὐ
2993 3551 3392 3621 καταφεύγουσι
3436 3555 3600 3607 πάλιν
3645 3553 3778 3624 πρὸς

2199 3644 2360 3695 αὐτόν
2386 3661 2400 3710 ;
2430 3645 2694 3698 Δύνανται
2730 3645 2860 3715 γὰρ,
2887 3645 3074 3716 ὥσπερ
3102 3646 3532 3716 ἀπεστράφησαν
3563 3647 3629 3716 τῇ
3664 3644 3778 3696 δια⁹

2197 3735 2312 3806 νοίᾳ
2333 3735 2420 3788 τὸν
2442 3736 2592 3799 Θεὸν,
2629 3736 2722 3790 xui
2738 3736 2803 3789 τὰ
2819 3738 2917 3790 οὐκ
2935 3737 3061 3790 ὄντα
3084 3737 3454 3791 ἀνεπλάσαντο
3487 3737 3567 3799 εἰς
3601 3735 3774 3797 θεοὺς,

2195 3827 2366 3890 οὓτως
2407 3828 2672 3898 ἀναϐῆναι
2699 3829 2776 3899 τῷ
2810 3829 2886 3897 νῷ
2942 3829 3038 3900 τῆς
3083 3829 3281 3899 ψυχῆς,
3311 3829 3406 3881 xui
3447 3829 3612 3882 πάλιν
3657 3830 3774 3879 ἐπι-

2202 3915 2430 3984 στρέψαι
2466 3915 2602 3986 πρὸς
2634 3918 2722 3969 τὸν
2756 3917 2906 3970 Θεόν.
2927 3919 3277 3990 Ἐπιστρέψαι
3300 3919 3356 3971 δὲ
3380 3919 3658 3981 δύνανται,
3684 3919 3773 3972 ἐάν

2194 4003 2252 4056 ὃν
2281 4003 2597 4058 ἐνεδύσαντο
2631 4005 2799 4076 ῥύπον
2846 4007 3022 4078 πάσης
3056 4006 3368 4077 ἐπιθυμίας,
3425 4007 3770 4070 ἁπόθωνται,

2196 4097 2288 4148 xui
2317 4096 2567 4149 τοσοῦτον
2593 4098 2980 4167 ἀπονίψωνται,
3013 4099 3117 4162 ἕως
3141 4098 3204 4152 ἂν
3235 4099 3550 4152 ἀπόθωνται
3586 4104 3693 4154 πᾶν
3714 4101 3772 4153 τὺ

2196 4187 2538 4257 συμϐεϐηκὸς
2561 4188 2837 4260 ἀλλότριον
2864 4193 2928 4260 τῇ
2956 4189 3123 4260 ψυχῇ,
3159 4191 3251 4243 xui
3275 4191 3442 4261 μόνην
3467 4192 3639 4263 αὐτὴν
3659 4189 3767 4260 (20)

2193 4273 2381 4346 ὥσπερ
2428 4276 2692 4344 γέγονεν,
2751 4277 3125 4342 ἀποδείξωσιν,
3183 4279 3247 4330 ἵν’
3281 4277 3458 4342 οὕτως
3517 4283 3574 4333 ἐν
3635 4282 3764 4349 αὐτῇ

2194 4365 2467 4436 θεωρῆσαι
2498 4368 2588 4420 τὸν
2613 4367 2704 4419 τοῦ
2752 4369 2965 4439 Πατρὺς
3006 4367 3205 4436 Λόγον,
3245 4369 3366 4421 καθ’
3392 4370 3451 4422 ὃν
3486 4371 3580 4422 xui
3611 4370 3764 4438 γεγόο

2195 4472 2345 4508 νασιν
2384 4456 2441 4520 ἐξ
2487 4457 2682 4528 ἀρχῆς.
2737 4459 3024 4530 δυνηθῶσι.
3082 4459 3218 4511 Κατ’
3249 4459 3434 4513 εἰκόνα
3485 4460 3596 4532 γὰρ
3635 4459 3764 4512 Θεοῦ

2195 4544 2506 4614 πεποίηται,
2543 4547 2636 4599 xui
2669 4546 2790 4599 καθ’
2810 4548 3066 4618 ὁμοίωσιν
3098 4549 3340 4616 γέγονεν,
3374 4550 3449 4613 ὡς
3474 4551 3567 4602 xui
3595 4552 3627 4622 ἡ
3652 4551 3765 4603 θεία

2196 4635 2447 4704 σημαίνει
2488 4637 2675 4708 Γραφὴ
2720 4638 2784 4690 ὲκ
2829 4638 3117 4709 προσώπου
3168 4639 3260 4691 τοῦ
3305 4640 3442 4693 Θεοῦ
3489 4642 3719 4709 λέγουσα
3745 4656 3758 4670 °

2193 4724 2545 4792 Ποιήσωμεν
2573 4725 2884 4794 ἄνθρωπον
2907 4727 3030 4780 κατ’
3052 4730 3258 4782 εἰκόνα
3284 4729 3379 4782 καὶ
3412 4729 3542 4782 καθ’
3572 4731 3763 4798 δμοίω-

2188 4815 2630 4884 σινὴμετέραν.
2663 4817 2828 4870 Ὅθεν
2858 4818 2948 4871 xui
2980 4818 3068 4871 ὅτε
3101 4819 3279 4872 πάντα
3307 4819 3400 4872 τὸν
3438 4819 3761 4890 ἐπιχυθέντα

2192 4905 2361 4976 ῥύπον
2416 4908 2517 4978 τῆς
2568 4909 2840 4980 ἁμαρτίας
2896 4911 2987 4979 ἀφ’
3033 4912 3230 4981 ἑαυτῆς
3283 4911 3632 4976 ἀποτίθεται,
3671 4909 3759 4964 xui.

2186 4997 2344 5068 μόνον
2384 5000 2444 5052 τὸ
2477 5003 2599 5054 κατ’
2632 5003 2815 5057 εἰκόνα
2867 5004 3106 5076 καθαρὸν
3151 5005 3445 5074 φυλάττει,
3499 5009 3752 5070 εἰκότως,

2171 5090 2707 5163 διαλαμπρυνθέντος
2754 5095 2965 5160 τούτου,
3011 5096 3088 5160 ὼς
3125 5099 3184 5150 ὲν
3224 5097 3519 5168 κατόπτρῳ
3567 5095 3754 5169 θεωρεῖ

2177 5180 2274 5250 τὴν
2301 5183 2485 5236 εἰκόνα
2517 5183 2612 5236 τοῦ
2655 5186 2867 5257 Πατρὸς
2902 5186 2991 5240 τὸν
3039 5188 3232 5256 Λόγον,
3263 5189 3357 5242 xui
3389 5190 3448 5241 ὲν
3479 5190 3629 5261 αὐτῷ
3667 5189 3753 5243 τὸν

2250 5379 2374 5456 (18)_
2392 5380 2629 5456 Felclgm.
2671 5383 2708 5436 2
2741 5385 3242 5456 anon._,ut3xoi3_cw.
3269 5386 3412 5440 Idem
3436 5387 3599 5456 paulo
3629 5394 3745 5456 post

2177 5449 2504 5520 φρονοῦντες
2533 5451 2714 5512 habet,
2745 5454 2832 5506 ubi
2863 5449 2954 5508 alii
2984 5449 3286 5518 ποιοῦντες.

2223 5518 2229 5532 ‘
2249 5518 2359 5587 (19)
2376 5519 2632 5582 Ἑαυτοὺς
2651 5535 2754 5575 non
2771 5531 2854 5575 est
2871 5523 2925 5575 in
2945 5523 3164 5585 Seguer.
3185 5523 3405 5578 Gohler.
3427 5535 3479 5578 et
3507 5522 3740 5580 Felcm

2170 5586 2194 5639 1
2229 5586 2407 5660 anon.
2431 5587 2567 5660 ibid.
2601 5589 2694 5642 καί
2723 5592 2875 5660 deest
2905 5591 3153 5660 in‘Basil.
3177 5603 3230 5647 et
3269 5593 3491 5660 Anglic.

2241 5655 2351 5725 (20)
2382 5657 2563 5728 Αὐτήν
2597 5661 2752 5715 abest
2776 5675 2805 5713 a
2839 5658 3077 5716 Felckut.
3106 5663 3140 5717 5
3172 5655 3467 5731 anonymo.
