4010 6510
251 399 306 452 69
1386 387 1645 446 ORATIO
1682 389 1816 444 CON

1922 391 1961 444 Α
2002 390 2292 446 GENl‘ES.
3420 371 3488 458 ἰο

249 508 461 578 Πατέρα,
493 500 557 561 οὗ
611 507 706 561 καὶ
734 507 879 560 ἔστιν
919 505 1084 559 εἰκὼν
1116 509 1144 558 6
1172 505 1383 575 Σωτὴρ,
1410 505 1700 571 λογιςίται.
1733 506 1804 556 Ἦ

1922 514 2070 573 itque
2097 506 2358 576 integram
2394 510 2716 574 servaverit,
2750 511 2947 569 merito
2975 513 3026 568 in
3056 528 3117 568 ea
3162 525 3390 587 purgata
3418 533 3483 574 ac

251 601 288 651 si
307 598 402 668 (21)
436 599 513 668 μὴ
544 599 832 669 αὐτάρκης
857 599 1004 650 ἐστὶν
1039 599 1071 666 ἡ
1120 596 1269 666 παρὰ
1298 595 1397 663 τῆς
1454 595 1633 664 ψυχῆς
1667 594 1810 647 διδα-

252 691 417 745 σκαλία
447 690 539 743 διὰ
581 691 650 744 τὰ
685 689 1032 744 ἔπιθολοῦντα
1055 690 1261 758 ταύτης
1302 686 1497 751 ἔξωθεν
1533 687 1624 738 τὸν
1662 685 1805 749 νοῦν,

251 783 325 835 καὶ
345 785 412 852 μὴ
441 781 581 852 ὀρᾷν
613 780 784 850 αὐτὴν
815 781 876 832 τὸ
904 783 1176 850 κρεῖττον*
1220 777 1332 830 ἀλλ’
1366 777 1481 828 ἔστι
1515 776 1695 830 πάλιν-
1714 778 1808 829 καὶ

251 871 337 925 ἀπὸ
361 871 468 924 τῶν
502 872 849 942 φαινομένων
893 871 989 942 τὴν
1028 872 1156 941 ἰτερί⁵
1189 868 1282 922 τοῦ
1310 867 1444 921 Θεοῦ
1474 868 1675 936 γνῶσιν
1709 886 1809 922 κα-

252 961 496 1024 ταλαϐεῖν,
555 963 659 1031 τῆς
703 964 932 1024 κτίσεως
988 961 1175 1032 ὥσπερ
1222 961 1513 1031 γράμμασι
1565 958 1653 1011 διὰ
1711 960 1809 1029 τῆς

253 1053 429 1116 τάξεως
448 1053 543 1104 καὶ
567 1052 834 1122 ἁρμονίας
852 1052 942 1103 τὸν
959 1050 1156 1120 ἑαυτῆς
1171 1049 1437 1119 δεσπότην
1465 1049 1558 1101 καὶ
1579 1047 1806 1118 ποιητὴν

255 1143 604 1213 σημαινούσης
630 1143 726 1194 καὶ
751 1141 979 1211 βοώσης.

1913 597 2350 665 splendescente,
2395 608 2652 671 tanquam
2705 604 2759 657 in
2791 607 3029 672 speculo,
3069 606 3304 663 Verbum
3347 612 3486 665 ima-

1912 686 2088 753 ginem
2128 688 2305 742 Patris
2342 692 2835 762 contemplabitur;
2868 707 2921 748 et
2950 696 3002 750 in
3040 696 3216 754 Verbo
3242 699 3484 766 Patrem,

1914 777 2070 846 cujus
2097 787 2151 832 et
2184 779 2434 834 Salvator
2491 770 2667 852 imago
2705 795 2809 849 est,
2860 790 3186 856 cogitatione
3235 808 3487 863 compre-

1915 867 2132 924 hendet.
2162 868 2255 924 Vel
2287 871 2330 924 si
2365 873 2476 942 ipsa
2519 888 2611 943 per
2643 891 2704 930 se
2738 877 2918 932 anima
2951 881 3062 934 lucc
3094 893 3352 951 praestare
3374 885 3486 955 jam

1915 974 2021 1012 non
2073 970 2255 1029 queat,
2309 979 2430 1018 cum
2496 967 2565 1020 ob
2611 983 2672 1022 ea
2717 984 2837 1038 quae
2881 982 3111 1027 mentem
3152 977 3490 1031 extrinsecus

1919 1049 2139 1103 turbant
2189 1063 2246 1106 et
2293 1054 2603 1124 inquinant,
2655 1069 2766 1114 tum
2822 1063 2945 1130 quia
2990 1065 3105 1134 ipsa
3134 1066 3260 1135 quid
3305 1069 3490 1136 potius

1912 1140 2220 1210 eligendum
2253 1146 2324 1199 sit
2353 1162 2456 1200 non
2487 1149 2701 1207 videat:
2728 1163 2876 1207 certe
2924 1171 2990 1208 ex
3029 1157 3192 1212 rebus
3243 1172 3490 1229 aspecta-

255 1233 426 1288 bilibus
461 1232 556 1286 Dei
597 1232 961 1300 cognitionem
1023 1231 1242 1286 haurire
1312 1239 1512 1299 potest,
1550 1229 1983 1300 quandoquidem
2059 1248 2146 1289 res
2209 1247 2424 1302 creatae,
2461 1242 2765 1299 admirabili
2797 1247 2985 1302 ordine
3015 1258 3068 1304 et
3092 1263 3358 1307 concentu
3385 1271 3492 1323 quo

256 1322 542 1392 composita:
616 1331 769 1390 sunt,‘
818 1323 1137 1392 quibusdam
1196 1321 1360 1376 veluti
1413 1322 1630 1388 litteris,
1684 1321 1968 1376 Dominum
2042 1334 2097 1380 et
2165 1326 2478 1386 Creatorem
2526 1334 2766 1391 indicant
2830 1348 2886 1394 et
2939 1344 3093 1410 quasi
3152 1359 3284 1401 voce
3348 1321 3491 1415 pree-

256 1416 428 1469 dicant.

311 1509 385 1562 35.
423 1507 656 1576 Ἀγαθδς
679 1505 788 1577 γὰρ
818 1501 910 1561 οὗν
945 1508 1038 1560 κα)⁸
1067 1507 1446 1579 φιλάνθρωπος
1474 1509 1502 1561 6
1529 1507 1681 1570 Θεὸς,
1717 1507 1810 1559 καὶ

257 1598 525 1668 κηδόμενος
559 1599 671 1653 τῶν
726 1601 818 1652 ὑπ’
845 1600 1008 1653 αὑτοῦ
1063 1600 1368 1670 γενομένων
1427 1598 1538 1670 (9.2)
1594 1599 1806 1670 ψυχῶν,

257 1690 432 1763 ἐπειδὴ
466 1691 703 1760 ἀόρατος
746 1694 839 1745 καὶ
867 1692 1253 1762 ἁκατάληπτός
1307 1693 1423 1744 ἔστι
1469 1689 1566 1761 τὴν
1621 1691 1836 1759 φύσιν,-

256 1782 488 1835 ἐπέκεινα
522 1783 706 1853 πάσης
756 1783 990 1853 γενητῆς
1034 1782 1219 1845 οὐσίας
1259 1784 1536 1853 ὑπάρχων,
1585 1784 1678 1836 καὶ
1719 1783 1808 1835 διὰ
1842 1817 1883 1871 Β

254 1874 388 1927 τοῦτο
417 1874 613 1944 ἔμελλε
645 1874 710 1927 τὸ
740 1873 1079 1945 ἀνθρώπινον
1107 1875 1262 1942 γένος
1295 1876 1513 1944 ἀτυχεῖν
1541 1874 1642 1944 τῆς
1682 1875 1811 1946 περὶ

255 1967 393 2022 αὐτοῦ
425 1966 705 2036 γνώσεως,
745 1967 826 2038 τῷ
855 1967 923 2020 τὰ
957 1968 1066 2038 (25)
1105 1968 1202 2038 μὲν
1238 1966 1297 2030 ἐξ
1328 1968 1426 2020 οὐκ
1454 1967 1620 2020 ὄντων
1651 1964 1807 2033 εἶναι,

253 2059 327 2112 τὸν
347 2060 399 2112 δὲ
431 2059 700 2127 ἀγένητον
724 2076 736 2088 ο
768 2059 954 2112 τούτου
981 2061 1167 2112 ἔνεκεν
1197 2059 1297 2129 τὴν
1328 2060 1502 2112 κτίσιν
1534 2059 1678 2112 οὓτω.
1704 2061 1811 2112 διε-

254 2151 472 2222 κόσμησε
513 2151 592 2221 τῷ
646 2151 837 2204 ἑαυτοῦ
882 2151 1039 2221 Λόγῳ
1077 2152 1106 2202 6
1150 2151 1313 2217 Θεὸς,
1369 2151 1460 2214 ἶν’,
1495 2151 1680 2223 ἐπειδὴ
1711 2152 1810 2223 τὴν

254 2243 391 2310 φύσιν
424 2241 572 2294 ἐστὶν
610 2242 860 2312 ἀόρατος,
889 2242 992 2295 κᾶν
1025 2243 1089 2307 ὲκ
1118 2241 1226 2294 τῶν
1255 2242 1430 2313 ἔργων
1451 2243 1812 2311 γινώσκεσθαι

254 2327 427 2400 δυνηθῇ
457 2332 570 2391 τοῖς
597 2328 926 2400 ἀνθρώποις.
972 2331 1067 2383 Ἐκ
1090 2331 1198 2401 γὰρ
1222 2331 1328 2384 τῶν
1352 2331 1527 2403 ἔργων
1556 2334 1813 2398 πολλάκις

254 2420 529 2490 ὁτεχνίτης
554 2421 649 2472 καὶ
680 2420 754 2490 μὴ
785 2422 1062 2493 ὁρώμενος
1087 2422 1415 2490 γινώσκεται
1434 2441 1447 2453 ο
1481 2425 1575 2478 καὶ
1619 2421 1727 2478 οἷόν
1760 2444 1812 2479 τι

254 2508 447 2577 λέγουσι
478 2511 719 2580 περὶτοῦ
745 2511 1183 2582 ἀγαλματοποιοῦ
1213 2513 1442 2577 Φειδίου,
1473 2514 1548 2578 ὡς
1579 2515 1648 2568 τὰ
1686 2515 1812 2568 τού-

253 2617 330 2654 του
361 2601 816 2673 δημιουργήματα
849 2605 913 2655 ὲκ
940 2604 1040 2672 τῆς
1069 2605 1404 2675 συμμετρίας
1433 2607 1524 2659 καὶ
1549 2607 1648 2676 τῆς
1678 2608 1814 2679 πρὸς

256 2692 435 2763 ἄλληλα
477 2694 586 2747 τῶν
615 2695 797 2764 μερῶν
830 2695 941 2762 (24)
972 2695 1263 2763 ἀναλογίας
1295 2697 1580 2766 ἐμφαίνειν
1614 2699 1706 2751 καὶ
1739 2699 1813 2770 μὴ

257 2785 473 2854 παρόντα
499 2785 716 2838 Φειδίαν
749 2789 861 2848 τοῖς
893 2787 1091 2857 ὁρῶσιν
1113 2805 1125 2816 ·
1163 2787 1306 2838 οὕτω
1346 2787 1426 2839 δεῖ
1457 2791 1596 2841 νοεῖν
1627 2791 1689 2841 ἐκ
1713 2790 1814 2858 τῆς

255 2878 332 2930 τοῦ
354 2878 554 2948 κόσμου
580 2879 790 2944 τάξεως
806 2881 894 2932 τὸν
913 2879 1103 2932 τούτου
1129 2880 1358 2950 ποιητὴν
1375 2881 1468 2932 καὶ
1484 2880 1814 2952 δημιουργὸν

256 2968 388 3032 Θεὸν,
414 2970 517 3024 κᾶν
547 2975 662 3034 τοῖς
690 2971 784 3023 τοῦ
835 2970 1083 3042 σώματος
1133 2972 1429 3042 ὀφθαλμοῖς
1483 2973 1557 3043 μὴ
1605 2972 1814 3044 θεωρῆ-

255 3078 328 3114 tat
360 3061 487 3133 (25).
527 3063 604 3116 Οὐ
634 3062 744 3134 γὰρ
770 3065 1146 3134 κατεχρήσατο
1190 3066 1253 3133 τῇ
1287 3065 1502 3135 ἀοράτῳ
1531 3065 1688 3132 φύσει
1719 3065 1816 3117 αὑ-

1987 1503 2078 1559 55.
2115 1503 2295 1560 Bonus
2322 1507 2465 1562 enim
2491 1518 2546 1564 et
2570 1508 2805 1567 clemens
2836 1514 2996 1581 Deus,
3029 1520 3329 1577 animarum
3359 1535 3494 1594 quas

1917 1598 2122 1652 creavit
2173 1613 2357 1653 curam
2395 1615 2622 1668 gerens,
2660 1607 2784 1674 quia
2823 1606 2940 1675 ejus
3001 1619 3205 1666 naturae
3261 1626 3345 1668 est
3374 1633 3494 1685 qua:

1915 1690 2081 1744 vlderi
2108 1699 2160 1743 et
2197 1693 2578 1761 comprehendi
2605 1708 2854 1765 nequeat,
2890 1715 3214 1771 omnemque
3254 1719 3491 1763 creatam

1915 1781 2268 1834 substantiam
2302 1786 2664 1852 transcendat,
2688 1796 2851 1858 atque
2879 1791 3084 1848 idcirco
3103 1795 3344 1850 futurum
3377 1810 3496 1854 erat

1919 1880 1976 1926 ut
2009 1872 2302 1926 humanum
2338 1889 2507 1943 genus
2537 1875 2678 1932 illius
2703 1882 3062 1950 cognitionem
3098 1903 3202 1941 non
3236 1903 3496 1958 asseque-

1920 1970 2087 2026 rctur,
2116 1976 2181 2016 eo
2211 1964 2352 2030 quod
2378 1963 2539 2019 homo
2580 1966 2653 2020 sit
2708 1982 2775 2022 ex
2806 1970 2974 2025 nihilo
3011 1973 3209 2042 factus,
3259 1988 3308 2030 et
3351 1979 3493 2034 Deus

1919 2053 2037 2108 sine
2067 2054 2177 2108 ullo
2205 2055 2276 2108 sit
2307 2056 2572 2125 principio
2601 2076 2612 2109 :
2645 2073 2765 2112 eam
2801 2062 2870 2115 ob
2895 2079 3006 2117 rem
3051 2076 3301 2123 naturam
3339 2086 3493 2127 crea-

1921 2153 2028 2198 tam
2052 2160 2148 2199 suo
2173 2144 2350 2201 Verbo
2375 2157 2481 2200 tam
2505 2157 2628 2216 apte
2656 2154 2980 2221 composuit,
3017 2165 3074 2210 ut
3117 2159 3243 2227 quia
3283 2161 3396 2228 ipse
3422 2178 3490 2218 ex

1918 2237 2000 2290 sui
2030 2247 2220 2290 natura
2250 2239 2416 2292 videri
2449 2255 2553 2294 non
2584 2251 2781 2310 potest,
2823 2245 3012 2300 saltem
3056 2263 3119 2302 ex
3149 2255 3400 2317 operibus
3421 2255 3490 2310 ab

1921 2325 2228 2380 hominibus
2256 2329 2509 2396 cognosci
2534 2341 2736 2397 posset.
2772 2332 2927 2404 Saepe
2962 2337 3105 2392 enim
3130 2354 3194 2394 ex
3238 2345 3492 2410 operibus

1919 2418 2136 2481 artifex,
2163 2419 2371 2473 etiamsi
2395 2435 2498 2474 non
2538 2423 2799 2490 videatur,
2828 2432 3212 2498 cegnoscitur:
3243 2445 3400 2504 atque
3433 2451 3495 2493 ut.

1921 2507 1986 2562 de
2016 2509 2276 2564 statuario
2304 2509 2490 2564 Phidia
2522 2523 2765 2580 narrant,
2814 2517 2931 2586 ejus
2971 2535 3162 2590 nempe
3212 2540 3374 2593 opera
3426 2543 3492 2584 ex

1920 2608 2106 2653 mutua
2131 2599 2364 2669 partium
2402 2601 2542 2656 inter
2564 2617 2623 2657 se
2654 2608 3004 2674 proportione
3031 2619 3084 2664 et
3137 2613 3495 2684 dispositione

1919 2691 2170 2746 Phidiam
2200 2693 2326 2748 licet
2378 2697 2655 2750 absentem
2710 2701 3081 2767 spectantibus
3134 2708 3492 2776 exhibuisse;

1923 2783 1995 2835 ita
2026 2797 2091 2836 ex
2123 2783 2306 2836 mundi
2338 2787 2741 2840 constructione
2786 2789 2930 2842 illius
2981 2793 3204 2848 eii‘ector
3232 2807 3286 2850 et
3315 2799 3493 2866 opifex

1921 2873 2061 2928 Deus
2095 2874 2478 2945 intelligendus
2505 2888 2607 2939 est,
2641 2881 2849 2932 tametsi
2887 2883 3057 2936 oculis
3098 2888 3344 2954 corporis
3385 2906 3490 2944 non

1922 2965 2203 3033 aspicitur.
2234 2966 2342 3021 Nec
2375 2969 2518 3022 enim
2544 2986 2640 3023 sua
2670 2971 2927 3026 invisibili
2963 2985 3152 3031 natura
3185 2979 3386 3036 abusus
3411 2994 3494 3038 est

1922 3058 2066 3112 Deus
2093 3058 2270 3127 (nemo
2302 3061 2352 3114 id
2387 3061 2684 3129 causetur),
2730 3077 2828 3116 nec
2873 3079 2930 3117 se
2979 3066 3287 3125 hominibus
3335 3073 3496 3141 plane

253 3151 332 3204 τοῦ
361 3156 386 3206 6
411 3154 563 3217 Θεὸς
603 3154 678 3224 μή
703 3171 788 3217 τις
818 3154 974 3207 τοῦτο
1007 3153 1430 3226 προφασιζέσοω
1451 3172 1465 3186 ⁸
1494 3157 1588 3208 καὶ
1623 3174 1817 3208 παντε-

1922 3145 2164 3214 ignotum
2201 3147 2413 3216 reliquit
2444 3167 2455 3201 :
2492 3164 2700 3213 verum,
2728 3161 2786 3203 ut
2819 3153 2977 3206 modo
3005 3155 3272 3225 dicebam,
3299 3162 3378 3215 sic
3398 3177 3494 3214 na-

254 3241 345 3306 λῶς
369 3244 552 3298 ἑαυτὸν
593 3245 871 3312 ἄγνωστον
915 3248 1025 3307 τοῖς
1065 3243 1370 3308 ἀνθρώποις
1406 3244 1648 3314 ἀφῆκεν·
1703 3245 1815 3298 ἀλλ’

254 3335 319 3398 ὡς
349 3339 625 3408 προεῖπον,
663 3336 805 3388 οὕτω
837 3336 1160 3407 διεκόσμησε
1188 3335 1284 3407 τὴν
1315 3336 1511 3399 κτίσιν,
1549 3337 1688 3390 ὥστε
1727 3337 1820 3391 καὶ

257 3428 323 3499 μὴ
369 3429 646 3500 ὁρώμενον
678 3429 841 3482 αὐτὸν
884 3432 950 3500 τῇ
985 3429 1164 3497 φύσει,
1199 3429 1348 3498 ὅμως
1395 3431 1459 3480 ὲκ
1505 3429 1614 3482 τῶν
1643 3429 1820 3500 ἔργων

256 3521 619 3588 γινώσκεσθαι.
653 3521 766 3575 Καὶ
810 3520 966 3574 τοῦτο
991 3521 1048 3573 οὐ
1079 3522 1204 3591 παρ’
1239 3520 1476 3589 ἐμαυτοῦ
1515 3539 1675 3591 φημι,
1707 3521 1819 3573 ἀλλ’

255 3607 420 3681 ἀφ’ὦν
450 3615 559 3668 ἀπὸ
583 3613 697 3683 (26)
729 3612 838 3664 τῶν
870 3611 1130 3680 θεολόγων
1156 3610 1362 3680 ἀνδρῶν
1386 3610 1606 3681 ἕμαῦον,
1639 3605 1711 3664 ὧν
1742 3606 1822 3674 εἷς

257 3705 387 3757 ἔστιν
434 3707 462 3758 6
488 3704 734 3768 Παῦλοςί,
783 3704 1074 3773 Ῥωμαίοις
1117 3703 1212 3772 μὲν
1251 3703 1478 3772 γραςων
1511 3703 1689 3756 οὕτω·
1746 3705 1821 3757 Τὰ

258 3795 354 3865 γὰρ
373 3799 592 3866 ἀόρατα
613 3795 802 3850 αὐτοῦ
823 3795 939 3848 ἀπὸ
965 3796 1214 3860 κτίσεως
1242 3798 1474 3864 κόσμου
1503 3796 1626 3862 τοῖς
1651 3795 1821 3862 ποιή-

256 3906 389 3955 μασι
418 3890 716 3958 νοούμενα
747 3885 1084 3955 καθορᾶται.
1141 3890 1376 3941 Λυκάοσι
1424 3890 1479 3941 δὲ
1513 3891 1822 3960 παρρησια-

249 3980 467 4049 ζόμενος
500 3981 597 4034 καὶ
629 3980 809 4046 λέγων
831 3996 844 4009 ⁸
891 3980 1000 4033 Καὶ
1023 3979 1193 4047 ἡμεῖς
1224 3980 1597 4048 ὁμοιοπάθεῖς
1637 3981 1822 4049 ἐσμεν

261 4073 390 4140 ὑμῖν
413 4073 733 4141 ἄνθρωποι,
778 4072 1284 4142 εὐαγγελιζόμενοι
1327 4071 1482 4140 ὑμᾶς
1533 4071 1652 4124 ἀπὸ
1704 4071 1822 4124 τῶν

256 4165 503 4230 ματαίων
533 4163 918 4232 ἐπιστρέφειν
950 4163 1044 4215 ἐπὶ
1067 4162 1215 4216 Θεὸν
1245 4162 1448 4225 ζῶντα,
1483 4161 1548 4227 ὃς
1572 4163 1822 4228 ἐποίησε

259 4257 356 4307 τὸν
384 4256 640 4324 οὐρανὸν
672 4255 771 4308 καὶ
802 4255 917 4320 τὴν
943 4253 1058 4324 γῆν
1092 4255 1190 4307 καὶ
1215 4252 1327 4320 τὴν
1360 4253 1700 4318 θάλασσαν,
1722 4255 1819 4308 καὶ

260 4341 439 4397 πάντα
469 4343 540 4397 τὰ
571 4345 642 4397 ἐν
689 4342 926 4408 αὐτοῖς,
981 4343 1048 4407 ὃς
1088 4343 1157 4394 ἐν
1201 4342 1328 4407 ταῖς
1370 4342 1822 4411 παρῳχημέναις

260 4435 472 4502 γενεαῖς
499 4436 670 4489 εἴασε
721 4432 916 4486 πάντα
965 4432 1038 4486 τὰ
1088 4434 1230 4499 ἔθνη
1291 4434 1645 4500 πορεύεσθαι
1695 4432 1820 4498 ταῖς

261 4526 410 4593 ὁδοῖς
435 4529 650 4583 αὐτῶν.
680 4527 879 4581 Καίτοι
912 4543 978 4595 γε
1004 4524 1117 4597 (27)
1157 4527 1267 4578 οὐκ
1313 4524 1654 4592 ἀμάρτυρον
1680 4524 1820 4576 ἐαυ-
1852 4510 1896 4562 Ῑ)

259 4613 359 4668 τὸν
397 4617 627 4687 ἀφῆκεν
671 4613 1073 4684 ἀγαθουργῶν,
1130 4614 1456 4680 οὐρανόθεν
1508 4612 1652 4682 ἡμῖν
1707 4611 1818 4682 (28)

259 4703 448 4773 ὁμδοὺς
478 4705 694 4770 ὑετοὺς
733 4703 833 4758 καὶ
874 4702 1114 4769 καιροὺς
1161 4702 1600 4770 καρποφόρους,
1648 4700 1818 4767 ἐμπι-

261 4795 420 4850 πλῶν
480 4794 706 4865 τροφῆς
782 4793 882 4847 καὶ
955 4794 1338 4861 εὐφροσύνης
1396 4792 1502 4857 τὰς
1571 4790 1819 4859 καρδίας

326 4912 371 4943 ’⁸
392 4912 541 4967 Rom.
569 4929 609 4977 ι,
639 4913 732 4967 20.
811 4913 856 4944 ¹⁰
879 4913 998 4967 Act.
1028 4928 1138 4978 xw,
1169 4910 1359 4966 14ο16.

328 5033 433 5102 (21)
456 5034 860 5103 Anglicanus?)
893 5033 970 5095 δέ,
998 5033 1136 5088 forte
1159 5046 1257 5101 pro
1284 5034 1333 5086 εἰ
1355 5031 1433 5086 δέ.
1477 5029 1619 5085 Idem
1655 5031 1813 5101 paulo

264 5112 378 5176 post
393 5105 518 5176 περὶ
552 5106 714 5157 habet
742 5118 838 5170 pro
863 5104 1032 5176 παρά.

331 5171 437 5239 (2%)
467 5169 716 5243 Sagittam
745 5169 1066 5244 γινομένων.
1099 5170 1274 5244 Paulo
1295 5176 1416 5244 post
1445 5169 1599 5244 idem_
1624 5179 1677 5224 et
1710 5170 1815 5224 Ba-

263 5237 430 5320 silici
455 5237 663 5320 linglic.
702 5237 903 5320 habent
939 5237 1380 5320 ysgvnrﬁc.‘Alii_,.
1406 5239 1660 5320 γενητξὴςτ

263 5361 286 5382 ._
331 5309 438 5382 (23)
459 5308 617 5367 Basil.
649 5308 1048 5382 etAnglicf't't'p
1089 5308 1201 5364 τόν.
1226 5309 1436 5382 Anglic.
1483 5308 1608 5382 ibid.
1640 5308 1815 5382 habet

265 5377 532 5451 ᾲγένητον.
561 5382 663 5434 Alii
689 5391 746 5434 et
771 5377 922 5451 editi,
947 5377 1415 5451 dféwqrog._lllox
1441 5387 1558 5451 post
1578 5378 1757 5447 Λόγῳ,
1789 5379 1818 5430 6

264 5445 517 5522 Θερςἰιοῃ
548 5452 744 5522 legitur
774 5451 825 5503 in
860 5445 1080 5522 Gobler.
1108 5445 1165 5503 εἰ
1197 5445 1494 5522 Felgktmi
1527 5445 1816 5522 anonymo.

332 5517 439 5588 (24)
470 5520 559 5576 Sic
599 5514 845 5588 'Seguer.
907 5514 1532 5588 GobleraetLFelckm.
1583 5516 1607 5588 1
1655 5514 1816 5588 anon.

265 5583 369 5703 {Hii
417 5583 470 5672 et
508 5590 675 5646 editio
695 5583 991 5656 'CommeL,
1028 5587 1230 5658 μελῶν.
1259 5584 1390 5640 Ibid.
1424 5599 1548 5640 mox
1580 5584 1818 5654 Anglic.,

301 5671 523 5703 μειαινει-

300 5671 525 5721 μφαινει.

357 5726 441 5799 ξε)
468 5727 556 5799 Sic
571 5727 798 5799 Seguer.
823 5726 925 5799 Alii
949 5738 1127 5799 autem
1157 5742 1279 5799 cum
1302 5725 1480 5799 editis,
1510 5723 1820 5799 θεωρεῖται.

360 5791 446 5866 26)
471 5791 692 5867 Segne}.
729 5796 892 5854 Basil.
919 5797 1076 5866 Angl.
1107 5805 1160 5852 et
1182 5795 1296 5854 Fel.
1349 5794 1387 5850 2
1429 5791 1633 5862 anon.,'
1648 5791 1820 5862 παρά.

1923 3245 2096 3290 turam
2124 3248 2360 3291 creatam
2402 3242 2726 3308 composuit,
2753 3253 2813 3298 ut
2845 3249 3094 3310 quamvis
3132 3250 3246 3315 ipse
3295 3264 3361 3304 ex
3392 3267 3492 3306 na-

1923 3339 2038 3381 tura
2069 3343 2163 3381 sua
2195 3329 2364 3383 videri
2400 3346 2505 3384 non
2535 3343 2719 3400 queat,
2752 3349 2816 3390 ex
2860 3339 3115 3404 operibus
3177 3349 3351 3395 tamen
3393 3357 3492 3399 (εοο

1921 3429 2233 3488 gnoscatur.
2271 3420 2379 3475 Nec
2412 3438 2540 3475 vero
2576 3423 2688 3478 hzec
2720 3443 2748 3479 a
2783 3443 2869 3482 me
2897 3430 3012 3498 ipso
3045 3430 3268 3500 loquor,
3317 3435 3411 3488 sed
3459 3453 3493 3490 ει

1923 3512 2054 3566 viris
2088 3513 2354 3582 theologis
2388 3515 2572 3581 didici,
2607 3516 2750 3570 inter
2773 3534 2906 3588 quos
2940 3531 3026 3575 est
3081 3522 3282 3578 Paulus
3313 3525 3403 3594 qui
3425 3525 3494 3580 al

1921 3599 2193 3656 Romanos
2229 3605 2300 3657 ita
2334 3605 2521 3659 scribit
2552 3624 2565 3660 :
2599 3606 2892 3663 lnvisibilia
2928 3612 3064 3664 enim
3085 3612 3247 3680 ipsius
3283 3631 3316 3667 a
3345 3630 3496 3669 crea-

1923 3705 2043 3748 tura
2069 3699 2273 3764 mundi,
2299 3715 2390 3765 per
2415 3710 2474 3753 ea”
2508 3717 2624 3769 qua:
2650 3705 2792 3771 facta
2819 3715 2960 3767 sunt,
2989 3704 3247 3760 intellecta
3282 3710 3496 3776 conspi-

1923 3787 2137 3840 ciuntur
2164 3788 2228 3842 η.
2267 3789 2410 3843 Idem
2459 3807 2678 3860 quoque
2727 3792 3027 3863 Lycaonios
3063 3795 3148 3850 his
3188 3796 3369 3851 verbis
3394 3813 3495 3851 aus

1922 3877 2108 3930 dacter
2141 3879 2370 3934 docebat
2396 3896 2428 3932 ι.
2451 3880 2514 3932 Et
2551 3899 2643 3935 nos
2674 3883 2872 3937 similes
2908 3901 3088 3938 sumus
3145 3887 3289 3940 vobis
3329 3887 3497 3941 homi-

1925 3985 2034 4034 nes,
2063 3972 2437 4026 annuntiantes
2463 3973 2600 4027 vobis
2617 3975 2682 4027 ab
2715 3976 2795 4029 Itis
2819 3976 2964 4029 vanis
2986 3979 3211 4030 converti
3234 3979 3304 4031 ad
3331 3979 3498 4032 Deum

1922 4063 2192 4128 viventem,
2218 4066 2307 4132 qui
2329 4065 2452 4130 fecit
2473 4065 2656 4119 calum
2689 4075 2735 4118 et
2759 4063 2974 4130 terram,
2998 4077 3048 4121 et
3075 4084 3220 4123 mare
3247 4079 3294 4123 et
3319 4070 3497 4123 omnia

1922 4167 2039 4220 quia
2065 4153 2118 4205 in
2148 4155 2222 4207 eis
2256 4166 2374 4207 sunt
2406 4157 2537 4225 :qui
2565 4158 2616 4210 in
2643 4158 2924 4224 prazleritis
2958 4161 3380 4226 generationibus
3421 4163 3500 4214 dio

1925 4242 2067 4295 misit
2099 4259 2276 4298 omnes
2298 4255 2472 4313 gentes
2501 4248 2702 4316 ingredi
2739 4249 2847 4300 vias
2875 4263 3018 4300 suas.
3058 4247 3126 4300 Et
3156 4251 3365 4318 quidem
3394 4267 3496 4304 non

1925 4334 2036 4386 sine
2068 4337 2374 4390 testimoniis
2404 4338 2736 4405 semetipsum
2763 4338 2991 4405 reliquit,
3025 4341 3356 4408 benefaciens
3389 4357 3406 4394 .'
3433 4343 3497 4396 de

1927 4429 2051 4481 cwlo
2080 4430 2224 4483 nobis
2254 4431 2386 4483 dans
2414 4431 2618 4498 pluvias
2645 4441 2694 4482 et
2747 4443 2982 4501 tempora
3025 4433 3310 4501 fructifera
3335 4472 3349 4497 ,
3398 4435 3498 4488 im-

1926 4521 2068 4586 plens
2096 4520 2208 4572 cibo
2241 4531 2286 4574 et
2313 4519 2498 4573 laetitia
2534 4522 2696 4574 corda
2739 4532 2917 4575 nostra
2977 4523 3044 4574 ³ο,
3104 4522 3302 4590 Ecquis
3348 4525 3495 4579 enim

1928 4607 2050 4662 caeli
2080 4608 2339 4661 ambitum
2376 4610 2613 4680 solisque
2650 4621 2704 4664 et
2749 4611 2889 4664 luna:
2921 4625 3162 4679 cursum,
3197 4613 3498 4669 aliorumve

1928 4701 2166 4756 siderum
2205 4701 2501 4770 positiones
2541 4711 2594 4755 et
2647 4703 3150 4769 circumvectiones,
3190 4707 3496 4762 contrarias

1928 4792 2144 4861 quidem
2169 4806 2232 4846 ac
2257 4792 2571 4858 dissimiles,
2628 4793 2726 4846 sed
2781 4793 2834 4848 in
2896 4793 3010 4864 ipsa
3063 4796 3500 4856 dissimilitudine

1921 5030 2135 5084 Gobler.
2170 5028 2410 5084 Felckm.
2464 5028 2484 5081 l
2549 5043 2737 5100 anon”
2787 5031 2936 5100 περί.
2974 5029 3138 5100 Paulo
3191 5040 3316 5100 post
3372 5038 3499 5086 ante

1921 5047 2135 5084 uouter.
2171 5047 2410 5084 retcxm.
2464 5047 2484 5081 τ
2549 5047 2737 5092 annm,
2787 5047 2853 5081 πε
2901 5047 2936 5082 ι.
2974 5047 3138 5084 ιίιυιο
3191 5047 3316 5100 ροει
3372 5047 3498 5086 ante

1921 5101 2154 5162 Παῦλος,
2200 5103 2228 5153 6
2284 5100 2438 5152 abest
2493 5113 2521 5150 a
2575 5099 2795 5153 Gobler.
2852 5047 3095 5154 gelcktn.
3148 5101 3173 5154 1
3230 5115 3388 5155 anon.
3441 5108 3498 5153 et

1925 5170 2022 5240 μέν
2051 5187 2166 5240 seq.
2200 5184 2229 5222 a
2260 5167 2498 5240 Eclrkm.
2617 5184 2778 5240 anon.

1995 5238 2107 5310 (‘27)
2136 5239 2225 5292 Sic
2261 5237 2514 5310 Seguer._
2533 5236 2753 5310 Gobler.
2789 5248 2840 5293 et
2890 5237 3011 5310 Fel.
3040 5239 3062 5292 1
3098 5253 3302 5310 εηοιιη
3337 5248 3396 5290 ut
3428 5248 3483 5289 et

1924 5306 2122 5378 legitur
2158 5312 2275 5363 Act.
2313 5321 2425 5370 xtv,
2451 5306 2538 5378 17.
2570 5309 2674 5362 Alii
2711 5323 2834 5362 cum
2887 5309 3045 5363 editis
3079 5308 3395 5378 particulam
3423 5320 3488 5370 γε

1925 5379 2200 5434 omittunt.

1999 5449 2112 5520 (28)
2137 5448 2228 5505 Sic
2257 5449 2482 5520 Seguer.
2511 5446 2668 5520 Gobl.
2693 5517 2702 5520 Α
2726 5447 2840 5520 fel.
2884 5447 2908 5500 1
2937 5444 3078 5520 et}
3116 5458 3301 5520 anon,
3354 5451 3413 5496 ut
3439 5450 3496 5496 et

1926 5511 2159 5574 habetur
2174 5511 2362 5574 eodem
2389 5519 2508 5574 loco
2530 5519 2651 5572 Act.
2677 5517 2782 5579 Alii
2807 5526 2862 5569 et
2885 5515 2972 5568 ed.
2998 5511 3361 5565 Contmel.nec
3384 5525 3496 5566 non

1930 5602 2031 5659 [ηε.
2048 5587 2086 5659 -1
2117 5585 2439 5659 Oxoniensis
2463 5586 2614 5659 Novi_
2627 5584 2774 5659 'l_‘e_st.
2803 5584 2934 5659 edit.
2955 5582 3129 5659 Oxon__.
3153 5580 3311 5659 l_675_,
3338 5579 3496 5659 ῥμβν,

1930 5655 2096 5710 Paulo
2115 5666 2234 5724 post
2252 5656 2474 5712 Gobler.
2501 5664 2556 5712 et
2575 5651 2811 5709 Felckm.
2839 5653 2864 5706 1
2893 5664 3057 5706 anon.
3092 5647 3238 5718 ζωῆς
3270 5647 3498 5718 habent,

1930 5727 2019 5781 ubi
2043 5725 2134 5781 alii
2163 5725 2387 5796 τροφῆς.
