4010 6518
506 350 567 407 ἸΙ
1068 348 1125 403 S.
1170 347 1538 403 ATllANASll
1576 347 1727 404 OPP.
1769 344 1949 399 PARS
1986 343 2027 398 l.
2070 375 2137 386 —
2176 344 2545 402 IIISTORICA
2584 343 2671 399 ET
2713 344 3135 400 DOGMATICA.
3676 347 3746 400 7‘2

503 466 759 536 aequalem
804 467 1048 523 ordinem
1082 468 1149 522 ab
1178 467 1431 521 omnibus
1462 466 1625 520 simul
1670 471 1939 519 servatum
1986 464 2051 516 in-

2175 460 2346 529 ἡμῶν
2387 460 2521 531 (29).
2566 460 2661 523 Τίς
2693 460 2822 531 γὰρ,
2863 461 3003 526 ὀρῶν
3030 461 3120 513 τὸν
3156 460 3385 531 ούρανοῦ
3424 458 3623 511 κύκλον
3653 443 3747 512 καὶ

507 556 643 610 tueri
666 566 861 625 patest,
891 556 1019 624 quin
1045 569 1228 610 secum
1264 555 1463 624 cogitet
1509 554 1622 607 lnec
1661 567 1765 607 non
1809 567 1837 604 a
1870 559 2070 605 semet-

394 668 408 679 ι
503 646 635 713 ipsis
670 645 761 699 sed
794 647 860 699 ab
878 645 1006 721 alio,
1036 658 1227 713 nempe
1261 644 1328 698 ab
1374 652 1594 699 auclore
1619 683 1633 709 ,
1691 642 2058 703 administrari

502 745 555 789 et
593 736 750 811 regi?
784 736 916 802 Quis
948 736 1115 790 solem
1140 737 1226 791 die
1256 735 1456 790 exoriri
1483 744 1535 789 et
1567 734 1747 787 lunam
1793 741 1950 786 nocte
1975 749 2069 803 ap-

499 839 711 893 parere,
758 826 1188 895 inmutabilique
1240 826 1357 896 lege
1395 840 1491 895 per
1535 824 1798 892 aequalem
1844 824 2068 878 omnino

500 917 612 986 28
646 917 855 971 dierum
895 932 1179 971 numerum
1214 917 1524 971 decrescere
1561 924 1615 969 et
1660 930 1933 979 crescere,
1985 925 2067 968 at-

499 1022 605 1075 que
631 1022 693 1061 ex
725 1007 991 1062 sideribus
1025 1007 1131 1062 alia
1155 1008 1370 1077 quidem
1402 1007 1713 1060 discurrere
1767 1020 2069 1075 cursusque

498 1099 649 1152 varie
696 1099 1008 1162 immutare,
1064 1099 1167 1151 alia
1239 1112 1369 1151 vero
1417 1097 1712 1150 inerrantia
1753 1107 2068 1151 constanter

502 1191 705 1245 moveri
730 1190 1022 1259 aspiciens,
1056 1204 1161 1244 non
1221 1188 1483 1259 intelligat
1514 1188 1603 1243 illa
1635 1187 1947 1243 necessario
1997 1186 2065 1241 ab

496 1279 691 1345 opifice
716 1279 893 1348 aliquo
915 1280 1203 1346 gubernari
1231 1278 1255 1331 ?

2170 552 2261 605 τὸν
2293 552 2490 622 δρόμον
2514 551 2661 623 ἡλίου
2693 552 2785 605 καὶ
2812 552 3061 623 σελήνης,
3097 551 3191 604 καὶ
3219 550 3326 603 τῶν
3358 550 3535 605 ἄλλων
3584 551 3747 604 ἀστέ-

2173 658 2280 711 ρων
2323 642 2423 706 τάς
2451 643 2625 707 θέσεις
2654 644 2746 696 καὶ
2778 642 2875 706 τὰς
2909 642 3324 714 περιπολήσεις,
3363 643 3614 705 ἐναντίας
3648 640 3746 713 μὲν

2170 733 2263 785 καὶ
2293 732 2579 803 διαφόρους
2612 733 2957 803 γιγνομένας,
2992 734 3049 784 ἐν
3073 733 3128 785 δὲ
3155 736 3220 803 τῇ
3244 733 3503 805 Δδιαφορᾷ
3546 733 3742 803 ὁμοίαν

2168 822 2267 893 τὴν
2313 798 2466 889 τάξιν
2489 798 2639 895 παρά
2683 798 2897 878 πάντων
2930 822 3063 893 ὁμοῦ
3108 798 3612 895 σωξο.μένην”(50)ν,
3645 824 3745 878 οὐκ

2171 913 2501 983 ἐνθυμεῖται,
2524 916 2604 968 ὅτι
2630 916 2729 969 ούκ
2762 916 2901 969 αύτά
2943 915 3129 978 ἐαυτά,
3169 898 3283 967 ἀλλ’
3316 915 3504 986 ἕτερός
3529 917 3681 967 ἐστιν
3714 916 3742 966 ὁ

2168 1004 2479 1075 διακοσμῶν
2533 1006 2672 1059 αύτά
2722 1006 2833 1077 (51)
2886 1007 3147 1077 ποιητής;
3182 1006 3279 1069 Τίς
3310 1006 3389 1067 δέ,
3424 1005 3569 1076 ὁρῶν
3593 1004 3743 1075 ἥλιον

2172 1096 2269 1164 μὲν
2307 1096 2659 1151 ἀνατέλλοντα
2684 1099 2803 1151 καθ’
2835 1100 3069 1168 ἡμέραν,
3107 1097 3333 1167 σελήνην
3361 1097 3416 1150 δὲ
3444 1097 3743 1166 φαίνουσαν

2167 1186 2307 1239 κατά
2352 1186 2543 1250 νύκτα,
2576 1188 2671 1242 καὶ
2701 1187 3014 1256 φθίνουσαν,
3060 1188 3152 1240 καὶ
3185 1187 3571 1258 πληρουμένην
3602 1187 3745 1241 ἀπα-

2168 1277 2482 1348 ραλλάκτως
2499 1279 2636 1333 κατά
2654 1280 2743 1333 τὸν
2760 1280 2869 1332 τῶν
2884 1280 3101 1349 ἡμερῶν
3118 1279 3231 1331 ἴσον
3254 1281 3469 1343 πάντως
3485 1279 3739 1350 ἀριθμὸν,

495 1371 729 1423 καὶτῶν
761 1371 973 1441 ἄστρων
1019 1370 1088 1422 τά
1157 1371 1254 1440 μὲν
1296 1371 1647 1441 διατρέχοντα
1696 1370 1790 1424 καὶ
1842 1368 2101 1431 ποικίλως
2173 1370 2561 1425 ἐναλλάττοντα
2587 1371 2698 1441 (Si)
2732 1371 2858 1434 τοὺς
2884 1372 3132 1443 δρόμους,
3156 1369 3223 1423 τά
3250 1371 3306 1424 δὲ
3352 1370 3609 1433 ἀπλανῶς
3653 1385 3738 1423 κι-

494 1461 727 1531 νούμενα
747 1502 763 1528 ,
795 1461 895 1513 οὐκ
936 1460 1000 1513 ἂν
1028 1460 1233 1513 ἔννοιαν
1264 1460 1451 1525 λάϐοι,
1482 1463 1564 1515 ὅτι
1596 1462 1809 1523 πάντως
1842 1460 1986 1512 ἐστὶν
2019 1461 2047 1512 ὁ
2073 1460 2347 1533 κυϐερνῶν
2376 1462 2513 1515 αύτά
2533 1462 2893 1533 δημιουργός;
3542 1468 3545 1471 ’

564 1554 653 1607 '56.
698 1554 827 1619 Quis
855 1552 1154 1606 contrarias
1195 1558 1427 1607 naturas
1459 1566 1644 1608 secum
1701 1550 1948 1619 conjungi
2004 1558 2051 1602 el

2233 1552 2319 1605 56.
2346 1552 2460 1616 Τίς,
2487 1552 2627 1622 ὁρῶν
2655 1552 2724 1605 τὰ
2744 1552 2961 1604 ἐναντία
2988 1555 3054 1622 τῇ
3090 1552 3245 1620 φύσει
3275 1548 3525 1622 συνημμέ
3537 1569 3617 1616 να,
3640 1556 3738 1610 καὶ

495 1660 785 1701 consonam
808 1644 1019 1698 edicere
1051 1642 1386 1697 harmoniam
1413 1658 1663 1706 cernens,
1686 1640 1911 1709 exempli
1937 1655 2051 1709 gra-

2166 1643 2451 1713 σύμφωνον
2490 1644 2681 1713 έχοντα
2712 1643 2809 1714 τὴν
2840 1644 3123 1715 ἁρμονίαν,
3157 1641 3287 1711 οἷον,
3320 1644 3423 1708 τίς,
3467 1644 3591 1699 ίδὼν
3625 1645 3738 1725 πῦρ

494 1738 567 1791 tia
601 1753 615 1791 :
649 1736 768 1802 quis
797 1734 973 1804 ignem
1000 1748 1119 1787 cum
1147 1733 1338 1803 frigida
1371 1744 1561 1789 natura
1617 1732 1981 1800 conjunctum,
2010 1740 2051 1784 el

2162 1735 2373 1807 ψυχρῷ,
2408 1736 2500 1788 καὶ
2526 1736 2687 1808 ξηρὸν
2719 1734 2871 1806 ὑγρῷ
2896 1736 3296 1806 κεκραμμένον,
3345 1734 3633 1788 καὶταῦτα
3663 1736 3742 1807 μὴ

494 1836 744 1881 naturam
785 1828 983 1881 siccam
1009 1842 1127 1880 cum
1160 1827 1378 1881 humida
1421 1826 1765 1879 commistam
1821 1822 2051 1885 videns,

2162 1826 2583 1879 ἀντιστατοῦντα
2630 1826 2766 1897 πρὸς
2829 1824 3055 1895 ἄλληλα,
3111 1824 3225 1877 ἀλλ’
3266 1824 3323 1878 ἓν
3367 1824 3736 1878 ἀποτελοῦντα

494 1933 595 1974 nec
623 1929 799 1971 tamen
833 1919 932 1972 sibi
965 1919 1195 1974 invicem
1227 1918 1503 1984 resistere,
1540 1915 1633 1970 sed
1688 1928 1849 1969 unum
1908 1913 2051 1982 quasi

2159 1916 2233 1980 ῶς
2268 1918 2326 1981 ἐξ
2352 1916 2466 1979 ἐνὸς
2492 1916 2551 1969 τὸ
2587 1916 2762 1986 σῶμα,
2785 1915 2885 1967 οὐκ
2913 1915 2979 1968 ἂν
3006 1914 3333 1985 ἐνθυμηθείη
3365 1913 3567 1979 ἔξωθεν
3594 1908 3735 1966 εἶναι

491 2025 556 2064 ex
589 2023 694 2063 uno
730 2024 924 2078 corpus
948 2010 1236 2073 conﬁcere,
1273 2024 1379 2063 non
1413 2008 1537 2061 inde
1560 2006 1775 2076 colligat
1798 2006 1961 2060 alium
1994 2004 2061 2057 ab

490 2099 580 2155 his
630 2114 750 2153 esse
804 2100 892 2168 qui
946 2100 1032 2153 illa
1080 2099 1241 2155 simul
1295 2098 1604 2170 copulavit?
1639 2096 1769 2162 Quis
1829 2096 2058 2173 hiemem

488 2191 625 2255 veri,
652 2205 745 2245 ver
773 2191 969 2257 testati,
994 2200 1240 2247 aestatem
1270 2200 1533 2244 autumno
1560 2190 1852 2243 succedere
1871 2185 2056 2239 obscro

491 2296 645 2346 vans,
701 2297 875 2351 eaque
913 2282 1164 2351 quamvis
1200 2281 1475 2335 contraria
1518 2281 1657 2333 inter
1689 2296 1749 2334 se
1803 2278 1910 2332 sint
1964 2290 2060 2329 na-

492 2380 611 2425 tura
668 2371 814 2441 (nam
850 2371 997 2425 aliud
1032 2372 1343 2440 refrigerat,
1377 2369 1521 2422 aliud
1558 2368 1687 2434 urit,
1743 2367 1888 2420 aliud
1939 2366 2055 2428 alit,

489 2461 636 2516 aliud
664 2462 1036 2535 corrumpitel
1056 2460 1342 2530 destruit),
1378 2469 1557 2513 tamen
1585 2458 1767 2512 ontnia
1795 2458 2055 2527 quaIcm

488 2564 544 2607 et
574 2566 823 2607 securum
875 2553 957 2606 sui
992 2566 1147 2606 usum
1206 2550 1513 2605 hominibus
1549 2559 1807 2619 praestare
1837 2566 1851 2614 ;
1916 2550 2055 2619 quis,

490 2644 737 2712 inquam,
787 2644 915 2698 hinc
939 2657 1044 2698 non
1067 2651 1319 2711 agnoscat
1366 2642 1597 2711 aliquem
1648 2656 1771 2696 esse
1809 2641 1892 2694 his
1923 2655 2058 2711 pra:-

489 2735 809 2789 stantiorem
838 2772 853 2798 ,
906 2734 996 2802 qui
1051 2732 1413 2801 aequalitatem
1475 2732 1724 2786 omnibus
1772 2731 2052 2801 praebeat,

488 2825 777 2895 omniaque
813 2824 1173 2887 administret.
1199 2824 1414 2879 etiamsi
1452 2824 1541 2878 ille
1583 2839 1611 2876 a
1642 2824 1799 2877 nobis
1831 2838 1933 2875 non
1970 2821 2048 2873 vi-

489 2917 728 2970 deatur?
762 2915 892 2983 Quis
924 2915 1093 2971 nubes
1122 2930 1216 2985 per
1241 2930 1420 2970 aerem
1444 2916 1595 2980 ferri,
1630 2924 1683 2970 et
1716 2916 1767 2969 in
1807 2916 2045 2971 nubibus

2157 2007 2361 2061 τούτων
2389 2008 2478 2059 τὸν
2510 2008 2679 2060 ταῦτα
2700 2006 3009 2076 συνάψαντα
3031 2008 3141 2075 (55)
3163 2023 3176 2071 ;
3196 2008 3309 2071 Τίς,
3337 2004 3459 2057 ἰδὼν
3490 2005 3736 2075 χειμῶνα

2159 2098 2591 2169 παραχωροῦντα
2620 2099 2761 2169 ἀέρι,
2790 2100 2884 2153 καὶ
2923 2098 3022 2170 ἔαρ
3054 2098 3222 2169 θέρει,
3264 2098 3357 2150 καὶ
3400 2097 3558 2167 θέρος
3602 2114 3731 2167 μετ-

2156 2189 2375 2262 οπώρῳ,
2400 2191 2494 2243 καὶ
2526 2193 2606 2245 ὅτι
2638 2191 2854 2245 ἐναντία
2886 2192 3011 2245 ὄντα
3033 2191 3205 2245 ταῦτα
3224 2194 3289 2261 τῇ
3320 2190 3513 2259 φύσει·
3547 2191 3609 2243 τὸ
3638 2192 3735 2263 μὲν

2158 2279 2265 2351 γὰρ
2295 2281 2475 2351 ψύχει,
2513 2283 2573 2334 τὸ
2615 2282 2670 2333 δὲ
2712 2284 2877 2347 καίει,
2906 2282 2964 2336 τὸ
2998 2283 3053 2334 δὲ
3083 2282 3293 2353 τρέφει,
3330 2282 3391 2334 τὸ
3432 2281 3489 2333 δέ
3518 2282 3695 2350 φθίνει
3718 2299 3731 2311 °

2156 2370 2303 2441 ὅμως
2331 2371 2397 2424 τὰ
2421 2373 2593 2425 πάντα
2627 2372 2745 2443 ἴσην
2769 2375 2860 2426 καὶ
2890 2372 3101 2442 ἀϐλαϐῆ
3121 2374 3232 2434 τοῖς
3267 2371 3577 2442 ἀνθρώποις
3602 2373 3736 2424 ἀπο-

2154 2461 2409 2515 τελοῦντα
2438 2462 2533 2534 τήν
2573 2464 2796 2534 χρῆσιν·
2828 2465 2928 2517 οὐκ
2956 2463 3020 2516 ἂν
3044 2464 3366 2532 ἐννοήσειεν,
3402 2465 3484 2516 ὄτι
3518 2462 3735 2525 ἐστίτις

2156 2552 2415 2622 κρείττων
2460 2552 2685 2617 τούτων,
2716 2555 2744 2605 ό
2787 2553 2883 2623 τὴν
2919 2552 3138 2623 ἰσότητα
3180 2551 3438 2623 παρέχων
3466 2553 3604 2604 πᾶσι
3639 2552 3733 2604 καὶ

2154 2643 2430 2714 κυϐερνῶν
2460 2644 2528 2697 τά
2550 2644 2746 2708 πάντα,
2771 2644 2870 2698 κᾶν
2898 2644 2971 2715 μὴ
3008 2644 3181 2715 βλέπῃ
3196 2644 3412 2708 τοῦτον;
3444 2644 3562 2706 Τίς,
3590 2642 3732 2713 ὁρῶν

2155 2734 2211 2785 ἐν
2234 2735 2355 2803 ἀέρι
2383 2734 2480 2797 τὰς
2506 2735 2731 2803 νεφέλας
2758 2734 3292 2803 ὑποϐασταζομένας,
3330 2734 3423 2786 καὶ
3468 2736 3527 2785 ἐν
3574 2731 3732 2800 νεφέ-

2153 2820 2272 2885 λαις
2292 2822 2387 2892 τὴν
2409 2821 2515 2875 τῶν
2542 2823 2746 2875 ὑδάτων
2774 2823 3017 2875 δεθεῖσαν
3045 2822 3341 2894 βαρύτητα,
3378 2822 3479 2874 ούκ
3525 2821 3731 2875 ἔννοιαν

2153 2908 2417 2980 λαμϐάνει
2464 2910 2555 2962 τοῦ
2610 2909 2781 2963 ταῦτα
2846 2911 3107 2982 δήσαντος
3177 2911 3269 2964 καὶ
3325 2909 3731 2980 προστάξαντος

488 3003 695 3073 pondus
721 3018 983 3074 aquarum
1031 3002 1271 3072 colligari
1311 3003 1661 3058 considerans
1692 3042 1707 3067 ,
1742 3019 1845 3059 non
1899 3002 2050 3057 illum

2157 2999 2436 3069 γενέσθαι;
2476 3002 2545 3053 ’Ἡ
2586 3001 2687 3065 τίς,
2734 3002 2875 3072 ὁρῶν
2920 3003 3087 3072 αὐτὴν
3126 3001 3222 3072 τὴν
3255 3002 3358 3072 γῆν
3418 3002 3732 3072 βαρυτάτην

488 3093 687 3164 cogitet
720 3093 809 3163 qui
851 3093 949 3148 ista
980 3091 1331 3161 conjunxitet
1363 3092 1477 3148 ﬁeri
1512 3092 2052 3162 jussit?Quisipsam

489 3191 709 3250 terram,
746 3198 865 3253 quae
897 3193 1091 3238 natura
1115 3183 1435 3253 gravissima
1469 3194 1553 3239 est
1578 3184 1733 3253 aquis
1774 3183 2053 3237 fundatam

484 3283 539 3327 et
567 3273 893 3329 immobilem
925 3287 1088 3342 super
1108 3271 1436 3326 elementum
1473 3281 1666 3325 natura
1715 3270 1911 3326 mobile
1932 3287 2055 3342 per-

484 3378 705 3418 manere
764 3364 1127 3433 conspiciens,
1172 3378 1281 3418 non
1317 3363 1584 3433 intelligat
1622 3362 1855 3431 aliquem
1883 3362 2053 3419 Deum

487 3467 609 3507 esse
649 3452 739 3520 qui
768 3453 905 3506 lianc
934 3454 1007 3506 ita
1047 3452 1390 3507 constituerit
1424 3461 1478 3505 et
1514 3451 1750 3505 fecerit?
1787 3451 1920 3517 Quis
1958 3468 2055 3506 an-

482 3553 621 3594 nuos
643 3550 797 3593 terrae
822 3539 1050 3606 fructus,
1080 3540 1291 3611 pluvias
1308 3554 1338 3593 e
1363 3538 1501 3594 caelo
1517 3539 1782 3607 delapsas,
1815 3540 2051 3596 amnium

483 3629 771 3695 ﬂuxiones,
806 3630 1030 3687 fontium
1063 3632 1441 3701 scaturigines,
1490 3630 1803 3685 animalium
1854 3648 1919 3687 ex
1953 3633 2053 3688 dis-

485 3721 753 3776 similibus
790 3724 1213 3791 procreationes,
1268 3723 1492 3791 limoque
1545 3737 1650 3777 non
1702 3738 1914 3794 semper
1955 3726 2051 3780 sed

486 3814 710 3869 statutis
746 3814 1076 3881 temporibus
1112 3813 1227 3868 lieri
1278 3814 1717 3869 animadvertetis
1748 3834 1761 3869 :
1804 3817 1925 3886 quis
1959 3818 2053 3871 de-

478 3900 650 3969 ‘nique
674 3902 726 3954 in
757 3911 863 3953 tam
900 3902 1251 3957 dissimilibus
1286 3911 1341 3957 et
1366 3904 1654 3959 contrariis
1681 3906 1840 3961 rebus
1870 3921 2051 3974 arqua-

483 3988 587 4041 lem
617 3998 672 4042 et
700 3989 928 4043 similem
961 3992 1028 4045 ab
1063 3992 1253 4045 iisdem
1307 3992 1509 4047 absolvi
1558 3994 1852 4066 perﬁcique
1898 3997 2049 4051 ordi-

482 4092 607 4130 nem
642 4080 948 4143 atteudens,
978 4095 1081 4134 non
1121 4083 1303 4135 statim
1334 4084 1598 4153 percipiat
1630 4085 1865 4154 aliquam
1925 4102 2048 4141 esse

482 4165 612 4229 vim,
638 4180 755 4233 quae
783 4167 893 4235 ipsa
918 4167 1208 4225 immobilis
1237 4186 1481 4238 manens,
1509 4172 1597 4226 illa
1625 4182 1681 4227 ut
1709 4175 1810 4228 sibi
1836 4175 2051 4230 videtur

483 4256 737 4325 disponat
765 4266 818 4312 et
870 4259 1060 4327 regat?
1089 4260 1365 4331 Siquidem
1389 4277 1661 4331 nunquam
1691 4264 1778 4317 illa
1818 4278 2045 4335 propter

449 4358 801 4409 .naturarum
858 4349 1181 4406 discordiam
1234 4367 1330 4421 per
1380 4354 1559 4423 seipsa
1606 4357 1908 4411 consistere
1960 4358 2043 4411 vel

479 4438 643 4493 etiam
677 4440 935 4496 exsistere
970 4453 1211 4511 possent.
1250 4444 1402 4513 Aqua
1425 4446 1570 4499 enim
1617 4456 1810 4501 natura
1862 4449 2045 4517 gravis

478 4538 561 4584 est
593 4540 648 4585 et
678 4532 929 4586 deorsum
958 4533 1075 4588 ﬂuit
1102 4551 1116 4589 :
1149 4533 1322 4590 nubes
1366 4546 1555 4589 contra
1581 4534 1725 4592 leves
1754 4547 1810 4591 et
1846 4547 2037 4593 tenues

476 4635 689 4675 sursum
717 4623 993 4676 feruntur:
1021 4633 1077 4678 et
1106 4633 1285 4678 tamen
1314 4624 1663 4679 nihilominus
1702 4640 1898 4695 aquam
1923 4643 2045 4696 gra-

475 4712 679 4767 viorem
712 4714 764 4767 in
789 4714 1020 4768 nubibus
1052 4714 1178 4769 ferri
1220 4714 1482 4770 videmus.
1525 4716 1698 4772 Terra
1726 4718 1856 4773 item
1915 4735 2043 4788 gra-

474 4802 696 4856 vissima
724 4812 829 4868 est,
870 4812 925 4858 et
954 4820 1091 4873 aqua
1128 4806 1300 4861 levior
1324 4815 1407 4862 est
1449 4822 1607 4877 quam
1657 4819 1841 4863 terra:
1899 4820 2043 4864 atta-

478 4908 600 4947 men
632 4895 681 4947 id
715 4897 857 4963 quod
883 4896 1103 4964 gravius
1129 4906 1212 4953 est
1232 4900 1297 4951 ab
1324 4912 1388 4953 eo
1426 4898 1571 4967 quod
1613 4898 1785 4954 levius
1821 4910 1907 4955 est
1936 4901 2043 4955 fere

478 4996 583 5051 tur,
614 5001 713 5042 nec
742 4988 1092 5058 demergitur,
1143 4993 1237 5048 sed
1284 5000 1393 5048 stat
1426 5002 1573 5047 terra
1612 4992 1920 5049 immobilis.
1961 4994 2047 5049 Si-

548 5159 912 5241 (29)_chtter.
942 5163 1160 5241 Gobler,
1188 5166 1427 5241 Felcltm.
1454 5167 1478 5219 l
1510 5156 1702 5241 anon_.,
1735 5166 1933 5241 αύτῶν,
1962 5168 2051 5241 alii

475 5244 623 5304 vero,
662 5234 839 5304 ὑμῶν,
865 5234 1000 5304 Iorte
1028 5250 1122 5302 pro
1140 5234 1317 5304 ήμῶν.
1344 5238 1453 5304 Uno
1472 5251 1598 5287 mss.
1618 5235 1749 5289 Novi
1781 5238 1926 5304 'l‘est.
1959 5240 2048 5290 ed.

474 5302 650 5436 tamen.
689 5301 825 5355 1675
869 5301 1082 5373 liabettt
1130 5301 1257 5356 item
1296 5303 1451 5372 ὑμῶν
1478 5344 1492 5372 ,
1538 5302 2001 5370 cazterict'editi
2030 5346 2046 5373 ,

516 5386 647 5436 μωνο
1055 5428 1066 5435 .

601 5387 647 5425 ν.

686 5440 883 5513 Gobter
904 5449 963 5513 et
983 5428 1224 5513 Felckru.
1242 5440 1278 5513 _l
1296 5454 1631 5513 anonymus,
1662 5439 2006 5513 σῳζομένων.

471 5508 508 5579 ‘_
546 5508 659 5579 (51)
704 5510 855 5562 Αὺτά
885 5512 1036 5563 deest
1068 5512 1128 5579 in
1170 5509 1404 5564 Felckm.
1433 5508 1470 5562 5
1495 5526 1657 5564 anon.
1706 5508 1875 5565 Paulo
1918 5522 2039 5579 post

477 5574 700 5649 _S_eguer.
725 5579 877 5632 Gobl.
912 5588 963 5633 et
986 5577 1223 5633 Felckut.
1263 5581 1287 5632 1
1337 5594 1497 5633 anon.
1530 5580 1637 5649 μέν
1677 5582 1879 5633 addunt
1918 5574 2039 5647 post

473 5644 643 5722 ᾔλιον,
697 5649 785 5722 alii
830 5649 1085 5722 omittunt
1124 5667 1138 5702 :
1202 5650 1361 5704 iidem
1394 5644 1666 5717 ιιιοι’μεθ“
1694 5644 2035 5722 ήμέρανῖια-

477 5714 625 5777 bent,
661 5717 749 5769 alii
776 5716 896 5768 καθ’
926 5716 1160 5787 ⁴ἡμέραν.
1553 5714 1563 5717 “
1594 5750 1597 5755 ν

2156 3087 2319 3145 οὖσαν
2350 3095 2415 3163 τῇ
2444 3092 2621 3162 φύσει,
2650 3094 2742 3145 ἐπὶ
2769 3094 2827 3146 τὸ
2858 3093 3000 3164 ὕδωρ
3033 3094 3383 3164 ἑδρασθεῖσαν
3414 3094 3509 3147 καὶ
3539 3095 3732 3165 ἀκίνη-

2153 3199 2244 3237 τον
2263 3183 2523 3253 μένουσαν
2540 3185 2629 3236 ἐπί
2644 3184 2703 3237 τὸ
2720 3184 2875 3253 φύσει
2893 3184 3224 3255 κινούμενον,
3241 3186 3301 3237 ού
3318 3185 3732 3256 διανοηθήσεται

2155 3268 2291 3327 εἷναί
2308 3293 2427 3328 τινα
2440 3275 2530 3328 τὸν
2549 3275 2741 3346 ταύτην
2760 3275 2867 3345 (54)
2895 3260 3283 3347 διαταξάμενον
3308 3277 3400 3329 καὶ
3424 3278 3729 3347 ποιήσαντα

2154 3364 2321 3431 Θεόν;
2351 3366 2464 3430 Τίς,
2494 3366 2614 3419 ίδὼν
2646 3366 2743 3437 τὴν
2773 3368 2913 3421 κατά
2940 3369 3128 3440 καιρὸν
3159 3369 3259 3437 τῆς
3309 3367 3411 3437 γῆς
3447 3383 3729 3437 καρποφο-

2157 3456 2298 3527 ρίαν,
2332 3458 2426 3509 καὶ
2465 3457 2752 3528 οὐρανόθεν
2782 3460 2987 3524 ὑετοὺς,
3020 3460 3113 3513 καὶ
3142 3458 3397 3529 ποταμῶν
3421 3458 3727 3529 ἐπιρροίας,

2153 3550 2247 3600 καὶ
2276 3548 2465 3619 πηγῶν
2492 3548 2829 3613 ἀναϐλύσεις,
2860 3550 2952 3604 καὶ
2975 3549 3126 3614 ζώων
3158 3551 3215 3616 ἐξ
3238 3549 3507 3619 ἀνομοίων
3532 3549 3693 3617 γονάς
3712 3589 3728 3611 ,

2154 3638 2247 3691 καὶ
2297 3638 2470 3693 ταῦτα
2500 3640 2600 3694 ούκ
2641 3642 2728 3695 ἀεὶ
2760 3642 2893 3695 ἀλλά
2945 3641 3082 3694 κατὰ
3114 3640 3338 3713 καιροὺς
3388 3639 3730 3711 ὡρισμένους

2152 3730 2439 3800 γινόμενα’
2472 3732 2564 3784 καὶ
2589 3732 2724 3795 ὅλως
2750 3732 2854 3797 τίς,
2879 3734 3216 3803 κατανοήσας
3240 3733 3296 3784 ἐν
3331 3731 3610 3801 ἀνομοίοις
3636 3730 3731 3783 καὶ

2152 3822 2413 3884 ἐναντίοις
2437 3822 2534 3893 τὴν
2562 3822 2681 3895 ίσην
2709 3827 2805 3879 καὶ
2842 3824 3033 3895 ὁμοίαν
3070 3824 3199 3896 παρ’
3224 3822 3403 3877 αὐτῶν
3433 3822 3732 3875 ἀποτελου-

2154 3912 2320 3981 μένην
2335 3913 2506 3978 τάξιν,
2524 3914 2621 3966 οὐκ
2650 3915 2714 3968 ἂν
2743 3916 3094 3986 ἐνθυμηθείη,
3119 3916 3197 3967 ὅτι
3228 3915 3345 3967 ἐστὶ
3376 3915 3474 3985 μία
3500 3913 3731 3983 δύναμις

2149 4003 2182 4070 ἡ
2204 4002 2372 4055 ταῦτα
2394 4004 2807 4076 διακοσμήσασα
2836 4007 2945 4075 (55)
2974 4008 3069 4060 καὶ
3092 4006 3369 4066 διέπουσα,
3392 4006 3468 4067 ὡς
3496 4005 3563 4057 ἂν
3591 4005 3727 4075 αὐτῇ

2151 4094 2304 4166 δοκῇ,
2333 4096 2565 4167 μένουσα
2592 4098 2800 4161 καλῶς;
2833 4098 2979 4151 Αύτά
3013 4099 3108 4168 μὲν
3136 4098 3242 4168 γάρ
3277 4096 3397 4149 καθ’
3422 4097 3596 4149 ἐαυτά
3629 4096 3729 4148 οὐκ

2150 4186 2216 4240 ἂν
2267 4188 2490 4260 συσταίη
2524 4191 2615 4242 καὶ
2642 4191 2874 4261 φανῆναί
2907 4208 3033 4243 ποτε
3065 4188 3315 4258 δυνηθείη
3340 4187 3430 4240 διά
3466 4188 3569 4258 τὴν
3593 4186 3729 4257 πρὸς

2079 4317 2123 4372 D
2150 4278 2352 4349 ἄλληλα
2375 4280 2472 4349 τῆς
2519 4280 2732 4349 φύσεως
2775 4281 3142 4350 ἐναντιότητα.
3194 4279 3267 4331 Τὸ
3310 4279 3407 4349 μὲν
3436 4279 3548 4349 γὰρ
3584 4278 3728 4346 ὕδωρ

2153 4369 2312 4439 φύσει
2348 4370 2486 4441 βαρὺ
2523 4372 2618 4424 καὶ
2641 4372 2789 4424 κάτω
2824 4373 2947 4443 ῥέον
2974 4372 3143 4435 ἐστὶν,
3169 4372 3225 4423 αἱ
3260 4371 3315 4423 δὲ
3347 4371 3572 4439 νεφέλαι
3603 4369 3729 4423 κοῦ-

2151 4476 2245 4528 φαι
2269 4460 2488 4513 καὶτῶν
2527 4462 2774 4534 ἐλαφρῶν
2799 4464 2891 4515 καὶ
2914 4461 3022 4515 τῶν
3044 4462 3339 4531 ἀνωφερῶν
3373 4463 3725 4531 τυγχάνουσι·

2150 4549 2244 4603 καὶ
2275 4551 2423 4619 ὅμως
2451 4551 2510 4604 τὸ
2549 4552 2848 4622 βαρύτερον
2893 4552 3033 4623 ὕδωρ
3064 4552 3278 4623 ὁρῶμεν
3313 4554 3370 4607 ἐν
3415 4556 3538 4616 ταῖς
3572 4553 3721 4621 νεφέο

2150 4634 2268 4699 λαις
2300 4636 2713 4710 βασταζόμενον.
2750 4640 2859 4692 Καὶ
2889 4640 3053 4693 πάλιν
3081 4642 3115 4710 ή
3164 4641 3260 4711 μὲν
3312 4640 3387 4711 γῆ
3446 4640 3725 4711 βαρυτάτη

2150 4730 2284 4795 ἐστὶ,
2320 4729 2380 4782 τὸ
2420 4729 2463 4781 δ’
2500 4726 2565 4783 αὖ
2600 4730 2759 4784 πάλιν
2800 4730 2942 4803 ὕδωρ
2974 4731 3299 4802 κουφότερόν
3328 4734 3444 4784 ἐστι
3487 4731 3723 4801 ταύτης⁶

2148 4821 2241 4872 καὶ
2262 4821 2408 4891 ὅμως
2434 4820 2537 4897 ὑπὸ
2572 4821 2676 4873 τῶν
2709 4822 3085 4893 ἐλαφροτέρων
3110 4822 3169 4875 τὸ
3200 4822 3499 4894 βαρύτερον
3529 4823 3727 4893 βαστά-

2148 4908 2322 4975 ζεται,
2358 4911 2450 4963 καὶ
2473 4912 2532 4964 ού
2555 4912 2942 4983 καταφέρεται,
2967 4912 3078 4965 ἀλλ’
3113 4912 3343 4981 ἐστηκεν
3392 4914 3652 4983 ἀκίνητος
3690 4914 3722 4983 ή

2147 5000 2239 5070 γῆ.
2271 5002 2380 5054 Καὶ
2422 5002 2481 5054 τὸ
2516 5002 2612 5071 μὲν
2655 5004 2822 5073 ἄρρεν
2844 5004 2903 5055 ού
2934 5003 3127 5056 ταύτόν
3161 5005 3276 5055 ἐστι
3315 5002 3393 5072 τῷ
3422 5003 3599 5073 θήλει,
3635 5003 3727 5055 καὶ

2226 5172 2341 5240 (3:2)
2372 5171 2615 5243 iFt‘lL’kln.
2656 5186 2735 5243 ιιιΔ
2756 5187 3077 5243 anonytnus,
3102 5171 3511 5227 διαλλάττοντα.

2224 5243 2335 5310 (55)
2352 5242 2565 5312 Gobler.
2596 5240 2833 5312 Felrktn.
2859 5240 3087 5306 ianum,
3110 5243 3419 5312 γράψαντα.
3442 5242 3562 5295 Mox
3589 5242 3720 5294 ibid.

2152 5309 2376 5382 _Seguer.
2412 5310 2629 5382 Goblcr.
2684 5311 2925 5371 Felckm.
2948 5312 2990 5382 _l
3045 5309 3242 5374 auom,
3275 5313 3719 5382 παραχωροῦντι.

2147 5378 2314 5432 Paulo
2344 5394 2484 5448 post,
2514 5381 2641 5434 ὄντα
2680 5382 2829 5433 deest
2860 5396 2909 5433 tu
2941 5378 3104 5434 Basil.
3135 5391 3188 5434 et
3217 5378 3376 5447 Angl.

2219 5448 2333 5518 (54)
2350 5467 2353 5470 '
2368 5450 2617 5518 Segtlcr.,
2645 5449 2838 5502 ταῦτα.

2219 5518 2334 5587 (55)
2376 5517 2600 5586 St-gucr.
2621 5520 2839 5587 Gobler.
2871 5518 3108 5580 Feltrkm.
3134 5518 3159 5587 ἰν
3185 5532 3373 5579 anon.,
3417 5517 3720 5587 διακοσμητ

2147 5587 2392 5706 capregqu
2412 5588 2575 5641 Paulo
2606 5586 2997 5659 post,f.obl&r.
3022 5586 3259 5641 Ευιιιίιη.
3300 5588 3322 5640 1
3362 5586 3720 5643 attonuit-xei

2147 5672 2242 5706 ι)Γο
2297 5672 2420 5706 οκη.

2144 5672 2242 5725 pro
2268 5672 2420 5725 οοκῃ.
