4010 6510
273 474 326 527 75
1417 472 1674 529 ORATIO
1715 473 1995 529 CONTRA
2034 474 2323 531 GENTES.
3438 481 3507 535 ’14

266 586 382 654 ὅμως
401 582 476 645 εἰς
503 581 566 635 ἒν
604 585 922 652 συνάγεται,
953 586 1048 639 καὶ
1079 586 1177 656 μία
1199 589 1329 658 παρ’
1355 588 1680 659 ἀμφοτέρων
1697 589 1830 641 ἀπο-

1934 590 2137 645 militer
2160 606 2279 645 mas
2308 605 2411 644 non
2450 588 2587 644 idem
2622 600 2704 647 est
2736 606 2801 647 ac
2841 591 3063 657 femina,
3118 582 3277 648 simul
3325 601 3503 651 tamen

264 675 457 726 τελεῖται
514 676 742 743 γένεσις
774 676 868 729 τοῦ
917 677 1107 747 όμοίου
1168 677 1329 742 ζώου.
1378 679 1490 733 Καὶ
1545 679 1823 733 συνελόντι

1930 680 2355 751 coniunguntur,
2387 691 2441 735 ut
2464 697 2567 735 una
2595 683 2787 738 similis
2828 684 3078 741 animalis
3108 687 3409 755 procreatio
3437 688 3504 742 ab

265 764 411 834 φάναι,
442 764 507 817 τὸ
557 766 775 836 ψυχρὸν
815 766 895 838 τῷ
928 766 1116 838 θερμῷ
1161 770 1403 822 ἐναντίον
1459 771 1596 834 ἐστὶ,
1637 771 1731 824 καὶ
1763 770 1824 823 τὸ

1927 776 2156 838 utroque
2184 771 2517 839 perticiatur.
2572 773 2813 843 Denique
2841 781 2899 827 ut
2936 789 3043 829 uno
3082 774 3248 830 verbo
3276 778 3453 831 dicam
3487 817 3502 842 ,

263 856 394 927 ὑγρὸν
423 855 505 926 τῷ
538 855 699 929 ξηρῷ
736 859 992 928 μάχεται·
1027 860 1122 913 καὶ
1155 860 1303 930 ὅμως
1346 861 1665 916 συνελθόντα
1710 862 1820 934 (56)

1926 858 2098 926 frigus
2127 860 2297 915 calori
2336 863 2671 918 contrarium
2718 873 2823 930 est,
2853 864 3052 919 humor
3106 866 3383 934 siccitati;
3448 878 3504 921 at

260 948 306 1000 οὐ
334 946 605 1009 στασιάζει
645 949 786 1019 πρὸς
828 950 1014 1012 ἐαυτά,
1049 949 1163 1002 ἀλλ’
1204 950 1261 1018 ἐξ
1307 952 1559 1023 ὁμονοίας
1580 952 1636 1007 ἐν
1663 952 1821 1024 σῶμα

1925 948 2276 1005 nihilominus
2302 953 2462 1007 simul
2495 954 2682 1025 juncta
2713 972 2821 1013 non
2860 958 3000 1012 inter
3027 973 3085 1015 se
3110 959 3498 1027 dissident,£ed

260 1038 331 1090 καὶ
351 1036 437 1108 τήν
460 1037 692 1092 πάντων
720 1039 931 1109 γένεσιν
966 1040 1338 1095 ἀποτελοῦσιν.
1478 1104 1489 1119 I
1546 1084 1549 1089 .

1928 1051 1995 1093 ex
2030 1041 2320 1096 concordia
2362 1060 2527 1099 unum
2558 1060 2754 1115 corpus
2797 1057 2963 1118 atque
3017 1050 3255 1105 omnium
3314 1064 3499 1106 rerum

1925 1133 2361 1199 procreationem
2391 1135 2698 1190 absolvunt.

308 1214 379 1266 57.
413 1213 533 1267 Οὐκ
576 1214 650 1268 ἂν
698 1208 792 1269 οὖν
824 1214 1105 1287 μαχόμενα
1154 1218 1249 1272 καὶ
1297 1219 1515 1273 ἐναντία
1558 1220 1687 1274 ὅντα
1748 1225 1817 1294 τῇ

1994 1219 2085 1274 57.
2120 1218 2241 1275 Νοιι
2277 1236 2405 1292 ergo
2430 1238 2521 1278 res
2553 1225 2676 1290 illac,
2707 1228 2996 1296 quaeinter
3042 1245 3102 1286 se
3150 1241 3390 1304 pugnant
3443 1240 3499 1289 et

258 1304 381 1374 φύσει
398 1305 577 1359 ἐαυτά
610 1308 941 1379 συνήγαγον,
958 1310 1006 1361 εί
1036 1310 1111 1381 μὴ
1138 1311 1404 1382 κρείττων
1430 1308 1497 1383 ἦν
1519 1313 1613 1367 καὶ
1629 1313 1818 1385 κύριος

1921 1314 2213 1369 contraria
2239 1322 2386 1379 sunt,
2409 1315 2616 1386 seipsas
2654 1318 2817 1373 simul
2845 1322 3182 1390 copularent,
3234 1325 3340 1380 nisi
3394 1321 3496 1381 ali-

254 1397 533 1468 όσυνδήσας
547 1398 716 1464 αὐτὰ,
795 1400 889 1453 καὶ
910 1401 1048 1455 αὐτά
1068 1400 1137 1455 τὰ
1160 1407 1421 1474 στοιχεῖαι
1442 1404 1633 1477 ὥσπερ
1657 1406 1817 1460 δοῦλα

1920 1405 2040 1474 quis
2070 1405 2318 1475 superior
2341 1414 2395 1461 et
2425 1407 2677 1463 dominus
2704 1425 2797 1465 eas
2822 1411 3125 1483 colligaret,
3160 1414 3246 1468 cui
3291 1423 3346 1469 et
3379 1415 3495 1484 ipsa

254 1488 457 1563 δεσπότῃ
488 1490 606 1559 (57)
642 1491 1010 1558 ὑπακούοντα,
1041 1493 1182 1547 εἴκει
1236 1498 1331 1549 καὶ
1379 1497 1663 1551 πείθεται’
1722 1498 1817 1551 καλ⁹

1918 1494 2205 1563 elementa,
2243 1504 2504 1566 tanquam
2566 1499 2710 1553 servi
2754 1499 2905 1567 hero,
2953 1510 3061 1554 tam
3114 1513 3361 1573 prompte
3402 1519 3496 1573 pa-

253 1579 346 1641 οὑκ,
387 1580 473 1643 είς
504 1580 610 1652 τὴν
657 1582 854 1635 ἐαυτοῦ
905 1582 1065 1652 φύσιν
1095 1584 1326 1639 ἕκαστον
1358 1587 1615 1651 σκοποῦν,
1666 1587 1817 1640 ἀντι-

1918 1593 2062 1646 rent,
2096 1586 2295 1639 cedunt
2324 1595 2379 1641 et
2405 1587 2809 1656 obtemperant,
2836 1598 2895 1644 ut
2922 1590 3124 1644 nullum
3153 1607 3341 1646 eorum
3372 1608 3496 1663 pro-

230 1672 456 1743 ,μάχεται
496 1674 640 1746 πρὸς
672 1674 736 1727 τὸ
765 1674 949 1744 ἕτερον
968 1693 981 1705 ·
1015 1676 1155 1730 ἀλλά
1196 1677 1288 1731 τὴν
1333 1679 1670 1750 συνδήσαντα
1702 1677 1813 1731 Κύ-

1917 1675 2090 1743 priam
2120 1686 2370 1729 naturam
2403 1686 2655 1747 spectans
2686 1678 2840 1734 alteri
2867 1681 3183 1735 adversetur
3211 1695 3227 1735 :
3256 1684 3349 1736 sed
3380 1684 3493 1738 sin-

252 1780 342 1832 ριον
368 1765 741 1834 γινώσκοντα,
777 1767 1031 1838 ὁμόνοιαν
1054 1767 1238 1837 ἔχουσι
1270 1770 1407 1840 πρὸς
1438 1768 1627 1833 ἐαυτὰ,
1654 1769 1814 1839 φύσει

1917 1766 2036 1836 gula
2062 1767 2344 1821 Dominum
2395 1768 2736 1840 colligantem
2759 1774 3127 1843 agnoscentia,
3147 1776 3493 1829 concordiam

253 1858 328 1927 μὲν
354 1859 480 1912 ὄντα
509 1860 756 1927 ἐναντία,
788 1862 853 1932 τῇ
903 1861 959 1914 δὲ
1005 1860 1099 1914 τοῦ
1140 1861 1512 1933 κυϐερνῶντος
1563 1860 1813 1932 βουλήσει

1915 1870 2041 1925 erga
2062 1870 2119 1909 se
2134 1866 2371 1923 servent,
2395 1867 2448 1913 et
2470 1862 2818 1928 quantumvis
2843 1863 3113 1916 contraria
3144 1864 3257 1917 sint
3274 1874 3490 1930 natura,

251 1924 555 2019 ίμλιάζοντα.
608 1924 768 2005 Ἐπεί
792 1924 853 2005 εί,
881 1952 956 2026 μὴ
990 1924 1590 2025 κρείττονι-προστάξεί
1622 1924 1808 2021 ἐγεγόο

1913 1924 2264 2017 gubernantis
2285 1949 2564 2004 voluntate
2596 1950 2778 2006 ineant
2806 1952 3125 2019 amicitiam.
3147 1954 3489 2022 Cteteroquin

247 2058 310 2094 νει
335 2042 533 2097 τούτων
559 2044 661 2115 μία
685 2046 904 2115 κρᾶσις,
940 2044 1058 2107 πῶς
1076 2044 1141 2098 ἂν
1163 2045 1224 2097 τὸ
1243 2044 1380 2117 βαρὺ
1409 2044 1487 2115 τῷ
1515 2044 1806 2117 ἐλαφρῷ,ἢ

1911 2040 2012 2093 nisi
2038 2040 2339 2109 potentiore
2365 2040 2591 2110 imperio
2614 2041 2775 2096 simul
2797 2042 3027 2097 invicem
3066 2045 3492 2099 commisceren-

247 2134 294 2188 τὸ
318 2134 468 2208 ξηρὸν
486 2136 568 2209 τῷ
597 2138 828 2211 ὑγρῷ,ἣ
859 2139 920 2192 τὸ
950 2139 1249 2213 περιφερὲς
1272 2140 1351 2211 τῷ
1378 2139 1542 2212 ὀρθῷ,
1562 2140 1595 2211 ἦ
1613 2140 1674 2193 τὸ
1698 2140 1807 2214 πῦρ

1910 2136 2015 2193 tur,
2037 2130 2303 2197 quomodo
2325 2130 2507 2199 gravia
2527 2144 2647 2184 cum
2676 2131 2903 2198 levibus,
2923 2132 3067 2187 sicca
3085 2148 3204 2186 cum
3229 2132 3486 2197 humidis,

246 2224 306 2295 τῷ
329 2226 535 2298 ψυχρῷ,
574 2228 607 2301 ἢ
642 2229 785 2293 ὅλως
818 2231 851 2300 ή
903 2231 1147 2285 θάλασσα
1192 2234 1257 2302 τῇ
1309 2233 1402 2302 γῇ,
1438 2231 1526 2302 ἤό
1555 2232 1706 2301 ήλιος
1736 2234 1803 2302 τῇ

1909 2218 2135 2274 rotunda
2152 2234 2272 2274 cum
2292 2220 2475 2287 rectis,
2501 2220 2637 2291 ignis
2667 2237 2787 2276 cum
2836 2221 3150 2289 frigore.vel
3192 2238 3343 2277 mare
3366 2238 3488 2277 cum

250 2316 434 2388 σελήνῃ,
470 2318 598 2393 ἢ,τά
640 2319 818 2393 ἄστρα
840 2321 918 2393 τῷ
934 2322 1171 2393 οὐρανῷ,
1194 2322 1286 2376 καὶ
1319 2324 1347 2376 ό
1372 2322 1478 2394 ἀὴρ
1491 2325 1613 2386 ταῖς
1646 2322 1804 2391 νεφέ-

1906 2322 2073 2380 terra,
2090 2312 2170 2369 sol
2190 2328 2312 2370 cum
2331 2312 2478 2379 luna,
2506 2321 2653 2369 astra
2669 2329 2788 2369 cum
2812 2315 2973 2379 cmlo,
2994 2328 3088 2370 aer
3108 2330 3229 2370 cum
3257 2316 3489 2369 nubibus

251 2408 347 2473 λαις
370 2412 533 2482 ἐμίγη
558 2411 656 2464 κα)⁵
686 2411 968 2481 συνῆλθεν,
998 2413 1247 2484 ἀνομοίου
1269 2412 1434 2483 οὔσης
1453 2415 1550 2483 τῆς
1572 2414 1801 2468 ἑκάστου

1905 2404 2100 2459 sociari
2122 2412 2177 2460 et
2201 2406 2347 2460 coire
2366 2414 2623 2475 possent,
2653 2421 2775 2460 cum
2806 2406 3229 2475 unumquodque
3246 2405 3486 2462 dissimi-

251 2502 360 2572 πρὸς
388 2504 446 2556 τὸ
478 2504 671 2576 ἐτερον
715 2503 965 2572 φύσεως;
1014 2504 1245 2574 Ἔμελλε
1294 2504 1401 2576 γάρ
1445 2506 1541 2558 καὶ
1590 2506 1800 2577 μεγάλη

1906 2495 2006 2550 lem
2022 2496 2131 2566 29
2161 2496 2229 2552 ab
2258 2496 2364 2551 alio
2393 2506 2638 2550 naturam
2663 2496 2889 2551 habeat?
2912 2495 3295 2552 Gravissimam
3325 2496 3489 2564 siqui-

247 2593 402 2658 στάσις
442 2594 730 2664 γίγνεσθαι
766 2595 903 2666 πρὸς
936 2594 1096 2658 αὐτὰ,
1132 2596 1225 2649 τοῦ
1281 2596 1378 2666 μὲν
1410 2597 1675 2661 καίοντος,
1704 2597 1799 2651 τοῦ

1903 2587 2022 2643 dem
2041 2588 2359 2643 seditionem
2386 2587 2633 2643 interilla
2651 2587 2912 2642 concitari
2937 2601 3161 2643 necesse
3186 2596 3353 2650 esset,
3381 2586 3486 2640 alio

243 2682 287 2736 δὲ
309 2684 578 2757 ψύχοντος,
610 2688 708 2741 καὶ
755 2686 847 2740 τοῦ
882 2687 981 2757 μὲν
1014 2686 1225 2757 βαρέως
1264 2688 1434 2753 κάτω,
1459 2687 1553 2741 τοῦ
1586 2689 1643 2742 δὲ
1671 2688 1799 2742 κού-

1900 2689 2112 2743 urente,
2155 2679 2511 2750 refrigerante
2540 2677 2665 2743 alio,
2705 2679 2847 2745 quod
2879 2690 3041 2747 grave
3072 2685 3158 2731 est
3206 2678 3482 2743 deorsum,

244 2794 325 2845 φου
371 2778 431 2831 ἐκ
476 2778 589 2832 τῶν
636 2778 896 2831 ἐναντίων
942 2777 1055 2831 ἄνω
1099 2777 1369 2844 ἕλκοντος,
1424 2780 1519 2832 καί¹
1559 2779 1653 2832 τοῦ
1701 2780 1799 2851 μὲν

1902 2770 1994 2825 illo
2026 2772 2166 2841 quod
2210 2771 2325 2825 leve
2362 2780 2441 2825 est
2476 2779 2664 2824 contra
2693 2784 2906 2824 sursum
2940 2768 3320 2834 contendente,
3369 2767 3483 2823 sole

244 2868 366 2937 ἡλίου
392 2870 742 2938 φωτίζοντος,
773 2870 866 2923 τοῦ
896 2870 952 2923 δί
980 2870 1142 2940 ἀέρος
1169 2871 1505 2935 σκοτίζοντος
1525 2888 1538 2901 ·
1574 2872 1668 2924 καὶ
1690 2872 1799 2943 γὰρ

1901 2862 2260 2927 illuminante,
2291 2876 2417 2917 aere
2460 2862 2810 2916 obscurante.
2858 2860 3017 2914 Astra
3057 2860 3305 2915 similiter
3347 2860 3484 2915 inter

244 2961 319 3013 καὶ
341 2961 401 3013 τὰ
430 2963 605 3033 ἄστρα
635 2962 749 3031 (58)
783 2961 1111 3015 ἐστασίασαν
1136 2961 1202 3018 ἂν
1235 2964 1372 3033 πρὸς
1399 2963 1585 3025 ἑαυτὰ,
1625 2964 1706 3016 ὅτι
1731 2962 1798 3015 τὰ

1899 2972 1961 3011 se
2009 2956 2355 3019 dissiderent,
2393 2954 2589 3022 quippe
2634 2967 2866 3021 quorum
2908 2949 3011 3003 alia
3065 2951 3337 3019 superius,
3375 2950 3481 3005 alia

247 3049 325 3118 μὲν
349 3052 617 3123 ἀνωτέρω,
652 3051 725 3104 τὰ
771 3052 828 3104 δὲ
860 3052 1156 3122 κατωτέρω
1193 3052 1293 3123 τὴν
1323 3052 1469 3104 θέσιν
1504 3053 1649 3121 ἔχειν
1704 3051 1797 3103 καὶ

1899 3046 2123 3101 inferius
2168 3046 2336 3112 posita
2385 3044 2515 3097 sint.
2551 3043 2663 3097 Nox
2710 3056 2924 3111 quoque
2970 3040 3073 3094 diei
3108 3055 3213 3095 non
3244 3041 3480 3104 cederet,

244 3139 271 3208 ἡ
297 3141 380 3206 νὺξ
403 3143 457 3196 δέ
488 3144 589 3197 οὐκ
616 3143 683 3197 ἂν
713 3141 1073 3215 παρεχώρησε
1104 3144 1169 3212 τῇ
1200 3143 1404 3213 ἡμέρᾳ,
1436 3143 1569 3195 ἀλλά
1604 3143 1795 3214 ἔμενεν

1900 3137 1995 3192 sed
2028 3135 2270 3205 profecto
2301 3149 2422 3188 cum
2463 3133 2552 3187 illo
2601 3132 2815 3185 assidue
2844 3137 3110 3199 pugnaret
3139 3136 3194 3183 et
3221 3138 3475 3184 certaret.

245 3232 298 3285 ἂν
322 3233 525 3299 πάντως
574 3234 861 3307 μαχομένη
894 3234 1029 3305 πρὸς
1062 3234 1233 3304 αὐτὴν
1276 3234 1370 3287 καὶ
1405 3233 1791 3297 στασιάζουσα.
1824 3267 1828 3296 ‹

1902 3226 1996 3291 llis
2029 3234 2207 3279 autem
2252 3223 2324 3277 ita
2350 3236 2408 3277 se
2447 3222 2799 3285 habentibus,
2840 3219 2950 3288 jam
2994 3218 3174 3273 nullus
3210 3217 3344 3273 ordo
3385 3219 3478 3273 sed

244 3323 429 3380 Τούτων
454 3327 509 3380 δὲ
541 3327 902 3397 γιγνομένων,
927 3325 1111 3379 λοιπὸν
1132 3321 1200 3395 ἦν
1229 3325 1356 3377 ἰδεῖν
1380 3325 1563 3378 οὐκέτι
1592 3324 1797 3395 κόσμον

1900 3318 2032 3373 nihil
2061 3317 2164 3371 nisi
2199 3314 2446 3370 confusio
2471 3314 2524 3368 in
2552 3312 2754 3367 mundo
2790 3311 3105 3365 videretur:
3134 3308 3268 3363 nihil
3300 3307 3475 3363 locum

246 3413 339 3467 ἀλλ’
381 3417 673 3488 ἀκοσμίαν,
727 3417 911 3470 οὐκέτι
966 3416 1118 3482 τάξιν
1162 3414 1277 3468 ἀλλ’
1322 3415 1570 3482 ἀταξίαν,
1614 3415 1803 3469 οὐκέτι»

1898 3425 2054 3465 suum
2085 3414 2346 3469 servaret,
2375 3406 2468 3460 sed
2491 3403 2670 3458 omnia
2719 3402 3034 3472 perturbata
3069 3400 3290 3455 forent':
3326 3398 3462 3454 nihil

247 3507 474 3562 σύστασιν
501 3509 614 3562 ἀλλ’
650 3509 955 3563 ἀσύστατον
985 3507 1047 3560 τὸ
1075 3507 1193 3561 ὅλον
1226 3507 1358 3578 (39),
1393 3507 1577 3561 οὐκέτι
1624 3507 1798 3577 μέτρα

1898 3502 2242 3565 consisteret,
2269 3499 2365 3553 sed
2397 3505 2592 3551 cuncta
2626 3503 2810 3550 essent
2840 3492 3134 3548 instabilis.
3161 3490 3352 3545 Nullus
3385 3490 3480 3543 de-

244 3598 340 3651 ἀλλ*
365 3601 637 3672 ἀμετρίαν.
671 3602 765 3679 Τῇ
792 3600 899 3671 γάρ
937 3599 1165 3653 ἑκάστου
1211 3600 1395 3653 στάσει
1442 3600 1534 3652 καὶ
1581 3600 1725 3669 μάχῃ
1760 3599 1793 3669 ἢ

1900 3596 2062 3664 nique
2092 3592 2281 3647 modus
2328 3590 2411 3644 vel
2437 3602 2687 3643 mensura
2717 3599 2899 3639 rerum
2951 3591 3138 3653 posset
3194 3594 3337 3637 esse.
3378 3578 3476 3634 Vel

248 3691 395 3744 πάντα
417 3692 730 3764 ἀνῃροῦντο,
752 3673 794 3762 ’ἢ
820 3692 880 3744 τὸ
909 3690 1143 3763 κρατοῦν
1182 3692 1294 3761 (40)
1336 3691 1495 3761 μόνον
1523 3690 1791 3759 ἐφαίνετο.

1897 3685 2038 3739 enim
2065 3682 2399 3751 singulorum
2428 3678 2694 3734 seditione
2723 3686 2775 3730 et
2806 3690 2983 3744 pugna
3015 3673 3195 3727 omnia
3229 3673 3474 3727 destrue-

247 3782 339 3834 Καὶ
364 3784 510 3836 τοῦτο
536 3785 700 3838 πάλιν
731 3783 829 3855 τὴν
856 3782 950 3835 τοῦ
985 3782 1187 3846 παντὸς
1230 3782 1505 3852 ἀκοσμίαν
1533 3781 1792 3833 ἐδείκνυε.

1899 3783 2109 3837 rentur,
2142 3772 2226 3826 vel
2257 3770 2452 3825 fortius
2477 3767 2739 3823 duntaxat
2788 3766 3126 3831 remaneret;
3162 3764 3303 3833 quod
3344 3776 3476 3816 sane

248 3872 395 3925 Μόνον
424 3875 528 3947 γάρ
560 3852 854 3945 γενόμενον
895 3874 990 3926 καὶ
1037 3872 1356 3943 λειπόμενον
1382 3876 1451 3942 τῇ
1486 3872 1592 3924 τῶν
1624 3871 1797 3924 ἄλλων

1898 3881 2004 3922 non
2031 3864 2309 3920 minimam
2344 3863 2542 3918 mundo
2582 3859 2990 3916 deformitatem
3043 3854 3280 3910 aﬂ‘erret.
3312 3852 3477 3908 Nam»

249 3964 399 4036 χρείᾳ,
429 3945 767 4038 ἀνάρμοστον
799 3966 860 4017 τὸ
889 3964 1008 4019 ὅλον
1037 3963 1246 4017 ἐποίεις
1275 3961 1466 4034 ὥσπερ
1496 3950 1557 4015 εί
1576 3964 1669 4017 καὶ
1698 3964 1795 4034 μό-

1899 3972 2004 4027 que
2036 3959 2177 4014 istud
2210 3971 2373 4011 unum
2425 3952 2964 4020 relietum,'aliorum
3001 3947 3327 4003 utilitatibus
3378 3945 3474 3999 de-

250 4065 324 4111 νος
350 4053 489 4118 ποῦς,
518 4055 613 4108 καὶ
643 4052 779 4123 μόνη
816 4053 938 4122 χεὶρ
965 4051 1332 4122 ἀπομείνασα,
1364 4052 1463 4104 οὐκ
1501 4051 1566 4105 ἀν
1596 4051 1797 4105 ἔσωσεν

1919 4050 2167 4115 ιῑίιιιιιιιη,
2208 4048 2585 4102 inconcinnam
2630 4058 2810 4099 rerum
2840 4042 3251 4097 universitatem
3283 4040 3502 4097 reddo-re

250 4138 502 4214 ὁλόκληρον
545 4145 607 4197 τὸ
652 4144 812 4213 σῶμα
829 4142 962 4214 (41).
1010 4144 1173 4205 Ποῖος
1215 4142 1323 4213 γὰρ
1374 4143 1577 4213 κόσμος
1624 4139 1713 4215 ἦν,
1750 4146 1797 4196 εί

1899 4149 1980 4193 ret
2014 4155 2026 4191 :
2057 4140 2512 4208 quemadmodum
2536 4139 2579 4191 si
2616 4136 2763 4191 solus
2789 4150 2885 4205 pes
2909 4133 2992 4188 vel
3030 4133 3347 4201 solamanus
3380 4146 3473 4185 su—

256 4231 387 4297 μόνος
415 4236 557 4305 ήλιος
603 4236 844 4305 ἔφαινεν,
886 4233 919 4304 ἦ
967 4234 1163 4306 σελήνη
1220 4233 1354 4305 μόνη
1398 4234 1794 4305 περιεπόλει,ἢ

1903 4232 2168 4300 peresset,
2202 4246 2308 4284 non
2340 4237 2653 4283 servaretur
2684 4226 2932 4296 corporis
2957 4224 3262 4294 integritas.
3287 4222 3486 4288 Qualis.

254 4321 333 4389 νὺξ
363 4328 481 4398 μόνη
507 4323 595 4398 ἦν,
635 4327 670 4398 ἢ
702 4327 886 4399 ἡμέρα
917 4327 1005 4379 ἀεὶ
1041 4326 1343 4396 ἐτύγχανε;
1386 4327 1525 4381 Ποία
1550 4326 1606 4378 δὲ
1637 4327 1797 4379 πάλιν

1912 4324 2041 4379 enim
2084 4322 2316 4376 mundus
2347 4329 2509 4382 esset,
2546 4320 2589 4374 si
2634 4319 2716 4373 vel
2767 4319 2847 4372 sol
2896 4325 3103 4371 tantum
3146 4321 3429 4384 appareret
3456 4351 3495 4376 ,.

255 4408 310 4483 ἦν
327 4417 557 4489 ἁρμονία,
578 4421 627 4473 εί
650 4419 811 4491 μόνος
838 4414 906 4489 ἦν
928 4420 956 4470 ό
983 4416 1212 4489 οὐρανὸς
1240 4416 1409 4487 χωρὶς
1427 4417 1535 4471 τῶν
1559 4417 1793 4489 ἄστρων,

1901 4412 1979 4468 vel
2019 4412 2135 4467 sola
2174 4412 2297 4465 luna
2347 4410 2814 4474 circumferretur,
2847 4417 2940 4462 aut
2988 4407 3100 4462 sola
3144 4421 3252 4459 nox
3301 4412 3466 4469 esset,

253 4506 281 4576 ἢ
308 4510 365 4561 τά
392 4511 555 4584 ἄστρα
592 4512 765 4583 χωρὶς
796 4510 888 4564 τοῦ
922 4510 1184 4580 οὐρανοῦ;
1217 4510 1282 4562 Τί
1306 4509 1362 4562 δέ
1388 4511 1482 4563 καὶ
1507 4511 1793 4580 χρήσιμον,

1901 4513 1993 4558 aut
2021 4504 2136 4558 dies
2174 4512 2430 4570 perpetuo
2460 4503 2724 4557 duraret?
2754 4501 2941 4568 Qualis
2981 4508 3127 4555 esset
3166 4499 3469 4561 harmonia,

255 4600 293 4650 εὶ
320 4603 438 4675 μόνη
464 4605 704 4659 θάλασσα
737 4599 827 4675 ἦν,
861 4603 956 4656 καὶ
984 4604 1032 4655 εί
1057 4602 1169 4674 (42)
1195 4602 1328 4672 μόνη
1364 4601 1436 4670 γῆ
1467 4601 1635 4673 χωρὶς
1667 4601 1797 4654 ὐδά-
1826 4589 1838 4644 Ῐ

1973 4595 2045 4648 vel
2079 4595 2203 4650 coeli
2250 4596 2368 4649 sine
2411 4594 2583 4649 stellis
2613 4594 2697 4649 vel
2727 4590 2898 4647 stellae
2922 4592 3041 4647 sine
3066 4589 3223 4645 caelis
3244 4595 3425 4642 essent
3450 4587 3505 4644 Τ

253 4706 337 4746 των
367 4696 452 4749 καὶ
484 4697 590 4749 τῶν
624 4695 922 4765 ἀλλωνλτῆς
948 4694 1175 4757 κτίσεως
1214 4691 1396 4763 μερῶν
1426 4691 1638 4757 Exsere;
1676 4691 1791 4755 πῶς

1899 4688 2154 4755 Qumnam
2180 4702 2310 4741 vero
2340 4686 2569 4753 utilitas,
2603 4686 2645 4741 si
2675 4699 2825 4740 mare
2870 4683 3063 4738 solum.
3092 4690 3281 4745 esset,.
3310 4680 3395 4733 vel
3427 4678 3473 4733 si

250 4779 285 4831 δ’
312 4783 370 4837 ἂν
398 4788 482 4840 καὶ
512 4788 797 4857 ἄνθρωπος
825 4785 994 4855 ἐφάνη
1026 4784 1058 4855 ἢ
1086 4784 1221 4847 ὅλως
1244 4782 1380 4846 ζῶον
1408 4782 1501 4836 ἐπὶ
1530 4782 1653 4852 γῆς,
1682 4782 1791 4835 τῶν

1895 4780 2006 4836 sola
2029 4788 2171 4833 terra
2206 4778 2326 4833 sine
2349 4779 2504 4849 aquis
2531 4778 2719 4833 aliisve
2744 4785 2949 4832 natum
2976 4774 3219 4843 partibus
3241 4773 3470 4827 exsiste-

254 4878 497 4946 στοιχείων
527 4878 664 4950 πρὸς
694 4876 862 4930 ἐαυτά
899 4876 1314 4940 στασιαζόντων,
1349 4875 1444 4928 καὶ
1476 4875 1595 4939 ἐνὸς
1639 4874 1790 4939 ὄντος

1897 4871 2016 4927 ret?
2039 4871 2338 4937 Quomodo,
2374 4883 2582 4940 quaeso,
2625 4869 2710 4923 vel
2758 4870 2920 4924 homo
2954 4868 3035 4923 vel
3070 4867 3235 4922 ullum
3269 4864 3470 4919 animal

250 4964 326 5017 τοῦ
352 4970 663 5038 κρατοῦντος
694 4969 788 5022 καὶ
821 4969 894 5038 μὴ
924 4967 1221 5038 δυναμένου
1255 4967 1390 5039 πρὸς
1418 4966 1515 5038 τὴν
1544 4966 1649 5020 τῶν
1681 4984 1787 5019 σω-

1896 4966 1949 5018 in
1985 4962 2146 5017 terris
2172 4961 2321 5016 nasci
2353 4971 2557 5030 posset,
2593 4961 2876 5016 elementis
2906 4960 3048 5014 inter
3082 4973 3139 5014 se
3163 4953 3468 5011 dissidenti-

253 5056 412 5121 μάτων
442 5061 695 5115 σύστασιν
730 5064 956 5131 ἀρκεῖν;
993 5061 1107 5112 Οὐκ
1149 5060 1214 5113 ἂν
1247 5058 1354 5130 γὰρ
1384 5062 1446 5113 ἐκ
1483 5060 1642 5128 μόνου
1667 5058 1790 5129 θερ-

1895 5056 2017 5119 bus,
2045 5070 2273 5124 quorum
2303 5054 2402 5109 etsi
2448 5070 2612 5108 unum
2648 5062 2953 5123 superaret,
3012 5061 3193 5106 tamen
3229 5052 3292 5102 ad
3346 5062 3472 5102 cor-

250 5147 355 5214 μοῦ,
384 5152 415 5222 ἦ
450 5155 605 5224 μόνου
636 5152 865 5224 ψυχροῦ,
896 5152 929 5223 ἢ
969 5152 1128 5222 μόνου
1172 5152 1361 5220 ὑγροῦ,
1394 5152 1431 5223 ἢ
1468 5150 1633 5224 ξηροῦ
1671 5168 1794 5204 συν-

1898 5162 2028 5217 pora
2063 5146 2443 5203 constituenda
2474 5146 2608 5202 satis
2626 5160 2748 5201 esse
2777 5159 2883 5198 non
2908 5143 3127 5214 posset?
3155 5140 3297 5194 Nihil
3325 5140 3466 5193 enim

304 5342 750 5425 (36)§Uv§196vm
772 5361 878 5401 non
907 5345 1093 5425 est‘in
1116 5343 1337 5401 Gobler.
1386 5354 1442 5400 et
1476 5343 1718 5401 Felckm.
1746 5346 1773 5399 l

1961 5345 2074 5415 (40)
2129 5344 2220 5400 Sic
2272 5346 2499 5425 ξθειιες.
2529 5344 2747 5425 Anglic...
2779 5344 2864 5425 .At
2911 5342 3074 5425 Gobl,
3123 5348 3175 5393 et
3224 5335 3400 5391 lt‘elck.
3435 5335 3471 5389 1.

247 5421 389 5485 δίωξις
415 5417 567 5473 Basil.
600 5420 763 5473 habet
789 5414 1219 5469 συνεισελθὸντα.
1478 5484 1485 5485 7

1889 5414 2076 5480 auom,
2112 5414 2494 5485 κρατεῖνζΑιὶἰ
2522 5414 2643 5485 cuin
2665 5414 2845 5485 editis,
2878 5414 3261 5485 κρατούμενον.

306 5481 517 5560 (δηδᾷε
550 5489 776 5560 Seguer.
812 5487 1069 5560 gAnAglica
1099 5486 1320 5541 Gobler.
1370 5493 1424 5540 et
1466 5484 1705 5541 Felckm.
1756 5485 1780 5538 1

1895 5556 1932 5560 _
1965 5476 2075 5560 (μ)
2104 5476 2208 5560 Pro
2246 5483 2538 5560 ὁλόκληρον
2562 5484 2621 5536 τὸ
2651 5484 2848 5560 σῷμαιι
2893 5476 3115 5560 Segucr.
3147 5476 3365 5560 gobler.

245 5548 522 5631 δηοειλςειιξ
547 5548 667 5631 cuin
695 5548 1187 5631 edi_tis,_8écr§610u.
1360 5626 1373 5631 _
1442 5626 1455 5631 _
1549 5626 1561 5631 _

1893 5548 2181 5631 Feb-mm!
2218 5571 2379 5608 anon.
2428 5548 2642 5631 habent
2676 5548 2908 5631 ἐνάλλιρ
2949 5548 3047 5617 τὴν
3086 5548 3185 5631 τοῦ

310 5621 409 5696 (ᾆὸ)
437 5626 645 5683 Gobler.
666 5636 720 5696 et
758 5625 1068 5690 Felckm.l,
1098 5641 1284 5686 anon.,
1327 5626 1376 5679 οἱ
1432 5626 1683 5696 ἀστέρες,
1735 5635 1821 5679 ειη

1958 5626 2072 5689 ξαν.
2107 5624 2435 5696 Interpretes
2491 5629 2728 5696 nostram
2784 5621 3061 5696 lectionem
3089 5621 3461 5696 secuti-sunt:
3536 5660 3538 5665 .

245 5681 514 5767 Paulo'post
538 5681 782 5763 ἑαυτούς,
816 5704 891 5760 et,
926 5696 1007 5748 ὅτι
1030 5681 1077 5748 οἱ
1104 5696 1202 5765 μὲν
1229 5681 1509 5767 ἀνωτέρω,
1543 5681 1591 5749 οὶ
1616 5681 1693 5759 δέ’,
1713 5705 1786 5760 et,

1900 5681 2065 5749 Pa'ulo
2126 5681 2269 5767 post'
2303 5694 2484 5767 iidem_
2518 5686 3017 5767 Seguerugobler:
3048 5694 3125 5767 et‘
3160 5681 3396 5738 Felckm.
3433 5684 3452 5736 l

244 5751 429 5833 ἔχοὲἓι..
742 5751 781 5763 -,
876 5751 889 5760 .
1104 5751 1117 5765 .
1410 5751 1423 5767 .
1495 5751 1506 5760 .
1680 5751 1690 5759 ι
1770 5751 1784 5760 .

1680 5751 1690 5759 ’
1770 5751 1784 5760 ⁷
1900 5780 2061 5833 anon.
2107 5751 2266 5833 μόνον
2286 5776 2382 5833 pro
2402 5751 2734 5833 ίμόνοςξιηιε
2757 5756 2905 5833 ἥλιος
2934 5756 3149 5833 habent.

312 5827 415 5896 (59)
440 5833 509 5886 Τό
526 5844 651 5889 ante
674 5835 794 5888 ὅλον
844 5834 1046 5889 addunt
1086 5832 1309 5904 Segucr.
1354 5843 1408 5889 et
1436 5834 1644 5905 Anglic.
1686 5832 1791 5888 Alii

1898 5902 1909 5905 _
1969 5831 2079 5905 (42)
2107 5821 2215 5887 ἶ)ῖο
2243 5821 2334 5883 καὶ
2372 5821 2443 5893 εἴ,
2486 5827 2700 5882 Gobler.
2728 5821 2789 5880 et
2815 5823 3053 5880 Fuit-km.
3092 5825 3109 5878 l
3151 5838 3313 5878 anon.
3364 5821 3461 5875 ha~

247 5903 368 5951 vero
396 5911 445 5954 ut
468 5914 517 5959 et
548 5907 672 5962 editi
694 5907 966 5961 omittunt.
1163 5900 1185 5904 “
1525 5900 1550 5905 ⁷
1896 5902 2021 5957 bent
2050 5900 2106 5970 Ἰλ-
