4010 6510
478 456 551 513 ’15
673 513 679 517 ,
1066 454 1121 509 S.
1164 453 1531 510 ATHANASII
1593 455 1739 510 OPP.
1778 454 1956 509 PARS
1989 456 2030 507 I.
2071 487 2139 496 —
2176 453 2543 509 IIISTORICA
2576 454 2661 507 ΕΤ
2701 454 3116 511 DOGMATICA.
3643 459 3717 517 78

482 575 565 631 vel
598 589 662 628 ex
692 572 806 627 solo
836 570 1009 625 calido
1033 571 1320 637 elemento,
1354 572 1439 626 vel
1474 585 1539 625 ex
1564 572 1681 625 solo
1708 571 1925 638 frigido,
1955 571 2039 625 vel

2176 588 2271 641 στη
2320 588 2373 622 τι
2416 572 2524 624 τῶν
2568 572 2705 624 ὅλων
2737 572 2869 643 (4.5)-
2916 574 3029 625 ἀλλ’
3061 569 3129 643 ἦν
3154 575 3363 628 ἄτακτα
3404 576 3585 630 πάντα
3627 578 3721 633 καὶ

479 681 547 721 ex
578 664 692 720 solo
743 662 963 717 humido
1009 672 1104 716 aut
1143 662 1290 716 sicco
1330 660 1575 729 componi
1600 660 1862 727 potuisset
1894 678 1910 712 :
1946 660 2041 713 sed

480 753 661 807 omnia
688 753 939 807 universe
981 751 1284 805 inordinata
1309 758 1365 805 et
1394 750 1665 803 incondita
1693 741 1904 803 essent:
1931 744 2040 802 Ve-

480 854 600 892 rum
626 853 797 908 neque
814 839 975 893 etiam
1009 838 1134 893 illud
1156 838 1295 906 quod
1318 837 1582 892 dominari
1610 837 1899 902 videretur,
1928 836 2045 891 sine

482 927 711 981 aliorum
767 927 1090 981 adminicqu
1121 934 1304 995 posset
1347 924 1629 989 exsistere,
1663 924 1860 994 quippe
1902 923 2043 993 quod

483 1022 627 1072 nunc
664 1018 877 1073 nonnisi
909 1019 1011 1072 hoc
1038 1027 1196 1086 pacto
1229 1017 1474 1070 exsistat.

551 1109 642 1163 38.
685 1108 1023 1177 Quapropter
1044 1122 1165 1161 cum
1198 1121 1301 1159 non
1329 1104 1572 1160 confusio
1603 1105 1693 1158 sed
1717 1104 1850 1159 ordo
1890 1104 1957 1159 sit
1991 1104 2045 1158 in

483 1198 741 1252 universo
775 1215 789 1251 :
826 1212 949 1250 cum
978 1195 1113 1248 nihil
1151 1194 1203 1247 in
1229 1208 1295 1249 eo
1325 1192 1597 1246 incondite
1613 1202 1669 1246 et
1693 1192 1924 1256 turbide,
1955 1192 2071 1255 sed,

484 1289 665 1342 omnia
697 1288 959 1341 concinne
988 1285 1391 1354 compositeque
1444 1293 1497 1337 et
1541 1299 1706 1353 quam
1768 1283 2049 1352 aptissime

484 1383 830 1444 cohaereant,
867 1394 1086 1434 necesse
1112 1388 1193 1431 est
1222 1376 1501 1431 Dominum
1529 1376 1617 1444 qui
1656 1375 1742 1427 illa
1769 1390 1872 1427 una
1920 1388 2048 1427 con-

487 1471 753 1541 gregavit,
781 1469 1133 1533 constrinxit,
1170 1476 1223 1522 et
1247 1468 1574 1533 conciliavit,
1608 1477 1790 1521 mente
1823 1476 1876 1521 et
1905 1466 2052 1533 cogi-

488 1564 688 1617 tatione
724 1564 1069 1630 attingamus.
1098 1558 1229 1613 Nam
1267 1560 1475 1614 tametsi
1503 1558 1675 1614 oculis
1708 1572 1809 1610 non
1838 1556 2053 1624 conspi-

487 1650 648 1714 citur,
673 1666 734 1705 ex
768 1650 957 1703 ordine
993 1658 1168 1701 tamen
1194 1659 1249 1702 et
1283 1649 1570 1703 concordia
1616 1662 1792 1700 rerum
1836 1653 2054 1699 contra-

420 1738 453 1785 J
491 1742 717 1805 riarmu,
756 1755 943 1794 earum
971 1740 1296 1803 moderator,
1324 1750 1500 1794 rector
1546 1748 1600 1793 et
1630 1740 1923 1807 imperator
1970 1738 2056 1790 in-

490 1833 655 1903 telligi
692 1833 848 1887 facile
879 1840 1076 1900 potest.
1106 1831 1315 1884 Etenim
1352 1831 1799 1899 quemadmodum
1851 1830 1893 1883 si
1926 1830 2056 1883 civi-

2146 661 2411 715 ἀσύνθετα
2440 662 2684 715 καθόλου.
2725 662 2861 715 Ἀλλ’
2893 664 3000 716 οὐδ’
3030 664 3097 718 ἂν
3127 666 3257 718 αὐτὸ
3282 668 3343 719 τὸ
3369 668 3562 722 δοκοῦν
3588 686 3723 741 κρα-

2146 757 2258 807 τεῖν
2285 753 2519 823 ἠδυνήθη
2546 754 2611 806 ἂν
2645 754 2899 823 συστῆναι
2922 756 3089 825 χωρὶς
3120 757 3220 826 τῆς
3250 758 3357 810 τῶν
3395 759 3579 813 ἄλλων
3606 762 3723 815 ἐπ’..

2148 842 2371 912 κουρίας
2390 858 2403 870 ·
2440 840 2583 895 οὕτω
2610 840 2717 911 γάρ
2744 843 2838 896 xui
2862 842 2957 896 νῦν
2989 844 3333 916 συνέστηκεν.

2219 1101 2307 1155 58.
2357 1100 2508 1153 Ἐπεὶ
2539 1096 2629 1154 οὖν
2662 1102 2761 1155 οὐκ
2792 1101 2985 1166 ἀταξία
3024 1102 3157 1155 ἀλλὰ
3188 1104 3340 1170 τάξις
3379 1103 3527 1156 ἐστὶν
3553 1103 3612 1156 ὲν
3648 1106 3727 1176 τῷ

2155 1193 2335 1253 παντὶ,
2375 1192 2467 1245 xui
2506 1194 2605 1246 οὐκ
2639 1194 2876 1264 ἀμετρία
2923 1194 3056 1247 ἀλλά
3112 1196 3445 1267 συμμετρία,
3494 1196 3591 1249 καὶ
3628 1197 3729 1250 οὐκ

2155 1283 2394 1353 ἀκοσμία
2425 1283 2560 1337 ἀλλά
2596 1284 2799 1353 κόσμος
2837 1286 2931 1338 xui
2973 1285 3176 1355 κόσμου
3205 1287 3574 1356 παναρμόνιος
3609 1286 3730 1339 66v-

2156 1376 2304 1440 ταξις
2327 1393 2338 1405 ’
2379 1376 2591 1446 ἀνάγκη
2620 1376 2928 1443 λογίζεσθαι
2946 1377 3040 1429 xui
3067 1376 3365 1446 λαμϐάνειν
3398 1378 3609 1430 ἔννοιαν
3638 1376 3730 1429 τοῦ

2156 1465 2329 1519 ταῦτα
2358 1468 2748 1535 συναγαγόντος
2778 1468 2871 1519 xui
2915 1468 3325 1536 συσφίγξαντος,
3374 1469 3470 1521 καὶ
3512 1485 3734 1537 συμφω-

2158 1558 2276 1609 νίαν
2308 1557 2673 1628 ἐργαζομένου
2707 1556 2842 1627 πρὸς
2871 1558 3008 1610 αῦτά
3040 1559 3334 1615 Δεσπότου.
3358 1558 3479 1611 Κᾶν
3522 1560 3631 1628 γὰρ
3662 1558 3735 1626 μὴ

2158 1654 2267 1714 τοῖς
2287 1650 2583 1721 ὀφθαλμοῖς
2610 1652 2824 1719 ὁρᾶται,
2855 1650 2967 1703 ἀλλ’
2991 1650 3097 1703 ἀπὸ
3121 1652 3220 1720 τῆς
3243 1652 3449 1716 τάξεως
3476 1652 3572 1703 xui
3602 1668 3737 1720 συμ-

2162 1742 2364 1811 φωνίας
2382 1742 2489 1793 τῶν
2510 1742 2784 1804 ἐναντίων,
2802 1743 2997 1793 ἐννοεῖν
3023 1743 3135 1793 ἐστι
3162 1742 3249 1794 τὸν
3275 1743 3480 1795 τούτων
3501 1744 3738 1811 ἄρχοντα

2163 1831 2259 1884 xui
2300 1832 2612 1900 κοσμήτορα
2657 1830 2747 1882 xui
2788 1829 3027 1899 βασιλέα.
3088 1831 3299 1901 ’Ὠσπερ
3346 1832 3453 1901 γὰρ
3486 1832 3643 1884 πόλιν
3678 1834 3739 1883 ὲκ

491 1934 653 1977 tatem
686 1936 749 1975 ex
782 1922 964 1975 multis
1006 1928 1062 1974 et
1110 1920 1337 1975 diversis
1372 1920 1703 1987 hominibus,
1756 1922 1963 1989 pusillis
2007 1930 2061 1975 et

2176 1921 2367 1974 πολλῶν
2392 1923 2484 1974 xui.
2506 1921 2772 1991 διαφόρων
2801 1920 3100 1991 ἀνθρώπων
3125 1921 3487 1987 συνεστῶσαν,
3527 1921 3739 1992 μικρῶν

491 2014 721 2081 tnagnis,
755 2012 1016 2067 divitibus
1049 2022 1101 2067 et
1128 2012 1476 2081 pauperibus,
1511 2012 1728 2067 senibus
1780 2024 1834 2066 et
1882 2013 2063 2069 adole-

490 2106 807 2167 scentibus,
855 2105 986 2159 viris
1024 2112 1077 2158 et
1130 2103 1446 2158 mulieribus
1494 2106 1883 2174 compositam,
1927 2120 2064 2174 prie-

493 2196 639 2249 clare
673 2196 1040 2250 administrari
1070 2205 1124 2249 et
1157 2196 1265 2265 regi
1303 2209 1676 2259 cerneremus,
1728 2196 1950 2264 illosque
1973 2196 2062 2264 qui

492 2301 609 2340 eam
642 2296 996 2354 componunt,
1025 2286 1240 2340 tametsi
1268 2286 1533 2350 diversos,
1562 2288 1860 2341 concordes
1889 2298 2063 2342 tamen

494 2379 634 2432 inter
668 2392 727 2432 se
772 2390 915 2439 esse,
970 2389 1148 2444 neque
1200 2376 1397 2430 divites
1458 2377 1716 2430 adversus
1778 2390 2063 2445 pauperes,

493 2484 668 2538 neque
694 2470 926 2537 majores
957 2475 1145 2521 contra
1179 2468 1442 2533 minores,
1474 2478 1565 2520 aut
1591 2468 1832 2537 juniores
1876 2479 2063 2522 contra

494 2574 651 2615 senes
677 2572 937 2629 pugnare,
967 2557 1061 2612 sed
1084 2572 1273 2612 omnes
1304 2558 1583 2627 aequaliter
1615 2572 1798 2627 pacem
1826 2558 2024 2611 habere
2049 2572 2062 2609 :

494 2651 541 2704 si
591 2650 739 2713 haec,
783 2648 1022 2715 inquam,
1060 2646 1390 2711 videremus,
1452 2647 1608 2716 plane
1646 2647 2067 2715 intelligeremus

496 2738 754 2807 principis
780 2737 1124 2807 praesentiam
1158 2736 1322 2808 hujus
1354 2736 1659 2791 concordiae
1689 2751 1905 2789 causam
1924 2750 2063 2797 esse,

496 2831 714 2885 etiamsi
741 2846 861 2885 eum
884 2830 1057 2885 oculis
1085 2845 1194 2885 non
1229 2830 1584 2885 intueremur.
1643 2828 1931 2883 Enimvero
1978 2830 2065 2882 ubi

497 2926 633 2978 ordo
666 2938 771 2978 non
812 2932 895 2979 est
932 2924 1024 2978 sed
1053 2924 1330 2989 conlusio,
1387 2930 1701 2994 argumento
1750 2932 1834 2975 est
1865 2920 2067 2974 nullum

501 3015 571 3069 ibi
606 3016 999 3071 moderatorem
1040 3030 1203 3070 esse:
1242 3024 1299 3069 at
1343 3015 1499 3079 ordo,
1543 3015 1696 3070 ducis
1734 3022 1785 3069 et
1841 3013 2069 3068 rectoris

498 3107 719 3162 evidens
752 3108 965 3177 signum
988 3115 1092 3162 est.
1124 3105 1385 3161 Similiter
1411 3121 1534 3160 cum
1566 3106 1618 3160 in
1644 3120 1869 3175 corpore
1900 3120 2070 3160 mem-

500 3200 717 3252 brorum
753 3200 898 3252 inter
925 3212 983 3252 se
1011 3199 1353 3253 concordiam
1406 3196 1780 3262 observamus,
1812 3212 1911 3253 nec
1940 3212 2069 3252 ocu-

500 3290 608 3342 lum
640 3288 756 3342 auri
774 3289 1074 3354 adversari,
1100 3302 1200 3343 nec
1230 3304 1448 3343 manum
1476 3304 1597 3343 cum
1617 3288 1749 3358 pede
1778 3288 2066 3353 dissidere,
2097 3266 2136 3323 C

503 3379 595 3432 sed
629 3379 836 3449 singula
868 3379 1107 3433 membra
1131 3378 1409 3447 proprium
1446 3376 1677 3432 oliicium
1712 3378 1917 3448 absque
1938 3379 2073 3434 sedi-

505 3470 651 3523 tione
689 3469 1018 3537 persolvere,
1049 3468 1169 3522 inde
1193 3468 1563 3522 concludimus
1593 3469 1921 3533 necessario,
1966 3469 2075 3538 30

502 3559 744 3611 animam
794 3559 847 3613 in
896 3572 1121 3627 corpore
1158 3572 1278 3611 esse
1326 3572 1449 3625 quae
1501 3557 1589 3610 illa
1626 3567 1799 3627 regat,
1825 3560 2074 3628 quamvis

506 3648 651 3702 illam
682 3664 788 3704 non
818 3649 1098 3704 videamus
1126 3663 1141 3700 ;
1177 3649 1247 3702 ita
1284 3663 1412 3717 ergo
1436 3664 1505 3703 ex
1536 3649 1724 3703 ordine
1764 3658 1819 3704 et
1852 3651 2072 3706 harmo—

504 3741 593 3794 nia
620 3740 1010 3805 universitatis,
1049 3742 1214 3794 Deum
1268 3740 1449 3793 mundi
1482 3740 1898 3809 gubernatorem
1926 3743 2076 3813 cogi-

508 3838 686 3884 temus
728 3844 949 3884 necesse
975 3838 1080 3895 est,
1108 3844 1340 3898 eumque
1370 3846 1563 3896 unum,
1588 3847 1691 3885 non
1712 3832 1907 3888 multos
1933 3849 2072 3890 esse.

506 3922 786 3991 Siquidem
832 3923 947 3990 ipse
984 3922 1358 3988 dispositionis
1384 3924 1541 3987 ordo,
1584 3924 1932 3993 omniumque
1958 3940 2078 3994 par-

504 4012 639 4065 tium
696 4010 927 4068 concors
985 4014 1315 4081 conspiratio
1363 4030 1468 4068 non
1519 4015 1718 4070 multos
1769 4019 1862 4071 sed
1912 4033 2075 4072 unum

506 4104 691 4159 mundi
723 4105 911 4158 ducem
944 4113 996 4157 et
1025 4106 1417 4161 moderatorem
1441 4106 1675 4162 Verbum
1702 4122 1819 4163 esse
1850 4109 2077 4164 manife-

509 4205 591 4249 ste
611 4196 869 4251 ostendit.
907 4194 1038 4249 Nam
1070 4198 1114 4250 si
1147 4196 1326 4266 plures
1357 4200 1556 4253 mundo
1587 4209 1916 4269 praeessent,
1947 4203 2080 4257 ordo

509 4288 601 4341 ille
638 4288 841 4343 servari
890 4304 994 4343 non
1047 4297 1250 4359 posset,
1297 4290 1391 4345 sed
1443 4291 1623 4344 omnia
1679 4290 1998 4348 confusione
2028 4301 2082 4346 et

508 4378 911 4447 perturbatione
941 4378 1097 4448 plena
1129 4388 1335 4446 essent,
1360 4382 1483 4434 dum
1508 4382 1874 4451 unusquisque
1902 4383 2082 4437 omnia

510 4472 576 4523 ad
614 4486 769 4525 suum
806 4473 1091 4526 arbitrium
1122 4473 1385 4539 traheret,
1420 4482 1474 4527 et
1498 4474 1757 4528 adversus
1784 4472 1946 4527 alium
1986 4489 2085 4543 pu-

2168 2016 2259 2068 xui
2289 2014 2556 2085 μεγάλων,
2583 2014 2672 2066 xui
2696 2013 2959 2065 πλουσίων
2994 2009 3059 2065 αῦ
3092 2013 3202 2082 (44)
3229 2014 3321 2066 xui.
3346 2016 3616 2085 πενήτων,
3649 2014 3743 2066 xui

2169 2105 2328 2159 πάλιν
2357 2105 2622 2175 γερόντων
2656 2105 2747 2157 xui
2779 2104 3076 2172 νεωτέρων,
3122 2104 3215 2156 xui.
3242 2104 3487 2173 ἀρρένων
3521 2103 3615 2155 xui.
3642 2102 3742 2173 θη-

2168 2198 2325 2260 λέων,
2358 2199 2404 2249 εί
2435 2196 2809 2267 θεωρήσαιμεν
2833 2195 3106 2258 εὐτάκτως
3127 2196 3471 2265 οἰκουμένην,
3498 2195 3595 2248 xui
3617 2194 3743 2253 τοὺς

2172 2292 2227 2342 ἐν
2259 2291 2395 2359 αὐτῇ
2440 2288 2726 2359 διαφόρους
2757 2289 2852 2357 μὲν
2881 2287 3060 2349 ὄντας,
3106 2286 3466 2357 ὁμονοοῦντας
3507 2287 3567 2339 δὲ
3608 2284 3713 2355 πρὸ

2172 2383 2414 2445 ἑαυτοὺς,
2454 2380 2549 2433 xui
2580 2380 2713 2450 μήτε
2758 2379 2886 2439 τοὺς
2925 2378 3210 2440 πλουσίους
3242 2377 3383 2431 κατά
3432 2378 3539 2430 τῶν
3582 2378 3742 2447 πενήο

2124 2504 2129 2509 -
2171 2492 2298 2535 των,
2330 2474 2465 2543 μήτε
2507 2472 2632 2533 τοὺς
2683 2469 2951 2539 μεγάλους
3000 2468 3140 2521 κατά
3184 2467 3288 2520 τῶν
3326 2467 3560 2537 μικρῶν,
3609 2468 3746 2536 μήτε

2171 2566 2295 2629 τοὺς
2346 2564 2497 2625 νέους
2540 2561 2679 2615 κατὰ
2728 2560 2834 2612 τῶν
2880 2560 3151 2631 γερόντων
3189 2559 3563 2629 γιγνομένους,
3612 2557 3745 2609 ἀλλὰ

2174 2658 2377 2718 πάντας
2416 2655 2557 2708 κατά
2586 2652 2684 2723 τὴν
2718 2650 3016 2722 ἰσομοιρίαν
3045 2653 3421 2721 είρηνεύοντας
3445 2668 3457 2680 ·
3489 2653 3540 2702 εί
3578 2648 3747 2701 ταῦτα

2175 2748 2483 2819 βλέποιμεν,
2515 2746 2728 2808 πάντως
2745 2744 3028 2815 ἐννοοῦμεν
3060 2743 3191 2813 (45),
3217 2744 3298 2795 ὅτι
3314 2742 3579 2813 ἄρχοντος
3612 2757 3748 2811 παρ·

2172 2842 2327 2895 ουσία
2376 2838 2471 2909 τὴν
2508 2840 2753 2909 ὁμόνοιαν
2791 2837 3135 2908 πρυτανεύει,
3164 2834 3263 2888 κᾶν
3294 2835 3367 2904 μὴ
3399 2833 3617 2904 ὁρῶμεν
3650 2831 3746 2885 αὒ-

2173 2932 2283 2983 τόν.
2332 2931 2393 2982 Ἣ
2427 2931 2523 3000 μὲν
2550 2930 2657 2999 γὰρ
2689 2927 2883 2992 ἀταξία
2918 2926 3180 2997 ἀναρχίας
3209 2926 3325 2978 ἐστὶ
3358 2924 3648 2994 γνώρισμα
3670 2938 3685 2954 '
3712 2925 3745 2992 ἡ

2173 3022 2228 3075 δὲ
2254 3021 2403 3086 τάξις
2438 3021 2527 3073 τὸν
2556 3018 2957 3090 ἡγεμονεύοντα
2985 3017 3241 3071 δείκνυσι.
3264 3016 3375 3069 Καὶ
3397 3015 3505 3087 γὰρ
3522 3014 3634 3084 (46)
3660 3014 3751 3066 xui

2172 3113 2271 3184 τὴν
2305 3114 2361 3164 ἐν
2393 3110 2469 3182 τῷ
2503 3109 2713 3180 σώματι
2737 3108 2845 3161 τῶν
2872 3106 3046 3179 μελῶν
3074 3108 3209 3178 πρὸς
3233 3106 3399 3159 ἐαυτά
3432 3104 3750 3175 συμφωνίαν

2173 3207 2424 3279 ὁρῶντες,
2456 3204 2535 3258 ὅτι
2568 3203 2628 3255 οὐ
2665 3202 2894 3272 μάχεται
2919 3204 2946 3255 ό
2976 3199 3247 3270 ὀφθαλμὸς
3268 3202 3334 3269 τῇ
3372 3199 3534 3267 ἀκοῇ,
3566 3197 3684 3249 οὐδὲ
3718 3197 3751 3264 ἡ

2171 3300 2291 3371 χεὶρ
2315 3296 2392 3367 τῷ
2420 3296 2542 3349 ποδὶ
2573 3294 2876 3359 στασιάζει,
2911 3292 3024 3346 ἀλλ’
3054 3292 3280 3344 ἕκαστον
3312 3288 3409 3359 τὴν
3447 3288 3586 3340 ίδίαν
3618 3288 3752 3339 ἀπο-

2171 3391 2312 3443 τελεῖ
2348 3387 2534 3460 χρείαν
2572 3386 2971 3448 ἀστασιάστως,
2989 3382 3269 3452 ἐννοοῦμεν
3298 3382 3359 3433 ἐκ
3396 3378 3587 3432 τούτου
3620 3378 3753 3431 πάν-

2171 3498 2278 3543 τως
2319 3474 2456 3533 εῒναι
2495 3477 2670 3547 ψυχὴν
2703 3478 2760 3529 ἐν
2804 3475 2882 3545 τῷ
2920 3474 3129 3544 σώματι
3170 3473 3266 3541 τὴν
3310 3470 3517 3523 τούτων
3548 3472 3753 3540 ἡγεμο-

2172 3570 2451 3631 νεύουσαν,
2485 3569 2589 3623 κᾶν
2620 3568 2693 3639 μὴ
2721 3567 3006 3637 βλέπωμεν
3034 3565 3201 3633 αὑτήν
3226 3564 3361 3634 (L7).
3387 3562 3576 3625 Οὕτως
3609 3564 3665 3613 ἐν
3688 3563 3750 3630 τῇ

2172 3663 2266 3716 τοῦ
2297 3662 2494 3724 παντὸς
2534 3659 2683 3723 τάξει
2723 3659 2816 3711 xui.
2850 3657 3083 3729 ἁρμονίᾳ
3114 3656 3203 3708 τὸν
3245 3655 3337 3707 τοῦ
3377 3652 3580 3717 παντὸς
3625 3654 3752 3723 ἠγε-

2179 3755 2314 3825 pm
2343 3755 2483 3807 νοεῖν
2510 3752 2721 3820 ἀνάγκη
2754 3748 2906 3811 θεὸν,
2932 3749 3025 3801 xui.
3056 3746 3241 3800 τοῦτον
3271 3747 3366 3801 ἕνα
3399 3747 3497 3799 xui.
3527 3747 3588 3799 σὺ
3631 3743 3755 3798 πολ-

2176 3844 2320 3907 λούς.
2352 3844 2461 3896 Καὶ
2493 3845 2525 3913 ή
2558 3841 2707 3904 τάξις
2738 3840 2795 3893 δὲ
2826 3839 2963 3909 αὕτη
3005 3838 3106 3908 τῆς
3134 3838 3565 3907 διακοσμήσεως,
3601 3836 3751 3905 καὶὴ

2176 3938 2283 3991 τῶν
2314 3936 2529 3989 πάντων
2564 3934 2679 4004 μεθ’
2718 3932 2967 4003 ὁμονοίας
2996 3930 3250 4001 ἁρμονία,
3275 3930 3334 3981 οὐ
3363 3929 3618 3991 πολλοὺς,
3643 3928 3751 3981 ἀλλ’

2177 4030 2271 4083 ἕνα
2297 4028 2387 4081 τὸν
2417 4027 2587 4095 αὐτῆς
2620 4026 2854 4095 ἄρχοντα
2885 4024 2978 4076 xui
3002 4022 3245 4092 ἡγεμόνα
3288 4020 3529 4073 δείκνυσι
3563 4021 3753 4089 Λόγον.

2179 4122 2291 4173 Οὐκ
2321 4119 2384 4172 ἂν
2417 4118 2548 4189 γὰρ,
2578 4117 2742 4186 εῐπερ
2766 4112 2904 4185 ἦσαν
2937 4112 3121 4166 πολλοὶ
3165 4112 3263 4183 τῆς
3296 4112 3528 4174 κτίσεως
3565 4114 3756 4181 ἄρχον-

2179 4227 2287 4273 τες,
2332 4208 2564 4272 ἐσώζετο
2610 4204 2829 4273 τοιαύτη
2872 4203 3025 4269 τάξις
3074 4202 3183 4255 τῶν
3234 4202 3483 4255 πάντων·
3536 4200 3649 4253 ἀλλ’
3693 4195 3757 4269 ἦν

2184 4300 2342 4354 πάλιν
2373 4300 2578 4353 ἄτακτα
2605 4297 2782 4350 πάντα
2797 4296 2885 4348 διὰ
2904 4296 3031 4357 τοὺς
3060 4293 3304 4357 πολλοὺς,
3334 4292 3587 4355 ἕλκοντος
3636 4292 3759 4343 ἐκά-

2188 4408 2313 4444 στου
2364 4390 2499 4460 πρὸς
2520 4390 2617 4459 τὴν
2652 4387 2843 4441 ἐαυτοῦ
2878 4386 3129 4456 βούλησιν
3166 4384 3233 4437 τὰ
3277 4382 3386 4451 (48)
3424 4384 3629 4443 πάντα,
3670 4382 3760 4433 xui

2190 4478 2494 4549 μαχομένου
2544 4479 2680 4549 πρὸς
2722 4478 2811 4530 τὸν
2846 4477 3050 4547 ἕτερον.
3092 4475 3301 4543 Ὥσπερ
3344 4472 3453 4543 γάρ
3503 4472 3760 4542 ἐλέγομεν

507 4572 716 4632 gnaret.
768 4562 1011 4634 Namque
1047 4574 1106 4619 ut
1144 4564 1343 4619 multos
1374 4565 1524 4629 deos,
1574 4565 1749 4619 nullos
1800 4566 1927 4621 deos
1960 4580 2070 4621 esse

2187 4569 2283 4638 τὴν
2318 4568 2679 4638 πολυθεότητα
2705 4566 2972 4635 ἀθεότητα
3021 4560 3183 4627 εἶναι,
3214 4563 3383 4626 οὕτως
3412 4564 3626 4632 ἀνάγκη
3665 4563 3760 4631 τὴν

507 4654 821 4712 dicebamus
844 4674 857 4709 :
890 4656 969 4710 sic
992 4656 1188 4712 multos
1210 4664 1472 4723 rectores,
1497 4656 1670 4711 mullos
1703 4665 1940 4712 rectores
1961 4672 2083 4713 esse

508 4748 798 4802 dicendum
835 4758 939 4803 est.
974 4748 1108 4803 Cum
1144 4750 1287 4803 enim
1326 4748 1463 4803 alter
1514 4749 1738 4803 alterius
1790 4748 2079 4816 imperium

511 4850 805 4906 everteret,
849 4840 1026 4895 nullus
1063 4850 1211 4895 certe
1244 4850 1384 4895 esset
1415 4842 1504 4910 qui
1566 4841 1857 4909 imperaret
1899 4849 1952 4894 et
1983 4840 2084 4892 do-

512 4933 827 4992 miuaretur.
874 4948 1031 4986 nemo
1077 4933 1167 5001 qui
1225 4944 1432 5001 regeret
1483 4941 1536 4985 et
1596 4934 1945 5001 gubernaret.
1979 4930 2083 4984 Ubi

514 5034 689 5078 autem
724 5024 899 5079 nullus
923 5035 1098 5078 rector
1133 5036 1234 5087 est,
1290 5026 1398 5077 illic
1425 5025 1733 5078 necessario
1758 5024 1932 5078 nullus
1952 5025 2084 5079 ordo

512 5124 616 5180 est,
649 5116 741 5169 sed
782 5124 986 5170 tantum
1018 5114 1282 5171 confusio.
1310 5115 1510 5169 Contra
1542 5128 1668 5165 vero
1704 5111 1993 5167 multorum
2029 5120 2084 5166 et

587 5229 698 5298 (43)
731 5230 822 5283 Sic
847 5230 1069 5300 Seguer.
1096 5230 1316 5285 Gobler.
1351 5238 1403 5283 et
1435 5226 1668 5282 Felckm.
1700 5228 1724 5280 l
1762 5241 2085 5296 anonymus.

514 5300 616 5354 Alii
649 5314 769 5353 cum
796 5303 976 5366 editis,
1008 5301 1205 5354 ἄλλων.

585 5371 697 5439 (44)
746 5360 973 5439 Βρειιειτί
1012 5372 1156 5425 solus
1186 5369 1277 5422 hic
1323 5365 1467 5420 addit
1493 5360 1613 5439 αὖ.
1638 5365 1803 5418 Paulo
1833 5365 2091 5439 postGo-

513 5434 651 5495 bler.
681 5434 747 5492 vet
778 5434 1017 5494 Folckm.
1062 5442 1080 5492 ι
1118 5454 1281 5492 anon.
1326 5444 1446 5505 post
1483 5435 1755 5505 ἀρρένων,
1776 5452 1836 5486 τε
1866 5434 2087 5505 addunt.

514 5505 649 5577 ibid.
683 5510 903 5577 Seguer.
944 5509 1163 5563 Gohier.
1183 5501 1436 5577 ethlcit.
1472 5506 1493 5558 1
1522 5501 1702 5577 anon.
1728 5501 1970 5577 ﬁnienti»;
1996 5501 2090 5553 ha-

516 5576 672 5642 bent;
704 5573 854 5645 cuitts
885 5579 1237 5648 penultimam
1274 5574 1494 5629 Gobler.
1524 5584 1577 5627 et
1600 5573 1883 5629 Felckm.l
1922 5585 2087 5623 anon.

517 5658 735 5699 acuunt.

590 5716 703 5783 (45)
743 5714 903 5769 Forte
927 5716 1211 5784 ἐνεοοῦμεν
1238 5714 1321 5767 vel
1358 5712 1635 5784 ἐνοοῦμεν.

590 5779 702 5851 (i6)
730 5787 952 5851 Segnior.
991 5779 1135 5838 solus
1192 5792 1310 5851 post
1345 5782 1475 5851 γὰρ,
1509 5779 1603 5834 καί
1660 5781 1852 5834 iterum
1916 5779 2084 5832 addit.

524 5851 667 5905 idem
694 5865 748 5907 et
772 5854 1151 5917 Gobleriauus,
1182 5868 1245 5907 ac
1270 5851 1616 5905 Felckmauni
1644 5851 1661 5902 l
1699 5867 1786 5904 an.
1830 5858 1947 5919 post
1993 5866 2088 5918 με·

2187 4661 2517 4731 πολυαρχίαν
2564 4658 2826 4729 ἀναρχίαν
2858 4654 3014 4709 εἶναι.
3067 4657 3327 4709 Ἐκάστου
3369 4655 3480 4726 γὰρ
3524 4655 3623 4725 τὴν
3668 4654 3763 4707 τοῦ

2187 4752 2370 4822 ἐτέρου
2423 4750 2594 4821 ἀρχὴν
2648 4750 3026 4819 ἀναιροῦντος,
3070 4747 3245 4810 οὐδεὶς
3292 4746 3542 4815 ἐφαίνετο
3578 4747 3765 4798 λοιπεν

2185 4846 2212 4896 ὁ
2246 4844 2449 4911 ἄρχων,
2475 4840 2587 4893 ἀλλ’
2620 4837 2685 4910 ἦν
2714 4839 2945 4910 ἀναρχία
2979 4838 3128 4909 παρά
3164 4840 3352 4899 πᾶσιν.
3398 4837 3566 4889 Ἔνθα
3601 4837 3657 4889 δὲ
3690 4834 3765 4905 μὴ

2187 4933 2331 4985 ἔστιν
2357 4933 2556 5002 ἄρχων,
2583 4933 2695 4983 ἐκεῖ
2724 4931 2938 4990 πάντως
2968 4929 3162 4994 ἀταξία
3188 4930 3414 4995 γίνεται.
3443 4928 3553 4979 Καὶ
3587 4928 3768 4996 ἐμπα-

2188 5025 2270 5078 λιν
2310 5028 2341 5095 ἡ
2374 5025 2482 5077 τῶν
2517 5023 2723 5077 πολλῶν
2763 5023 2857 5075 xui
2884 5020 3153 5090 διαφόρων
3187 5021 3282 5090 μία
3324 5018 3476 5084 τάξις
3508 5018 3604 5070 xui
3636 5015 3769 5086 ὁμό-

2188 5128 2306 5165 νοια
2331 5112 2425 5166 ἕνα
2455 5112 2547 5164 xui
2571 5111 2659 5164 τὸν
2690 5109 2925 5181 ἄρχοντα
2947 5109 3201 5162 δείκνυσι.
3231 5108 3496 5178 Καθάπερ
3520 5108 3627 5178 γὰρ
3652 5108 3769 5177 (49)

2192 5227 2320 5291 λῶν,
2349 5229 2481 5298 πρὸς
2504 5226 2670 5280 ἑαυτά
2690 5226 2895 5298 addunt
2924 5240 2939 5276 :
2970 5223 3057 5298 alii
3086 5238 3207 5298 cum
3236 5221 3393 5275 editis
3414 5221 3694 5298 omittunt.

2262 5288 2402 5365 (i7).
2436 5288 2559 5349 limo
2612 5298 2806 5355 verba.
2862 5294 3059 5365 ἐνῌτῷ
3125 5290 3364 5365 σώματιΔ
3403 5290 3502 5365 τὴν
3560 5288 3770 5365 τούτων

2192 5360 2648 5435 ἡγεμονεύουσαν,
2685 5364 2786 5417 κᾶν
2816 5360 3216 5435 μὴᾼβλέπωμεν
3239 5360 3427 5435 αὐτὴν,
3460 5363 3657 5435 desunt
3718 5363 3767 5413 in

2192 5428 2427 5489 Fida-km.
2463 5437 2496 5488 5
2524 5428 2685 5488 anon.
2718 5428 2848 5488 Ibid.
2878 5428 3115 5488 Cobler.'
3147 5441 3200 5485 et
3246 5428 3487 5485 Felckm.
3521 5428 3541 5481 ι
3600 5443 3767 5484 anon.

2198 5506 2462 5574 βλέπομεν
2491 5505 2704 5559 habent.

2290 5570 2379 5640 48j
2408 5575 2490 5626 Τά
2526 5575 2675 5628 deest
2706 5574 2757 5625 in
2794 5570 3093 5624 Basiliensi.

2290 5574 2375 5640 48)
2408 5575 2490 5626 Τά
2526 5575 2675 5628 deest
2706 5574 2757 5625 in
2794 5574 3093 5624 Basiliensi.

2265 5574 2377 5712 249)
2404 5644 2513 5714 Γάρ
2537 5644 2848 5714 hicadduut
2881 5638 3293 5714 Seg._gGobl._el_
3314 5633 3557 5714 Ἐζεκία-Ι
3597 5651 3768 5692 anon.

2192 5706 2293 5766 Alii
2328 5706 2448 5767 cum
2486 5706 2646 5765 editis
2690 5706 2978 5767 omittunt:
3010 5709 3143 5766 Ibid.
3208 5706 3443 5763 Felckm.
3492 5706 3526 5760 5
3573 5721 3767 5775 auom,

2193 5783 2404 5837 ἀκούων
2435 5798 2529 5853 pro
2552 5781 2758 5835 ἀκούει.
