4010 6508
225 470 276 530 ’Π
1355 470 1615 528 ORATIO
1652 468 1936 525 CONTRA
1975 464 2267 523 GENTES.
3386 460 3455 515 78

225 590 345 667 εἴτις
370 584 659 657 πόρρωθεν
694 584 881 639 ἀκούει
911 584 1077 657 λύρας
1110 586 1174 637 ὲκ
1216 584 1424 638 πολλῶν
1453 585 1547 637 καὶ
1587 582 1766 651 διαφόὲ

1877 579 2213 635 diversorum
2240 592 2383 635 unus
2413 577 2548 634 ordo
2575 584 2627 633 et
2660 588 2978 641 consensus,
3020 576 3181 631 unius
3226 577 3457 632 rectoris

226 696 307 752 ρων
332 674 531 747 νευρῶν
563 675 679 745 (50)
716 676 1102 747 συγκειμένης,
1140 676 1233 729 καὶ
1268 673 1537 747 θαυμάζοι
1564 673 1771 728 τούτων

223 772 294 842 τὴν
315 767 575 841 ἁρμονίαν
601 771 702 840 τῆς
732 767 1064 839 συμφωνίας,
1094 769 1175 821 ὅτι
1207 768 1279 839 μὴ
1309 770 1442 841 μόνη
1469 768 1578 839 (51)
1607 768 1640 838 ἡ
1677 767 1771 835 βα-

226 865 314 933 ρεῖα
331 860 413 913 τὸν
432 855 571 930 ἦχον
593 859 869 923 ἀποτελεῖ,
902 861 1039 931 μηδὲ¹
1062 861 1195 933 μόνη
1220 862 1252 931 ἡ
1273 858 1442 923 ὀξεῖα,
1471 859 1605 931 μηδὲ
1633 859 1769 929 μόνη

224 956 247 1021 ὴ
271 951 409 1022 μέση,
444 950 585 1003 ἀλλά
620 952 793 1002 πᾶσαι
822 950 964 1003 κατὰ
988 949 1086 1021 τὴν
1118 951 1237 1021 ίσην
1266 952 1580 1004 ἀντίστασιν
1602 951 1768 1022 ἀλλξμ

223 1044 311 1105 λαις
335 1040 624 1112 ωνηχοῦσι
645 1058 658 1071 ⁸
696 1043 788 1095 καὶ
833 1040 1049 1104 πάντως
1100 1042 1165 1093 ὲκ
1210 1041 1414 1095 τούτων
1462 1043 1633 1095 ὲννοεῖ
1669 1042 1769 1113 οὐχ

224 1132 378 1203 ἑαυτὴν
404 1133 578 1185 κινεῖν
605 1130 705 1202 τὴν
734 1130 923 1202 λύραν,
949 1131 1061 1185 ἀλλ’
1085 1131 1204 1184 οὐδὲ
1229 1132 1334 1185 ὑπὸ
1362 1131 1570 1184 πολλῶν
1601 1133 1769 1204 αὐτὴν

224 1221 474 1274 τύπτεσθαι
494 1238 509 1252 ·
535 1221 649 1275 ἕνα»
666 1220 724 1272 δὲ
751 1216 886 1274 εἶναι
913 1221 1293 1290 μουσικὸν,τὺν
1320 1221 1555 1291 ἑκάστης
1572 1224 1770 1292 νευρᾶς

222 1310 322 1384 ἦχον
350 1313 479 1384 πρὸς
511 1313 615 1384 τὴν
641 1313 963 1384 ἐναρμόνιον
1010 1314 1327 1383 συμφωνίαν
1360 1313 1668 1383 κεράσαντα
1702 1314 1766 1383 τῇ

224 1405 479 1476 ἐπιστήμῃ,
512 1404 618 1457 κᾶν
658 1403 733 1474 μὴ
761 1402 950 1458 τοῦτον
985 1403 1188 1476 βλέπῃο
1229 1404 1370 1456 οὕτω
1399 1404 1767 1475 παναρμονίου

224 1494 352 1567 οὔσης
372 1496 466 1566 τῆς
492 1495 705 1559 τάξεως
738 1497 795 1548 ὲν
820 1494 896 1565 τῷ
933 1494 1123 1565 κόσμῳ
1154 1495 1334 1557 παντὶ,
1368 1495 1461 1547 καὶ
1500 1496 1635 1565 μήτε
1662 1494 1770 1547 τῶν

224 1585 310 1638 ἀνω
346 1584 473 1655 πρὸς
515 1583 585 1637 τά
636 1586 807 1647 κάτω,
846 1586 982 1655 μήτε
1023 1584 1131 1637 τῶν
1171 1586 1321 1637 κάτω
1366 1584 1503 1655 πρὸς
1553 1583 1621 1636 τά
1660 1584 1771 1637 ἄνω

226 1676 601 1741 στασιαζόντων,
626 1677 765 1729 ἀλλά
795 1679 923 1747 μιᾶς
948 1676 1054 1729 τῶν
1089 1677 1304 1730 πάντων
1335 1676 1770 1746 ἀποτελουμένης

224 1768 404 1834 τάξεως,
436 1769 530 1821 ἕνα
560 1769 659 1821 καὶ
687 1768 760 1839 μὴ
795 1768 1021 1831 πολλοὺς
1047 1771 1185 1821 νοεῖν
1214 1767 1499 1822 ἀκόλουθόν
1544 1772 1658 1821 ἐστι
1682 1769 1771 1821 τὸν

224 1862 415 1931 ἄρχοντα
442 1861 537 1914 καὶ
567 1860 793 1929 βασιλέα
821 1862 919 1932 τῆς
943 1860 1053 1933 (52)
1085 1862 1266 1933 πάσης
1290 1862 1540 1925 κτίσεως,
1574 1862 1665 1914 τὸν
1691 1860 1769 1932 τῷ

223 1954 377 2008 ἑαυτοῦ
406 1956 541 2023 φωτὶ
574 1954 646 2007 τὰ
682 1955 861 2008 πάντα
903 1955 1331 2026 καταλάμποντα
1370 1956 1464 2010 καὶ
1492 1956 1763 2013 κινοῦντα.

275 2219 343 2274 39.
377 2220 505 2273 Οὐδὲ
535 2220 648 2292 γὰρ
684 2221 912 2286 πολλοὺς
939 2216 1077 2277 εἶναι
1116 2222 1197 2275 δεῖ
1230 2222 1471 2295 νομίζειν
1504 2225 1631 2288 τοὺς
1666 2225 1766 2295 τῆς

221 2312 409 2376 κτίσεως
438 2314 708 2384 ἄρχοντας
748 2315 841 2367 καὶ
882 2315 1130 2386 ποιητὰς,
1150 2316 1285 2369 ἀλλά
1312 2316 1450 2389 πρὸς
1484 2316 1767 2370 εὐσέϐειαν

220 2403 383 2475 ἀκριϐῆ
409 2406 497 2457 καὶ
536 2404 799 2473 ἀλήθειαν
836 2406 932 2463 ἕνα
960 2407 1051 2460 τὸν
1085 2406 1287 2479 ταύτης
1322 2407 1650 2480 δημιουργὸν
1679 2426 1768 2460 πι-

222 2495 388 2548 στεύειν
438 2497 741 2568 προσήκει·
797 2499 893 2551 καὶ
938 2498 1098 2552 τοῦτο
1146 2500 1245 2570 τῆς
1304 2500 1539 2563 κτίσεως
1597 2501 1766 2570 αὐτῆς

220 2589 432 2657 ἐμφανῶς
476 2589 850 2660 δεικνυούσης.
906 2590 1200 2663 Γνὼρισμα
1246 2592 1354 2665 γάρ
1397 2594 1636 2663 ἀσφαλὲς
1670 2593 1765 2647 τοῦ

218 2680 294 2734 ἕνα
322 2681 399 2734 τὸν
427 2681 660 2751 ποιητὴν
690 2677 831 2734 εἶναι
862 2682 956 2735 τοῦ
996 2685 1197 2747 παντός
1233 2686 1351 2737 ὲστι
1386 2685 1563 2750 τοῦτο,
1601 2686 1662 2739 τὸ
1691 2687 1764 2759 μὴ

220 2770 406 2837 πολλοὺς
434 2774 548 2827 ἀλλ’
579 2774 680 2827 ἕνα
710 2771 850 2827 εἶναι
884 2774 976 2827 τὸν
1010 2774 1233 2845 κόσμον.
1275 2777 1421 2830 Ἔδει
1448 2777 1575 2848 γὰρ,
1608 2777 1766 2849 εἴπερ

217 2857 325 2932 ἦσαν
364 2865 541 2919 πολλοὶ
567 2866 702 2932 θεοὶ,
742 2865 969 2930 πολλοὺς
1012 2862 1147 2920 εἶναι
1187 2870 1281 2922 καὶ
1327 2869 1614 2941 διαφόρους
1639 2872 1765 2935 τοὺς

218 2955 430 3025 κόσμους.
462 2956 600 3010 Οὔτε
639 2957 750 3028 γὰρ
785 2957 991 3029 ἔπρεπε
1018 2960 1144 3022 τοὺς
1173 2960 1401 3023 πολλοὺς
1437 2960 1531 3012 ἕνα
1559 2961 1766 3033 κόσμον

219 3048 760 3113 κατασκευάζειν,οῦτε
786 3051 881 3103 τὸν
901 3051 1127 3105 ἓναὺπὸ
1156 3051 1364 3105 πολλῶν
1391 3053 1660 3106 ποιεῖσθαι
1678 3053 1766 3108 διά

217 3132 269 3184 τὰ
289 3135 340 3187 ὲκ
360 3136 555 3189 τούτων
582 3137 909 3209 δεικνύμενα
934 3139 1130 3194 ἄτοπα.
1168 3141 1392 3211 Πρῶτον
1434 3143 1533 3214 μὲν
1576 3144 1679 3209 ὃτι,
1717 3145 1764 3197 εἰ

218 3225 299 3277 ὑπὸ
318 3228 512 3282 πολλῶν
532 3232 565 3283 ὁ
586 3225 669 3293 εἷς
693 3230 935 3299 ἐγεγόνει
952 3233 1179 3303 κόσμος,
1201 3220 1454 3288 ἀσθένεια
1482 3234 1587 3289 τῶν
1612 3252 1767 3306 ποιη-

219 3316 388 3371 civem
409 3315 508 3391 ἦν’
546 3322 625 3375 ὃτι
654 3324 719 3375 ὲκ
747 3322 959 3376 πολλῶν
986 3323 1042 3376 ἓν
1073 3324 1233 3395 ἔργον
1268 3326 1600 3399 ἀπετελέσθη
1625 3341 1640 3355 ⁸
1673 3329 1767 3382 καὶ

218 3408 266 3459 ἐκ
281 3409 451 3465 τούτου
477 3412 768 3485 γνώρισμα
793 3414 855 3467 οὐ
881 3414 942 3467 τὸ
969 3416 1129 3486 τυχὸν
1153 3412 1221 3486 ἦν
1246 3416 1349 3487 τῆς
1374 3416 1602 3482 ἀτελοῦς
1638 3418 1767 3471 ἑκά-

220 3517 319 3555 στου
342 3505 468 3575 πρὸς
490 3507 557 3559 τὸ
576 3510 748 3560 ποιεῖν
776 3508 1107 3579 ἐπιστήμης.
1135 3510 1197 3561 Ei
1225 3509 1333 3581 γὰρ
1358 3511 1517 3582 ᾗρκει
1545 3506 1643 3575 εἷς,
1669 3514 1769 3566 οὐκ

219 3591 269 3645 ἂν
285 3595 325 3646 οί
340 3596 625 3671 πολλοὶτὴν
644 3598 890 3670 ἀλλήλων
906 3600 1242 3671 ἀνεπλήρουν
1262 3601 1516 3672 ἔλλειψιν.
1547 3604 1633 3657 Ἐν
1650 3604 1768 3675 Θεῴ

277 3683 435 3755 λέγειν
460 3685 598 3743 εἷναί
620 3708 672 3744 τι
697 3690 947 3756 ὲλλειπὲς
982 3692 1043 3744 οὐ
1073 3692 1231 3763 μόνον
1256 3694 1472 3759 ἀσεϐὲς,
1508 3695 1642 3749 ἀλλά
1668 3697 1767 3749 κα)⁸

220 3774 334 3846 πέρα
357 3779 457 3833 τῶν
494 3781 771 3852 ἀθεμίτων
806 3783 943 3835 ὲστί.
980 3784 1092 3837 Καὶ
1126 3784 1233 3855 γὰρ
1278 3787 1372 3839 καὶ
1412 3786 1662 3857 τεχνίτην
1708 3789 1769 3840 ὲν

219 3865 483 3939 ἀνθρώποις
517 3871 617 3925 οὐκ
646 3871 712 3925 ἀν
740 3890 824 3936 τις
852 3872 997 3925 είποι
1038 3874 1261 3939 τέλειον,
1303 3875 1438 3929 ἀλλά
1466 3876 1685 3948 ἀσθενῆ,
1720 3879 1767 3930 ει

223 3955 283 4025 μὴ
316 3960 478 4028 μόνος,
507 3962 642 4017 ἀλλά
686 3963 836 4034 ’μετά
870 3963 1079 4017 πολλῶν
1123 3963 1179 4016 ἓν
1222 3966 1509 4037 ἀποτελοίη
1564 3967 1625 4019 τὸ
1653 3966 1764 4037 (55)

220 4043 370 4115 ἔργον.
408 4052 469 4104 Εἰ
507 4053 565 4107 δὲ
609 4053 843 4116 ἕκαστος
889 4053 988 4124 μὲν
1030 4052 1262 4123 ἠδύνατο
1310 4054 1372 4107 τὺ
1409 4055 1527 4109 ὅλον
1569 4058 1766 4109 ἀποτε-

220 4132 375 4205 λέσαι,
428 4145 474 4197 cl
520 4147 724 4209 πάντες
772 4146 839 4198 δὲ
874 4145 1201 4215 είργάσαντο
1253 4145 1341 4200 διὰ
1384 4147 1481 4218 τὴν
1525 4146 1619 4200 τοῦ
1679 4165 1766 4217 γι·-

222 4232 446 4300 τνομένου
468 4234 576 4307 (54)
602 4236 890 4290 κοινωνίαν
908 4253 919 4266 ·
950 4236 1156 4305 γελοῖον
1188 4236 1285 4306 μὲν
1309 4235 1374 4289 ἂν
1404 4238 1485 4307 είη
1512 4237 1767 4291 τὸτοιοῦο

222 4334 327 4385 τον,
371 4325 414 4376 εί
456 4326 566 4395 (55)
635 4326 731 4379 διὰ
786 4326 943 4392 δόξαν
998 4327 1228 4389 ἕκαστος
1295 4326 1609 4398 εἰργάσατοο
1678 4329 1766 4381 ἵνα

226 4408 285 4479 μὴ
311 4412 376 4476 ὡς
410 4415 662 4481 ἀδύνατος
695 4417 991 4489 ὑπονοηθῇ.
1030 4416 1351 4481 Κενοδοξίαν
1403 4418 1459 4471 δὲ
1501 4419 1661 4473 πάλιν
1708 4423 1765 4472 ὲν

224 4494 341 4561 θεοῖς
367 4499 531 4571 λέγειν
556 4505 666 4558 τῶν
690 4506 1056 4560 ἀτοπωτάτων
1086 4508 1253 4559 ἐστίν.
1289 4508 1541 4570 Ἔπειτα,
1575 4513 1622 4562 εἰ
1646 4511 1768 4563 ’ἐκα-

1877 678 2089 722 certum
2120 668 2383 723 indicium
2423 676 2527 722 est.
2565 666 3031 733 Quemadmodum
3076 665 3219 720 enim
3252 666 3296 719 si
3328 665 3456 734 quis

1874 764 2050 836 lyram
2077 779 2141 819 ex
2170 763 2354 819 multis
2378 772 2432 818 et
2449 763 2614 817 variis
2641 762 2861 817 chordis
2888 762 3243 829 compositam
3266 760 3455 829 procul

1876 857 2136 925 audierit,
2166 873 2395 928 quarum
2427 865 2750 911 concentum
2789 863 2845 908 et
2888 852 3227 907 harmoniam
3280 852 3456 907 admi-

1874 958 2046 1013 retur,
2081 948 2223 1017 quod
2252 947 2581 1003 scilicetnon
2616 945 2729 1000 sola
2760 944 2969 1015 gravis,
3013 958 3113 998 nec
3143 943 3256 997 sola
3295 951 3453 995 acuta

1874 1047 1967 1091 aut
1990 1037 2101 1093 sola
2134 1037 2311 1092 media
2336 1051 2527 1091 sonum
2559 1035 2777 1101 alliciat,
2811 1034 2903 1089 sed
2935 1048 3123 1089 omnes
3157 1033 3272 1103 pari
3311 1031 3459 1086 velut

1878 1129 2227 1185 contentione
2252 1129 2394 1183 inter
2420 1141 2480 1183 se
2509 1134 2848 1182 consonent:
2882 1142 2949 1181 ex
2972 1126 3059 1181 his
3095 1124 3254 1194 plane
3289 1123 3450 1178 intel-

1874 1222 1995 1292 ligit
2035 1221 2210 1293 lyram
2248 1235 2355 1275 non
2401 1220 2620 1290 quidem
2653 1235 2682 1273 a
2714 1220 2891 1290 seipsa
2930 1218 3157 1283 moveri,
3201 1230 3377 1285 neque
3421 1230 3451 1268 a

1875 1312 2061 1367 multis
2110 1312 2336 1382 pulsari,
2366 1311 2458 1365 sed
2495 1326 2659 1365 unum
2698 1324 2817 1365 esse
2845 1310 3112 1364 musicum
3145 1308 3238 1377 qui
3272 1308 3455 1375 singu-

1875 1404 2047 1459 larum
2079 1404 2403 1459 chordarum
2432 1417 2622 1456 sonum
2647 1400 2711 1454 ad
2740 1401 3057 1455 concordem
3076 1409 3128 1453 et
3154 1401 3451 1467 perfectum

1875 1506 2198 1549 concentum
2250 1509 2345 1548 sua
2394 1504 2512 1549 arte
2567 1493 2959 1557 accommodet,
2992 1494 3242 1562 quamv's
3300 1490 3452 1544 illum

1875 1586 2096 1640 minime
2135 1586 2338 1641 videat.
2379 1584 2454 1639 lla
2499 1599 2619 1639 cum
2663 1585 2715 1638 in
2749 1583 3001 1637 universo
3049 1583 3250 1636 mundo
3292 1595 3453 1649 quam

1874 1678 2187 1746 aptissimus
2216 1677 2287 1730 sit
2319 1676 2474 1740 ordo,
2507 1692 2682 1746 neque
2709 1674 2989 1745 superiora
3029 1674 3289 1727 adversus
3320 1671 3456 1725 infe-

1875 1769 2043 1832 riora,
2070 1767 2153 1822 vel
2195 1766 2454 1822 inferiora
2486 1768 2748 1821 adversus
2795 1766 3091 1836 superiora
3128 1762 3453 1821 dissideant,

1875 1863 1967 1916 sed
1993 1876 2156 1916 unum
2200 1860 2446 1915 ordinem
2471 1862 2649 1916 omnia
2675 1860 2929 1925 elllciant,
2963 1871 3304 1926 consequens
3323 1872 3456 1910 sane

1871 1955 2038 2008 fuerit
2061 1963 2120 2008 ut
2152 1968 2267 2009 non
2290 1953 2493 2008 multos
2543 1953 2637 2008 sed
2670 1967 2839 2006 unum
2883 1952 3050 2005 t0tius
3086 1950 3321 2004 universi
3355 1949 3456 2003 im-

1869 2056 2175 2116 peratorem
2211 2052 2267 2100 et
2300 2044 2725 2109 moderatorem,
2771 2043 2866 2113 qui
2892 2042 3073 2097 omnia
3124 2057 3223 2097 suo
3251 2039 3456 2096 lumine

1870 2138 2152 2194 collustret
2182 2146 2235 2193 et
2263 2144 2497 2203 moveat,
2529 2151 2649 2192 esse
2676 2135 3059 2205 intelligamus.

1942 2231 2034 2285 39.
2062 2228 2173 2285 Nec
2203 2230 2350 2285 enim
2394 2227 2691 2299 putandum
2732 2236 2817 2283 est
2857 2228 3057 2282 multos
3084 2238 3207 2280 esse
3250 2234 3455 2279 natura:

1869 2332 2110 2378 rectores
2139 2328 2195 2376 et
2226 2319 2510 2376 etl‘ectores
2538 2336 2552 2374 :
2584 2320 2679 2375 sed
2703 2333 2868 2373 unum
2894 2316 3037 2372 illius
3057 2315 3307 2386 opificem
3338 2332 3457 2371 cre-

1870 2414 2022 2478 dere,
2052 2428 2325 2481 germanae
2353 2411 2571 2482 pietatis
2602 2419 2658 2467 et
2700 2410 2952 2466 veritatis
3000 2418 3108 2472 est,
3162 2407 3325 2478 idque
3367 2409 3453 2462 vel

1871 2506 1987 2573 ipsa
2014 2494 2206 2560 natura
2235 2514 2423 2575 aperte
2457 2503 2723 2560 declarat.
2761 2502 3045 2573 Siquidem
3077 2500 3452 2555 firmissimum

1872 2597 2003 2653 illud
2032 2606 2409 2668 argumentum
2429 2606 2513 2652 est
2534 2612 2701 2651 unum
2730 2593 2976 2651 universi
2998 2609 3121 2650 esse
3154 2602 3453 2655 auctorem,
3538 2620 3541 2623 ι

1870 2689 2015 2760 quod
2047 2689 2254 2745 scilicet
2273 2705 2378 2744 non
2397 2689 2549 2743 multi
2578 2688 2676 2743 sed
2708 2703 2846 2742 unus
2866 2687 2935 2743 sit
2966 2687 3223 2742 mundus.
3248 2685 3379 2739 Nam
3409 2685 3455 2738 si

1871 2780 2023 2835 multi
2054 2792 2238 2836 essent
2272 2781 2365 2845 dii,
2401 2780 2599 2835 multos
2656 2788 2714 2834 et
2753 2780 2998 2834 diversos
3052 2780 3282 2833 mundos
3335 2790 3457 2832 esse
3500 2800 3503 2801 ν

1869 2876 2166 2938 oporteret.
2202 2868 2387 2938 Neque
2412 2869 2557 2924 enim
2584 2870 2742 2925 decet
2768 2868 2853 2923 vel
2877 2867 3074 2923 multos
3102 2884 3267 2923 unum
3298 2883 3457 2921 mun-

1869 2959 1999 3014 dum
2031 2970 2376 3025 construere,
2418 2960 2503 3015 vel
2532 2975 2696 3014 unum
2724 2975 2753 3013 a
2782 2958 2969 3013 multis
2989 2957 3247 3013 aediﬁcari
3281 2971 3296 3010 :
3330 2957 3455 3012 hinc

1870 3050 2015 3103 enim
2060 3064 2166 3103 non
2209 3064 2379 3118 pauca
2430 3050 2663 3104 absurda
2716 3057 3095 3119 sequerentur.
3126 3047 3367 3101 Primum
3407 3046 3455 3099 si

1870 3157 2010 3196 unus
2041 3141 2272 3196 mundus
2306 3156 2337 3195 a
2375 3140 2561 3196 multis
2603 3140 2806 3209 factus”
2854 3149 3022 3205 esset,
3066 3139 3120 3194 id
3168 3146 3452 3193 auctorum

1871 3233 2298 3289 imbecillitatem
2337 3243 2613 3303 argueret,
2647 3242 2837 3303 utpote
2866 3248 2988 3287 cum
3016 3247 3046 3285 a
3073 3230 3259 3286 multis
3288 3247 3453 3285 unum

1870 3340 2005 3395 opus
2036 3323 2229 3379 fuisset
2256 3323 2565 3379 confectum
2600 3339 2613 3375 :
2644 3338 2743 3379 nec
2770 3323 2886 3378 leve
2926 3323 3170 3391 profecto
3220 3320 3273 3376 id
3312 3329 3459 3376 esset

1870 3416 2086 3486 signum
2114 3416 2446 3486 imperfecta:
2482 3415 2817 3485 singulorum
2854 3414 2920 3469 ad
2946 3412 3252 3471 faciendum
3276 3411 3456 3468 scicn-

1873 3507 1980 3561 tiae.
2026 3506 2314 3561 Enimvero
2347 3506 2394 3561 si
2428 3521 2567 3562 unus
2601 3503 2920 3571 sulﬁciebat,
2974 3519 3080 3558 non
3135 3502 3289 3557 multi
3332 3518 3454 3555 mu-

1873 3609 2020 3653 tuam
2046 3598 2285 3668 iu0piam
2315 3598 2623 3668 explerent.
2665 3597 2828 3667 Atqui
2878 3596 2932 3651 in
2978 3595 3086 3650 Deo
3133 3594 3337 3664 aliquid
3364 3595 3457 3647 dc-

1871 3702 2013 3753 esse,
2044 3703 2149 3743 non
2190 3687 2368 3742 solum
2401 3689 2549 3742 dictu
2576 3689 2797 3757 impium
2846 3697 2951 3753 est,
2987 3689 3081 3743 sed
3112 3702 3273 3743 omne
3301 3685 3473 3743 nefas

1870 3788 2113 3848 superat.
2146 3778 2363 3851 Quippe
2392 3794 2491 3835 nec
2515 3780 2677 3834 etiam
2709 3781 2853 3834 inter
2883 3780 3134 3835 homines
3155 3778 3455 3851 perfectum

1871 3869 2133 3922 artilicem
2165 3867 2259 3923 sed
2292 3866 2620 3922 imbecillem
2646 3866 3099 3941 appellaverimus
3124 3908 3138 3935 ,
3199 3867 3292 3938 qui
3344 3879 3455 3920 nou

1870 3957 2017 4011 solus
2047 3958 2141 4013 sed
2176 3972 2297 4014 cum
2333 3957 2520 4014 multis
2558 3974 2723 4013 unum
2762 3973 2899 4028 opus
2933 3957 3252 4014 absolverit.
3290 3957 3445 4025 Quod

1869 4048 1914 4102 si
1945 4048 2187 4118 singulos
2219 4051 2478 4106 mundum
2525 4050 2842 4106 universum
2896 4050 3134 4106 condere
3187 4051 3452 4121 potuisse,

1868 4140 1963 4195 sed
1986 4156 2176 4196 omnes
2210 4151 2431 4213 propter
2460 4142 2646 4213 Operis
2688 4142 3166 4205 communitatem,
3208 4150 3452 4195 mutuam

1868 4248 2088 4304 operam
2123 4226 2422 4291 contulisse
2457 4236 2670 4290 dicatur
2704 4253 2716 4288 :
2744 4234 2874 4288 illud
2902 4248 3034 4290 sane
3068 4232 3455 4302 perridiculum

1869 4324 2052 4391 fuerit,
2082 4324 2126 4378 si
2157 4325 2343 4395 gloriae
2372 4325 2758 4393 comparanda:
2804 4337 2967 4378 causa
2999 4323 3198 4391 singuli
3240 4322 3456 4375 labora-

1868 4416 2066 4483 verint,
2095 4432 2160 4472 ne
2184 4416 2287 4486 31
2322 4417 2531 4472 scilicet
2558 4416 2680 4486 quis
2702 4431 2888 4470 eorum
2920 4416 3189 4484 impotens
3218 4424 3271 4466 et
3295 4412 3460 4466 irdir-

1869 4527 1986 4565 mus
2013 4512 2325 4566 haberetur.
2364 4511 2583 4565 Inanem
2611 4510 2754 4566 enim
2788 4519 2843 4564 et
2871 4524 3066 4565 vanam
3099 4507 3323 4578 gloriam
3353 4507 3456 4560 diis

225 4601 327 4682 στος
355 4595 521 4661 ἱκανὸς
548 4598 655 4669 (56)
685 4594 754 4670 ἦν
783 4598 921 4670 πρὸς
963 4599 1062 4669 τὴν
1104 4598 1196 4652 τοῦ
1226 4598 1345 4652 ὅλου
1380 4600 1761 4672 δημιουργίαν,

1874 4602 2141 4656 ascribere
2164 4602 2375 4656 nonnisi
2394 4600 2785 4670 perabsurdum
2809 4600 2979 4655 videri
3004 4607 3203 4668 potest.
3233 4597 3455 4657 Deinde,

223 4676 339 4750 τίςή
363 4686 507 4755 χρεία
532 4688 638 4741 τῶν
668 4688 881 4741 πολλῶν
905 4728 919 4751 ,
949 4690 1065 4752 ἑνὸς
1105 4689 1412 4759 αὐτάρκους
1444 4693 1762 4762 γιγνομένου

223 4770 338 4837 πρὸς
366 4775 421 4827 τὸ
446 4780 580 4844 stay;
616 4779 792 4844 άλλως
818 4796 878 4832 τε
909 4780 1101 4843 ἀσεϐὲς
1123 4781 1216 4833 καὶ
1240 4781 1436 4833 ἄτοπον
1458 4780 1523 4833 ἂν
1554 4786 1765 4855 φανείη,

224 4862 263 4912 εί
285 4865 338 4918 τὸ
371 4870 458 4938 μὲν
491 4874 697 4944 ποίημα
734 4872 791 4925 ἓν
812 4874 1089 4944 τυγχάνει,
1115 4875 1163 4926 οί
1202 4874 1259 4926 δὲ
1289 4874 1613 4944 ποιήσαντες
1656 4874 1769 4927 διὰ-

223 4967 354 5023 φοροι
381 4961 465 5013 καὶ
491 4963 671 5016 πολλοὶ
696 5004 709 5028 ,
747 4963 908 5031 λόγου
937 4963 1087 5027 ὄντος
1117 4963 1346 5033 φυσικοῦ
1386 4965 1445 5017 τὸ
1481 4964 1536 5016 ἓν
1564 4964 1656 5016 καὶ
1680 4964 1766 5016 τέ-

220 5038 340 5098 λειον
385 5051 481 5105 τῶν
526 5054 801 5126 διαφόρων
854 5058 1101 5126 κρεῖττον
1152 5053 1313 5110 εἶναι.
1364 5056 1474 5108 Καὶ
1520 5055 1677 5109 τοῦτο
1709 5056 1765 5108 δὲ

222 5130 391 5204 ἰστέον,
423 5143 519 5209 ὅτι,
553 5148 603 5198 εί
626 5146 733 5199 ὑπὸ
759 5146 969 5199 πολλῶν
989 5149 1016 5200 ὁ
1048 5147 1249 5217 κόσμος
1273 5148 1513 5216 ἐγεγόνει
1538 5190 1551 5213 ,
1584 5148 1779 5217 διαφὸ--

213 5310 380 5430 “$50)
424 5317 640 5391 Segtter.
678 5322 900 5378 Gobler.
936 5332 989 5379 et
1048 5324 1287 5405 Felckm.
1319 5327 1341 5379 l
1398 5340 1592 5391 anou.,
1627 5344 1755 5398 χορ‹

277 5452 383 5536 (51)
404 5458 487 5536 §ic
514 5461 872 5536 S_eguer.:AIii_
899 5479 1021 5518 cum
1052 5465 1212 5536 editis
1241 5466 1419 5536 μόνον.
1447 5466 1611 5522 Paulo
1645 5477 1767 5535 post

322 5526 451 5609 imos
481 5526 634 5609 μόνη,
660 5535 713 5586 in
742 5533 960 5588 Gobler.
996 5544 1052 5590 et
1090 5526 1330 5591 Felck'm.
1360 5538 1384 5591 1
1418 5554 1582 5593 anon.
1626 5526 1761 5609 legi-

216 5598 293 5671 ιυξ
303 5598 508 5671 "unum.
534 5602 588 5671 ἡ.

280 5658 388 5729 (52)
411 5666 512 5736 Τῆς
539 5658 689 5724 a'best
719 5686 747 5723 a
773 5673 938 5727 Basil.
962 5674 1094 5728 Ibid.
1121 5676 1191 5731 τά
1212 5686 1337 5733 ante
1360 5680 1540 5734 πάντα
1562 5680 1765 5735 habent

217 5721 425 5818 ἓεξνέτ.
451 5721 599 5818 Aegi.
615 5721 808 5798 e'on.‘
821 5721 1191 5801 aratur;
1212 5721 1464 5805 ἰ”ὲῖτὸίἷξ
1482 5721 1761 5805 ’Χιξὲἶῖιῶ

219 5798 374 5854 editis
400 5798 660 5865 οιιιὶιίῖιιιι.

283 5867 391 5955 (ξ’ὅ)
416 5875 481 5955 ξΓό
499 5890 622 5955 ante
655 5880 817 5955 ἔργον
851 5882 1051 5938 habent
1077 5885 1520 5955 Seguer.Anglic.
1549 5890 1765 5945 Gobler.

222 5942 270 5985 ει
296 5934 463 6001 Felck.
496 5948 513 5999 ι
540 5934 699 6007 anon.’
733 5934 839 6007 Sed
860 5934 1051 6012 "allii-1'
1080 5934 1520 6013 ἒέιῗιῖᾌὶιὶῖίῖὗὶῖίξ

1870 4694 1914 4748 si
1948 4692 2143 4760 singuli
2182 4692 2248 4747 ad
2281 4693 2520 4747 universi
2565 4692 2892 4748 creationem
2938 4688 3463 4759 idoneieraut,quid

1872 4784 2055 4839 multis
2080 4798 2213 4853 opus
2240 4783 2357 4851 fuit,
2384 4800 2504 4839 eum
2530 4801 2670 4840 unus
2686 4784 2751 4838 ad
2778 4784 2957 4837 omnia
2988 4781 3456 4851 sufﬁcerenqund
3494 4770 3497 4773 ⁷

1871 4877 2085 4945 quidem
2114 4877 2382 4947 praecipue
2414 4877 2637 4947 impium
2682 4886 2733 4931 et
2762 4876 3057 4933 absurdum
3090 4876 3381 4939 videbitur,
3410 4875 3456 4928 si

1872 4983 2006 5038 opus
2037 4983 2201 5021 unum
2234 4969 2420 5034 fuerit,
2450 4978 2702 5024 auctores
2733 4978 2912 5022 autem
2960 4967 3095 5021 varii
3147 4976 3204 5023 et
3258 4966 3410 5021 multi
3438 4984 3454 5031 ;

1873 5058 2072 5128 quippe
2122 5071 2244 5111 cum
2282 5058 2420 5112 ratio
2456 5057 2723 5114 naturalis
2768 5058 2962 5113 doceat
2990 5072 3155 5111 unum
3189 5065 3244 5111 et
3279 5054 3454 5125 perfe-

1875 5156 2020 5200 ctum
2046 5146 2273 5202 diversis
2304 5146 2530 5201 multum
2569 5157 2850 5217 praestare.
2894 5147 2949 5202 ld
2993 5148 3155 5202 etiam
3188 5146 3454 5200 silendum

1940 5328 2053 5398 (Si)
2082 5327 2300 5384 Gobler.
2328 5330 2569 5386 Felckm.
2599 5332 2626 5385 1
2677 5346 2844 5387 anon.
2878 5341 2931 5388 et
2962 5328 3196 5401 Anglic.,
3224 5324 3452 5395 γενομέ-

1872 5415 1961 5449 νου
1971 5438 1982 5449 .

1945 5467 2058 5537 (55)
2089 5467 2417 5525 Particulam
2451 5472 2508 5525 δέ
2534 5474 2663 5528 editi
2704 5475 2793 5528 hic
2813 5472 3103 5530 habebant,

1872 5552 1901 5590 a
1949 5535 2174 5609 Seguer.
2221 5540 2443 5597 Gobler.
2488 5545 2701 5612 Anglic.
2747 5541 2911 5612 Basil.
2975 5535 3274 5612 Felcka
3320 5547 3375 5612 et
3408 5535 3452 5612 2

1871 5606 2163 5665 anonfnec
2191 5626 2309 5666 eam
2344 5613 2469 5680 legit
2495 5606 2847 5667 Om‘uibonus.
2888 5610 2968 5680 ln_
2988 5606 3111 5680 aliis
3142 5624 3278 5680 mss.
3306 5606 3450 5680 _l_egi-
3512 5640 3525 5669 ,ε

1873 5688 1979 5744 tur,
2011 5696 2239 5747 eamque
2278 5676 2585 5750 exprimunt
2620 5682 2872 5734 Ambros.
2930 5677 3173 5732 Camald.
3210 5689 3260 5733 et
3304 5676 3451 5730 Nau-

1871 5750 2012 5803 uius.
2054 5751 2157 5804 Sed
2187 5752 2361 5804 omitti
2404 5750 2599 5803 debere
2625 5765 2688 5803 ex
2726 5764 2883 5803 sensu
2914 5755 3080 5815 patct.

1944 5819 2056 5888 (56)
2085 5819 2320 5874 Felrkm.
2342 5821 2571 5882 3anou.,
2599 5819 2840 5880 δυνατός.
2869 5818 3035 5872 Paulo
3066 5826 3185 5886 post
3214 5817 3445 5887 Segllcta

1876 5889 2163 5958 αὐτάρκως
2198 5905 2293 5958 pro
2325 5888 2631 5957 αὐτάρκους
2661 5890 2842 5943 habet.

3144 5483 3263 5536 quae
3299 5466 3453 5536 abest
