4010 6508
521 444 593 501 79
1088 444 1147 504 S.
1190 436 1564 501 ATHANASII
1605 446 1758 502 OPP.
1795 443 1973 500 PARS
2011 445 2054 499 Ι.
2093 475 2162 485 --
2200 444 2568 501 HISTOBICA
2605 443 2693 500 ET
2733 445 3157 503 DOGMATICA.
3701 447 3770 503 80

522 576 631 619 non
664 571 768 626 est,
800 562 844 617 si
873 578 903 615 a
929 562 1110 617 multis
1141 562 1313 618 factus
1339 572 1426 620 est
1472 566 1724 629 mundus,
1758 566 1999 622 diversos
2035 576 2089 621 ct

2201 581 2317 637 ρους
2340 562 2448 635 (57)
2469 562 2581 634 εἶχε
2604 564 2817 629 καὶτὰς
2842 567 3084 636 κινήσεις
3121 564 3213 617 καὶ
3243 562 3533 634 ἀνομοίους
3560 564 3768 635 ἐαυτῷ.

523 652 626 707 sibi
659 651 758 722 ipsi
798 651 1090 707 dissimiles
1117 660 1295 707 motus
1334 652 1608 709 habuisse.
1650 651 1784 708 Nam
1821 654 1938 710 fieri
1983 670 2089 710 non

519 743 700 812 potuit
732 742 862 813 quin
892 743 957 796 ad
997 742 1244 813 singulos
1286 751 1537 799 auctores
1572 745 1871 815 respiciens
1910 747 2093 803 varios

455 866 469 886 ι
524 843 702 889 motus
743 835 1015 891 habuerit.
1061 834 1118 889 lu
1153 834 1245 890 illa
1294 844 1477 891 autem
1519 836 1808 903 varietate,
1842 846 1901 892 ut
1931 853 2092 909 supra

527 923 735 977 dictum
760 934 865 991 est,
899 925 1103 980 nullum
1147 940 1335 981 rursus
1372 928 1504 982 ordo
1542 928 1594 982 in
1640 932 1843 984 mundo
1883 930 2091 985 servari

521 1027 730 1085 posset,
782 1019 876 1074 sed
912 1019 1135 1074 confusa
1182 1028 1236 1074 et
1289 1024 1604 1090 perturbata
1657 1023 1836 1077 omnia
1894 1023 2089 1077 forent.

520 1107 656 1163 Nam
686 1125 784 1165 nec
808 1111 961 1165 navis
982 1125 1013 1164 a
1044 1110 1230 1165 multis
1250 1110 1547 1180 gubernata
1590 1121 1740 1168 recto
1768 1126 1928 1166 cursu
1964 1111 2091 1167 ferri

520 1209 723 1269 potest,
751 1202 856 1257 nisi
883 1202 999 1269 ejus
1028 1201 1240 1257 clavum
1279 1216 1419 1257 unus
1441 1201 1775 1271 gubernator
1804 1203 2042 1256 tenuerit
2076 1221 2089 1257 :

520 1306 620 1346 nec
653 1293 766 1362 lyra
796 1307 825 1345 a
856 1291 1037 1347 multis
1057 1292 1269 1363 pulsata
1300 1292 1599 1361 perfectum
1628 1302 1947 1347 concentum
1977 1291 2092 1346 cili-

520 1381 650 1445 ciet,
678 1383 784 1437 nisi
807 1384 1046 1438 musicus
1075 1398 1213 1439 unus
1233 1398 1358 1438 eam
1390 1383 1742 1452 percusserit.
1771 1383 1947 1450 Quare
1971 1398 2092 1437 cum

520 1487 626 1527 una
652 1474 723 1528 sit
751 1485 931 1529 creata
966 1483 1183 1541 natura,
1206 1484 1261 1529 et
1288 1475 1518 1530 mundus
1543 1490 1686 1529 unus
1709 1489 1773 1529 ac
1799 1473 2096 1529 unusillius

518 1563 653 1619 ordo
686 1580 701 1617 :
732 1581 897 1620 unum
945 1580 1159 1636 quoque
1187 1565 1306 1633 ejus
1331 1575 1599 1623 rectorem
1628 1576 1683 1620 et
1709 1566 1957 1635 opiﬁcem
1986 1564 2092 1618 Do-

517 1655 726 1710 minum
752 1672 873 1712 esse
908 1658 1315 1728 intelligendum
1357 1666 1462 1713 est.
1496 1656 1774 1726 Siquidem
1822 1672 1883 1711 ea
1931 1655 2093 1709 etiam

519 1746 588 1801 de
630 1762 798 1803 causa
853 1749 968 1819 ipse
1019 1748 1199 1819 opifex
1250 1749 1566 1805 universum
1622 1748 1880 1802 mundum
1932 1761 2094 1800 unum

520 1834 672 1903 fecit,
705 1849 762 1893 ut
792 1856 860 1895 ne
884 1840 1070 1896 multis
1103 1844 1434 1899 constructis
1459 1842 1613 1898 multi
1634 1856 1849 1912 quoque
1876 1840 2095 1911 opiﬁces

2192 657 2339 728 Πρὸς
2364 657 2594 711 ἕκαστον
2624 658 2731 730 γὰρ
2773 657 2881 712 τῶν
2908 648 3247 728 ποιησάντων
3273 656 3620 721 ἀποϐλέπων,
3657 657 3773 710 δια-

2192 751 2391 822 φόρους
2423 746 2534 819 εἷχε
2574 752 2667 803 xui
2720 749 2820 813 τὰς
2862 751 3121 821 κινήσεις.
3158 749 3272 821 (58)
3323 748 3409 803 Ἐν
3447 750 3504 803 δέ
3546 752 3614 820 τῇ
3656 750 3773 803 δια-

2194 843 2352 913 φορᾷ,
2381 841 2630 912 καθάπερ
2657 840 2873 913 εἴρηται
2913 842 3205 912 πρότερον,
3235 841 3398 894 πάλιν
3433 838 3502 911 ἦν
3529 842 3773 911 ἀκοσμία

2172 933 2287 987 -καὶ
2313 933 2406 986 τοῦ
2441 934 2637 996 παντὸς
2663 932 2885 998 ἀταξία·
2918 932 3103 1004 ἐπειδὴ
3137 933 3258 987 οὐδὲ
3309 932 3442 996 ναῦς
3482 934 3589 986 ὑπὸ
3638 935 3771 987 πολ·
3810 960 3819 961 ί

2193 1021 2298 1074 λῶν
2327 1021 2713 1093 κυϐερνωμένη
2754 1022 2874 1073 κατ’
2916 1022 3072 1091 ὀρθὸν
3109 1022 3460 1086 πλευσεῖται,
3495 1024 3543 1075 εἰ
3581 1022 3655 1094 μὴ
3690 1018 3771 1086 ε⁷ς

2192 1111 2396 1183 ταύτης
2428 1113 2552 1176 τοὺς
2585 1111 2777 1174 οίακας
2802 1111 3027 1182 κρατοίη
3064 1112 3436 1183 κυϐερνήτης·
3469 1114 3591 1167 οὐδὲ
3630 1113 3770 1185 λύρα

2194 1203 2298 1256 ὑπὸ
2350 1202 2557 1255 πολλῶν
2596 1200 2897 1274 κρουομένη
2966 1186 3254 1273 σύμφωνον
3313 1204 3634 1257 ἀποτελέσει
3679 1204 3772 1257 τὸν

2190 1286 2343 1361 ἦχον,
2374 1293 2421 1343 εί
2448 1291 2521 1362 μὴ
2547 1286 2626 1354 εἷς
2648 1292 2676 1343 6
2708 1289 2911 1359 ταύτην
2938 1292 3181 1360 πλήττων
3204 1291 3291 1361 εἴη
3324 1293 3595 1363 τεχνίτης.
3629 1294 3775 1347 Οὐκ-

2150 1400 2155 1405 '
2192 1380 2286 1434 οὖν
2321 1383 2449 1451 μιᾶς
2491 1380 2658 1452 οὔσης
2697 1384 2797 1452 τῆς
2817 1383 3065 1444 κτίσεως,
3092 1381 3184 1434 xui.
3218 1382 3335 1444 ἐνὸς
3358 1381 3510 1444 ὄντος
3543 1384 3773 1452 κόσμου,

2186 1473 2283 1524 ’καὶ
2313 1473 2439 1542 μιᾶς
2483 1473 2579 1543 τῆς
2620 1473 2810 1527 τούτου
2847 1472 3086 1537 τάξεως,
3121 1473 3216 1527 ἕνα
3249 1473 3329 1525 δεῖ
3364 1476 3503 1526 νοεῖν
3540 1473 3649 1545 (59)
3679 1474 3776 1527 καὶ⁵

2194 1561 2283 1614 τὸν
2329 1562 2533 1633 ταύτης
2584 1563 2805 1633 βασιλέα
2863 1564 2957 1618 καὶ
3010 1564 3338 1635 δημιουργὸν
3390 1564 3617 1636 Κύριον.
3676 1566 3777 1619 Διά

2194 1652 2350 1707 τοῦτο
2376 1654 2482 1725 γὰρ
2510 1654 2603 1709 καὶ
2632 1655 2795 1719 αὐτὸς
2827 1657 2855 1708 6
2879 1643 3207 1726 δημιουργὸς
3235 1654 3331 1707 ἕνα
3358 1655 3450 1707 τὸν
3483 1655 3780 1725 σύμπαντα

2196 1745 2397 1815 κόσμον
2430 1745 2754 1816 πεποίηκεν,
2806 1746 2892 1800 ἵνα
2939 1747 3012 1817 μὴ
3045 1749 3111 1817 τῇ
3147 1745 3254 1799 τῶν
3280 1745 3492 1798 πολλῶν
3519 1746 3779 1800 συστάσει

2198 1837 2378 1891 πολλοὶ
2412 1839 2505 1891 καὶ
2536 1838 2585 1891 οἱ
2611 1838 2930 1910 δημιουργοὶ
2953 1838 3277 1909 νομίζοιντο,
3305 1838 3417 1892 ἀλλ’
3455 1837 3577 1899 ἐνὸς
3621 1836 3780 1900 ὄντος

521 1938 862 1997 putarentur,
897 1933 989 1987 sed
1030 1942 1088 1989 ut
1120 1949 1285 2003 opere
1314 1950 1420 1991 uno
1453 1935 1771 2002 exsisteute,
1797 1950 1933 1989 unus
1958 1949 2093 2003 quo-

2201 1930 2288 1984 τοῦ
2318 1932 2637 2001 ποιήματος,
2663 1924 2743 1994 εἷς
2768 1931 2863 1984 καὶ
2899 1933 2926 1984 6
2951 1930 3138 1983 τούτου
3169 1930 3396 2001 ποιητὴς
3429 1928 3778 1998 πιστεύηται.

519 2035 627 2089 que
674 2023 792 2090 ejus
838 2034 1027 2080 auctor
1062 2039 1185 2080 esse
1208 2026 1548 2081 crederetur.
1595 2023 1707 2079 Nec
1753 2032 1930 2079 tamen
1968 2023 2093 2092 quia

520 2127 662 2167 unus
703 2124 785 2168 est
822 2114 1068 2180 effector,
1116 2132 1256 2172 unus
1291 2131 1509 2186 quoque
1536 2125 1621 2171 est
1664 2117 1915 2171 mundus.
1959 2113 2093 2169 Nam

519 2203 656 2258 alios
683 2205 845 2259 etiam
876 2208 1105 2264 mundos
1128 2208 1269 2263 Deus
1288 2208 1539 2265 fabricari
1572 2217 1804 2278 poterat.
1836 2205 1946 2263 Sed
1969 2206 2096 2276 quia

519 2312 659 2351 unus
686 2308 771 2352 est
818 2301 1049 2355 mundus
1090 2301 1182 2370 qui
1214 2309 1430 2357 creatus
1464 2308 1565 2368 est,
1600 2298 1720 2369 ejus
1751 2312 1967 2370 quoque
2000 2295 2097 2368 [fa-

519 2388 849 2446 hrieatorem
878 2406 1044 2446 unum
1077 2407 1203 2448 esse
1227 2394 1454 2449 credere
1484 2406 1707 2448 necesse
1743 2399 1847 2448 est.

589 2480 887 2537 40.Verum
907 2484 1154 2553 quisnam
1178 2485 1389 2541 tandem
1414 2484 1504 2540 ille
1526 2484 1640 2540 est?
1668 2482 1724 2538 ld
1753 2482 1896 2538 enim
1922 2481 1974 2536 in
1990 2481 2101 2552 pri-

523 2570 626 2625 mis
643 2572 923 2630 declarare
937 2574 1193 2641 etdicere
1204 2590 1384 2644 operae
1414 2574 1649 2646 pretium
1670 2575 1858 2639 fuerit,
1881 2588 1949 2627 ne
1974 2572 2098 2643 quis

521 2661 689 2732 hujus
715 2664 1057 2734 ignoratione
1082 2665 1363 2730 seductus.
1404 2666 1573 2721 alium
1605 2680 1725 2722 esse
1765 2665 2095 2735 suspicetur,

521 2764 577 2808 et
604 2754 658 2808 in
687 2756 931 2812 eamdem
956 2757 1133 2813 denuo
1155 2759 1506 2828 impietatem,
1536 2774 1696 2829 quam
1729 2773 1889 2827 supra
1916 2772 2098 2827 repre-

444 2842 447 2843 ⁷
519 2845 831 2914 hendimus,
860 2848 1165 2904 delabatur.
1200 2850 1451 2905 Arbitror
1476 2859 1656 2906 autem
1697 2850 1964 2904 neminem
1995 2848 2099 2903 hac

520 2937 590 2991 de
620 2952 680 2992 re
704 2940 818 3008 jam
843 2941 1134 3013 ambigere.
1159 2943 1369 2999 Etenim
1407 2943 1454 2998 si
1483 2957 1619 3012 quos
1638 2951 1809 3011 poetae
1828 2940 1957 2996 deos
1979 2955 2097 2995 esse

522 3025 733 3093 dicunt,
773 3045 881 3085 non
908 3046 1029 3088 esse
1055 3033 1186 3088 deos
1218 3042 1401 3089 nostra
1428 3034 1674 3088 oratione
1718 3032 2094 3102 probavimus,

521 3122 974 3192 ostendimusque
1006 3124 1127 3182 illos
1165 3140 1353 3182 errare
1390 3126 1480 3196 qui
1519 3140 1632 3181 rem
1668 3133 1907 3181 creatam
1937 3125 2092 3180 deum

523 3208 745 3278 faciunt,
774 3224 830 3268 et
854 3216 1145 3271 universim
1167 3216 1405 3287 gentium
1425 3216 1807 3282 idololatriam,
1826 3230 2089 3270 summam

521 3300 855 3371 impietatem
891 3321 1012 3361 esse
1039 3307 1377 3363 convicimus
1407 3325 1421 3362 :
1459 3307 1565 3364 diis
1591 3306 1698 3361 illis
1726 3306 1971 3371 sublatis,
1996 3320 2093 3359 ne-

519 3402 680 3444 cesse
705 3400 790 3446 est
817 3394 1040 3450 omnino
1075 3396 1219 3464 apud
1250 3411 1348 3450 nos
1398 3405 1605 3450 tantum
1640 3395 1782 3465 piam
1821 3410 1939 3451 esse
1969 3394 2093 3449 reli-

521 3476 759 3546 gionem,
812 3482 1073 3554 illumque
1122 3501 1283 3555 quem
1337 3485 1566 3540 colimus
1616 3494 1671 3540 et
1714 3486 2094 3554 praedicamus,

520 3567 697 3622 solum
714 3584 903 3626 verum
936 3573 1103 3629 Deum
1130 3589 1274 3640 esse,
1309 3576 1400 3643 qui
1430 3575 1570 3630 idem
1594 3583 1647 3629 et
1679 3590 1857 3629 rermn
1890 3585 2097 3631 creata-

523 3670 643 3710 rum
675 3658 927 3725 dominus
954 3671 1007 3716 et
1035 3664 1200 3718 totius
1228 3672 1436 3717 naturae
1479 3662 1659 3731 opifex
1683 3663 1774 3717 sit.
1813 3662 1943 3730 Quis
1970 3678 2096 3734 ergo

520 3747 663 3803 alius
698 3749 786 3805 ille
822 3750 991 3807 fuerit
1029 3768 1191 3822 quam
1228 3753 1604 3808 sanctissimus
1637 3762 1691 3806 et
1727 3754 1888 3808 rebus
1920 3755 2095 3809 omni-

522 3833 625 3889 bus
665 3838 868 3892 creatis
921 3838 1082 3908 longe
1120 3840 1479 3915 excellentior
1510 3840 1718 3896 Christi
1768 3842 1951 3905 Pater,
2005 3843 2093 3912 qui

526 3930 787 3991 tanquam
837 3927 1079 3995 optimus
1120 3928 1454 3997 gubernator
1498 3929 1715 3999 propria
1752 3930 2019 3998 sapientia
2046 3939 2099 3985 et

522 4012 745 4081 proprio
775 4012 975 4083 Verbo,
1018 4016 1241 4073 Domino
1260 4027 1445 4074 nostro
1472 4031 1524 4074 et
1557 4028 1833 4076 servatore
1859 4020 2094 4082 Christo.

521 4102 704 4156 omnia
760 4103 961 4175 ubique
1011 4107 1323 4164 salutariter
1372 4111 1661 4181 gubernat,
1710 4114 1990 4184 dispensat
2043 4122 2098 4168 et

523 4188 681 4257 facit,
705 4203 867 4262 prout
898 4206 1103 4251 rectum
1127 4213 1246 4255 esse
1270 4200 1508 4255 viderit?
1543 4203 1770 4259 Rectum
1800 4213 1877 4259 est
1917 4215 2094 4260 autem

522 4280 613 4335 illa
634 4297 755 4339 esse
790 4295 847 4339 ut
867 4285 1009 4341 facta
1043 4300 1173 4344 sunt
1198 4300 1252 4345 et
1276 4291 1393 4347 fieri
1422 4295 1817 4364 conspicimus,
1839 4298 2094 4365 quoniam

521 4372 575 4427 id
598 4374 672 4430 ita
702 4376 819 4445 ipse
853 4380 990 4446 vult,
1029 4384 1171 4452 quod
1204 4398 1336 4440 sane
1368 4400 1528 4441 nemo
1551 4388 1851 4456 negaverit.
1880 4387 2015 4442 Nam
2051 4390 2095 4444 si

520 4479 703 4521 rerum
730 4479 1037 4527 creatarum
1074 4484 1254 4529 motus
1288 4475 1501 4546 absque
1554 4479 1766 4534 ratione
1800 4478 1975 4545 ﬁeret,
2018 4488 2096 4535 te-

2197 2021 2306 2075 Kui
2337 2021 2434 2090 οὐχ
2463 2022 2544 2075 ὅτι
2578 2015 2657 2083 εἷς
2696 2022 2841 2074 ἐστιν
2882 2022 2910 2073 6
2964 2021 3321 2092 δημιουργὸς,
3355 2018 3443 2072 διὰ
3484 2018 3642 2071 τοῦτο
3682 2018 3781 2071 καὶ

2198 2107 2278 2175 εἷς
2300 2113 2446 2165 ἐστιν
2470 2114 2497 2165 6
2525 2112 2728 2182 κόσμος
2749 2128 2763 2141 ·
2795 2111 3023 2180 ἠδύνατο
3048 2111 3158 2183 γὰρ
3190 2112 3284 2164 καὶ
3314 2110 3507 2173 ἄλλους
3537 2110 3782 2180 κόσμους

2197 2206 2416 2275 ποιῆσαι
2450 2206 2478 2257 6
2501 2204 2650 2268 Θεός.
2696 2203 2843 2257 Ἀλλῖ
2867 2206 2948 2258 ὅτι
2980 2199 3062 2267 εἷς
3092 2207 3239 2258 ἐστιν
3266 2205 3294 2255 6
3334 2202 3541 2271 κόσμος
3570 2203 3598 2254 6
3621 2200 3781 2269 γενό-

2201 2314 2380 2368 μενος,
2416 2296 2629 2367 ἀνάγκη
2676 2296 2771 2349 καὶ
2800 2294 2908 2357 κτὸν
2937 2296 3129 2349 τούτου
3179 2293 3513 2364 δημιουργὸν
3556 2292 3656 2346 ἕνα
3685 2308 3783 2346 πι-

2200 2383 2407 2438 στεύειν
2431 2380 2587 2437 εῐναι.
2796 2446 2807 2453 θ

2268 2474 2358 2529 40.
2378 2475 2474 2537 Τίς
2504 2470 2597 2527 οὖν
2623 2473 2733 2545 (60)
2758 2474 2823 2528 ἂν
2852 2474 2936 2545 εἴη
2970 2465 3123 2537 οὗτος
3142 2490 3156 2538 ;
3178 2472 3287 2526 Καὶ
3311 2471 3469 2525 τοῦτο
3485 2473 3595 2544 γὰρ
3610 2473 3782 2543 ἀναγ-

2198 2567 2349 2620 καῖον
2390 2565 2621 2635 μάλιστα
2652 2564 2887 2636 δηλῶσαι
2934 2565 3027 2619 καὶ
3062 2564 3381 2641 λέγεινηῖνα
3416 2564 3523 2635 μὴ,
3554 2567 3620 2635 τῇ
3654 2564 3785 2633 περὶ

2196 2656 2383 2709 τοῦτον
2411 2656 2521 2727 (6-1)
2569 2655 3093 2726 ἀγνοίᾳῆτλανηθείς
3133 2673 3248 2719 τις,
3292 2655 3478 2725 ἕτερον
3513 2655 3782 2727 ὑπολάϐῃ,

2198 2748 2293 2801 καὶ
2318 2749 2397 2810 εἰς
2422 2746 2520 2818 τήν
2550 2748 2715 2816 αὐτὴν
2744 2746 2905 2801 πάλιν
2937 2750 3049 2810 τοῖς
3073 2746 3335 2818 πρότερον
3368 2747 3641 2817 ἀθεότητα
3684 2748 3787 2816 ἐμ-

2199 2839 2361 2909 πέσῃ.
2386 2838 2610 2909 Νομίζω
2771 2830 2970 2908 μηδένα
3008 2837 3135 2908 περὶ
3168 2838 3359 2891 τούτου
3410 2838 3509 2908 τὴν
3547 2837 3784 2891 διάνοιαν

2200 2929 2497 3000 ἀμφίϐολον
2530 2918 2798 2999 ἔχεινμξΕί
2832 2929 2939 3000 γὰρ
2980 2929 3042 3000 δὴ
3077 2930 3201 2992 τοὺς
3232 2929 3383 2999 παρὰ
3406 2930 3661 2999 ποιηταῖς
3691 2928 3783 2982 λε-

2198 3020 2461 3091 γομένους
2510 3018 2664 3082 θεοὺς
2707 3019 2808 3072 οὐκ
2840 3015 2976 3072 εἶναι
3015 3018 3169 3083 θεοὺς
3199 3019 3227 3071 6
3257 3018 3412 3087 λόγος
3463 3017 3664 3083 ἔδειξε,
3690 3020 3787 3073 καὶ

2196 3114 2323 3176 τοὺς
2351 3113 2447 3183 τὴν
2484 3108 3087 3174 κτίσινιθεοποιοῦντας
3134 3109 3325 3181 ἤλεγξε
3372 3109 3783 3179 πλανωμένους,

2201 3204 2294 3257 καὶ
2317 3202 2547 3256 καθόλου
2580 3201 2680 3276 τὴγ
2705 3201 2813 3254 τῶν
2841 3201 3010 3255 ἐθνῶν
3045 3201 3483 3271 εἰδωλολατρείαν
3516 3199 3787 3271 ἀθεότητα

2197 3296 2287 3349 καὶ
2343 3294 2596 3348 ἀσέὀειαν
2644 3290 2819 3347 ὀὖσαν
2850 3292 3160 3356 ἀπέδειξεν·
3210 3292 3424 3361 ἀνάγκη
3465 3292 3618 3343 πᾶσα
3662 3288 3787 3343 τού-

2195 3404 2302 3439 των
2331 3385 2758 3457 ἁναιρουμένων,
2782 3384 2966 3439 λοιπὸν
3002 3384 3132 3454 παρ’
3166 3384 3298 3454 ἡμῖν
3326 3377 3585 3451 εἶναιτὴν
3628 3380 3789 3434 εὐσε-

2197 3478 2266 3547 ϐῆ
2296 3474 2590 3548 θρησκείαν
2606 3518 2627 3545 ,ι
2655 3477 2748 3529 xui.
2790 3476 2880 3528 τὸν
2923 3475 3052 3546 παρ’
3098 3473 3253 3545 ἡμῶν
3288 3471 3785 3543 προσκυνούμενον,

2196 3570 2291 3622 καὶ
2328 3552 2733 3654 κηρυττόὲενον
2770 3566 2957 3620 τοῦτον
3004 3567 3159 3637 μόνον
3205 3561 3344 3617 εἶναι
3398 3564 3531 3617 Θεὸν
3589 3564 3786 3635 ἀληθῆ,

2195 3659 2285 3711 τὸν
2318 3660 2411 3711 καὶ
2452 3641 2700 3729 ((ἷὲγτῆς
2723 3656 2951 3719 κτίσεως
2981 3655 3184 3727 Κύριον
3210 3656 3301 3707 xui.
3332 3654 3515 3725 πάσης
3554 3654 3791 3707 ὑποστά-

2200 3767 2335 3813 σεως
2374 3731 2731 3820 δημιουργόν.⁴
2762 3748 2857 3811 Τίς
2890 3747 2953 3818 δή
2988 3742 3080 3800 οὖν
3123 3748 3268 3798 ἐστιν
3304 3739 3489 3809 οὗτος,
3537 3745 3651 3798 ἀλλ’
3684 3745 3719 3814 ἢ
3763 3745 3793 3797 6

2199 3844 2459 3912 πανάγιος
2481 3843 2575 3897 καὶ
2608 3842 3007 3914 ὑπερεπέκεινα
3046 3841 3159 3911 (65)
3203 3841 3385 3909 πάσης
3418 3838 3656 3907 γενητῆς
3694 3834 3791 3888 οὐ-

2199 3934 2340 3996 σίας,
2365 3936 2393 3987 6
2420 3934 2512 3987 τοῦ
2537 3933 2777 4005 Χριστοῦ
2809 3932 3016 4003 Πατὴρ,
3050 3932 3197 3994 ὅστις
3218 3971 3232 3995 ,
3281 3929 3536 4001 καθάπερ
3565 3928 3791 3999 ἀριστος

2198 4025 2558 4095 κυϐερνήτης,
2589 4027 2655 4095 τῇ
2691 4024 2796 4094 ἰδίᾳ
2829 4023 2988 4093 σοφίᾳ
3015 4023 3108 4075 καὶ
3136 4021 3213 4091 τῷ
3254 4020 3367 4089 ἰδίῳ
3392 4019 3557 4089 Λόγῳ
3579 4017 3657 4089 τῷ
3684 4019 3793 4070 Κυ-

2200 4113 2300 4185 ρίῳ
2332 4114 2490 4185 ήμῶν
2539 4114 2632 4167 καὶ
2688 4114 2900 4183 Σωτῆρι
2933 4109 3154 4181 Χριστῷ
3188 4110 3336 4181 (64),
3385 4109 3455 4161 τὰ
3508 4105 3789 4177 πανταχοῦ

2197 4204 2524 4276 διακυϐερνᾷ
2554 4205 2835 4275 σωτηρίως
2865 4204 2959 4256 καὶ
2983 4202 3287 4270 διακοσμεῖ,
3309 4200 3403 4252 καὶ
3427 4201 3593 4261 ποιεῖ,
3616 4199 3691 4261 ὡς
3718 4196 3786 4250 ἂν

2198 4296 2346 4366 αὑτῴ
2380 4296 2560 4359 καλῶς
2590 4295 2731 4366 ἔχειν
2756 4296 2921 4365 δοκῇ;
2964 4295 3117 4363 Ἔχει
3152 4293 3209 4347 δὲ
3243 4290 3454 4354 καλῶς,
3490 4290 3567 4353 ὡς
3598 4290 3790 4358 γέγονε

2198 4389 2291 4443 καὶ
2328 4386 2544 4458 ορῶμεν
2590 4386 2921 4455 γιγνόμενα,
2955 4384 3140 4454 ἐπειδὴ
3184 4380 3466 4435 καὶτοῦτο
3504 4380 3785 4451 βούλεται·

2199 4479 2293 4532 καὶ
2324 4478 2480 4533 τοῦτο
2504 4478 2604 4530 οὐκ
2636 4476 2700 4530 ἀν
2726 4494 2811 4540 τις
2842 4476 3212 4544 ἀπιστήσειεν.
3246 4475 3305 4525 Εἰ
3329 4474 3427 4543 μὲν
3454 4472 3565 4543 γὰρ
3597 4471 3789 4538 ἄλογος

517 4573 778 4632 mereque
807 4565 1038 4621 mundus
1068 4567 1396 4635 volveretur,
1417 4568 1541 4638 jure
1563 4571 1757 4628 merito
1788 4570 1931 4626 nulla
1958 4571 2094 4627 fides

2201 4563 2264 4639 ἦν
2285 4570 2316 4637 ἡ
2341 4567 2441 4636 τῆς
2465 4567 2691 4630 κτίσεως
2716 4566 2949 4638 κίνησις,
2975 4566 3067 4618 xui.
3091 4558 3279 4627 ἁπλῶς
3307 4564 3535 4633 ἐφέρετο
3562 4562 3624 4616 τὸ
3649 4562 3755 4614 πᾶν
3771 4576 3785 4591 ·

518 4650 677 4708 dictis
704 4664 850 4711 esset
875 4658 1200 4714 adhibenda.
1237 4660 1344 4717 Sed
1383 4662 1429 4717 si
1471 4663 1709 4728 ratione,
1741 4663 2006 4733 sapientia
2036 4675 2092 4719 et

520 4743 746 4800 scientia
778 4749 1037 4805 (conditus
1060 4758 1223 4818 atque
1248 4752 1393 4806 omni
1425 4762 1622 4806 ornatu
1654 4753 1950 4809 instructus
1976 4760 2094 4818 εει,

523 4848 751 4891 necesse
798 4847 883 4893 est
927 4839 1089 4907 hujus
1140 4851 1420 4897 auctorem
1465 4853 1520 4897 et
1558 4854 1937 4898 exornatorem
1988 4859 2094 4899 non

522 4925 683 4981 alium
706 4942 827 4983 esse
850 4945 1010 4999 quam
1047 4931 1285 4989 Verbum
1313 4948 1407 4990 seu
1440 4935 1723 4991 Rationem
1750 4935 1869 4992 Dei.
1909 4934 2097 4991 Ratio-

591 5081 708 5159 QZ.)
740 5083 1005 5159 ἐφευρι-ει
1028 5088 1376 5159 ἀδιαφόρους.

592 5150 709 5222 (58)
740 5150 841 5209 Hié
872 5150 1096 5214 Gohler.
1136 5150 1190 5213 et
1220 5150 1459 5215 Felc'km.
1502 5162 1524 5215 l
1560 5176 1720 5216 anon.
1773 5161 1968 5215 iterum
2007 5160 2104 5213 ad-

522 5221 1097 5367 ἓμὲἒτκᾷξόἓνομοίους
1148 5228 1350 5299 ἐαυτῷ.
1401 5231 1569 5285 Iidem
1616 5232 1777 5301 paulo
1816 5240 1937 5299 post
1982 5229 2104 5283 ἐπεί

518 5304 621 5359 pro
645 5304 858 5367 ἐπειδή.

570 5362 708 5441 ,(ὄθ)
739 5364 1087 5441 Seguer._hie
1118 5370 1265 5424 addit
1289 5367 1455 5441 εἶναι,
1481 5369 1644 5432 Ibid.,
1690 5380 1809 5439 post
1844 5370 2110 5441 δημιουρ-

519 5430 637 5504 Ῑργν
676 5430 900 5504 δεευέν.
951 5438 1177 5494 Gobler.
1228 5451 1282 5494 et
1319 5440 1559 5495 Felckm.
1619 5430 1642 5492 l
1690 5430 1852 5495 anon.
1898 5430 2111 5492 addunt

521 5500 870 5574 detov,'alii
900 5523 1030 5562 vero
1052 5524 1174 5562 cum
1204 5510 1443 5564 editione
1474 5510 1736 5564 Commcl.
1766 5510 2048 5563 omittunt.

550 5571 708 5659 τωο)
734 5571 842 5628 Οὖν
873 5578 1026 5656 deest
1056 5580 1108 5632 in
1150 5578 1374 5651 Segucr.
1402 5579 1536 5634 lbid.
1571 5577 1812 5635 Felckm.
1848 5580 1881 5633 '5
1914 5593 2105 5643 anon.,

550 5658 675 5698 υτος
702 5644 729 5694 6
761 5661 1022 5698 τοιουτος.

521 5655 675 5704 ουτος
702 5655 729 5694 ο
761 5655 1022 5712 τοιουτος.

527 5711 1080 5833 iis((imlgﬂStif‘lSeguer.
1118 5716 1187 5771 At
1226 5716 1417 5786 Basi!.,
1456 5718 1648 5771 τούτου
1700 5718 1807 5774 Alii
1836 5732 1956 5774 cum
1983 5717 2099 5774 edi-

600 5816 617 5843 ,
750 5814 763 5833 Β
854 5823 867 5833 α

594 5847 713 5920 (32)
745 5852 855 5905 Καί
885 5852 1036 5911 deest
1068 5854 1124 5909 in
1157 5854 1232 5913 Fe
1268 5854 1400 5912 .km.
1431 5856 1465 5912 3
1499 5871 1663 5912 anon.

2202 4656 2382 4721 καλῶς
2428 4656 2492 4709 ἀν
2522 4673 2605 4718 τις
2651 4655 2743 4709 καὶ
2772 4658 2885 4717 τοῖς
2917 4654 3229 4722 λεγομένοις
3285 4652 3615 4722 ἠπίστησεν·
3647 4651 3694 4703 εἰ
3729 4648 3790 4702 δὲ

2202 4750 2346 4820 λόγῳ
2375 4749 2469 4801 καὶ
2502 4749 2665 4817 σοφίᾳ
2689 4747 2784 4798 καὶ
2823 4745 3100 4814 ἐπιστήμῃ
3133 4742 3429 4814 συνέστηκε
3449 4782 3463 4805 ,
3510 4742 3605 4794 xui.
3628 4739 3792 4792 παντὶ

2202 4846 2392 4915 κόσμῳ
2423 4840 2883 4911 διακεκόσμηται·
2933 4836 3145 4905 ἀνάγκη
3182 4834 3271 4887 τὸν
3313 4833 3657 4902 ἐπικείμενον
3695 4830 3790 4883 καὶ

2200 4934 2665 5004 διακοσμήσαντα,
2700 4928 2889 4982 τοῦτον
2912 4927 3011 4980 οὐκ
3043 4925 3200 4980 ἄλλον
3229 4923 3353 4977 τινὰ
3390 4924 3423 4994 ἢ
3451 4924 3621 4991 Λόγον
3646 4916 3789 4973 εἶναι

2240 5096 2247 5153 ξ
2275 5089 2387 5161 (65)
2423 5088 2655 5161 Seguer:
2681 5085 2911 5161 Anglic;
2934 5078 3339 5161 el__Fe|rlrm.n3
3382 5093 3524 5130 anon
3558 5118 3589 5159 ,ἡ
3618 5077 3789 5161 uit-5?:

2204 5148 2421 5221 ἐκεινα.Δ
2442 5148 2577 5212 Ιϋῖό.
2622 5148 2846 5223 δεειιέτ.
2873 5152 3037 5207 Basil.
3071 5160 3127 5204 et
3150 5148 3648 5217 Αιιείἰο.,γενητῆς.
3676 5148 3783 5198 Alii

2205 5240 2261 5285 et
2294 5229 2447 5291 editi,
2477 5225 2765 5296 γεννητῆς.
2809 5294 2831 5296 _
2881 5292 2929 5296 Α
3153 5288 3192 5296 __
3232 5288 3244 5296 _
3282 5286 3295 5296 _
3435 5287 3451 5296 _

2280 5298 2394 5369 (64)
2423 5282 2761 5369 Ξὶἱιδεέυιξιῖ.
2795 5292 3014 5369 gobler.
3043 5299 3108 5369 et
3153 5286 3455 5369 Feb-lunai
3486 5301 3645 5340 anon.
3676 5282 3785 5365 Alii

2212 5355 2335 5423 cuiu
2377 5355 2575 5430 'editis,
2608 5355 2763 5435 ήμῶν
2810 5362 2986 5435 Ἰησοῦ
3020 5358 3282 5435 ΔΧρεστιξξ.
3344 5355 3507 5435 Ibid."
3535 5370 3628 5435 pro
3682 5355 3781 5435 si:

2212 5384 2335 5423 ριιιι]
2391 5384 2575 5430 CUIUS,
2608 5384 2640 5435 η
2689 5384 2763 5419 ων
2828 5384 2986 5435 ιησου
3044 5384 3282 5432 Λρισῖῳ.
3344 5384 3479 5423 nitu.
3535 5384 3628 5422 μιυ
3684 5384 3777 5409 νυνι.

2212 5439 2353 5505 quod
2389 5436 2590 5490 habent
2642 5384 2868 5503 ἔδευεν.
2914 5431 3074 5505 Basil.
3129 5430 3354 5505 Gobler.
3384 5438 3438 5479 et
3467 5423 3707 5505 Fe-lckm.
3754 5419 3777 5472 1

2215 5497 2401 5562 anon"
2440 5506 2530 5559 alii
2558 5521 2677 5557 cum
2716 5497 2953 5558 eilitione
2977 5497 3235 5555 Commel.
3269 5498 3467 5550 habent
3494 5497 3591 5563 τῷ,
3622 5505 3783 5563 men:

2216 5557 2529 5629 assam
2584 5557 2975 5642 ibidJchuer.
3027 5568 3242 5642 Gobhfr.
3281 5578 3332 5618 et
3376 5557 3566 5642 felt-5‘.
3603 5557 3787 5642 luet?

2211 5628 2401 5708 auom,
2437 5643 2788 5715 διακυϐερνᾷ,
2813 5628 2911 5715 alii
2942 5655 3060 5694 cum
3107 5637 3266 5715 editis
3298 5634 3580 5715 xuﬁspvéi.‘
3612 5628 3787 5715 Paulo

2210 5727 2331 5781 post
2367 5703 2463 5781 pro
2502 5703 3003 5783 δοκῇ,’ῧὸωοι’ὶθιι.
3040 5718 3092 5763 et
3125 5705 3361 5762 Fclckui.
3410 5703 3446 5756 1⁷
3469 5715 3524 5759 ct
3551 5703 3582 5756 Ξ).
3609 5713 3785 5753 anon.

2209 5784 2357 5838 δοκεῖ
2388 5783 2606 5838 habent.
