4010 6506
467 389 540 445 83

1056 386 1113 442 S.
1155 384 1528 443 ATHANASII
1568 387 1718 443 OPP.
1760 388 1940 444 PARS
1976 390 2015 444 l.

2164 385 2536 467 HlSTORlCA
2574 386 2661 442 ΕΤ
2706 383 3101 441 DOGMATICA
3113 425 3128 439 .

3643 386 3712 441 84

470 515 637 562 tatem
687 517 941 561 exercere
980 507 1170 575 possit.
1218 505 1357 563 Hinc
1387 520 1519 577 ergo
1545 521 1667 561 cum
1705 520 1793 562 res
1839 520 2031 563 omnes

2155 506 2338 569 τάντας
2362 501 2499 558 εἶναι
2530 503 2797 574 βούλεται,
2828 504 2915 557 ἴνα
2946 504 3039 556 καὶ
3063 503 3605 575 φιλανθρωπεύεσθαι
3626 503 3712 558 δύο

471 606 682 652 crcatas
726 613 823 663 pro
853 612 951 653 sua
1002 598 1312 653 conditione
1353 598 1528 651 ﬂuxas
1558 597 1768 652 videret
1810 610 1932 652 esse
1978 606 2034 653 et

467 688 830 755 dissolubiles,
868 704 938 745 ne
977 689 1025 743 id
1068 690 1356 757 accideret,
1392 690 1696 756 iterumque
1720 689 1771 743 in
1810 688 2033 743 nihilum

468 781 673 835 rediret
690 780 947 846 mundus,
985 780 1072 835 ille
1098 782 1190 851 qui
1226 795 1322 835 suo
1350 788 1406 834 et
1427 788 1632 835 aeterno
1656 775 1832 834 Verbo
1851 778 2038 833 omnia

468 868 620 937 fecit,
644 878 699 925 et
721 872 882 926 rebus
909 870 1107 925 creatis
1126 879 1373 925 naturam
1401 869 1571 936 dedit,
1592 884 1686 925 eas
1712 880 1900 938 suapte
1936 886 2037 924 na-

472 970 593 1015 tura
619 960 748 1016 l'erri
776 970 830 1015 et
853 961 1044 1031 agitari
1078 962 1257 1016 sinere
1284 961 1476 1027 noluit,
1528 976 1593 1015 ne
1620 960 1758 1015 forte
1805 963 1858 1015 in
1886 960 2027 1015 nihi-

468 1048 581 1103 lum
614 1058 1011 1104 reverterentur
1048 1068 1061 1104 :
1092 1050 1185 1105 sed
1236 1058 1293 1103 ut
1333 1051 1503 1105 bonus
1532 1065 1630 1104 suo
1681 1049 1872 1114 Verbo,
1897 1051 2038 1119 quod

470 1140 647 1210 ipsum
676 1156 891 1210 quoque
929 1143 1069 1196 Deus
1090 1149 1194 1204 est,
1221 1141 1528 1196 universam
1556 1152 1803 1196 naturam
1837 1143 2036 1212 guber-

469 1240 586 1296 nat,
633 1242 687 1286 et
742 1241 1028 1297 sustentat,
1068 1242 1128 1286 ut
1186 1233 1347 1288 Verbi
1390 1233 1557 1287 ductu
1596 1233 2040 1303 providentiaque

468 1331 525 1381 et
565 1322 1042 1377 administratione
1095 1323 1417 1390 illuminata,
1467 1324 1619 1377 llrma
1655 1325 1953 1381 consistere
1987 1335 2041 1379 et

470 1427 689 1467 manere
713 1413 897 1479 possit,
930 1416 1125 1484 quippe
1164 1429 1283 1482 qua:
1312 1414 1472 1469 Verbi
1500 1414 1701 1479 Patris,
1737 1415 1879 1484 quod
1915 1430 2041 1470 vere

468 1511 573 1564 est,
606 1504 698 1557 liat
727 1505 842 1573 ipsa
876 1506 1170 1575 particeps,
1191 1504 1334 1559 etab
1356 1520 1419 1559 eo
1450 1514 1508 1559 ut
1543 1506 1612 1559 sit
1637 1506 1936 1575 adjuvetur,
1976 1522 2042 1561 ne

469 1593 682 1648 scilicet
714 1610 832 1650 esse
860 1598 1099 1659 desinat,
1120 1597 1263 1666 quod
1290 1596 1474 1663 utique
1500 1596 1672 1661 fieret,
1722 1597 1828 1665 33
1872 1596 1974 1650 nisi
2010 1612 2039 1650 a

471 1685 650 1740 Verbo
679 1696 1117 1752 conservaretur,
1148 1688 1292 1757 quod
1322 1688 1495 1757 ipsum
1528 1696 1602 1739 est
1635 1688 1805 1757 imago
1836 1688 1929 1741 Dei
1962 1689 2043 1740 iu-

471 1778 712 1842 visibilis,
752 1781 1129 1849 primogenitae
1179 1780 1347 1833 omnis
1386 1788 1644 1833 creatura:
1677 1780 1720 1809 ’ί
1746 1796 1761 1832 :
1787 1781 2039 1848 quoniam

2136 615 2313 668 νηται.
2360 596 2541 668 Ὁρῶν
2590 590 2683 649 οὖν
2725 594 2823 666 τὴν
2864 594 3098 665 γενητὴν
3132 598 3311 649 πᾶσαν
3362 596 3563 664 φύσιν,
3596 597 3711 650 ὅσον

2136 688 2275 741 κατὰ
2300 689 2426 751 τοὺς
2470 687 2631 750 ἰδίους
2679 687 2848 756 αὐτῆς
2894 686 3113 754 λόγους,
3148 686 3378 758 ῥευστὴν
3410 682 3578 741 οὖσαν
3625 687 3713 741 καὶ

2135 778 2491 850 διαλυομένην
2512 794 2524 807 ⁸
2555 779 2641 831 ἵνα
2664 778 2737 848 μὴ
2767 777 2924 831 τοῦτο
2949 778 3114 851 πάθῃ,
3146 766 3249 831 καῖ
3268 778 3428 831 πάλιν
3452 779 3534 841 είς
3557 776 3715 851 τδήμὴ
3752 808 3753 811 η

2138 870 2274 925 εἶναι
2304 870 2543 942 ἁναλυθῇ
2573 871 2633 923 τὸ
2651 870 2789 936 ὅλον,
2818 869 3004 923 τούτου
3051 869 3237 923 ἓνεκεν
3280 868 3358 939 τῷ
3391 868 3591 923 ἑαυτοῦ
3627 870 3718 922 καὶ

2139 964 2293 1034 ἀϊδίῳ
2324 963 2483 1033 Λόγῳ
2528 964 2758 1034 ποιήσας
2813 962 2883 1014 τὰ
2926 963 3132 1024 πάντα,
3184 962 3278 1015 κα)⁵
3323 960 3596 1024 ούσιώσας
3626 960 3721 1031 τὴν

2140 1055 2334 1117 κτίσιν,
2365 1055 2465 1107 οὐκ
2484 1054 2694 1123 ἀφῆκεν
2716 1052 2883 1123 αὐτὴν
2921 1055 2987 1123 τῇ
3016 1052 3213 1122 ἑαυτῆς
3248 1051 3407 1120 φύσει
3463 1050 3722 1123 φέρεσθαι

2140 1147 2235 1199 κα)⁹
2263 1144 2637 1216 χειμάζεσθαι,
2675 1145 2762 1197 ἴνα
2798 1144 2872 1215 μὴ
2899 1142 3219 1215 κινδυνεύσῃ
3245 1143 3408 1197 πάλιν
3436 1146 3518 1206 είς
3554 1142 3617 1194 τὸ
3650 1142 3725 1212 μὴ

2140 1232 2277 1291 εἶναι
2304 1255 2317 1267 ·
2348 1236 2460 1289 ἀλλ’
2487 1236 2562 1299 ὡς
2588 1234 2789 1304 ἀγαθὸς
2833 1234 2943 1305 (75)
2974 1233 3051 1303 τῷ
3083 1234 3278 1288 ἑαυτοῦ
3312 1235 3473 1305 Λόγῳ
3510 1234 3606 1286 καὶ
3627 1234 3724 1285 αὐ-

2141 1328 2219 1397 τῷ
2243 1327 2355 1380 ὄντι
2388 1326 2507 1397 Θεῷ
2538 1325 2634 1395 τὴν
2670 1325 2962 1394 σύμπασαν
2992 1324 3321 1394 διακυϐερνᾷ
3351 1326 3445 1376 κα)¹
3473 1322 3727 1392 καθίστη-

2144 1435 2245 1477 σιν,
2283 1417 2388 1479 ἴνα,
2424 1419 2489 1486 τῇ
2539 1415 2631 1467 τοῦ
2680 1415 2857 1481 Λόγου
2907 1416 3172 1484 ἡγεμονίᾳ
3223 1416 3316 1467 καὶ
3353 1412 3585 1485 προνοίᾳ
3635 1414 3727 1466 καὶ

2141 1506 2498 1575 διακοσμήσει
2552 1503 2892 1573 φωτιζομένη
2944 1507 2977 1574 ἡ
3040 1504 3234 1567 κτίσις,
3267 1504 3502 1574 βεϐαίως
3540 1502 3730 1572 διαμέο

2142 1614 2252 1648 νειν
2289 1595 2520 1666 δυνηθῇ,
2574 1596 2668 1648 ἆτε
2716 1595 2778 1665 δὴ
2842 1594 2935 1647 τοῦ
2994 1593 3160 1658 ὅντως
3208 1594 3359 1656 ὄντος
3404 1596 3467 1645 ὲκ
3516 1592 3728 1662 Πατρός

2144 1688 2317 1755 Λόγου
2366 1686 2849 1757 μεταλαμϐάνουσα
2900 1686 2994 1739 καὶ
3058 1684 3393 1755 βοηθουμένη
3442 1684 3510 1736 δι’
3564 1680 3728 1736 αὑτοῦ

2147 1779 2224 1840 είς
2282 1777 2341 1830 τὸ
2394 1774 2563 1831 εἶναι·
2618 1777 2694 1847 μὴ
2750 1777 2856 1847 ἄρα
2917 1776 3065 1848 πάθῃ
3122 1776 3257 1845 ὅπερ
3315 1774 3425 1843 (76)
3484 1772 3551 1825 ἂν
3601 1772 3733 1825 ἑπα-

473 1882 570 1937 pcr
599 1868 769 1938 ipsum
792 1879 846 1923 et
883 1870 935 1923 in
965 1870 1079 1938 ipso
1113 1872 1420 1925 consistunt
1458 1870 1640 1925 omnia
1682 1885 1801 1924 cum
1828 1884 1893 1923 ea
1920 1886 2039 1938 qua:

2155 1870 2265 1931 )sv,
2307 1871 2353 1921 εί
2398 1868 2472 1940 μὴ
2518 1869 2548 1919 ό
2594 1870 2763 1937 Λόγος
2816 1869 2985 1939 αὐτὴν
3033 1870 3235 1938 ὲτήρει,
3285 1866 3431 1933 λέγω
3468 1864 3533 1935 δὴ
3567 1864 3629 1916 τὸ
3659 1863 3732 1934 μὴ

473 1959 748 2025 videntur,
780 1969 889 2014 tum
926 1975 1043 2030 qua:
1076 1977 1177 2017 non
1216 1961 1489 2029 videntur,
1538 1962 1786 2030 idemque
1819 1971 1904 2017 est
1940 1976 2038 2016 ca-

473 2060 569 2121 put
595 2052 870 2118 Ecclesize,
896 2063 955 2108 ut
981 2055 1034 2108 in
1069 2054 1270 2109 sanctis
1294 2054 1491 2110 litteris
1522 2055 1767 2110 veritatis
1797 2054 2040 2109 ministri

473 2142 670 2198 docent
700 2145 766 2197 “.

2144 1956 2302 2025 εἶναι,
2339 1960 2406 2025 ὅς
2429 1960 2599 2013 ἐστιν
2629 1960 2803 2012 εἰκὼν
2830 1959 2935 2012 τοῦ
2970 1959 3116 2012 Θεοῦ
3148 1958 3255 2011 τοῦ
3281 1955 3561 2025 ἀοράτου,
3582 1971 3735 2022 πρω-

2150 2053 2395 2116 τότοκος
2421 2049 2624 2118 πάσης
2656 2051 2905 2115 κτίσεως
2929 2066 2942 2079 ·
2974 2050 3054 2101 ὅτι
3078 2050 3144 2102 δι’
3181 2047 3343 2101 αὑτοῦ
3371 2047 3466 2100 καὶ
3495 2048 3555 2099 ὲν
3587 2043 3735 2114 αὑτῷ

2156 2144 2452 2213 συνέστηκε
2483 2142 2551 2195 τὰ
2598 2142 2773 2195 πάντα
2805 2142 2873 2194 τά
2912 2159 2971 2193 τε
3022 2139 3191 2212 ὁρατὰ
3235 2141 3330 2193 καὶ
3376 2140 3446 2191 τὰ
3498 2138 3732 2207 ἀόρατα,

471 2238 565 2292 καὶ
593 2239 752 2302 αὑτός
775 2240 922 2292 ὲστιν
947 2241 979 2309 ἡ
1004 2240 1213 2311 κεφαλὴ
1230 2241 1328 2312 τῆς
1343 2240 1692 2311 Ἑκκλησίας,
1716 2240 1791 2303 ὡς
1822 2240 1937 2312 (77)
1975 2240 2074 2309 τῆς
2098 2238 2353 2309 ἀληθείας
2380 2236 2614 2289 διάκονοι
2641 2234 2983 2287 διδάσκουσιν
3007 2236 3063 2286 ὲν
3087 2235 3259 2302 ἁγίοις
3284 2232 3635 2304 γράμμασιν.

542 2332 630 2387 42,
676 2333 787 2389 Hoc
815 2349 943 2403 ergo
972 2334 1315 2403 omnipotens
1354 2345 1407 2389 et
1440 2336 1841 2389 sanctissimum
1868 2336 2042 2389 Patris

475 2424 709 2479 Verbum
736 2440 821 2480 res
843 2429 1124 2480 universas
1157 2425 1475 2494 pervadens,
1507 2442 1570 2481 ac
1604 2442 1730 2480 suas
1756 2427 1897 2481 vires
1926 2426 2045 2481 ubi-

472 2529 580 2583 que
610 2515 908 2585 explicans,
936 2516 1225 2583 omniaque
1249 2516 1477 2570 visibilia
1512 2526 1568 2571 et
1597 2516 1883 2571 invisibilia
1926 2516 2046 2570 illu-

474 2607 707 2671 minans,
746 2621 810 2660 ea
840 2607 893 2660 in
922 2607 1100 2675 seipso
1128 2606 1367 2661 continet
1402 2615 1458 2660 et
1488 2608 1832 2678 constringit,
1861 2608 1933 2661 ita
1988 2616 2045 2662 ut

474 2696 608 2752 nihil
651 2712 749 2752 sua
796 2698 1031 2765 potentia
1082 2711 1308 2750 vacuum
1346 2698 1635 2767 relinquat,
1676 2701 1768 2754 sed
1797 2700 2047 2755 omnibus

476 2797 533 2843 et
559 2803 656 2858 per
687 2790 891 2855 omnia,
934 2790 1264 2860 singulisque
1308 2791 1611 2858 speciatim,
1652 2799 1706 2845 et
1747 2793 2044 2860 generatim

474 2880 686 2935 cunctis
706 2880 871 2935 simul
914 2881 1078 2935 vitam
1107 2882 1448 2947 impertiatur
1493 2891 1548 2937 et
1574 2892 1878 2937 conservet.
1911 2882 2047 2939 Hinc

474 2978 685 3025 naturae
732 2986 1006 3041 corporeae
1058 2973 1344 3043 principia,
1388 2988 1509 3043 qua
1560 2984 1687 3029 sunt
1715 2973 1943 3029 calidum
1993 2982 2048 3028 et

2215 2332 2302 2385 4‘2.
2345 2331 2516 2393 Αὐτὸς
2564 2329 2693 2397 γοῦν
2748 2331 2776 2382 ὁ
2826 2330 3229 2399 παντοδύναμος
3268 2328 3363 2382 καὶ
3418 2326 3734 2388 παντέλειος

2147 2425 2300 2493 ἅγιος
2350 2425 2377 2477 ὁ
2422 2421 2515 2476 τοῦ
2552 2422 2763 2495 Πατρὸς
2810 2423 3015 2490 Λόγος,
3064 2421 3258 2485 ἐπιϐὰς
3288 2423 3401 2483 τοῖς
3454 2422 3591 2473 πᾶσι
3643 2418 3734 2471 καὶ

2148 2516 2422 2587 πανταχοῦ
2448 2516 2546 2579 τὰς
2575 2515 2768 2569 ἑαυτοῦ
2801 2514 3059 2585 δυνάμεις
3097 2514 3447 2583 ὲφαπλώσας,
3484 2513 3581 2566 καὶ
3619 2530 3734 2580 φωσ-

2145 2611 2334 2675 τίσας,
2377 2610 2446 2664 τά
2489 2626 2547 2663 τε
2599 2608 2897 2678 φαινόμενα
2928 2607 3022 2660 κα).
3062 2606 3131 2659 τά
3164 2607 3370 2677 ἀόρατα
3404 2607 3586 2659 πάντα
3607 2643 3621 2667 ,
3657 2605 3733 2667 είς

2147 2701 2337 2756 ἑαυτὸν
2375 2700 2585 2770 συνέχει
2638 2700 2733 2753 καὶ
2789 2698 3101 2767 συσφίγγει,
3156 2699 3320 2769 μηδὲν
3369 2697 3580 2768 ἔρημον
3634 2694 3734 2766 τῆς

2146 2793 2343 2847 ἑαυτοῦ
2373 2793 2653 2864 δυνάμεως
2683 2778 3077 2854 ἀπολελοιπὼς,
3121 2791 3253 2844 ἀλλὰ
3289 2790 3472 2843 πάντα
3508 2790 3604 2843 καὶ
3645 2787 3736 2842 διὰ

2147 2886 2383 2949 πάντων,
2417 2886 2512 2939 κα).
2550 2886 2776 2937 ἕκαστον
2818 2884 2945 2955 ίδίᾳ,
2982 2885 3077 2937 καὶ
3118 2882 3332 2953 ἀθρόως
3361 2880 3499 2951 ὁμοῦ
3538 2882 3609 2933 τὰ
3640 2881 3734 2935 ὅλα

2150 2978 2428 3041 ζωοποιών
2472 2978 2568 3031 καὶ
2612 2978 3020 3046 διαφυλάττων
3057 2976 3155 3039 τάς
3204 2991 3266 3027 τε
3322 2974 3501 3044 ἀρχάς
3554 2974 3737 3043 πάσης

475 3062 750 3134 frigidum,
802 3065 1081 3120 humidum
1135 3075 1188 3121 et
1233 3067 1433 3121 siccum
1489 3066 1838 3128 elementum,
1890 3064 2048 3121 simul

2155 3070 2415 3141 αἰσθητῆς
2456 3069 2667 3135 οὐσίας,
2714 3071 2877 3140 αἵπερ
2912 3068 3022 3122 eici.
3054 3066 3231 3140 θερμὴ
3275 3067 3371 3120 καὶ
3409 3066 3597 3137 ψυχρὰ
3643 3067 3740 3118 καὶ

474 3154 812 3221 commiscet,
849 3168 948 3209 nec
982 3155 1125 3209 inter
1174 3169 1233 3210 se
1275 3155 1537 3210 dissidere
1577 3155 1727 3218 sinit,
1758 3152 1853 3207 sed
1886 3168 2047 3207 unam

472 3254 527 3297 et
558 3258 852 3299 consonam
894 3245 1232 3300 harmoniam
1287 3246 1432 3317 cogit
1473 3244 1705 3300 ellicere.
1737 3244 1841 3298 Per
1876 3244 2049 3313 ipsum

472 3335 692 3405 ejusque
715 3339 965 3393 virtutem
993 3352 1169 3406 neque
1196 3337 1333 3407 ignis
1355 3352 1475 3392 cum
1500 3336 1698 3406 frigore
1717 3345 1937 3407 pugnat,
1956 3350 2052 3391 ne-

472 3441 578 3495 que
629 3427 907 3481 humidum
938 3428 1261 3481 elementum
1295 3441 1418 3481 cum
1450 3428 1595 3480 sicco
1637 3441 1651 3477 :
1687 3427 1781 3479 sed
1811 3439 1898 3479 res
1927 3425 2051 3490 illaz,

473 3531 594 3585 qua:
622 3531 715 3585 per
744 3516 952 3587 seipsas
981 3526 1109 3569 sunt
1139 3514 1447 3579 contrariae,
1486 3513 1640 3583 quasi
1672 3514 1859 3568 amica:
1880 3521 1937 3569 et
1962 3528 2055 3569 co-

474 3618 686 3676 gnatm,
729 3621 835 3660 una
883 3606 1149 3671 coeundo,
1200 3606 1360 3660 rebus
1410 3604 1829 3672 aspectabilihus
1882 3604 2053 3660 vitam

477 3700 741 3762 tribuunt,
779 3708 833 3753 et
854 3698 1171 3766 corporibus
1202 3712 1385 3752 causae
1412 3706 1541 3752 sunt
1568 3697 1883 3752 exsistendi.
1918 3698 2054 3755 Huic

476 3785 649 3839 eidem
687 3784 796 3839 Deo
846 3784 1025 3840 Verbo
1051 3784 1490 3851 obtemperantes
1514 3800 1605 3840 res
1640 3795 1868 3841 terrenae
1891 3788 2053 3842 vitam

479 3869 699 3934 habent,
753 3880 808 3925 et
842 3868 1092 3924 ccelestes
1146 3868 1470 3921 consistunt.
1528 3867 1778 3936 Ejusdem
1830 3870 2055 3939 imperio

482 3976 635 4016 mare
676 3962 1362 4033 univcrsunimagnusqne
1400 3974 1637 4015 oceanus
1684 3963 1917 4031 propriis
1943 3973 2053 4018 ter-

478 4053 640 4107 minis
681 4067 807 4107 suos
846 4060 1022 4107 motus
1050 4061 1285 4117 coercet,
1333 4058 1387 4106 et
1424 4061 1567 4107 terra
1607 4062 1714 4107 tota
1751 4055 1935 4109 herbis
1977 4056 2056 4109 di-

478 4144 759 4213 versisque
796 4142 1015 4212 plautis,
1064 4151 1125 4198 ut
1148 4144 1261 4212 jam
1292 4143 1422 4209 dixi,
1452 4154 1765 4199 exornatur.
1816 4138 2057 4217 Denique

479 4244 539 4290 ut
571 4249 676 4289 non
706 4234 763 4287 in
785 4249 842 4288 re
864 4233 1145 4289 manifesta
1170 4234 1394 4304 singulis
1413 4237 1758 4291 recensendis
1786 4237 2052 4307 insistam,

480 4321 613 4376 nihil
643 4332 723 4376 est
743 4338 923 4377 rerum
954 4323 1192 4378 omnium
1224 4339 1342 4392 qua:
1372 4335 1566 4379 suntet
1591 4325 1744 4393 ﬁunt,
1778 4330 1918 4397 quod
1948 4346 2054 4384 non

480 4411 532 4466 in
567 4413 679 4483 ipso
728 4426 781 4469 et
831 4431 927 4484 per
965 4415 1139 4486 ipsum
1185 4415 1390 4472 factum
1435 4418 1503 4472 sit
1543 4428 1597 4472 et
1642 4422 1924 4487 consistat,
1972 4414 2130 4477 util)

480 4503 641 4557 etiam
670 4504 751 4558 vir
786 4505 1058 4575 theologus
1124 4506 1209 4562 his
1240 4508 1419 4564 verbis
1459 4510 1615 4566 docet
1653 4510 1763 4565 ειη
1790 4513 2051 4579 principio

481 4607 591 4649 erat
634 4596 877 4663 Verbum,
909 4609 955 4651 et
1008 4598 1234 4653 Verbum
1261 4610 1373 4654 erat
1414 4604 1555 4669 apud
1584 4603 1769 4667 Deum,
1822 4616 1869 4657 et
1914 4604 2051 4660 Deus

478 4696 587 4739 erat
632 4686 874 4743 Verbum.
911 4688 1103 4745 Omnia
1151 4708 1241 4758 per
1271 4693 1439 4762 ipsum
1488 4694 1630 4763 facta
1664 4704 1810 4762 sunt,
1831 4706 1876 4748 et
1931 4699 2044 4750 sine

479 4778 589 4844 ipso
610 4780 805 4848 factum
830 4793 903 4835 est
928 4784 1135 4837 nihil”.
1162 4784 1622 4849 Quemadmodum
1644 4787 1787 4841 enim
1810 4788 2049 4842 musicus

481 4870 597 4939 lyra
619 4876 685 4926 ad
715 4885 1032 4929 concentum
1060 4880 1482 4943 accommodata,
1518 4881 1881 4949 gravibusque
1927 4896 2049 4934 cum

548 4989 592 5021 ¹¹
621 4988 828 5044 Coloss.
866 5006 905 5053 ι,
940 4990 1024 5044 15.
1101 4994 1146 5023 ³³
1177 4993 1304 5049 ibid.
1340 4994 1520 5049 l6-18.
1599 4994 1644 5027 ”
1673 4994 1829 5048 Joan.
1872 5010 1908 5058 ι,
1944 4995 1994 5060 Ι,
2030 4995 2085 5048 5.

550 5100 675 5178 (75)_
692 5100 796 5178 Pro
825 5102 901 5178 (υς
922 5102 1159 5178 Δάγαθός,
1183 5104 1364 5159 Felck.
1392 5106 1422 5158 Ξ
1454 5121 1540 5178 an.
1566 5104 1730 5158 habet
1754 5105 1829 5178 ᾡς
1858 5105 1914 5171 ἐξ
1948 5106 2047 5178 ἁρ-

480 5172 579 5244 χῆς
609 5172 690 5248 τῷ
716 5171 1081 5248 αὑτοῦΑΛόγῳ.
1122 5175 1199 5248 Et_
1232 5175 1701 5248 tnox.ot3ttr:a=ratv
1748 5171 2047 5248 διακοσμή-

480 5241 579 5315 δας
605 5242 778 5315 κτίσιν
807 5241 1147 5315 καθίστησινῙ
1166 5246 1226 5298 Et
1255 5261 1351 5313 pro
1380 5241 1735 5315 διακοσμήσει
1756 5260 1869 5313 seq.
1906 5241 2045 5299 idem

482 5312 1096 5384 ltaltetotaxuSspvﬁost.
1132 5313 1208 5367 Id.
1248 5312 1409 5381 paulo
1438 5324 1554 5383 post
1576 5312 1676 5382 pro
1716 5316 1810 5369 ἆτε
1838 5312 1909 5384 δή
1949 5316 2045 5368 ha-

481 5382 742 5455 ὺθιᾷούτω
762 5382 875 5455 καί,
896 5382 968 5437 et
997 5400 1107 5455 pro,
1127 5383 1319 5455 βοήθου
1330 5382 1487 5454 μένὴ,
1520 5386 1845 5455 παρηγμένη
1857 5425 1869 5437 .

552 5452 675 5525 (76)Δ
696 5454 794 5525 "Av
828 5454 979 5525 abest
1012 5469 1041 5505 a
1072 5452 1253 5508 Felck.
1282 5452 1426 5510 5an.
1456 5452 1620 5507 Paulo
1660 5452 1782 5521 pust
1818 5452 2041 5525 Seguer.

480 5522 797 5594 nuntiatam
826 5524 970 5594 addit
999 5524 1128 5594 γάρ.
1188 5592 1217 5594 _
1298 5592 1325 5594 Α
1397 5592 1416 5594 μ
1507 5559 1568 5594 γ.

552 5590 661 5661 (Ti)
696 5590 799 5645 Pro
819 5591 895 5653 ὡς
935 5590 1159 5661 Seguer.
1188 5592 1349 5647 Basil.
1382 5592 1601 5647 Gobler.
1638 5604 1693 5648 et
1724 5591 1960 5646 Felckm.
1991 5594 2044 5658 1,

481 5658 515 5735 ξ]
545 5659 827 5735 ριξίιηοη.
852 5661 900 5711 oi
939 5658 1180 5735 habent:
1216 5662 1529 5735 Anglic.,_i),
1563 5663 1690 5717 etin
1724 5662 2047 5735 marg.fo_rte

482 5728 573 5805 ᾖν,
612 5727 949 5805 interpretes
995 5731 1081 5805 ᾡς
1131 5727 1391 5805 legerunt.
1456 5727 1584 5790 ibid.
1642 5748 1739 5805 pro
1788 5727 2045 5802 ἀληθείας

489 5764 570 5812 ια’..
632 5764 949 5811 ιιι-μζνιυιυσ
995 5764 1067 5792 ω,
1132 5764 1391 5798 ιυδωιιιιι.
1458 5764 1584 5790 sum.
1643 5764 1739 5805 μιν

486 5795 715 5849 l‘elcktn.
744 5815 775 5849 ο
810 5813 991 5864 auom,
1029 5799 1369 5868 Ἐκκλησίας.
1756 5840 1759 5843 -

2153 3164 2293 3236 ὑγρὰ
2331 3163 2424 3216 καὶ
2459 3162 2598 3234 ξηρά
2640 3164 2720 3225 είς
2763 3162 2821 3214 ἓν
2854 3160 3301 3232 συγκεραννύων,
3347 3162 3492 3211 ποιεῖ
3521 3159 3596 3229 μὴ
3641 3160 3735 3212 ἀν-

2151 3255 2441 3317 τιστατείν,
2478 3252 2611 3305 ἀλλὰ
2641 3240 2769 3321 μίαν
2802 3253 2897 3305 κα).
2926 3252 3215 3322 σύμφωνον
3250 3250 3536 3305 ἀποτελεῖν
3566 3251 3737 3321 ἁρμο-

2152 3345 2291 3398 νίαν.
2326 3346 2403 3396 Δι’
2433 3343 2594 3397 αὑτὸν
2627 3345 2723 3397 κα),
2752 3344 2852 3414 τὴν
2898 3342 3061 3397 αὐτοῦ
3101 3341 3329 3411 δύναμιν
3370 3340 3494 3394 οὕτε
3536 3340 3600 3394 τὸ
3626 3340 3737 3413 πῦρ

2152 3437 2231 3506 τῷ
2255 3435 2447 3507 ψυχρῷ
2475 3436 2728 3505 μάχεται,
2760 3435 2884 3488 οὒτε
2912 3436 2971 3488 τὸ
3003 3435 3170 3505 ὑγρὸν
3201 3432 3279 3503 τῷ
3310 3432 3487 3505 ξηρῷ·
3518 3432 3633 3486 ἀλλ’
3662 3434 3737 3497 ὼς

2155 3526 2283 3595 φίλα
2318 3527 2413 3578 καὶ
2448 3525 2651 3593 ἀδελφὰ
2693 3524 2763 3577 τὰ
2798 3524 2910 3595 (78)
2944 3524 3067 3578 καθ’
3118 3523 3287 3577 ἑαυτὰ
3328 3523 3457 3575 ὄντα
3496 3524 3735 3588 ἐναντία,

2157 3615 2474 3667 συνελθόντα
2506 3614 2641 3684 ὁμοῦ
2662 3654 2677 3677 ,
2707 3613 2775 3667 τά
2811 3631 2870 3667 τε
2919 3613 3219 3685 φαινόμενα
3253 3611 3604 3680 ζωγονοῦσι,
3646 3614 3737 3666 καὶ

2154 3703 2249 3757 τοῦ
2293 3698 2432 3755 εἶναι
2464 3704 2573 3765 τοῖς
2605 3701 2848 3773 σώμασιν
2885 3702 3055 3773 ἀρχαὶ
3088 3700 3327 3769 γίνονται
3363 3702 3496 3771 (79).
3549 3701 3736 3772 Τούτῳ

2156 3791 2231 3861 τῷ
2257 3792 2376 3862 Θεῷ
2396 3792 2555 3862 Λόγῳ
2582 3791 2875 3863 πειθόμενα
2896 3792 2964 3845 τὰ
2994 3792 3093 3862 μὲν
3122 3793 3213 3845 ἐπὶ
3234 3792 3337 3861 γῆς
3362 3789 3732 3860 ζωογονεῖται,

2156 3886 2221 3936 τά
2252 3884 2308 3936 δὲ
2342 3886 2399 3936 ὲν
2432 3886 2545 3946 τοῖς
2586 3884 2835 3953 οὐρανοῖς
2882 3883 3217 3936 συνίσταται.
3267 3883 3376 3936 Καὶ
3408 3883 3499 3935 διὰ
3549 3882 3737 3937 τοῦτον

2157 3970 2397 4025 θάλαττα
2426 3971 2522 4040 μὲν
2561 3972 2708 4024 πᾶσα
2752 3972 2845 4023 καὶ
2886 3972 2915 4023 ό
2966 3971 3141 4041 μέγας
3177 3970 3417 4033 ὠκεανὸς
3448 3972 3598 4042 ὅροις
3628 3973 3736 4033 τοῖς

2161 4062 2311 4124 ίδίοις
2359 4061 2539 4131 ἔχουσι
2580 4062 2677 4132 τὴν
2709 4060 2916 4115 ἑαυτῶν
2950 4061 3192 4133 κίνησιν’
3222 4063 3255 4130 ἡ
3304 4060 3360 4112 δὲ
3406 4059 3550 4132 ξηρὰ
3589 4063 3753 4115 πᾶσαι

2158 4153 2447 4224 χλοηφορεῖ
2474 4152 2567 4206 καὶ
2600 4154 2745 4223 κομᾷ
2786 4153 3062 4215 παντοίοις
3094 4152 3186 4205 καὶ
3217 4151 3495 4223 διαφόροις
3530 4156 3732 4223 φυτοῖς,

2155 4245 2230 4307 ὡς
2255 4244 2592 4316 προείρηται.
2620 4244 2733 4297 Καὶ
2764 4244 2853 4296 ἴνα
2887 4244 2962 4313 μὴ
2991 4244 3053 4295 τὸ
3085 4242 3424 4296 καθέκαστονη
3447 4244 3540 4295 ἐπὶ
3575 4260 3734 4313 φανεο

2162 4335 2578 4408 ροῖς.όνομάζων
2608 4334 2946 4405 ὲνδιατρίὸω,
2975 4334 3127 4387 οὐδέν
3156 4336 3270 4387 ἐστι
3300 4334 3408 4388 τῶν
3448 4335 3620 4388 ὄντων
3647 4336 3735 4389 καί

2156 4428 2471 4497 γινομένων,
2512 4426 2539 4479 ὃ
2588 4427 2660 4499 μὴ
2694 4428 2752 4478 ὲν
2795 4426 2945 4497 αύτῴ
2993 4426 3087 4479 καὶ
3116 4425 3182 4478 δι’
3218 4425 3383 4479 αὑτοῦ
3417 4428 3615 4495 γέγονε
3646 4428 3737 4480 κα)⁸

2155 4517 2404 4588 ἕστηκεν,
2502 4517 2610 4587 (80)
2644 4534 2774 4587 φησι
2794 4517 2887 4569 κα).
2911 4519 2938 4569 ὁ
2961 4516 3206 4585 θεολόγος
3234 4517 3375 4588 ἀνήρ
3394 4535 3406 4548 ·
3448 4519 3554 4571 Ἐν
3583 4518 3737 4587 ἀρχῇ

2154 4605 2235 4678 ἦν
2272 4612 2304 4662 ὁ
2340 4609 2548 4678 Λόγος,
2584 4609 2680 4661 καὶ
2722 4612 2753 4662 ὀ
2792 4610 2981 4680 Λόγος
3004 4606 3083 4680 ἦν
3111 4609 3261 4677 πρὸς
3290 4610 3397 4662 τὸν
3428 4610 3598 4675 Θεὸν,
3642 4611 3736 4664 καὶ

2157 4700 2299 4766 Θεὸς
2336 4697 2413 4769 ἦν
2449 4704 2481 4754 ό
2515 4702 2723 4769 Λόγος.
2761 4701 2964 4755 Πάντα
3007 4702 3081 4755 δι’
3117 4702 3304 4755 αὑτοῦ
3335 4702 3598 4770 ἐγένετο,
3643 4702 3735 4756 καὶ

2156 4790 2335 4857 χωρὶς
2365 4791 2549 4844 αὑτοῦ
2573 4788 2807 4858 ἐγένετο
2839 4790 2981 4843 οὐδὲ
3003 4791 3073 4843 ἓν
3100 4786 3390 4861 (81).Ὀῖον
3420 4790 3529 4861 γὰρ
3558 4792 3736 4854 εἴτις,

2156 4882 2321 4955 λύραν
2352 4885 2608 4953 μουσικὸς
2626 4883 3009 4955 ἁρμοσάμενος
3029 4882 3213 4950 καὶιτὰ
3237 4882 3408 4937 ϐαρέα
3432 4887 3547 4947 τοῖς
3573 4884 3739 4953 ὀξέσι,

2226 5106 2337 5175 (78)
2360 5104 2441 5158 Τά
2476 5103 2702 5172 chuer.
2733 5102 2936 5175 habet:
2984 5101 3225 5175 alii_cum
3252 5099 3414 5175 editis
3452 5099 3732 5175 omittunt;

2155 5167 2296 5230 Idem
2316 5167 2474 5243 paulo
2494 5167 2614 5241 po'st
2640 5183 2691 5226 et
2720 5172 2938 5227 Gobler.
2963 5186 3026 5225 ac
3066 5170 3245 5243 Felck.
3278 5171 3325 5243 l_
3344 5184 3511 5223 anon.
3537 5167 3739 5236 ζωογο-

2154 5241 2564 5309 νοῦσιίιιώθιικ
2598 5243 2826 5296 aliicum
2857 5243 3037 5305 editis,
3066 5241 3342 5308 ζωογονεῖ.

2226 5306 2671 5387 (79)-Α1Ϊςι-ηἱεμιο
2732 5312 2824 5387 κᾼαί
2873 5327 2992 5379 qua:
3054 5326 3158 5387 non
3190 5306 3289 5387 est
3339 5309 3395 5361 in
3454 5306 3590 5387 seg._
3630 5307 3739 5387 Go-

2154 5379 2289 5439 bler.
2322 5379 2525 5455 'Felck.
2556 5383 2603 5455 _i
2649 5393 2701 5436 et
2728 5382 2785 5455 _2
2822 5398 3005 5455 auom,
3068 5381 3119 5433 in
3174 5379 3294 5435 aliis
3344 5387 3429 5455 et.
3458 5379 3624 5431 editis
3654 5379 3736 5455 hic

2153 5456 2368 5525 legitur.
2430 5452 2665 5509 Felckm.
2720 5452 2745 5505 1
2806 5462 2861 5506 ct
2900 5452 2935 5504 2
2981 5466 3141 5504 anon.
3192 5463 3291 5518 pro
3339 5446 3551 5516 τούτῳ,
3610 5446 3739 5498 ταῦ-

2150 5542 2217 5578 τα
2253 5527 2431 5579 habet.

2224 5596 2333 5664 (80)
2385 5593 2491 5664 Pro
2579 5590 2799 5664 θυρίον,
2838 5597 2893 5643 et
2938 5586 3173 5664 felckm.
3210 5587 3483 5664 [animati
3518 5585 3732 5664 habent.

2154 5648 2285 5719 lliiil.
2317 5648 2614 5715 lBasil."et
2656 5658 2890 5714 Felckm.
2934 5658 2970 5709 2
3014 5674 3198 5720 anon.,
3244 5655 3522 5724 θεολογίας
3552 5654 3709 5724 ἁνήρ-

2227 5732 2338 5803 (81)
2364 5735 2428 5785 Ὀ
2462 5731 2683 5799 γέγονεν
2716 5730 2803 5783 hic
2832 5726 3229 5783 adtlitFelckut.
3258 5726 3291 5778 5
3328 5741 3487 5778 anon.
