4010 6560
286 480 334 535 ss
1376 461 1638 519 ORATIO
1677 459 1966 525 CONTRA
2006 459 2302 517 GENTES.
3398 470 3469 527 εδ

287 592 351 645 καὶ
375 591 428 642 τὰ
463 588 586 657 μέσα
613 588 722 648 τοῖς
766 584 945 649 ἀλλοις
992 583 1100 656 (82)
1131 585 1197 655 τῇ
1227 582 1396 654 τέχνῃ
1440 579 1771 649 συναγαγὼν

1895 579 2091 644 acutis,
2143 588 2198 634 et
2249 577 2441 635 mediis
2475 593 2597 634 cum
2621 579 2741 638 aliis
2770 590 2889 640 arte
2932 585 3262 656 temperatis,
3297 602 3464 644 unum

285 682 324 734 iv
345 679 390 731 τὸ
419 674 784 744 σημαινόμενον
818 671 977 743 μέλος
1011 670 1299 740 ἀποτελοίη
1341 669 1475 740 (85)⁶
1516 669 1660 722 οὓτω
1692 669 1790 724 καὶ

285 769 396 840 ήτοῦ
423 765 537 820 Θεοῦ
567 764 741 834 σοφία,
774 765 837 818 τὸ
873 764 990 817 ὅλον
1015 764 1090 827 ὡς
1119 762 1288 833 λύραν
1319 761 1554 832 ἐπέχων,
1590 761 1684 813 καὶ
1715 759 1787 813 τᾶ

283 865 323 914 ὲν
344 859 438 928 ἀέρι
465 859 563 919 τοῖς
593 857 681 908 ἐπὶ
712 857 817 926 γῆς
853 853 1204 924 συναγαγὼν,
1239 853 1334 906 καὶ
1367 853 1437 906 τά
1471 853 1529 906 ἐν
1569 851 1788 924 ούρανῷ

283 955 358 1012 τοῖς
389 951 440 1000 ὲν
465 948 590 1017 ἀέρι,
621 947 712 999 καὶ
750 947 820 999 τὰ
853 946 951 999 ὃλα
976 948 1090 1009 τοῖς
1124 945 1265 998 κατά
1299 945 1464 1018 μέρος
1497 943 1786 998 συνάπτων

284 1042 346 1094 καὶ
375 1039 614 1107 περιάγων
645 1037 717 1106 τῷ
744 1036 942 1090 ἐαυτοῦ
975 1036 1202 1108 νεύματι
1235 1038 1328 1090 καὶ
1361 1035 1661 1108 θελήματι,
1687 1034 1786 1088 ἕνα

281 1132 343 1184 τὸν
363 1131 530 1198 κόσμον
558 1129 646 1180 καὶ
680 1129 812 1199 μίαν
849 1129 949 1200 τὴν
982 1129 1170 1183 τούτου
1212 1128 1366 1195 τάξιν
1397 1129 1651 1183 ἀποτελεῖ
1681 1145 1784 1181 xa-

278 1222 354 1284 λῶς
380 1222 454 1273 καὶ
494 1220 881 1290 ῆρμοσμένως,
935 1221 1095 1285 αὐτὸς
1147 1222 1244 1292 μέν
1289 1221 1547 1292 ἀκίνητος
1607 1219 1784 1290 μένων

281 1312 390 1382 παρὰ.
415 1311 480 1380 τῷ
512 1311 707 1383 Πατρὶ,
744 1312 924 1365 πάντα
951 1311 1006 1364 δὲ
1052 1312 1217 1365 κινῶν
1249 1315 1313 1384 τῇ
1351 1302 1780 1366 ἐαυτοῦσυστά-

279 1405 426 1468 σει,ὡς
449 1404 504 1457 ἄν
533 1405 766 1459 ἕκαστον
809 1405 888 1475 τῷ
929 1405 1122 1458 ἑαυτοῦ
1167 1407 1342 1476 Πατρὶ
1371 1405 1522 1476 δοκῇ.
1557 1405 1630 1457 Τὸ
1673 1403 1782 1475 γὰρ

277 1495 502 1567 παράδοξον
538 1497 697 1550 αὑτοῦ
745 1498 850 1568 τῆς
897 1498 1149 1568 θεότητος
1181 1495 1338 1552 τοῦτό
1372 1500 1540 1562 ἐστιν,
1575 1499 1656 1551 ὅτι
1703 1499 1783 1551 ἐνὶ

273 1589 337 1641 καὶ
454 1588 587 1658 αὐτῷ
619 1589 737 1656 (84)
772 1591 1002 1660 νεύματι
1050 1591 1226 1643 πάντα
1271 1589 1407 1660 ὁμοῦ
1450 1591 1542 1643 καὶ
1571 1591 1673 1644 οὐκ
1718 1593 1783 1644 ἐκ

269 1680 602 1750 διαστημάτων,
650 1681 770 1733 ἀλλ’
802 1682 1014 1754 ἀθρόως
1045 1683 1140 1736 ὅλα
1189 1683 1258 1736 τά
1290 1699 1348 1734 τε
1396 1683 1552 1754 ὀρθὰ,
1589 1683 1683 1736 καὶ
1712 1683 1781 1736 τὰ

269 1771 492 1842 περιφερῆ,
517 1771 578 1824 τὰ
602 1772 741 1838 ἄνω,
779 1773 850 1825 τὰ
882 1773 1020 1843 μέσα
1056 1773 1189 1843 (85),
1212 1773 1281 1824 τὰ
1309 1773 1478 1835 κάτω,
1510 1773 1576 1826 τὰ
1613 1773 1778 1844 ὑγρὰ,

263 1863 310 1914 τὰ
330 1863 494 1935 ψυχρὰ,
527 1865 590 1916 τὰ
633 1864 840 1937 θερμὰ,
877 1866 945 1919 τὰ
971 1865 1291 1935 ,φαινόμενα
1330 1865 1424 1917 καὶ
1463 1865 1530 1918 τά
1570 1865 1778 1933 ἀόρατα

1893 667 2054 724 cilicii
2082 679 2405 724 concentum
2436 686 2452 724 :
2488 673 2560 724 Ita
2591 686 2805 743 quoque
2833 674 2924 729 Dei
2952 674 3227 745 Sapientia
3253 679 3469 733 univer-

1891 779 2010 816 sum
2060 763 2318 817 mundum
2352 763 2516 819 veluti
2559 763 2730 836 lyram
2778 774 2987 833 tenens,
3048 783 3240 838 resque
3289 769 3468 828 aerias

1889 869 2013 908 cum
2069 855 2300 908 terrenis
2345 865 2399 909 et
2450 855 2701 911 caalestes
2753 871 2876 911 cum
2905 857 3071 912 aeriis
3112 859 3462 931 coniungens,

1887 944 2180 1012 omniaque
2209 960 2328 999 cum
2373 945 2596 1016 singulis
2619 956 2972 1014 connectens,
3005 957 3060 1002 et
3087 963 3185 1004 suo
3222 959 3352 1004 nutu
3403 965 3467 1004 ac

1885 1035 2167 1092 voluntate
2215 1035 2646 1102 circumducens,
2685 1054 2851 1093 unum
2892 1041 3148 1095 mundum
3189 1056 3465 1111 unumque

1886 1127 2072 1182 mundi
2103 1127 2348 1182 ordinem
2379 1127 2606 1196 pulchre
2638 1139 2691 1184 et
2721 1131 2988 1186 concinne
3025 1131 3316 1186 admodum
3350 1131 3466 1186 em-

1887 1218 1984 1282 cit,
2031 1217 2316 1287 ipsumque
2371 1218 2584 1274 interim
2645 1221 2738 1275 Dei
2791 1219 3027 1276 Verbum
3066 1225 3204 1291 apud
3249 1223 3465 1280 Patrem

1885 1319 2072 1365 manet
2097 1300 2394 1376 immobile,
2423 1313 2550 1366 dum
2578 1311 2783 1378 omnia,
2811 1312 3131 1383 proutPatri
3153 1315 3325 1367 visum
3357 1313 3470 1369 fue-

1883 1401 1976 1466 rit,
2029 1416 2140 1456 suae
2196 1413 2401 1457 natura:
2451 1403 2753 1457 constantia
2809 1411 3006 1457 movet.
3051 1403 3180 1458 Illud
3224 1403 3368 1458 enim
3411 1403 3467 1458 in

1883 1492 2000 1561 ejus
2031 1495 2318 1550 divinitate
2365 1495 2685 1550 admirabile
2717 1505 2820 1561 est,
2850 1497 2990 1565 quod
3033 1513 3139 1550 uno
3172 1498 3469 1566 eodemque

1882 1593 2016 1638 nutu
2044 1585 2223 1638 omnia
2249 1583 2432 1650 simul,
2479 1584 2642 1639 nullis
2676 1594 2980 1655 temporum
3015 1586 3338 1651 intervallis,
3369 1588 3467 1642 sed

1881 1675 2084 1742 omnia,
2115 1677 2356 1746 inquam,
2406 1677 2587 1739 simul,
2625 1687 2771 1732 recta
2807 1688 2860 1731 et
2883 1677 3126 1748 globosa,
3159 1663 3466 1744 superiora,
3511 1727 3526 1740 ,

1883 1767 2056 1821 media
2083 1776 2137 1820 et
2165 1767 2370 1832 infima,
2405 1768 2644 1832 humida,
2673 1767 2890 1837 frigida,
2919 1768 3115 1832 calida,
3150 1768 3381 1824 visibilia
3413 1779 3468 1824 et

1884 1857 2174 1913 invisibilia
2197 1859 2593 1924 circumducat,
2625 1868 2680 1913 et
2720 1875 2815 1928 pro
2851 1861 3275 1931 uniuscujusque
3307 1871 3467 1915 natu-

264 1954 448 2023 πριάγει
491 1957 578 2008 καὶ
632 1956 924 2025 διακοσμεῖ
971 1954 1110 2008 κατά
1159 1955 1258 2025 τὴν
1312 1953 1544 2008 ἑκάστου
1592 1954 1771 2023 φύσιν.

1883 1964 1939 2004 ra
1959 1949 2222 2016 gubernet
2245 1958 2297 2004 et
2326 1950 2692 2005 administrat.
2742 1950 2876 2005 Nam
2902 1951 3062 2007 simul
3087 1955 3276 2007 eodem
3320 1953 3466 2008 illius

266 2043 389 2111 ⁸0μοῦ
417 2044 511 2115 γὰρ
536 2045 612 2115 τῷ
643 2045 796 2115 αὐτῷ
828 2046 1058 2116 νεύματι
1082 2044 1269 2109 αὑτοῦ,
1300 2045 1361 2098 τὸ
1387 2045 1486 2116 μὲν
1517 2045 1674 2116 ὀρθὸν
1701 2045 1779 2110 ὡς

255 2133 396 2203 ὀρθὸν,
424 2136 477 2188 τὸ
513 2137 566 2190 δὲ
616 2137 918 2208 περιφερὲς
963 2139 1322 2209 περιάγεται’
1369 2135 1430 2188 τὸ
1475 2137 1532 2189 δὲ
1587 2135 1775 2207 μέσον,

253 2224 306 2288 ὡς
326 2225 434 2286 ἔστι.
462 2231 688 2281 κινεῖται
709 2247 723 2259 θ
751 2229 814 2280 τὸ
839 2227 1040 2299 θερμὸν
1073 2227 1446 2299 θερμαίνεται,
1477 2227 1572 2282 καὶ
1598 2228 1656 2280 τὸ
1685 2226 1779 2298 ξη-

253 2316 316 2384 ρὸν
348 2315 661 2388 ξηραίνεται·
703 2320 804 2372 καὶ
841 2319 910 2373 τά
959 2319 1055 2372 ὅλα
1098 2320 1175 2384 ὡς
1224 2320 1332 2390 ἐχει
1383 2320 1598 2389 φύσεως
1643 2320 1779 2384 ζωο-

250 2408 421 2458 ποιεῖται
453 2410 537 2461 καὶ
581 2407 901 2462 συνίσταται
945 2410 1076 2480 παρ’
1120 2409 1316 2462 αὐτοῦ’
1350 2410 1445 2462 καὶ
1486 2408 1774 2479 θαυμαστή

247 2511 306 2559 τις
330 2498 402 2550 καὶ
436 2499 544 2554 θεία
578 2500 802 2571 ἀληθῶς
842 2499 1078 2572 ἁρμονία
1117 2499 1460 2552 ἀποτελεῖται
1488 2499 1552 2552 δι’
1584 2499 1772 2553 αὑτοῦ.

292 2587 356 2642 45.
403 2592 501 2644 Καὶ
557 2593 648 2645 ἵνα
705 2593 772 2644 ἐκ
839 2590 1284 2662 παραδείγματος
1331 2590 1392 2642 τὸ
1437 2588 1776 2660 τηλικοῦτον

242 2677 404 2750 νπθείη
424 2721 437 2743 ,
465 2681 606 2734 ἔστω
634 2681 697 2734 τὸ
724 2681 1020 2752 λεγόμενον
1047 2681 1122 2744 ὡς
1164 2683 1221 2734 ἐν
1261 2681 1428 2733 εἰκόνι
1471 2679 1634 2751 χοροῦ
1678 2696 1775 2750 με-

238 2769 377 2835 γάλου.
411 2772 488 2836 Ὦς
515 2773 698 2826 τοίνυν
725 2771 821 2825 τοῦ
857 2771 1020 2845 χοροῦ
1052 2772 1383 2835 συνεστῶτος
1409 2773 1473 2825 ἐκ
1501 2772 1772 2842 διαφόρων

237 2861 474 2933 ἀνθρώπων
506 2865 640 2934 (86),
669 2864 900 2928 παίδων,
929 2863 1205 2933 γυναικῶν
1243 2859 1311 2917 αὖ
1348 2866 1443 2917 καὶ
1475 2863 1768 2935 γερόντων,

232 2955 302 3006 καὶ
328 2955 418 3009 τῶν
444 2957 524 3010 ἔτι
565 2957 704 3010 νέων
730 2973 746 2988 ο
776 2956 872 3009 καὶ
896 2957 1013 3020 ἐνὸς
1045 2956 1136 3010 τοῦ
1167 2955 1544 3026 καθηγεμόνος
1571 2954 1772 3025 σημαί-

232 3061 385 3112 νοντος,
415 3049 642 3113 ἕκαστος
693 3048 795 3118 μέν
824 3047 965 3102 κατά
992 3049 1091 3119 τὴν
1125 3046 1298 3117 φύσιν
1325 3046 1520 3099 ἐαυτοῦ
1551 3046 1646 3099 καὶ
1674 3044 1768 3098 δύ-

228 3156 352 3208 ναμιν
379 3145 555 3211 φωνεῖ,
585 3143 615 3194 6
641 3143 743 3212 μέν
773 3141 912 3212 ἀνὴρ
937 3141 1013 3205 ὡς
1041 3140 1200 3211 ἀνὴρ,
1229 3143 1257 3193 6
1278 3141 1333 3194 δὲ
1361 3142 1490 3203 παῖς
1514 3140 1588 3202 ὡς
1617 3140 1765 3201 παῖς,

229 3229 249 3279 6
277 3229 321 3282 δέ
341 3232 505 3304 γέρων
529 3233 604 3296 ὡς
635 3233 841 3304 γέρων,
870 3233 962 3287 καὶ
996 3233 1025 3285 6
1055 3232 1174 3295 νέος
1211 3231 1286 3295 ὡς
1313 3231 1452 3295 νέος,
1488 3231 1687 3294 πάντες
1709 3229 1766 3283 δὲ

228 3320 324 3387 μίαν
344 3287 684 3377 ἀποτελούσίν
708 3287 1017 3394 ’ἁρμονίανο
1043 3322 1076 3393 ἢ
1115 3287 1191 3386 ὡς
1231 3287 1592 3393 ήνκαθίημᾶς
1616 3287 1763 3392 ψιλχῆ
1793 3287 1834 3344 C

224 3411 266 3462 ἐν
297 3413 455 3487 ταὺτῷ
491 3416 589 3480 τάς
629 3417 688 3470 ἐν
729 3417 862 3486 ἡμῖν
897 3414 1179 3486 αἰσθήσεις
1210 3413 1352 3466 κατά
1393 3414 1492 3484 τὴν
1527 3413 1766 3482 ἑκάστης

221 3499 454 3572 ἐνέργειαν
482 3508 642 3572 κινεῖ,
683 3504 828 3558 ὥστε
870 3503 1135 3575 παρόντος
1165 3501 1493 3573 πράγματος
1522 3502 1642 3566 ἐνὸς
1666 3501 1765 3565 τὰς

221 3593 363 3658 πάσας
392 3595 522 3667 όμοῦ
549 3595 842 3660 κινεῖσθαι,
884 3596 981 3648 καὶ
1025 3594 1116 3647 τὸν
1149 3593 1247 3664 μὲν
1288 3593 1567 3663 ὀφθαλμὸν
1605 3595 1762 3664 όρᾷν,

219 3683 362 3754 τὴνδὲ
399 3689 563 3760 ἀκοὴν
597 3687 858 3750 ἀκούειν,
903 3685 1002 3757 τὴν
1034 3686 1091 3739 δέ
1136 3689 1292 3757 χεῖρα
1315 3686 1624 3764 ἀπτεσθαι,
1670 3685 1767 3739 καὶ

220 3775 298 3847 τὴν
352 3779 608 3852 ὖσφρησιν
678 3777 1200 3850 ἀντιλαμϐάνεσθαι,
1263 3779 1356 3831 καὶ
1415 3779 1515 3848 τῆν
1575 3776 1766 3846 γεῦσιν

217 3867 466 3934 γεύεσθαιο
507 3871 772 3936 πολλάκις
809 3872 866 3924 δὲ
915 3873 1010 3925 καὶ
1047 3872 1116 3925 τά
1165 3871 1300 3924 ἀλλα
1341 3872 1478 3942 μέλη
1521 3870 1633 3941 (87)
1668 3870 1764 3948 τοῦ

217 3957 449 4029 σώματος,
475 3963 615 4018 ὥστε
642 3963 741 4016 καὶ
763 3964 889 4026 τοὺς
914 3963 1081 4026 πόδας
1111 3965 1433 4034 περιπατεῖν
1453 3978 1467 3992 ο
1493 3961 1526 4032 ἢ
1553 3961 1641 4015 ἴνα
1670 3960 1766 4014 καὶ

217 4051 352 4124 τρίτῳ
391 4055 791 4127 παραδείγματι
821 4056 884 4108 τὸ
930 4055 1222 4125 λεγόμενον
1263 4053 1537 4125 σημανθῇ,
1589 4053 1766 4107 ἔοικεν

214 4143 586 4219 οίκοδομηθείσῃ
637 4148 876 4218 μάλιστα
928 4147 1138 4218 μεγάλῃ
1186 4146 1370 4210 πόλει,
1422 4147 1517 4200 καὶ
1561 4148 1767 4200 οἰκονο-

219 4240 425 4312 μουμένῃ
461 4243 551 4294 ἐπὶ
583 4241 860 4314 παρουσίᾳ
879 4240 982 4294 ’τοῦ
1013 4241 1107 4293 καί
1136 4240 1341 4310 ταύτην
1371 4239 1766 4310 οἰκοδομήσαν-

214 4341 289 4392 τος
321 4331 559 4401 ἄρχοντος
597 4332 697 4385 καὶ
736 4329 1019 4400 βασιλέως.
1061 4329 1302 4382 Ἐκείνου
1333 4329 1440 4400 γὰρ
1476 4319 1762 4400 παρόντος,

216 4421 293 4472 καὶ
327 4423 768 4493 προστάττοντος,
818 4421 914 4474 xai
955 4421 1090 4493 πρὸς
1135 4421 1310 4474 πάντα
1352 4421 1443 4474 τὸν
1489 4417 1766 4490 ὀφθαλμὸν

214 4509 460 4579 τείνοντος,
484 4517 744 4586 ἑπόμενοι
769 4514 990 4574 πάντες,
1019 4514 1068 4564 οἱ
1100 4513 1198 4582 μὲν
1224 4513 1316 4577 ἐπὶ
1345 4512 1445 4584 τὴν
1468 4503 1763 4584 γεωργίαν,

216 4601 256 4652 οἱ
279 4602 326 4656 δὲ
352 4607 434 4658 ἐπὶ
462 4609 584 4670 τοὺς
619 4607 976 4677 ὑδραγωγοὺς
1008 4605 1390 4677 ὑδρευσόμενοι
1421 4604 1762 4657 σπεύδουσινο

216 4691 348 4758 ἄλλος
382 4697 434 4750 δὲ
464 4697 903 4768 ἐπισιτισάμενος
941 4697 1272 4769 προέρχεται
1293 4717 1305 4727 ο
1350 4699 1445 4750 καὶ
1477 4699 1505 4750 6
1541 4699 1640 4767 μὲν
1673 4696 1767 4749 ἐπὶ

216 4783 299 4852 τὴν
327 4785 500 4861 βουλὴν
532 4790 762 4860 βαδίζει,
796 4790 824 4840 6
851 4789 908 4842 δὲ
940 4790 1032 4841 ἐπὶ
1065 4791 1163 4860 τὴν
1195 4789 1491 4860 ἐκκλησίαν
1521 4789 1764 4860 εἰσέρχε-

221 4891 318 4928 ταιο
339 4882 420 4933 καὶ
452 4884 478 4934 6
517 4884 614 4952 μὲν
649 4881 911 4952 δικαστὴς
943 4882 1034 4934 ἐπὶ
1062 4881 1120 4934 τὸ
1149 4879 1410 4945 δικάζειν,
1450 4882 1478 4933 6
1500 4879 1558 4932 δέ
1583 4882 1766 4951 ἅρχων

217 4968 294 5021 ἐπὶ
323 4973 374 5024 τὸ
416 4973 794 5046 θεσμοθετεῖνο
848 4972 1174 5027 καθίσταται
1222 4975 1278 5026 δὲ
1331 4973 1533 5035 εὐθέως
1580 4976 1608 5027 6
1669 4973 1768 5044 μὲν

222 5061 426 5133 τεχνίτης
455 5065 543 5118 ἐπὶ
567 5066 674 5136 τὴν
715 5063 997 5134 ἐργασίαν,
1031 5063 1058 5114 6
1094 5064 1150 5116 δὲ
1175 5063 1376 5133 ναύτης
1408 5064 1500 5115 ἐπὶ
1537 5063 1634 5135 τὴν
1668 5062 1766 5116 θά-

220 5161 381 5206 Αατταν
413 5157 756 5228 κατέρχεται,
792 5157 820 5208 6
861 5155 1066 5208 τέκτων
1100 5157 1190 5208 ἐπὶ
1227 5154 1288 5208 τὸ
1331 5155 1692 5218 τεκτονεύειν,
1734 5157 1762 5210 6

221 5239 368 5312 ἱατρὺς
402 5247 489 5300 ἐπὶ
525 5247 624 5319 τὴν
651 5245 974 5317 θεραπείαν,
1004 5248 1031 5297 ὁ
1064 5247 1339 5316 οἰκοδόμος
1376 5248 1468 5300 ἐπὶ
1493 5247 1590 5318 τὴν
1618 5251 1764 5302 οἰκο-

217 5327 384 5403 δομήνο
425 5338 515 5390 καὶ¹
554 5338 586 5390 6
630 5324 731 5408 μὲν
773 5339 850 5401 είς
881 5338 974 5390 τὸν
1021 5339 1190 5408 ἀγρὸν
1225 5339 1446 5408 βαδίζει,
1487 5342 1515 5392 6
1551 5341 1607 5394 δὲ
1654 5339 1763 5393 ἀπὸ

220 5421 288 5474 τοῦ
333 5428 489 5498 ἀγροῦ
537 5430 864 5502 ἀνέρχεται·
908 5429 1004 5483 καὶ
1042 5433 1089 5482 οἱ
1138 5429 1236 5500 μὲν
1285 5432 1414 5502 περὶ
1458 5432 1559 5502 τὴν
1609 5431 1765 5485 πόλιν

215 5511 625 5591 ἀναστρέφονται,
655 5525 707 5576 oi
735 5522 790 5576 δὲ
825 5522 931 5577 ἀπὸ
957 5524 1055 5594 τῆς
1076 5523 1282 5587 πόλεως
1308 5524 1640 5594 ἐξέρχονται,
1673 5521 1767 5576 καί

391 5612 618 5688 ﬁcit-lim.
647 5614 684 5667 Ξ
715 5629 901 5688 auom,
925 5616 1134 5688 ἄκροις.
1160 5615 1326 5682 Idem,
1369 5616 1757 5688 προσαγαγών.

269 5677 368 5760 (θὸ)
395 5681 608 5737 Gubler.
636 5695 692 5738 et
716 5677 954 5760 Felckm.
974 5677 1021 5760 li
1038 5677 1229 5760 auom,
1250 5677 1573 5760 ἀποτελέσῃξ
1594 5677 1758 5760 Iidem

208 5748 481 5828 Paulo'post
503 5768 600 5828 pro
629 5754 974 5828 συναγαγὼν,
1008 5748 1408 5828 ἐπισυνάπτων.
1442 5748 1578 5828 item
1603 5758 1760 5828 paulo

206 5824 315 5879 post
340 5832 456 5894 ante
503 5823 758 5894 νεύματι,
805 5824 1030 5894 Seguer.
1059 5827 1280 5882 Gobler.
1332 5839 1389 5881 et
1438 5823 1677 5883 Feb-kin.
1732 5829 1752 5880 l

206 5891 534 5959 ano_n,a6':o§
570 5891 768 5946 habent
800 5891 901 5959 pro
924 5895 1138 5948 ἐαυτοῦ.

270 5955 371 6026 (ει)
407 5961 563 6017 Basil.
594 5971 650 6017 cl.
669 5955 902 6018 Fclckm.
927 5966 959 6019 '5
987 5982 1168 6032 auou.,
1202 5966 1387 6020 αὑτοῦ.

1882 2055 2038 2108 nutu,
2094 2055 2299 2100 rectum
2340 2051 2508 2109 recte,
2541 2054 2594 2099 et
2633 2045 2924 2099 rotundum
2977 2046 3203 2100 rotunde
3253 2045 3463 2110 fertur;

1879 2137 2139 2202 medium,
2168 2137 2327 2192 sicuti
2362 2145 2467 2203 est,
2504 2146 2784 2202 movetur;
2809 2137 3040 2191 calidum
3076 2137 3317 2205 calescit,
3350 2138 3462 2194 sic-

1877 2246 1999 2285 cum
2036 2231 2272 2292 arescit;
2321 2231 2505 2283 omnia
2559 2229 2791 2298 denique
2845 2245 2942 2300 pro
2995 2245 3089 2284 sua
3142 2240 3330 2283 natura
3366 2228 3458 2294 illo

1877 2323 2040 2376 dante
2093 2322 2277 2376 vivunt
2338 2331 2394 2376 et
2452 2323 2793 2388 consistunt,
2856 2321 3342 2392 adtnirabilemque
3397 2335 3464 2376 ac

1879 2428 2005 2468 rere
2029 2413 2267 2470 divinum
2291 2423 2614 2471 concentum
2647 2428 2744 2485 per
2773 2413 2948 2482 ipsum
2974 2421 3326 2484 componunt.

1949 2596 2040 2650 «l3.
2082 2595 2302 2651 Utvero
2321 2611 2409 2651 res
2439 2603 2584 2650 tanta
2620 2595 2854 2664 imagine
2875 2593 3055 2664 aliqua
3082 2590 3308 2662 intelligi
3333 2605 3458 2661 pos-
3509 2615 3512 2622 -

1874 2690 1963 2754 sit,
2007 2703 2106 2758 age
2132 2708 2150 2743 :
2200 2689 2476 2745 numerosi
2506 2689 2734 2755 alicujus
2775 2688 2926 2744 chori
2964 2685 3266 2754 exemplum
3291 2683 3460 2737 addu-

1873 2791 2080 2830 camus.
2133 2776 2318 2846 Itaque
2364 2777 2821 2846 quemadmodum
2872 2777 2924 2831 in
2976 2777 3146 2831 choro
3195 2789 3261 2828 ex
3293 2773 3461 2827 variis

1873 2866 2203 2931 hominibus,
2268 2867 2471 2936 pueris,
2513 2867 2857 2932 mulieribus,
2905 2866 3126 2920 senibus
3175 2873 3228 2918 et
3284 2860 3468 2917 adole-

1875 2960 2156 3014 stentibus
2203 2961 2524 3030 composito,
2577 2958 2687 3030 35
2717 2975 2821 3013 uno
2852 2957 3082 3027 praeside
3118 2950 3455 3016 moderante,

1873 3049 2068 3119 singuli
2101 3064 2199 3119 pro
2230 3066 2324 3106 sua
2366 3059 2558 3104 natura
2589 3060 2639 3104 et
2679 3048 2936 3104 facultate
2981 3054 3224 3108 cantant,
3273 3045 3357 3098 vir
3404 3053 3466 3097 ut

1868 3141 1972 3206 vir,
2029 3157 2162 3212 puer
2214 3151 2271 3196 ut
2316 3157 2472 3212 puer,
2528 3156 2690 3195 senex
2717 3149 2775 3193 nt
2815 3154 3005 3201 senex,
3042 3135 3358 3190 adolescens
3406 3142 3465 3188 ut

1873 3233 2211 3297 adolescens,
2230 3247 2419 3288 omnes
2447 3241 2626 3285 tamen
2648 3246 2811 3284 unum
2837 3237 3159 3285 conoentum
3188 3225 3462 3281 efllciunt°

1869 3323 1954 3378 vel
2008 3323 2464 3393 quemadmodum
2523 3330 2707 3376 nostra
2759 3321 2941 3375 anima
2995 3321 3184 3375 eodem
3217 3327 3462 3388 tempore
3553 3359 3556 3362 .

1867 3425 2084 3470 nostros
2114 3429 2310 3469 sensus
2333 3430 2429 3484 pro
2464 3414 2724 3483 cujusque
2747 3411 3068 3468 efﬁcacitate
3093 3418 3294 3476 movet,
3316 3411 3455 3466 adeo

1867 3519 1923 3564 ul
1947 3519 2210 3579 prtesente
2247 3524 2306 3565 re
2337 3509 2513 3579 aliqua
2533 3523 2722 3564 omnes
2761 3507 2922 3562 simul
2959 3515 3299 3569 moveantur,
3331 3519 3462 3560 ocu-

1867 3600 2060 3670 Iusque
2082 3600 2283 3665 videat,
2315 3601 2462 3654 auris
2497 3599 2700 3665 audiat,
2740 3613 2931 3653 manus
2964 3605 3169 3668 tangat,
3197 3595 3462 3652 odoratus

1868 3693 2108 3758 olfaciat,
2157 3701 2340 3763 gustet
2381 3699 2653 3761 gustatus,
2684 3689 2896 3758 aliaque
2942 3687 3185 3757 corporis
3216 3685 3460 3740 membra

1868 3803 2012 3859 saepe
2051 3787 2216 3841 etiam
2243 3795 2428 3853 agant,
2460 3783 2608 3839 verbi
2640 3783 2836 3853 gratia,
2857 3781 3020 3852 pedes
3042 3777 3352 3834 ambulent:
3374 3778 3480 3833 vel

1869 3888 1927 3933 ut
1979 3878 2141 3932 tertio
2182 3875 2431 3946 exemplo
2479 3888 2592 3928 rem
2636 3873 2994 3936 illustremus,
3025 3869 3078 3925 id
3111 3869 3346 3923 maxime
3371 3869 3446 3922 si-

1869 3967 1996 4024 mile
2023 3983 2142 4024 esse
2181 3967 2392 4022 videtur
2440 3981 2648 4036 magna:
2689 3963 2850 4018 alicui
2887 3963 3009 4018 urbi
3043 3959 3296 4027 conditur,
3341 3975 3461 4029 quae

1867 4071 2134 4132 praesente
2175 4059 2420 4130 principe
2443 4067 2499 4113 et
2545 4059 2892 4128 imperatore,
2923 4054 3014 4125 qui
3042 4069 3159 4110 eam
3187 4053 3455 4118 condidit,

1868 4153 2300 4207 administretur.
2336 4151 2616 4220 Siquidem
2671 4150 2763 4204 illo
2802 4157 3071 4218 praesente
3106 4155 3160 4202 et
3209 4142 3460 4214 iubente,

1867 4255 2032 4315 atque
2062 4243 2274 4298 oculum
2307 4245 2373 4297 ad
2424 4241 2606 4296 omnia
2649 4241 2980 4302 intendente,
3013 4253 3204 4293 omnes
3239 4237 3454 4292 obtem-

1867 4346 2082 4408 perant,
2105 4335 2157 4390 bi
2187 4342 2476 4405 properant
2505 4332 2572 4386 ad
2602 4330 2855 4386 colendos
2878 4344 3058 4398 agros,
3084 4328 3159 4382 illi
3192 4327 3256 4380 ad
3284 4341 3458 4396 aqua}.

1870 4429 2064 4484 ductus
2099 4428 2165 4482 ad
2198 4424 2552 4482 hauriendam
2585 4439 2780 4494 aquam
2819 4421 3078 4476 festinant
3111 4441 3124 4476 :
3154 4420 3242 4474 hic
3267 4420 3333 4472 ad
3362 4418 3444 4472 ci-

1869 4520 1996 4574 bum
2036 4516 2456 4588 c‘omparandum
2503 4515 2866 4585 progreditur,
2892 4522 3138 4566 senatum
3185 4507 3447 4580 petitille,

1873 4609 2012 4662 alter
2064 4608 2115 4661 in
2165 4606 2448 4661 ecclesiam
2499 4605 2666 4659 intrat
2706 4621 2719 4658 :
2769 4603 2935 4673 jndex
2971 4603 3039 4654 ad
3079 4599 3460 4668 judicaudnm,

1870 4700 2122 4771 princeps
2153 4700 2218 4752 ad
2242 4698 2331 4769 jus
2357 4697 2641 4751 dicendum
2670 4711 2729 4750 se
2754 4704 2909 4764 parat
2939 4712 2954 4748 :
2981 4691 3175 4746 artifex
3206 4689 3457 4745 similiter

1872 4789 2056 4846 statim
2090 4788 2141 4842 in
2179 4802 2314 4856 opus
2357 4785 2638 4852 incumbit,
2690 4793 2849 4838 nauta
2896 4782 2962 4836 ad
2994 4797 3143 4836 mare
3191 4779 3460 4845 excurrit,

1875 4879 2029 4934 faber
2056 4878 2121 4933 ad
2153 4877 2550 4940 fabricandum,
2582 4876 2822 4930 medicus
2845 4878 2908 4927 ad
2939 4873 3258 4936 curandum,
3285 4879 3338 4924 et
3369 4886 3456 4924 ar-

1872 4971 2138 5026 chitectus
2165 4969 2228 5022 ad
2259 4968 2630 5022 :cdilicandum
2655 4984 2712 5022 se
2745 4965 2954 5023 confert
2985 4984 2999 5020 :
3026 4965 3163 5020 alter
3192 4965 3245 5020 in
3264 4980 3453 5034 agrum

1871 5063 2004 5125 exit,
2037 5075 2103 5114 ex
2147 5076 2278 5130 agro
2317 5059 2456 5112 redit
2486 5059 2623 5114 alter
2659 5079 2672 5114 :
2707 5059 2794 5113 alii
2842 5061 3048 5113 circum
3089 5056 3276 5112 urbem
3332 5071 3457 5110 ver-

1873 5160 2080 5215 santur,
2121 5152 2211 5206 alii
2261 5168 2326 5206 ex
2356 5152 2487 5205 urbe
2527 5151 2899 5221 egrediuntur,
2927 5150 3230 5217 iterumque
3260 5149 3310 5201 iu
3334 5161 3455 5201 eant

1867 5252 2238 5298 revertuntur.
2283 5242 2406 5299 Haec
2436 5258 2600 5312 porro
2629 5241 2806 5296 omnia
2839 5240 2999 5295 unius
3027 5239 3284 5309 principis
3313 5252 3456 5306 pra:-

1867 5333 2042 5386 sentia
2077 5343 2130 5387 et
2163 5335 2392 5403 imperio
2419 5341 2679 5403 geruntur
2700 5342 2755 5386 et
2791 5332 2944 5385 fiunt.
2977 5331 3050 5384 lta
3077 5326 3314 5399 profecto
3339 5340 3448 5378 rem

1870 5441 2086 5496 Quoque
2136 5443 2196 5483 se
2229 5429 2430 5482 habere
2459 5429 2511 5482 in
2545 5429 2800 5483 universa
2835 5443 3014 5484 rerum
3061 5438 3274 5486 natura,
3321 5420 3450 5474 licet

1873 5531 2034 5577 tenue
2077 5523 2363 5576 admodum
2394 5526 2466 5579 sit
2501 5526 2833 5594 exemplum,
2865 5519 3042 5574 altiori
3082 5527 3265 5570 tamen
3290 5514 3452 5568 intel-

1940 5615 2303 5699 (85)._l}_asil.,
2353 5618 2526 5688 μέσω.
2579 5619 2724 5674 Idem
2789 5615 2948 5686 paulo
2999 5621 3140 5682 post,
3195 5608 3263 5664 τὰ
3319 5603 3451 5678 θερ-

1867 5688 2363 5827 μάὧίῑῗηιέὲευθττ,
2402 5757 2632 5827 ἀνδρῶν.
2683 5755 2862 5827 ‘Paulo
2921 5761 3073 5827 post,
3125 5753 3276 5827 ἀνήρ.
3324 5755 3453 5822 post

1866 5822 1987 5950 μέν,
2032 5822 2172 5890 ’παῖς
2189 5822 2261 5881 ἐι
2280 5825 2457 5897 γέρων
2483 5822 2616 5908 post
2674 5825 2740 5913 δέ
2759 5822 2977 5907 οάοειιηι
3037 5825 3089 5877 in
3140 5822 3357 5909 Gobler.
3393 5828 3448 5875 ea

1909 5897 2102 5948 elckm.
2139 5897 2160 5948 l
2199 5912 2386 5950 anon..
2405 5911 2494 5950 aut
2517 5898 2675 5950 Iidem
2701 5895 2828 5948 ibid.
2851 5895 3050 5948 habent
3075 5897 3104 5948 6
3124 5895 3181 5949 δὲ
3208 5909 3284 5950 ως
3301 5891 3444 5950 νέος.

1909 5897 2102 5948 elcktn.
2139 5897 2160 5948 l
2199 5891 2386 5956 anonl,
2405 5891 2675 5962 qui'iidem
2701 5895 2828 5948 ibid.
2851 5895 3050 5948 habent
3075 5897 3104 5948 6
3124 5895 3181 5949 δέ
3208 5892 3284 5956 ὡς
3301 5891 3444 5955 νέος.

1938 5966 2048 6036 (87)
2079 5967 2166 6020 Sic
2189 5965 2414 6034 Ssgver.
2436 5966 2536 6020 Alii
2565 5981 2686 6020 cum
2711 5965 2889 6032 editis,
2926 5965 3086 6031 μέρη.
