4010 6520
517 391 590 452 87
1127 390 1187 446 S.
1230 386 1604 444 ATHANASII
1644 385 1797 443 Ol‘P.
1836 385 2018 441 PARS
2052 385 2080 439 ι.

2188 417 2200 428 -
2244 384 2615 443 ll’lSTORlCA
2652 388 2740 442 ET
2783 390 3201 450 DOGMATICA.
3330 352 3341 358 -
3722 399 3792 453 88

519 512 738 585 ligentia
790 518 877 567 est
932 507 1361 581 percipiendum.
1404 506 1672 561 Nimirum
1712 522 1817 560 uno
1854 506 1962 560 ictu
2000 503 2073 558 De

2200 505 2361 558 πάλιν
2398 508 2480 568 εἰς
2506 506 2675 576 αὐτὴν
2708 507 3117 579 ἐπανέρχονται.
3162 511 3348 565 Πάντα
3378 512 3493 585 (88)
3528 513 3586 566 δὲ
3616 513 3792 569 ταῦτα

520 602 682 657 Verbi
715 610 877 655 nutus
923 599 1102 655 omnia
1139 598 1299 653 simul
1346 598 1815 663 administrantur,
1851 599 1987 651 adeo
2013 606 2092 660 ut,

519 707 639 763 qua:
693 705 873 745 rerum
927 691 1262 760 singularum
1317 689 1531 757 propria
1562 698 1709 751 sunt,
1742 703 1804 743 ea
1842 704 1871 741 a
1904 688 2091 757 singu-

517 782 585 839 lis
653 783 807 851 liant,
862 782 1018 836 etab
1061 779 1309 835 omnibus
1359 778 1520 833 simul
1574 794 1713 835 unus
1762 780 1893 835 ordo
1935 780 2094 850 perli-

517 875 716 930 eiatur.

2198 595 2264 662 τῇ
2304 595 2579 663 παρουσίᾳ
2613 594 2706 647 τοῦ
2746 596 2861 659 ἑνὸς
2898 597 3177 668 ἄρχοντος,
3222 601 3315 654 καὶ
3347 605 3414 672 τῇ
3447 602 3644 657 τούτου
3675 604 3790 659 δια-

2198 684 2349 750 τάξει
2376 685 2669 754 γίγνονται,
2695 689 2788 740 κα).
2820 688 3185 743 συνίστανται.
3213 692 3370 744 Κατά
3394 695 3573 747 ταῦτα
3604 694 3670 765 δὴ
3696 696 3789 749 καὶ

2201 778 2293 829 ἐπὶ
2316 777 2417 846 τῆς
2451 780 2741 850 συμπάσης
2770 781 3032 846 κτίσεως,
3074 782 3179 835 κᾶν
3216 784 3411 854 μικρὸν
3507 784 3571 837 τὸ
3608 788 3789 859 παρά-

2199 866 2417 936 δειγμα,
2463 868 2612 937 ὅμως
2653 868 2857 938 μείζονι
2900 871 3106 943 διανοίᾳ
3159 872 3265 943 χρὴ
3297 875 3473 926 νοεῖν·
3524 874 3633 926 ὑπὸ
3682 876 3788 945 γάρ

521 970 652 1040 μιᾶς
706 967 873 1039 ῥιπῆς
926 965 1036 1038 (89)
1070 964 1336 1035 νεύματός
1390 980 1533 1026 τινος
1584 962 1680 1016 τοῦ
1727 961 1865 1015 Θεοῦ
1919 960 2093 1028 Λόγου
2129 957 2264 1028 ὁμοῦ
2336 957 2402 1010 τὰ
2455 960 2628 1014 πάντα
2686 960 3090 1033 διακοσμεῖται,
3165 963 3263 1016 καὶ
3309 965 3378 1017 τά
3424 968 3606 1019 οἰκεῖα
3658 968 3788 1038 παρ,

518 1060 748 1113 ἑκάστου
790 1059 1058 1128 γίγνεται,
1090 1055 1182 1109 καὶ
1214 1043 1363 1126 παρὰ
1404 1053 1617 1107 πάντων
1646 1052 1778 1123 ὁμοῦ
1817 1051 1914 1123 μία
1947 1050 2107 1116 τάξις
2138 1047 2496 1102 ἀποτελεῖται.

586 1152 677 1207 44.
730 1150 979 1220 Namque
1025 1158 1156 1202 nutu
1195 1156 1249 1203 et
1279 1149 1479 1201 virtute
1513 1148 1741 1200 rectoris
1775 1156 1827 1199 et
1851 1146 2092 1200 modera-

516 1243 649 1298 toris
676 1243 938 1306 omnium,
967 1240 1130 1295 divini
1170 1238 1449 1307 etpaterni
1478 1236 1662 1300 Verbi,
1694 1235 1891 1290 cmlum
1924 1232 2090 1286 verti-

516 1342 624 1398 tur,
653 1340 940 1386 moventur
968 1340 1135 1395 astra,
1173 1328 1253 1383 sol
1289 1328 1454 1393 lucet,
1493 1336 1718 1393 vagatur
1761 1324 1912 1383 luna,
1942 1336 2036 1376 aer
2059 1335 2089 1374 a

513 1422 627 1477 sole
665 1421 1025 1485 illuminatur,
1076 1420 1249 1475 aether
1293 1417 1494 1481 calelit,
1544 1417 1676 1470 llant
1715 1414 1891 1479 venti,
1943 1422 2091 1469 stant

513 1522 725 1567 montes
776 1511 886 1567 alte
912 1510 1062 1576 elati,
1092 1524 1243 1564 mare
1271 1508 1515 1571 ﬂuctuat,
1551 1518 1605 1561 et
1645 1515 1909 1576 quotquot
1936 1505 1990 1561 in
2022 1521 2085 1560 eo

511 1612 636 1656 sunt
663 1603 969 1655 animantes
1027 1600 1266 1662 aluntur,
1322 1607 1470 1651 terra
1528 1595 1818 1650 immobilis
1862 1608 2085 1647 manens

2263 1140 2353 1193 44.
2396 1140 2645 1211 Νεύματι
2689 1142 2798 1213 γὰρ
2842 1143 2936 1195 καὶ
2968 1146 3087 1207 ταῖς
3133 1144 3395 1215 δυνάμεσι
3438 1144 3533 1198 τοῦ
3564 1146 3789 1200 ἐπιστα-

2190 1229 2412 1293 τοῦντος
2440 1231 2535 1283 καὶ
2558 1232 2985 1301 ἡγεμονεύοντος
3010 1234 3117 1287 τῶν
3148 1234 3366 1287 πάντων
3388 1234 3538 1287 θείου
3562 1236 3659 1289 καὶ
3684 1253 3789 1289 πα-

2190 1321 2381 1390 τρικοῦ
2420 1322 2627 1395 ¹Λόγου,
2675 1324 2903 1395 οὐρανὸς
2949 1326 3047 1395 μὲν
3094 1325 3556 1396 περιστρέφεται,
3612 1327 3683 1381 τὰ
3730 1327 3791 1379 δὲ

2189 1412 2363 1480 ἄστρα
2394 1416 2645 1477 κινεῖται,
2681 1416 2774 1468 καὶ
2813 1417 2840 1467 ὁ
2873 1416 2971 1486 μὲν
3014 1416 3164 1486 ἥλιος
3198 1417 3401 1486 φαίνει,
3431 1418 3465 1487 ἡ
3497 1417 3555 1469 δὲ
3588 1417 3789 1488 σελήνη

2192 1504 2494 1575 περιπολεῖ,
2530 1504 2626 1557 καὶ
2650 1506 2678 1557 ὁ
2711 1504 2821 1573 (90)
2865 1505 2973 1575 ἀὴρ
3008 1505 3105 1577 μὲν
3139 1506 3230 1559 ὑπῗ
3264 1505 3431 1559 αὑτοῦ
3465 1506 3786 1575 φωτίζεται,

2192 1593 2355 1664 αἰθὴρ
2383 1593 2437 1646 δὲ
2465 1593 2816 1665 θερμαίνεται
2848 1595 2941 1647 καὶ
2968 1594 3156 1665 ἄνεμοι
3185 1595 3441 1648 πνέουσι·
3476 1594 3544 1647 τά
3574 1595 3677 1666 ὅρη
3706 1597 3789 1659 είς

511 1692 616 1747 fert
644 1692 874 1755 fruetus,
920 1691 1081 1745 homo
1118 1688 1401 1750 formatur,
1426 1686 1578 1749 vivit,
1604 1700 1666 1740 ac
1697 1684 1889 1739 deinde
1924 1684 2080 1739 mori-

2193 1680 2325 1751 ὕψος
2353 1685 2727 1755 ἀνατεταμένα
2760 1686 3053 1755 ἴσταται,ή
3090 1681 3332 1739 θάλασσα
3365 1686 3651 1755 κυμαίνει,
3690 1685 3789 1739 καὶ

511 1792 642 1839 tur:
697 1799 803 1838 uno
850 1784 1040 1847 verbo,
1092 1781 1274 1836 omnia
1306 1780 1615 1834 animantur
1655 1790 1709 1833 et
1744 1788 2029 1832 moventur
2070 1793 2085 1830 :

513 1875 655 1944 ignis
691 1876 821 1941 urit,
853 1890 989 1945 aqua
1030 1873 1339 1942 refrigerat,
1374 1870 1552 1925 fontes
1574 1870 1897 1934 scaturiunt,
1931 1869 2090 1923 inun-

513 1967 642 2019 dant
693 1964 930 2029 ﬂumina,
992 1973 1231 2031 tempora
1276 1968 1332 2015 et
1377 1968 1726 2029 tempestates
1762 1959 2080 2023 succedunt,

510 2054 765 2108 decidunt
800 2054 1020 2118 imbres,
1052 2050 1549 2121 nubesimplentur,
1569 2050 1625 2103 [it
1648 2050 1874 2121 grando,
1902 2050 1995 2104 nix
2029 2058 2085 2105 et

509 2146 707 2215 glacies
736 2145 1121 2214 compingitur,
1142 2158 1270 2199 aves
1295 2142 1500 2206 volant,
1530 2142 1949 2211 progrediuntur
1970 2156 2088 2205 ser-

508 2247 716 2306 pentes,
751 2238 1008 2306 aquatilia
1038 2246 1244 2301 natant,
1265 2250 1414 2289 mare
1446 2233 1748 2302 navigatur,
1782 2242 1924 2287 terra
1951 2233 2087 2287 seri—

510 2338 595 2383 tur
629 2340 685 2384 et
719 2330 951 2399 propriis
984 2329 1319 2398 temporibus
1347 2326 1591 2397 germina
1631 2325 1864 2390 emittit,
1890 2324 2086 2393 plantae

507 2429 564 2474 et
598 2420 823 2474 arbores
855 2429 1132 2483 crescunt,
1168 2434 1398 2489 quarum
1429 2418 1547 2470 aliae
1589 2428 1789 2471 tenera:
1820 2424 1874 2471 et
1895 2431 2085 2472 reCen—

508 2518 592 2563 tes
642 2519 786 2572 sunt,
834 2510 951 2564 alia:
1003 2508 1416 2563 maturaazaliae
1455 2517 1739 2577 postquam
1789 2508 2081 2574 creverint,

507 2607 800 2652 senescunt
831 2608 995 2668 atque
1045 2599 1324 2663 delicium,
1374 2599 1607 2669 dumque
1656 2598 1776 2652 alia:
1829 2607 2080 2668 pereunt,

508 2688 629 2741 alia:
656 2704 845 2742 rursus
884 2691 1252 2759 producuntur
1281 2698 1332 2744 et
1379 2705 1411 2744 e
1441 2699 1581 2744 terra
1616 2698 1927 2758 erumpunt.
1959 2689 2084 2744 lltnc

506 2788 687 2832 autem
740 2780 919 2833 omnia
970 2790 1023 2833 et
1054 2780 1207 2849 plura
1232 2781 1357 2846 alia,
1404 2797 1521 2849 quae
1544 2796 1653 2850 pra:
1688 2796 1912 2835 numero
1937 2796 2084 2837 com-

506 2883 811 2923 memorare
860 2886 965 2923 non
1016 2870 1276 2936 valemus,
1332 2871 1650 2926 admirabile
1703 2870 1794 2925 Dei
1850 2869 2080 2927 Verbum

456 3004 467 3011 ,
506 2961 677 3016 lucem
720 2970 773 3016 et
827 2962 988 3015 vitam
1029 2962 1387 3027 infundendo,
1413 2978 1511 3017 suo
1538 2973 1667 3015 nutu
1697 2972 1877 3018 movet
1903 2973 1957 3018 et
1985 2979 2081 3033 gu-

2190 1774 2259 1828 τά
2300 1776 2357 1829 ὲν
2394 1777 2530 1847 αὐτῇ
2573 1775 2686 1839 ζῶα
2720 1777 3013 1847 τρέφεται,
3064 1778 3199 1847 ἡγῆ
3244 1777 3501 1847 ἀκίνητος
3546 1777 3788 1846 μένουσα

2190 1870 2549 1939 καρποφορεῖ,
2583 1868 2675 1921 καὶ
2698 1870 2725 1921 ὁ
2753 1868 3036 1939 ἄνθρωπος
3076 1869 3391 1931 πλάττεται,
3428 1868 3525 1920 καὶ
3559 1868 3651 1939 ζῇ,
3690 1867 3787 1921 καὶ

2190 1959 2526 2030 ἀποθνήσκει
2561 1960 2731 2013 πάλιν
2769 1958 2881 2029 (91)
2904 1978 2917 1992 ι
2960 1959 3054 2013 καὶ
3082 1960 3268 2017 ἁπλῶς
3301 1959 3485 2012 πάντα
3512 1958 3787 2029 ψυχοῦται

2190 2050 2283 2103 καὶ
2322 2052 2581 2103 κινεῖται·
2625 2049 2686 2102 τὸ
2730 2048 2842 2120 πῦρ
2886 2051 3052 2114 καίει,
3104 2050 3165 2102 τὸ
3204 2049 3348 2121 ὕδωρ
3382 2048 3571 2119 ψύχει,
3608 2049 3787 2117 πηγαὶ

2188 2140 2573 2205 ἀναϐλύζουσι,
2606 2141 2840 2211 ποταμοὶ
2866 2142 2969 2212 πλη
2979 2141 3273 2212 μμυροῦσι,
3306 2140 3494 2211 καιροὶ
3521 2138 3621 2192 καὶ
3646 2132 3785 2210 ὧραι

2189 2234 2639 2303 παραγίγνονται,
2681 2234 2825 2286 ὑετοὶ
2856 2233 3229 2305 κατέρχονται,
3272 2232 3341 2285 τά
3365 2232 3507 2302 νέφη
3543 2230 3785 2303 πληροῦ-

2185 2343 2276 2379 ται
2302 2326 2435 2397 (92),
2459 2326 2667 2397 χάλαζα
2689 2327 2918 2395 γίνεται,
2950 2324 3082 2397 χιὼν
3099 2326 3193 2379 καὶ
3209 2324 3544 2396 κρύσταλλος
3570 2325 3784 2395 πήγνυ-

2185 2434 2296 2480 ται,
2335 2418 2555 2471 πετεινά
2591 2418 2833 2481 ἵπταται,
2861 2415 3067 2486 ἑρπετὰ
3095 2414 3419 2485 πορεύεται,
3450 2413 3653 2485 ἔνυδρα
3689 2414 3784 2483 νή-

2185 2525 2372 2577 χεται,
2423 2508 2660 2561 θάλαττα
2712 2507 2963 2571 πλὲεται,
3014 2507 3086 2577 γῆ
3150 2506 3432 2577 σπείρεται
3484 2507 3582 2560 καὶ
3640 2504 3783 2558 κατά

2185 2603 2310 2665 τοὺς
2355 2601 2516 2663 ἰδίους
2564 2599 2790 2669 καιροὺς
2820 2598 3142 2670 χλοηφορεῖ,
3177 2600 3318 2668 φυτά
3356 2598 3513 2665 αῦξει
3534 2641 3547 2665 ,
3583 2602 3680 2654 καὶ
3710 2600 3781 2654 τὰ

2188 2694 2285 2762 μὲν
2321 2690 2521 2754 νεάζει,
2553 2689 2623 2742 τὰ
2657 2691 2713 2743 δὲ
2752 2690 3097 2753 πεπαίνεται,
3122 2690 3191 2742 τά
3237 2690 3293 2742 δὲ
3341 2689 3647 2760 αὐξάνοντα
3674 2709 3775 2763 γη-

2185 2782 2378 2853 ράσκει
2427 2781 2520 2835 καὶ
2562 2780 2762 2849 φθίνει,
2808 2780 2903 2834 καὶ
2946 2780 3017 2833 τά
3072 2781 3185 2850 μὲν-
3218 2780 3564 2850 ἀφανίζεται,
3601 2784 3670 2837 τὰ
3720 2786 3779 2838 δὲ

2182 2876 2438 2943 γεννᾶται
2496 2874 2591 2928 καὶ
2636 2873 2910 2942 φαίνεται.
2955 2874 3143 2927 Ταῦτα
3193 2874 3249 2927 δὲ
3302 2874 3505 2940 πάντα,
3552 2877 3651 2929 καὶ
3698 2876 3777 2931 ἔτι

2185 2968 2353 3020 πλείω
2387 2966 2612 3030 τούτων,
2639 2966 2674 3020 ἃ
2710 2966 2799 3020 διὰ
2833 2968 2891 3020 τὸ
2936 2967 3141 3038 πλῆθος
3174 2969 3272 3022 οὐκ
3310 2969 3573 3041 ίσχύομεν
3618 2972 3779 3042 ἡμεῖς

506 3050 719 3113 bernat,
750 3062 914 3119 atque
956 3067 1121 3105 unum
1155 3052 1407 3106 mundum
1438 3050 1618 3108 efficit.
1644 3050 1754 3106 Nec
1784 3066 1915 3108 vero
1936 3053 2080 3108 invi-

2188 3058 2381 3127 λέγειν,
2417 3059 2446 3112 ὁ
2486 3056 2913 3128 παραδοξοποιὸς
2962 3059 3057 3111 καὶ
3096 3058 3500 3130 θαυματοποιὸς
3527 3060 3643 3131 (95)
3682 3060 3775 3115 τοῦ

503 3140 687 3195 sibiles
716 3152 1009 3211 potestates
1040 3143 1256 3197 virtutis
1282 3158 1391 3197 sua:
1418 3154 1669 3212 expertes
1693 3144 1954 3201 dimittit:
1984 3148 2077 3201 sed

503 3247 599 3287 eas
639 3249 874 3304 quoque,
928 3245 1110 3304 u'pote
1156 3249 1385 3303 quarum
1412 3246 1627 3290 creator
1665 3238 1760 3301 sit,
1805 3238 1948 3293 inter
1991 3252 2080 3294 res

500 3325 787 3381 universas
824 3328 1225 3397 complectitur,
1254 3342 1460 3398 suoque
1493 3338 1623 3383 nutu
1659 3340 1715 3385 et
1745 3330 2076 3399 providentia

499 3418 740 3473 continet
773 3428 826 3472 et
866 3420 972 3472 vita
1006 3420 1208 3473 donat:
1269 3435 1369 3475 nec
1399 3422 1690 3489 quidquam
1738 3424 1961 3492 proponi
1986 3438 2079 3491 po-

500 3515 607 3561 test
660 3524 766 3577 quo
814 3510 956 3563 istud
1009 3510 1325 3574 incredibile
1354 3510 1465 3564 fiat.
1510 3512 1644 3566 Nam
1683 3523 1740 3567 ut
1763 3512 1879 3581 ejus
1901 3514 2081 3584 provi-

501 3599 683 3652 dentia
719 3609 967 3653 crescunt
1001 3615 1229 3669 corpora
1265 3612 1320 3656 et
1365 3602 1646 3657 rationalis
1674 3606 1853 3659 anima
1896 3620 2078 3661 move-

506 3698 613 3754 tur,
643 3698 805 3758 atque
838 3692 1006 3745 vitam
1056 3707 1118 3747 ac
1152 3693 1258 3745 vim
1289 3694 1562 3763 cogitandi
1597 3695 1781 3761 habet,
1827 3706 1885 3751 ut
1917 3698 2077 3755 facile

504 3781 729 3849 probatu
765 3793 870 3845 est,
898 3798 1018 3835 cum
1049 3798 1163 3837 rem
1207 3785 1377 3850 ipsam
1416 3785 1589 3840 oculis
1618 3786 1963 3844 intueamur:
1994 3791 2077 3846 sic

503 3872 643 3927 idem
702 3874 793 3928 Dei
818 3874 1052 3935 Verbum
1101 3890 1209 3929 uno
1248 3884 1301 3929 et
1335 3876 1565 3946 simplici
1618 3877 1725 3947 35
1778 3890 1932 3945 nutu,
1973 3897 2068 3935 sua

500 3962 699 4017 virtute
748 3966 1006 4018 mundum
1035 3966 1295 4020 visibilem
1323 3967 1728 4038 invisibilesque
1784 3980 2077 4040 potestates

499 4060 678 4103 movet
716 4060 769 4106 et
817 4053 1219 4121 complectitur,
1269 4056 1606 4125 singulisque
1650 4062 1919 4129 propriam
1958 4062 2073 4116 elli-

499 4140 751 4194 cientiam
776 4142 1100 4212 impcrtitur,
1131 4148 1204 4202 ita
1238 4158 1293 4201 ut
1333 4164 1420 4204 res
1450 4150 1663 4218 quidem
1689 4153 1882 4208 divina:
1915 4157 2073 4211 modo

495 4230 746 4286 diviniori
772 4248 1111 4302 moveantur,
1132 4239 1369 4295 visibiles
1389 4256 1542 4309 vero,
1565 4257 1630 4299 eo
1660 4260 1768 4315 quo
1797 4248 2072 4301 cernimus

495 4323 674 4377 modo.
726 4325 847 4393 lpse
891 4335 1070 4379 autem
1104 4330 1193 4398 qui
1224 4332 1464 4386 omnium
1494 4349 1715 4402 prmses,
1748 4337 2069 4404 imperator,

493 4420 549 4463 et
574 4413 879 4466 constantia
923 4423 1024 4483 est,
1056 4419 1233 4471 omnia
1268 4421 1335 4474 ad
1360 4424 1726 4491 cognitionem
1759 4435 1813 4480 et
1840 4426 2069 4496 gloriam

493 4501 574 4555 sui
627 4501 804 4560 Patris
840 4510 1260 4574 promovendam
1308 4513 1380 4566 ita
1430 4516 1563 4583 agit,
1600 4525 1658 4570 ut
1693 4532 1790 4585 per
1820 4533 1883 4573 ea
1950 4534 2071 4588 quae

493 4592 627 4646 fiunt
661 4609 822 4665 Opera
851 4598 1047 4655 docere
1078 4611 1131 4656 et
1162 4601 1341 4657 dicere
1364 4605 1608 4659 videatur
1635 4624 1649 4661 ε
1681 4608 1764 4662 Ea:
1798 4612 2069 4679 magnitu-

490 4682 613 4736 dine
651 4695 695 4738 et
723 4688 1111 4754 pulchritudine
1149 4708 1319 4747 rerum
1357 4704 1673 4763 creaturam,
1705 4702 2071 4754 convenienter

490 4764 705 4822 Creator
735 4776 1053 4842 conspicitur
1083 4776 1148 4829 ".

488 4864 821 4933 γιγνομένων
863 4869 971 4940 (96)
1006 4870 1183 4941 ἔργων
1249 4874 1414 4929 αὑτοῦ
1449 4876 1716 4932 διδάσκων
1757 4882 1849 4933 καὶ
1896 4883 2099 4951 λέγων·

487 4960 522 5010 ό
568 4965 984 5031 γενεσιοιιργὸς
1012 4968 1328 5034 θεωρεῖται.

563 5073 609 5103 ’⁸
637 5074 762 5142 Sap.
799 5092 915 5139 xm,
938 5077 991 5130 5.

491 5184 826 5311 οη(ᾓ8)11ᾓεε.
879 5186 936 5240 δέ
978 5190 1126 5245 addit
1177 5204 1298 5261 post
1345 5196 1545 5261 πάντα,
1603 5196 1695 5252 alii
1738 5214 1861 5253 cum
1908 5200 2067 5257 editis

699 5326 1210 5416 fﬁlclt'lt.‘5.an2n.,
1243 5336 1434 5416 ῥοπῆς,

490 5464 513 5479 ἡ
560 5394 670 5517 (ἔδυ)
713 5396 771 5450 '0
817 5400 966 5453 deest
1000 5402 1050 5453 in
1084 5394 1328 5487 δεξιῶν..
1362 5394 1494 5487 ίιὶὶό.
1548 5407 1663 5461 haec
1690 5409 1876 5469 verba.
1905 5411 2069 5482 αἰθὴρ

485 5464 542 5548 δὲ
605 5466 940 5548 ερμαίνειται,
957 5472 1149 5548 desunt
1176 5490 1225 5548 tn
1248 5477 1481 5548 edtltone
1502 5477 1789 5548 Commel.,
1806 5492 1925 5547 post
1951 5497 2071 5548 qua:

491 5534 710 5603 Seguer.
741 5536 955 5593 Goltler.
982 5551 1030 5593 et
1053 5541 1288 5598 Felt-km.
1319 5546 1341 5599 l
1374 5563 1533 5599 anon.
1554 5547 1646 5599 καί
1667 5534 2067 5603 θιίοῆἶιδάάιῖιιι.

565 5605 678 5685 (9i!
707 5610 930 5685 St-gner.
958 5610 1122 5685 .Angl.
1150 5610 1305 5668 Gobl.
1337 5625 1390 5670 et
1426 5615 1665 5672 Felckm.
1697 5620 1722 5672 l
1758 5635 1941 5685 anon.,
1970 5619 2068 5671 καὶ

490 5670 555 5743 ζῇ
576 5670 743 5747 ’πάλιν
764 5679 854 5747 καὶ
881 5670 1122 5747 θνήσκει.

708 5745 947 5825 ῙάΙνέφη
966 5744 1474 5825 πληροῦταιικεηιιι
1500 5756 1549 5808 in
1568 5754 1701 5811 Gob.
1722 5768 1775 5812 et
1794 5756 1907 5812 Fel.
1927 5758 1949 5811 Ι
1972 5773 2061 5813 an.

566 5811 675 5873 (95)
708 5816 815 5869 Καὶ
845 5811 1243 5884 Θαύματόποιός
1268 5826 1418 5879 deest
1438 5826 1488 5879 in
1518 5811 1742 5889 chuer.
1773 5811 1989 5885 Goblcr.
2011 5811 2065 5883 et

2182 3148 2315 3201 Θεοῦ
2359 3146 2533 3216 Λόγος
2557 3146 2809 3210 φωτίζων
2838 3148 2933 3202 καὶ
2964 3147 3264 3214 ζωοποιῶν,
3312 3150 3390 3221 τῷ
3420 3150 3621 3205 ἑαυτοῦ
3660 3151 3779 3205 νεύ-

2184 3258 2314 3310 ματι
2342 3242 2503 3305 κινεῖ,
2540 3239 2636 3292 καὶ
2662 3239 2969 3311 διακοσμεῖ,
3001 3241 3095 3295 ἕνα
3122 3243 3211 3296 τὸν
3239 3244 3441 3313 κόσμον
3469 3244 3775 3310 ἀποτελῶν,

2180 3330 2282 3383 οὐκ
2313 3329 2512 3396 ἔξωθεν
2549 3329 2744 3383 ἑαυτοῦ
2771 3332 2982 3395 καὶτὰς
3006 3332 3271 3405 ἀοράτους
3293 3334 3554 3405 δυνάμεις
3579 3334 3738 3403 ἀφείς
3755 3351 3771 3365 °

2180 3429 2273 3481 καὶ
2304 3428 2413 3502 γὰρ
2447 3431 2540 3483 καὶ
2570 3430 2678 3502 (94)
2715 3430 2939 3495 ταύτας,
2978 3429 3065 3487 οἷα
3098 3434 3161 3504 δὴ
3195 3436 3289 3487 καὶ
3318 3434 3500 3487 αὐτῶν
3540 3434 3775 3504 ποιητὴς

2181 3518 2463 3590 ὑπάρχων,
2512 3521 2934 3593 συμπεριλαϐὼν
2977 3524 3035 3575 ὲν
3068 3526 3179 3586 τοῖς
3220 3524 3391 3588 ὅλοις,
3429 3525 3648 3594 συνέχει
3682 3524 3776 3578 καὶ

2179 3608 2434 3673 ζωοποιεῖ
2478 3612 2640 3667 πάλιν
2671 3614 2749 3685 τῷ
2799 3614 2991 3669 ἑαυτοῦ
3036 3616 3293 3686 νεύματι,
3332 3617 3428 3669 καὶ
3461 3620 3529 3689 τῇ
3576 3617 3783 3671 ἑαυτοῦ.

2178 3703 2432 3774 προνοίᾳ·
2464 3705 2555 3756 καὶ
2580 3704 2769 3757 τούτου
2802 3705 2901 3759 οὐκ
2916 3707 2989 3760 ἄν
3021 3724 3073 3759 τι
3102 3707 3311 3775 γένοιτο
3340 3708 3477 3778 πρὸς
3508 3708 3772 3762 ἀπιστίαν

2177 3791 2409 3859 ἐφόδιον.
2452 3793 2541 3856 Ὠς
2561 3794 2671 3866 γὰρ
2698 3798 2763 3865 τῇ
2796 3795 2990 3850 ἑαυτοῦ
3026 3800 3251 3871 προνοίᾳ
3281 3801 3373 3853 καὶ
3407 3800 3643 3871 σώματα
3677 3801 3772 3871 μὲν

2177 3883 2350 3949 αὔξει,
2387 3884 2533 3955 ψυχὴ
2567 3884 2681 3957 δὲή
2717 3886 2908 3960 λογικὴ
2954 3893 3202 3953 κινεῖται,
3240 3891 3333 3943 καὶ
3367 3890 3427 3943 τὸ
3456 3890 3777 3960 λογίζεσθαι

2176 3978 2271 4028 καὶ
2296 3976 2355 4029 τὸ
2384 3977 2482 4049 ζῇν
2514 3977 2648 4048 ἔχει,
2680 3980 2773 4033 κα)¹
2800 3979 2954 4033 τοῦτο
2984 3981 3044 4032 ού
3081 3981 3280 4052 πολλῆς
3303 3982 3642 4048 ἀποδείξεως
3666 3983 3771 4038 δεῖ-

2174 4086 2265 4122 ται
2285 4086 2297 4099 ·
2339 4070 2553 4141 ὁρῶμεν
2588 4072 2695 4142 γὰρ
2724 4071 2795 4125 τά
2826 4072 3087 4141 γινόμενα
3106 4092 3118 4104 ·
3152 4074 3293 4127 οὕτω
3317 4075 3380 4145 δὴ
3409 4075 3575 4131 πάλιν
3607 4075 3770 4139 αὐτὸς

2174 4161 2202 4212 ὁ
2235 4160 2329 4214 τοῦ
2361 4161 2496 4215 Θεοῦ
2537 4164 2709 4231 Λόγος
2742 4164 2822 4216 ἑνὶ
2853 4165 2944 4217 καὶ
2983 4166 3140 4237 ἁπλῷ
3182 4166 3433 4236 νεύματι,
3470 4170 3538 4237 τῇ
3572 4167 3765 4221 ἑαυτοῦ

2172 4252 2397 4322 δυνάμει
2433 4253 2523 4306 τόν
2561 4271 2618 4306 τε
2650 4256 2841 4325 ὁρατὸν
2883 4258 3088 4326 κόσμον
3120 4257 3214 4309 καὶ
3242 4256 3340 4318 τὰς
3375 4258 3650 4326 ἁοράτους
3680 4259 3769 4311 δυ-

2176 4343 2369 4413 νάμεις
2396 4348 2536 4397 κινεῖ
2562 4348 2654 4399 καὶ
2682 4347 2915 4416 συνέχει,
2946 4349 3160 4418 ἑκάστῳ
3187 4347 3287 4417 τὴν
3318 4346 3455 4400 ἰδίαν
3483 4348 3766 4419 ἐνέργειαν

2174 4433 2459 4498 ἀποδιδούς
2484 4452 2497 4466 ·
2528 4436 2667 4490 ὥστε
2696 4436 2797 4500 τὰς
2834 4437 2932 4507 μὲν
2971 4437 3122 4500 θείας
3153 4436 3440 4508 θειοτέρως
3470 4438 3766 4503 κινεῖσθαι,

2172 4522 2243 4576 τά
2279 4524 2337 4577 δὲ
2376 4527 2544 4596 ὁρατά
2573 4527 2761 4599 ὥσπερ
2799 4528 2892 4580 καὶ
2933 4529 3145 4598 ὁρᾶται.
3196 4528 3366 4591 Αὐτὸς
3393 4528 3473 4595 δὲ,
3506 4531 3605 4584 ἐπὶ
3637 4531 3768 4585 πάν-

2173 4629 2303 4678 των,
2340 4615 2563 4685 ἡγεμών
2604 4634 2661 4670 τε
2700 4619 2793 4671 καὶ
2828 4617 3080 4688 βασιλεὺς
3115 4619 3207 4671 καὶ
3236 4619 3347 4690 (93)
3380 4620 3645 4686 σύστασις
3678 4640 3765 4692 γι-

2173 4705 2397 4775 νόμενος
2422 4707 2528 4759 τῶν
2564 4709 2797 4772 πάντων,
2827 4708 2895 4761 τά
2927 4710 3103 4763 πάντα
3133 4711 3271 4781 πρὸς
3299 4710 3457 4777 δόξαν
3494 4714 3591 4766 καὶ
3618 4714 3761 4782 γνῶρ

2174 4810 2259 4846 σιν
2289 4794 2384 4847 τοῦ
2409 4796 2601 4849 ἑαυτοῦ
2632 4797 2843 4869 Πατρὸς
2874 4796 3188 4870 ἐργάζεται,
3228 4803 3510 4872 μονονουχὶ
3538 4803 3627 4857 διὰ
3658 4804 3781 4857 τῶν-

2155 4888 2255 4941 Ἑκ
2269 4891 2564 4960 μεγέθους
2601 4891 2699 4945 καὶ
2727 4891 3037 4962 καλλονῆς
3069 4893 3413 4963 κτισμάτων
3448 4896 3772 4967 ἀναλόγως

2181 5203 2369 5263 Felck.
2405 5206 2425 5257 l
2460 5216 2513 5260 et
2543 5208 2577 5261 3
2605 5224 2767 5263 anon.

2245 5274 2357 5341 (95)
2395 5276 2505 5328 Καί
2531 5278 2616 5330 hic
2641 5278 2790 5333 deest
2822 5278 2873 5331 in
2907 5277 3123 5333 Gobler.
3158 5286 3209 5334 et
3244 5276 3487 5333 Felckm.
3524 5278 3551 5333 l
3594 5293 3767 5336 anon.

2245 5345 2358 5420 (95)
2392 5346 2470 5420 _lta
2503 5362 2692 5420 omnes
2744 5364 2872 5402 mss.
2913 5348 2982 5401 At
3020 5350 3073 5402 in
3113 5350 3352 5420 margine
3396 5363 3502 5405 ms.
3546 5349 3755 5420 Anglic.

2176 5414 2261 5472 sic'
2300 5416 2535 5489 legitur;
2592 5414 3081 5489 Ρονζεᾼσυστάτης,
3118 5414 3278 5486 atque
3320 5418 3394 5472 ita
3436 5414 3758 5489 videtufle-

2178 5491 2316 5557 gisse
2344 5484 2601 5557 Nannius.
2633 5487 2723 5556 qui
2759 5487 2858 5557 bic
2906 5484 3066 5542 vertit
3116 5484 3375 5541 conditor.
3419 5487 3757 5557 Omnibonus

2176 5555 2227 5610 ἐι
2260 5555 2793 5627 Ambrosafjatnald.
2834 5557 3092 5620 σύστασις
3133 5557 3425 5627 legerunt:
3482 5572 3607 5611 nam
3668 5556 3755 5611 ille

2176 5625 2499 5686 constitutio,
2528 5625 2617 5679 hic
2648 5630 2942 5679 constantia
2978 5629 3157 5681 vertit.

2241 5696 2351 5765 (96)
2386 5692 2629 5756 G0bler.,
2656 5695 2982 5769 γενομένων.
3010 5698 3218 5769 Anglic.
3254 5704 3309 5752 et
3332 5694 3687 5751 Felckmanni
3720 5693 3752 5747 3

2168 5764 2481 5835 antmymus,
2516 5764 2871 5834 φαινομένων.
