4010 6512
145 416 192 472 so
1259 413 1519 472 ORATIO
1557 414 1837 485 conm
1876 418 2168 479 GENTES.
3296 431 3363 490 υο

191 526 263 580 45.
305 526 523 598 ’Ὥσπερ
556 527 701 599 γὰρ,
734 528 1135 603 ἀναϐλέψαντας
1186 531 1265 593 είς
1312 531 1403 584 τὸν
1444 531 1689 602 οὐρανὸν,

1865 537 1957 592 45.
1991 537 2057 593 Ut
2094 540 2235 592 enim
2268 539 2464 595 ccelum
2516 540 2791 606 intuendo,
2842 540 3061 611 ejusque
3106 553 3360 599 ornatum

145 621 210 673 καὶ
249 619 449 682 ίδὸντας
492 620 588 673 τὸν
620 621 824 691 κόσμον
866 621 1060 685 αὑτοῦ,
1105 623 1198 676 καὶ
1234 622 1296 675 τὸ
1327 624 1433 678 τῶν
1481 624 1689 694 ἄστρων

1795 637 1849 682 et
1869 638 2134 682 astrorum
2164 628 2341 683 lumen
2366 630 2797 699 contemplando,
2826 630 3057 685 Verbum
3098 633 3238 700 quod
3272 631 3363 687 illa

146 712 244 780 φῶς,
268 708 410 763 ἔστιν
445 710 803 782 ἐνθυμεῖσθαι
844 714 932 766 τὸν
958 714 1131 766 ταῦτα
1154 713 1551 784 διακοσμοῦντα
1591 715 1689 767 Λό-

1797 728 1903 771 tam
1930 718 2066 770 miro
2091 718 2277 772 ordine
2307 720 2568 787 disposuit
2611 718 2909 788 intelligere
2939 718 3092 774 facile
3121 730 3203 775 est
3233 736 3248 772 :
3288 722 3363 777 ita

144 818 231 866 γον⁸
258 800 393 853 οὕτω
428 802 696 866 νοοῦντας
727 804 893 871 Λόγον
919 804 1074 869 Θεοῦ,
1104 807 1243 857 νοεῖν
1304 806 1451 859 ἐστιν
1479 806 1689 877 ἀνάγκη

146 893 208 945 καὶ
234 893 311 945 τὸν
338 893 540 946 τούτου
588 895 802 966 πατέρα
835 895 985 960 Θεὸν,
1024 896 1082 962 ἐξ
1115 891 1175 949 οῦ
1210 898 1433 969 προῖὼν,
1468 899 1692 961 εἰκότως

144 983 208 1035 τοῦ
236 983 418 1035 ἑαυτοῦ
470 984 687 1055 πατρὸς
732 987 1000 1056 ἑρμηνεὺς
1045 988 1135 1039 καὶ¹
1180 987 1407 1055 ἄγγελος
1442 987 1685 1061 λέγεται·

145 1075 210 1125 καὶ
239 1072 388 1126 τοῦτο
415 1075 484 1126 ἐκ
510 1075 623 1127 τῶν
652 1075 771 1128 καθ’
810 1077 955 1146 ἡμᾶς
982 1094 1065 1140 τις
1101 1078 1163 1130 ἂν
1196 1077 1304 1148 (97)
1333 1078 1449 1131 ἴδοι.
1492 1079 1553 1131 Et
1582 1078 1689 1149 γὰρ

145 1164 203 1233 δὴ,
238 1164 382 1231 λόγου
420 1165 718 1235 προίόντος
757 1168 906 1237 παρά
944 1166 1274 1247 ἀνθρώπων,
1311 1168 1690 1239 ὲνθυμούμεθα

146 1257 213 1324 τὴν
229 1256 400 1308 τούτου
424 1258 618 1328 πηγὴν
650 1255 787 1311 εἶναι
806 1260 895 1335 τὸν
916 1260 1059 1325 νοῦν,
1089 1263 1183 1315 καὶ
1205 1261 1284 1332 τῷ
1309 1262 1449 1332 λόγῳ
1478 1263 1693 1315 ἐπιϐαλε-

147 1344 301 1408 λοντες,
325 1346 414 1398 τὸν
448 1346 582 1399 νοῦν
622 1350 1021 1420 σημαινόμενον
1052 1350 1264 1423 ὁρῶμεν
1298 1352 1375 1422 τῷ
1411 1352 1655 1422 λογισμῷ
1676 1368 1687 1378 '
1720 1364 1725 1371 ‘

147 1438 282 1507 πολλῷ
307 1438 465 1491 πλέον
500 1439 715 1509 μείζονι
750 1444 1017 1513 φαντασία
1050 1444 1142 1496 καὶ
1167 1443 1483 1515 ἀσυγκρίτῳ
1516 1445 1688 1515 ὑπερ-

146 1531 216 1598 οχῇ
252 1527 335 1581 τοῦ
368 1530 549 1598 Λόγου
606 1532 705 1602 τὴν
750 1532 977 1602 δύναμιν
1010 1534 1272 1603 ὁρῶντες,
1310 1535 1515 1587 ἔννοιαν
1544 1534 1684 1604 λαμ-

1794 810 1883 877 qni
1910 806 2138 861 Verbum
2159 807 2250 861 Dei
2276 810 2570 877 cognoscit,
2596 806 2711 876 ejus
2727 823 2938 877 quoque
2967 821 3171 877 patrem
3199 813 3363 867 Deum

1792 909 2084 967 cognoscat
2132 915 2350 954 necesse
2393 910 2496 965 est,
2550 915 2617 954 ex
2662 916 2771 969 quo
2817 901 2940 970 quia
2974 902 3199 967 oriatur,
3241 903 3365 967 jure

1794 992 1988 1046 merito
2051 990 2135 1045 sui
2188 992 2372 1046 Patris
2401 992 2667 1060 interpres
2697 1000 2750 1044 et
2778 993 2997 1047 nuntius
3044 982 3371 1062 appellatur,

1792 1083 1951 1151 idque
1975 1096 2039 1135 ex
2065 1082 2148 1135 his
2172 1096 2289 1150 quae,
2314 1082 2366 1135 in
2391 1083 2545 1137 nobis
2574 1082 2710 1144 ﬁunt
2740 1081 3179 1153 licetpercipere.
3212 1083 3369 1137 Nam-

1789 1188 1895 1242 que.
1937 1172 1981 1226 si
2027 1181 2258 1225 mentem
2291 1172 2493 1226 fontem
2521 1188 2643 1228 esse
2676 1175 3020 1244 intelligimus
3047 1174 3196 1229 verbi
3252 1174 3369 1229 sive

1788 1262 2056 1317 sermonis
2091 1263 2178 1331 qui
2211 1264 2279 1316 ab
2308 1262 2526 1317 homine
2566 1263 2807 1331 proﬂuit,
2844 1278 3255 1334 sermonemque
3286 1272 3370 1317 at-

1794 1352 2089 1417 tendentes,
2122 1364 2353 1406 mentem
2373 1366 2489 1420 qua:
2524 1352 2614 1407 illo
2647 1353 3002 1421 significatur,
3033 1355 3364 1424 cogitatione

1795 1442 2105 1497 cernimus:
2140 1443 2305 1498 multo
2324 1444 2690 1512 certemajori
2717 1455 2772 1498 et
2795 1444 3003 1500 inﬁnite
3028 1448 3368 1514 praistantio-

1794 1532 1836 1585 ri
1867 1532 2071 1586 ratione
2097 1547 2217 1587 cum
2247 1531 2406 1587 Verbi
2435 1533 2687 1587 virtutem
2714 1534 3007 1598 intuemur,
3035 1538 3230 1589 bonum
3252 1536 3375 1605 ejus,

147 1618 331 1689 ϐἁνομεν
373 1622 466 1673 καὶ
502 1621 602 1674 τοῦ
651 1622 856 1691 ἀγαθοῦ
888 1624 1101 1695 Πατρὸς
1142 1625 1327 1689 αὑτοῦ,
1368 1626 1443 1688 ὡς
1472 1626 1632 1688 αὐτὸς
1662 1627 1689 1678 ὁ

1792 1622 2005 1677 Patrem
2041 1625 2220 1679 animo
2249 1626 2535 1694 concipere
2565 1626 2844 1692 debemus,
2874 1638 2930 1680 ut
2980 1628 3092 1697 ipse
3119 1625 3373 1681 Salvator

146 1710 290 1782 Σωτήρ
320 1729 482 1782 φησιν
503 1730 516 1741 ·
563 1713 627 1765 '0
649 1714 755 1783 ἐμὲ
779 1714 1046 1781 ἑωρακὼς
1078 1716 1298 1781 ἑώρακε
1324 1716 1429 1769 τὸν
1460 1716 1690 1784 Πατέρα

142 1817 229 1867 μου
277 1801 399 1871 (98).
453 1803 647 1857 Ταῦτα
693 1804 749 1856 δὲ
784 1806 875 1857 καὶ
916 1808 1064 1858 πᾶσα
1109 1807 1461 1870 θεόπνευστος
1501 1806 1688 1877 Γραφὴ

147 1894 474 1965 οανερώτερον
512 1897 610 1948 καὶ
645 1896 787 1950 κατά
822 1897 1005 1967 μεῖζον
1056 1899 1346 1969 κηρύττει,
1396 1898 1487 1966 ἀφ’
1522 1892 1596 1950 ὧν
1625 1898 1687 1968 δὴ

145 1984 218 2035 καὶ
246 1986 388 2054 ἡμεῖς
432 1986 842 2058 τεθαρρηκότες
888 1988 1059 2041 ταῦτά
1100 2006 1182 2041 σοι
1229 1989 1547 2060 γράφομεν,
1596 1990 1689 2042 καὶ

144 2078 213 2136 σὺ,
254 2078 467 2141 ταύταις
534 2079 903 2149 ἐντυγχάνων,
961 2078 1166 2149 δυνήσῃ
1224 2080 1329 2132 τῶν
1380 2079 1688 2149 λεγομένων

144 2170 256 2239 ἔχειν
287 2170 375 2241 τὴν
421 2170 631 2225 πίστιν.
679 2170 851 2238 Λόγος
882 2172 990 2242 γὰρ
1029 2175 1093 2225 ὲκ
1144 2172 1406 2243 μειζόνων
1441 2171 1689 2241 βεϐαιού-

146 2276 288 2327 μενος,
329 2262 726 2333 ἀναντίρρητον
785 2262 899 2331 ἔχει
952 2264 1050 2334 τὴν
1102 2263 1395 2327 ἀπόδειξιν.
1448 2264 1688 2315 ’Λνωθεν

141 2349 285 2401 τοίνυν
318 2352 443 2423 περὶ
472 2353 575 2424 τῆς
608 2352 720 2405 τῶν
754 2354 986 2407 εἰδώλων
1030 2356 1359 2426 ἀναιρέσεως
1402 2371 1688 2426 προησφα-

120 2438 283 2503 ’λίζετο
308 2442 392 2495 τὸν
439 2444 553 2514 (99)
598 2445 867 2499 Ἰουδαίων
902 2446 1026 2499 λαὸν
1051 2449 1078 2500 ὁ
1105 2447 1244 2510 θεῖος
1272 2448 1443 2515 Λόγος
1476 2448 1648 2516 λέγων
1668 2466 1681 2478 ·

146 2533 215 2584 Οὐ
262 2534 526 2601 ποιήσεις
592 2536 831 2601 σεαυτῷ
902 2537 1187 2600 εἴδωλον,
1248 2538 1390 2592 οὐδὲ
1459 2540 1686 2605 παντὸς

144 2622 380 2690 ὁμοίωμα,
404 2623 523 2678 ὅσα
550 2624 625 2677 ἐυν
645 2624 727 2690 τῷ
754 2625 987 2693 οὐρανῷ
1018 2625 1158 2689 ἅνω,
1188 2628 1285 2679 καὶ
1316 2628 1412 2680 ἐπὶ
1440 2626 1545 2694 τῆς
1571 2627 1681 2697 γῆς

145 2712 285 2765 κάτω.
310 2716 417 2785 Τὴν
454 2715 514 2767 δὲ
552 2716 737 2768 αἰτίαν
772 2716 869 2786 τῆς
899 2716 1101 2771 τούτων
1144 2718 1536 2788 καθαιρέσεως,
1572 2720 1687 2772 ἐτέ-

146 2819 235 2873 ρως
260 2808 499 2877 σημαίνει
528 2808 707 2876 λέγων
727 2824 740 2837 ·
781 2808 856 2861 Τὰ
880 2808 1101 2863 εἴδωλα
1135 2810 1251 2863 τῶν
1285 2811 1476 2865 ἐθνῶν
1502 2812 1683 2881 ἀργύ-

140 2913 247 2963 ριον
269 2901 352 2953 καὶ
377 2902 661 2969 χρυσίον,
690 2902 834 2971 ἔργα
870 2900 1084 2972 χειρῶν
1109 2902 1453 2970 ἀνθρώπων.
1490 2904 1685 2972 Στόμα

144 2986 335 3053 ἔχουσι,
373 2991 469 3045 καὶ
505 2993 579 3045 σὺ
608 2992 1031 3060 λαλήσουσιν·
1065 2993 1410 3062 ὀφθαλμοὺς
1449 2993 1683 3060 ἔχουσι,

146 3076 223 3128 καί
256 3079 349 3131 οὐκ
383 3080 659 3148 ὄψονται·
692 3076 813 3135 ὦτα
849 3081 1083 3150 ἔχουσι,
1122 3082 1222 3135 καί
1254 3085 1365 3136 οὐκ
1388 3084 1686 3136 ἀκούσον-

146 3178 246 3215 ται’
268 3166 428 3232 ῥῖνας
457 3168 679 3236 έχουσι
712 3169 791 3240 (Ι)
814 3209 829 3234 ,
867 3170 964 3223 καὶ
992 3174 1103 3225 οὐκ
1136 3172 1684 3241 ὅσφρανθιξσονται.

146 3252 312 3320 Χεῇοας
356 3257 603 3325 ἔχουσι,
655 3259 757 3311 καὶ
823 3261 894 3313 οὐ
949 3261 1428 3329 ψηλαριξσουσι·
1498 3261 1689 3327 πόδας

146 3346 334 3413 ἔχουσι,
361 3350 457 3403 καί
480 3353 556 3405 οὐ
592 3351 1140 3419 περιπατήσουσιν.
1184 3354 1258 3405 Οὐ
1292 3352 1601 3423 σεσιώπηκε
1632 3353 1688 3405 δὲ

147 3436 222 3505 τὴν
237 3441 347 3509 περὶ
368 3441 467 3509 τῆς
493 3442 731 3503 κτίσεως
758 3441 1103 3495 διδασκαλίαν
1124 3460 1137 3472 ο
1166 3442 1302 3496 ἀλλά
1327 3444 1420 3496 καὶ
1445 3442 1591 3513 μάλα
1613 3444 1687 3511 (2)

149 3525 268 3589 εἰδὼς
286 3529 453 3583 αὐτῶν
482 3530 543 3583 τὸ
578 3530 800 3594 κάλλος,
826 3532 913 3584 ἵνα
953 3533 1026 3602 μή
1068 3549 1230 3595 τινες,
1256 3531 1331 3601 τῷ
1357 3532 1541 3585 κάλλει
1568 3531 1691 3584 τού-

149 3628 227 3666 των
246 3618 720 3688 ὲναποόλέψαντες,
746 3619 843 3687 οὐχ
864 3619 937 3681 ὡς
961 3619 1095 3689 ἔργα
1120 3618 1276 3682 Θεοῦ,
1303 3618 1413 3671 ἀλλ’
1439 3618 1513 3681 ὡς
1535 3618 1688 3681 θεοὺς

149 3698 511 3771 θρησκεύσωσι,
546 3706 1017 3778 προασφαλίζεται
1060 3709 1185 3770 τοὺς
1236 3706 1555 3778 ἀνθρώπους
1600 3706 1688 3760 λέ-

150 3804 256 3853 γωνο
290 3794 390 3848 Καὶ
413 3795 503 3865 μὴ
542 3795 901 3863 ἀναϐλέψας
930 3796 1052 3863 τοῖς
1079 3796 1406 3864 ὀφθαλμοῖς
1428 3797 1524 3849 καὶ
1550 3795 1692 3850 ἰδὼν

150 3880 228 3931 τὸν
252 3884 411 3951 ἥλιον
434 3887 535 3940 καί
568 3886 690 3953 τὴν
720 3886 994 3953 σελήνην
1015 3928 1029 3953 ,
1066 3887 1164 3940 καὶ
1208 3886 1404 3940 πάντα
1444 3888 1551 3940 τὸν
1592 3887 1692 3941 κό-

150 3984 269 4036 σμον
296 3976 394 4029 τοῦ
440 3976 716 4045 adparat“)
752 3978 1100 4045 πλανηθεὶς,
1125 3978 1562 4047 προσκυνήσῃς
1585 3981 1691 4032 αὺ-

152 4061 258 4127 τῦῖς,
300 4064 334 4118 ἆ
377 4066 667 4135 ἀπένειμε
712 4068 927 4135 Κύριος
972 4071 1005 4121 ὁ
1047 4069 1189 4133 Θεός
1230 4085 1345 4122 σου
1380 4068 1527 4125 πᾶσι
1565 4067 1690 4135 τοῖς

151 4151 305 4209 ἔθνεσι
339 4158 462 4225 τοῖς
506 4158 795 4212 ὑποκάτω
837 4159 943 4212 τοῦ
982 4160 1259 4226 οἲψανοῦ.
1309 4161 1593 4231 ’Λπὲνειμε
1633 4160 1690 4212 δὲ

1712 2948 1755 3005 C

152 4242 223 4295 οὐκ
248 4248 317 4311 εἰς
343 4250 401 4302 τὸ
427 4246 572 4304 εἶναι
607 4250 766 4313 θεοὺς
807 4252 987 4313 αὐτοῖς
1016 4252 1174 4312 αὐτὰ,
1206 4251 1319 4305 ἀλλ’
1353 4254 1438 4307 ἵνα
1468 4257 1533 4325 τῇ
1566 4254 1688 4306 τού·
1721 4282 1762 4334 D

151 4342 227 4384 των
252 4338 486 4411 ἐνεργείᾳ
512 4338 861 4408 γινώσκωσιν
901 4342 947 4392 ol
988 4342 1094 4393 ἀπὸ
1125 4342 1231 4394 τῶν
1259 4342 1427 4395 ἐθνῶν
1457 4345 1547 4396 τὸν
1581 4343 1688 4397 τῶν

152 4424 322 4482 πάντων
342 4432 675 4504 δημιουργὸν
706 4432 837 4484 Θεὸν
871 4433 968 4503 (5),
990 4432 1176 4505 ὥσπερ
1211 4434 1442 4505 εἴρηται.
1494 4436 1550 4488 Ὀ
1581 4440 1689 4506 γάρ

162 4513 380 4575 Ἰτουδαίων
405 4525 574 4578 πάλαι
606 4524 737 4587 λαὸς
765 4524 905 4577 κατά
936 4526 1115 4577 πλεῖον
1154 4520 1267 4595 εἶχε
1296 4526 1395 4596 τὴν
1435 4526 1689 4580 διδασκα-

153 4602 259 4673 lim,
282 4614 352 4665 ὅτι
385 4615 459 4686 μὴ
492 4617 657 4686 μόνον
689 4617 754 4667 ὲκ
788 4616 896 4668 τῶν
922 4617 1019 4687 τῆς
1064 4618 1293 4681 κτίσεως
1326 4618 1524 4689 ἔργων,
1554 4618 1690 4672 ἀλλά

155 4701 221 4751 καὶ
243 4704 296 4755 ὲκ
320 4706 423 4760 τῶν
452 4707 617 4761 θείων
652 4706 886 4779 Γραφῶν
926 4704 1069 4776 εἶχον
1103 4708 1200 4778 τὴν
1227 4708 1354 4779 περὶ
1384 4710 1516 4762 Θεοῦ
1545 4709 1688 4778 γνῶ-

157 4802 229 4841 σιν.
264 4794 364 4848 Καὶ
407 4798 636 4851 καθόλου
690 4798 747 4851 δὲ
794 4800 918 4861 τοὺς
960 4798 1278 4870 ἀνθρώπους
1318 4800 1391 4871 (4)
1440 4802 1547 4854 ἀπὸ
1592 4802 1688 4870 τῆς

155 4883 251 4950 πρ)
273 4886 332 4939 τὰ
370 4890 562 4944 εἴδωλα
593 4889 806 4959 πλάνης
838 4890 931 4943 καὶ
964 4890 1158 4958 ἀλόγου
1194 4893 1493 4959 φαντασίας
1526 4892 1690 4961 ἀφέλ-

155 4984 254 5037 κων,
291 4979 481 5049 φησίν·
515 4983 642 5035 Οὐκ
674 4982 923 5035 ἔσονταί
972 4999 1071 5035 σοι
1120 4982 1241 5035 θεοί
1288 4982 1477 5051 ἕτεροι
1520 4985 1688 5051 πλὴν

152 5059 281 5125 ἐμοῦ.
312 5071 415 5141 Οὐχ
450 5070 524 5135 ὡς
557 5072 731 5125 ὄντων
760 5071 817 5125 δὲ
857 5071 993 5125 θεῶν
1032 5072 1204 5127 ἄλλων
1234 5073 1429 5126 κωλύει
1467 5073 1686 5136 τούτους

154 5149 310 5220 αὖτοὺς
328 5159 486 5231 ἔχειν,
513 5164 631 5217 ἀλλ’
659 5162 748 5215 ἵνα
776 5164 851 5234 μή
878 5180 982 5230 τις,
1012 5163 1103 5216 τὸν
1128 5163 1378 5235 ἀληθινὸν
1414 5166 1687 5234 ἀποστρα-

1792 1715 1866 1769 ait
1897 1733 1909 1767 :
1949 1715 2054 1779 Qui
2096 1716 2231 1768 videt
2259 1731 2360 1781 me,
2406 1717 2540 1770 videt
2570 1727 2619 1771 et
2656 1715 2873 1771 Patrem
2901 1719 2965 1771 ".
3006 1716 3204 1772 Verum
3257 1717 3372 1773 hac

1789 1806 1975 1862 eadem
2006 1806 2200 1860 clarius
2229 1814 2284 1861 et
2319 1808 2537 1861 uberius
2564 1808 2757 1863 docent
2796 1808 3089 1878 Scriptura:
3117 1809 3373 1865 divinitus

1791 1896 2085 1965 inspiratre,
2118 1896 2313 1965 quibus
2358 1911 2454 1950 nos
2508 1897 2755 1962 ﬁdentes,
2803 1900 2904 1952 ista
2937 1900 3027 1953 tibi
3058 1899 3368 1955 scribimus.

1788 1988 1879 2043 Tu
1897 2003 2023 2041 vero
2053 1988 2096 2041 si
2126 1988 2180 2041 in
2204 1987 2417 2041 illarum
2452 1989 2733 2043 lectionem
2779 1989 3059 2044 incumbes
3104 1990 3216 2043 haec
3250 2005 3371 2058 qua:

1789 2078 2122 2147 disputamus
2173 2091 2300 2130 vera
2328 2091 2446 2133 esse
2475 2078 2679 2146 poteris
2706 2078 3033 2145 perspicere.
3085 2078 3368 2147 Siquidem

1788 2184 1965 2224 sermo
2001 2169 2260 2238 majorum
2303 2169 2625 2222 auctoritate
2647 2168 2998 2222 conﬁrmatus
3046 2182 3150 2221 non
3191 2176 3371 2235 potest

1788 2258 1915 2327 quin
1944 2258 2103 2311 tidem
2129 2256 2313 2310 iaciat.
2340 2256 2525 2325 Itaque
2553 2258 2660 2324 jam
2696 2256 2825 2309 olim
2855 2254 3089 2308 Verbum
3125 2256 3367 2309 divinum

1787 2347 2092 2403 Judrcorum
2121 2347 2373 2416 populum
2427 2349 2685 2402 adversus
2712 2347 2851 2401 idola
2900 2347 2984 2401 his
3014 2347 3195 2401 verbis
3232 2361 3369 2415 pra:-

1788 2441 2062 2495 tnuniebat
2095 2455 2109 2491 :
2146 2438 2267 2491 Non
2302 2439 2464 2507 [acies
2497 2439 2589 2491 tibi
2622 2439 2842 2503 idolum,
2906 2454 3063 2507 neque
3100 2438 3260 2491 ullius
3295 2439 3369 2491 rei

1785 2533 2205 2595 similitudinem,
2242 2532 2348 2584 sire
2387 2547 2558 2584 rerum
2583 2547 2699 2600 qua:
2738 2546 2946 2584 sursum
2983 2531 3035 2583 in
3073 2529 3199 2582 cwlo
3222 2539 3367 2592 sunt,

1785 2625 1892 2678 sive
1919 2640 2035 2693 qua:
2056 2626 2297 2675 deorsum
2327 2624 2380 2675 in
2401 2633 2539 2674 terra
2557 2622 2621 2675 “.
2647 2622 2876 2685 Causam
2904 2628 3081 2674 autem
3112 2636 3209 2674 cur
3240 2617 3369 2686 reii-

1786 2717 1977 2771 cieuda
2010 2716 2118 2769 sint
2149 2714 2307 2767 aliter
2348 2718 2417 2768 ita
2442 2713 2681 2769 declarat
2731 2730 2745 2770 :
2796 2712 3095 2767 Simulacra
3138 2711 3372 2780 gentium

1787 2815 2058 2876 argentum
2111 2814 2159 2858 et
2228 2820 2439 2868 aurum,
2481 2820 2636 2871 Opera
2670 2818 2919 2855 manuum
2953 2802 3243 2858 hominum.
3296 2801 3369 2856 0s

1787 2897 1998 2958 habent,
2028 2905 2074 2948 et
2114 2911 2217 2947 non
2247 2894 2554 2962 loquentur;
2577 2896 2752 2946 oculos
2777 2895 2992 2958 habent,
3025 2902 3071 2945 et
3102 2908 3204 2944 non
3229 2892 3371 2945 ride-

1790 2989 1934 3040 bunt.
1971 2988 2139 3039 Aures
2168 2985 2379 3049 habent,
2403 2995 2449 3037 et
2479 3001 2580 3037 non
2607 2985 2821 3037 audient
2845 3000 2863 3047 ;
2892 3000 3041 3036 nares
3076 2983 3282 3047 habent,
3318 2989 3368 3034 et

1788 3092 1892 3131 non
1914 3075 2229 3128 odorabunt.
2258 3073 2447 3124 Manus
2471 3071 2684 3134 habent,
2711 3081 2757 3122 et
2793 3085 2893 3122 non
2924 3068 3244 3137 palpabunt;
3278 3082 3370 3135 pc-

1788 3167 2115 3229 tles'habent,
2153 3174 2199 3218 et
2223 3179 2324 3214 non
2352 3163 2691 3215 ambulabunt
2720 3162 2785 3212 ’⁷.
2819 3160 2927 3215 Nec
2954 3160 3117 3214 etiam
3146 3160 3274 3229 quid
3302 3160 3371 3215 de

1788 3256 1950 3309 rebus
1986 3252 2180 3307 creatis
2209 3252 2412 3306 sentire
2444 3251 2756 3315 debeamus,
2786 3265 2885 3304 nos
2926 3250 3117 3304 docerc
3148 3249 3365 3305 omisit:

1788 3347 1882 3400 scd
1938 3361 2059 3400 cum
2094 3344 2303 3397 illarum
2335 3342 2680 3413 pulchritudo
2713 3343 2912 3410 optime
2947 3342 3044 3411 ipsi
3090 3352 3371 3412 perspecta

1788 3440 1951 3493 esset,
1979 3446 2045 3483 ne
2069 3430 2232 3498 aliqui
2262 3444 2449 3483 earum
2474 3430 2705 3497 speciem
2741 3430 3017 3493 admirati,
3046 3446 3151 3484 non
3184 3441 3244 3484 ut
3276 3429 3371 3484 Dci

1789 3536 1976 3589 spera,
2010 3521 2105 3576 sed
2129 3522 2187 3574 ut
2208 3521 2337 3575 deos
2375 3520 2637 3584 colerent,
2680 3522 2923 3574 homines
2956 3518 3024 3573 ab
3048 3520 3151 3574 hoc
3187 3534 3375 3576 errore

1791 3612 2004 3675 avertit,
2034 3611 2222 3666 dicens
2254 3626 2268 3663 :
2304 3610 2487 3681 Neque
2520 3611 2686 3665 oculis
2716 3610 2995 3675 respiciens
3024 3620 3070 3663 et
3097 3609 3271 3664 videns
3294 3627 3376 3663 so-

1790 3705 1889 3757 lent
1917 3715 1962 3757 et
1979 3702 2170 3756 lunam
2211 3712 2258 3757 et
2299 3718 2501 3756 onmem
2530 3712 2775 3755 ornatum
2819 3700 2957 3767 cali,
2996 3700 3239 3769 deceptus
3280 3700 3373 3753 illa

1791 3796 2121 3859 adoraveris,
2166 3811 2283 3864 qua:
2313 3795 2455 3847 dedit
2485 3793 2744 3847 Dominus
2777 3791 2918 3845 Deus
2956 3802 3076 3843 tuus
3132 3791 3372 3844 omnibus

1790 3888 2028 3956 gentibus
2069 3903 2184 3956 qua:
2236 3886 2330 3939 sub
2368 3885 2494 3937 caelo
2540 3896 2657 3937 sunt
2677 3883 2744 3934 ⁸⁸.
2790 3882 2944 3936 Dedit
2978 3894 3139 3951 porro
3179 3896 3282 3933 non
3315 3889 3377 3934 ut

1793 3977 1925 4046 ipsis
1954 3976 2027 4031 dii
2055 3985 2255 4041 essent,
2297 3976 2392 4030 sed
2432 3985 2485 4027 ut
2514 3983 2699 4043 gentes
2731 3973 2897 4027 Deum
2934 3974 3172 4026 omnium
3215 3972 3374 4042 opili-

1792 4083 1907 4122 cem
1947 4082 2129 4129 rerum
2182 4067 2398 4121 illarum
2452 4066 2733 4120 elIectibus
2790 4076 3163 4135 agnoscerent.
3202 4064 3373 4118 Juda:i

1791 4160 1931 4213 enim
1955 4158 2183 4228 pleniori
2208 4158 2455 4213 doctrina
2486 4158 2614 4211 olim
2658 4158 2849 4211 imbuti
2875 4157 3047 4219 fuere,
3066 4158 3264 4226 quippe
3284 4156 3376 4225 qui

1793 4264 1897 4304 non
1929 4250 2102 4305 solum
2119 4266 2185 4305 ex
2206 4265 2385 4304 rerum
2403 4260 2707 4304 creatarum
2726 4248 3002 4317 operibus,
3022 4250 3113 4301 sed
3128 4249 3287 4301 etiam
3308 4263 3376 4301 ex

1791 4339 1987 4393 divinis
2016 4338 2316 4408 Scripturis
2342 4339 2437 4392 Dei
2460 4338 2821 4407 cognitionem
2852 4338 3134 4390 haberent.
3159 4336 3378 4389 Univer-

1792 4430 1894 4484 sim
1927 4444 2142 4500 quoque
2176 4430 2424 4484 homines
2452 4430 2520 4484 ab
2549 4444 2735 4483 errore
2770 4438 2822 4481 et
2855 4426 3021 4482 stulta
3051 4428 3377 4497 cogitatione

1793 4523 2110 4576 idololatria:
2135 4538 2416 4589 revocans,
2444 4522 2522 4574 ait
2545 4535 2558 4574 :
2584 4520 2707 4574 Non
2726 4530 2877 4574 erunt
2906 4521 2998 4572 tibi
3021 4520 3094 4572 dii
3117 4518 3211 4572 alii
3236 4534 3377 4589 pra:—

1794 4628 1871 4669 ιη
1901 4630 1981 4668 me
2008 4614 2075 4669 ”.
2103 4612 2217 4667 Non
2258 4627 2418 4684 porro
2456 4613 2607 4682 quasi
2638 4612 2728 4667 alii
2759 4611 2833 4666 dii
2862 4625 2986 4666 vere
3017 4619 3219 4676 essent,
3257 4609 3377 4667 illos

1794 4711 2041 4781 prohibet
2067 4708 2243 4764 colere
2279 4724 2293 4761 :
2333 4708 2426 4763 sed
2485 4722 2552 4762 ne
2596 4707 2718 4776 quis
2749 4721 2876 4761 vero
2908 4706 3017 4760 Deo
3067 4703 3375 4773 repudiato,

1796 4818 1883 4857 res
1912 4817 2031 4870 quae
2060 4800 2217 4855 nulla:
2257 4810 2382 4855 sunt
2412 4800 2542 4855 deos
2569 4800 2668 4853 sibi
2700 4800 2902 4868 lingere
2935 4797 3215 4867 inciperet,
3240 4810 3378 4865 qua-

1794 4893 1873 4946 les
1902 4891 2109 4947 scilicet
2137 4892 2225 4959 qui
2255 4891 2392 4958 apud
2430 4901 2614 4960 poetas
2643 4901 2695 4944 et
2730 4891 3021 4959 scriptorcs
3071 4904 3377 4945 uicinoran-

1797 4992 1903 5049 tur,
1930 4996 2173 5051 quosque
2214 4981 2343 5036 deos
2393 4998 2499 5036 non
2532 4996 2652 5037 esse
2688 4995 2719 5035 a
2752 4983 2909 5036 nobis
2957 4990 3235 5037 ostensum
3268 4989 3375 5037 cst.

1798 5074 1923 5129 llrec
1962 5083 2139 5128 autem
2170 5074 2354 5137 verba,
2382 5091 2483 5128 non
2516 5074 2625 5145 36
2652 5085 2802 5129 erunt
2851 5075 2944 5127 tibi
2979 5075 3056 5127 dii
3095 5074 3212 5139 alii,
3257 5072 3378 5127 illos

1794 5168 1922 5222 deos
1956 5182 2060 5220 non
2096 5182 2217 5222 esse
2256 5167 2538 5223 manifeste
2567 5167 2818 5237 probant,
2874 5176 3141 5237 quatenus
3188 5179 3378 5233 nempe

201 5285 238 5315 ’³
269 5288 407 5347 Joan.
436 5311 548 5362 XIV,
582 5294 638 5349 9.
713 5295 760 5326 ¹⁶
785 5295 953 5350 Exod.
986 5313 1078 5363 xx,
1108 5308 1162 5350 ο.
1238 5299 1281 5329 ’⁷
1312 5298 1453 5352 Psal.
1508 5314 1661 5363 cun,
1698 5298 1819 5351 L7.
1895 5298 1941 5331 “
1975 5280 2194 5354 Denter.
2242 5314 2314 5364 IV,
2356 5296 2444 5351 l9.
2518 5300 2561 5330 ³⁸⁸
2583 5299 2749 5353 Exod.
2791 5314 2879 5360 sx,
2910 5300 2964 5351 '5.

202 5398 318 5473 (97)!
346 5405 437 5469 Τις
486 5406 553 5460 ἄν
580 5408 735 5461 deest
764 5404 814 5457 in
866 5404 1090 5473 Segner.
1139 5406 1356 5461 Gobler.
1390 5406 1626 5462 Felckm.
1654 5409 1676 5461 l

150 5473 277 5547 ξιιοιι.
301 5471 455 5547 Paulo
490 5486 611 5545 post
644 5489 744 5547 pro
773 5471 1094 5547 ἀνθρώπων.
1136 5477 1359 5547 Seguer.
1401 5479 1561 5531 habet
1588 5480 1684 5531 ἀν·

144 5527 756 5616 «assummum
767 5527 959 5616 τούτου
973 5527 1115 5600 «ea.
1148 5527 1379 5599 manu.
1400 5527 1684 5616 ἐιλὶὶειῖίι.

144 5662 169 5717 Β
202 5604 300 5673 (98)
323 5610 436 5689 Dico
470 5617 621 5695 deest
661 5604 724 5667 iu'
745 5614 969 5684 Seguer.
1007 5630 1105 5670 nec
1143 5616 1337 5687 legitur
1364 5617 1416 5672 in
1444 5604 1687 5689 Evange-

172 5683 364 5729 osanctt
392 5680 635 5734 Joannis.
1234 5706 1239 5710 ’

268 5687 364 5729 ucti
392 5687 635 5737 Joannis.
1234 5706 1239 5710 '

198 5742 296 5813 (99)
323 5747 555 5809 Felckm.
591 5756 627 5809 5
659 5769 826 5810 anon.
856 5754 965 5808 τῶν
999 5754 1087 5809 hic
1125 5750 1294 5813 addit.

1862 5410 1936 5492 (Ιὶ)
1983 5411 2162 5492 Έζνας
2195 5410 2397 5492 ἔχουσι,
2440 5414 2532 5464 καὶ
2554 5412 2653 5465 οὐκ
2670 5412 2903 5492 όσφραν;
2929 5425 3046 5492 οιιι..
3076 5408 3199 5492 ξοδ.

1864 5475 1941 5552 (2)
1981 5475 2292 5534 Felckni."5
2338 5500 2502 5535 anon.
2536 5495 2583 5535 cl
2618 5475 2977 5552 είιὶιῖμᾷλλον
3033 5482 3105 5531 ld.
3133 5475 3371 5552 Felckm.

1789 5552 1824 5605 5
1851 5547 2013 5604 anon.
2046 5552 2212 5605 Paulo
2243 5563 2359 5618 pOs'l
2400 5552 2557 5603 habet
2594 5547 3054 5617 ἐναποὸλέψαντες
3082 5565 3095 5601 :
3132 5547 3221 5600 alii
3247 5559 3377 5601 vero

1790 5638 1913 5675 cum
1941 5624 2123 5682 editis,
2160 5620 2589 5687 dxoﬂi.é:',av:s;.

1977 5690 2114 5771 ρεόν
2139 5692 2289 5771 ἀιενὶι
2319 5694 2369 5771 in
2401 5692 2635 5771 §»‘$Ilt'l‘.

1863 5757 1941 5829 (ι)
1974 5758 2116 5815 Basil
2148 5799 2160 5822 ,
2187 5762 2299 5822 τοῖς
2329 5757 2660 5829 ἀνθρώποις.
