4010 6506
61 4 462 111 π
1625 39 1716 57 λ

183 381 236 439 93
1275 379 1530 438 ORATIO
1560 379 1839 436 CONTRA
1876 379 2170 437 GENTES.
3326 381 3398 435 94

176 495 262 565 γὰρ
283 489 358 565 ἦν,
385 493 499 546 ἀλλ’
537 493 733 564 ἔμελλε
763 495 1036 564 γίγνεσθαι
1059 513 1071 526 ο
1103 497 1272 561 οὐδεὶς
1305 499 1361 551 δὲ
1390 498 1466 569 τῷ
1501 497 1575 568 μὴ
1607 497 1718 549 δντι

1826 505 1902 550 est
1937 497 2164 565 imperat
2199 505 2250 549 et
2286 494 2414 548 dicit
2447 502 2503 547 ut
2535 493 2646 547 ﬁat.
2685 491 2814 546 Nam
2849 494 2891 548 si
2931 493 3087 548 rebus
3111 510 3230 564 quae
3261 495 3402 550 futu-

177 586 312 652 Mtai,
353 585 467 637 οὐδὲ
527 589 612 650 είς
649 587 709 638 τὸ
753 587 998 655 γενέσθαι
1050 588 1126 659 τῷ
1177 590 1400 659 μηδέπω
1441 589 1715 659 γενομένῳ

178 679 456 749 προστάττει
493 678 594 731 καὶ
632 678 801 732 λαλεῖ.
839 680 899 732 El
927 680 1036 751 γὰρ
1079 683 1191 743 τοῖς
1232 682 1507 750 ἐσομένοις
1547 698 1716 752 προσ-

177 767 353 821 έταττεν
376 768 403 818 ό
431 765 595 838 Θεὸς,
622 767 730 820 ἔδει
759 768 936 836 λέγειν
962 769 1143 822 αὐτόν·
1169 768 1349 833 Γενοῦ,
1376 769 1592 840 οὑρανὲ,
1627 773 1720 824 καὶ

175 856 315 926 γενοῦ,
352 856 443 927 γῆ,
483 859 584 910 καὶ
618 858 834 924 ἔξελθε,
886 859 1102 930 βοτάνη,
1153 861 1246 912 καὶ
1301 859 1576 932 ποιήθητι,
1626 861 1720 915 ἄν-

175 949 316 1019 θρωπε
337 964 348 976 ο
376 946 477 1000 νῦν
527 947 586 1001 δὲ
631 949 790 1002 τοῦτο
834 951 934 1020 μὲν
967 952 1064 1004 οὑκ
1095 952 1316 1020 ἐποίησε
1339 969 1351 981 ·
1390 952 1717 1023 προστάττει

173 1038 213 1090 δὲ
253 1037 440 1106 λέγων·
499 1040 862 1110 Ποιήσωμεν
897 1043 1228 1110 ἄνθρωπον,
1284 1044 1380 1096 καὶ
1430 1044 1719 1108 ἐξελθέτω

169 1132 384 1200 βοτάνη·
422 1133 522 1202 ἀφ’
559 1128 637 1186 ὧν
678 1135 952 1187 δείκνυται
991 1136 1018 1186 ὁ
1062 1135 1191 1198 Θεὸς
1235 1135 1344 1204 (14)
1387 1136 1462 1198 ὡς
1494 1136 1718 1205 πλησίον

171 1226 250 1276 τινὶ
280 1224 662 1294 διαλεγόμενος
695 1227 823 1295 περὶ
861 1226 1083 1279 τούτων.
1117 1225 1326 1278 Οὐκοῦν
1356 1227 1568 1297 ἀνάγκη
1597 1244 1720 1279 συν-

159 1315 273 1387 ,εἷναί
316 1331 432 1366 τινα
479 1315 686 1385 τούτῳ,
801 1317 892 1370 καὶ
929 1316 1129 1386 ὁμιλῶν
1159 1316 1329 1370 ἐποίει
1361 1318 1428 1370 τὰ
1471 1317 1584 1372 ὅλα.
1623 1318 1718 1380 Τίς

170 1399 237 1458 οὖν
262 1405 314 1458 ἂν
348 1407 436 1476 εἴη
472 1409 523 1459 εί
576 1406 653 1478 μὴ
755 1406 942 1460 τούτου
977 1408 1180 1476 Λόγος;
1226 1408 1330 1461 τίνι
1364 1409 1472 1480 γὰρ
1522 1409 1586 1463 ἄν
1635 1427 1718 1473 τις

169 1497 268 1567 ςαίη
299 1498 427 1550 Θεὸν
457 1498 738 1570 ὁμιλεῖνή
779 1499 855 1569 τῷ
880 1500 1072 1552 ἑαυτοῦ
1102 1501 1290 1571 Λόγῳ;
1331 1501 1401 1554 Ἦ
1433 1500 1515 1564 τίς
1546 1501 1719 1572 τούτῳ

171 1591 295 1661 σινῆν
323 1591 576 1646 ποιοῦντι
615 1593 717 1664 τὴν
751 1592 981 1662 γενητὴν
1013 1593 1120 1663 (15)
1159 1596 1336 1647 πᾶσαν
1374 1594 1560 1648 οὐσίαν
1599 1595 1631 1665 ἢ
1685 1596 1717 1665 ἡ

168 1684 312 1738 τούτου
347 1686 540 1754 σοφία,
577 1687 611 1756 ἡ
648 1686 907 1755 λέγουσα·
945 1685 1153 1740 Ἦνίκα
1189 1687 1374 1739 ἐποίει
1402 1687 1510 1739 τὸν
1546 1688 1721 1751 οὐρα-

167 1777 248 1829 νὸν
269 1778 355 1832 καὶ
385 1778 506 1845 τὴν
536 1775 682 1846 γῆν,
707 1777 1116 1848 συμπαρήμην
1139 1777 1320 1842 αὐτῷ’
1347 1781 1404 1831 ἐν
1427 1777 1483 1831 δὲ
1511 1781 1575 1848 τῇ
1607 1777 1718 1848 (16)

167 1867 347 1937 οὖρανοῦ
379 1869 480 1921 καὶ
509 1870 616 1940 γῆς
646 1871 934 1940 ὀνομασίᾳ,
969 1871 1146 1924 πάντα
1173 1870 1242 1924 τὰ
1283 1873 1341 1923 ἐν
1380 1869 1594 1940 οὐρανῷ
1624 1871 1718 1923 καὶ

167 1961 214 2030 γῇ
252 1960 445 2030 γενητά
496 1958 1034 2030 συμπεριλαμϐάνει.
1090 1960 1270 2011 Συνὼν
1313 1959 1368 2012 δὲ
1415 1958 1490 2022 ὼς
1536 1959 1715 2028 σοφία,

166 2052 236 2102 καὶ
255 2050 318 2115 ὡς
356 2051 537 2119 Λόγος
580 2051 676 2103 τὸν
724 2050 940 2128 Πατέρα
977 2049 1192 2121 βλέπων
1214 2089 1228 2112 ,
1275 2049 1625 2121 ἐδημιούργει
1659 2051 1720 2102 τὸ

167 2143 245 2193 πᾶν
267 2143 347 2195 καὶ
384 2142 616 2212 συνίστη
652 2143 747 2195 καὶ
779 2141 1050 2212 διεκόσμει
1076 2159 1089 2172 ο
1140 2142 1233 2194 καὶ
1281 2141 1509 2213 δύναμις
1549 2143 1604 2196 δὲ
1645 2142 1720 2196 ὢν

163 2232 231 2284 τοῦ
254 2235 478 2304 Πατρὺς,
515 2234 588 2288 τὰ
608 2234 710 2288 ὅλα
743 2237 824 2298 είς
851 2234 910 2288 τὸ
936 2231 1073 2287 εἶναι
1108 2235 1460 2305 ίσχυροποίει,
1586 2253 1720 2306 φησι

168 2326 282 2380 καίὸ
331 2330 564 2400 Σωτήρο
623 2327 833 2382 Πάντα
899 2327 1014 2381 ὅσα
1071 2327 1283 2391 ,ϐλέπω
1338 2328 1443 2382 τὸν
1489 2329 1720 2398 Πατέρα

165 2418 434 2481 ποιοῦντα,
469 2417 638 2488 κάγὼ
669 2419 884 2488 ὁμοίως
913 2401 1080 2472 πᾍιῶο
1123 2419 1217 2472 καὶ
1253 2418 1318 2471 δι’
1341 2419 1504 2472 αὑτοῦ
1533 2420 1587 2473 δὲ
1606 2421 1717 2491 (17)

166 2508 315 2574 nisi;
350 2510 516 2563 αὑτὸν
547 2509 616 2564 τὰ
647 2510 827 2564 πάντα
851 2511 1129 2579 γεγονέναι
1171 2514 1218 2564 oi
1258 2513 1398 2581 ἱεροὶ
1422 2511 1610 2564 τούτου
1643 2513 1720 2566 δι-

165 2598 383 2655 δάσκουσι
418 2601 692 2672 μαθηταὶ,
724 2603 816 2655 καὶ
843 2602 922 2654 ὃτι
960 2602 1162 2670 ἀγαθὸν
1195 2603 1254 2667 ἐξ
1287 2602 1492 2671 ἀγαθοῦ
1528 2603 1721 2673 γέννη-

168 2707 241 2758 μα,
270 2695 356 2748 καὶ
385 2696 644 2765 ἀληθινὸς
672 2695 802 2758 Υἱὸς
860 2695 1142 2766 ὑπάρχων,
1177 2695 1405 2767 δύναμίς
1463 2697 1578 2749 ἐστι
1626 2695 1719 2748 τοῦ

165 2782 468 2856 Πατρὸς,καὶ
503 2787 693 2856 σοφία,
723 2787 817 2840 καὶ
845 2787 1111 2854 Λόγος,οὐ
1140 2787 1532 2869 κατάιμετοχ-ὴν
1548 2786 1720 2840 ταῦτα

166 2873 240 2941 ὢν,
264 2879 374 2932 οὐδὲ
402 2879 604 2946 ἔξωθεν
633 2879 1032 2950 ἐπιγινομένων
1068 2879 1176 2948 (18)
1207 2879 1412 2932 τούτων
1446 2879 1592 2949 αὐτῷ
1621 2897 1721 2932 κα-

162 2966 216 3020 τὰ
238 2971 351 3034 τοὺς
379 2969 546 3024 αὐτοῦ
605 2971 934 3041 μετέχοντας
975 2971 1067 3022 καὶ
1099 2969 1484 3040 σοφιζομένους
1527 2970 1592 3022 δι’
1625 2971 1721 3023 αὺ-

163 3061 255 3125 τοῦ,
279 3066 364 3117 καὶ
391 3063 656 3126 δυνατοὺς
689 3064 785 3116 καὶ
811 3062 1060 3132 λογικοὺς
1094 3064 1150 3115 ἐν
1203 3063 1350 3134 αὑτῷ
1382 3065 1717 3135 γινομένους,

1069 2847 1246 2860 ...α-..η

1819 602 1891 642 ια’
1916 597 2071 642 erant
2107 588 2403 659 imperabat
2436 585 2594 649 Deus,
2627 585 2775 639 illum
2812 597 3126 656 oportuerat
3177 588 3394 642 dicere:

1821 680 1946 734 Fias
1974 679 2191 744 caelum,
2228 680 2325 733 ﬁas
2366 687 2528 742 terra,
2566 677 2722 745 prodi
2758 675 2944 740 herba,
2990 678 3086 732 ﬁas
3114 679 3296 733 homo.
3327 679 3400 733 At

1820 769 1893 824 ita
1923 786 2025 824 non
2049 772 2173 841 egit,
2216 772 2308 826 sed
2329 771 2480 841 jubet
2499 781 2555 824 et
2587 769 2715 824 dicit
2746 759 3083 822 {Faciamus
3113 770 3396 837 hominem,

1819 873 1894 928 et,
1923 861 2261 918 Producatur
2289 864 2483 928 herba;
2539 861 2731 932 quibus
2770 861 3054 932 perspicue
3101 863 3399 916 ostenditur

1817 954 1986 1010 Deum
2021 970 2144 1010 cum
2179 955 2357 1024 aliquo
2389 955 2488 1009 sibi
2521 955 2768 1024 proximo
2811 955 2898 1008 liic
2960 953 3126 1023 loqui.
3169 953 3400 1010 Necesse

1819 1056 1902 1100 est
1941 1046 2105 1114 igitur
2135 1046 2366 1114 aliquem
2407 1061 2526 1100 eum
2554 1046 2640 1099 illo
2670 1045 2836 1100 fuisse
2865 1045 3080 1114 quicum
3123 1046 3286 1099 etiam
3323 1046 3400 1100 lo-

1820 1150 1993 1203 quens
2024 1136 2205 1189 omnia
2237 1134 2463 1189 faceret.
2491 1134 2622 1201 Quis
2648 1149 2776 1203 ergo
2807 1135 2893 1188 ille
2913 1134 3075 1188 fuerit
3107 1135 3206 1189 nisi
3231 1135 3400 1201 ipsius

1821 1227 2095 1280 Verbum?
2125 1242 2246 1280 cum
2301 1243 2408 1296 quo
2457 1230 2598 1281 enim
2654 1229 2796 1282 Deus
2827 1227 2996 1281 videri
3042 1227 3209 1296 possit
3254 1227 3397 1295 loqui

1821 1337 1980 1391 quam
2002 1337 2125 1377 cum
2151 1335 2252 1374 suo
2287 1320 2499 1374 Verbo?
2528 1321 2622 1375 Vel
2649 1321 2768 1390 quis
2794 1337 2915 1376 cum
2949 1322 3062 1390 ipso
3090 1323 3398 1376 universam

1821 1423 2057 1469 creatam
2079 1423 2320 1466 naturam
2351 1411 2584 1468 faciente
2618 1415 2822 1480 aderat,
2855 1429 3014 1482 quam
3038 1415 3276 1484 ejusdem
3307 1430 3398 1469 sa-

1820 1504 2044 1575 pientia,
2097 1518 2216 1572 qua;
2271 1504 2384 1572 ipsa
2437 1503 2512 1556 ait
2545 1519 2559 1556 :
2591 1501 2815 1566 Quando
2859 1502 3080 1570 faciebat
3133 1502 3313 1556 caelum
3348 1512 3399 1555 et

1821 1603 2038 1653 terram,
2077 1610 2193 1646 cum
2225 1609 2284 1646 eo
2319 1594 2534 1646 aderam
2562 1593 2628 1648 ”.
2659 1591 2790 1646 (Σαιιὶ
2835 1607 2994 1662 porro
3031 1603 3084 1648 et
3114 1603 3267 1647 terra:
3299 1608 3400 1647 nec

1823 1687 1967 1740 mine
2007 1685 2186 1739 omnia
2232 1700 2351 1754 qua:
2392 1685 2445 1739 in
2479 1685 2618 1740 ccelo
2645 1693 2700 1738 et
2734 1693 2874 1738 terra
2912 1684 3052 1739 facta
3089 1695 3216 1740 sunt
3248 1702 3400 1738 com-

1825 1778 2094 1846 plectitur.
2143 1776 2413 1831 Caaterutn
2445 1786 2501 1830 ut
2535 1777 2797 1846 sapientia
2840 1787 2894 1832 et
2926 1786 2985 1830 ut
3015 1775 3245 1831 Verbum
3278 1792 3400 1830 cum

1754 1849 1792 1903 Β
1823 1870 1913 1924 illo
1940 1871 2146 1931 aderat.
2182 1869 2508 1936 Patremque
2540 1871 2828 1938 aspiciens,
2861 1885 2950 1924 res
2986 1869 3265 1922 universas
3293 1867 3402 1938 37

1821 1961 2634 2032 procreabat,componebatque
2652 1977 2712 2015 ac
2733 1960 3072 2015 convenienti
3091 1959 3278 2013 ordine
3291 1958 3404 2012 dis-

1819 2053 2072 2121 ponebat.
2125 2053 2195 2108 Ut
2243 2054 2475 2121 potentia
2518 2053 2646 2108 item
2675 2051 2875 2114 Patris,
2901 2052 3006 2105 vim
3036 2050 3102 2104 ad
3129 2050 3402 2104 exsisten-

1821 2145 1945 2199 dunt
1970 2154 2024 2199 et
2045 2146 2468 2214 permanendum
2489 2145 2593 2199 illis
2621 2144 2986 2213 impertiebat,
3021 2141 3096 2194 uti
3132 2132 3244 2210 ipse
3279 2138 3402 2193 Sal-

1779 2255 1798 2260 ’
1821 2245 1975 2289 valor
2003 2237 2078 2290 ait
2102 2254 2114 2290 :
2141 2234 2333 2290 Omnia
2363 2252 2683 2305 quaecunque
2701 2237 2846 2289 video
2867 2233 3074 2287 Patrem
3097 2233 3397 2302 facientem,

1819 2336 1868 2380 et
1903 2344 1994 2396 ego
2027 2328 2271 2381 similiter
2295 2327 2432 2396 [acia
2463 2327 2530 2379 ⁸ο.
2564 2325 2707 2379 Sane
2736 2341 2830 2395 per
2864 2326 3035 2393 ipsum
3089 2331 3143 2377 et
3199 2323 3251 2375 in
3285 2322 3402 2391 ipso

1819 2419 2000 2474 omnia
2047 2417 2189 2472 facta
2243 2417 2411 2472 fuisse
2469 2416 2610 2470 sacri
2655 2415 2772 2484 ejus
2818 2413 3064 2482 discipuli
3113 2414 3306 2465 docent
3330 2412 3398 2474 δ’,

1821 2525 2054 2578 eumque
2091 2508 2216 2577 quia
2252 2508 2391 2562 bona
2421 2506 2547 2560 boni
2587 2505 2766 2573 proles
2805 2519 2868 2558 ac
2896 2518 3054 2558 verus
3092 2502 3262 2556 Filius
3311 2502 3402 2564 sit,

1820 2599 1999 2654 Patris
2019 2598 2335 2669 potentiam,
2372 2597 2718 2666 sapientiam,
2754 2595 2987 2650 Verbum
3031 2603 3086 2647 et
3127 2586 3392 2647 rationem

1820 2707 1961 2757 esse,
1992 2704 2165 2759 neque
2211 2687 2705 2743 communicatione
2758 2686 2873 2740 hate
2928 2684 3075 2738 illum
3114 2697 3255 2748 esse,
3312 2690 3406 2736 aut

1821 2783 2161 2838 extrinsecus
2208 2780 2432 2844 habere,
2477 2788 2535 2832 ut
2593 2777 2700 2832 illis
2761 2775 3028 2844 contingit
3088 2775 3176 2842 qui
3237 2774 3408 2842 ipsius

1823 2874 1954 2928 ﬁunt
1985 2873 2273 2942 participes
2318 2882 2372 2924 et
2418 2869 2738 2938 sapientiam
2795 2883 2892 2936 per
2947 2882 3068 2920 eum
3109 2867 3403 2934 accipiunt,

1821 2967 2021 3036 quique
2052 2964 2346 3034 potentiam
2373 2973 2427 3016 et
2458 2962 2720 3016 rationem
2757 2960 2809 3013 in
2839 2959 2928 3013 illo
2959 2958 3182 3023 habent,
3215 2958 3310 3010 sed
3340 2956 3405 3009 il-

1822 3060 1933 3114 lum
1993 3059 2161 3127 ipsam
2193 3071 2288 3126 per
2322 3070 2381 3110 se
2418 3054 2759 3123 sapientiam,
2812 3053 2980 3119 ipsam
3013 3066 3108 3118 per
3147 3065 3206 3102 se
3245 3049 3408 3102 ratio-

164 3152 254 3204 αλλ’
306 3155 621 3224 αὑτοσοφία,
696 3154 1004 3223 αὑτολόγος,
1066 3155 1427 3225 αὐτοδύναμις
1477 3156 1580 3208 ἰδία
1609 3156 1718 3226 (19)

1826 3166 1968 3216 nem,
1996 3152 2166 3228 ipsam
2193 3163 2286 3218 per
2309 3164 2368 3202 se
2390 3146 2682 3215 potentiam
2711 3145 2980 3214 propriam
3009 3141 3204 3207 Patris,
3231 3141 3404 3211 ipsum

163 3242 239 3296 τοῦ
286 3246 492 3318 Πατρός
541 3248 719 3308 ἐστιν,
774 3245 1043 3314 αὐτοφῶς,
1094 3238 1717 3316 αὐτοαλήθεια,ἀύτοδι-

165 3338 412 3409 καὶοσύνη,
464 3337 802 3410 αὑτοαρετὴ,
839 3338 932 3391 καὶ
982 3338 1079 3409 μὲν
1133 3339 1226 3391 καὶ
1285 3338 1572 3410 χαρακτὴρ
1627 3339 1720 3390 καὶ

166 3430 467 3502 ἀπαύγασμα
498 3431 596 3483 καὶ
624 3428 811 3483 εἰκών.
846 3429 955 3482 Καὶ
987 3428 1253 3483 συνελόντι
1294 3429 1539 3500 φράσαι,
1579 3446 1718 3498 καρ-

168 3517 247 3583 πὸς
270 3521 571 3584 παντέλειος
595 3520 695 3574 τοῦ
715 3521 928 3592 Πατρὸς
965 3521 1219 3591 ὑπάρχει,
1256 3521 1348 3573 καὶ
1387 3521 1542 3592 μόνος
1573 3520 1721 3573 ἐστὶν

168 3610 293 3676 Υἱὸς,
324 3613 482 3667 εἰκὼν
511 3613 943 3685 ἀπαράλλακτος
976 3612 1068 3665 τοῦ
1097 3613 1330 3682 Πατρός.

223 3703 300 3757 17.
327 3706 414 3768 Τίς
439 3701 535 3758 οὖν
566 3704 658 3768 ἂν,
690 3705 774 3766 τίς
821 3703 1204 3774 ἐξαριθμήσειε
1234 3703 1322 3755 τὸν
1352 3703 1588 3775 Πατέρα,
1636 3705 1722 3758 ἵνα

168 3796 244 3847 καὶ
269 3797 353 3850 τοῦ
381 3798 555 3866 Λόγου
602 3796 802 3850 τούτου
845 3794 943 3858 τὰς
991 3795 1246 3864 δυνάμεις
1285 3793 1528 3866 ἐξεύροι;
1567 3797 1722 3850 Ἔστι

171 3886 262 3957 γὰρ
288 3888 461 3960 ὥσπερ
516 3889 614 3942 τοῦ
653 3887 870 3958 Πατρός
916 3887 1086 3954 Λόγος
1122 3870 1222 3939 καῖ
1241 3887 1422 3955 σοφία,
1456 3887 1597 3941 οὕτω
1630 3890 1724 3942 καὶ

170 3981 265 4041 τοῖς
290 3984 522 4051 γενητοῖς
557 3977 1035 4048 συγκαταϐαίνων,
1078 3978 1286 4045 γίνεται
1321 3979 1456 4050 πρὸς
1483 3981 1581 4050 τὴν
1625 3979 1720 4033 τοῦ

173 4074 424 4145 γενῆτορος
451 4074 660 4142 γνῶσιν
691 4073 788 4126 καὶ
820 4071 1025 4124 ἔννοιαν
1077 4073 1482 4142 αὑτοαγιασμὺς
1502 4073 1595 4127 καὶ
1624 4075 1725 4126 αὺ-

171 4163 320 4236 τοζωὴ
345 4168 432 4219 καὶ
456 4166 568 4238 (-20)
601 4164 768 4234 θύρα,
805 4163 896 4215 καὶ⁹
941 4162 1163 4232 ποιμὴν,
1202 4163 1294 4216 καὶ
1333 4163 1468 4227 όδὸς,
1502 4165 1592 4216 καὶ
1625 4164 1724 4233 βα-

176 4249 342 4316 σιλεὺς,
365 4255 452 4306 καίΙ
481 4251 736 4324 ἡγεμὼν,
763 4250 856 4304 καὶ
903 4250 994 4302 ἐπὶ
1042 4251 1175 4302 πᾶσι
1207 4248 1411 4320 σωτὴρ,
1445 4250 1538 4302 καὶ
1591 4249 1726 4312 ζωο-

176 4340 299 4404 ποιὸς
324 4344 409 4396 καὶ
452 4343 592 4412 φῶς,
625 4341 725 4394 καὶ
779 4339 1001 4410 πρόνοια
1043 4339 1149 4393 τῶν
1195 4339 1436 4394 πάντων.
1473 4339 1725 4392 Τοιοῦτον

176 4428 266 4499 ἄρα
286 4434 470 4500 ἀγαθὸν
521 4435 619 4488 καὶ
665 4431 999 4502 δημιουργὸν
1036 4430 1162 4482 Υἱὸν
1212 4430 1349 4501 ἔχων
1387 4431 1448 4497 ἐξ
1475 4431 1668 4484 ἑαυτοῦ
1697 4433 1726 4482 ὁ

1824 3260 1919 3315 per
1941 3258 1998 3297 se
2034 3242 2239 3304 lumen,
2270 3240 2439 3310 ipsam
2483 3254 2579 3308 per
2609 3253 2668 3291 se
2690 3236 2996 3298 veritatem,
3023 3235 3190 3304 ipsam
3226 3248 3321 3303 per
3346 3247 3406 3289 se

1817 3337 2105 3406 justitiam,
2145 3336 2314 3402 ipsam
2350 3347 2445 3401 per
2467 3345 2526 3384 se
2551 3330 2822 3392 virtutem,
2865 3342 2964 3380 nec
2998 3341 3101 3379 non
3128 3326 3404 3380 cliaraCte-

1826 3445 1940 3484 rem
1965 3429 2079 3483 sive
2110 3426 2358 3497 ﬁguram,
2384 3421 2834 3490 splendoremque
2863 3429 2918 3472 et
2947 3418 3230 3486 imaginem
3259 3430 3398 3470 esse.

1824 3522 2067 3592 Denique
2122 3527 2180 3573 ut
2217 3517 2453 3572 breviter
2502 3514 2700 3576 dicam,
2748 3509 3176 3579 perfectissimus
3231 3507 3406 3562 Patris

1825 3615 2056 3677 fructus,
2089 3611 2344 3679 solusque
2368 3608 2535 3663 Filius
2555 3614 2608 3661 et
2623 3619 2784 3674 quam
2805 3603 3080 3656 simillima
3107 3604 3282 3670 imago
3301 3609 3403 3656 est.

1895 3706 1986 3762 67.
2019 3705 2150 3771 Quis
2178 3701 2469 3773 ergo,quis
2487 3699 2670 3754 omnia
2698 3711 2819 3766 quae.
2847 3697 2898 3750 in
2927 3694 3092 3748 Patre
3119 3703 3246 3748 sunt
3274 3708 3406 3746 enu-

1827 3797 2141 3859 meraverit,
2167 3806 2224 3848 ut
2243 3795 2360 3861 ejus
2376 3791 2534 3846 Verbi
2568 3791 2673 3842 vim
2711 3797 2765 3842 et
2790 3787 3084 3857 potentiam
3113 3783 3324 3852 assequi
3353 3791 3408 3836 et

1831 3889 2109 3959 percipere
2143 3885 2340 3956 queat?
2367 3883 2434 3938 Ut
2456 3880 2799 3938 enimPatris
2839 3877 3071 3933 Verbum
3105 3885 3159 3930 et
3187 3876 3408 3944 sapien-

1830 3981 1900 4032 tia
1929 3989 2033 4044 est,
2061 3981 2130 4032 ita
2162 3991 2373 4045 quoque
2398 3990 2457 4028 se
2492 3974 2557 4026 ad
2588 3987 2672 4026 res
2702 3979 2910 4024 creatas
2937 3969 3162 4038 benigne
3191 3981 3407 4022 accom-

1831 4071 2056 4125 modans
2077 4109 2092 4134 ,
2120 4071 2175 4121 fit
2207 4067 2314 4121 illis
2349 4067 2415 4119 ad
2445 4064 2657 4118 Patrem
2701 4062 3133 4128 cognoscendum
3162 4067 3216 4112 et
3252 4057 3409 4112 intel-

1830 4162 2099 4232 ligendum
2129 4158 2244 4226 ipsa
2279 4172 2375 4225 per
2405 4171 2463 4209 se.
2509 4152 2889 4216 sanctimonia,
2921 4151 3034 4220 ipsa
3061 4165 3154 4219 per
3194 4164 3252 4204 se
3279 4149 3407 4214 vita,

1830 4267 1930 4307 nec
1955 4267 2058 4306 non
2078 4249 2267 4320 janua,
2295 4255 2498 4317 pastor,
2526 4245 2634 4309 via,
2668 4245 2961 4313 imperator
2987 4282 3002 4307 ,
3031 4242 3162 4302 dux,
3199 4255 3263 4293 ac
3314 4239 3409 4292 de-

1832 4345 1992 4413 nique
2049 4350 2328 4405 servator,
2389 4339 2513 4391 vitae
2562 4346 2770 4401 auctor,
2839 4333 2930 4386 lux
2977 4341 3030 4386 et
3073 4330 3409 4400 providentia

1831 4436 2094 4491 omnium.
2122 4434 2307 4501 Itaque
2342 4429 2503 4484 talem
2544 4427 2748 4482 bonum
2780 4434 2834 4477 et
2855 4423 3103 4491 opiﬁcem
3123 4422 3314 4476 Filium
3342 4436 3409 4473 ex

181 4519 352 4594 Πατὴρ,
384 4527 481 4580 οὐκ
510 4523 702 4594 ἀφανῆ
739 4521 900 4576 αὑτὸν
943 4525 1053 4584 τοῖς
1093 4524 1339 4592 γενητοῖς
1370 4523 1685 4593 ἀπέκρυψεν
1712 4540 1721 4552 ·

1833 4527 2012 4596 seipse
2037 4525 2246 4579 liabens
2270 4522 2451 4583 Pater,
2481 4518 2640 4587 illum
2688 4518 2852 4570 rebus
2893 4515 3090 4568 creatis
3139 4511 3408 4567 occultum

317 4618 401 4670 καὶ
430 4617 708 4690 ὁσημέραι
730 4613 916 4668 τοῦτον
937 4614 1308 4668 ἀποκαλύπτει
1335 4617 1447 4678 τοῖς
1477 4616 1612 4668 πᾶσι
1639 4615 1728 4666 διά

181 4704 259 4775 τῆς
280 4709 373 4763 τῶν
407 4712 628 4766 πάντων
654 4710 724 4762 δι’
754 4707 918 4761 αὑτοῦ
952 4709 1263 4771 συστάσεως
1295 4710 1386 4761 καὶ
1435 4709 1598 4780 ζωῆς.
1640 4710 1729 4762 Ἐν

182 4793 299 4867 αὺτῷ
325 4798 376 4851 δέ
398 4802 490 4853 καὶ⁵
520 4800 589 4852 δι’
625 4797 816 4861 αὐτοῦ,
848 4797 942 4849 καὶ
979 4797 1168 4850 ἑαυτὸν
1200 4797 1472 4868 ἐμφαίνει,
1494 4796 1677 4861 καθὼς
1700 4799 1728 4850 ὁ

184 4881 336 4959 Σωτήρ
360 4907 548 4960 φησιν’
598 4887 750 4958 Ἐγὼ
803 4888 872 4941 ἐν
911 4887 990 4954 τῷ
1022 4887 1202 4957 Harp!
1233 4888 1329 4942 καί
1356 4891 1388 4942 ὀ
1418 4888 1622 4958 Πατὴρ
1657 4890 1728 4942 ἐν

184 4975 306 5040 ἐμοί’
335 4980 468 5035 ὥστε
490 4980 551 5044 ἐξ
571 4980 826 5048 ἀνάγκης
846 4975 981 5031 εἶναι
1012 4979 1104 5031 τὸν
1136 4979 1308 5047 Λόγον
1342 4981 1400 5032 ἐν
1435 4981 1512 5052 τῷ
1537 4983 1727 5052 γεννή-

189 5078 324 5134 σαντι,
356 5072 558 5126 καὶτὸν
584 5068 918 5140 γεννηθέντα
949 5070 1046 5123 σὺν
1070 5069 1148 5140 τῷ
1172 5071 1346 5141 Πατρὶ
1379 5071 1723 5136 διαιωνίζειν.

187 5150 358 5215 Τούτων
381 5163 437 5217 δὲ
477 5163 654 5226 οὕτως
677 5161 930 5231 ἑχόντων,
955 5161 1049 5214 καὶ
1069 5163 1280 5225 οὐδενὸς
1321 5161 1518 5226 ἔξωθεν
1560 5161 1724 5217 αὑτοῦ

261 5251 301 5283 ⁸⁸
323 5253 450 5311 Gen.
483 5272 523 5320 ι,
544 5255 602 5323 6,
634 5254 692 5318 9,
720 5253 812 5319 12,
835 5254 926 5309 20.
1003 5256 1048 5288 ⁸⁹
1081 5255 1237 5310 Prov.
1269 5273 1386 5323 vnt,
1409 5258 1500 5312 27.

185 5340 578 5474 ὧνίκὶὲεειιετ.
597 5350 805 5408 omittit
827 5353 856 5404 ὁ
875 5360 1000 5406 ante
1013 5351 1163 5416 Θεός.
1188 5351 1332 5406 fdem
1359 5353 1486 5407 ibid.
1521 5367 1617 5423 pro
1629 5353 1730 5420 ὡς,

381 5491 622 5548 Felckm.
655 5492 693 5546 2
744 5507 930 5555 anon.,
961 5493 1247 5563 γεννητήν.
1285 5491 1341 5546 In
1377 5493 1500 5545 eod.
1534 5495 1566 5562 ἡ
1606 5507 1725 5562 seq.

183 5618 612 5746 οπξξξὲηῗοειιειι.
672 5641 796 5701 post
858 5630 914 5683 δέ
965 5632 1114 5686 addit
1161 5635 1252 5704 τῇ,
1285 5631 1374 5685 alii
1421 5647 1544 5687 cum
1570 5632 1729 5686 editis

238 5755 338 5838 in)
373 5766 614 5841 A‘é‘qeest
646 5769 699 5821 in
747 5766 981 5841 Feleltm.
1010 5769 1044 5824 5
1095 5784 1254 5824 anon.
1305 5770 1451 5841 Mox_
1481 5775 1528 5824 οί
1593 5772 1729 5841 ἱεροὶ

179 5833 343 5882 τούτου
394 5833 701 5890 διδάσκουσι
746 5837 1002 5908 μαθηταί,
1064 5842 1256 5895 desum
1307 5842 1360 5896 in
1415 5833 1654 5897 Felcknt:
1691 5841 1726 5892 2

1609 5257 1653 5289 ⁸⁸
1687 5257 1845 5314 Joan.
1869 5273 1925 5324 ν,
1956 5256 2045 5312 19.

1834 4632 1956 4674 esse
2005 4616 2199 4679 noluit,
2233 4615 2326 4669 sed
2351 4626 2475 4666 eum
2517 4607 2756 4678 quotidie
2782 4620 2880 4676 per
2923 4619 3012 4660 res
3049 4617 3260 4668 omnes,
3293 4618 3414 4672 qua:

1837 4724 1935 4780 per
1958 4709 2132 4777 ipsum
2163 4704 2469 4760 consistunt
2498 4710 2554 4754 et
2597 4699 2811 4761 vivunt,
2865 4696 3076 4750 cunctis
3133 4695 3409 4764 patefacit.

1835 4797 1892 4852 ln
1922 4797 2037 4867 ipso
2065 4803 2244 4850 autem
2278 4801 2333 4846 et
2365 4807 2460 4860 per
2494 4792 2666 4860 ipsum
2699 4804 2757 4843 se
2781 4801 2994 4856 quoque
3013 4790 3123 4854 ipse
3149 4786 3410 4851 ostendit,

1835 4888 1994 4944 sicuti
2039 4886 2290 4942 Salvator
2324 4891 2554 4938 testatur
2583 4901 2595 4936 :
2647 4881 2758 4950 Ego
2789 4883 2844 4934 in
2883 4877 3064 4942 Patre,
3089 4887 3138 4932 et
3164 4876 3325 4932 Pater
3355 4880 3413 4932 in

1835 4997 1916 5034 me
1937 4978 2010 5044 “,
2041 4977 2176 5032 adeo
2225 4984 2284 5030 ut
2335 4977 2562 5030 necesse
2602 4973 2672 5029 sit
2699 4971 2933 5027 Verbum
2982 4971 3034 5024 in
3063 4969 3328 5040 genitore,
3357 4979 3412 5024 et

1835 5071 2078 5144 genitum
2105 5083 2226 5124 cum
2258 5067 2422 5123 Patre
2451 5075 2708 5138 perpetuo
2767 5078 3105 5134 permanere.
3131 5061 3261 5129 Qua:
3289 5076 3410 5116 cum

1834 5165 1906 5218 ita
1933 5162 2064 5227 sint,
2090 5161 2330 5230 nihilque
2375 5167 2530 5214 extra
2577 5159 2752 5228 ipsum
2786 5156 3034 5219 exsistat,
3061 5154 3155 5208 sed
3213 5152 3412 5206 caelum

2131 5256 2175 5287 “
2215 5255 2372 5309 Rom.
2408 5270 2483 5318 ιιι,
2511 5253 2603 5309 36.
2681 5253 2726 5284 “
2755 5249 3045 5314 Joan.xrv,
3080 5246 3167 5302 10.

1835 5367 2000 5407 anon.
2031 5351 2160 5405 Item
2195 5366 2293 5418 pro
2316 5342 2530 5412 τούτου,
2555 5347 2773 5418 (ἓοωειξ
2804 5340 3122 5418 et_Felcltm.
3154 5339 3178 5391 1
3217 5351 3408 5418 anon.,

1835 5421 2024 5476 αὐτοῦ.
2057 5407 2448 5488 1ὺὶιΙ.’8ειειιθι·.
2479 5407 2636 5488 Αἰιει.
2655 5425 2708 5472 et
2733 5410 3037 5488 Feleknn}
3058 5423 3244 5488 anon._,
3272 5407 3412 5488 ἀγαο

1836 5493 1948 5556 θός,
1976 5492 2064 5546 ubi
2101 5477 2917 5558 alii.&f&06v.rlteinpmox,pro
2945 5480 3076 5558 υίὸς,
3109 5487 3165 5558 ut
3191 5477 3412 5558 degitur

1835 5545 1887 5617 in
1908 5545 2230 5630 gegtrGobl'.
2260 5545 2314 5614 et
2340 5557 2577 5613 Felcltm.
2604 5556 2643 5630 _i
2677 5545 2915 5630 anfé'lii,
3103 5545 3334 5630 Illabtzllt.

1908 5614 2026 5701 (183
2049 5614 2301 5700 segnem,
2326 5625 2747 5701 ἐπιγενομένων.
2779 5621 2936 5675 Gobl.
2973 5615 3258 5671 FelcanJ
3290 5626 3345 5670 et
3375 5614 3413 5668 2

1833 5700 2021 5763 anOn.,
2051 5700 2444 5768 ἐπιγενομένῳ,

1909 5771 2023 5836 (19)
2063 5763 2701 5833 ‘lélaaliestaliAtiglic.
2767 5829 2788 5836 Α
2889 5828 2903 5836 _
2966 5827 2977 5836 I
3345 5823 3370 5835 ,,

1908 5827 2019 5911 (20)
2058 5840 2164 5892 Καί
2198 5848 2320 5892 ante
2351 5835 2488 5904 θύρα
2516 5827 2728 5888 ειίιιιιο
2763 5827 3015 5900 βασιλεύς
3047 5837 3099 5882 et
3139 5837 3262 5881 ante
3295 5827 3411 5894 φῶς
