4010 6502
231 375 283 433 97
1238 377 1498 433 ORATIO
1538 378 1622 432 DE
1662 378 2172 434 lNCARNATlONE
2213 378 2442 437 VERBI.
3370 391 3444 451 93

228 506 295 543 run
318 491 523 553 ίιυτοῐς
546 490 652 563 τὴν
677 492 809 563 πρὸς
844 492 910 546 τά
925 493 1115 547 εἴδωλα
1137 494 1431 567 θρησκείαν
1453 498 1768 569 ἐπενόησαν·

1878 500 2038 553 modo
2066 500 2310 555 homines
2341 502 2573 571 propriis
2602 503 2744 558 vitiis
2783 505 2989 574 impulsi
3022 522 3207 562 eorum
3239 511 3440 564 cultum

226 582 330 638 me
351 582 453 652 γὰρ
488 584 683 655 χάριτι
738 584 875 637 Θεοῦ
912 588 1250 657 σημάναντες
1307 588 1463 657 ὀλίγα
1505 591 1598 643 καὶ
1646 592 1773 661 περὶ

227 675 301 745 τῆς
324 673 598 744 θειότητος
628 676 725 729 τοῦ
762 676 931 745 Λόγου
977 677 1069 730 τοῦ
1119 680 1330 752 Πατρός
1388 682 1482 735 καὶ
1542 683 1641 753 τῆς
1695 687 1774 748 εἰς

226 768 363 821 πάντα
396 768 667 837 προνοίας
699 770 790 822 καὶ
819 769 1099 841 δυνάμεως
1127 774 1289 826 αὐτοῦ
1318 790 1332 805 ο
1367 778 1459 829 καὶ
1484 778 1565 829 ὅτι
1590 779 1618 830 ό
1639 779 1775 846 ἀγα-

225 858 293 923 θδς
320 860 500 931 Πατὴρ
536 861 717 932 τούτῳ
742 861 810 914 τὰ
836 864 1010 917 πάντα
1033 864 1336 937 διακοσμεῖ,
1365 871 1458 947 καὶ
1487 871 1555 924 τὰ
1596 873 1771 925 πάντα

226 951 291 1003 ὑπ’
320 950 480 1003 αὐτοῦ
510 955 774 1017 κινεῖται,
807 955 901 1007 καὶ
946 956 1004 1007 ὲν
1043 958 1191 1027 αὐτῷ
1223 958 1596 1021 ζωοποιεῖται·
1641 966 1771 1035 φέρε

224 1038 331 1092 κατά
353 1038 709 1103 ἀκολουθίαν,
737 1042 971 1113 μακάριε
999 1045 1092 1098 καὶ
1118 1046 1331 1116 ἀληθῶς
1357 1050 1685 1121 φιλόχριστε,
1705 1055 1769 1123 τῇ

224 1132 317 1203 περὶ
341 1132 437 1203 τῆς
462 1133 757 1197 εὐσεϐείας
786 1136 966 1188 πίστει
987 1139 1079 1190 καὶ
1106 1138 1173 1192 τὰ
1206 1143 1332 1211 περὶ
1365 1146 1463 1214 τῆς
1506 1146 1771 1217 ἐνανθρω·

221 1226 399 1295 πήσεως
424 1224 525 1278 τοῦ
556 1226 737 1294 Λόγου
757 1227 1160 1299 διηγησώμεθα,
1186 1233 1278 1284 καὶ
1312 1236 1438 1305 περὶ
1476 1236 1575 1305 τῆς
1623 1236 1773 1299 Θείας

220 1318 347 1371 αὐτοῦ
402 1318 548 1389 πρὸς
587 1321 743 1391 ἡμᾶς
795 1321 1113 1390 ἐπιφανείας
1144 1323 1472 1396 δηλώσωμεν
1503 1328 1647 1399 (‘28)°
1705 1330 1770 1400 ἦν

229 1410 437 1465 Ἰουδαῖοι
477 1410 582 1482 μὲν
626 1413 1023 1479 διαϐάλλουσιν,
1058 1416 1318 1487 Ἕλληνες
1370 1419 1424 1471 δὲ
1482 1420 1771 1490 χλευάζου-

219 1519 296 1567 σιν,
319 1505 479 1575 ἡμεῖς
506 1506 565 1559 δὲ
596 1508 1044 1578 προσκυνοῦμεν
1077 1509 1141 1561 ἵν’
1192 1510 1273 1562 ἐτι
1327 1511 1523 1580 μᾶλλον
1554 1514 1618 1565 ἐκ
1671 1516 1771 1584 τῆς

216 1597 439 1666 δοκούσης
494 1598 777 1664 εὐτελείας
804 1601 899 1655 τοῦ
933 1602 1103 1670 Λόγου
1145 1602 1364 1672 μείζονα
1410 1606 1504 1657 καὶ
1550 1606 1771 1659 πλείονα

217 1689 291 1759 τὴν
319 1690 394 1751 είς
429 1690 602 1742 αὐτὸν
634 1691 919 1744 εὐσέϐειαν
952 1692 1101 1764 ἔχῃς.
1128 1693 1277 1762 Ὄσῳ
1300 1694 1405 1764 γὰρ
1460 1695 1611 1766 παρὰ
1659 1698 1771 1758 τοῖς

216 1781 427 1844 ἀπίστοις
459 1780 793 1851 χλευάζεται
824 1784 959 1853 (29),
980 1783 1217 1853 τοσούτῳ
1250 1784 1469 1852 μείζονα
1510 1783 1607 1854 τὴν
1643 1786 1770 1856 περὶ

1872 588 2297 655 exeogitaverint
2353 606 2364 641 :
2414 593 2665 659 quoniam
2713 594 2860 657 item,
2913 596 3002 650 Dei
3053 598 3250 667 gratia,
3307 615 3443 654 non-

1871 679 2018 732 nulla
2075 682 2139 734 de
2191 681 2347 737 Verbi
2418 682 2596 739 Patris
2646 686 2928 743 divinitate
2978 698 3031 744 et
3083 690 3197 757 ejus
3246 693 3299 746 in
3356 709 3442 748 res

1872 783 2065 825 omnes
2088 773 2420 839 providentia
2442 786 2494 831 et
2529 779 2763 846 potentia
2792 779 3169 847 indicavimus,
3198 785 3442 838 ostendi-

1873 874 2101 929 musque
2128 862 2326 917 bonum
2360 864 2576 920 Patrem
2630 871 2809 923 omnia
2862 887 2955 939 per
3009 872 3159 927 illum
3210 874 3440 928 admini-

1870 959 2073 1015 strare,
2109 955 2393 1024 omniaque
2421 958 2487 1010 ab
2520 960 2634 1027 ipso
2670 964 2906 1027 moveri,
2936 973 2990 1017 et
3044 965 3106 1017 iir
3128 965 3241 1034 ipso
3278 966 3439 1018 vitain

1871 1040 2099 1106 habere;
2130 1060 2248 1113 age,
2282 1062 2316 1099 ο
2350 1048 2433 1100 vir
2488 1050 2638 1104 beate
2686 1062 2738 1104 et
2774 1067 2898 1107 vere
2958 1054 3159 1108 Christi
3208 1070 3437 1107 amans:

1865 1133 1975 1203 jam
2042 1136 2314 1206 deinceps,
2353 1150 2411 1191 ut
2458 1142 2559 1208 pia:
2616 1156 2815 1199 nostra:
2859 1146 2979 1200 ﬁdei
3007 1148 3141 1202 ordo
3182 1148 3439 1215 postulat,

1870 1225 2053 1282 dicere
2086 1244 2375 1300 pergamus
2410 1233 2477 1288 de
2511 1241 2744 1289 humana
2781 1248 2974 1291 natura
3003 1255 3166 1307 quam
3202 1239 3441 1293 Verbum

1870 1320 2186 1387 assumpsit,
2249 1338 2313 1377 ac
2353 1324 2418 1378 de
2442 1326 2624 1380 divino
2653 1326 2892 1395 ejusdem
2950 1330 3015 1381 ad
3062 1346 3157 1385 nos
3181 1332 3441 1393 adventu,

1870 1421 2027 1475 quem
2059 1408 2227 1465 εἰσιιωὶ
2252 1414 2469 1481 quidem
2496 1416 2782 1472 calumniis
2821 1419 3160 1473 insectantur
3208 1434 3263 1474 et
3314 1438 3443 1489 gen—

1876 1499 1997 1554 tiles
2052 1502 2303 1567 irrident,
2355 1521 2455 1560 nos
2502 1522 2629 1561 vero
2690 1523 3032 1573 veneramur,
3083 1529 3189 1580 quo
3236 1514 3445 1568 scilicet

1870 1592 2032 1645 etiam
2070 1608 2135 1647 ex
2166 1606 2389 1650 externa
2417 1598 2577 1652 Verbi
2614 1600 2915 1654 humilitate
2944 1613 3029 1655 tua
3064 1604 3117 1656 in
3177 1620 3301 1658 eum
3334 1607 3446 1673 pie-

1874 1691 1955 1735 tas
2011 1695 2239 1739 crescat.
2273 1687 2408 1741 Nam
2458 1704 2565 1756 quo
2598 1694 2766 1761 magis
2807 1694 2947 1761 apud
2990 1694 3447 1749 iulidelesirride—

1876 1786 1982 1839 tur,
2019 1792 2083 1830 eo
2130 1780 2302 1848 majus
2342 1796 2451 1835 suae
2480 1784 2780 1836 divinitatis
2814 1787 3179 1840 testimonium
3206 1790 3445 1843 exhibet.

217 1871 290 1940 τῆς
307 1872 561 1942 θεότητος
589 1874 761 1927 αὐτοῦ
797 1875 1100 1946 μαρτυρίαν
1131 1875 1358 1945 παρέχει
1377 1891 1391 1904 ο
1423 1876 1505 1928 ὅτι
1527 1892 1586 1928 τε
1614 1876 1650 1929 ἀ
1694 1878 1768 1947 μὴ

1873 1864 2001 1931 Quae
2029 1868 2171 1920 enim
2198 1870 2636 1938 liomiues,quasi
2666 1887 2785 1939 qme
2821 1872 2933 1925 lieri
2970 1890 3075 1927 non
3108 1877 3315 1937 possint
3353 1876 3448 1926 ini-

217 1964 698 2035 καταλαμϐάνουσιν
714 1965 989 2036 ἄνθρωποι
1011 1967 1083 2029 ὡς
1114 1967 1371 2029 ἀδύνατα,
1401 1967 1574 2020 ταῦτα
1610 1967 1770 2029 αὐτὸς

216 2057 549 2109 ἐπιδείκνυται
580 2058 817 2110 δυνατά’
851 2057 943 2111 καὶ
976 2058 1011 2111 ἃ.
1047 2058 1121 2121 ὡς
1169 2058 1389 2129 ἀπρεπῆ
1421 2057 1771 2128 χλευάζουσιν

216 2148 479 2219 ἄνθρωποι,
539 2150 723 2203 ταῦτα
771 2151 933 2213 αὐτὸς
960 2151 1072 2217 (50)
1107 2153 1174 2221 τῇ
1222 2150 1413 2203 ἑαυτοῦ
1477 2150 1769 2221 ἀγαθὸτητι

213 2242 428 2311 εὐπρεπῆ
478 2242 919 2305 κατασκευάζει·
954 2244 1048 2296 καὶ
1098 2243 1134 2296 δι
1196 2244 1536 2314 σοφιζόμενοι
1580 2246 1626 2295 0i
1682 2245 1772 2298 ἄν-

214 2330 385 2401 θρωποι
412 2334 524 2403 (Si)
556 2335 636 2398 ὠς
683 2335 999 2404 ἀνθρώπινα
1028 2335 1246 2404 γελῶσι,
1282 2334 1451 2389 ταῦτα
1502 2336 1662 2398 αὐτὸς
1702 2338 1768 2407 τῇ

216 2424 376 2478 ἑαυτοῦ
399 2427 630 2497 δυνάμει
653 2427 773 2480 θεῖα
808 2428 1196 2490 ἐπιδείκνυται,
1225 2428 1324 2499 τὴν
1350 2428 1448 2498 μὲν
1472 2427 1579 2480 τῶν
1619 2426 1771 2480 εἰδώ-

218 2513 299 2567 ὶων
329 2518 629 2585 φαντασίαν
678 2522 744 2589 τῇ
792 2518 1118 2590 νομιζομένῃ
1163 2519 1356 2572 ἑαυτοῦ
1390 2520 1632 2591 εὐτελείᾳ
1683 2519 1770 2572 διὰ

216 2608 289 2659 τοῦ
315 2610 544 2680 σταυροῦ
567 2612 991 2683 καταστρέφων,
1026 2615 1151 2675 τοὺς
1206 2613 1262 2665 δὲ
1294 2613 1650 2683 χλευάζοντας
1678 2614 1771 2665 καὶ

214 2700 543 2766 ἀπιστοῦντας
579 2703 929 2773 μεταπείθων
959 2704 1199 2773 ἀφανῶς,
1223 2704 1363 2756 ὥστε
1390 2704 1487 2775 τὴν
1518 2705 1771 2775 θειότητα

214 2792 350 2844 αὐτοῦ
385 2796 493 2847 καὶ
531 2794 770 2865 δύναμιν
797 2794 1201 2863 ἐπιγινώσκειν.
1255 2797 1347 2859 El;
1382 2797 1438 2849 δὲ
1503 2796 1601 2866 τὴν
1644 2797 1771 2867 περὶ

214 2884 388 2936 τούτων
416 2885 692 2957 διήγησιν,
718 2886 878 2955 χρεία
910 2887 1008 2957 τῆς
1044 2886 1153 2940 τῶν
1180 2888 1590 2959 προειρημένων
1637 2888 1771 2959 μνή-

216 2990 330 3044 μης’
359 2976 440 3028 ῖνα
474 2979 569 3030 καὶ
602 2978 705 3049 τὴν
729 2979 905 3030 αἰτίαν
936 2979 1035 3047 τῆς
1058 2981 1114 3031 ὲν
1152 2979 1362 3049 σώματι
1411 2978 1770 3050 φανερώσεως

212 3065 291 3117 τοῦ
318 3068 560 3122 τοσούτου
586 3071 684 3121 καὶ
735 3069 1051 3138 τηλικούτου
1094 3071 1358 3142 πατρικοῦ
1407 3072 1578 3139 Λόγου
1628 3074 1769 3141 γνῶ-

213 3171 289 3207 ναι
315 3156 553 3229 δυνηθῇς,
590 3160 690 3212 καὶ
726 3160 800 3231 μὴ
840 3161 1098 3231 νομίσῃς,
1131 3162 1211 3215 ὅτι
1236 3163 1449 3231 φύσεως
1480 3166 1769 3238 ἀκολουθία

214 3247 352 3317 σῶμα
379 3252 682 3323 πεφόρεκεν
708 3254 736 3304 ό
766 3254 956 3324 Σωτήρ
978 3271 990 3283 ·
1020 3253 1136 3306 ἀλλ’
1162 3257 1265 3317 ὅτι,
1290 3257 1578 3329 ἀσώματος
1600 3258 1674 3311 ὢν
1703 3262 1769 3331 τῇ

215 3338 372 3405 φύσει,
403 3344 494 3394 καὶ
528 3344 705 3411 Λόγος
744 3345 1024 3414 ὑπάρχων,
1075 3346 1224 3414 ὅμως
1273 3348 1414 3399 κατά
1467 3349 1771 3420 φιλανθρω-

178 3430 185 3467 Ρ
215 3430 326 3484 πίαν
355 3436 441 3486 καὶ
470 3434 788 3505 ἀγαθότητα
816 3436 907 3488 τοῦ
936 3436 1128 3490 ἑαυτοῦ
1153 3438 1362 3508 Πατρὸς
1385 3438 1471 3492 διὰ
1499 3441 1595 3510 τὴν
1617 3442 1772 3511 ἡμῶν

220 3528 458 3597 σωτηρίαν
492 3529 550 3580 ὲν
584 3526 913 3599 ἀνθρωπίνῳ
942 3528 1153 3598 σώματι
1183 3532 1313 3599 ἡμῖν
1367 3532 1767 3603 πεφανέρωται.

218 3613 396 3684 Πρέπει
422 3618 498 3682 δὲ,
529 3623 890 3689 ποιουμένους
912 3623 1057 3691 ἡμᾶς
1083 3623 1180 3691 τὴν
1214 3624 1342 3694 περὶ
1367 3624 1554 3677 τούτου
1584 3626 1772 3696 διήγηπ

220 3724 308 3770 σιν,
336 3713 591 3784 πρότερον
620 3714 755 3784 περὶ
780 3713 879 3783 τῆς
928 3715 1036 3768 τῶν
1070 3716 1205 3769 ὅλων
1237 3717 1486 3781 κτίσεως,
1532 3719 1623 3770 καὶ⁸
1676 3718 1769 3771 τοῦ

217 3801 389 3874 ταύτης
421 3806 760 3878 δημιουργοῦ
799 3807 933 3860 Θεοῦ
982 3811 1177 3872 εἰπεῖν,
1220 3811 1306 3863 ἵνα
1330 3809 1503 3874 οὓτως
1554 3813 1645 3864 καὶ
1674 3810 1771 3881 τὴν

216 3895 387 3969 ταύτης
410 3902 753 3954 ἀνακαίνισιν
789 3902 891 3954 ὑπὸ
916 3902 1010 3955 τοῦ
1051 3904 1192 3956 κατά
1241 3905 1339 3975 τὴν
1383 3906 1557 3977 ἀρχὴν
1601 3906 1771 3977 αὐτὴν

215 3982 379 4057 ξημιου
388 3992 484 4061 ργή
493 4008 688 4054 σαντος
704 3991 875 4059 Λόγου
890 3993 1238 4064 γεγενῆσθαι,
1263 3994 1428 4059 ἀξίως
1450 3997 1515 4049 ἄν
1530 4014 1611 4073 τις
1634 3996 1770 4049 θεω-

220 4082 425 4151 ρήσειεν.
444 4088 611 4140 Οὐδὲν
633 4087 744 4159 γάρ
766 4088 1003 4140 ἐναντίον
1033 4091 1352 4160 φανήσεται,
1378 4091 1425 4141 εἰ
1456 4090 1523 4141 δι’
1553 4078 1613 4144 οὗ
1636 4090 1768 4143 ταύο

217 4188 298 4244 την
319 4178 743 4251 ἐδημιούργησεν
770 4182 798 4233 ό
827 4181 1016 4252 Πατὴρ
1039 4221 1054 4243 ,
1088 4182 1146 4233 ὲν
1179 4181 1327 4251 αὐτῷ
1360 4182 1452 4235 καὶ
1488 4184 1585 4253 τὴν
1640 4183 1769 4236 ταύ-

220 4279 297 4334 της
321 4272 585 4341 σωτηρίαν
615 4271 932 4342 εἰργάσατο.

255 4378 402 4454 2.Τὴν
424 4385 788 4457 δημιουργίαν
806 4385 914 4457 (59.)
933 4386 1025 4438 τοῦ
1044 4388 1247 4457 κόσμου
1266 4390 1359 4442 καὶ
1386 4388 1483 4460 τὴν
1502 4388 1609 4441 τῶν
1633 4390 1767 4443 πάν-

220 4482 302 4523 των
327 4476 512 4543 κτίσιν,
538 4478 728 4531 πολλοὶ
759 4478 1028 4549 διαφόρως
1058 4480 1393 4551 ὲξειλήφασι,
1416 4485 1510 4534 καὶ
1542 4482 1616 4545 ὡς
1641 4482 1769 4534 ἒκα-

223 4574 318 4627 στος
338 4567 607 4639 ἐθέλησεν,
623 4570 796 4634 οὕτως
829 4571 921 4625 καὶ
939 4573 1263 4643 ὡρίσατο.οί
1284 4575 1382 4644 μὲν
1404 4576 1510 4647 γάρ
1531 4575 1768 4647 αὐτομά-

222 4663 322 4715 τως,
347 4659 434 4710 καὶ
448 4660 522 4723 ὼς
547 4661 729 4730 ἔτυχε,
752 4661 820 4713 τὰ
846 4662 1024 4715 πάντα
1042 4665 1371 4734 γεγενῆσθαι
1390 4664 1659 4734 λέγουσιν,
1688 4668 1763 4730 ὼς

218 4742 253 4793 οἱ
278 4745 646 4823 Ἐπικούρειοι,
680 4754 730 4805 οἳ
760 4756 855 4807 καὶ
888 4756 988 4825 τὴν
1024 4757 1134 4809 τῶν
1176 4758 1311 4810 ὅλων
1344 4758 1598 4828 πρόνοιαν
1642 4760 1761 4812 καθ’

217 4831 385 4923 ξειύτῶν
409 4844 506 4897 οὐκ
534 4840 674 4898 εἶναι
704 4846 1090 4917 μυθολογοῦσιν
1116 4849 1226 4918 (55)
1251 4849 1508 4923 ἄντικρυς
1525 4851 1675 4923 παρά
1694 4854 1765 4903 τά

216 4918 385 4998 ἐναργῆ
417 4932 718 5003 φαινόμενα
773 4934 1039 5004 λέγοντες.
1072 4938 1136 4989 Εἰ
1182 4939 1292 5011 γὰρ
1320 4918 1643 5011 αὐτομάτως
1697 4941 1765 4995 τὰ

217 5014 359 5071 πάντα
390 5026 552 5098 χωρὶς
591 5027 850 5098 προνοίας
882 5030 1002 5082 κατ’
1031 5031 1228 5095 αὐτοὺς
1258 5032 1500 5101 γέγονεν,
1537 5033 1645 5086 ἔδει
1696 5034 1766 5087 τά

216 5104 358 5162 πέντα
385 5115 567 5181 ἁπλῶς
581 5119 933 5191 γεγενῆσθαι,
957 5122 1049 5175 καὶ
1070 5123 1229 5194 ὃμοια
1251 5121 1409 5187 εἶναι,
1442 5126 1535 5179 καὶ
1558 5124 1632 5195 μὴ
1650 5123 1765 5179 διά-

268 5335 364 5408 (28)
391 5344 477 5416 $ch
505 5345 761 5413 Seguer.,
804 5346 1045 5416 Anglic,
1082 5348 1297 5404 Gobler.
1340 5360 1388 5403 et
1427 5349 1668 5404 Felckm.
1723 5350 1746 5402 i

212 5414 355 5489 antur.
378 5412 473 5489 A__lii
506 5412 685 5470 autem
726 5433 846 5472 cum
886 5412 1065 5483 éditis,
1094 5416 1485 5489 δηλωσώμεθα.

267 5475 366 5547 (99)
396 5482 510 5560 ΙΙῖιςο
544 5489 733 5560 verba,
766 5490 877 5559 γὰρ
902 5475 1189 5560 παράτοίς
1218 5475 1468 5554 ἀπίστοις
1492 5490 1753 5560 χλευάζε-

210 5551 794 5639 ξαξξῇξοσοςύξτῳιιρεευηὶ
816 5551 1154 5639 ίιἰ·“ξεὲιιοις.,
1173 5551 1402 5615 νϐοὺιετ.
1428 5551 1747 5639 et'i‘elckin.

208 5609 499 5755 Lamb:
528 5609 788 5681 “asiam
814 5609 1479 5701 euang"uisitata":
1502 5609 1751 5701 regem

366 5707 519 5747 retes.

266 5755 370 5833 βυ)
401 5762 557 5816 Ταῦτ’
577 5766 643 5821 ἄν
669 5767 952 5837 legebatur
988 5769 1039 5821 in
1072 5770 1254 5837 editis,
1289 5781 1344 5827 at
1392 5786 1581 5828 omnes
1615 5782 1747 5823 mss.

208 5835 356 5879 ταντα
389 5841 581 5889 tantum
617 5835 833 5893 habent.

496 5932 761 5996 Pnaoc.
809 5936 929 5997 Gn.
973 5937 1081 5997 ΧΧ
1100 5939 1167 5998 Υ.

1873 1961 2016 2013 nime
2067 1963 2546 2031 comprehendunt,
2586 1964 2700 2018 inec
2748 1965 2862 2031 ipse
2924 1965 3013 2019 Dei
3064 1965 3232 2019 Filius
3288 1982 3446 2032 posse

1871 2067 1991 2106 esse
2023 2054 2256 2107 ostendit
2311 2072 2325 2108 :
2383 2071 2500 2123 qua:
2538 2056 2696 2109 illiut
2729 2057 2982 2110 indecora
3028 2058 3276 2121 irrideant,
3334 2060 3447 2110 ha'c

1870 2142 1987 2212 ipse
2040 2160 2150 2199 sua:
2211 2145 2441 2200 bonitati
2492 2156 2856 2201 consentanea
2906 2148 3081 2202 elIecit
3142 2166 3155 2201 :
3214 2150 3449 2217 denique

1870 2249 1989 2303 quae
2015 2236 2108 2298 illi,
2139 2236 2587 2307 philosOphaudo,
2631 2250 2886 2309 tanquam
2937 2242 3170 2293 humana
3210 2240 3446 2295 ludibrio

1872 2325 2089 2389 habent,
2119 2328 2230 2382 hinc
2264 2329 2377 2398 ipse
2404 2344 2498 2383 sua
2529 2332 2728 2387 virtute
2748 2341 2802 2386 et
2828 2333 3067 2401 potentia
3099 2332 3281 2386 divina
3322 2348 3446 2386 esse

1871 2416 2228 2483 demonstrat,
2260 2430 2317 2474 ut
2344 2421 2506 2475 etiam
2535 2422 2801 2475 idolorum
2834 2424 3072 2491 speciem
3103 2433 3158 2476 et
3195 2438 3444 2491 pompam

1871 2528 1991 2579 sua,
2027 2524 2082 2567 ut
2106 2524 2314 2583 putant,
2342 2517 2639 2571 humilitate
2666 2526 2721 2571 et
2760 2516 3062 2586 abjeetione
3099 2533 3194 2587 per
3227 2533 3446 2570 crucem

1871 2616 2100 2669 evertat,
2154 2617 2209 2660 et
2252 2610 2508 2663 irrisores
2567 2620 2731 2677 atque
2790 2609 3093 2664 incredulos
3148 2610 3215 2663 ab
3261 2626 3451 2663 errore

1871 2698 2079 2752 occulte
2117 2700 2367 2765 abducat,
2399 2716 2664 2771 suamque
2690 2704 3026 2758 divinitatem
3061 2714 3113 2758 et
3147 2704 3446 2773 potentiam

1870 2799 2029 2856 cogat
2059 2803 2371 2857 agnoscere.
2414 2790 2609 2845 Verum
2638 2794 2705 2847 ad
2736 2794 2838 2847 ista
2872 2796 3190 2863 exponenda
3216 2836 3231 2857 ,
3269 2810 3449 2862 opera:

1871 2880 2101 2949 pretium
2134 2880 2295 2935 fuerit
2321 2899 2382 2938 ea
2414 2900 2533 2954 quae
2576 2901 2737 2955 supra
2781 2887 3015 2941 diximus
3060 2889 3319 2941 memoria
3361 2904 3448 2940 rv-

1870 2982 2074 3041 petere,
2111 2982 2167 3024 ut
2214 2984 2267 3026 et
2313 2990 2534 3030 causam
2586 2992 2683 3031 cur
2730 2977 2837 3031 tale
2892 2993 2955 3030 ac
3017 2986 3224 3031 tantum
3271 2976 3450 3032 Patris

1874 3061 2106 3117 Verbum
2153 3064 2204 3117 in
2253 3081 2483 3134 corpore
2534 3069 2869 3136 apparuerit,
2933 3070 3105 3136 possis
3155 3084 3449 3139 cognosce-

1874 3167 1950 3217 re,
1988 3168 2086 3209 nec
2145 3156 2428 3212 arbitreris
2479 3169 2683 3212 natura:
2740 3159 3049 3215 comlitioue
3111 3158 3446 3215 Salvatorem

1876 3260 2071 3316 corpus
2125 3249 2396 3311 habuisse,
2434 3251 2525 3305 sed
2562 3266 2685 3304 eum
2723 3251 2812 3318 qui
2864 3269 2928 3306 ex
2986 3252 3204 3320 propria
3253 3265 3444 3306 natura

1874 3351 2070 3405 expers
2107 3350 2189 3394 est
2222 3343 2490 3409 corporis,
2523 3354 2577 3393 et
2621 3341 2852 3395 Verbum
2879 3352 2983 3408 est,
3012 3344 3193 3398 Patris
3220 3346 3300 3399 sui
3335 3346 3447 3400 cle-

1875 3429 2074 3482 mentia
2101 3439 2149 3483 et
2186 3432 2428 3487 bonitate
2457 3434 2725 3502 exigente,
2772 3446 2969 3488 nostr-.e
3023 3436 3212 3490 salutis
3260 3450 3445 3498 cauSa,

1872 3521 2031 3576 nobis
2064 3522 2117 3575 in
2144 3524 2380 3578 humano
2403 3542 2628 3593 corpore
2678 3528 3013 3595 apparuisse.
3050 3528 3221 3583 Porro
3249 3544 3446 3583 conve-

1872 3614 1953 3667 nit
1980 3629 2076 3668 nos
2104 3615 2188 3669 his
2213 3616 2278 3670 de
2322 3619 2483 3671 rebus
2526 3619 2893 3683 disserentes,
2932 3620 3082 3689 prius
3135 3620 3203 3675 de
3260 3623 3444 3675 mundi

1871 3709 2165 3771 creatione,
2200 3709 2424 3779 ejusque
2458 3711 2651 3779 opilice
2710 3713 2817 3767 Deo
2852 3713 3051 3777 dicere,
3087 3723 3145 3767 ut
3198 3714 3299 3767 hac
3358 3731 3445 3767 ra-

1874 3800 2038 3864 tione,
2070 3800 2188 3869 ejus
2218 3803 2617 3855 renovationem
2657 3818 2684 3854 a
2722 3802 2917 3866 Verbo,
2952 3819 2980 3854 a
3009 3818 3124 3873 quo
3152 3804 3291 3858 idem
3345 3805 3447 3857 itii-

1874 3893 1948 3947 tio
1978 3895 2225 3947 conditus
2254 3904 2358 3958 cst,
2392 3894 2586 3949 factaim
2629 3896 2815 3960 fuisse,
2840 3896 3001 3965 digne
3027 3906 3195 3965 queat
3246 3897 3448 3951 intelli:

1872 3984 1945 4054 gi.
1995 3984 2268 4053 Siquidem
2316 3988 2446 4041 nihil
2498 3989 2828 4042 contrarium
2877 3989 3183 4055 videbitur,
3248 3991 3294 4045 si
3351 4006 3449 4059 per

1872 4090 2029 4145 quem
2060 4088 2308 4133 naturam
2340 4081 2545 4134 creavit
2574 4080 2753 4146 Pater,
2787 4084 3034 4138 eamdem
3061 4083 3113 4137 in
3143 4084 3258 4152 ipso
3289 4097 3448 4137 sana-

1874 4170 2031 4224 verit.

1940 4394 1993 4447 2.
2026 4396 2100 4450 De
2137 4396 2320 4449 mundi
2354 4396 2558 4450 fabrica
2603 4406 2655 4449 et
2686 4411 2865 4449 rerum
2901 4397 3141 4449 omnium
3167 4398 3445 4451 creatione

1872 4487 2194 4542 multivarie
2219 4487 2579 4555 disputavere,
2612 4502 2674 4540 ac
2706 4486 2899 4555 singuli
2922 4525 2936 4549 ,
2972 4496 3127 4555 prout
3172 4487 3273 4540 sibi
3333 4487 3447 4553 pla-

1800 4576 1844 4630 D
1874 4581 2006 4647 cuit,
2038 4595 2151 4633 rem
2174 4579 2454 4632 deliniere.
2486 4576 2761 4645 Siquidem
2794 4579 2883 4631 alii
2925 4587 3115 4646 sponte
3142 4587 3196 4630 et
3249 4578 3444 4630 fortui-

1871 4683 1926 4727 to
1953 4672 2133 4726 omnia
2163 4671 2300 4725 facta
2333 4670 2499 4725 fuisse
2528 4671 2700 4733 aiunt,
2752 4680 2810 4723 ut
2843 4669 3110 4738 Epicurei,
3141 4669 3233 4738 qui
3282 4670 3444 4722 etiam

1871 4761 2071 4814 nullam
2137 4777 2317 4814 rerum
2388 4762 2784 4831 providentiam
2855 4776 2974 4815 esse
3038 4758 3171 4813 false
3234 4767 3287 4813 et
3347 4760 3445 4811 aul-

1877 4862 2058 4901 versus
2086 4848 2291 4915 seipsos
2346 4850 2726 4912 contendunt,
2768 4851 2911 4918 quod
2958 4847 3203 4917 profecto
3253 4860 3445 4905 contra

1870 4938 1981 5009 39
2031 4950 2271 5007 apertam
2329 4952 2385 4993 et
2433 4940 2736 4994 evidentem
2807 4942 3088 4995 veritatem
3150 4942 3445 4997 allirmant.

1872 5031 2006 5085 Nam
2032 5031 2100 5095 si,
2120 5040 2177 5084 ut
2210 5032 2418 5095 volunt,
2455 5033 2635 5085 omnia
2662 5048 2757 5087 sua
2785 5044 2977 5103 sponte
3010 5035 3127 5088 sine
3158 5035 3447 5104 providen-

1874 5125 1947 5178 tia
1978 5134 2167 5179 exorla
2233 5133 2418 5179 essent
2450 5140 2462 5175 :
2494 5126 2674 5181 omnia
2724 5133 2929 5183 temere
2976 5126 3093 5181 lleri
3133 5137 3187 5180 et
3229 5126 3445 5189 similia,

1932 5352 2045 5426 (3|)
2080 5350 2470 5426 OiﬁvOJpw-izot
2528 5352 2764 5426 habent_
2785 5362 2977 5426 omnes
3037 5363 3169 5426 mss.
3214 5358 3267 5399 at
3319 5346 3445 5399 editi

1860 5419 2138 5477 omittunt.
2168 5420 2223 5475 In
2256 5419 2587 5499 Golileriano
2640 5419 3073 5499 etfelc‘kmunni
3112 5419 3132 5469 l
3168 5431 3443 5499 anonymo

1860 5494 2124 5549 articulus
2161 5495 2435 5567 0i_deest.
2475 5492 2600 5567 Mos
2656 5492 2783 5567 ihid.
2826 5490 3211 5567 S_eguerianus,
3277 5490 3446 5537 αὐτοῦ

1861 5562 2048 5628 habet,
2086 5565 2171 5615 nhi
2201 5563 2286 5616 alii
2321 5579 2441 5615 cum
2476 5564 2655 5623 editis,
2682 5562 2898 5614 ἑαυτοῦ.

1926 5622 2045 5702 (Sili
2074 5634 2184 5704 Τὴν
2204 5622 2753 5704 δημιουργίαι-«ἐξα,
2787 5641 2955 5704 usque
2978 5641 3045 5679 aa
3074 5640 3330 5695 ωρισατο,
3361 5622 3448 5677 de-

1861 5698 2065 5776 suiiti‘u
2097 5698 2423 5776 Gobleriano
2448 5698 2503 5756 et
2526 5699 2765 5776 Felcitm.
2792 5698 2826 5776 _l
2865 5713 3027 5748 anon.

1936 5773 2048 5846 (35)
2093 5774 2481 5843 Segucrianus,
2518 5769 2962 5839 μυθολογοῦντες.
