4010 6516
569 384 637 437 99
1138 379 1196 434 S.
1236 376 1608 432 ATHANASH
1648 375 1799 432 OPP.
1843 375 2025 431 PARS
2066 375 2107 431 l.

2251 375 2628 430 HlSTORlCA
2665 332 2753 428 er‘
2792 372 3211 429 DOCMATICA.

3735 371 3832 423 100

569 518 676 556 nun
710 501 998 556 dissimilia
1038 515 1158 556 esse
1199 502 1515 556 debuissent
1559 518 1572 554 :
1602 501 1785 557 omnia
1810 501 1954 555 enim
1992 509 2051 554 ιιι
2086 501 2115 554 il

2244 516 2404 571 φορα·
2432 501 2506 563 ὡς
2535 499 2643 570 γάρ
2678 500 2769 553 ἐπὶ
2805 499 3055 568 σώματος
3098 497 3217 559 ἐνὸς
3259 494 3371 567 (54)
3407 496 3516 549 ἔδει
3542 496 3611 549 τὰ
3656 495 3834 549 πάντα

567 607 673 646 uno
690 607 913 661 corpore
934 592 1015 647 vel
1043 592 1209 647 solem
1238 594 1325 647 vel
1349 593 1528 647 lunam
1545 608 1663 649 e3se
1677 606 1899 648 necesse
1920 593 2136 646 luisset:

566 694 621 737 et
649 685 701 737 in
726 685 1034 739 hominibus
1067 693 1237 738 totum
1266 685 1542 739 debuisset
1570 698 1689 739 esse
1712 684 1797 739 vel
1834 698 2029 738 manus
2057 683 2138 738 vel

567 775 757 830 oculus
779 774 860 827 vel
891 790 1000 844 pes.
1031 776 1193 845 Atqui
1225 776 1339 830 hare
1363 776 1437 830 ita
1477 790 1582 831 non
1624 790 1684 829 se
1726 774 1945 836 habent,
1978 789 2137 828 nam-

561 880 665 933 que
695 867 941 920 videmus
979 866 1122 921 aliud
1180 868 1396 937 quidem
1438 866 1608 923 solem
1649 880 1793 931 esse,
1823 867 1966 921 aliud
2010 883 2137 921 vero

562 961 765 1021 lunam,
797 972 850 1013 et
877 960 1018 1013 aliud
1052 958 1553 1023 terram;similiter
1587 959 1639 1012 in
1676 958 1927 1014 humanis
1949 973 2138 1027 corpo-

562 1052 729 1113 ribus.
754 1052 896 1105 aliud
922 1068 1015 1121 pes
1061 1061 1163 1116 est,
1196 1050 1340 1105 aliud
1387 1065 1600 1115 manus,
1636 1050 1781 1105 aliud
1814 1059 1996 1121 caput.
2037 1050 2134 1105 llic

558 1153 735 1195 autem
762 1143 898 1196 ordo
929 1152 984 1196 et
1038 1156 1216 1196 rerum
1251 1140 1537 1210 dispositio
1583 1149 1793 1195 certum
1841 1155 2131 1211 argumen-

558 1245 668 1287 tum
696 1244 776 1290 est
812 1236 914 1290 ista
962 1250 1065 1289 non
1102 1250 1197 1289 sua
1242 1244 1434 1304 sponte
1476 1232 1618 1288 facta
1667 1232 1854 1302 fuisse,
1889 1234 1982 1288 sed
2031 1232 2131 1285 ali-

554 1344 714 1397 quam
743 1344 963 1383 causam
998 1329 1102 1384 illis
1132 1328 1511 1398 praefuisse,ex
1548 1342 1652 1395 qua
1685 1325 1979 1396 Deum,qui
2014 1341 2129 1379 om-

553 1425 642 1475 nia
678 1420 804 1474 fecit
845 1430 899 1474 et
930 1421 982 1473 in
1028 1435 1125 1475 suo
1150 1420 1389 1489 quidque
1427 1418 1617 1473 ordine
1656 1416 1959 1481 collocavit,
2001 1415 2126 1469 licet

552 1512 869 1582 intelligere.
932 1506 1068 1576 Alii,
1120 1512 1259 1565 inter
1312 1525 1446 1580 quos
1501 1510 1663 1564 etiam
1718 1524 1945 1578 magnus
1984 1508 2122 1577 apud

549 1603 778 1671 gentiles
808 1603 960 1658 Plato
991 1612 1327 1668 numeratur,
1371 1612 1687 1658 asseverant
1731 1603 1895 1657 Deum
1941 1602 2121 1656 omnia

536 1698 743 1748 fecisse
788 1710 853 1749 ex
906 1697 1128 1749 materia
1169 1696 1317 1764 prius
1364 1696 1659 1750 exsistente
1692 1704 1746 1749 et
1791 1708 1894 1749 non
1934 1694 2116 1747 facta:

548 1799 724 1853 neque
745 1784 889 1839 enim
922 1784 1085 1837 Deum
1123 1784 1323 1853 aliquid
1349 1781 1529 1837 facere
1555 1782 1811 1853 potuisse,
1846 1782 1947 1835 nisi
1972 1781 2119 1850 prius

2246 588 2385 644 εἶναι
2424 592 2574 661 ἥλιον
2595 592 2629 661 ἢ
2651 590 2900 661 σελήνην·
2925 590 3017 642 καὶ
3049 589 3143 642 ἐπὶ
3165 587 3277 640 τῶν
3309 587 3612 658 ἀνθρώπων
3640 588 3747 640 ἔδει
3774 588 3833 640 τὸ

2245 684 2363 736 ὅλον
2402 678 2540 736 εἶναι
2578 685 2755 753 χεῖρα,
2807 682 2839 753 ἢ
2885 682 3181 752 ὀφθαλμὸν,
3210 680 3245 752 ἦ
3273 679 3427 733 πόδα.
3462 681 3578 733 Νῦν
3628 682 3688 734 δὲ
3732 682 3831 735 οὐκ

2245 774 2359 828 ἔστι
2393 776 2491 846 μὲν
2514 774 2706 838 οὕτως’
2749 776 2962 846 ὁρῶμεν
2995 776 3051 828 δὲ
3078 775 3138 827 τὸ
3177 775 3279 844 μὲν
3304 774 3476 843 ἥλιον,
3503 774 3565 826 τὸ
3595 772 3651 825 δὲ
3677 773 3833 845 σελή-

2243 884 2361 938 νην,
2404 868 2465 921 τὺ
2487 868 2543 920 δὲ
2564 867 2688 937 γῆνο
2714 869 2809 921 καὶ
2851 866 3011 921 πάλιν
3060 866 3150 918 ἐπὶ
3179 867 3290 919 τῶν
3341 866 3701 936 ἀνθρωπίνων
3728 881 3829 917 σω-

2245 961 2429 1028 μάτων
2463 959 2524 1011 τὸ
2554 960 2651 1029 μὲν
2696 960 2852 1023 πόδα,
2878 959 2938 1012 τὸ
2976 960 3033 1013 δὲ
3060 962 3235 1030 χεῖρα,
3268 958 3330 1011 τὸ
3352 959 3408 1011 δὲ
3448 958 3715 1029 κεφαλήν.
3764 959 3827 1011 Ἦ

2239 1051 2295 1103 δὲ
2330 1050 2553 1121 τοιαύτη
2583 1050 2821 1117 διάταξις
2847 1053 2945 1104 οὐκ
2988 1052 3309 1121 αὐτομάτως
3339 1050 3479 1104 αὑτά
3496 1051 3827 1120 γεγενῆσθαι
3890 1116 3895 1119 _

2236 1141 2512 1212 γνωρίζει,
2546 1142 2660 1195 ἀλλ’
2692 1145 2872 1197 αἰτίαν
2908 1143 3109 1195 τούτων
3139 1142 3500 1214 προηγεῖσθαι
3528 1142 3822 1214 δείκνυσιν
3864 1130 3905 1213 χῖ

2238 1234 2330 1302 ἀφ’
2358 1230 2426 1305 ἦς
2463 1235 2557 1287 καὶ
2600 1236 2689 1288 τὸν
2726 1235 3116 1306 διαταξάμενον
3165 1237 3261 1288 καὶ
3307 1236 3485 1289 πάντα
3522 1230 3825 1306 ποῖήσαντα

3534 1205 3821 1231 κ-ρ-ν

2236 1326 2365 1378 Θεὸν
2406 1326 2519 1380 ἐστι
2559 1330 2718 1381 νοεῖν.
2751 1328 2933 1380 Ἀλλοι
2965 1328 3043 1394 δὲ,
3080 1329 3138 1380 ὲν
3185 1322 3268 1390 οἷς
3298 1330 3413 1381 ἐστι
3446 1327 3589 1381 καὶὸ
3651 1329 3823 1399 μέγας
3918 1358 3919 1361 η

2235 1420 2362 1491 παρ’
2390 1420 2612 1491 Ἕλλησι
2639 1421 2749 1492 (55)
2788 1421 3011 1475 Πλάτων
3055 1421 3190 1492 (56),
3236 1423 3299 1475 ἐκ
3342 1422 3822 1495 προϋποκειμένης

2235 1513 2611 1583 χαῖιίᾲγενῄτου
2643 1512 2776 1585 ὕλης
2813 1513 3171 1583 πεποιηκέναι
3215 1514 3309 1567 τὸν
3346 1513 3479 1566 Θεὸν
3510 1512 3582 1565 τὰ
3620 1513 3718 1565 ὃλα
3740 1512 3816 1565 δι-

2230 1604 2511 1673 ηγοῦνταιο
2542 1604 2615 1675 μὴ
2644 1604 2708 1658 ἂν
2731 1605 2839 1675 γὰρ
2872 1605 3201 1659 δύνασθαίτι
3230 1607 3450 1677 ποιῆσαι
3473 1606 3565 1658 τὸν
3581 1604 3737 1665 Θεὸν,
3767 1606 3816 1657 εί

2232 1696 2306 1766 μὴ
2342 1696 2705 1765 πῳῦπὲκειτο
2736 1698 2768 1766 ἡ
2810 1696 2931 1766 ὕλησ
2965 1696 3152 1768 ὥσπερ
3201 1697 3297 1750 καὶ
3322 1696 3399 1767 τῷ
3439 1696 3655 1767 τὲξτρνι
3684 1712 3819 1767 προ-

2228 1786 2545 1840 υποκεῖσθαι
2578 1788 2659 1839 δεῖ
2682 1788 2741 1839 τὸ
2768 1787 2943 1853 ξύλον,
2977 1788 3065 1841 ἴνα
3090 1790 3185 1842 καὶ
3223 1788 3563 1860 ἐργάσασθαι
3588 1787 3812 1861 δυνηθῇ.

551 1877 775 1931 materia
806 1876 1138 1940 exstitisset,
1173 1874 1626 1945 quemadmodum
1675 1888 1809 1943 opus
1839 1882 1921 1929 est
1955 1880 2014 1925 ut
2060 1872 2115 1925 li-

2228 1876 2339 1928 Οὕκ
2388 1877 2533 1929 ἴσασι
2575 1877 2631 1930 δὲ
2662 1876 2820 1930 τοῦτο
2863 1877 3133 1945 λέγοντες,
3170 1878 3251 1930 ὅτι
3287 1877 3571 1931 ἀσθένειαν
3602 1892 3813 1947 περιτι-

550 1983 737 2037 gnum,
774 1966 1082 2055 quo‘faber
1136 1968 1325 2028 utitur,
1366 1965 1516 2035 prius
1548 1965 1799 2029 exsistat,
1832 1973 1891 2018 ut
1934 1979 2000 2018 ex
2056 1978 2121 2018 eo

498 2094 505 2105 .
549 2059 750 2126 aliquid
783 2057 962 2111 facere
988 2058 1176 2126 possit.
1196 2056 1395 2112 Verum
1426 2057 1518 2126 qui
1548 2058 1619 2111 ita
1646 2057 2119 2126 philosophantur,

546 2166 652 2203 non
682 2150 867 2203 vident
892 2165 951 2203 se
982 2149 1402 2203 imbecillitatem
1427 2149 1536 2203 Deo
1576 2149 1867 2203 ascribere.
1894 2147 1950 2201 Si
1976 2150 2118 2203 enim

546 2244 663 2311 ipse
690 2258 794 2295 non
847 2250 931 2297 est
976 2241 1213 2295 materia:
1255 2240 1499 2306 eﬂ‘eetor,
1535 2241 1628 2295 sed
1656 2255 1840 2337 res’gx
1881 2240 2115 2313 subjecta

544 2334 768 2386 materia
808 2333 972 2395 laeit,
1019 2330 1304 2386 imbecillis
1342 2346 1474 2386 sane
1513 2341 1616 2394 est,
1666 2330 1789 2386 cuin
1835 2333 1965 2384 nihil
2002 2333 2119 2386 sine

543 2427 775 2479 materia
829 2424 1084 2478 fabricari
1126 2434 1309 2492 queat,
1335 2423 1786 2493 quemadmodum
1821 2424 2002 2491 utique
2036 2424 2116 2478 l'a-

545 2518 625 2570 bri
656 2516 1075 2570 imbecillitatem
1108 2516 1330 2580 indicat,
1353 2514 1486 2569 nihil
1514 2530 1635 2569 eum
1668 2513 1941 2582 sineligno
1964 2531 2119 2583 posse

545 2610 742 2663 facere.
765 2608 1070 2677 Siquidem,
1112 2616 1171 2660 ut
1215 2607 1290 2659 illi
1322 2607 1580 2669 sentiunt,
1604 2606 1707 2660 nisi
1736 2610 1961 2660 materia
1994 2606 2119 2661 l‘uis-

542 2711 645 2762 set.
675 2700 807 2754 nihil
835 2698 1102 2754 eﬂ'ecisset
1136 2699 1294 2753 Deus.
1326 2698 1479 2765 Quod
1514 2698 1559 2751 si
1610 2698 1683 2752 ita
1728 2708 1843 2762 est,
1868 2702 1957 2767 qni
1989 2700 2116 2753 etre-

541 2802 659 2845 ctor
691 2801 745 2845 et
780 2800 994 2844 creator
1031 2789 1135 2844 dici
1167 2799 1349 2858 queat,
1381 2790 1471 2859 qui
1496 2805 1559 2842 ex
1590 2790 1693 2843 alia
1728 2806 1804 2854 re,
1837 2807 2027 2859 nempe
2049 2808 2114 2847 ex

542 2884 789 2947 materia,
816 2864 1127 2953 habuiﬂﬁc
1155 2864 1936 2953 ἰρειιιη-ιῃιιῖῇἰιιεετειῖϐεηε
1971 2884 2013 2935 si
2042 2884 2110 2937 ita

541 2991 597 3028 se
626 2989 711 3029 res
738 2974 917 3037 habet,
937 2972 1087 3026 faber
1114 2982 1321 3027 tantum
1353 2974 1646 3027 secundum
1678 2974 1795 3028 illos
1821 2976 1923 3028 erit
1953 2974 2110 3039 Deus,

542 3082 647 3119 non
677 3079 806 3118 vero
834 3073 890 3119 ut
910 3075 1124 3119 creator
1163 3064 1323 3119 rebus
1350 3065 1497 3119 dabit
1528 3074 1586 3118 ut
1623 3064 1753 3129 sint,
1782 3066 1825 3119 si
1858 3067 2111 3119 nimirum

539 3161 591 3212 in
618 3159 856 3228 subjecta
880 3157 1102 3211 materia
1126 3164 1266 3226 agat,
1289 3170 1387 3210 nec
1418 3158 1531 3225 ipse
1549 3156 1621 3211 sit
1637 3157 1876 3210 materiae
1900 3170 2107 3212 auctor.

535 3248 692 3315 Nam,
726 3260 785 3303 ut
814 3264 921 3302 uno
955 3248 1118 3302 verbo
1152 3247 1350 3312 dicam,
1378 3257 1593 3302 creator
1637 3247 1745 3302 dici
1778 3262 1881 3302 non
1912 3258 2105 3316 potest,
2136 3221 2183 3284 ε

537 3344 640 3397 nisi
668 3343 950 3397 materiam
989 3351 1159 3406 creet,
1190 3358 1253 3397 ex
1283 3358 1389 3410 qua
1428 3359 1513 3398 res
1543 3354 1736 3397 creata:
1779 3343 1933 3397 facta:
1960 3356 2106 3400 sunt.

538 3436 784 3489 llreretici
818 3446 994 3489 autem
1048 3432 1208 3486 alium
1261 3434 1363 3488 sibi
1399 3433 1607 3502 ﬁngunt
1648 3448 1827 3487 rerum
1860 3435 2107 3503 Opiﬁeetn

537 3536 728 3595 prazter
754 3526 967 3580 Patrem
1000 3524 1210 3579 Domini
1243 3527 1412 3579 nostri
1454 3523 1584 3579 Jesu
1624 3524 1825 3578 Christi
1856 3542 1869 3588 ;
1908 3528 2000 3579 sed
2032 3526 2106 3580 illi

537 3634 801 3673 summam
830 3618 1126 3673 caecitatem
1149 3618 1236 3671 vel
1265 3618 1318 3671 in
1365 3617 1448 3671 his
1493 3616 1628 3685 ipsis
1657 3632 1775 3685 qum
1814 3616 2109 3686 loquuntur

534 3714 846 3767 ostendunt.
876 3710 1009 3766 Cum
1059 3712 1202 3764 enim
1257 3709 1514 3764 Dominus
1560 3710 1625 3762 ad
1665 3708 1877 3764 Iudaeos
1913 3709 2057 3764 dicat
2090 3728 2103 3763 :

543 3802 665 3856 Non
696 3803 893 3871 legistis
916 3802 1040 3871 quia
1067 3802 1156 3871 qui
1188 3802 1252 3853 ab
1292 3801 1440 3853 initio
1469 3799 1685 3861 creavit,
1728 3801 2019 3854 masculum
2057 3810 2106 3854 et

535 3900 784 3966 feminam
814 3894 933 3963 fecit
953 3910 1059 3957 eos,
1083 3903 1129 3946 et
1150 3892 1286 3945 dixit
1310 3909 1328 3946 :
1348 3891 1568 3961 Propter
1594 3894 1689 3945 hoc
1705 3894 1930 3948 dimittet
1951 3898 2105 3946 homo

534 3999 735 4055 patrem
771 3997 818 4039 et
858 3996 1078 4038 matrem
1111 4001 1281 4050 suam,
1306 3996 1353 4037 et
1384 3985 1668 4039 adhazrebit
1701 3988 1855 4039 uxori
1891 4002 2023 4048 sure,
2056 3995 2104 4038 et

532 4090 683 4133 erunt
716 4085 821 4131 duo
851 4078 906 4129 in
932 4091 1088 4129 carne
1125 4093 1270 4141 una;
1302 4086 1356 4130 et
1388 4077 1578 4131 deinde
1598 4078 1929 4132 tCreatorem
1962 4078 2104 4131 inui-

534 4187 664 4225 cans
702 4169 895 4234 :Quod
946 4185 1069 4238 ergo
1113 4167 1247 4222 Deus
1284 4168 1579 4236 conjunxit,
1616 4170 1767 4224 Iwmo
1803 4188 1905 4224 non
1947 4187 2099 4237 sepa-

532 4274 606 4317 ret
632 4262 708 4328 M‘;
738 4260 1008 4331 quomodo
1047 4258 1117 4312 illi
1171 4260 1501 4314 creationem
1533 4259 1679 4314 Patri
1719 4269 1995 4316 externam
2021 4260 2103 4311 in-

530 4358 726 4409 ducere
776 4352 1032 4406 audent?
1078 4350 1227 4416 Quod
1268 4351 1313 4405 si
1365 4351 1657 4405 secundum
1702 4350 1964 4405 Joannem
2008 4351 2099 4419 qtti

526 4448 706 4502 omnia
757 4445 911 4515 plane
964 4444 1337 4511 complectitur
1392 4444 1631 4511 nihilque
1660 4443 1877 4511 exeipit,
1910 4441 2099 4495 Omnia

2225 1966 2378 2020 θέασι
2401 1968 2478 2038 τῷ
2511 1968 2651 2039 Θεῷ.
2673 1970 2736 2022 Et
2765 1968 3001 2040 γὰρ,οὐκ
3022 1969 3137 2022 ἐστι
3160 1969 3258 2039 τῆς
3291 1968 3421 2040 ὕλης
3442 1969 3606 2033 αὐτὸς
3620 1969 3813 2032 αἴτιος,

2222 2058 2335 2110 ἀλλ’
2391 2058 2526 2122 ὅλως
2572 2059 2681 2130 (57)
2715 2058 2776 2123 ἐξ
2802 2061 3176 2142 pompam;
3204 2059 3335 2129 ὕλης
3371 2063 3519 2113 ποιεῖ
3551 2060 3621 2112 τά
3649 2059 3810 2121 ὅντα,

2221 2151 2452 2223 ἀσθενὴς
2481 2152 2814 2223 εὑρίσκεται,
2849 2154 2923 2224 μὴ
2950 2154 3245 2223 δυνάμενος
3271 2154 3397 2224 ἄνευ
3431 2153 3534 2224 τῆς
3565 2153 3700 2222 ὕλης
3723 2156 3812 2223 ἐρ-

2220 2218 2493 2312 γάσασθαί
2521 2218 2573 2298 τι
2621 2245 2729 2297 τῶν
2756 2218 3544 2339 γενομένων-ὥσπεῷῗῖιέλῇ
3562 2218 3667 2300 καὶ.
3713 2218 3808 2299 τοῦ

2220 2338 2469 2401 τέκτονος
2520 2338 2773 2393 ἀσθένειά
2801 2340 2919 2393 ἐστι
2962 2340 3021 2392 τὸ
3058 2340 3131 2410 μὴ
3178 2324 3648 2412 δύνασθῖί-’ᾗῖυρὶς
3702 2340 3811 2393 τῶν

2222 2430 2392 2495 ξύλων
2423 2432 2757 2503 ἐργάσασθαι
2775 2451 2825 2485 τι
2846 2433 2953 2486 τῶν
2976 2434 3306 2501 ἀναγκαίων.
3337 2434 3446 2486 Καὶ
3469 2433 3595 2487 καθ’
3613 2433 3810 2487 ὑπόθε-

2220 2541 2304 2575 σιν
2334 2524 2442 2595 γὰρ
2469 2524 2598 2595 (58),
2635 2527 2682 2577 εί
2716 2526 2791 2595 μὴ
2818 2521 2885 2596 ἦν
2906 2527 2939 2596 ἡ
2963 2524 3084 2597 ὕλη,
3130 2527 3229 2578 οὐκ
3254 2525 3320 2578 ἂν
3350 2524 3647 2597 εἰργάσατο
3686 2542 3738 2578 τι
3780 2527 3827 2577 ὁ¹

2218 2617 2370 2680 Θεός.
2404 2618 2513 2670 Καὶ
2559 2618 2675 2681 πῶς
2707 2618 2785 2670 ἔτι
2824 2619 3054 2689 ποιητὴς
3094 2619 3185 2672 καὶ
3229 2618 3564 2690 δημιουργὸς
3601 2618 3667 2670 ἂν
3718 2617 3807 2670 λε-

2218 2706 2375 2776 χθείη
2417 2709 2474 2774 ἐξ
2510 2709 2695 2779 ἐτέρου
2748 2709 2809 2761 τὸ
2850 2712 3025 2762 ποιεῖν
3061 2709 3329 2780 ἐσχηκὼς,
3354 2709 3497 2778 λέγω
3526 2709 3584 2761 δὲ
3618 2711 3681 2761 ἐκ
3709 2708 3805 2778 τῆς

2217 2800 2389 2871 ὕλης;
2426 2802 2615 2854 Ἔσται
2640 2801 2717 2867 δὲ,
2753 2804 2801 2855 εί
2845 2802 3018 2866 οὕτως
3062 2802 3192 2872 ἔχει,
3230 2805 3349 2855 κατ’
3379 2802 3579 2865 αὐτοὺς
3605 2804 3634 2854 ὁ
3675 2800 3804 2864 Θεὲς

2214 2896 2464 2965 τεχνίτης
2498 2896 2655 2965 μόνον
2687 2897 2778 2948 καὶ
2797 2897 2859 2949 οὐ
2883 2896 3107 2966 κτίστης
3128 2899 3206 2959 είς
3221 2896 3280 2948 τὸ
3307 2891 3466 2960 εἶναι,
3498 2897 3545 2947 εἰ
3563 2896 3665 2967 τὴν
3692 2895 3803 2963 (59)

2216 2987 2579 3057 ὑποκειμένην
2605 2986 2736 3057 ὕλην
2794 2988 3107 3059 ἐργάζεται,
3138 2988 3233 3058 τῆς
3271 2988 3327 3039 δὲ
3365 2986 3498 3057 ὕλης
3531 2987 3633 3039 οὐκ
3656 2987 3803 3038 ἐστιν

2214 3078 2377 3141 αὐτὸς
2403 3080 2597 3142 αῐτιοςι
2648 3080 2895 3133 Καθόλου
2933 3080 3042 3151 γάρ
3070 3080 3187 3133 οὐδὲ
3218 3080 3443 3148 κτίστης
3473 3079 3540 3133 ἂν
3561 3077 3799 3148 λεχθείη.

2214 3172 2263 3224 εί
2308 3170 2382 3241 μὴ
2431 3170 2605 3235 κτίζει
2640 3173 2739 3243 τὴν
2770 3172 2922 3244 ὕλην,
2972 3175 3030 3239 ἐξ
3068 3170 3133 3245 ἧς
3176 3173 3267 3225 καὶ
3293 3171 3360 3225 τὰ
3384 3171 3675 3224 κτισθέντα
3712 3170 3801 3238 γέ-

2214 3278 2384 3329 γονεν.
2420 3263 2482 3314 Οἱ
2515 3262 2570 3315 δὲ
2600 3263 2707 3315 άπὸ
2738 3262 2845 3317 τῶν
2902 3264 3164 3335 αἱρέσεων
3218 3264 3373 3317 ἄλλον
3424 3264 3640 3325 ἑαυτοῖς
3668 3263 3800 3314 ἁνα-

2212 3354 2616 3427 πλάττονταιδη
2627 3358 2885 3429 μιουργὸν
2913 3358 3019 3410 τῶν
3043 3358 3256 3411 πάντων
3285 3356 3435 3429 παρὰ
3467 3356 3561 3409 τὸν
3581 3355 3798 3426 Πατέρα

2207 3448 2302 3502 τοῦ
2328 3449 2533 3520 Κυρίου
2564 3449 2718 3519 ἡμῶν
2758 3450 2930 3522 Ἰησοῦ
2974 3450 3235 3522 Χριστοῦ,
3260 3449 3669 3520 τυφλώττοντες
3706 3449 3797 3518 μέ-

2210 3558 2281 3608 γα
2309 3542 2404 3595 καὶ
2443 3543 2573 3613 περὶ
2592 3524 3003 3619 afﬂigimur.
3030 3543 3133 3596 Τοῦ
3161 3544 3267 3614 γὰρ
3312 3543 3425 3613 (40)
3451 3543 3663 3613 Κυρίου
3710 3540 3795 3593 λέ-

2208 3650 2398 3701 γοντος
2446 3636 2581 3707 πρὸς
2628 3618 2752 3697 τοῦς
2798 3636 3103 3699 Ἰουδαίους
3154 3639 3274 3689 Οὐκ
3325 3636 3645 3705 ἀνέγνωτε,
3705 3634 3792 3686 ὄτι

2207 3726 2308 3777 ἀπ’
2341 3727 2533 3795 ἀρχῆς
2554 3731 2585 3781 ό
2616 3728 2829 3792 κτίσας
2852 3727 3043 3794 ἄρσεν
3076 3727 3171 3781 καὶ
3201 3727 3356 3795 θῆλυ
3385 3728 3678 3795 ἐποίησεν
3691 3727 3792 3777 αὺ-

2208 3815 2371 3881 τοὺς,
2401 3818 2496 3870 καὶ
2529 3812 2727 3870 εἶπεν·
2770 3818 3015 3871 Ἕνεκεν
3046 3820 3255 3872 τούτου
3286 3819 3638 3886 καταλείψει
3688 3816 3790 3869 ἄν·

2206 3910 2436 3973 θρωπος
2472 3908 2579 3960 τὸν
2620 3907 2844 3976 πατέρα
2887 3909 2987 3963 καὶ
3037 3910 3151 3977 τὴν
3181 3909 3409 3978 μητέρα
3450 3908 3639 3963 αὐτοῦ
3689 3906 3786 3959 καὶ

2207 4000 2809 4067 προσκολληθήσεται
2839 4000 2913 4070 τῇ
2936 4002 3172 4071 γυναικὶ
3198 4002 3405 4055 αὐτοῦ·
3428 4003 3525 4054 καί
3548 4002 3787 4055 ἔσονται

2204 4091 2258 4141 οί
2292 4089 2402 4143 δύο
2440 4093 2527 4157 εις
2544 4091 2742 4159 σάρκα
2762 4093 2926 4161 μίαν·
2967 4092 3085 4146 εἶτα
3110 4094 3389 4163 σημαίνων
3442 4094 3532 4147 τὸν
3572 4093 3789 4145 κτίσαν-

2203 4180 2271 4233 τά
2300 4198 2484 4251 φησιν·
2543 4185 2602 4234 Ὅ
2635 4180 2749 4237 οὖν
2790 4186 2823 4237 ό
2885 4184 3031 4251 Θεὸς
3058 4183 3443 4249 συνέζευξεν,
3478 4185 3787 4252 ἅνθρωπος

2198 4272 2283 4341 μὴ
2312 4274 2613 4342 χωριζέτω·
2652 4276 2769 4339 πῶς
2798 4271 2941 4331 οὗτοι
2966 4276 3121 4348 ξένην
3151 4276 3243 4331 τοῦ
3279 4278 3493 4348 Πατρὸς
3527 4278 3623 4346 τὴν
3666 4275 3786 4327 κτί-

2205 4382 2288 4417 σιν
2321 4368 2663 4435 είσάγουσιν;
2696 4368 2757 4421 Εἰ
2783 4369 2840 4421 δὲ
2874 4371 3017 4423 κατὰ
3039 4370 3127 4422 τὸν
3156 4370 3406 4440 Ἰωάννην
3432 4368 3609 4421 πάντα
3634 4383 3788 4435 περι-

2203 4455 2434 4509 λαϐόντα
2460 4458 2551 4511 καὶ
2581 4457 2825 4525 λέγονται⁸
2856 4458 3060 4513 Πάντα
3086 4458 3160 4512 δι’
3194 4460 3381 4513 αὐτοῦ
3401 4459 3657 4529 ἐγένετο,
3681 4456 3783 4509 καὶ

526 4556 616 4608 per
644 4540 809 4607 ipsum
834 4538 975 4605 facta
1004 4546 1146 4601 sunt,
1172 4546 1219 4589 et
1246 4537 1357 4589 sine
1386 4538 1497 4601 ipso
1540 4534 1737 4603 factum
1764 4543 1839 4586 est
1870 4535 2001 4585 nihil
2031 4534 2094 4584 ‘5:

2221 4546 2384 4613 ζωρὶς
2411 4546 2598 4601 αὐτοῦ
2622 4548 2855 4616 ἐγένετο
2898 4548 3036 4601 οὐδέ
3066 4548 3153 4601 ἓν·
3197 4548 3314 4612 πῶς
3335 4549 3401 4601 ἂν
3436 4548 3592 4611 ἄλλος
3615 4546 3696 4615 εἴη
3753 4545 3787 4595 ὁ

525 4633 666 4700 quis,
699 4646 901 4700 quaeso,
934 4632 1072 4683 alius
1106 4638 1320 4682 creator
1357 4641 1477 4681 esse
1514 4627 1681 4695 possit
1723 4636 1918 4692 praeter
1948 4628 2101 4679 Chri-

527 4727 592 4775 sti
621 4721 833 4773 Patrem
858 4721 880 4771 ?

596 4816 648 4865 5.
691 4815 765 4866 [in
800 4828 929 4879 ergo
980 4827 1099 4879 qure
1145 4811 1217 4864 illi
1262 4810 1475 4879 quidem
1522 4806 1799 4862 effutiunt.
1829 4815 1882 4857 at
1916 4806 2093 4858 divina

1606 4925 1635 4939 .-

600 4930 643 4960 δδ
670 4929 857 4981 Matth.
912 4944 1028 4990 XIX,
1070 4928 1185 4981 4-6.
1264 4928 1307 4957 ⁵⁸
1340 4925 1492 4980 Joan.
1531 4942 1568 4989 ῑ,
1605 4925 1662 4979 ’5.

597 5066 706 5135 (54)
738 5065 792 5118 In
822 5066 985 5119 Basil.
1022 5080 1087 5118 ex
1121 5063 1253 5135 ἑνός
1292 5064 1490 5135 factum
1541 5071 1623 5115 est
1660 5062 1737 5114 ἓν.
1795 5060 2098 5135 Utrumque

528 5133 763 5189 deest'in
797 5137 1005 5205 Anglic.
1040 5134 1173 5205 ibid.
1200 5133 1269 5185 τὰ
1289 5134 1466 5187 πάντα
1491 5147 1695 5205 omnes
1708 5146 1837 5184 mss.
1860 5134 2095 5205 habent:

521 5208 591 5260 τά
624 5209 673 5258 in
706 5207 863 5260 editis
888 5202 1110 5258 “deerat.
1151 5204 1277 5256 Item
1327 5206 1455 5257 ibid.
1490 5214 1611 5269 post
1646 5202 1817 5268 ἥλιον,
1843 5203 2091 5269 Seguer.,

2207 4637 2535 4709 δημιουργὸς
2552 4639 2697 4709 παρὰ
2724 4639 2813 4693 τὸν
2842 4639 3060 4710 Πατέρα
3085 4640 3176 4692 τοῦ
3196 4638 3434 4709 Χριστοῦ
3453 4656 3465 4667 ⁸

2269 4816 2323 4869 5.
2361 4817 2542 4870 Ταῦτα
2583 4818 2680 4887 μὲν
2721 4812 2863 4870 οὗτοι
2904 4815 3373 4887 μυθολογοῦσινοὴ
3415 4815 3471 4866 δὲ
3503 4813 3672 4873 ἔνθεος
3696 4809 3789 4861 δι-

2197 5075 2357 5113 anon.
2400 5058 2534 5122 ὅλως
2563 5059 2801 5112 habent:
2844 5060 2934 5112 alii
2968 5074 3087 5114 cum
3121 5060 3281 5114 editis
3318 5058 3593 5110 omittunt.

2264 5130 2380 5200 (58)
2422 5130 2511 5184 Sic
2539 5129 2765 5200 Seguer.
2806 5130 2996 5195 Basil.,
3023 5139 3077 5184 et
3104 5130 3257 5195 Angl.
3288 5130 3355 5200 At
3388 5128 3437 5180 in
3469 5124 3784 5200 ϐρωτὴ-,ει

2192 5189 2373 5253 Ρείειίξ
2406 5200 2457 5266 1,
2490 5189 2654 5270 ιιηοιῖ.Δ
2685 5199 2793 5270 γάρ
2830 5189 3000 5264 deest,
3043 5210 3103 5252 ut
3138 5189 3361 5265 δι”γοῦν
3395 5196 3535 5264 quod
3562 5194 3610 5245 in
3646 5189 3784 5242 aliis

520 5279 737 5330 Utiliter.
779 5287 834 5329 et
876 5275 1228 5330 Felrkmanni
1271 5274 1293 5325 1
1352 5267 1605 5343 anonyin.
1645 5274 1678 5340 ἡ
1716 5267 1969 5325 Ιιςὼριιι“ι
2004 5270 2093 5322 alii
2192 5280 2246 5322 et
2272 5271 2441 5343 editis
2472 5284 2570 5338 pro
2593 5267 2697 5339 γάρ
2734 5267 2955 5343 ίΙὲθὶιιις.

519 5364 639 5398 ιἰιιιι
673 5348 853 5409 editis,
889 5347 1003 5400 καί.

591 5419 701 5487 (55)
744 5418 802 5469 '0
832 5418 1001 5487 μέγας
1031 5415 1173 5487 παρξ
1199 5413 1425 5482 Ἕλλησι
1468 5412 1659 5466 desunt
1690 5414 1749 5487 in_
1774 5410 2083 5487 Goblerian.

516 5499 569 5538 et
597 5476 844 5541 ὶδιιιὶτιίιιιξ
880 5476 923 5540 ι’
942 5476 1122 5539 anon:
1150 5484 1315 5536 Paulo
1345 5476 1465 5549 post
1505 5499 1601 5546 pro
1629 5482 1852 5548 ποιῆσαι
1876 5521 1890 5540 ,
1928 5482 2089 5532 iidem

520 5558 790 5610 ποιεῖσθαι
826 5558 1060 5609 habent:
1095 5564 1384 5621 utrumque
1421 5561 1598 5603 autem
1634 5554 1785 5603 deest
1825 5552 1876 5602 in
1924 5549 2090 5603 Basil.

521 5627 727 5693 Anglic.
765 5626 903 5678 lnl'ra
935 5627 968 5693 ἡ
998 5633 1123 5676 ante
1157 5620 1257 5691 ὕλη
1289 5620 1439 5675 abest
1467 5624 1533 5671 ab
1560 5621 1876 5693 Anglicum).

595 5688 703 5763 (δῦ)
737 5694 813 5748 lla
837 5688 989 5748 docet
1029 5693 1179 5763 P_lato
1218 5688 1270 5743 in
1314 5704 1543 5759 utroque
1583 5690 1799 5751 Tima‘o,
1844 5688 1935 5741 sed
1981 5688 2086 5741 clas

521 5761 633 5820 rius
660 5765 811 5816 initio
843 5763 1027 5815 Timwi
1058 5761 1234 5814 Locri.

593 5833 699 5902 (57)
733 5833 977 5898 chttcr.,
1008 5832 1147 5884 Basil
1177 5871 1191 5895 ,
1226 5830 1457 5899 Anglic,
1480 5829 1694 5883 Goblcr.
1715 5839 1767 5885 et
1792 5826 2026 5881 Fclt‘km.
2062 5826 2082 5879 I

2263 5338 2371 5409 (59)
2406 5330 2740 5408 Se'guer'n'sl’
2764 5330 2844 5393 τὲ.
2896 5339 3113 5394 Gobler.
3156 5348 3209 5391 et
3254 5336 3493 5391 Felrkm.
3532 5334 3668 5409 lati.
3719 5330 3786 5380 εἴ

2193 5400 2280 5482 γέξ
2309 5400 2397 5477 (illi
2423 5400 2586 5482 ίίιῖθῐη
2616 5410 2841 5482 Seguer.
2884 5421 2936 5465 et
2962 5410 3183 5466 Gobler.
3211 5408 3369 5476 paulo
3396 5412 3516 5474 post
3547 5400 3780 5463 habent,

2197 5481 2332 5549 εἴγε
2366 5481 2440 5551 μὴ
2478 5479 2710 5542 κτίζειδ
2778 5550 2809 5551 η
2902 5550 2913 5551 γ
3072 5550 3081 5551 ί
3439 5544 3449 5551 ,
3529 5540 3539 5551 .
3711 5538 3725 5550 .

2269 5540 2381 5619 (ω)
2416 5540 2633 5607 Goble‘r.
2673 5560 2727 5605 et
2774 5550 3010 5605 Fcltkm.
3060 5550 3085 5602 1
3118 5564 3279 5603 anon.
3313 5540 3785 5619 particulamde

2196 5606 2299 5673 non
2340 5606 2557 5675 habent.
2585 5620 2704 5675 Mox
2737 5622 2864 5675 ibid.
2896 5622 2989 5675 ἀπ’
3013 5621 3185 5689 ἀρχῆς
3216 5606 3369 5689 abest
3392 5606 3780 5689 a_l_3asi_l.ltvtit

2195 5692 2361 5760 ἄρσεν
2390 5692 2589 5745 habent
2629 5708 2817 5747 omnes
2842 5708 2995 5757 mss.,
3030 5681 3160 5745 u't'e't
3194 5685 3395 5754 legitur
3434 5681 3613 5737 Matth.
3642 5692 3780 5741 ius,

2201 5762 2284 5817 U.
2324 5762 2484 5824 Edili,
2519 5761 2707 5831 ἄρρεν.
