4010 6510
503 378 634 431 ³105

1096 373 1153 426 S.
1192 370 1565 425 ATHANASII
1605 369 1757 426 OPl’.
1800 369 1978 423 PARS
2014 369 2052 423 Ι.
2089 397 2157 409 —-
2195 368 2565 424 HISTORICA
2603 367 2690 422 ΕΤ
2734 366 3151 424 DOGMATICA.

3680 367 3776 420 1οι

599 491 653 543 4.
694 486 905 541 Miraris
934 484 1183 551 fortasse,
1213 485 1341 555 quid
1370 486 1583 539 tandem
1614 499 1731 549 nos,
1764 499 1886 539 cum
1913 487 1977 538 de
2002 485 2093 537 hu-

2276 484 2328 537 4.
2358 487 2519 547 Ἴσως
2537 484 2644 555 (Si)
2679 466 2976 555 θαυμάζεις
3001 483 3051 536 τί
3082 483 3302 554 δήποτε,
3335 483 3463 553 περὶ
3493 481 3593 551 τῆς
3627 484 3779 538 ἐναν-

531 593 687 630 mana
712 583 900 630 natura
925 589 954 627 a
990 573 1165 628 Verbo
1190 582 1462 642 assumpta
1482 574 1661 627 dicere
1686 573 2102 637 instituerimus,

530 681 671 719 nunc
698 665 763 719 de
790 666 962 734 prima
996 665 1269 719 hominum
1303 664 1510 734 origine
1552 664 1908 734 disputemus.
1941 665 2106 734 Atqui

530 758 582 812 id
613 775 641 810 ιι
671 760 776 812 litae
804 768 1000 811 nostra:
1025 757 1292 813 orationis
1324 757 1545 812 minime
1577 756 1812 812 alienum
1837 766 1942 812 est.
1969 756 2104 824 Quia

525 851 672 905 enim
691 866 993 905 sermonem
1015 852 1280 905 habemus
1301 851 1366 905 de
1390 850 1689 906 Salvatoris
1716 851 1887 905 nostri
1912 851 1978 904 ad
2010 865 2106 905 nos

526 943 783 1007 adventu,
815 957 1035 997 necesse
1081 954 1163 996 est
1185 943 1351 997 etiam
1391 942 1459 997 de
1487 942 1763 997 hominum
1794 941 2104 1012 primordiis

526 1034 693 1103 loqui,
732 1050 837 1104 quo
861 1035 1016 1104 plane
1039 1035 1329 1104 perspicias
1356 1046 1595 1090 nostram
1624 1050 1839 1090 causam
1875 1035 1992 1106 ejus
2020 1035 2107 1088 ad-

527 1139 717 1182 ventus
745 1129 911 1181 fuisse
941 1129 1304 1191 occasionem,
1336 1138 1631 1198 nostroque
1674 1138 1899 1198 peccato
1939 1126 2100 1181 Verbi

523 1218 911 1287 benignitatem
945 1219 1234 1273 excitatam
1269 1218 1454 1283 fuisse,
1484 1230 1543 1273 ut
1582 1219 1647 1274 ad
1690 1235 1785 1274 nos
1821 1219 2106 1274 accederet

522 1318 576 1362 et
615 1310 756 1364 inter
809 1311 1057 1365 homines
1101 1311 1365 1366 Dominus
1430 1321 1737 1380 appareret.
1796 1310 1905 1366 Nos
1956 1310 2101 1364 enim

521 1415 681 1454 causa
710 1415 897 1455 sumus
924 1417 1021 1456 cur
1048 1416 1247 1472 corpus
1273 1416 1451 1455 assum
1462 1402 1651 1471 pserit,
1674 1412 2018 1471 nostramque
2035 1402 2104 1454 oh

520 1492 746 1547 Salutem
774 1494 826 1546 in
857 1493 1090 1546 humano
1137 1508 1366 1563 corpore
1389 1494 1535 1547 nasci
1567 1503 1621 1548 et
1658 1508 1917 1563 apparere
1947 1492 2099 1547 heni-

2207 574 2540 647 θρωπήσεως
2584 574 2677 628 τοῦ
2704 576 2876 643 Λόγου
2917 574 3241 646 προθέμενοι
3275 572 3473 641 λέγειν,
3509 573 3604 626 νῦν
3655 576 3782 645 περὶ

2204 665 2305 735 τῆς
2353 667 2527 738 ἀρχῆς
2553 665 2661 718 τῶν
2703 664 3004 737 ἀνθρώπων
3052 663 3406 735 διηγούμεθα.
3469 663 3630 716 Ἀλλὰ
3690 666 3783 717 καὶ

2203 757 2362 810 τοῦτο
2392 758 2492 810 οὐκ
2513 757 2787 829 ἀλλότριόν
2820 759 2936 809 ἐστι
2973 755 3068 809 τοῦ
3098 755 3302 809 σκοποῦ
3335 756 3438 825 τῆς
3455 756 3779 829 διηγήσεως.

2218 848 2451 919 Ἀνάγκη
2478 848 2585 920 γὰρ
2616 851 2783 920 ἡμᾶς,
2807 848 3065 916 λέγοντας
3084 849 3212 919 περὶ
3240 848 3342 918 τῆς
3375 849 3455 911 είς
3483 849 3632 917 ἡμᾶς
3658 848 3782 899 ἐπι-

2204 939 2427 1009 φανείας
2457 940 2550 993 τοῦ
2584 941 2856 1011 Σωτῆρος,
2886 938 3062 1007 λέγειν
3102 940 3196 992 καὶ
3250 937 3501 1010 περὶτῆς
3547 938 3656 991 τῶν
3687 938 3780 991 ἀν-

2204 1034 2435 1105 θρώπων
2471 1035 2666 1106 ἀρχῆς,
2691 1034 2777 1087 ἵνα
2798 1034 3072 1107 γινώσκῃς
3104 1033 3240 1100 (52),
3271 1034 3409 1103 ὅτιή
3444 1032 3606 1103 ἡμῶν
3637 1032 3783 1086 αίτία

2203 1128 2396 1198 ἐκείνῳ
2442 1128 2630 1196 γέγονε
2660 1127 2929 1197 πρόφασις
2963 1127 3063 1195 τῆς
3107 1124 3355 1187 καθόδου,
3392 1126 3486 1178 καὶ
3535 1126 3570 1195 ή
3626 1124 3782 1196 ἡμῶν

2203 1218 2512 1289 παρᾴὸασις
2532 1218 2626 1271 τοῦ
2650 1219 2820 1285 Λόγου
2842 1216 2938 1286 τὴν
2954 1216 3364 1287 φιλανθρωπίαν
3400 1214 3778 1279 ἐξεκαλέσατο,

2201 1310 2339 1364 ὥστε
2368 1312 2462 1365 καὶ
2493 1313 2572 1375 είς
2601 1314 2746 1382 ἡμᾶς
2778 1309 2978 1380 φθάσαι
3018 1309 3113 1363 καὶ
3171 1313 3404 1380 φανῆναι
3440 1308 3531 1360 τὸν
3576 1307 3780 1380 Κύριον

2201 1404 2259 1456 ἐν
2286 1402 2612 1475 ἀνθρώποις.
2645 1402 2755 1474 Τῆς
2784 1402 2892 1475 γὰρ
2920 1402 3129 1455 ἐκείνου
3153 1400 3593 1471 ἐνσωματώσεως
3622 1401 3780 1469 ἡμεῖς
3806 1436 3807 1439 η

2198 1496 2501 1567 γεγόναμεν
2551 1494 2830 1559 ὑπόθεσις,
2866 1496 2958 1547 καὶ
2992 1494 3078 1547 διὰ
3128 1494 3225 1563 τὴν
3266 1494 3377 1565 (55)
3416 1492 3576 1563 ἡμῶν
3610 1507 3780 1562 σωτη-

520 1583 780 1651 gnissime
834 1584 1024 1639 voluit.
1056 1583 1168 1638 Hoc
1220 1584 1387 1654 igitur
1434 1586 1591 1640 modo
1636 1584 1774 1640 Deus
1826 1587 2093 1640 hominem

2203 1588 2323 1657 ρίαν
2354 1585 2898 1657 ἐφιλανθρωπεύσατο
2946 1586 3039 1637 καὶ
3072 1585 3131 1635 ἐν
3164 1582 3488 1655 ἀνθρωπίνῳ
3527 1582 3781 1650 γενέσθαι

519 1675 652 1729 fecit
694 1684 857 1743 atque
896 1676 1254 1730 immortalem
1291 1690 1506 1730 manere
1538 1677 1724 1731 voluit.
1757 1676 1824 1729 At
1855 1676 2093 1730 homines

2203 1660 2290 1732 καί
2326 1680 2559 1749 φανῆναι
2592 1677 2824 1748 σώματι.
2856 1677 3042 1740 Οὕτως
3082 1676 3181 1746 μὲν
3206 1671 3300 1729 οὖν
3330 1678 3358 1727 ὁ
3400 1674 3535 1737 Θεὸς
3565 1672 3661 1727 τὸν
3691 1673 3782 1726 ἄν·

520 1766 764 1833 neglecta
795 1780 858 1819 ac
877 1766 1076 1836 rejecta
1100 1766 1191 1821 Dei
1217 1767 1692 1836 contemplatione,
1713 1767 1816 1823 sibi
1838 1767 1967 1835 ipsis
1985 1782 2093 1819 ma-

2203 1771 2414 1842 θρωπον
2468 1773 2733 1842 πεποίηκε
2764 1771 2895 1841 (54),
2931 1771 3025 1822 καὶ
3081 1768 3260 1839 μένειν
3311 1767 3577 1838 ἠθέλησεν
3622 1768 3680 1819 ἐν
3720 1769 3782 1820 ἀ-

520 1854 689 1907 litiam
715 1856 1180 1924 excogitaverunt,
1205 1858 1279 1910 uti
1312 1856 1593 1925 superiore
1617 1857 1861 1910 oratione
1896 1857 2093 1910 dictum

2203 1864 2462 1935 φθαρσίᾳ.
2502 1864 2812 1935 ’Ἄνθρωποι
2842 1864 2917 1929 δὲ,
2954 1863 3491 1933 κατολιγωρήσαντες
3522 1860 3619 1914 καὶ
3650 1862 3782 1912 ἀπο-

517 1956 624 2008 est,
652 1954 814 2015 atque
864 1946 936 1999 ita
983 1946 1036 1999 in
1073 1946 1443 2000 denuntiatam
1480 1948 1668 2001 mortis
1694 1948 2092 2000 damnationem

2203 1958 2525 2029 στραφέντες
2553 1957 2651 2028 τὴν
2709 1957 2845 2027 πρὸς
2873 1958 2963 2010 τὸν
3004 1955 3135 2008 Θεὸν
3162 1954 3511 2025 κατανόησιν,
3563 1953 3781 2020 λογισά-

520 2038 714 2091 misere
754 2037 1078 2102 inetdernnt,
1105 2052 1205 2091 nec
1243 2053 1370 2091 vero
1403 2047 1523 2107 post
1553 2038 1667 2092 haec
1708 2038 1895 2106 quales
1926 2038 2095 2092 creati

516 2139 671 2195 sunt,
704 2143 1091 2198 permansere;
1133 2130 1227 2184 sed
1266 2130 1380 2183 suis
1423 2130 1840 2200 cogitationibus
1874 2131 1925 2183 in
1980 2132 2094 2185 dies

516 2220 686 2288 magis
699 2220 961 2288 corrupti,
982 2220 1034 2273 in
1062 2219 1251 2273 mortis
1274 2219 1527 2273 ditionem
1561 2229 1613 2273 et
1636 2230 1953 2287 potestatem
1971 2230 2097 2274 sunt

518 2314 742 2365 redacti.
770 2310 900 2365 Nam
932 2312 1181 2382 praecepti
1228 2312 1584 2381 transgressio
1618 2312 1737 2366 illos
1767 2314 1834 2365 ad
1865 2312 2095 2381 propria:

516 2413 721 2458 natura:
771 2406 1138 2459 conditionem
1190 2405 1501 2469 revocavit;
1533 2416 1590 2457 ut
1640 2405 2091 2474 quemadmodum

516 2510 636 2548 cum
676 2512 779 2548 non
809 2504 1011 2562 essent,
1047 2497 1172 2550 laeti
1196 2506 1342 2562 sunt,
1365 2497 1445 2551 sic
1476 2499 1529 2551 in
1558 2510 1621 2551 eo
1641 2496 1744 2569 41
1775 2496 1918 2566 quod
1946 2506 2091 2563 sunt,

516 2588 942 2654 corruptionem,
994 2587 1206 2643 labente
1261 2600 1522 2658 tempore,
1569 2600 1900 2658 paterentur,
1937 2593 2095 2662 idque

518 2680 885 2734 meritissimo.
923 2681 1189 2751 Namque,
1226 2682 1270 2736 si
1308 2682 1464 2736 Verbi
1496 2684 1780 2751 praesentia
1812 2696 1868 2740 et
1896 2686 2093 2741 beneﬂ-

514 2772 689 2824 centia
720 2773 895 2826 vocati
919 2783 1044 2828 sunt
1078 2783 1138 2827 ιιι
1189 2784 1391 2839 essent,
1424 2774 1516 2843 qui
1549 2788 1615 2827 ex
1647 2785 1854 2829 natura:
1900 2777 2091 2830 condi-

519 2862 663 2915 tione
704 2863 992 2932 aliquando
1034 2880 1139 2918 non
1170 2874 1357 2928 erant,
1405 2879 1741 2933 consequens
1775 2866 1877 2921 init
1902 2878 1958 2921 ut
1994 2868 2093 2923 ho-

520 2953 690 3008 mines
738 2952 831 3007 Dei
887 2954 1347 3026 contemplatione
1406 2955 1597 3015 nudati
1634 2967 1688 3010 et
1715 2957 1783 3011 ad
1832 2973 1918 3013 res
1971 2974 2093 3028 quae

518 3046 663 3099 nullo
704 3049 861 3101 modo
909 3049 1180 3103 exsistunt
1212 3052 1461 3106 conversi
1490 3051 1775 3122 (siquidem
1814 3053 1951 3107 mala
1987 3071 2091 3110 non

516 3140 802 3205 exsistunt,
835 3142 971 3195 bona
1019 3157 1147 3196 vero
1196 3143 1482 3209 exsistunt,
1511 3154 1695 3213 utpote
1744 3159 1863 3213 quae
1907 3162 1936 3199 ιι
1984 3146 2091 3202 Deo

515 3231 804 3284 exsistente
869 3231 1009 3286 facta
1079 3233 1248 3304 sint),
1290 3234 1555 3290 beneﬁcio
1618 3252 1833 3305 quoque
1881 3252 2094 3309 semper

514 3322 807 3376 exsistendi
866 3325 1269 3392 spoliareutur,
1306 3328 1406 3381 hoc
1462 3336 1567 3393 est,
1618 3338 1677 3382 ut
1725 3330 1990 3397 dissoluti,
2037 3332 2091 3386 in

514 3422 684 3466 morte
721 3422 775 3467 et
801 3416 1146 3483 corruptione
1177 3428 1478 3472 manerent.
1517 3418 1688 3473 Ιιοιιιο
1723 3420 1866 3475 enim
1901 3437 1967 3476 ex
1997 3438 2091 3477 sua

514 3514 703 3556 natura
737 3506 978 3561 mortalis
1008 3516 1110 3571 est,
1137 3508 1335 3577 quippe
1358 3511 1446 3578 qui
1479 3525 1547 3563 ex
1594 3511 1763 3567 nihilo
1797 3515 1970 3569 factus
1998 3517 2089 3569 sit.

515 3596 765 3648 Attamen
804 3607 1024 3666 propter
1052 3613 1205 3651 suam
1235 3614 1358 3654 cum
1401 3599 1491 3654 illo
1521 3604 1611 3671 qui
1652 3613 1735 3658 est
1786 3606 2093 3662 similitudi-

516 3699 657 3748 nem,
682 3687 724 3739 si
755 3702 872 3740 eam
914 3688 1183 3742 constanti
1214 3688 1330 3757 ejus
1375 3691 1830 3759 contemplatione
1869 3711 2091 3751 conser-

515 3786 715 3841 vassel,
750 3778 1054 3833 naturalem
1090 3783 1494 3850 corruptionem
1541 3786 1827 3841 retudisset
1859 3790 2090 3844 mansis-

514 3878 701 3936 setque
738 3868 1108 3939 incorruptus,
1137 3871 1299 3927 sicuti
1330 3872 1609 3944 Sapientia
1633 3878 1709 3929 ait
1738 3896 1752 3931 :
1789 3877 2092 3933 Observatio

513 3958 708 4026 legum,
740 3961 1066 4029 conﬁrmatio
1097 3973 1173 4018 est
1206 3964 1617 4036 incorruptionis
1649 3968 1715 4024 ⁵ο.
1756 3970 1955 4026 Factus
1997 3988 2093 4025 au.

515 4056 623 4103 tem
653 4052 1019 4123 incorruptus,
1047 4055 1159 4125 jam
1184 4065 1241 4110 ut
1266 4058 1403 4113 Deus
1439 4059 1685 4127 vixisset,
1707 4065 1847 4131 quod
1873 4064 2091 4132 quidem

515 4143 695 4197 divina
729 4145 1009 4216 Scriptura
1046 4147 1241 4204 alicubi
1270 4149 1359 4204 his
1406 4151 1585 4207 verbis
1633 4153 1900 4222 signiﬁcat
1928 4171 1944 4209 :
1978 4152 2091 4224 Ego

514 4233 622 4288 dixi
652 4253 671 4290 :
696 4235 785 4290 Dii
817 4240 961 4302 estis,
1006 4249 1054 4292 et
1103 4239 1203 4308 ﬁlii
1241 4240 1497 4293 Altissimi
1544 4259 1718 4295 omnes
1749 4258 1767 4295 :
1797 4259 1882 4299 vos
1916 4255 2091 4301 autem

511 4332 644 4383 sicut
674 4330 906 4384 homines
945 4332 1231 4399 morimini,
1254 4344 1300 4388 et
1333 4336 1469 4389 sicut
1500 4351 1632 4389 unus
1669 4337 1733 4390 de
1761 4340 2089 4409 principibus

513 4423 705 4476 raditis
738 4424 805 4478 ⁸¹.

2199 2068 2347 2122 μενοι
2374 2051 2431 2103 δὲ
2456 2050 2551 2104 καὶ
2579 2052 2967 2120 ἐπινοήσαντες
2983 2050 3194 2110 ἑαυτοῖς
3221 2047 3322 2117 τὴν
3350 2046 3570 2110 κακίαν,
3591 2046 3779 2117 ὥσπερ

2196 2144 2253 2195 ἐν
2304 2145 2417 2206 τοῖς
2467 2141 2704 2213 πρώτοις
2732 2141 2923 2211 ἐλέχθη
2962 2140 3097 2210 (55),
3130 2139 3286 2209 ἔσχον
3322 2139 3422 2209 τὴν
3448 2138 3775 2209 προαπειλή-

2195 2232 2379 2286 θεῖσαν
2408 2232 2499 2286 τοῦ
2539 2232 2767 2287 θανάτου
2815 2232 3158 2302 κατάκρισιν,
3206 2232 3300 2283 καὶ
3327 2229 3513 2283 λοιπὸν
3544 2231 3646 2284 οὐκ
3676 2230 3778 2295 ἔτι,

2192 2323 2267 2387 ὡς
2319 2325 2592 2393 γεγόνασι,
2641 2323 2906 2394 διέμενον’
2940 2323 3054 2376 ἀλλ’
3099 2323 3175 2386 ὡς
3202 2323 3525 2391 ἐλογίζοντο,
3556 2322 3782 2393 διεφθεί·

2196 2432 2368 2485 ροντο,
2410 2418 2503 2469 καὶ
2554 2418 2582 2468 ό
2612 2415 2838 2479 θάνατος
2878 2415 3056 2468 αὐτῶν
3081 2416 3299 2485 ἐκράτει
3331 2414 3655 2484 βασιλεύων.
3709 2415 3777 2468 Ἥ

2192 2504 2301 2575 γὰρ
2324 2506 2633 2578 παράϐασις
2688 2506 2785 2574 τῆς
2802 2506 3023 2574 ἐντολῆς
3044 2508 3121 2569 είς
3137 2504 3198 2558 τὸ
3222 2505 3366 2559 κατὰ
3396 2504 3557 2575 φύσιν
3581 2506 3781 2567 αὐτοὺς

2194 2599 2545 2669 ἐπέστρεφεν,
2576 2600 2681 2661 ἵνα,
2715 2598 2903 2670 ὥσπερ
2930 2600 3030 2652 οὐκ
3078 2599 3228 2661 ὄντες
3266 2598 3578 2667 γεγόνασιν,
3606 2597 3783 2660 οὕτως

2194 2691 2286 2744 καὶ
2341 2689 2440 2761 τὴν
2490 2693 2569 2753 είς
2625 2690 2685 2743 τὸ
2712 2687 2849 2743 εῖναι
2887 2689 3093 2761 φθορὰν
3126 2689 3460 2760 ὑπομείνωσι
3493 2688 3574 2759 τῷ
3603 2688 3789 2759 χρόνῳ,

2193 2782 2439 2846 εἰκότως.
2468 2785 2529 2836 Ei
2558 2783 2685 2853 γὰρ,
2706 2782 2868 2852 φύσιν
2896 2783 3110 2853 ἔχοντες
3136 2784 3195 2836 τὸ
3256 2784 3329 2854 μὴ
3360 2779 3501 2836 εἷναί
3530 2799 3684 2843 ποτε,
3710 2783 3779 2850 τῇ

2190 2874 2285 2927 τοῦ
2335 2875 2509 2943 Λόγου
2545 2875 2818 2945 παρουσίᾳ
2849 2874 2940 2927 καὶ
2984 2873 3361 2945 φιλανθρωπίᾳ
3408 2874 3488 2935 είς
3538 2872 3600 2924 τὸ
3642 2865 3783 2923 εἶναι

2193 2968 2520 3038 ἐκλήθησαν,
2554 2966 2846 3021 ἀκόλουθον
2866 2962 2934 3036 ἦν
2950 2966 3285 3029 κενωθέντας
3300 2967 3425 3028 τοὺς
3458 2963 3785 3036 ἀνθρώπους

2192 3058 2290 3127 τῆς
2321 3058 2447 3129 περὶ
2487 3055 2622 3109 θεοῦ
2641 3057 2851 3119 ἐννοίας
2902 3056 2993 3109 καὶ
3013 3058 3093 3119 είς
3117 3054 3184 3108 τὰ
3212 3056 3312 3107 οὐκ
3340 3055 3475 3107 ὅντα
3497 3056 3783 3125 ἀποστρα-

2119 3194 2161 3251 C
2195 3150 2393 3218 φέντας
2423 3148 2532 3219 (56)
2561 3149 2682 3217 (οὐκ
2711 3148 2838 3202 ὄντα
2869 3148 2977 3219 γάρ
3005 3149 3120 3201 ἐστι
3146 3146 3214 3199 τὰ
3239 3144 3405 3208 κακὰ,
3440 3144 3573 3198 ὅντα
3603 3143 3661 3196 δὲ
3713 3142 3787 3196 τὰ

2195 3241 2356 3303 καλὰ,
2390 3240 2689 3311 ἐπειδήπερ
2733 3240 2840 3292 ἀπὸ
2860 3241 2954 3292 τοῦ
3003 3240 3154 3301 ὄντος
3187 3236 3321 3290 Θεοῦ
3347 3236 3654 3306 γεγόνασι·)
3690 3253 3789 3289 κε-

2194 3332 2429 3404 νωθῆναι
2453 3332 2546 3385 καί¹
2570 3331 2663 3384 τοῦ
2692 3328 2831 3384 εἶναι
2854 3331 2960 3385 ἀεί.
2991 3330 3159 3383 Τοῦτο
3187 3329 3243 3383 δέ
3273 3330 3388 3381 ἐστι
3416 3329 3480 3381 τὸ
3506 3328 3786 3382 διαλυθέν-

2193 3439 2293 3485 τας
2351 3422 2532 3492 μένειν
2586 3423 2643 3474 ἐν
2693 3420 2772 3491 τῷ
2833 3420 3050 3491 θανάτῳ
3108 3420 3201 3474 καὶ
3246 3422 3312 3489 τῇ
3368 3418 3565 3488 φθορᾷ.
3625 3418 3787 3469 Ἔστι

2198 3514 2295 3585 μὲν
2333 3514 2444 3584 (57)
2475 3512 2584 3584 γὰρ
2613 3512 2945 3589 κατὰφύσιν
2988 3512 3275 3583 ἄνθρωπος
3319 3510 3532 3582 θνητὸς,
3582 3509 3679 3563 ἅπτε
3718 3508 3788 3579 δὴ

2194 3606 2255 3671 ἐξ
2275 3608 2374 3661 οὐκ
2402 3607 2571 3659 ὄντων
2604 3586 2868 3673 γεγονώς.
2911 3604 3010 3657 Διά
3038 3604 3095 3657 δέ
3124 3605 3222 3675 τὴν
3240 3604 3377 3674 πρὸς
3400 3602 3493 3655 τὸν
3513 3600 3630 3671 (58)
3652 3600 3787 3653 ὅντα

2193 3700 2508 3771 ὁμοιότητα,
2554 3700 2620 3768 ἣν
2662 3699 2711 3750 εί
2739 3697 3001 3765 ἐφύλαττε
3028 3695 3114 3748 διὰ
3140 3696 3238 3765 τῆς
3266 3694 3401 3765 πρὸς
3431 3693 3599 3746 αὐτὸν
3624 3709 3789 3747 κατα.

2194 3792 2451 3862 νοήσεως,
2488 3789 2763 3862 ήμὸλυνεν
2795 3789 2861 3842 ἂν
2905 3788 3003 3859 τὴν
3046 3788 3184 3841 κατὰ
3231 3786 3391 3856 φύσιν
3416 3785 3646 3855 φθορὰν,
3688 3785 3789 3837 καὶ

2194 3883 2408 3954 ἔμεινεν
2441 3881 2740 3954 ἄφθαρτος,
2764 3881 3013 3952 καθάπερ
3038 3883 3071 3950 ή
3107 3880 3273 3950 Σοφία
3302 3878 3452 3950 φησί·
3495 3875 3786 3946 Προσοχὴ

2192 3974 2390 4043 νόμων
2403 3973 2731 4038 βεϐαίωσις
2759 3972 3115 4040 ἀφθαρσίας.
3141 3971 3450 4040 Ἀφθαρτος
3478 3963 3535 4021 δέ
3568 3968 3665 4031 ὣν,
3684 3967 3785 4035 έζη

2192 4064 2376 4119 λοιπὸν
2398 4065 2472 4126 ὡς
2498 4065 2651 4127 Θεὸς,
2677 4063 2751 4127 ὥς
2782 4081 2886 4116 που
2922 4064 3067 4132 καὶὴ
3094 4062 3211 4115 θεία
3240 4060 3349 4131 (59)
3391 4060 3588 4131 Γραφὴ
3623 4058 3788 4112 τοῦτο

2194 4154 2446 4226 σημαίνει
2483 4155 2734 4216 λέγουσα’
2776 4155 2921 4224 Ἐγὼ
2945 4152 3082 4207 εἶπα
3103 4193 3116 4212 .
3148 4153 3270 4206 θεοί
3310 4153 3473 4213 ἐστε,
3508 4151 3608 4203 καί
3663 4149 3785 4203 υἰςὶ

2203 4248 2486 4316 Ὑψίστου
2537 4246 2779 4313 πάντες·
2825 4246 2993 4317 ὑμεῖς
3044 4246 3113 4299 δὲ
3168 4246 3247 4310 ὡς
3290 4243 3591 4309 ἅνθρωποι
3632 4242 3787 4294 ἀπο-

2192 4338 2486 4405 θνήσκετε
2519 4340 2617 4392 καὶ
2654 4340 2734 4404 ὡς
2760 4334 2848 4403 εἷς
2878 4336 2994 4390 τῶν
3033 4336 3339 4403 ἀρχόντων
3364 4334 3637 4385 πίπτετε.

2262 4432 2315 4486 5.
2365 4433 2422 4485 Ὀ
2474 4432 2571 4502 μὲν
2610 4431 2717 4502 γὰρ
2751 4430 2883 4494 Θεὸς
2921 4430 2981 4481 οὐ
3028 4429 3185 4499 μόνον
3220 4426 3277 4493 ἐξ
3292 4426 3391 4479 οὐκ
3429 4424 3601 4477 ὅντων
3632 4425 3786 4495 ἡμᾶς

579 4516 631 4570 5.
675 4515 804 4569 Nam
838 4517 976 4573 Deus
1006 4533 1108 4573 non
1138 4518 1311 4574 solum
1344 4534 1443 4576 nos
1489 4534 1553 4575 ex
1605 4521 1773 4575 nihilo
1810 4521 1960 4587 fecit,
1991 4527 2085 4580 sed

2203 4522 2512 4595 πεποίηκεν,
2546 4524 2681 4576 ἀλλὰ
2706 4522 2801 4575 καὶ
2822 4523 2881 4575 τὸ
2921 4520 3062 4574 κατὰ
3085 4519 3215 4572 θεὸν
3236 4518 3333 4588 ζῇν
3362 4519 3496 4588 ἡμῖν
3518 4520 3787 4587 ἐχαρισα-

510 4606 672 4660 etiam
711 4608 877 4661 divini
919 4606 1075 4663 Verbi
1120 4609 1294 4677 gratia
1344 4611 1642 4665 secundum
1693 4612 1859 4666 Deum
1908 4617 2090 4670 vivere

2203 4634 2254 4670 το
2280 4620 2345 4687 τῇ
2395 4615 2488 4669 τοῦ
2517 4616 2689 4685 Λόγου
2735 4615 2940 4685 χάριτι’
2992 4616 3041 4668 οἱ
3070 4613 3127 4666 δὲ
3170 4610 3468 4681 ἄνθρωποι,
3506 4612 3790 4678 ἀποστρα-

510 4701 800 4754 concessit.
822 4700 889 4753 At
916 4700 1163 4755 homines
1185 4700 1253 4755 ab
1286 4702 1505 4756 aeternis
1532 4702 1694 4757 rebus
1727 4705 1901 4760 aversi
1942 4718 1995 4761 et
2020 4708 2087 4762 ad

2203 4706 2385 4777 φέντες
2425 4708 2534 4779 (60)
2576 4709 2645 4761 τὰ
2690 4708 2904 4774 αἰώνια,
2937 4707 3030 4761 καὶ
3062 4702 3365 4776 συμϐουλίᾳ
3403 4702 3501 4755 τοῦ
3532 4701 3793 4756 διαϐόλου

2196 4802 2277 4864 είς
2300 4800 2368 4854 τὰ
2392 4803 2491 4871 τῆς
2515 4801 2719 4873 φθορᾶς
2755 4799 3202 4872 ἐπιστραφέντες,
3240 4798 3456 4859 ἑαυτοῖς
3500 4795 3669 4849 αἴτιοι
3686 4795 3792 4864 τῆς

512 4801 599 4841 res
634 4789 971 4857 corruptioni
1004 4789 1275 4860 subjectus
1311 4792 1539 4846 consilio
1579 4792 1777 4846 diaboli
1816 4799 2088 4862 conversi,

587 4904 633 4935 '°
659 4905 787 4973 Sap.
822 4922 895 4972 γι,
929 4907 1011 4961 l9.
1086 4908 1131 4939 "
1165 4909 1308 4963 Psal.
1358 4925 1544 4973 Lxxxt,
1573 4908 1626 4975 6,
1662 4909 1711 4961 7.

579 4998 691 5068 (5|)
722 4998 859 5054 Goh.
887 5011 940 5055 et
976 5001 1089 5057 Fel.
1130 5006 1149 5057 ι
1198 5020 1383 5066 anon.,
1424 5004 1540 5057 ἀλλ’
1575 5004 1726 5066 ἴσως.
1769 5002 1873 5057 Alii
1925 5004 2085 5068 Ἴσως

440 5130 441 5133 η
508 5078 719 5144 tantum
755 5070 978 5144 habent,
1009 5083 1063 5128 et
1100 5075 1173 5128 ita
1216 5074 1467 5144 legerunt
1499 5074 1836 5130 Omnibonus
1874 5081 1928 5128 et
1956 5076 2086 5127 Am-

509 5140 724 5193 brosius
747 5140 989 5195 Camald.

577 5208 691 5277 (52)
722 5210 942 5282 Gohler.
968 5224 1022 5267 et
1054 5213 1292 5267 Felckm.
1332 5214 1354 5267 l
1398 5228 1584 5276 anon.,
1614 5212 1924 5282 γινώσκεις.
1963 5211 2085 5265 Mox

507 5276 731 5353 Seguer.
776 5280 968 5353 ἐκείνῳ
1002 5285 1193 5347 habet,
1222 5284 1311 5336 ubi
1348 5285 1477 5338 editi
1505 5276 1730 5337 ἐκείνων
1754 5324 1767 5345 ,
1809 5286 2083 5336 mendose.

507 5346 635 5400 lteiu
678 5351 836 5417 paulo
855 5346 976 5425 post
1009 5370 1104 5422 pro
1131 5346 1465 5425 παράϐασις,
1495 5354 1656 5409 Gobl.
1687 5364 1742 5407 et
1780 5352 2021 5407 Felckm.
2045 5355 2079 5414 ,1

506 5432 689 5491 ant)_n_.,
724 5422 1029 5491 ,παράδοσις
1067 5422 1454 5477 ιιιιιΙθἸιιιιιοιιι,

720 5486 901 5563 ξιιῐιιο
924 5494 1185 5563 Commel.
1214 5493 1407 5563 αὑτήν.

716 5559 933 5634 Qohler.
966 5572 1019 5634 et
1042 5557 1349 5634 Felekmal'
1373 5579 1559 5634 auom,
1590 5563 1866 5634 ἐποίησεν.

721 5628 961 5704 ξειςίίιῐι.
992 5632 1027 5686 2
1067 5647 1256 5704 auom,
1294 5626 1550 5704 ἐλέγχθη.

576 5697 691 5819 (56')
735 5698 948 5755 Goliler.
1006 5711 1058 5755 et
1098 5702 1211 5757 Fel.
1278 5704 1311 5773 ι
1372 5697 1559 5768 ιιίιὸιι’.,
1624 5704 2083 5773 ἁποστραφὲντες,

580 5781 801 5819 emose.

520 5778 801 5822 ιιιοιιιιοερ.

2265 5010 2380 5078 (57)
2416 5011 2533 5064 Μέν
2563 5013 2718 5065 abest
2747 5026 2775 5064 a
2818 5010 2978 5065 Basil.
3013 5019 3067 5063 et
3095 5009 3303 5078 Anglic.

2266 5080 2379 5149 (58)
2414 5082 2513 5151 Sic
2536 5081 2761 5151 Seguer.
2792 5081 2932 5134 [ςιιὶιί
2956 5081 3043 5134 τά.
3084 5079 3426 5151 Omnibonus
3473 5096 3695 5151 quoque
3731 5091 3793 5135 et

2192 5146 2443 5205 Ambros.
2484 5146 2731 5204 Canfald.
2770 5154 3012 5221 legerunt
3045 5151 3134 5204 τὸν
3188 5148 3340 5221 ὄντα,
3378 5146 3792 5205 ιιεοῇοιι’Ν;ιιιο

2193 5221 2317 5289 nius
2345 5224 2435 5288 qui
2474 5222 2614 5276 hanc
2643 5217 2846 5276 voeenf
2861 5223 3021 5276 vertit
3056 5222 3203 5289 Deo:
3225 5217 3344 5289 Mox
3391 5221 3620 5287 ibidem,
3662 5233 3791 5289 pust

2191 5287 2278 5358 ἥν,
2300 5287 2552 5357 segnem,
2571 5293 2808 5358 Anglic.,
2829 5292 3046 5347 Gohler.
3083 5303 3137 5344 et
3167 5287 3409 5346 Felckm.
3438 5293 3463 5345 1
3497 5287 3691 5355 anon.)
3710 5293 3789 5355 εἰ,

2715 5363 2910 5417 elektn.
2948 5365 2984 5417 ‘2
3023 5377 3211 5424 anou.,
3241 5361 3309 5428 ἡν
3334 5365 3599 5416 mendose
3620 5362 3795 5416 habet

2192 5359 2321 5413 editi
2362 5362 2641 5417 omittunt.

2194 5428 2400 5496 absque
2437 5432 2697 5499 particula
2728 5432 2797 5487 εί.

2265 5501 2378 5573 t59)
2404 5501 2524 5573 Καί
2564 5511 2619 5573 et
2648 5500 2767 5554 θεία
2807 5504 2997 5558 desunt
3029 5502 3081 5556 in
3120 5502 3339 5559 Gohler.
3390 5514 3445 5557 et
3478 5501 3726 5557 Felrkm.
3763 5501 3789 5554 ι

2195 5570 2367 5623 anon.
2401 5572 2533 5641 Ibid.
2576 5570 2807 5641 Vulgata
2854 5574 3035 5634 habet,
3080 5575 3373 5629 moriemini
3406 5586 3461 5627 et
3500 5576 3725 5625 cadetis.

2271 5643 2381 5710 (ιευ)
2422 5639 2641 5698 Gohler.
2685 5639 2737 5697 et
2780 5642 3016 5700 Felckm.
3064 5643 3085 5696 1
3149 5661 3307 5700 anon.
3336 5684 3351 5708 ,
3403 5644 3797 5717 ἀποστρέφον-

3824 3492 3834 3561 ἴ
