4010 6502
72 4462 119 4513 —l

242 457 335 511 ἓθὸ
1288 454 1549 512 ORATIO
1586 455 1671 509 DE
1714 454 2231 512 lNCARNATIONE
2274 454 2499 511 VERBI.

3374 458 3478 511 406

238 578 289 629 ὲν
322 573 395 643 τῷ
442 572 661 644 θανάτῳ
719 574 927 645 φθορᾶς
990 578 1295 643 γεγόνασιν,
1349 576 1506 640 ὄντες
1551 579 1671 648 μὲν,
1724 578 1801 640 ὡς

1910 578 2005 631 sibi
2034 577 2165 647 ipsis
2212 576 2579 646 corruptionis
2626 577 2816 630 mortis
2871 585 3121 641 auctores
3152 575 3471 631 iactisunt:

239 668 497 735 προεῖπον,
527 663 674 718 κατὰ
706 664 872 733 φύσιν
892 664 1140 737 φθαρτοὶ,
1173 667 1353 738 χάριτι
1380 667 1437 721 δὲ
1452 669 1552 738 τῆς
1576 668 1670 722 τοῦ
1705 669 1800 723 Λό-

237 774 320 824 γου
352 756 643 827 μετουσίας
688 755 785 810 τοῦ
816 757 952 811 κατὰ
990 758 1149 827 φύσιν
1180 760 1527 827 ἐκφυγόντες,
1558 764 1607 814 εί
1633 779 1801 833 μεμε·-

238 850 474 918 νήκεισαν
494 847 673 902 καλοί.
704 850 804 903 Διὰ
826 851 933 921 γὰρ
978 852 1067 904 τὸν
1107 852 1333 905 συνόντα
1370 853 1579 917 τούτοις
1626 856 1801 924 Λόγον

240 942 319 994 καὶ
358 942 388 1010 ή
437 941 581 993 κατὰ
623 940 790 1008 φύσιν
840 941 1015 1012 φθορὰ
1061 942 1263 995 τούτων
1310 944 1409 995 οὐκ
1437 944 1629 1013 ῆγγιζε
1665 944 1796 1015 (61),

240 1031 400 1095 καθὼς
443 1032 538 1084 καὶ
572 1035 605 1102 ἡ
630 1033 806 1101 Σοφία
845 1034 1005 1103 φησίν
1026 1050 1037 1062 ·
1084 1034 1137 1085 '0
1172 1034 1314 1099 Θεὸς
1336 1034 1536 1088 ἔκτισε
1564 1038 1671 1089 τὸν
1697 1037 1802 1091 ἄν-

240 1128 450 1192 θρωπον
478 1125 572 1176 ἐπ’
598 1126 907 1194 ἀφθαρσίᾳ
934 1127 1032 1179 καὶ
1058 1129 1259 1179 εἰκόνα
1301 1126 1409 1195 τῆς
1437 1127 1591 1194 ιδίας
1616 1128 1800 1183 didid-

240 1234 391 1283 τητος
416 1216 550 1287 (62)·
574 1218 785 1285 φθόνῳ
813 1216 880 1269 δὲ
910 1218 1189 1272 διαϐόλου
1217 1216 1470 1283 θάνατος
1517 1219 1801 1288 εἰσῆλθεν

240 1310 310 1373 είς
340 1308 437 1360 tor
469 1309 729 1377 κόσμον.
777 1307 977 1360 Τούτου
1021 1308 1079 1361 δὲ
1113 1308 1424 1378 γενομένου,
1462 1312 1511 1362 οἱ
1573 1311 1672 1381 μὲν
1710 1312 1803 1365 ἄν-

240 1401 420 1472 θρωποι
443 1401 820 1471 ἀπέθνησκον,
862 1402 894 1472 ἡ
942 1400 999 1454 δὲ
1028 1401 1202 1472 φθορὰ
1232 1402 1418 1455 λοιπὸν
1462 1405 1580 1455 κατ’
1620 1403 1801 1456 αὐτῶν

239 1493 475 1561 ἤκμασεν,
520 1495 622 1544 καὶ
648 1490 833 1543 πλεῖον
865 1489 958 1543 τοῦ
995 1490 1136 1543 κατὰ
1180 1489 1344 1556 φύσιν
1381 1490 1639 1560 ἰσχύουσα
1679 1489 1800 1543 καθ’

238 1580 337 1631 ὅλου
381 1579 470 1633 τοῦ
524 1580 744 1649 γένους,
782 1582 890 1651 ὅσῳ
914 1579 1009 1633 καὶ
1056 1580 1153 1650 τὴν
1210 1579 1437 1650 ἀπειλὴν
1497 1580 1590 1633 τοῦ
1643 1580 1801 1634 Θείου

238 1669 309 1723 διὰ
343 1670 436 1738 τὴν
501 1671 827 1742 παράϐασιν
878 1673 976 1741 τῆς
1014 1672 1234 1741 ἐντολῆς
1262 1672 1381 1725 κατ’
1418 1673 1596 1726 αὐτῶν
1628 1691 1804 1745 προει-

239 1760 389 1832 λήφει.
414 1765 520 1817 Καὶ
544 1763 661 1836 γὰρ
694 1765 791 1818 καὶ
821 1765 877 1816 ἐν
907 1767 1019 1827 τοῖς
1043 1764 1147 1834 πλη
1158 1765 1335 1835 μμελή
1345 1782 1506 1835 μασιν
1528 1768 1575 1819 oi
1603 1766 1804 1837 ἄνθρω-

240 1870 314 1907 ποι
347 1856 439 1908 οὐκ
491 1857 662 1927 ἄχρις
716 1857 859 1926 ὅρων
890 1856 1207 1926 ὡρισμένων
1256 1857 1621 1928 είστήκεισαν’
1666 1857 1802 1913 ἀλλὰ

240 1946 335 1997 κατ’
360 1944 535 2013 ὀλίγον
593 1946 1056 2016 ὲπεκτεινόμενοι,
1105 1946 1286 2000 λοιπὸν
1314 1948 1407 2000 καὶ
1455 1950 1535 2010 είς
1568 1950 1802 2019 ἄμετρον
1834 1933 1876 1987 Β

238 2034 530 2105 ἐληλύθασιν
584 2038 722 2107 (65),
762 2037 820 2101 ἐξ
852 2038 1022 2110 ἀρχῆς
1065 2037 1162 2108 μὲν
1195 2039 1414 2108 εὑρεταὶ
1445 2040 1547 2109 τῆς
1606 2041 1803 2103 κακίας

238 2126 508 2198 γενόμενοι,
542 2128 644 2181 καὶ
683 2128 805 2181 καθ’
856 2128 1061 2181 ἑαυτῶν
1077 2129 1166 2182 τὸν
1199 2130 1426 2183 θάνατον
1465 2130 1805 2199 προκαλεσά-

239 2234 362 2285 μενοι
390 2222 479 2273 καὶ
516 2218 623 2290 τὴν
654 2219 882 2290 φθοράν·
922 2218 1145 2290 ὕστερον
1166 2220 1221 2274 δὲ
1254 2223 1334 2283 είς
1360 2222 1572 2276 ἀδικίαν
1608 2224 1804 2294 ἐκτρα-

238 2309 420 2377 πέντες,
462 2313 571 2366 καὶ
621 2312 972 2383 παρανομίαν
1003 2314 1182 2366 πᾶσαν
1231 2314 1679 2385 ὑπερϐάλλοντες,
1708 2316 1806 2369 καὶ⁵

239 2405 298 2474 μὴ
332 2406 406 2458 ἑνὶ
455 2405 624 2476 κακῷ
662 2407 960 2475 ἱστάμενοι,
992 2405 1126 2459 ἀλλὰ
1188 2407 1362 2460 πάντα
1398 2408 1560 2462 καινὰ
1600 2411 1805 2471 καινοῖς

238 2497 580 2560 ἐπινοοῦντες,
608 2497 895 2568 ἀκόρεστοι
923 2498 1048 2569 περὶ
1069 2498 1129 2551 τὸ
1163 2499 1495 2571 ἁμαρτάνειν
1523 2499 1801 2567 γεγόνασι.

236 2589 458 2659 Μοιχεῖαι
508 2592 607 2661 μὲν
640 2589 753 2662 γὰρ
782 2608 920 2662 ησαν
959 2591 1052 2644 καὶ
1076 2591 1273 2644 κλοπαὶ
1302 2591 1598 2661 πανταχοῦ,
1626 2593 1803 2661 φόνων

234 2678 279 2733 ἃ
298 2684 380 2735 καὶ
412 2682 689 2752 ἁρπαγῶν
712 2682 926 2755 πλήρης
947 2678 1014 2753 ἦν
1036 2683 1068 2752 ἡ
1096 2682 1360 2753 σύμπασα
1386 2684 1476 2753 γῆο
1514 2684 1608 2736 καὶ
1637 2683 1802 2753 νὸμου

237 2768 319 2837 μὲν
346 2771 442 2824 οὐκ
464 2766 536 2841 ἦν
563 2772 791 2841 φροντὶς
840 2771 965 2842 περὶ
998 2771 1203 2842 φθορᾶς
1240 2773 1334 2825 καὶ
1371 2773 1601 2836 ἀδικίας·
1627 2773 1805 2826 πάντα

234 2856 280 2911 εξ
301 2860 361 2913 τὰ
383 2860 535 2913 κακὰ
564 2861 689 2913 καθ’
711 2860 811 2913 ἕνα
833 2862 926 2914 καὶ
952 2864 1100 2932 κοινῇ
1126 2861 1275 2932 παρὰ
1303 2864 1464 2915 πᾶσιν
1485 2864 1801 2934 ἐπράττετο.

237 2948 398 3014 Πόλεις
441 2952 548 3022 μὲν
579 2951 724 3005 κατὰ
761 2948 964 3004 πόλεων
994 2952 1312 3023 ἐπολέμουν·
1346 2953 1441 3006 καὶ
1473 2953 1598 3023 ἔθνη
1662 2951 1805 3007 κατὰ

235 3040 377 3096 ἐθνῶν
412 3045 677 3115 ἠγείρετο
736 3043 869 3115 (64)
920 3042 1140 3115 διῄρητο
1177 3044 1232 3097 δὲ
1280 3046 1427 3103 πᾶσα
1455 3044 1809 3117 ἡοίκουμένηΔ

234 3136 431 3191 στάσεσι
462 3137 560 3191 καὶ
597 3137 825 3207 μάχαις,
869 3136 1097 3190 ἑκάστου
1139 3138 1565 3207 φιλονεικοῦντος
1613 3142 1669 3192 ἐν
1724 3137 1803 3209 τῷ

233 3234 570 3301 παρανομεῖν.
605 3231 723 3282 Οὐκ
754 3225 821 3300 ἦν
847 3229 902 3282 δὲ
933 3229 1136 3283 τούτων
1163 3231 1380 3301 μακρὰν
1412 3232 1532 3285 οὐδὲ
1552 3233 1619 3285 τὰ
1653 3234 1805 3304 παρὰ

234 3320 395 3388 φύσιν,
417 3321 537 3375 ἀλλ’
569 3322 645 3387 ὼς
670 3318 825 3374 εἶπεν
856 3323 884 3374 ὁ
907 3322 1000 3375 τοῦ
1036 3322 1270 3392 Χριστοῦ
1294 3324 1503 3395 μάρτυς
1555 3325 1805 3377 Ἀπόστο-

230 3410 323 3475 λος·
365 3415 438 3468 AZ
494 3432 558 3468 τε
587 3415 702 3483 γὰρ
764 3414 989 3480 θήλειαι
1021 3414 1219 3469 αὐτῶν
1257 3416 1650 3484 μετήλλαξαν
1691 3416 1806 3485 τὴν

231 3507 485 3573 φυσικὴν
512 3505 744 3575 χρῆσιν
763 3509 847 3573 είς
889 3506 1002 3576 τὴν
1029 3507 1189 3576 παρὰ
1238 3508 1447 3577 φύσινο
1484 3508 1696 3578 ὁμοίως
1737 3507 1805 3560 δὲ

232 3598 316 3649 καί
343 3601 395 3651 οἱ
424 3597 698 3667 ἇρῤενες,
730 3597 876 3667 ἀφέν
888 3616 984 3666 τες
999 3598 1113 3668 τὴν
1134 3601 1407 3669 φυσικὴν
1440 3600 1665 3670 χρῆσιν
1697 3600 1803 3669 τῆς

234 3689 482 3755 θηλείας,
531 3690 954 3758 ἐξεκαύθησαν
986 3692 1055 3744 ἐν
1108 3691 1182 3760 τῇ
1232 3690 1420 3759 ὀρέξει
1467 3690 1665 3745 αὐτῶν
1720 3694 1806 3757 εὶς

231 3779 551 3849 ἀλλήλους,
595 3782 847 3850 ἇρῤενες
884 3783 952 3836 ἐν
991 3784 1199 3852 ἇρῤεσι
1228 3784 1341 3851 τὴν
1367 3786 1807 3854 ἀσχημοσύνην

233 3873 726 3942 κατεργαζὶἔμενοι,
792 3874 886 3926 καὶ
947 3874 1059 3941 τὴν
1113 3876 1494 3944 ἀντιμισθίαν
1550 3877 1630 3943 ἢν
1685 3878 1806 3932 ἔδει

236 3958 330 4027 τῆς
368 3962 607 4030 πλάνης
679 3961 898 4030 αὐτῶν,
952 3964 1021 4015 ὲν
1074 3964 1309 4031 ἑαυτοῖς
1354 3967 1808 4035 ἀπολαμϐάνονο

237 4066 317 4115 τες
356 4052 487 4121 (65).

298 4141 345 4195 6.
380 4128 478 4195 Διὰ
498 4143 563 4213 δὴ
602 4141 776 4196 ταῦτα
811 4142 993 4196 πλεῖον
1018 4144 1111 4197 τοῦ
1149 4144 1381 4199 Θανάτου
1412 4148 1803 4218 κρατήσαντος,

239 4235 323 4287 καὶ
348 4234 443 4304 τῆς
475 4235 684 4307 φθορᾶς
708 4236 1132 4306 παραμενούσης
1160 4237 1301 4291 κατὰ
1354 4237 1459 4289 τῶν
1482 4238 1802 4309 ἀνθρώπιον,

238 4323 293 4376 τὺ
323 4326 415 4394 μὲν
442 4326 551 4379 τῶν
597 4327 901 4399 ἀνθρώπων
931 4328 1085 4396 γένος
1114 4327 1410 4399 ἐφθείρετο·
1446 4330 1474 4381 ὁ
1504 4330 1559 4383 δὲ
1592 4329 1805 4399 λογικὸς

196 4414 201 4421 ’
243 4420 323 4470 καὶ
363 4422 479 4472 κατ’
509 4420 693 4474 εἰκόνα
732 4420 1021 4490 γενόμενος
1050 4421 1333 4491 ἄνθρωπος
1370 4422 1678 4493 ἠφανίζετο·
1711 4424 1805 4475 καὶ

242 4508 296 4560 τὸ
320 4508 419 4562 ὑπο
435 4509 528 4563 τοῦ
562 4510 698 4564 Θεοῦ
732 4512 1023 4579 γενόμενον
1045 4512 1205 4585 ἔργον
1236 4513 1634 4589 παραπὼλλυτο
1669 4513 1800 4584 (66).

1902 668 2016 739 qui,
2050 678 2108 721 ut
2134 667 2267 730 dixi,
2301 683 2369 721 ex
2406 658 2597 721 natura
2628 667 2844 736 quidem
2887 668 3139 722 mortales
3166 677 3343 733 erant,
3380 668 3474 722 sed

1901 761 2097 831 gratia,
2126 775 2231 827 qua
2273 758 2438 814 Verbi
2477 768 2635 813 erant
2675 760 2986 828 participes,
3021 770 3228 814 natura:
3281 760 3474 815 condi-

1906 851 2107 904 tionem
2140 851 2281 905 haud
2311 852 2474 906 dubie
2505 851 2841 921 eﬂ‘ugissent,
2874 851 2917 904 si
2969 852 3097 905 boni
3132 852 3321 920 utique
3347 865 3474 921 per-

1902 943 2248 998 mansissent.
2295 942 2576 1011 Siquidem
2622 950 2843 1010 propter
2880 940 3140 1003 Verbum,
3172 944 3313 1010 quod
3350 957 3476 995 cum

1904 1034 2008 1087 illis
2055 1034 2264 1096 fuisset,
2299 1034 2365 1087 ad
2396 1049 2490 1088 eos
2521 1034 2785 1089 naturalis
2828 1032 3103 1101 corruptio
3144 1048 3247 1085 non
3292 1046 3477 1085 acces-

1902 1126 2080 1189 sisset,
2123 1136 2180 1178 ut
2221 1135 2276 1179 et
2320 1124 2592 1194 Sapientia
2643 1128 2725 1181 his
2777 1126 2958 1180 verbis
3011 1134 3238 1179 testatur
3280 1140 3294 1177 :
3339 1123 3479 1177 Deus

1902 1219 2092 1273 creavit
2127 1219 2390 1272 hominem
2441 1229 2496 1275 ut
2538 1219 2875 1287 incorruptus
2924 1230 3076 1285 esset,
3117 1230 3162 1273 et
3194 1219 3475 1288 imaginem

1902 1311 2129 1377 propria:
2160 1311 2472 1364 wternitatis
2502 1326 2519 1363 :
2544 1310 2749 1363 invidia
2772 1321 2947 1363 autem
2987 1310 3186 1363 diaboli
3221 1325 3361 1362 mors
3390 1309 3477 1362 in-

1903 1401 2079 1454 troivit
2130 1401 2185 1455 in
2234 1401 2489 1457 mundum
2530 1402 2600 1456 ⁸².
2631 1400 2748 1467 Quo
2781 1399 2997 1469 quidem
3048 1399 3189 1452 facto
3232 1398 3477 1452 homines

1903 1493 2038 1546 tnori
2068 1504 2366 1563 coeperunt,
2411 1493 2771 1561 deincepsque
2801 1502 2985 1546 contra
3017 1492 3135 1544 illos
3158 1491 3324 1561 viguit
3356 1505 3478 1545 cor-

1905 1586 2102 1653 ruptio,
2133 1600 2253 1654 qua:
2280 1600 2343 1638 eo
2381 1584 2613 1654 majores
2655 1585 2801 1637 vires
2841 1598 3003 1652 quam
3042 1586 3155 1651 ipsa
3189 1584 3353 1636 etiam
3380 1593 3478 1635 na-

1906 1687 2038 1730 tura:
2096 1676 2334 1731 conditio
2382 1677 2433 1730 in
2479 1676 2789 1731 universum
2844 1688 3016 1744 genus
3074 1674 3297 1737 habuit,
3335 1673 3479 1742 quod

1902 1768 2150 1823 Numinis
2195 1768 2670 1823 comminationem
2712 1768 2780 1820 ob
2808 1767 3057 1821 violatam
3108 1766 3278 1836 legem
3318 1775 3479 1819 antea

1905 1871 2091 1914 contra
2128 1860 2373 1915 homines
2404 1870 2707 1929 acceperat.
2748 1860 2932 1929 Neque
2971 1860 3115 1913 enim
3160 1856 3231 1911 illi
3271 1858 3321 1910 in
3356 1872 3480 1926 pec-

1905 1953 2040 2006 catis
2071 1954 2212 2005 iutra
2245 1963 2426 2006 certos
2455 1952 2713 2007 terminos
2750 1952 3061 2013 constitere,
3089 1951 3182 2004 sed
3216 1948 3475 2019 paulatim

1906 2044 2306 2113 progredientes
2333 2084 2348 2108 ,
2382 2059 2595 2098 omnem
2629 2047 2843 2098 modum
2888 2041 3292 2097 transcendere.
3320 2039 3480 2091 Initio

1906 2135 2119 2203 quidem
2152 2133 2279 2187 facti
2314 2133 2533 2187 malitia:
2569 2133 2899 2198 inventores,
2933 2140 3161 2185 mortem
3192 2137 3247 2183 et
3290 2144 3480 2182 corru-

1906 2228 2145 2295 ptinncm
2192 2225 2450 2279 adversus
2514 2226 2721 2293 seipsos
2767 2230 3245 2295 provoraverunt:
3281 2220 3477 2275 deinde

1905 2334 2033 2371 vero
2071 2318 2123 2371 in
2157 2316 2474 2387 iniustitiam
2512 2316 2733 2383 delapsi,
2765 2330 3089 2383 mnuemque
3137 2313 3475 2383 iniquitatem

1905 2409 2296 2480 praetergressi,
2328 2408 2472 2462 nullo
2517 2410 2570 2462 in
2613 2408 2755 2461 malo
2794 2417 3002 2461 stantes
3026 2406 3120 2460 sed
3158 2404 3311 2458 nevis
3341 2417 3475 2456 nova

1905 2502 2090 2555 ortinia
2144 2501 2435 2567 addentes,
2468 2499 2800 2554 insatiabiles
2848 2498 2913 2552 ad
2962 2495 3291 2566 peccandum
3349 2494 3476 2548 facti

1906 2604 2048 2649 sunt.
2080 2593 2213 2648 llinc
2236 2593 2434 2663 ubique
2461 2602 2647 2661 stupra
2677 2600 2732 2645 et
2770 2589 2907 2644 furta
2941 2598 3097 2643 erant
3125 2606 3138 2641 :
3165 2588 3403 2642 credibus
3425 2596 3481 2640 et

1908 2687 2108 2757 rapinis
2138 2686 2327 2757 plenus
2355 2695 2471 2739 erat
2494 2685 2789 2756 .universus
2818 2692 3086 2737 terrarum
3111 2680 3278 2745 orbis,
3306 2679 3481 2734 nulla-

1906 2794 2011 2849 que
2063 2779 2145 2833 lex
2195 2778 2532 2846 corruptelas
2560 2786 2615 2831 et
2658 2776 2979 2845 injustitlam
3019 2772 3347 2827 cohibebat:
3385 2770 3479 2825 sed

1904 2868 2086 2923 omnia
2115 2867 2251 2921 mala
2301 2867 2551 2934 privatim
2600 2874 2655 2919 et
2704 2864 2913 2934 publice
2958 2862 3136 2917 cuncti
3176 2859 3482 2915 committe-

1905 2958 2054 3019 bant.
2096 2958 2358 3013 Civitates
2409 2957 2669 3011 adversus
2718 2955 2968 3011 civitates
3000 2952 3135 3007 bella
3173 2951 3473 3021 gerebant;

1904 3061 2092 3120 gentes
2118 3060 2306 3103 contra
2347 3058 2533 3116 gentes
2568 3047 2943 3117 insurgebant,
2969 3053 3112 3098 totus
3139 3043 3367 3110 denique
3396 3055 3481 3094 or-

1905 3138 1987 3192 bis
2035 3139 2230 3207 pugnis
2257 3148 2311 3192 et
2341 3137 2699 3193 seditionibus
2740 3134 3174 3201 discindebatur,
3213 3134 3335 3186 dum
3372 3131 3482 3185 sin-

1906 3229 2012 3297 guli
2051 3234 2102 3283 in
2162 3230 2441 3298 patrandis
2473 3228 2692 3299 ﬂagitiis
2740 3230 3147 3281 contenderent.
3198 3224 3304 3278 Nec
3353 3236 3484 3275 vero

1910 3319 1996 3371 illa
2027 3320 2187 3372 etiam
2225 3336 2343 3387 qua:
2370 3329 2557 3373 contra
2601 3328 2848 3370 naturam
2880 3327 3007 3370 sunt
3052 3316 3257 3371 scelera
3293 3312 3482 3383 procul

1908 3410 1975 3463 ab
2010 3411 2093 3464 his
2119 3420 2296 3471 erant,
2320 3411 2436 3474 sed,
2472 3422 2529 3464 ut
2560 3412 2695 3464 dixit
2722 3410 2921 3466 Christi
2967 3409 3118 3464 testis
3150 3408 3437 3478 Apostolus
3464 3425 3478 3461 :

1910 3501 2145 3555 Femina:
2201 3518 2378 3554 eorum
2437 3502 2841 3559 immutaverunt
2884 3503 3180 3554 naturalem
3230 3515 3380 3552 nsunt
3424 3499 3481 3551 in

1908 3611 2025 3648 eum
2058 3609 2208 3646 usum
2239 3594 2331 3662 qui
2373 3604 2448 3647 est
2496 3605 2680 3649 contra
2720 3605 2984 3649 naturam.
3030 3593 3286 3650 Similiter
3309 3605 3484 3647 autem

1911 3692 1958 3735 et
1986 3684 2226 3745 masculi,
2269 3682 2449 3736 reiicto
2495 3685 2727 3739 naturali
2766 3702 2864 3739 usu
2914 3686 3148 3753 lernime,
3173 3692 3481 3736 exarserunt

1908 3779 1962 3829 in
1984 3776 2260 3830 desideriis
2309 3777 2416 3829 suis
2466 3780 2520 3828 in
2572 3777 2813 3839 invicem,
2868 3776 3088 3829 masculi
3126 3776 3191 3831 in.
3220 3774 3479 3827 masculos

1908 3866 2284 3933 turpitudinem
2318 3874 2615 3931 operantes,
2640 3876 2686 3919 et
2720 3867 3194 3934 mereedem,quam
3228 3864 3480 3932 oportuit,

1906 3960 2100 4014 erroris
2135 3961 2217 4014 sui
2254 3962 2309 4013 in
2348 3963 2633 4030 semetipsis
2664 3963 2964 4031 recipientes
3000 3964 3081 4023 5’.

1977 4153 2084 4229 42
2123 4156 2177 4215 6.
2197 4156 2326 4211 Eam
2362 4158 2432 4214 ob
2461 4174 2572 4214 rem
2602 4172 2777 4216 morte
2814 4161 2987 4230 magis
3024 4163 3299 4232 magisque
3332 4162 3483 4215 iuva-

1909 4246 2233 4314 lescente,et
2264 4253 2610 4321 corruptione
2633 4264 2822 4307 contra
2853 4254 3101 4309 homines
3133 4254 3479 4323 persistente.

1908 4339 2121 4408 peribat
2155 4343 2431 4397 hominum
2462 4359 2650 4411 genus,
2683 4345 2903 4412 ipseque
2922 4345 3089 4402 homo,
3108 4345 3333 4400 rationis
3362 4362 3487 4413 par-

1911 4431 2081 4500 ticeps
2114 4442 2168 4487 et
2208 4433 2276 4487 ad
2331 4434 2617 4503 imaginem
2656 4436 2829 4491 factus
2875 4437 3161 4500 interibat,
3192 4454 3255 4491 ac
3294 4452 3427 4502 opus
3455 4452 3484 4488 a

1911 4524 2019 4577 Deo
2051 4534 2424 4579 contstructum
2454 4526 2851 4582 destruebatur.
2884 4526 3002 4582 lam
3031 4529 3199 4592 enim,
3233 4538 3288 4581 ut
3324 4543 3486 4594 supra

244 4598 339 4652 Καὶ
378 4600 481 4673 γὰρ
523 4603 617 4657 καὶ
644 4605 673 4657 ό
719 4602 966 4668 θάνατος,
1014 4605 1090 4667 ὡς
1134 4610 1412 4677 προεῖπον,
1440 4608 1588 4677 νόμῳ
1621 4606 1805 4659 λοιπὸν

1912 4615 2088 4679 docui,
2125 4632 2272 4672 mors
2301 4619 2350 4671 vi
2392 4619 2523 4688 legis
2549 4630 2736 4673 contra
2758 4636 2857 4674 nos
2882 4620 3114 4675 maxime
3140 4621 3371 4685 valebat,
3392 4636 3489 4674 nec

248 4688 382 4760 ἴσχυε
402 4694 516 4746 καθ’
568 4694 747 4765 ἡμῶν·
795 4695 888 4747 καὶ
928 4695 1028 4765 οὐχ
1052 4690 1162 4749 οἷόν
1189 4714 1248 4749 τε
1272 4692 1340 4767 ἦν
1371 4698 1461 4749 τὸν
1504 4698 1666 4768 νόμον
1713 4700 1805 4750 ὲκ-

248 4784 436 4848 φυγεῖν,
471 4783 558 4837 διὰ
590 4784 649 4838 τὸ
683 4782 792 4836 ὑπὸ
816 4783 949 4836 Θεοῦ
975 4785 1246 4839 τεθεῖσθαι
1280 4787 1468 4840 τοῦτον
1492 4788 1593 4859 τῆς
1624 4805 1803 4859 παρα-

249 4873 435 4941 ϐάσεως
458 4878 635 4949 χάριν.
672 4878 784 4931 Καὶ
837 4873 904 4949 ἦν
936 4877 1132 4932 ἄτοπον
1157 4878 1291 4950 ὁμοῦ
1321 4882 1413 4934 καὶ
1458 4882 1703 4951 ἀπρεπὲς
1746 4882 1807 4935 τὸ

248 4966 502 5035 γινόμενον
535 4968 775 5037 ἀληθῶς.
801 4968 1032 5021 Ἄτοπον
1066 4970 1162 5038 μὲν
1200 4970 1308 5039 γὰρ
1340 4966 1407 5039 ἦν
1438 4972 1659 5025 εἰπόντα
1693 4972 1804 5043 (67)

248 5054 324 5106 τὸν
363 5056 485 5112 Θεὸν
530 5059 870 5129 ψεύσασθαι,
931 5057 1070 5111 ὥστε
1124 5061 1587 5131 νομοθετήσαντος
1638 5064 1819 5119 αὐτοῦ,

307 5176 351 5206 ⁵³
371 5177 489 5248 Sap.
516 5196 574 5242 Il,
602 5180 697 5246 23,
727 5179 820 5237 24.
966 5179 1011 5209 ⁸³
1047 5177 1204 5233 Rom.
1234 5196 1275 5245 ι,
1304 5181 1393 5244 26,
1424 5181 1515 5235 27.

308 5331 410 5471 (61)
431 5334 613 5402 Basil.,
629 5336 851 5407 ἦγγισε.

328 5403 407 5471 62)
432 5406 650 5460 Grmcns
678 5406 851 5471 Script

328 5403 971 5475 62)Gra3cns'SCripturte
1016 5415 1196 5460 textus
1240 5407 1437 5473 habet,
1481 5410 1577 5462 καὶ
1622 5410 1808 5463 είκόνα

248 5472 337 5548 τῆς
367 5475 491 5539 ἰδίας
524 5472 815 5548 ἰδιότητος
842 5476 1289 5548 ὲποίησενλαύτόν
1308 5516 1321 5539 ,
1362 5472 1640 5546 imaginem
1685 5498 1808 5546 pro-

253 5545 375 5619 price
398 5545 725 5619 proprietatis
761 5547 882 5619 fecit
915 5563 1054 5619 eum.
1105 5546 1366 5617 Vulgata,
1413 5545 1486 5601 ad
1528 5545 1803 5619 imaginem

254 5614 590 5684 similitudinis
619 5633 735 5670 sua!
767 5616 891 5684 fecit
916 5617 1087 5672 illum.

312 5682 417 5804 (ἐξ)
442 5682 792 5757 Anglicanus,
821 5685 1221 5757 ἐξεληλύθασιν.
1258 5688 1365 5741 Καί
1396 5704 1511 5757 seq.
1546 5688 1699 5742 abest
1746 5690 1812 5743 ab

377 5770 440 5804 m.

253 5766 440 5808 εοαεηι.

446 5825 536 5898 Sic
559 5825 805 5898 _Seguer.
825 5821 960 5898 ﬁlii
983 5840 1113 5898 vero
1138 5842 1257 5879 cum
1292 5827 1774 5898 editis,_syalpsto.

310 5892 411 5963 (65)
444 5893 530 5951 Sic
554 5892 803 5966 Sig—uera,
825 5892 1009 5961 Basll.,
1030 5894 1244 5952 Golzler.
1275 5906 1325 5952 et
1360 5892 1594 5953 reuma.
1632 5892 1652 5952 ἰ
1698 5912 1817 5963 an.,

1912 4705 2067 4759 vitari
2102 4715 2312 4774 poterat
2349 4707 2433 4762 lex
2467 4709 2792 4780 illa,quippe
2821 4726 2938 4781 quae
2965 4728 2993 4765 a
3022 4710 3132 4765 Deo
3168 4713 3490 4782 praevarica-

1916 4797 2075 4853 tionis
2103 4814 2263 4854 causa
2301 4799 2479 4855 fuerat
2509 4804 2778 4873 imposita.
2817 4804 2945 4871 Quae
2977 4820 3064 4860 res
3095 4805 3486 4860 saneabsurda

1911 4890 2151 4945 simulet
2189 4891 2442 4947 indecora
2488 4894 2608 4950 fuit.
2645 4894 2779 4953 Nam
2829 4898 3119 4953 absurdum
3168 4908 3285 4950 erat
3319 4897 3486 4952 Deum

1910 4980 2222 5049 loquentem
2250 4986 2490 5051 mentiri,
2515 4989 2559 5043 si
2597 5005 2788 5059 nempe
2812 4988 2922 5046 Deo
2954 4990 3223 5051 hominem
3256 4991 3300 5045 si
3333 5007 3485 5044 mau-

1913 5072 2095 5127 datum
2127 5075 2359 5133 violaret
2388 5083 2523 5134 mori
2548 5090 2840 5145 statuente,
2873 5080 3074 5136 violato
3102 5084 3351 5135 mandato
3380 5096 3485 5135 non

1915 5351 2073 5413 atque
2097 5344 2167 5398 ita
2202 5344 2402 5415 legitur
2428 5347 2481 5400 in
2513 5346 2702 5401 Graeco
2750 5344 2808 5401 S.
2840 5346 3131 5416 Scriptura:
3165 5350 3313 5396 textu
3350 5359 3363 5395 :
3393 5340 3484 5393 alii

1913 5428 2043 5468 vero
2073 5430 2192 5469 cum
2218 5418 2398 5482 editis,
2427 5418 2814 5477 ἀπολαϐόντες.

1982 5482 2097 5551 (66)
2131 5486 2380 5554 Segucr.,
2410 5487 2628 5543 Gohler.
2666 5496 2721 5541 et
2769 5483 3006 5539 Feb-km.
3043 5483 3066 5535 l
3120 5495 3307 5543 anon.,
3342 5496 3486 5549 παρ-

1913 5553 2378 5615 απώλλετοζηιὶό.
2403 5558 2619 5613 Gobler.
2664 5570 2720 5610 et
2757 5554 2996 5611 Fclckm.
3036 5556 3058 5602 1
3114 5564 3276 5605 anon.
3328 5553 3487 5602 omit-

1914 5633 2033 5679 tunt
2068 5626 2163 5679 καὶ
2195 5625 2322 5697 γάρ,
2353 5642 2471 5694 qua:
2506 5642 2603 5680 nec
2647 5625 2899 5697 exprimit
2942 5621 3185 5697 Nannius
3216 5619 3349 5697 ;_alii
3384 5635 3485 5673 au-

1918 5703 2021 5747 tem
2060 5712 2179 5749 cum
2206 5689 2382 5750 'ed'itis'
2424 5697 2656 5759 habent,
2698 5689 2751 5747 et
2789 5693 3032 5760 legerunt
3073 5689 3408 5745 Onmibonus
3432 5697 3489 5744 et

1918 5764 2236 5820 Ambrosius
2259 5766 2502 5819 Cmmld.

1986 5835 2097 5904 (67)
2126 5837 2470 5903 Anglicanus,
2509 5835 2742 5890 ’Δτοπον
2767 5831 2874 5903 γὰρ
2902 5830 2966 5885 ἂν
2994 5830 3097 5900 εἴη.
