4010 6506
510 386 640 439 ³103

1102 380 1159 433 S.
1198 377 1571 432 ATHANASH
1610 376 1762 433 OPl’.
1806 376 1983 430 PARS
2018 375 2057 430 l.
2093 404 2162 415 —-
2199 370 2569 431 HISTORICA
2609 373 2696 427 ET
2740 371 3156 430 DOGMATICA.

3687 370 3783 423 104

605 498 659 550 4.
699 493 911 549 Miraris
940 492 1189 559 l'ortas'se',
1218 491 1347 562 quid
1376 493 1589 546 tandem
1620 506 1737 556 nos,
1770 505 1891 546 cum
1918 493 1982 545 de
2006 492 2101 544 lm-

2280 491 2333 544 4.
2363 493 2524 553 Ἴσως
2542 490 2649 561 (51)
2685 472 2981 560 θαυμάζεις
3006 489 3055 542 τί
3085 489 3307 560 δήποτε,
3340 487 3468 557 περὶ
3498 486 3599 556 τῆς
3632 489 3785 541 ἐναν-

538 600 693 638 mana
718 591 906 638 natura
931 596 960 634 a
997 580 1171 635 Verbo
1196 588 1467 648 assumpta
1488 581 1666 635 dicere
1692 580 2107 644 instituerimus,

537 688 677 727 nunc
704 673 769 727 de
796 674 969 742 prima
1002 672 1275 726 hominum
1309 671 1516 741 origine
1558 671 1913 741 disputemus.
1946 671 2109 742 Atqui

535 766 587 820 id
618 784 647 818 a
676 768 783 819 title
810 774 1006 819 nostra:
1032 765 1298 820 orationis
1330 764 1551 819 minime
1582 763 1818 819 alienum
1843 773 1947 819 est.
1974 763 2109 830 Quia

531 859 678 913 enim
697 873 999 913 sermonem
1022 859 1285 913 habemus
1307 859 1373 912 de
1396 858 1695 913 Salvatoris
1722 858 1893 912 nostri
1918 857 1983 911 ad
2014 872 2110 912 nos

532 951 790 1014 adventu,
821 964 1043 1004 necesse
1087 961 1169 1004 est
1191 950 1357 1004 etiam
1397 950 1466 1004 de
1494 949 1769 1004 hominum
1800 948 2109 1019 primordiis

531 1042 699 1112 loqui,
738 1058 843 1112 quo
868 1044 1021 1112 plane
1045 1042 1335 1110 perspicias
1362 1052 1601 1097 nostram
1630 1057 1845 1097 causam
1881 1042 1997 1112 ejus
2024 1042 2112 1095 ad-

531 1147 722 1191 ventus
751 1137 917 1189 fuisse
946 1136 1310 1199 occasionem,
1342 1144 1638 1205 nostroque
1679 1145 1904 1205 peccato
1944 1133 2106 1188 Verbi

528 1226 916 1295 benignitatem
950 1226 1240 1281 excitatam
1275 1226 1461 1291 fuisse,
1491 1237 1549 1280 ut
1589 1226 1654 1281 ad
1696 1242 1791 1281 nos
1826 1225 2111 1281 accederet

527 1326 582 1370 et
620 1318 762 1372 inter
814 1319 1062 1372 homines
1108 1318 1371 1373 Dominus
1436 1328 1743 1387 appareret.
1801 1317 1911 1373 Nos
1961 1317 2106 1372 enim

526 1423 686 1462 causa
715 1423 903 1463 sumus
930 1424 1027 1464 cur
1054 1424 1253 1480 corpus
1279 1409 1657 1479 assumpserit,
1680 1418 2024 1478 nostramque
2040 1408 2109 1461 ob

525 1501 751 1555 salutem
780 1501 832 1554 in
863 1501 1096 1554 humano
1144 1516 1372 1571 corpore
1395 1502 1543 1555 nasci
1574 1510 1627 1555 et
1664 1515 1923 1570 apparere
1952 1500 2105 1555 beni-

526 1591 786 1659 guissime
839 1592 1030 1647 voluit.
1062 1591 1175 1646 lloc
1226 1592 1393 1662 igitur
1440 1594 1597 1648 modo
1642 1591 1780 1647 Deus
1832 1594 2104 1647 hominem

526 1683 658 1737 fecit
700 1692 863 1750 atque
902 1683 1261 1738 immortalem
1298 1698 1513 1737 manere
1544 1684 1731 1739 voluit.
1764 1683 1831 1737 At
1861 1684 2105 1738 homines

527 1774 770 1841 neglecta
801 1788 864 1827 ac
883 1774 1082 1843 rejecta
1106 1774 1199 1828 Dei
1224 1774 1699 1843 contemplatione,
1720 1775 1823 1830 sibi
1844 1775 1973 1843 ipsis
1992 1789 2105 1827 ma-

2211 582 2545 655 θρωπήσεως
2590 580 2683 634 τοῦ
2710 582 2881 649 Λόγου
2922 580 3246 651 προθέμενοι
3280 578 3478 646 λέγειν,
3514 577 3610 631 νῦν
3660 580 3789 649 περὶ

2209 672 2310 743 τῆς
2358 673 2532 745 ἀρχῆς
2558 671 2667 724 τῶν
2709 670 3009 743 ἀνθρώπων
3056 668 3411 741 διηγούμεθα.
3474 667 3636 720 Ἀλλά
3696 669 3789 721 καὶ

2208 764 2367 817 τοῦτο
2397 765 2498 817 οὐκ
2518 763 2792 835 ἀλλότριόν
2826 765 2942 815 ἐστι
2978 761 3072 815 τοῦ
3101 760 3307 814 σκοποῦ
3340 761 3442 829 τῆς
3459 760 3787 835 διηγήσεως.

2223 854 2455 926 Ἀνάγκη
2483 855 2591 926 γὰρ
2622 856 2789 926 ἡμᾶς,
2812 853 3069 921 λέγοντας
3087 854 3218 924 περὶ
3245 853 3346 922 τῆς
3380 854 3460 915 είς
3488 853 3638 921 ἡμᾶς
3664 852 3788 904 ἐπι-

2209 946 2434 1016 φανείας
2462 947 2556 1000 τοῦ
2590 947 2861 1017 Σωτῆρος,
2892 944 3066 1012 λέγειν
3106 944 3201 997 καὶ
3254 943 3505 1015 περὶτῆς
3552 942 3662 995 τῶν
3693 943 3787 995 ἀν-

2209 1040 2441 1112 θρώπων
2476 1041 2672 1112 ἀρχῆς,
2696 1040 2783 1093 ἵνα
2804 1038 3076 1112 γινώσκῃς
3108 1038 3245 1107 (52),
3276 1039 3356 1093 ὅτι
3381 1039 3414 1108 ή
3449 1038 3612 1108 ήμῶν
3642 1037 3791 1090 αἰτία

2208 1134 2401 1204 ἐκείνῳ
2448 1134 2636 1202 γέγονε
2666 1132 2934 1203 πρόφασις
2969 1133 3067 1201 τῆς
3110 1130 3360 1193 καθόδου,
3398 1131 3491 1183 καὶ
3541 1131 3575 1200 ή
3632 1128 3789 1200 ήμῶν

2192 1225 2519 1296 παράβασις
2538 1224 2632 1277 τοῦ
2655 1224 2826 1292 Λόγου
2848 1223 2944 1292 τὴν
2960 1222 3369 1293 φιλανθρωπίαν
3405 1219 3786 1285 ἐξεκαλέσατο,

2206 1317 2345 1371 ὥστε
2374 1318 2467 1371 καὶ
2499 1319 2577 1381 είς
2607 1319 2753 1388 ἡμᾶς
2784 1315 2984 1386 φθάσαι
3023 1315 3118 1368 καὶ
3177 1318 3409 1386 φανῆναι
3446 1313 3537 1366 τὸν
3581 1312 3788 1385 Κύριον

2206 1411 2265 1463 ἐν
2291 1408 2618 1481 ἀνθρώποις.
2651 1408 2762 1479 Τῆς
2790 1408 2898 1480 γὰρ
2927 1408 3134 1461 ἐκείνου
3158 1405 3598 1476 ἐνσωματώσεως
3628 1406 3789 1474 ἡμεῖς

2204 1503 2507 1573 γεγόναμεν
2557 1500 2836 1565 ὑπόθεσις,
2873 1501 2965 1552 καὶ
2998 1499 3083 1552 διὰ
3133 1499 3231 1569 τὴν
3272 1499 3383 1570 (55)
3422 1498 3581 1569 ήμῶν
3616 1513 3787 1567 σωτη-

2210 1596 2330 1664 ρίαν
2361 1592 2905 1665 ἐφιλανθρωπεύσατο
2952 1591 3044 1643 καὶ
3076 1590 3136 1642 ἐν
3170 1588 3493 1660 ἀνθρωπίνῳ
3533 1587 3788 1656 γενέσθαι

2205 1688 2297 1739 καὶ
2332 1687 2565 1757 φανῆναι
2599 1684 2830 1755 σώματι.
2863 1683 3048 1746 Οὕτως
3087 1682 3187 1752 μὲν
3212 1677 3307 1734 οὖν
3336 1684 3365 1733 ὀ
3406 1680 3541 1742 Θεὸς
3572 1678 3667 1732 τὸν
3697 1678 3791 1731 ἄν-

2206 1778 2421 1850 θρωπον
2474 1762 2739 1849 πεποίηκε
2770 1777 2902 1847 (54),
2938 1778 3031 1828 καὶ
3086 1774 3266 1845 μένειν
3317 1773 3584 1844 ἠθέλησεν
3629 1774 3687 1823 ἐν
3727 1774 3789 1850 ᾁ-

526 1862 696 1914 litiam
721 1864 1187 1931 excogitaverunt,
1212 1865 1287 1917 uti
1319 1864 1600 1932 superiore
1624 1864 1868 1917 oratione
1902 1864 2101 1918 dictum

2211 1848 2469 1943 φθαρσίᾳ.
2508 1848 2818 1942 ’Ἄνθρωποι
2848 1871 2924 1934 δὲ,
2960 1868 3497 1939 κατολιγωρήσαντες
3528 1866 3626 1919 καὶ
3656 1848 3791 1917 ἁπο-

524 1963 630 2015 est.
659 1961 821 2021 atque
870 1953 942 2006 ita
990 1953 1043 2006 in
1080 1953 1450 2007 denuntiatam
1487 1955 1675 2009 mortis
1701 1954 2099 2008 damnationem

2211 1965 2531 2036 στραφέντες
2560 1964 2657 2035 τὴν
2716 1964 2851 2033 πρὸς
2879 1964 2969 2016 τὸν
3010 1961 3141 2014 Θεὸν
3168 1960 3517 2030 κατανόησιν,
3570 1958 3789 2025 λογισά-

526 2045 721 2098 misere
761 2044 1085 2109 inetderunt,
1112 2060 1212 2098 nec
1250 2059 1378 2098 vero
1411 2053 1530 2114 post
1562 2044 1674 2099 haec
1716 2046 1901 2113 quales
1933 2045 2101 2099 creati

2211 2075 2354 2129 μενοι
2381 2058 2437 2110 δέ
2462 2057 2557 2110 καὶ
2585 2058 2973 2127 ἐπινοήσαντες
2989 2056 3200 2117 ἑαυτοῖς
3227 2054 3328 2124 τὴν
3355 2052 3577 2117 κακίαν,
3598 2051 3787 2122 ὥσπερ

523 2145 678 2203 sunt,
711 2150 1098 2206 permansere;
1139 2136 1234 2191 sed
1274 2136 1387 2190 suis
1430 2137 1847 2207 cogitationibus
1881 2138 1933 2189 in
1987 2139 2101 2192 dies

2211 2152 2260 2202 ἐν
2311 2152 2423 2212 τοῖς
2474 2147 2710 2219 πρώτοις
2738 2147 2930 2218 ἐλέχθη
2969 2146 3103 2217 (55),
3136 2146 3292 2216 ἔσχον
3328 2145 3428 2215 τὴν
3454 2143 3784 2215 προαπειλή-

523 2228 693 2296 magis
706 2227 968 2296 corrupti,
990 2226 1041 2279 in
1068 2225 1258 2280 mortis
1281 2225 1535 2279 ditionem
1568 2236 1621 2280 et
1643 2236 1960 2295 potestatem
1979 2237 2101 2281 sunt

2211 2239 2386 2293 θεῖσαν
2414 2239 2505 2292 τοῦ
2546 2238 2774 2294 θανάτου
2822 2238 3164 2309 κατάκρισιν,
3212 2238 3305 2289 καὶ
3333 2235 3520 2289 λοιπὸν
3550 2236 3654 2289 οὐκ
3684 2236 3786 2300 ἔτι,

526 2321 750 2373 redacti.
777 2317 907 2372 Nam
940 2319 1189 2389 praecepti
1235 2318 1592 2389 transgressio
1625 2318 1745 2372 illos
1774 2320 1842 2372 ad
1872 2320 2101 2388 propriae

2211 2330 2274 2393 ὥς
2326 2331 2599 2399 γεγόνασι,
2647 2329 2913 2400 διέμενον
2947 2329 3060 2382 ἀλλ’
3105 2329 3181 2392 ώς
3209 2329 3532 2397 ἐλογίζοντο,
3562 2328 3790 2398 διεφθεί-

524 2421 729 2465 natura:
779 2413 1146 2466 conditionem
1198 2413 1508 2476 revocavit;
1541 2422 1598 2465 ut
1648 2412 2099 2481 quemadmodum

2211 2438 2375 2491 ροντο,
2416 2424 2509 2475 καὶ
2561 2424 2589 2474 ὁ
2618 2421 2845 2485 θάνατος
2885 2421 3062 2474 αὐτῶν
3087 2422 3305 2491 ἐκράτει
3337 2420 3663 2490 βασιλεύων.
3717 2420 3784 2473 Ἡ

523 2518 644 2556 cum
684 2518 787 2555 non
817 2511 1018 2570 essent,
1054 2504 1181 2558 facti
1204 2513 1350 2569 sunt,
1373 2504 1453 2558 sic
1483 2507 1536 2558 in
1565 2518 1628 2558 eo
1649 2503 1752 2576 41
1783 2503 1926 2573 quod
1954 2514 2098 2570 sunt,

523 2595 950 2661 corruptionem,
1002 2594 1214 2650 labente
1268 2606 1530 2665 tempore.
1577 2607 1908 2665 paterentur,
1945 2600 2103 2669 idque

525 2687 893 2741 meritissimo.
932 2688 1197 2758 Namque,
1233 2689 1278 2744 si
1316 2689 1473 2742 Verbi
1504 2691 1788 2759 praesentia
1820 2703 1876 2747 et
1903 2693 2102 2748 beneﬁ-

521 2780 697 2832 Centia
728 2780 903 2833 vocati
927 2790 1052 2835 sunt
1086 2790 1146 2834 ut
1197 2790 1399 2847 essent,
1433 2781 1526 2850 qui
1558 2795 1624 2835 ex
1656 2792 1862 2837 natura:
1908 2783 2100 2837 condi-

526 2870 671 2923 tione
712 2870 1001 2940 aliquando
1042 2887 1147 2926 non
1179 2882 1365 2935 erant,
1414 2887 1751 2940 consequens
1784 2873 1966 2928 fuitut
2001 2874 2100 2929 ho-

526 2961 698 3016 mines
746 2960 841 3015 Dei
895 2962 1355 3033 contemplatione
1416 2961 1607 3022 nudati
1643 2974 1697 3017 et
1724 2964 1791 3017 ad
1840 2980 1926 3019 res
1979 2980 2101 3034 qua:

525 3055 671 3107 nullo
712 3057 869 3109 modo
918 3057 1189 3111 exsistunt
1221 3059 1471 3112 conversi
1500 3058 1784 3129 (siquidem
1823 3059 1959 3114 mala
1994 3077 2100 3116 non

524 3148 811 3213 exsistunt,
845 3150 981 3203 bona
1028 3164 1156 3204 vero
1205 3150 1492 3217 exsistunt,
1521 3160 1704 3220 utpote
1754 3166 1872 3220 qute
1915 3168 1944 3205 a
1992 3152 2100 3209 Deo

524 3239 814 3292 exsistente
878 3239 1019 3295 facta
1087 3240 1257 3311 sint),
1299 3242 1564 3297 beneﬁcio
1628 3258 1842 3312 quoque
1889 3259 2103 3315 semper

522 3331 816 3385 exsistendi
875 3333 1278 3400 spoliarentur,
1314 3335 1415 3389 hoc
1471 3344 1577 3400 est,
1628 3344 1687 3388 ut
1734 3337 1999 3403 dissoluti,
2046 3338 2100 3392 in

523 3429 694 3474 morte
731 3430 784 3475 et
809 3424 1155 3491 corruptione
1186 3436 1488 3479 manerent.
1526 3425 1698 3481 llomo
1732 3427 1876 3482 enim
1910 3444 1977 3483 ex
2006 3445 2099 3484 sua

522 3522 712 3564 natura
746 3514 986 3568 mortalis
1016 3523 1119 3578 est,
1146 3516 1344 3585 quippe
1368 3518 1456 3585 qui
1489 3533 1556 3571 ex
1603 3518 1773 3574 nihilo
1806 3522 1979 3575 factus
2008 3522 2098 3575 sit.

524 3604 775 3655 Attamen
813 3614 1032 3674 propter
1061 3621 1214 3658 suam
1244 3621 1367 3661 cum
1410 3607 1501 3661 illo
1531 3610 1621 3677 qui
1662 3619 1745 3664 est
1796 3612 2103 3667 similitudi-

524 3707 666 3755 nem,
691 3694 734 3746 si
763 3709 881 3747 eam
923 3696 1193 3749 constanti
1223 3695 1340 3764 ejus
1385 3697 1841 3765 contemplatione
1879 3717 2101 3757 conser-

524 3793 724 3847 vasset,
759 3785 1062 3841 naturalem
1098 3789 1504 3857 corruptionem
1552 3792 1838 3846 retudisset
1869 3796 2100 3849 mansis-

523 3886 709 3944 setque
747 3876 1117 3946 incorruptus,
1147 3878 1310 3933 sicuti
1341 3878 1621 3950 Sapientia
1645 3883 1721 3934 ait
1750 3900 1763 3936 :
1800 3883 2102 3939 Observatio

522 3966 717 4035 legum,
748 3968 1075 4035 conﬁrmatio
1106 3980 1183 4025 est
1216 3971 1630 4041 incorruptionis
1661 3972 1727 4029 ⁸ο.
1767 3974 1965 4031 Factus
2007 3993 2103 4030 auo

524 4065 633 4111 tem
662 4059 1028 4130 incorruptus,
1056 4061 1169 4131 jam
1195 4072 1253 4116 ut
1277 4064 1415 4118 Deus
1450 4064 1696 4131 vixisset,
1719 4070 1859 4136 quod
1884 4070 2101 4137 quidem

523 4150 703 4204 divina
738 4153 1020 4222 Scriptura
1057 4153 1252 4210 alicubi
1282 4154 1371 4209 his
1418 4156 1597 4213 verbis
1645 4158 1910 4227 signiﬁcat
1938 4177 1955 4215 :
1988 4158 2100 4230 Ego

522 4242 630 4297 dixi
661 4261 680 4297 .·
703 4242 794 4296 Dii
826 4246 971 4309 estis,
1017 4256 1065 4299 et
1114 4246 1215 4314 ﬁlii
1252 4245 1509 4298 Altissimi
1556 4264 1730 4301 omnes
1760 4263 1779 4300 :
1808 4265 1893 4303 vos
1926 4261 2100 4307 autem

519 4340 653 4391 sicut
682 4336 916 4391 homines
955 4339 1243 4404 morimini,
1266 4350 1312 4393 et
1345 4341 1481 4394 sicut
1511 4357 1645 4395 unus
1681 4341 1745 4395 de
1772 4347 2098 4416 principibus

521 4431 714 4484 catlitis
747 4431 815 4486 “.

2200 2511 2309 2582 γὰρ
2332 2512 2640 2584 παράϐασις
2696 2512 2793 2580 τῆς
2810 2511 3030 2580 ἐντολῆς
3050 2514 3128 2575 εἰς
3145 2510 3204 2563 τὸ
3228 2510 3371 2564 κατὰ
3401 2509 3564 2580 φύσιν
3589 2511 3790 2573 αὐτοὺς

2201 2606 2551 2675 ἐπέστρεφεν,
2582 2606 2688 2667 ἵνα,
2722 2604 2911 2676 ὥσπερ
2938 2606 3036 2657 οὐκ
3084 2604 3235 2666 ὄντες
3273 2604 3585 2672 γεγόνασιν,
3613 2603 3791 2665 οὕτως

2202 2697 2294 2751 καὶ
2348 2695 2447 2767 τὴν
2497 2699 2576 2759 εἰς
2632 2695 2693 2749 τὸ
2720 2693 2856 2749 εἶναι
2894 2694 3099 2766 φθορὰν
3133 2694 3466 2764 ὑπομείνωσι
3499 2692 3581 2764 τῷ
3610 2693 3797 2765 χρόνῳ

2202 2788 2446 2852 εἰκότως.
2476 2791 2537 2842 Εἰ
2564 2789 2693 2859 γὰρ,
2714 2788 2875 2858 φύσιν
2904 2788 3117 2859 ἔχοντες
3143 2789 3202 2841 τὸ
3264 2788 3336 2859 μὴ
3367 2784 3509 2841 εἷναί
3536 2803 3693 2849 ποτε,
3718 2788 3788 2855 τῇ

2199 2880 2293 2933 τοῦ
2343 2880 2516 2949 Λόγου
2553 2880 2826 2951 παρουσίᾳ
2857 2880 2947 2932 καὶ
2992 2878 3368 2949 φιλανθρωπίᾳ
3415 2879 3495 2939 είς
3546 2877 3609 2929 τὸ
3650 2870 3791 2929 εἶναι

2202 2974 2528 3044 ἐκλήθησαν,
2562 2971 2853 3027 ἀκόλουθον
2875 2967 2942 3042 ἦν
2959 2970 3292 3033 κενωθέντας
3307 2972 3433 3033 τοὺς
3466 2968 3793 3041 ἀνθρώπους

2201 3064 2299 3132 τῆς
2328 3064 2455 3135 περὶ
2495 3061 2630 3115 Θεοῦ
2650 3062 2860 3125 ἐννοίας
2909 3061 3000 3114 κα)⁵
3020 3062 3100 3123 είς
3125 3058 3193 3113 τὰ
3220 3061 3320 3112 οὐκ
3348 3060 3484 3112 ὄντα
3505 3060 3791 3130 ἀποστρα-

2204 3155 2401 3223 φέντας
2431 3154 2540 3225 (56)
2570 3154 2690 3223 (οὐκ
2719 3154 2846 3208 ὄντα
2877 3152 2985 3224 γάρ
3013 3153 3129 3207 ἐστι
3154 3150 3221 3204 τά
3247 3149 3413 3213 κακὰ,
3448 3150 3581 3203 ὄντα
3612 3148 3671 3201 δέ
3722 3146 3795 3201 τὰ

2204 3248 2364 3309 καλὰ,
2399 3247 2697 3317 ἐπειδήπερ
2741 3245 2962 3298 ἀπὸτοῦ
3010 3245 3163 3307 δντος
3195 3242 3330 3295 Θεοῦ
3357 3241 3663 3311 γεγόνασιο)
3699 3258 3795 3293 κε-

2203 3339 2437 3410 νωθῆναι
2461 3338 2555 3391 καὶ
2578 3338 2671 3390 τοῦ
2700 3334 2839 3390 εἶναι
2862 3337 2968 3391 ἀεί.
2999 3335 3168 3389 Τοῦτο
3195 3334 3251 3388 δέ
3281 3336 3397 3387 ἐστι
3425 3334 3488 3386 τὸ
3514 3332 3792 3387 διαλυθέν-

2202 3445 2302 3491 τας
2360 3428 2541 3497 μένειν
2594 3429 2651 3481 ἐν
2701 3426 2781 3497 τῷ
2842 3426 3057 3496 θανάτῳ
3116 3426 3210 3479 καὶ
3255 3427 3321 3494 τῇ
3377 3422 3573 3493 φθορᾷ.
3633 3423 3793 3474 Ἐστι

2207 3520 2304 3590 μὲν
2342 3496 2453 3590 (57)
2484 3519 2593 3591 γὰρ
2621 3519 2954 3595 κατὰφύσιν
2995 3517 3284 3589 ἄνθρωπος
3329 3515 3541 3587 θνητὸς,
3591 3514 3688 3568 ἆτε
3727 3513 3793 3584 δὴ

2203 3612 2264 3677 ἐξ
2284 3613 2383 3666 οὐκ
2411 3613 2580 3665 ὄντων
2613 3594 2877 3680 γεγονώς.
2920 3610 3017 3663 Διὰ
3046 3611 3102 3663 δὲ
3132 3610 3231 3681 τὴν
3248 3609 3386 3680 πρὸς
3409 3608 3502 3659 τὸν
3522 3605 3639 3675 (58)
3661 3604 3793 3657 ὄντα

2202 3706 2517 3777 ὁμοιότητα,
2563 3706 2629 3774 ἢν
2671 3706 2720 3756 εἱ
2748 3703 3009 3772 ἐφύλαττε
3037 3701 3123 3754 διὰ
3149 3701 3247 3771 τῆς
3274 3699 3411 3771 πρὸς
3441 3698 3609 3751 αὐτὸν
3633 3714 3795 3751 καταο

2203 3798 2461 3868 νοήσεως,
2498 3796 2771 3868 ήμὸλυνεν
2804 3796 2870 3848 ἂν
2914 3794 3011 3865 τὴν
3053 3794 3193 3847 κατὰ
3240 3792 3401 3861 φύσιν
3425 3790 3655 3861 φθορὰν,
3698 3790 3794 3842 καὶ

2204 3888 2417 3959 ἔμεινεν
2451 3888 2748 3960 ἄφθαρτος,
2773 3886 3021 3957 καθάπερ
3046 3888 3079 3955 ή
3116 3885 3281 3955 Σοφία
3311 3884 3461 3955 φησί·
3504 3880 3791 3951 Προσοχὴ

2202 3980 2400 4048 νόμων
2413 3980 2740 4044 ,βεϐαίωσις
2767 3977 3125 4046 ἀφθαρσίας.
3149 3976 3459 4046 Ἀφθαρτος
3487 3968 3545 4027 δέ
3576 3973 3673 4035 ὣν,
3693 3972 3790 4040 ἔζη

2202 4069 2386 4124 λοιπὸν
2408 4071 2483 4132 ώς
2508 4072 2660 4133 Θεὸς,
2686 4069 2761 4133 ὥς
2791 4087 2894 4122 που
2931 4070 3075 4137 καὶὴ
3102 4067 3221 4120 θεία
3249 4066 3358 4136 (59)
3400 4065 3596 4136 Γραφὴ
3632 4062 3793 4116 τοῦτο

2205 4160 2457 4232 σημαίνει
2494 4161 2743 4222 λέγουσα·
2784 4161 2930 4229 Ἐγὼ
2953 4157 3091 4213 εἶπα
3112 4198 3125 4218 ,
3156 4158 3280 4212 θεοί
3320 4158 3482 4218 ἐστε,
3517 4156 3618 4208 καὶ
3672 4154 3791 4208 vid

2214 4253 2496 4321 Ὑψίστου
2546 4252 2788 4318 πάντες·
2834 4252 3002 4322 ὑμεῖς
3053 4250 3122 4303 δὲ
3177 4251 3257 4315 ὡς
3300 4248 3601 4315 ἅνθρωποι
3640 4247 3791 4299 dno-

2202 4344 2496 4410 θνήσκετε
2530 4346 2628 4397 καὶ
2664 4346 2744 4409 ὡς
2769 4339 2857 4409 εἷς
2887 4342 3003 4396 τῶν
3042 4342 3349 4409 ἀρχόντων
3374 4339 3646 4390 πίπτετε.

2272 4438 2325 4492 5.
2375 4439 2432 4490 Ὀ
2484 4438 2581 4508 μὲν
2620 4437 2727 4507 γὰρ
2760 4436 2892 4499 Θεὸς
2930 4435 2990 4486 οὑ
3037 4435 3195 4504 μόνον
3230 4432 3287 4499 ἐξ
3302 4431 3401 4485 οὑκ
3438 4430 3611 4483 ὄντων
3641 4429 3791 4501 ἡμᾶς

588 4525 640 4579 5.
684 4523 813 4578 Nam
848 4524 986 4581 Deus
1016 4540 1119 4580 non
1149 4524 1323 4581 solum
1355 4541 1455 4582 nos
1501 4540 1565 4581 ex
1616 4526 1783 4581 nihilo
1821 4526 1970 4594 fecit,
2001 4533 2095 4587 sed

2211 4528 2522 4601 πεποίηκεν,
2556 4529 2691 4582 ἀλλὰ
2717 4528 2811 4581 καὶ⁹
2833 4528 2891 4580 τὸ
2931 4526 3071 4580 κατὰ
3094 4525 3226 4577 Θεὸν
3247 4524 3343 4593 ζῇν
3372 4524 3506 4593 ἡμῖν
3527 4526 3791 4593 ἐχαρίσα-

520 4615 682 4669 etiam
720 4616 887 4670 divini
929 4615 1086 4671 Verbi
1130 4616 1305 4684 gratia
1356 4617 1653 4671 secundum
1704 4617 1869 4673 Deum
1918 4624 2100 4677 vivere

519 4709 810 4762 concessit.
831 4708 899 4761 At
926 4710 1173 4764 homines
1196 4707 1263 4763 ab
1297 4708 1515 4763 aeternis
1543 4708 1705 4764 rebus
1738 4712 1911 4767 aversi
1951 4725 2006 4767 et
2031 4715 2097 4769 ad

522 4808 609 4849 res
643 4797 980 4865 corruptioni
1014 4798 1286 4868 subjectas
1321 4798 1550 4853 consilio
1589 4799 1787 4853 diaboli
1826 4805 2099 4869 conversi,

596 4912 642 4943 '°
668 4913 796 4982 Sap.
832 4929 905 4979 vr,
940 4915 1023 4969 19.
1097 4916 1142 4946 ⁸¹
1176 4916 1317 4969 Psal.
1368 4932 1555 4979 Luxu,
1583 4914 1637 4981 6,
1672 4916 1722 4968 7.

588 5006 870 5076 (51)Goh.
897 5018 950 5061 et
987 5008 1101 5063 Fel.
1141 5012 1161 5062 l
1208 5026 1393 5072 anon.,
1435 5011 1550 5063 ἀλλ’
1586 5011 1737 5074 ἴσως.
1779 5010 1883 5065 Alii
1935 5011 2095 5075 Ἴσως

517 5085 729 5150 tantum
766 5077 989 5150 habent,
1021 5088 1075 5132 et
1113 5080 1184 5133 ita
1226 5081 1477 5150 legerunt
1509 5081 1846 5138 Omnibonus
1884 5088 1938 5135 et
1966 5084 2097 5134 Am-

518 5147 733 5199 brosius
756 5146 1000 5201 Camald.

587 5215 700 5284 (Si!)
731 5216 953 5289 Gobler.
979 5229 1033 5272 et
1065 5218 1303 5273 Felckm.
1342 5221 1365 5274 l
1408 5236 1595 5283 anon.,
1624 5219 1934 5289 γινώσκεις,
1974 5219 2096 5272 Mox

517 5284 741 5358 Seguer.
786 5286 979 5358 ἐκείνῳ
1013 5290 1205 5353 habet,
1234 5290 1321 5343 ubi
1358 5292 1488 5345 editi
1516 5284 1740 5344 ἐκείνων
1764 5330 1778 5352 ,
1820 5293 2094 5343 mendose.

516 5355 645 5408 Item
688 5358 846 5425 paulo
865 5355 986 5431 post
1020 5374 1116 5427 pro
1143 5359 1475 5431 παράϐασις,
1505 5362 1666 5417 Gobl.
1698 5370 1752 5414 et
1791 5360 2032 5415 Felektn.
2055 5363 2089 5419 ,1

515 5440 699 5497 anon.,
742 5428 1040 5497 παράδοσις
1077 5428 1464 5483 ιιιιιΙεἸιιιιωηι.

729 5494 910 5569 [ﬁdi—tio
934 5500 1196 5569 Commel.
1226 5500 1418 5569 αὑτήν.

724 5567 943 5640 (_}obler.
975 5579 1029 5640 et
1052 5567 1290 5626 Felckm.
1324 5564 1361 5640 1⁷
1384 5585 1569 5640 anon.,
1600 5569 1877 5640 ἐποίησεν.

729 5636 970 5711 F_el_clun.
1002 5639 1037 5693 Εἰ
1078 5655 1267 5711 anon.,
1305 5639 1560 5711 ἐλέγχθη.

586 5704 699 5824 (56)
742 5705 957 5763 Gohler.
1016 5719 1068 5763 et
1110 5710 1221 5765 Fel.
1256 5704 1311 5761 Vi
1382 5704 1569 5775 anon.,
1636 5708 2095 5778 ἁποστραφέντες,

589 5788 809 5824 emose.

529 5786 809 5827 mendose.

2205 4640 2264 4675 το
2290 4626 2355 4692 τῇ
2405 4620 2498 4674 τοῦ
2527 4622 2699 4689 Λόγου
2745 4621 2950 4691 χάριτι·
3001 4619 3137 4673 οἱδέ
3180 4615 3478 4687 ἅνθρωποι,
3516 4616 3793 4683 ἀποστρα-

2206 4712 2395 4782 φέντες
2435 4713 2544 4785 (60)
2586 4715 2655 4767 τὰ
2700 4714 2914 4779 αἰώνια,
2946 4713 3039 4765 καὶ
3071 4707 3374 4781 συμϐουλίᾳ
3414 4706 3511 4759 τοῦ
3541 4705 3795 4759 διαϐόλου

2207 4808 2288 4869 εἰς
2310 4806 2378 4859 τὰ
2402 4809 2502 4876 τῆς
2526 4806 2729 4879 φθορᾶς
2766 4803 3212 4877 ἐπιστραφέντες,
3251 4802 3465 4863 ἐαυτοῖς
3510 4798 3678 4853 αἴτιοι
3696 4799 3794 4867 τῆς

2275 5014 2390 5083 (57)
2427 5017 2544 5069 Μέν
2574 5018 2728 5071 abest
2757 5031 2785 5069 a
2827 5014 2988 5069 Basil.
3022 5024 3077 5067 et
3104 5013 3313 5081 Anglic.

2277 5085 2390 5157 (58)
2424 5088 2523 5157 Sic
2547 5086 2771 5157 Seguer.
2802 5086 2941 5140 Editi
2966 5085 3052 5138 τά.
3088 5083 3437 5157 Dinnibonus
3483 5100 3706 5157 quoque
3740 5094 3795 5138 et

2202 5152 2455 5211 Ambros.
2495 5152 2741 5209 Caufald.
2779 5158 3021 5225 legerunt
3054 5154 3143 5208 τὸν
3199 5152 3351 5225 ὄντα,
3388 5152 3795 5210 ιιεοήοιίΝτιιι-

2204 5225 2327 5294 nius
2355 5228 2446 5293 qui
2486 5228 2624 5281 hanc
2653 5222 2854 5280 vocenf
2870 5227 3030 5280 vertit
3066 5225 3216 5294 DeoL
3236 5222 3354 5294 Mox
3402 5225 3631 5291 ibidem,
3673 5236 3796 5294 post

2202 5292 2288 5363 ῆν,
2311 5292 2563 5362 segnem,
2582 5297 2817 5363 Anglic.,
2838 5296 3056 5351 Gobler.
3092 5306 3147 5349 et
3177 5292 3420 5351 Felckm.
3449 5297 3473 5349 l
3508 5292 3703 5359 anon.,
3721 5296 3793 5359 εἰ,

2203 5364 2332 5418 editi
2373 5367 2651 5420 omittunt.
2676 5364 2919 5421 Felckm.
2958 5368 2993 5421 2
3033 5382 3222 5429 anon.,
3252 5366 3320 5433 ὴν
3344 5370 3610 5421 mendose
3632 5367 3799 5420 habet

2205 5433 2410 5499 absque
2447 5435 2707 5502 particula
2738 5436 2807 5491 al.

2275 5504 2388 5577 (59)
2414 5505 2534 5577 ΔΚαί
2574 5516 2628 5577 et
2658 5504 2777 5558 θεία
2817 5509 3007 5562 desunt
3039 5507 3090 5560 in
3131 5507 3350 5564 Gobler.
3400 5519 3456 5562 et
3490 5505 3736 5561 Feltkm.
3771 5505 3795 5557 l

2205 5575 2376 5626 anon.
2412 5575 2543 5645 Ibid.
2587 5575 2816 5645 Vulgata
2864 5579 3045 5638 habet.
3090 5579 3384 5633 moriemini
3418 5591 3473 5631 et
3512 5580 3735 5631 cadetis.

2283 5646 2393 5715 (ιῖυ)
2433 5644 2652 5702 Gohler.
2696 5644 2746 5702 et
2789 5646 3026 5705 Felckm.
3074 5647 3095 5701 l
3158 5665 3319 5705 anon.
3348 5689 3363 5713 ,
3416 5648 3801 5722 ἀποστρέφον-

2209 5729 2265 5763 τε
