4010 6508
238 456 329 511 Η)ξί

1289 450 1550 507 ORATIO
1588 450 1673 505 DE
1717 449 2237 507 lNC-ARNATIONE
2279 449 2503 504 VERBI.

3381 452 3482 506 406

235 576 284 628 ὲν
317 572 388 641 τῷ
435 570 659 642 θανάτῳ
723 572 929 643 φθορᾶς
992 575 1296 640 γεγόνασιν,
1350 572 1507 636 ὄντες
1552 574 1674 643 μὲν,
1727 573 1803 635 ὡς

1917 573 2010 627 sibi
2039 572 2170 641 ipsis
2217 571 2584 640 corruptionis
2630 572 2820 625 mortis
2876 579 3125 635 auctores
3155 570 3283 625 facti
3309 584 3476 625 sunt:

237 665 490 734 προεῖπον,
521 661 674 715 κατὰ
709 662 875 731 φύσιν
895 662 1142 734 φθαρτοὶ,
1175 664 1354 734 χάριτι
1380 664 1439 717 δὲ
1454 665 1553 734 τῆς
1578 663 1673 717 τοῦ
1708 664 1804 718 Δός

236 772 317 823 γον
348 754 639 825 μετουσίας
689 754 788 807 τοῦ
820 754 955 808 κατὰ
992 755 1151 823 φύσιν
1181 756 1528 824 ἐκφυγόντες,
1560 759 1609 810 εί
1636 775 1805 829 μεμε-

238 850 469 916 νήκεισαν
490 846 673 900 καλοί.
706 848 807 901 Διά
830 848 936 918 γὰρ
980 849 1069 901 τὸν
1108 848 1334 901 συνόντα
1371 850 1581 913 τούτοις
1629 852 1804 919 Λόγον

240 941 316 992 καὶ
355 941 385 1009 ἡ
432 939 577 991 κατὰ
622 938 793 1006 φύσιν
844 939 1017 1008 φθορὰ
1063 938 1265 991 τούτων
1313 940 1411 991 οὐκ
1440 940 1632 1009 ἦγγιζε
1669 940 1800 1011 (61),

242 1030 397 1093 καθὼς
440 1030 535 1082 καὶ
569 1033 604 1100 ή
632 1030 809 1099 Σοφία
849 1031 1039 1101 φησίν
1086 1031 1139 1082 '0
1174 1030 1316 1096 Θεὸς
1339 1030 1539 1084 ἔκτισε
1567 1034 1675 1085 τὸν
1700 1033 1805 1086 ἇν-

242 1126 446 1191 θρωπον
476 1124 571 1175 ἐπ’
597 1124 910 1191 ἀφθαρσίᾳ
938 1124 1035 1176 καὶ
1060 1125 1261 1176 εἰκόνα
1305 1121 1412 1191 τῆς
1440 1123 1595 1190 ιδίας
1620 1124 1804 1178 didid-

242 1232 389 1283 τητος
415 1215 548 1286 (6‘2)'
573 1216 789 1284 φθόνῳ
817 1214 884 1267 δὲ
914 1215 1191 1269 διαϐόλου
1220 1213 1473 1279 θάνατος
1520 1214 1807 1283 εἰσῆλθεν

242 1309 311 1371 εις
340 1306 435 1358 τὸν
468 1307 733 1375 κόσμον.
781 1305 979 1358 Τούτου
1025 1306 1081 1358 δὲ
1115 1305 1428 1375 γενομένου,
1465 1309 1515 1358 oi
1577 1307 1677 1376 μὲν
1714 1307 1807 1361 ἇν-

242 1399 419 1469 θρωποι
442 1400 824 1469 ἀπέθνησκον,
866 1400 898 1469 ἠ
946 1398 1002 1451 δὲ
1031 1398 1205 1468 φθορὰ
1235 1398 1421 1452 λοιπὸν
1466 1400 1584 1451 κατ’
1624 1398 1806 1452 αὐτῶν

241 1492 476 1559 ἤκμασεν,
522 1493 621 1543 καὶ
648 1488 836 1541 πλεῖον
869 1487 962 1541 τοῦ
998 1486 1139 1540 κατὰ
1184 1486 1347 1553 φύσιν
1385 1486 1644 1556 ἰσχύουσα
1683 1484 1805 1538 καθ’

241 1578 338 1630 ὁλου
381 1577 470 1632 τοῦ
529 1579 748 1647 γένους,
786 1580 894 1648 ὅσῳ
918 1576 1012 1631 καὶ
1060 1576 1156 1647 τὴν
1214 1576 1441 1647 ἀπειλὴν
1502 1577 1594 1629 τοῦ
1648 1576 1806 1629 Θείου

241 1669 310 1721 διὰ
344 1669 436 1737 τὴν
504 1669 831 1740 παράϐασιν
882 1671 980 1739 τῆς
1017 1668 1237 1738 ἐντολῆς
1266 1669 1385 1721 κατ’
1422 1669 1601 1722 αὐτῶν
1632 1687 1809 1741 προει-

242 1759 390 1830 λήφει.
415 1763 529 1816 Καὶ
549 1761 662 1833 γὰρ
697 1763 796 1815 καλ⁵
826 1762 883 1814 ἐν
912 1764 1022 1825 τοῖς
1048 1762 1151 1831 πλη
1162 1761 1339 1832 μμελή
1349 1779 1510 1831 μασιν
1533 1764 1581 1814 oi
1608 1762 1809 1833 ἄνθρω-

244 1869 316 1905 ποι
349 1855 441 1907 οὐκ
498 1856 664 1925 ἄχρις
722 1855 864 1924 ὅρων
894 1853 1211 1923 ὡρισμένων
1260 1854 1626 1925 εἱστήκεισαν·
1672 1853 1807 1908 ἀλλὰ

243 1945 337 1996 κατ’
364 1943 542 2011 ὀλίγον
592 1944 1060 2013 ὲπεκτεινόμενοι,
1110 1944 1290 1997 λοιπὸν
1318 1945 1411 1996 καὶ
1460 1946 1540 2007 είς
1573 1946 1807 2014 ἄμετρον
1839 1928 1882 1982 Β

242 2033 537 2105 ἐληλύθασιν
584 2036 728 2106 (65),
767 2034 826 2098 ἐξ
857 2035 1026 2107 ἀρχῆς
1070 2034 1166 2105 μὲν
1199 2036 1419 2105 εὑρεταὶ
1450 2036 1552 2105 τῆς
1612 2037 1809 2098 κακίας

242 2126 517 2197 γενόμενοι,
548 2126 647 2179 καὶ
689 2126 812 2179 καθ’
861 2126 1065 2179 ἑαυτῶν
1082 2127 1171 2179 τὸν
1203 2127 1431 2179 θάνατον
1471 2127 1811 2195 προκαλεσάευ

244 2234 367 2285 μενοι
394 2220 488 2272 καὶ
524 2218 627 2288 τὴν
659 2217 888 2288 φθορὰν’
927 2216 1150 2287 ὕστερον
1171 2217 1225 2271 δὲ
1258 2220 1339 2280 είς
1364 2218 1578 2272 ἀδικίαν
1614 2220 1810 2289 ἐκτρα-

244 2309 426 2376 πέντες,
472 2311 573 2364 καὶ
626 2311 977 2380 παρανομίαν
1008 2312 1187 2363 πᾶσαν
1236 2311 1685 2381 ὑπερϐάλλοντες,
1714 2313 1811 2365 καὶ

245 2405 305 2473 μὴ
339 2406 413 2458 ἐνί
467 2404 629 2475 κακῷ
668 2404 965 2472 ἱστάμενοι,
997 2402 1131 2456 ἀλλὰ
1192 2404 1367 2457 πάντα
1404 2405 1567 2458 καινὰ
1606 2407 1811 2467 καινοῖς

243 2496 584 2558 ἐπινοοῦντες,
614 2495 901 2566 ἀκόρεστοι
928 2496 1054 2567 περὶ
1074 2495 1134 2548 τὸ
1168 2496 1501 2568 ἁμαρτάνειν
1529 2495 1807 2564 γεγόνασι.

242 2588 465 2659 Μοιχείαι
513 2590 612 2659 μὲν
647 2588 759 2659 γὰρ
788 2606 926 2660 ησαν
964 2589 1057 2642 καὶ
1082 2588 1278 2641 κλοπαὶ
1307 2588 1605 2657 πανταχοῦ,
1633 2589 1809 2657 φόνων

240 2677 286 2732 ἃ
304 2682 387 2734 καὶ
421 2680 698 2751 ἁρπαγῶν
721 2679 932 2752 πλήρης
953 2676 1073 2751 ἦνή
1102 2680 1366 2750 σύμπασα
1392 2681 1483 2749 γῆ·
1522 2680 1615 2732 καὶ
1644 2680 1809 2750 νόμου

244 2768 326 2836 μὲν
354 2770 451 2823 οὐκ
470 2766 542 2840 ἧν
570 2769 798 2840 φροντὶς
846 2769 971 2839 περὶ
1004 2769 1209 2839 φθορᾶς
1245 2770 1339 2822 καὶ
1376 2770 1608 2832 ἀδικίας·
1634 2769 1811 2822 πάντα

241 2856 287 2910 εξ
308 2859 368 2912 τὰ
391 2858 541 2912 κακὰ
571 2859 699 2911 καθ’
720 2858 818 2911 ἕνα
840 2859 932 2912 καὶ
958 2861 1106 2929 κοινῇ
1132 2858 1280 2929 παρὰ
1308 2861 1471 2913 πᾶσιν
1492 2861 1807 2930 ἐπράττετο.

244 2947 408 3013 Πόλεις
449 2950 555 3020 μὲν
586 2949 732 3003 κατὰ
768 2946 970 3002 πόλεων
1000 2949 1317 3020 ἐπολέμουν·
1351 2950 1447 3003 πιια)⁵
1480 2950 1606 3019 ἔθνη
1670 2947 1812 3003 κατὰ

242 3039 387 3094 ἐθνῶν
422 3043 687 3113 ἠγείρετο
745 3040 877 3114 (64)’
926 3040 1146 3112 διῄρητο
1182 3041 1238 3094 δὲ
1286 3043 1434 3094 πᾶσα
1462 3041 1813 3112 ήοίκουμέηνηη

242 3135 438 3190 στάσεσι
468 3136 567 3189 καὶ
605 3134 833 3205 μάχαις,
877 3134 1104 3188 ἑκάστου
1145 3134 1573 3203 φιλονεικοῦντος
1620 3138 1677 3189 ἐν
1731 3133 1810 3205 τῷ

242 3232 578 3299 παρανομεῖν.
614 3229 731 3280 Οὐκ
761 3223 828 3298 ἦν
854 3227 909 3280 δὲ
940 3227 1142 3281 τούτων
1170 3228 1387 3299 μακρὰν
1419 3229 1539 3281 οὐδὲ
1560 3229 1627 3281 τὰ
1661 3230 1813 3300 παρὰ

244 3319 404 3387 φύσιν,
424 3320 543 3375 ἀλλ’
575 3320 654 3385 ὡς
679 3315 833 3372 εἶπεν
864 3321 891 3372 ὁ
914 3319 1007 3373 τοῦ
1042 3320 1276 3389 Χριστοῦ
1300 3321 1511 3392 μάρτυς
1563 3321 1813 3374 Ἀπόστο-

240 3410 335 3474 λος
376 3414 445 3467 Αἵ
500 3430 565 3467 τε
595 3413 712 3482 γὰρ
772 3412 997 3478 θήλειαι
1028 3412 1226 3466 αὐτῶν
1265 3412 1657 3481 μετήλλαξαν
1698 3412 1814 3481 τὴν

244 3505 492 3572 φυσικὴν
518 3503 753 3573 χρῆσιν
772 3507 856 3571 είς
898 3504 1010 3573 τὴν
1037 3505 1197 3573 παρὰ
1246 3506 1455 3574 φύσινο
1491 3505 1703 3574 ὁμοίως
1745 3503 1813 3556 δὲ

245 3597 331 3648 καὶ
356 3600 403 3650 οὶ
431 3596 708 3666 ᾶρῤενες,
740 3595 993 3665 ἀφέντες
1008 3596 1122 3666 τὴν
1142 3598 1415 3666 φυσικὴν
1448 3597 1673 3667 χρῆσιν
1704 3596 1812 3665 τῆς

248 3689 489 3754 θηλείας,
538 3688 962 3756 ἐξεκαύθησαν
995 3690 1063 3742 ἐν
1116 3688 1189 3757 τῇ
1239 3687 1429 3757 ὀρέξει
1475 3687 1673 3743 αὐτῶν
1728 3690 1813 3753 εἰς

247 3778 559 3848 ἀλλήλους,
603 3780 856 3848 ἇρῤενες
892 3781 961 3833 ἐν
1000 3781 1206 3850 lippam
1237 3781 1350 3848 τὴν
1375 3783 1815 3851 ἀσχημοσύνην

250 3872 736 3942 κατεργαζὶῖμενοι,
802 3872 895 3924 καὶ
956 3872 1068 3938 τὴν
1122 3873 1502 3941 ἀντιμισθίαν
1559 3873 1638 3940 ἣν
1694 3875 1814 3928 ἔδει

254 3957 345 4027 τῆς
378 3961 615 4029 πλάνης
689 3959 907 4027 αὐτῶν,
961 3962 1030 4013 ἐν
1083 3962 1317 4028 ἑαυτοῖς
1362 3963 1817 4032 ἀπολαμϐάνον-

254 4065 332 4114 τες
368 4050 496 4120 (65).

315 4139 359 4193 6.
392 4130 487 4194 Διὰ
507 4142 571 4212 δὴ
611 4139 787 4194 ταῦτα
820 4140 1002 4194 πλεῖον
1028 4141 1120 4194 τοῦ
1158 4142 1389 4195 θανάτου
1420 4145 1811 4215 κρατήσαντος,

259 4234 336 4285 καὶ
360 4232 454 4303 τῆς
485 4234 696 4305 ιρθορᾶς
720 4234 1141 4304 παραμενούσης
1169 4234 1310 4287 κατὰ
1362 4234 1468 4287 τῶν
1491 4235 1811 4306 ἀνθρώπων,

260 4322 308 4375 τὸ
336 4324 425 4393 μὲν
452 4325 559 4378 τῶν
606 4324 911 4396 ἀνθρώπων
941 4325 1095 4394 γένος
1124 4325 1419 4397 ἐφθείρετο·
1454 4327 1483 4379 ὁ
1513 4327 1568 4379 δὲ
1601 4326 1813 4396 λογικὸς

214 4414 219 4419 ’
262 4418 336 4469 καὶ
375 4421 488 4470 κατ’
519 4418 706 4471 εἰκόνα
743 4418 1031 4487 γενόμενος
1060 4418 1342 4488 ἄνθρωπος
1379 4418 1687 4490 ἠφανίζετο·
1720 4420 1813 4472 καὶ

262 4506 309 4558 τὸ
333 4506 427 4560 ὑπὸ
447 4508 539 4562 τοῦ
572 4508 711 4563 Θεοῦ
744 4510 1033 4577 γενόμενον
1056 4510 1215 4581 ἔργον
1246 4510 1643 4587 παραπώλλυτο
1678 4510 1809 4580 (66).

1904 663 2021 734 qui,
2055 673 2113 716 ut
2139 662 2272 725 dixi,
2307 678 2373 715 ex
2410 650 2601 716 natura
2633 661 2849 730 quidem
2892 663 3143 716 mortales
3170 672 3349 727 erant,
3386 664 3479 717 sed

1904 756 2103 826 gratia,
2132 770 2236 822 qua
2279 753 2442 809 Verbi
2481 763 2639 808 erant
2679 755 2991 822 participes,
3027 764 3233 808 natura:
3286 755 3480 809 condi-

1909 846 2112 899 tionem
2146 846 2288 900 haud
2317 846 2478 900 dubie
2509 846 2847 915 eﬂ'ugissent,
2878 846 2922 898 si
2975 846 3102 900 boni
3138 847 3327 915 utique
3354 860 3479 915 per-

1906 938 2254 993 mansissent.
2301 937 2581 1006 Siquidem
2627 945 2848 1005 propter
2885 934 3146 998 Verbum,
3178 938 3320 1005 quod
3358 952 3482 990 cum

1907 1030 2013 1082 illis
2060 1029 2270 1091 fuisset,
2305 1030 2371 1083 ad
2402 1044 2495 1083 eos
2526 1029 2792 1083 naturalis
2835 1027 3110 1096 corruptio
3151 1043 3254 1081 non
3299 1042 3485 1080 acces-

1905 1122 2086 1183 sisset,
2130 1131 2186 1173 ut
2227 1130 2283 1175 et
2326 1119 2599 1190 Sapientia
2649 1123 2732 1176 his
2784 1122 2966 1175 verbis
3019 1129 3246 1174 testatur
3288 1136 3301 1172 :
3348 1118 3487 1172 Deus

1906 1214 2098 1268 creauit
2134 1214 2396 1267 hominem
2448 1224 2502 1268 ut
2544 1215 2883 1282 incorruptus
2933 1225 3085 1281 esset,
3125 1226 3169 1268 et
3202 1214 3484 1283 imaginem

1906 1306 2136 1373 propria:
2167 1306 2479 1359 a'ternitatis
2508 1322 2525 1358 :
2550 1305 2757 1357 inuidia
2780 1316 2955 1359 autem
2994 1306 3194 1358 diaboli
3229 1321 3370 1357 mors
3398 1305 3485 1357 in-

1907 1396 2087 1449 troivit
2137 1396 2192 1449 in
2242 1396 2495 1452 mundum
2537 1398 2607 1451 ".
2639 1395 2755 1462 Quo
2789 1395 3005 1465 quidem
3056 1395 3196 1448 facto
3239 1393 3484 1448 homines

1907 1489 2044 1542 mori
2074 1500 2373 1557 cmperunt,
2417 1489 2779 1556 deincepsque
2809 1499 2993 1541 contra
3024 1488 3142 1540 illos
3165 1487 3333 1556 viguit
3364 1500 3486 1539 cor-

1909 1581 2109 1649 rnptio,
2140 1595 2260 1648 quze
2287 1595 2351 1633 eo
2388 1579 2621 1649 majores
2662 1580 2809 1632 vires
2848 1594 3009 1647 quam
3049 1582 3162 1646 ipsa
3196 1578 3360 1631 etiam
3387 1590 3485 1630 na-

1910 1682 2044 1726 tura:
2103 1672 2341 1725 conditio
2388 1672 2440 1725 in
2485 1671 2796 1726 universum
2851 1684 3023 1739 genus
3082 1670 3304 1733 habuit,
3342 1668 3487 1737 quod

1907 1764 2157 1818 Numinis
2202 1763 2677 1819 comminationem
2718 1763 2787 1816 ob
2815 1763 3064 1816 violatam
3114 1761 3285 1831 legem
3326 1770 3486 1814 antea

1910 1867 2097 1909 contra
2135 1856 2379 1910 homines
2411 1866 2713 1924 acceperat.
2754 1855 2939 1924 Neque
2978 1855 3122 1908 enim
3167 1850 3238 1906 illi
3278 1853 3328 1905 in
3364 1866 3487 1921 pec-

1910 1949 2046 2001 catis
2078 1949 2219 2000 intra
2252 1958 2432 2001 certos
2461 1947 2721 2001 terminos
2756 1948 3069 2008 constitere,
3096 1946 3189 1999 sed
3223 1943 3483 2014 paulatim

1911 2039 2313 2109 progredientes
2340 2079 2354 2103 ,
2388 2054 2602 2093 omnem
2636 2042 2850 2093 modum
2895 2036 3299 2091 transcendere.
3330 2033 3488 2086 Initio

1911 2131 2126 2198 qnidem
2158 2127 2285 2182 facti
2321 2128 2540 2182 malitia:
2576 2128 2906 2192 inventores,
2940 2135 3168 2180 mortem
3200 2132 3255 2178 et.
3298 2139 3487 2177 corru-

1912 2224 2152 2291 ptionem
2199 2220 2457 2274 adversus
2520 2221 2727 2287 seipsos
2774 2225 3253 2289 provocaverunt:
3289 2215 3486 2270 deinde

1912 2329 2039 2367 vero
2077 2314 2129 2367 in
2164 2311 2481 2382 injustitiam
2519 2312 2739 2377 delapsi,
2772 2325 3097 2378 munemque
3145 2308 3484 2377 iniquitatem

1911 2404 2303 2475 praetergressi,
2335 2404 2479 2458 nullo
2523 2406 2576 2457 in
2620 2403 2761 2457 malo
2801 2412 3010 2456 stantes
3034 2401 3128 2455 sed
3165 2400 3319 2454 novis
3349 2412 3484 2452 nova

1911 2497 2097 2551 omnia
2152 2496 2442 2562 addentes,
2474 2494 2807 2549 insatiabiles
2856 2493 2920 2546 ad
2969 2490 3299 2561 peccandum
3357 2490 3486 2543 facti

1912 2600 2056 2644 suun.
2088 2588 2221 2643 llinc
2243 2588 2440 2657 ubique
2468 2597 2654 2656 stupra
2684 2595 2738 2640 et
2776 2584 2915 2639 furta
2948 2593 3105 2639 erant
3133 2601 3146 2636 :
3172 2583 3411 2636 caulibus
3434 2591 3490 2635 et

1915 2683 2115 2752 rapinis
2145 2681 2334 2752 plenus
2362 2691 2478 2734 erat
2500 2681 2796 2751 universus
2825 2687 2967 2732 terra
2980 2694 3095 2731 rum
3119 2675 3287 2740 orbis,
3314 2673 3490 2729 nulla-

1912 2789 2018 2845 que
2070 2774 2153 2828 lex
2203 2773 2539 2841 corruptelas
2567 2781 2621 2826 et
2665 2771 2986 2841 injustitiam
3026 2767 3356 2823 cohibebat:
3394 2766 3489 2819 sed

1911 2864 2093 2919 omnia
2122 2862 2259 2917 mala
2307 2862 2558 2929 privatim
2607 2869 2661 2915 et
2711 2860 2921 2929 publice
2966 2858 3144 2912 cuncti
3184 2854 3492 2911 committe-

1912 2953 2061 3014 bant.
2103 2954 2365 3008 Civitates
2416 2952 2676 3007 adversus
2724 2950 2975 3005 civitates
3008 2947 3142 3002 bella
3182 2947 3483 3016 gerebant;

1912 3056 2100 3116 gentes
2126 3055 2313 3098 contra
2354 3052 2539 3111 gentes
2574 3042 2950 3112 insurgehant,
2975 3048 3120 3093 totus
3147 3038 3375 3105 denique
3405 3050 3491 3089 or-

1912 3134 1995 3188 bis
2043 3134 2237 3203 pugnis
2264 3143 2317 3187 et
2348 3132 2704 3187 seditionibus
2746 3129 3181 3195 discindebatur,
3220 3129 3343 3181 dum
3379 3126 3491 3180 siu-

1914 3225 2020 3293 guli
2058 3229 2109 3278 in
2170 3225 2447 3294 patrandis
2479 3223 2698 3293 ﬂagitiis
2746 3224 3154 3275 contenderent.
3205 3218 3312 3273 Nec
3360 3232 3492 3271 vero

1918 3315 2004 3368 illa
2035 3316 2195 3368 etiam
2232 3330 2349 3382 qua:
2377 3323 2565 3368 contra
2608 3322 2854 3365 naturam
2886 3322 3013 3364 sunt
3059 3310 3265 3365 scelera
3302 3307 3491 3378 procul

1916 3406 1983 3459 ab
2018 3407 2101 3460 his
2127 3416 2303 3467 erant,
2327 3407 2443 3468 sed,
2478 3417 2535 3458 nt
2566 3407 2701 3458 dixit
2729 3405 2929 3460 Christi
2974 3404 3125 3458 testis
3158 3403 3445 3472 Apostolus
3472 3420 3486 3457 :

1918 3497 2152 3551 Femina:
2209 3514 2385 3549 eorum
2446 3497 2848 3555 intntutat'erunt
2890 3497 3187 3549 naturalem
3237 3510 3388 3546 usum
3432 3494 3489 3546 in

1916 3607 2033 3644 eum
2065 3605 2216 3641 usum
2247 3589 2339 3657 qui
2380 3599 2455 3643 est
2504 3600 2687 3643 contra
2728 3599 2992 3642 naturam.
3037 3587 3293 3645 Similiter
3316 3599 3491 3641 autem

1918 3688 1966 3731 et
1994 3680 2234 3741 masculi,
2277 3678 2457 3731 reiieto
2503 3680 2734 3734 naturali
2774 3696 2871 3737 usu
2921 3680 3489 3747 [entince,e:rarset'unt

1916 3775 1970 3825 in
1992 3772 2268 3825 desideriis
2316 3773 2424 3824 suis
2473 3774 2527 3823 in
2580 3772 2820 3833 invicem,
2876 3770 3095 3823 masculi
3133 3770 3197 3825 in,
3228 3768 3487 3821 masculos

1916 3862 2292 3929 turpitudinem
2326 3869 2623 3927 operantcs,
2648 3870 2693 3913 et
2728 3862 3201 3928 mercedem,quam
3236 3859 3487 3927 oportuit,

1914 3956 2107 4010 erroris
2143 3957 2225 4009 sui
2262 3957 2317 4009 in
2356 3957 2641 4025 semetipsis
2672 3958 2972 4025 recipientes
3008 3958 3089 4016 ⁸³.

1985 4149 2093 4225 42
2132 4152 2185 4210 6.
2206 4152 2334 4207 Eam
2370 4154 2440 4209 ob
2469 4166 2785 4211 remmorte
2821 4156 2995 4225 magis
3031 4158 3307 4226 magisque
3341 4156 3491 4210 inva-

1917 4243 2242 4311 lescente,.et
2272 4248 2618 4316 corruptione
2642 4260 2830 4302 contra
2861 4249 3109 4304 homines
3141 4248 3488 4318 persistente,

1917 4335 2130 4405 peribat
2164 4339 2439 4393 hominum
2470 4355 2658 4407 genus,
2691 4341 2911 4409 ipseque
2930 4340 3095 4397 homo
3117 4340 3342 4395 rationis
3371 4357 3496 4409 par-

1919 4428 2089 4496 ticeps
2123 4438 2177 4483 et
2216 4429 2284 4483 ad
2338 4430 2626 4501 imaginem
2665 4433 2837 4488 factus
2883 4434 3170 4497 interibat,
3200 4450 3263 4487 ac
3302 4447 3435 4498 opus
3464 4448 3492 4484 a

1919 4520 2027 4573 Deo
2060 4530 2432 4576 constructum
2462 4523 2860 4579 destt'uebatur.
2894 4523 3011 4580 1am
3041 4526 3207 4589 enim,
3240 4534 3295 4576 ut
3331 4540 3495 4590 supra

263 4597 352 4650 Καὶ
390 4600 491 4672 γὰρ
534 4601 630 4655 καὶ
657 4603 687 4654 ὁ
731 4600 977 4666 θάνατος,
1025 4601 1099 4665 ὡς
1144 4607 1422 4674 προεῖπον,
1450 4604 1598 4673 νόμῳ
1630 4602 1812 4655 λοιπὸν

1921 4612 2096 4675 docui,
2134 4629 2281 4669 mors
2309 4616 2359 4668 vi
2401 4615 2532 4685 legis
2557 4628 2745 4670 contra
2766 4633 2866 4671 nos
2891 4619 3123 4672 maxime
3148 4617 3379 4681 valebat,
3400 4632 3498 4669 nec

264 4687 393 4759 ίσχυε
414 4692 528 4744 καθ’
579 4692 759 4763 ἡμῶν·
806 4692 899 4745 καὶ
940 4693 1039 4762 οὐχ
1062 4687 1173 4746 οἷόν
1200 4711 1258 4745 τε
1284 4689 1351 4764 ἦν
1381 4694 1471 4746 τὸν
1515 4694 1676 4764 νόμον
1722 4696 1813 4747 ἐκ-

264 4782 448 4847 ᾳυγείν,
482 4781 569 4835 διὰ
602 4782 664 4835 τὸ
698 4781 804 4834 ὑπὸ
827 4781 960 4834 Θεοῦ
986 4783 1257 4836 τεθεῖσθαι
1291 4782 1478 4836 τοῦτον
1502 4784 1603 4855 τῆς
1634 4802 1812 4855 παρα-

263 4872 446 4938 θάσεως
471 4876 649 4947 χάριν.
686 4876 796 4929 Καὶ
849 4871 915 4946 ἦν
947 4875 1143 4929 ἄτοπον
1169 4875 1302 4947 ὁμοῦ
1332 4878 1423 4930 καὶ
1468 4878 1713 4949 ἀπρεπὲς
1757 4880 1823 4931 τὸν

262 4964 515 5033 γινόμενον
548 4964 787 5035 ἀληθῶς.
814 4966 1044 5019 Ἄτοπον
1078 4967 1173 5036 μὲν
1211 4966 1319 5037 γὰρ
1352 4963 1418 5037 ἦν
1448 4969 1671 5023 εἰπόντα
1705 4969 1815 5040 (67)

262 5052 337 5105 τὸν
375 5055 497 5109 Θεὸν
543 5056 882 5127 ψεύσασθαι,
942 5055 1081 5108 ὥστε
1135 5058 1599 5129 νομοθετήσαντος
1650 5060 1835 5123 αὐτοῦ,

320 5174 363 5204 ³³
383 5175 503 5246 Sap.
529 5193 589 5239 II,
617 5177 711 5243 9.3,
740 5176 832 5233 24,.
978 5176 1024 5207 ⁸³
1060 5174 1215 5230 Rom.
1245 5194 1286 5243 ι,
1315 5178 1403 5242 26,
1434 5178 1525 5233 27.

342 5329 423 5403 (ii)
445 5332 629 5397 Basil.,
646 5334 863 5403 ἥγγισε.

342 5401 983 5473 62)Gr'.ecns‘Scriptur:e
1028 5412 1206 5457 textus
1250 5404 1447 5470 habet,
1492 5407 1588 5458 καὶ
1633 5406 1820 5460 εἰκόνα

263 5471 351 5545 τῆς
380 5473 507 5536 ἰδίας
540 5471 826 5545 ἰδιότητος
855 5473 1299 5545 ἐποίησενλαύτόν
1318 5513 1331 5536 ,
1372 5477 1653 5543 imaginem
1697 5494 1821 5542 pro-

267 5544 389 5615 prio;
414 5543 740 5610 proprietatis
774 5544 894 5615 fecit
927 5560 1064 5615 eum.
1116 5543 1377 5614 Vulgata,
1424 5547 1491 5598 ad
1539 5547 1816 5615 imaginem

269 5612 607 5682 similitudinis
636 5630 749 5667 sum
780 5613 902 5682 fecit
928 5614 1098 5668 illum.

330 5680 436 5802 365)
461 5680 805 5753 Anglicanus,
833 5682 1231 5753 ἐξεληλύθασιν.
1268 5684 1376 5737 Καί
1408 5700 1523 5753 seq.
1557 5685 1711 5738 abest
1758 5685 1825 5739 ab

361 5766 460 5802 em.

270 5764 460 5804 εοιιειιι.

335 5820 439 5894 (βξ)
466 5820 556 5894 §ic
577 5820 816 5894 _Seguer.
837 5818 971 5894 __Alii_
994 5837 1124 5894 vero
1149 5840 1268 5876 cum
1304 5823 1785 5894 οόίιίςηὲγείρετο.

331 5888 433 5958 (65)
465 5888 551 5946 Sic
573 5888 815 5962 signem,
836 5890 1020 5957 Basll.,
1041 5891 1254 5949 Goirler.
1286 5904 1337 5949 et
1372 5888 1605 5949 Feb-km.
1644 5888 1663 5947 i
1710 5908 1830 5958 an.,

1921 4701 2076 4757 vitari
2110 4711 2321 4771 poterat
2357 4704 2442 4759 lex
2476 4705 2801 4777 illa,quippe
2829 4723 2947 4778 qua:
2974 4727 3003 4763 a
3032 4710 3141 4763 Deo
3176 4709 3499 4778 pracvarica-

1925 4793 2084 4849 tionis
2112 4811 2273 4850 causa
2311 4796 2488 4852 fuerat
2518 4801 2788 4869 imposita.
2826 4801 2955 4868 Qua:
2986 4818 3074 4857 res
3104 4801 3496 4857 saneabsnrda

1922 4887 2161 4942 simulet
2199 4888 2452 4943 indecora
2498 4891 2619 4947 fuit.
2656 4892 2789 4948 Nam
2839 4895 3128 4950 absurdum
3178 4903 3295 4946 erat
3330 4893 3496 4947 Deum

1922 4976 2233 5046 loquentem
2260 4982 2501 5047 mentiri,
2526 4986 2569 5039 si
2607 5001 2799 5056 nempe
2823 4985 2932 5042 Deo
2964 4986 3233 5047 hominem
3266 4986 3310 5040 si
3343 5002 3497 5039 man-

1924 5069 2107 5123 dalum
2139 5072 2370 5130 violaret
2399 5079 2535 5130 mori
2560 5086 2851 5141 statuente,
2885 5076 3085 5132 violato
3113 5078 3362 5130 mandato
3391 5090 3497 5129 non

1927 5348 2085 5408 atque
2109 5340 2180 5395 ita
2214 5341 2415 5410 legitur
2440 5343 2493 5395 in
2525 5343 2714 5397 Graeco
2762 5340 2821 5396 S.
2852 5341 3142 5410 Scriptum
3176 5344 3324 5389 textu
3362 5351 3374 5387 :
3405 5333 3496 5385 alii

1926 5424 2056 5464 vero
2086 5426 2204 5465 cum
2231 5414 2411 5478 editis,
2440 5413 2825 5473 ἀπολαϐόντες.

1995 5478 2109 5547 (66)
2143 5477 2640 5550 Seguer.,Gobler.
2679 5493 2733 5537 et
2782 5478 3019 5550 Feb-lem.
3055 5477 3079 5528 l
3133 5487 3319 5535 auom,
3354 5488 3498 5550 παρ-

1926 5545 2632 5609 απώλλετοῖὶῡίιιϐοὒιετ.
2677 5565 2732 5605 et
2769 5548 3008 5603 Felcktn.
3049 5550 3071 5596 1
3127 5556 3288 5596 anon.
3340 5545 3500 5593 omit-

1926 5629 2046 5675 tunt
2081 5622 2175 5675 καὶ
2208 5621 2335 5693 γάρ,
2366 5638 2483 5690 quae
2519 5638 2616 5675 nec
2660 5619 2912 5693 exprimit
2954 5614 3197 5693 Nannius
3228 5610 3361 5693 salii
3398 5627 3498 5693 att-_

1930 5699 2034 5743 tem
2074 5708 2192 5745 cum
2219 5680 2396 5745 'ethtis'
2438 5693 2670 5755 habent,
2711 5680 2763 5741 et
2802 5687 3046 5753 legerunt
3086 5680 3420 5738 Omnibonus
3445 5690 3502 5737 et

1930 5760 2250 5815 Ambrosius
2272 5761 2515 5815 Cautald.

1999 5831 2110 5899 (67)
2140 5833 2484 5899 Anglicanus,
2523 5830 2754 5884 'Atorcov
2781 5824 2887 5895 γὰρ
2915 5822 2979 5877 ἂν
3007 5823 3111 5893 εἴη.
