4006 6512
482 443 585 497 107

1042 441 1102 499 S.
1146 441 1514 497 ATHANASII
1553 441 1702 495 OPP.
1744 437 1922 493 PARS
1960 438 2000 491 Ι.
2044 468 2110 481 ——
2147 436 2514 494 HISTORICA
2550 435 2639 491 ΕΤ
2680 436 3099 493 DUGMATICA.

3634 437 3735 491 108

483 572 806 625 moreretur,
853 562 949 617 sed
1003 562 1190 617 irritus
1219 563 1374 617 fieret
1400 563 1516 631 ejus
1553 576 1751 617 sermo.
1771 558 2050 629 Siquidem

2157 556 2369 626 Θανάτῳ
2385 554 2753 628 ἀποθνήσκειν
2779 555 2868 609 τὸν
2902 556 3214 626 ἄνθρωπον,
3237 557 3285 607 εἰ
3310 553 3597 627 παραϐαίη
3640 554 3737 624 τὴν

480 670 644 709 verax
690 653 832 709 Deus
875 669 978 707 non
1026 654 1235 721 fuisset,
1277 655 1320 707 si
1377 654 1465 707 illo
1512 668 1609 707 nos
1654 651 1948 706 umrituros
1975 650 2055 704 di—

476 752 657 807 cente,
689 745 849 799 homo
895 761 999 800 non
1057 756 1380 800 moreretur.
1420 746 1537 798 Alia
1576 755 1755 799 autem
1803 759 1868 798 ex
1900 753 2054 812 parte

477 835 795 892 indecorum
834 848 950 891 erat
993 854 1079 892 res
1118 838 1341 893 rationis
1377 847 1655 905 compotes
1684 848 1737 890 et
1772 836 1929 892 Verbi
1960 836 2052 890 Dei

476 928 648 983 semel
671 928 842 983 factas
878 929 1172 1000 participes
1205 928 1453 986 interire.
1488 943 1782 997 rursusque
1826 928 1879 982 in
1914 928 2048 982 nihi-

478 1024 587 1079 lum
617 1027 960 1096 corruptione
1000 1026 1217 1082 reverti.
1249 1024 1439 1078 Divina
1468 1024 1610 1079 enim
1641 1022 1878 1077 bonitate
1914 1022 2051 1076 indi-

477 1133 640 1188 gnum
666 1133 891 1188 prorsus
908 1127 1026 1172 erat
1053 1134 1141 1174 res
1161 1135 1188 1172 a
1225 1118 1332 1173 Deo
1358 1117 1546 1180 factas,
1568 1116 1640 1170 ob
1668 1116 2048 1190 fraudt;m,qua

477 1210 722 1266 homines
767 1210 1010 1265 diabolus
1062 1211 1441 1272 circumvenit,
1484 1212 1707 1264 destrui.
1762 1208 1819 1263 ln
1864 1209 2050 1278 primis

476 1316 605 1357 vero
624 1303 937 1368 dedecebat,
963 1303 1057 1359 Dei
1089 1313 1259 1358 artem
1293 1305 1346 1357 in
1378 1303 1687 1358 hominibus
1720 1303 1803 1356 vel
1834 1313 2053 1371 propter

476 1394 688 1450 illorum
725 1396 990 1451 incuriam
1027 1397 1110 1451 vel
1161 1406 1381 1467 propter
1405 1397 1711 1452 daemonum
1748 1394 1925 1449 dolum
1958 1395 2051 1448 de-

476 1486 596 1541 leri.
636 1486 824 1557 Itaque
856 1487 1166 1543 hominibus
1203 1488 1551 1556 pereuntibus
1590 1486 1889 1553 talibusque
1918 1498 2048 1551 ope-

475 1580 627 1633 ribus
673 1579 727 1632 in
757 1578 978 1633 exitium
1003 1579 1339 1647 labentibus,
1365 1578 1494 1649 quid
1524 1579 1686 1633 Deum
1710 1618 1724 1641 ,
1755 1577 1843 1645 qui
1880 1575 2050 1629 bonus

474 1677 578 1735 est,
614 1669 796 1723 facere
825 1669 1156 1739 oportebat?
1185 1671 1265 1724 An
1310 1670 1492 1724 sinere
1532 1678 1591 1721 ut
1631 1668 1908 1738 corruptio
1955 1667 2050 1725 ad-

474 1776 673 1815 versus
726 1761 842 1816 illos
875 1763 1077 1815 valeret
1124 1771 1178 1817 et
1214 1778 1360 1816 mors
1407 1762 1489 1816 eis
1520 1760 1945 1815 dominaretur?
1981 1760 2051 1819 At

474 1852 605 1922 quid
641 1852 934 1922 profuisset
984 1853 1107 1907 illos
1152 1853 1220 1908 ab
1262 1853 1418 1906 initio
1456 1852 1633 1907 factos
1662 1866 1782 1906 esse
1815 1852 1838 1904 ?
1866 1850 2049 1906 Satius

2155 646 2392 719 ἐντολὴν,
2443 648 2582 718 μετά
2610 647 2708 718 τὴν
2736 647 3047 718 παράϐασιν
3074 645 3149 718 μὴ
3173 645 3557 717 ἀποθνήσκειν,
3602 645 3737 699 ἀλλά

2152 738 2374 794 λύεσθαι
2395 741 2487 795 τὸν
2507 738 2695 793 τούτου
2730 740 2903 808 λόγον.
2934 740 3047 793 Ούκ
3074 739 3278 811 ἀληθὴς
3306 740 3416 811 γὰρ
3444 735 3561 811 ἧνὸ
3582 739 3735 801 Θεὸς,

2154 833 2223 897 εἰ,
2251 833 2494 896 εἰπόντος
2514 833 2677 887 αὑτοῦ
2702 833 3063 904 ἀποθνήσκειν
3090 833 3256 904 ἡμᾶς,
3288 832 3363 904 μὴ
3392 832 3737 902 ἀπέθνησκεν

2152 924 2181 981 ὁ
2212 924 2513 995 ἄνθρωπος.
2532 926 2803 997 Ἀπρεπὲς
2830 926 2887 978 δὲ
2916 920 2985 995 ἦν
3017 923 3177 976 πάλιν
3204 923 3273 979 τὰ
3301 923 3449 989 ἅπαξ
3468 923 3738 994 γενόμενα

2153 1015 2344 1084 λογικά
2365 1017 2460 1073 καὶ
2488 1016 2583 1070 τοῦ
2613 1016 2786 1085 Λόγου
2810 1015 2977 1070 αὑτοῦ
3011 1017 3343 1087 μετασχόντα
3377 1015 3737 1087 παραπόλλυ-

2155 1108 2300 1175 σθαι,
2345 1110 2438 1162 καὶ
2489 1110 2649 1164 πάλιν
2679 1112 2757 1174 εἰς
2796 1109 2856 1163 τὸ
2881 1110 2955 1181 μὴ
2984 1105 3120 1163 εἶναι
3153 1108 3240 1163 διά
3259 1109 3357 1179 τῆς
3380 1109 3587 1180 φθορᾶς
3616 1111 3739 1161 ἐπι·
3848 1172 3865 1185 κ

2154 1202 2426 1273 στρέφειν.
2455 1203 2569 1256 Οὐκ
2597 1201 2744 1267 ἀξιον
2776 1198 2975 1273 γὰρῆν
3017 1202 3115 1273 τῆς
3136 1199 3736 1273 ἀγαθωητκςρῇςθεοῦ

2150 1294 2218 1347 τὰ
2252 1294 2343 1347 ὐπ’
2370 1292 2535 1363 αὑτοῦ
2580 1294 2848 1364 γενόμενα
2881 1293 3286 1365 διαφθείρεσθαι
3311 1292 3401 1347 διά
3432 1294 3535 1365 τὴν
3584 1291 3740 1363 παρά

2150 1385 2516 1455 τοῦνδιαὸόλου
2536 1389 2844 1461 γενομένην
2869 1392 2981 1452 τοῖς
3012 1388 3321 1455 ἀνθρώποις
3345 1387 3581 1459 ἀπάτην.
3611 1387 3740 1439 ’Λλ-
3766 1416 3769 1423 λ
3854 1380 3861 1391 ’

2151 1478 2256 1543 λως
2280 1498 2339 1534 τε
2364 1483 2458 1535 καὶ
2474 1482 2582 1534 τῶν
2610 1482 3037 1553 ἀπρεπεστάτων
3061 1476 3128 1552 ἦν
3151 1482 3251 1550 τὴν
3264 1480 3359 1532 τοῦ
3383 1479 3519 1532 Θεοῦ
3539 1479 3741 1550 τέχνην

2150 1573 2209 1625 ὲν
2264 1576 2377 1636 τοῖς
2434 1573 2745 1644 ἀνθρώποις
2788 1572 3146 1642 ἀφανίζεσθαι
3200 1572 3235 1643 ἢ
3284 1572 3371 1626 διὰ
3413 1572 3510 1643 τὴν
3553 1571 3738 1625 αὐτῶν

2150 1666 2411 1736 ἀμέλειαν
2431 1667 2463 1737 ἢ
2484 1664 2573 1720 διά
2603 1666 2701 1738 τὴν
2729 1666 2836 1719 τῶν
2861 1666 3128 1736 δαιμόνων
3169 1664 3406 1736 ἀπάτην.
3441 1663 3739 1736 Φθειρομέ-

2150 1773 2255 1811 νων
2296 1755 2475 1809 τοίνυν
2513 1756 2623 1810 τῶν
2652 1756 2883 1825 λογικῶν
2917 1756 3013 1808 καὶ
3071 1754 3575 1824 παραπολλυμένων
3626 1750 3736 1804 τῶν

2149 1850 2406 1904 τοιούτων
2430 1848 2628 1921 ἔργων,
2658 1850 2712 1903 τί
2743 1852 2834 1903 τὸν
2867 1850 2999 1903 Θεὸν
3025 1848 3130 1902 ἔδει
3158 1851 3331 1901 ποιεῖν
3350 1846 3555 1915 ἀγαθὸν
3576 1847 3735 1911 ὄντας

474 1943 617 1997 enim
674 1952 794 1997 erat
828 1959 922 1998 eos
956 1944 1178 1999 omnino
1225 1959 1329 1998 non
1370 1944 1516 2008 fieri,
1557 1959 1719 2014 quam
1754 1942 1927 1999 factos
1958 1959 2051 1997 ne-

2166 1943 2405 2011 Ἀφεῖναι
2451 1943 2551 2015 τὴν
2609 1942 2815 2014 φθοράν
2847 1944 2965 1995 κατ’
2997 1940 3176 1995 αὐτῶν
3236 1939 3459 2009 ίσχύειν,
3511 1940 3605 1992 καί
3646 1939 3739 1991 τὸν

474 2036 601 2108 gligi
636 2048 690 2090 et
736 2036 980 2092 interire.
1016 2037 1294 2106 Siquidem
1353 2036 1661 2106 hujusmodi
1726 2036 2049 2106 negligentia

474 2126 814 2182 infirmitatis
862 2128 955 2182 Dei
1009 2143 1114 2182 non
1167 2128 1432 2182 bonitatis
1462 2128 1637 2197 malus
1671 2127 1863 2181 fuisset
1895 2143 2055 2197 argu-

473 2218 808 2283 mentum,si
841 2218 1095 2274 nimirum
1121 2233 1256 2288 opus
1286 2219 1429 2287 quod
1454 2216 1660 2272 fecerat
1694 2217 1898 2270 destrui
1929 2232 2055 2286 per.

474 2310 738 2374 misisset,
769 2325 935 2379 quam
977 2310 1027 2365 si
1068 2310 1345 2365 hominem
1386 2310 1454 2365 ab
1500 2308 1656 2363 initio
1695 2308 1911 2379 penitus
1950 2323 2055 2362 non

475 2403 711 2458 fecisset.
747 2402 808 2457 Si
844 2403 987 2457 enim
1035 2418 1140 2457 non
1173 2402 1418 2459 fecisset.
1452 2401 1632 2456 nullus
1669 2409 1815 2455 esset
1857 2401 1948 2469 qui
1981 2401 2047 2455 de

475 2494 790 2549 infirmitate
818 2494 1082 2563 cogitaret
1110 2511 1124 2547 ι
1163 2504 1242 2559 at,
1276 2503 1563 2563 postquam
1588 2492 1736 2547 illum
1769 2491 1896 2546 fecit
1917 2500 1972 2545 et
1997 2500 2055 2546 ut

472 2594 621 2641 esset
643 2584 872 2650 creavit,
901 2599 1038 2654 opus
1060 2586 1238 2655 perire
1260 2584 1562 2655 praesertim
1585 2584 1640 2638 in
1673 2583 1843 2653 ipsius
1868 2591 2055 2637 aucto-

474 2678 551 2733 ris
576 2687 871 2747 conspectu
896 2692 984 2732 res
1014 2675 1205 2733 fuisset
1226 2676 1582 2746 perabsurda.
1613 2673 1801 2744 Itaque
1827 2689 1923 2743 par
1947 2674 2055 2729 Deo

477 2784 585 2825 non
609 2777 730 2824 erat
753 2768 934 2824 sinere
958 2769 1210 2825 homines
1245 2769 1297 2825 in
1324 2767 1734 2837 corruptionem
1772 2765 1899 2832 labi,
1929 2766 2053 2835 quia

475 2862 532 2916 id
565 2861 883 2919 indecorum
911 2871 967 2918 et
1006 2862 1285 2931 indignum
1323 2861 1519 2915 divina:
1552 2858 1813 2915 bonitatis
1842 2866 1979 2912 erat.

2150 2034 2376 2088 θάνατον
2402 2035 2581 2089 αὐτῶν
2602 2038 2854 2106 κρατεῖν;
2880 2036 2988 2089 Καὶ
3015 2035 3099 2098 τίς
3125 2036 3157 2105 ἡ
3190 2036 3347 2106 χρεία
3383 2034 3493 2106 (68)
3525 2032 3621 2085 τοῦ
3646 2033 3738 2085 καὶ

2151 2125 2208 2191 ἐξ
2235 2126 2409 2196 ἀρχῆς
2432 2125 2572 2179 αύτά
2621 2126 2908 2194 γενέσθαι;
2946 2126 3097 2180 Ἔδει
3125 2127 3232 2198 γάρ
3268 2126 3341 2198 μὴ
3370 2125 3648 2195 γενέσθαι,
3702 2124 3735 2195 ἢ

2151 2218 2415 2288 γενόμενα
2456 2218 2564 2288 (69)
2592 2219 3042 2291 παραμεληθῆναι
3077 2220 3171 2273 καὶ
3193 2218 3508 2273 ἀπολέσθαι.
3555 2217 3741 2271 Ἀσθέ-

2153 2326 2271 2362 νεια
2300 2309 2408 2380 γάρ
2443 2310 2642 2382 μᾶλλον
2698 2312 2792 2364 καὶ
2824 2312 2922 2365 οὐκ
2947 2311 3219 2384 ἀγαθότης
3256 2314 3319 2365 ὲκ
3350 2312 3449 2383 τῆς
3480 2310 3741 2382 ἀμελείας

2154 2400 2478 2471 γινώσκεται
2510 2403 2603 2457 τοῦ
2650 2403 2807 2470 Θεοῦ,
2863 2406 2911 2457 εί
2941 2407 3174 2476 ποιήσας
3206 2407 3423 2476 παρορᾷ
3461 2404 3743 2476 φθαρῆναι

2153 2493 2215 2546 τὸ
2237 2494 2430 2547 ἑαυτοῦ
2471 2494 2651 2564 ἔργον,
2686 2494 2829 2566 ἥπερ
2851 2496 2898 2547 εἰ
2926 2495 3001 2565 μὴ
3032 2495 3298 2565 πεποίηκε
3334 2493 3445 2565 (70)
3474 2494 3619 2548 κατά
3639 2492 3739 2563 τὴν

2154 2583 2328 2655 ἀρχὴν
2352 2584 2442 2637 τὸν
2473 2584 2776 2655 ἀνθρωπον.
2809 2584 2900 2656 Μὴ
2930 2586 3255 2655 ποιήσαντος
3298 2585 3395 2656 μὲν
3417 2584 3528 2656 γὰρ
3557 2586 3659 2638 ούκ
3674 2581 3741 2655 ἦν

2128 2676 2181 2727 ιὸ
2202 2675 2548 2747 λογιζόμενος
2580 2678 2680 2749 τὴν
2706 2676 3006 2731 ἀσθένειαψ
3062 2680 3387 2747 ποιήσαντος
3418 2677 3474 2729 δὲ
3517 2676 3614 2729 καὶ
3662 2678 3742 2740 εἰς

2153 2767 2214 2820 τὸ
2263 2763 2400 2821 εἶναι
2456 2770 2761 2835 κτίσαντος,
2801 2770 3149 2825 ἀτοπώτατον
3198 2766 3265 2841 ἦν
3292 2770 3627 2825 ἀπόλλυσθαι
3673 2772 3746 2824 τά

2154 2859 2310 2932 ἔργα,
2339 2863 2433 2917 καὶ
2465 2863 2700 2931 μάλιστα
2726 2865 2810 2917 ἐπ’
2841 2863 2958 2933 ὄψει
2991 2862 3085 2916 τοῦ
3116 2862 3494 2932 πεποιηκότος.
3529 2860 3746 2914 Οὐκοῦν

475 2956 582 3011 ἔδει
607 2958 733 3022 τοὺς
755 2956 1073 3029 ἀνθρώπους
1102 2957 1177 3028 μὴ
1220 2954 1437 3025 ἀφιέναι
1488 2952 1748 3025 φέρεσθαι
1768 2956 1833 3024 τῇ
1867 2953 2060 3025 φθορᾷ,
2099 2954 2185 3008 διὰ
2216 2955 2276 3008 τὸ
2303 2956 2548 3028 ἀπρεπὲς
2571 2958 2665 3011 καὶ
2708 2957 2922 3024 ἀνάξιον
2962 2953 3100 3010 εἶναι
3131 2954 3288 3009 τοῦτο
3328 2954 3429 3026 τῆς
3468 2953 3563 3007 τοῦ
3604 2953 3744 3006 Θεοῦ

473 3056 827 3127 ἀγαθότητος.

543 3149 596 3204 ⁸1.
634 3147 861 3233 Verum,
886 3149 1338 3223 quemadmodum
1373 3150 1446 3205 ita
1472 3165 1586 3205 rem
1609 3164 1730 3205 esse
1778 3149 2002 3204 decebat
2034 3166 2051 3201 :

2227 3146 2278 3199 7.
2315 3144 2454 3197 Ἀλλ’
2488 3143 2677 3215 ὥσπερ
2704 3142 2809 3196 ἔδει
2853 3144 3011 3196 τοῦτο
3035 3142 3305 3211 γενέσθαι,
3336 3141 3481 3196 οὕτω
3533 3140 3628 3195 καὶ
3676 3140 3740 3191 ὲκ

472 3242 553 3296 sic
589 3256 776 3297 rursus
803 3257 835 3297 e
866 3242 1165 3309 contrario,
1200 3241 1314 3297 Deo
1346 3257 1562 3315 quoque
1604 3242 1959 3297 conveniebat
2000 3242 2053 3296 in

475 3333 594 3406 lege
616 3348 779 3404 quam
814 3335 881 3388 de
911 3343 1086 3389 morte
1121 3335 1318 3390 tulerat
1350 3318 1598 3390 veracem
1631 3334 1823 3388 videri.
1851 3334 2054 3388 Absur-

474 3426 602 3480 dum
636 3413 785 3481 enim
830 3426 1024 3481 fulsset
1068 3426 1234 3481 Deum
1290 3426 1541 3481 veritatis
1589 3435 1822 3496 patrem,
1857 3432 2054 3479 nostrae

477 3518 731 3578 utilitatis
764 3529 817 3575 et
845 3520 1277 3588 conservationis
1306 3535 1468 3574 causa
1499 3506 1818 3574 mendacem
1858 3517 2051 3573 videri.

478 3611 616 3687 Quid
639 3613 807 3681 igitur
828 3612 930 3667 hac
948 3612 999 3667 in
1024 3627 1084 3665 re
1111 3612 1226 3667 fieri
1246 3611 1506 3680 oportuit,
1531 3611 1617 3665 vel
1644 3610 1773 3681 quid
1808 3610 1897 3665 hic
1928 3626 2055 3681 οδες

479 3687 537 3759 re
568 3688 709 3771 Deus
730 3703 960 3772 debuit!
986 3702 1141 3773 Legis
1167 3688 1450 3772 perfracta:
1467 3702 1839 3771 ptenitentiam
1864 3702 1931 3757 ab
1952 3705 2053 3759 ho-

478 3796 715 3860 minibus
735 3795 953 3867 exigere
981 3795 1005 3861 ’ἒ
1030 3794 1084 3848 ld
1108 3794 1252 3849 enim
1276 3794 1385 3851 Deo
1414 3793 1637 3864 dignum
1664 3810 1785 3850 esse
1815 3810 1923 3851 non
1954 3796 2057 3850 im-

479 3888 677 3943 merito
698 3886 818 3956 quis
840 3870 1059 3949 dixerit,
1079 3894 1137 3939 ut
1167 3886 1622 3957 quemadmodum
1651 3903 1719 3942 ex
1750 3896 2055 3958 transgres«

477 3979 636 4033 sione
670 3977 1245 4048 corruptionisubjecti
1277 3977 1513 4044 fuerunt,
1540 3980 1618 4034 sic
1641 3995 1706 4034 ex
1737 3980 2054 4049 paenitentia

479 4069 777 4139 incorrupti
796 4069 988 4124 iterum
1009 4070 1220 4124 flerent.
1247 4070 1409 4140 Atqui
1441 4085 1619 4140 neque
1652 4071 1967 4140 poenitentia
2003 4072 2054 4126 id

502 4159 649 4224 quod
680 4158 792 4214 Deo
832 4159 1090 4215 decorum
1127 4169 1212 4215 est
1235 4161 1510 4227 servabat,
1543 4164 1978 4233 quandoquidem
2011 4163 2055 4217 si

482 4261 712 4307 mortem
725 4250 1318 4323 hominesefl'ugisscut,
1340 4252 1478 4307 Deus
1493 4268 1597 4307 non
1612 4267 1771 4308 verax
1792 4253 2060 4308 nihilomi-

481 4360 583 4398 nus
634 4344 951 4409 mansisset,
997 4357 1178 4414 neque
1244 4344 1410 4398 etiam
1467 4344 1786 4414 pteniteutia
1850 4354 2061 4398 natura:

480 4436 847 4494 rouditionem
873 4436 1055 4503 solvit,
1121 4437 1215 4491 sed
1241 4445 1451 4491 tantum
1477 4452 1504 4488 a
1535 4435 1774 4506 peccatis
1818 4445 2055 4491 coercet.

2155 3239 2263 3296 τῶν
2290 3237 2546 3292 ἐναντίων
2575 3237 2735 3293 πάλιν
2775 3236 3074 3290 ἀντίκειται
3107 3236 3166 3289 τὸ
3199 3236 3336 3307 πρὸς
3360 3235 3452 3287 τὸν
3488 3234 3625 3287 Θεὸν
3648 3231 3741 3285 εὖ-

2153 3331 2331 3401 λογον,
2361 3330 2500 3383 ὥστε
2526 3330 2697 3401 ἀληθῆ
2730 3330 2965 3399 φανῆναι
3010 3328 3103 3381 τὸν
3131 3328 3261 3381 Θεὸν
3298 3326 3410 3397 (71)
3440 3329 3496 3379 ὲν
3518 3329 3585 3396 τῇ
3616 3324 3743 3396 περὶ

2153 3425 2245 3478 τοῦ
2273 3424 2503 3478 θανάτου
2534 3422 3087 3494 νομοθεσίᾳ.’¹Ατοπον
3112 3421 3220 3492 γὰρ
3243 3416 3311 3491 ἦν
3338 3419 3427 3473 διὰ
3458 3419 3560 3491 τὴν
3584 3418 3743 3490 ἡμῶν

2154 3517 2419 3589 ὠφέλειαν
2437 3516 2532 3569 καὶ
2552 3514 2811 3586 διαμονὴν
2846 3514 3085 3586 ψεύστην
3118 3514 3349 3585 φανῆναι
3368 3513 3459 3566 τὸν
3480 3512 3583 3583 τῆς
3605 3512 3741 3582 ἀλη-

2157 3592 2307 3672 θείας
2342 3608 2554 3679 πατὲρα
2575 3607 2728 3661 Θεόν.
2759 3605 2824 3659 Τί
2857 3601 2951 3659 οὖν
2981 3605 3087 3658 ἔδει
3117 3607 3211 3658 καὶ
3267 3606 3394 3676 περὶ
3426 3604 3622 3658 τούτου
3651 3620 3745 3672 γε-

2155 3700 2395 3771 νέσθαιῆ
2430 3700 2653 3770 ποιῆσαι
2674 3699 2765 3751 τὸν
2821 3695 2986 3759 Θεόν;
3015 3696 3318 3749 Μετάνοιαν
3345 3695 3439 3748 ἐπὶ
3466 3698 3533 3766 τῇ
3565 3711 3744 3767 παρα·

2156 3792 2314 3846 δάσει
2340 3794 2466 3856 τοὺς
2494 3790 2811 3863 ἀνθρώπους
2840 3790 3173 3861 ἀπαιτῆσαις
3204 3787 3375 3841 Τοῦτο
3418 3787 3528 3858 γάρ
3566 3787 3634 3841 ἀν
3662 3804 3744 3850 τις

2155 3884 2305 3950 ἄξιον
2331 3886 2521 3956 φήσειε
2565 3882 2723 3948 Θεοῦ,
2758 3882 2953 3951 λέγων,
2978 3883 3080 3946 ὃτι,
3112 3881 3301 3951 ὥσπερ
3329 3880 3393 3932 ἐκ
3424 3880 3526 3954 τῆς
3562 3896 3745 3950 παρα-

2158 3979 2369 4040 ϐάσεως
2397 3978 2476 4041 είς
2493 3976 2695 4048 φθοράν
2716 3976 3023 4045 γεγόνασιν,
3043 3975 3216 4038 οὕτως
3236 3977 3299 4027 ὲκ
3316 3974 3415 4045 τῆς
3450 3966 3748 4044 μετανοίας

2156 4073 2398 4141 γένοιντο
2431 4071 2543 4138 (72)
2570 4070 2729 4124 πάλιν
2760 4069 2826 4123 ἂν
2853 4070 2934 4133 εἰς
2957 4062 3285 4141 ἀφθαρσίαν.
3321 4065 3459 4118 Ἀλλ’
3491 4066 3525 4136 ὴ
3580 4064 3751 4135 μετά-

2157 4181 2276 4218 νοια
2325 4163 2448 4217 οὔτε
2499 4164 2561 4216 τὸ
2594 4162 2811 4232 εὔλογον
2839 4163 2901 4215 τὸ
2956 4160 3089 4233 πρὸς
3137 4160 3228 4213 τὸν
3255 4159 3388 4212 Θεὸν
3417 4158 3737 4227 ἐφύλαττεν

2158 4257 2317 4329 ἔμενε
2363 4258 2472 4330 γὰρ
2521 4256 2683 4309 πάλιν
2718 4257 2818 4310 οὐκ
2871 4255 3095 4326 ἀληθὴς,
3138 4253 3211 4325 μὴ
3250 4253 3642 4325 κρατουμένων
3691 4252 3750 4303 ὲν

2157 4349 2235 4420 τῷ
2266 4349 2481 4420 θανάτῳ
2526 4348 2636 4402 τῶν
2670 4347 2991 4419 ἀνθρώπων·
3030 4346 3153 4400 οὔτε
3207 4346 3262 4398 δὲ
3289 4347 3321 4415 ἡ
3352 4345 3615 4416 μετάνοια
3643 4342 3753 4397 ἀπὸ

2159 4444 2268 4501 τῶν
2287 4442 2427 4496 κατά
2462 4442 2623 4510 φύσιν
2645 4441 3016 4507 ἀνακαλεῖται,
3048 4438 3183 4493 ἀλλά
3234 4439 3393 4510 μόνον
3422 4436 3591 4505 παύει
3641 4436 3753 4489 τῶν

482 4527 657 4599 Uade,
688 4528 732 4584 si
753 4528 925 4583 solum
956 4528 1149 4584 fuisset
1182 4539 1488 4598 peccaturo,
1514 4543 1613 4582 nec
1636 4528 1912 4597 corruptio
1937 4528 2053 4583 sub

2162 4509 2593 4604 ἁμαρτημάτων.
2624 4531 2693 4604 El.
2714 4531 2811 4601 μὲν
2841 4525 2934 4584 οὖν
2965 4530 3123 4601 μόνον
3145 4524 3213 4600 ἦν
3239 4509 3631 4601 πλημμέλημα
3660 4527 3756 4585 καὶ

478 4630 664 4678 secuta
692 4620 909 4689 fuisset,
939 4630 1089 4678 recte
1131 4620 1219 4676 hic
1258 4620 1435 4676 locum
1480 4620 1762 4676 habuisset
1786 4620 2056 4689 pmniten—

483 4715 591 4780 tia;-
624 4714 719 4769 sed
759 4715 849 4769 ubi
903 4722 1182 4783 praeeunte
1231 4714 1683 4783 transgressione,
1718 4713 1970 4767 homines
2003 4713 2057 4766 in

478 4805 880 4874 corruptionem
918 4812 1127 4859 natura:
1159 4805 1393 4860 debitam
1438 4805 1806 4867 incurrerunt,
1832 4814 1887 4859 et
1919 4805 2059 4859 divi-

483 4912 567 4950 me
613 4896 989 4952 similitudinis
1040 4897 1214 4965 gratia
1273 4896 1487 4967 spoliati
1534 4905 1680 4962 sunt,
1708 4896 1841 4967 quid
1889 4896 2058 4962 aliud,

480 5003 685 5057 quaeso,
723 4986 836 5042 fieri
870 4988 1251 5057 oportuitivel
1277 4988 1558 5057 cujusnam
1588 5002 1753 5057 opera
1778 4988 1842 5044 ad
1874 4988 2061 5060 hujus-

484 5081 626 5133 modi
674 5080 905 5149 gratiam
951 5089 1006 5135 et
1060 5082 1509 5138 instaurationem
1556 5083 1918 5152 prastandam
1969 5098 2064 5136 ne-

480 5171 718 5226 cessaria
746 5172 867 5239 fuit,
895 5174 998 5228 nisi
1038 5173 1132 5229 Dei
1168 5174 1354 5238 Verbi,
1384 5190 1413 5226 a
1445 5188 1552 5242 quo
1580 5174 1765 5228 omnia
1791 5190 1857 5229 ex
1894 5176 2063 5230 nihilo

695 5284 792 5368 §ic
818 5300 1008 5368 omnes
1042 5302 1180 5368 mss.
1208 5286 1353 5368 Editi
1380 5298 1583 5368 anutetn,
1616 5289 1648 5358 ὴ
1666 5287 1827 5368 χρεία
1852 5289 1955 5352 τίς.

554 5356 668 5423 (69)
693 5356 946 5426 Segucr.,
963 5355 1275 5412 Gobleriau.
1307 5365 1361 5409 et
1384 5355 1897 5423 Felckunl'auou"
1923 5358 2068 5429 γινό-

526 5440 641 5478 ενα.

484 5442 666 5573 μεῖῗίὲ)
697 5496 1264 5573 ξὲεηετςβιᾉηειῖῇν
1294 5498 1604 5573 meum

556 5567 670 5637 (71)
703 5566 1063 5641 ἀληθῆ
1097 5569 1332 5641 φανῆναι
1363 5568 1456 5620 τὸν
1481 5566 1613 5620 Θεόν
1650 5566 1844 5641 desunt
1874 5566 2067 5641 in_Go—

488 5635 621 5690 mer.
653 5635 707 5690 et
728 5635 1025 5703 Felckm.'l
1054 5635 1361 5691 anomucc
1392 5653 1455 5691 ea
1487 5638 1754 5704 expressit
1786 5635 2062 5692 Nannius:

489 5706 577 5757 alii
604 5722 726 5759 cum
755 5707 914 5759 editis
949 5708 1185 5769 habent,
1225 5717 1282 5762 et.
1316 5716 1604 5773 verterunt
1632 5705 1967 5773 Omnibonus
2009 5722 2062 5763 et

487 5776 803 5828 Ambrosius
832 5775 1074 5835 Camald.

562 5843 673 5911 (72)
703 5842 776 5914 ita
803 5861 991 5914 omnes
1015 5862 1143 5904 mss.
1166 5846 1305 5899 Editi
1335 5862 1482 5905 vero,
1516 5845 1741 5914 γένοιτο.

563 5914 675 5995 (75)
704 5913 795 5969 Sic
822 5913 1070 5987 Seguer.,
1106 5916 1321 5975 Gobler.
1350 5927 1402 5972 et
1433 5913 1671 5973 Feb-km.
1710 5918 1729 5971 i
1758 5932 1915 5973 anon.
1954 5917 2056 5981 Alii

2164 4621 2240 4691 μὴ
2279 4620 2483 4701 φθορᾶς
2512 4620 2961 4697 ἐπακολούθησις,
2989 4619 3169 4690 καλῶς
3196 4617 3262 4672 ἀν
3290 4614 3357 4689 ἦν
3376 4609 3426 4688 ’ἡ
3466 4617 3753 4689 μετάνοιω

2160 4716 2209 4767 εί
2241 4714 2320 4777 δὲ,
2344 4713 2490 4778 ἅπαξ
2537 4712 2913 4785 προλαὸούσης
2945 4712 3046 4783 τῆς
3095 4711 3486 4784 παραϐάσεως,
3524 4714 3608 4776 εἰς
3652 4712 3757 4782 τὴν

2162 4806 2303 4860 κατά
2331 4806 2491 4875 φύσιν
2525 4804 2636 4876 (75)
2669 4804 2874 4877 φθορὰν
2894 4804 3224 4878 ἐκρατοῦντο
3249 4806 3300 4873 οἱ
3332 4804 3428 4859 ἀνθ
3439 4822 3634 4876 ρωποι,
3658 4804 3756 4869 καὶ

2160 4898 2259 4969 τὴν
2283 4898 2378 4951 τοῦ
2412 4898 2530 4963 κατ’
2557 4897 2741 4965 εἰκόνα
2770 4898 2928 4971 χάριν
2957 4896 3345 4968 ἀφαιρεθέντες
3363 4892 3526 4967 ἦσαν,
3551 4895 3606 4948 τί
3628 4894 3759 4950 ἄλλο

2168 4991 2274 5044 ἔδει
2303 4992 2587 5060 γενέσθαι;
2616 4992 2650 5062 ἢ
2684 4992 2828 5053 τίνος
2859 4987 2928 5061 ἦν
2982 4988 3141 5071 χρεία
3184 4988 3320 5070 πρὸς
3359 4988 3459 5074 τὴν
3495 4986 3762 5056 τοιαύτην

2169 5086 2328 5156 χάριν
2367 5086 2461 5139 καὶ
2503 5083 2799 5154 ἀνάκλησιν
2832 5082 2865 5153 ἢ
2898 5081 2992 5136 τοῦ
3022 5081 3115 5134 καὶ
3141 5080 3255 5151 (74)
3290 5079 3433 5133 κατά
3449 5080 3551 5150 τὴν
3580 5079 3760 5151 ἀρὴν

2168 5179 2235 5233 ἐκ
2261 5176 2354 5230 τοῦ
2385 5177 2458 5249 μὴ
2484 5176 2634 5239 ὄντος
2666 5176 3024 5246 πεποιηκότος
3040 5173 3108 5227 τά
3126 5174 3225 5227 ὅλα
3251 5173 3346 5226 τοῦ
3376 5173 3513 5227 Θεοῦ
3544 5175 3759 5241 Λόγου;

2171 5307 2293 5364 cum
2316 5293 2494 5356 editis,
2514 5292 2664 5364 παρά
2693 5290 3065 5364 φύσινετιιειιιε
3095 5291 3167 5344 ita
3196 5290 3326 5364 legit
3350 5289 3617 5364 Nannius.
3637 5292 3763 5349 Om-

2174 5363 2413 5423 nibonus.
2435 5373 2490 5428 et
2518 5360 2834 5417 Anibrusius
2853 5360 3093 5423 Cannam.
3127 5362 3269 5419 κατά
3292 5360 3457 5428 φύσιν
3486 5361 3757 5432 legerunt,

2174 5432 2337 5502 idque
2360 5433 2555 5491 melius
2581 5442 2634 5487 et
2671 5447 2737 5488 ex
2780 5442 2961 5487 mente
2984 5433 3158 5490 sancti
3202 5432 3492 5486 Athanasii
3513 5474 3535 5503 ,ν
3567 5442 3628 5498 ut
3661 5448 3759 5501 pa:

2170 5514 2367 5654 tell-741
2386 5570 2610 5654 _Seguer.
2631 5614 2646 5637 ,
2668 5572 2835 5654 Basil.
2862 5583 2917 5654 e_t
2956 5571 3198 5654 Fe_|_cltut.
3232 5569 3267 5623 2
3290 5586 3481 5654 auom,
3515 5572 3611 5654 καί
3641 5584 3765 5641 post

2170 5642 2263 5715 τοῦ
2302 5648 2503 5698 addunt
2535 5653 2586 5698 et
2618 5655 2739 5712 post
2772 5645 2947 5715 ἀρχήν
2974 5644 3164 5715 tollunt
3198 5658 3213 5695 :
3246 5642 3375 5715 editi
3403 5653 3596 5697 contra
3642 5655 3766 5711 post

2169 5714 2262 5790 τοῦ
2296 5715 2552 5790 omittunt
2580 5710 2634 5769 et
2653 5724 2772 5790 post
2790 5710 3206 5790 addunt
3231 5729 3244 5764 :
3282 5710 3373 5790 alii
3398 5728 3581 5790 _ntss._
3608 5710 3766 5790 utro,-

2170 5782 2332 5857 bique
2355 5785 2633 5841 omittunt.
2653 5781 2780 5854 Mox
2803 5781 3057 5857 phum,
3096 5792 3201 5838 art.
3248 5781 3342 5834 τοῦ
3379 5781 3536 5845 deest
3568 5783 3622 5839 iu
3650 5786 3763 5847 Au-e

2168 5855 2288 5924 gliu.
