4006 6534
235 453 326 511 ill-9

1249 448 1510 504 ORATIO
1551 446 1639 502 DE
1677 439 2195 500 INCARNATIONE
2231 436 2456 494 VERBI.

3400 430 3512 484 11ολ

233 567 392 626 Αὐτοῦ
419 567 532 639 γάρ
556 560 630 637 ἦν
693 566 856 620 πάλιν
875 526 977 619 ,καὶ
1019 563 1357 636 τᾲ,,φθαρτδν
1382 565 1464 628 εἰς
1510 560 1818 645 ἀφθαρσίαν

1930 556 2082 610 ἱηῑιίο
2101 555 2241 610 facta
2273 551 2438 607 sunt?
2471 549 2578 622 53
2617 549 2792 618 Ipsius
2823 549 3092 618 siquidem
3123 556 3242 603 erat
3275 547 3325 600 id
3357 548 3503 617 quod

235 661 485 727 ἐνεγκεῖν,
518 656 615 709 καὶ
635 656 704 709 τὸ
730 655 871 726 ὑπὲρ
898 653 1116 708 πάντων
1131 653 1351 722 εὔλογον
1368 652 1653 708 ἀποσῶσαι
1683 652 1819 722 πρὸς

1921 657 2236 715 corruptum
2271 655 2413 710 erat,
2444 647 2811 712 incorruptum
2848 643 3039 696 iterum
3071 641 3296 696 reddere
3316 651 3369 694 et
3406 655 3506 709 pro

234 740 314 805 τὸν
330 748 567 819 Πατέρα.
600 747 779 815 Λόγος
802 745 910 817 γὰρ
927 745 1003 799 ὢν
1031 746 1130 800 τοῦ.
1155 745 1369 828 [ἰατρὸς
1395 746 1490 799 καὶ
1515 745 1658 816 ὑπὲρ
1687 744 1821 798 πάν-

1930 739 2176 794 omnibus
2211 739 2260 792 id
2285 738 2427 809 quod
2454 737 2668 792 Patrem
2694 733 2918 788 decebat
2948 734 3332 788 servare.Cum
3357 734 3506 786 enim

235 859 322 905 τας
341 843 436 900 ὢν,
467 838 791 901 ἀκολούθως
822 826 1328 890 καὶάνακτίσαιλτά
1376 835 1474 889 ὅλα
1507 834 1620 905 (75)
1662 834 1821 904 μόνος

1930 829 2104 884 Patris
2131 831 2202 884 sit
2226 829 2483 894 Verbum,
2505 840 2560 883 et
2581 828 2828 882 omnibus
2850 827 3006 897 longe
3032 826 3338 888 antecellat,
3357 829 3505 879 solus

235 933 294 1006 ἦν
312 933 554 996 δυνατὸς,
585 931 688 985 καὶ
717 931 859 1004 ὑπὲρ
880 912 1096 982 πάντων
1116 927 1329 990 παθεῖν,
1357 929 1454 981 καὶ
1479 927 1820 999 πρεσϐεῦσαι

239 1029 352 1098 περὶ
372 1027 593 1080 πάντων
618 1026 811 1090 ἱκανὸς
863 1024 1001 1094 πρὸς
1032 1024 1122 1076 τὸν
1153 1021 1394 1094 Πατέρα.

299 1202 349 1256 8.
370 1188 714 1272 ηΪΓούτουϐὴ
749 1202 934 1256 ἕνεκεν
976 1203 1004 1256 ὁ
1052 1200 1341 1273 ἀσώματος
1393 1203 1488 1256 καλ⁵
1545 1201 1822 1272 ἄφθαρτος

239 1293 320 1347 καὶ
345 1289 504 1356 ἀΰ).ος
531 1293 634 1346 τοῦ
669 1293 805 1348 Θεοῦ
845 1295 1017 1363 Λόγος
1049 1295 1413 1366 παραγίνεται
1439 1296 1520 1358 εἰς
1551 1296 1651 1365 τὴν
1685 1296 1820 1364 ἡμεο

239 1386 384 1455 τέραν
420 1384 636 1454 χώραν,
680 1383 801 1437 ούτι
845 1401 909 1453 γε
959 1383 1175 1455 μακρὰν
1217 1382 1294 1436 ὢν
1332 1384 1630 1456 πρότερον·
1671 1383 1822 1437 οὐδὲν

240 1475 333 1548 γὰρ
375 1476 548 1530 αὑτοῦ
584 1477 746 1530 κενὸν
787 1476 1166 1530 ὑπολέλειπται
1205 1477 1303 1548 τῆς
1336 1477 1567 1541 κτίσεως
1621 1479 1820 1549 μέρος,

242 1565 395 1621 πάντα
425 1567 489 1620 δὲ
530 1566 622 1620 διὰ
658 1568 881 1621 πάντων
933 1567 1294 1639 πεπλήρωκεν
1333 1567 1495 1630 αὐτὸς
1545 1567 1718 1620 συνὼν
1745 1567 1824 1639 τῷ

241 1657 408 1710 ἑαυτοῦ
439 1657 656 1730 Πατρί·
687 1656 826 1712 ἀλλά
863 1657 1221 1728 παραγίνεται
1274 1657 1725 1726 συγκαταϐαίνων
1756 1661 1822 1728 τῇ

241 1751 306 1813 εις
344 1750 495 1820 ἡμᾶς
545 1746 717 1802 αὑτοῦ
771 1747 1150 1820 φιλανθρωπία
1206 1750 1302 1802 καὶ
1353 1752 1666 1821 ἐπιφανείᾳ.
1714 1751 1822 1803 Καὶ

243 1842 346 1896 ἰδὼν
376 1843 435 1895 τὸ
468 1841 698 1910 λογικὸν
742 1840 1112 1912 ἀπολλύμενον
1144 1841 1318 1911 γένος,
1352 1843 1444 1895 καὶ
1472 1843 1564 1896 τὸν
1594 1843 1822 1898 θάνατον

1920 935 2136 992 quoque
2175 922 2292 992 ipse
2345 921 2553 976 idcirco
2603 922 2856 975 universa
2900 919 3211 973 instaurare
3244 927 3502 987 poterat:

1921 1013 2068 1069 solus
2105 1013 2334 1068 idoneus
2357 1013 2456 1067 fuit
2486 1013 2575 1083 qui
2601 1027 2698 1081 pro
2725 1011 2981 1065 omnibus
3015 1017 3316 1080 pateretur,
3337 1018 3387 1064 et
3407 1023 3508 1076 pro

1921 1107 2137 1162 cunctis
2161 1106 2305 1174 apud
2327 1104 2541 1160 Patrem
2567 1104 2952 1158 intercederet.

1991 1201 2046 1255 8.
2090 1200 2275 1270 Itaque
2331 1198 2489 1267 hujus
2528 1200 2604 1253 rei
2659 1199 2828 1269 gratia
2868 1199 3250 1266 incorporeum
3297 1205 3353 1250 et
3383 1210 3508 1249 cor-

1923 1292 2191 1361 ruptionis
2214 1305 2275 1344 ac
2300 1289 2545 1344 materiae
2573 1303 2770 1358 expers
2799 1287 2889 1340 Det
2907 1286 3166 1346 Verbum,
3183 1286 3236 1338 in
3261 1294 3504 1338 nostram

1924 1382 2199 1452 regionem
2239 1379 2480 1440 advenit,
2521 1392 2829 1447 quanquam
2860 1387 3018 1430 antea
3061 1390 3165 1428 non
3198 1375 3382 1443 procul
3412 1374 3510 1426 ah-

1924 1487 2042 1530 erat
2081 1495 2093 1531 :
2134 1474 2277 1528 nulla
2327 1473 2473 1528 enim
2514 1487 2639 1541 pars
2688 1471 2870 1524 mundi
2915 1470 3006 1524 illo
3051 1484 3284 1537 unquam
3337 1482 3504 1520 vacua

1925 1570 2046 1633 fuit,
2077 1572 2171 1625 sed
2205 1585 2308 1622 una
2335 1584 2457 1622 cum
2486 1582 2587 1622 suo
2618 1567 2778 1620 Patre
2799 1567 3069 1620 exsistens
3095 1565 3274 1617 omnia
3306 1564 3507 1632 ubique

1927 1664 2202 1734 implebat.
2243 1660 2401 1715 Venit
2435 1676 2564 1713 vero
2605 1675 2700 1712 sua
2741 1675 2864 1728 erga
2902 1674 2999 1712 nos
3047 1656 3402 1727 benignitate,
3430 1667 3509 1708 °et

1923 1766 2190 1827 quatenus
2228 1767 2346 1808 sese
2383 1751 2558 1821 palam
2603 1749 2757 1805 nobis
2805 1750 3072 1804 exhibuit.
3108 1748 3330 1819 Nempe,
3381 1764 3505 1802 cum

1928 1847 2203 1901 hominum
2246 1859 2417 1916 genus
2466 1844 2710 1908 interire,
2765 1852 2820 1895 et
2873 1852 3102 1896 mortem
3151 1850 3339 1896 contra
3391 1841 3516 1894 illos

241 1936 343 1987 κατ’
377 1934 564 1988 αὐτῶν
624 1933 983 2004 βασιλεύοντα
1036 1936 1104 2005 τῇ
1164 1933 1369 2004 φθορᾷ·
1425 1933 1569 2005 ὁρῶν
1619 1935 1676 1987 δὲ
1729 1938 1821 1989 καὶ

1930 1940 2275 2010 corruptione
2307 1937 2574 1992 dominari
2613 1947 2911 2004 cerneret;
2953 1953 3078 1992 cum
3131 1937 3225 1992 Dei
3277 1935 3510 1991 cummi:

242 2024 320 2096 τὴν
349 2024 584 2096 ἀπειλὴν
612 2025 714 2095 τῆς
744 2024 1107 2096 παραϐάσεως
1137 2024 1538 2096 διακρατοῦσαν
1571 2027 1668 2096 τὴν
1699 2027 1820 2080 καθ’

243 2119 376 2200 ἡμῶν
407 2119 627 2191 φθορὰν
648 2159 662 2181 ,
714 2120 810 2174 καὶ
843 2121 922 2173 ὅτι
971 2120 1173 2173 ἄτοπον
1205 2116 1273 2192 ἦν
1327 2123 1433 2192 πρὸ
1465 2123 1561 2176 τοῦ
1603 2124 1707 2193 πλη
1721 2141 1824 2194 ρω-

242 2209 377 2280 Θῆναι
402 2209 503 2263 τὸν
537 2210 705 2279 νόμον
731 2208 984 2280 λυθῆναι·
1014 2211 1157 2282 ὁρῶν
1187 2212 1245 2264 δὲ
1276 2212 1366 2264 καὶ
1405 2212 1462 2264 τὸ
1489 2214 1735 2284 ἀπρεπὲς
1763 2214 1822 2266 ἐν

241 2300 306 2371 τῷ
336 2300 733 2373 συμϐεϐηκότι,
766 2303 849 2354 ὅτι
882 2296 956 2356 ὧν
983 2303 1148 2366 αὐτὸς
1171 2299 1238 2374 ἦν
1269 2304 1617 2377 δημιουργὸς,
1649 2307 1822 2360 ταῦτα

243 2394 676 2467 παρηφανίξετο·
741 2395 885 2467 ὀρῶν
937 2397 994 2449 δὲ
1054 2399 1147 2450 καὶ
1196 2399 1293 2470 τὴν
1342 2399 1450 2451 τῶν
1513 2400 1821 2472 ἀνθρώπων

241 2487 676 2570 ᾧπερϐἀλλουσαν
707 2488 934 2560 κακίαν,ι
961 2490 1042 2542 ὅτι
1079 2492 1196 2544 κατ’
1218 2491 1396 2560 ὀλίγον
1423 2494 1519 2546 καὶ
1550 2493 1820 2565 ἀφόρητον

240 2578 385 2648 αὐτὴν
413 2579 668 2650 ηὔξησαν
708 2578 833 2632 καθ’
859 2579 1098 2634 ἑαυτῶν·
1131 2583 1272 2652 ὁρῶν
1307 2583 1362 2637 δὲ
1408 2585 1500 2637 καὶ
1542 2585 1602 2638 τὸ
1650 2585 1820 2638 ὑπεύ-

241 2667 377 2722 θυνον
410 2669 638 2740 πάντων
683 2669 794 2723 τῶν
834 2671 946 2741 (76)
988 2671 1293 2743 ἀνθρώπων
1340 2674 1477 2745 πρὸς
1506 2675 1599 2726 τὸν
1653 2675 1818 2729 θάνα-

239 2778 340 2812 τον·
374 2761 614 2832 ἐλεήσας
662 2762 727 2814 τὸ
781 2761 938 2830 γένος
994 2763 1172 2834 ἡμῶν,
1234 2765 1327 2817 καὶ
1388 2765 1485 2836 τὴν
1539 2766 1820 2820 ἀσθένειαν

241 2848 378 2918 ἡμῶν
405 2851 789 2922 οίκτειρήσας,
820 2852 915 2905 καὶ
939 2856 1004 2924 τῇ
1043 2851 1220 2924 φθορᾷ
1255 2855 1412 2924 ἡμῶν
1448 2859 1818 2924 συγκαταϐὰς,

240 2943 318 2994 καὶ
343 2943 439 3014 την
468 2943 566 2997 τοῦ
607 2943 841 2997 θανάτου
873 2947 1136 3017 κράτησιν
1168 2947 1269 3000 οὐκ
1306 2949 1532 3017 ἐνέγκας
1563 2951 1698 3019 (77),
1735 2953 1822 3004 ἵνα

243 3035 386 3106 μὴτὸ
434 3037 739 3108 γενόμενον
783 3037 1072 3108 ἀπόληται,
1120 3040 1215 3092 καὶ
1249 3042 1328 3103 εἰς
1370 3040 1539 3111 ἀργὸν
1567 3043 1660 3095 τοῦ
1705 3043 1822 3095 Πα..

240 3127 350 3196 τρὸς
379 3128 442 3182 τὸ
493 3130 575 3192 είς
610 3127 936 3207 ἀνθρώπους
965 3129 1124 3202 ἔργον
1174 3130 1339 3183 αὑτοῦ
1391 3132 1648 3202 γένηται,
1683 3131 1821 3204 λαμ-

169 3251 174 3254 -
240 3217 377 3272 ϐάνει
423 3220 610 3291 ἑαυτῷ
663 3219 847 3291 σῶμα,
884 3221 981 3274 καὶ
1041 3221 1200 3275 τοῦτο
1253 3224 1353 3275 οὐκ
1409 3222 1686 3295 ἀλλότριον
1725 3223 1819 3276 τοῦ

239 3313 517 3384 ἡμετέρου.
563 3314 640 3367 Οὐ
673 3313 785 3385 γὰρ
832 3315 1019 3379 ἁπλῶς
1060 3315 1325 3388 ἠθέλησεν
1370 3320 1428 3370 ὲν
1470 3317 1682 3389 σώματι
1724 3337 1820 3387 γε-

241 3402 431 3468 νέσθαι,
471 3404 600 3458 οὐδὲ
638 3405 800 3475 μόνον
843 3405 1003 3476 ἡθελε
1034 3407 1305 3477 φανῆναι·
1343 3409 1567 3463 ἐδύνατο
1595 3410 1727 3482 γὰρ,
1774 3413 1820 3462 εξ

245 3495 388 3563 μόνον
431 3496 598 3566 ἧθελε
628 3497 889 3567 φανῆναι,
922 3499 1017 3551 καὶ
1045 3497 1112 3550 δι’
1141 3499 1330 3570 ἐτέρου
1375 3501 1683 3572 κρείττονος
1725 3500 1822 3572 τὴν

243 3586 551 3658 θεοφάνειαν
609 3589 780 3642 αὐτοῦ
837 3590 1202 3662 ποιήσασθαι·
1256 3593 1393 3646 ἀλλά
1441 3594 1709 3665 λαμϐάνει
1763 3594 1823 3647 τὸ

243 3677 518 3749 ἡμέτερον,
556 3679 652 3732 καὶ
701 3678 862 3733 τοῦτο
913 3682 1012 3752 οὐχ
1063 3682 1286 3746 ἁπλῶς,
1339 3684 1455 3738 ἀλλ’
1505 3683 1565 3749 ἐξ
1615 3685 1822 3756 ἀκράν-

242 3785 323 3821 του
363 3771 472 3837 (78)
515 3773 613 3826 καὶ
657 3772 950 3843 ἀμιάντου,
1000 3774 1192 3846 ἀνδρὸς
1237 3775 1467 3848 ἀπείρου
1519 3765 1819 3850 Παρθένου,

245 3859 468 3931 καθαρὸν
503 3863 599 3915 καὶ
655 3863 826 3926 ὅντως
855 3864 1054 3934 ἀμιγὲς
1099 3866 1200 3934 τῆς
1249 3866 1460 3938 ἀνδρῶν
1515 3850 1820 3932 συνουσίας.

161 4031 165 4036 τ
248 3952 398 4016 Αὐτὸς
425 3954 533 4026 γὰρ
560 3955 788 4018 δυνατὸς
827 3953 902 4008 ὢν
946 3957 1040 4010 καὶ⁵
1065 3956 1129 4028 δη
1139 3959 1396 4029 μιουργὸς
1428 3959 1537 4012 τῶν
1568 3960 1722 4023 ὅλων,
1765 3962 1823 4013 ὲν

249 4046 305 4114 τῇ
335 4045 592 4117 Παρθένῳ
625 4047 1029 4110 κατασκευάζει
1059 4049 1239 4118 ἐαυτῷ
1263 4049 1388 4102 ναὸν
1425 4051 1486 4104 τὺ
1519 4051 1695 4122 σῶμα,
1731 4053 1824 4105 καὶ

253 4134 569 4207 ίδιοποιείται
613 4138 773 4191 τοῦτο
820 4138 1009 4212 ὥσπερ
1041 4141 1293 4212 ὄργανον,
1338 4131 1585 4215 ὲνάύτῷ
1620 4162 1820 4216 γνωρι-

253 4224 455 4298 ζόμενος
485 4229 580 4282 καὶ
619 4229 878 4283 ὲνοικῶν·
914 4232 1211 4296 καὶόύτως
1239 4234 1348 4287 ἀπὸ
1387 4235 1496 4288 τῶν
1539 4235 1824 4307 ἡμετέρων

251 4318 302 4370 τὸ
329 4320 507 4390 ὅμοιον
553 4320 758 4384 λαϐὼν,
811 4320 898 4375 διὰ
930 4324 992 4376 τὸ
1040 4323 1250 4388 πάντας
1294 4326 1630 4389 ὑπευθύνους
1684 4323 1822 4379 εἶναι

252 4412 308 4480 τῇ
341 4412 429 4466 τοῦ
466 4413 696 4468 θανάτου
751 4413 944 4486 φθορᾷ,
998 4416 1119 4468 ἀντὶ
1170 4417 1388 4471 πάντων
1426 4419 1559 4472 αὐτὸ
1607 4419 1822 4491 θανάτῳ

255 4505 578 4574 παραδιδοὺς,
623 4507 870 4577 προσῆγε
917 4505 995 4576 τῷ
1044 4508 1248 4579 Πατρὶ,
1293 4509 1577 4562 καὶτοῦτο
1630 4510 1822 4578 φιλαν-

255 4592 468 4663 Θρώπως
497 4597 690 4660 ποιῶν,
730 4597 839 4659 ἵνα,
870 4596 946 4660 ὡς
978 4596 1076 4666 μὲν
1111 4597 1328 4650 πάντων
1357 4598 1733 4651 ἀποθανόντων
1764 4599 1822 4651 ἐν

255 4683 401 4756 αὐτῷ,
434 4687 566 4759 λυθῇ
605 4691 633 4742 ὁ
661 4688 806 4742 κατά
848 4688 948 4758 τῆς
993 4689 1200 4761 φθοράς
1245 4690 1354 4743 τῶν
1395 4689 1698 4762 ἀνθρώπων
1739 4691 1825 4743 νά-

257 4792 367 4845 μης,
405 4779 497 4833 ἆτε
544 4780 611 4853 δὴ
654 4779 1043 4854 πληρωθείσης
1088 4786 1191 4854 τῆς
1238 4783 1488 4848 ἐξουσίας
1524 4786 1580 4836 ὲν
1620 4783 1698 4855 τῷ
1729 4802 1826 4836 κυ-

255 4871 411 4944 ριακῷ
442 4872 674 4945 σώματι,
713 4875 810 4927 καὶ
842 4874 1038 4945 μηκέτι
1065 4873 1249 4947 χώραν
1279 4876 1492 4947 ἔχοντος
1534 4876 1675 4929 κατά
1715 4876 1824 4930 τῶν

253 4962 432 5031 ὁμοίων
453 4965 760 5038 ἀνθρώπων
780 4983 793 4996 ·
830 4967 906 5029 ὡς
943 4967 998 5019 δὲ
1027 4969 1106 5031 εἰς
1134 4968 1342 5040 φθορὰν
1375 4969 1824 5040 ἀναστρέψαντας

251 5056 359 5120 τοὺς
389 5058 708 5131 ἀνθρώπους
741 5060 903 5114 πάλιν
928 5063 1008 5123 είς
1029 5062 1127 5133 τὴν
1149 5062 1462 5136 ἀφθαρσίαν
1488 5063 1815 5134 ἐπιστρέψῃ,

254 5146 334 5201 καὶ
362 5149 672 5225 ζωοποιήσῃ
722 5151 949 5216 τούτους
1002 5153 1110 5205 ἀπὸ
1158 5145 1253 5207 τοῦ
1311 5155 1567 5217 θανάτου,
1611 5156 1677 5225 τῇ
1723 5155 1816 5206 τοῦ

257 5237 484 5310 σώματος
513 5244 836 5314 ἱδιοποιήσει
869 5243 964 5297 καὶ
996 5246 1062 5315 τῇ
1102 5243 1203 5314 τῆς
1242 5246 1593 5311 ἀναστάσεως
1638 5245 1820 5317 χάριτι

253 5330 333 5384 τὸν
361 5333 579 5390 θάνατον
606 5338 702 5390 ἀπ’
739 5336 921 5388 αὐτῶν
956 5336 1066 5407 (79)
1097 5336 1172 5400 ὡς
1219 5338 1475 5411 καλάμην
1509 5339 1618 5393 ἀπὸ
1646 5339 1818 5410 πυρὸς

315 5423 420 5496 (75)
456 5427 544 5482 Sic
567 5443 764 5481 omnes
791 5442 922 5482 mss.
960 5437 1124 5495 atque
1164 5429 1233 5482 ita
1274 5445 1464 5486 oratr-es
1498 5433 1823 5496 interpretes

256 5491 703 5571 lrgeru_nt.AEdi_tio
735 5491 1420 5571 Cpmmel.,jokogalhidem
1470 5517 1566 5571 pro
1609 5491 1823 5555 ἀνακτί-

257 5579 354 5641 σαι,
395 5567 712 5641 Ambrosius
757 5567 1058 5641 Gamaldnl.
1097 5582 1152 5622 et
1200 5569 1443 5626 Nannius
1471 5567 1699 5641 ‘l‘cgisse
1744 5574 1822 5626 vi-

256 5635 430 5713 dentur
455 5639 787 5713 ἀνακτῇσαι.
816 5636 948 5713 Nam
986 5639 1072 5713 hic
1099 5648 1312 5713 vertunt
1333 5635 1676 5713 recuperare.

316 5704 418 5776 (76)
453 5711 570 5766 Art.
595 5704 712 5763 τῶν
727 5711 882 5762 deest
905 5709 954 5760 in
982 5707 1206 5776 Seguer.
1247 5704 1480 5766 Gobler;
1503 5723 1556 5766 et
1582 5709 1818 5768 Fclckut.

255 5770 285 5894 il.
325 5770 484 5901 inhit.
509 5778 679 5834 Paulo
717 5789 876 5849 post,
926 5770 1084 5851 ἡμῶν
1125 5792 1251 5838 ante
1276 5784 1629 5856 οἰκτειρήσας
1671 5785 1822 5837 deest

271 5860 297 5895 ιι
323 5885 336 5896 .
368 5861 429 5901 ne
458 5866 522 5901 te.

253 5857 297 5895 ut
323 5857 522 5915 tangite.

314 5915 835 5990 (77)chuerianus,
881 5918 1240 5978 Goblerianus
1292 5935 1346 5979 et
1403 5923 1752 5979 Felckmanni
1794 5923 1813 5976 l

1851 3265 1894 3324 C

1856 4626 1903 4686 D

1925 2033 2146 2087 natione
2175 2041 2230 2084 et
2258 2029 2528 2084 sententia
2569 2030 2621 2082 in
2653 2030 3140 2098 transgressionem
3173 2029 3303 2091 lata,
3334 2023 3504 2083 nostri

1925 2124 2330 2194 corruptionem
2403 2123 2749 2179 corroborari
2806 2124 3036 2188 videret,
3099 2123 3510 2190 absurdumque

1924 2233 2042 2272 eSse
2083 2217 2251 2286 legem
2288 2215 2422 2271 solvi
2471 2226 2760 2285 antequam
2812 2215 3130 2284 impleretur
3165 2234 3178 2270 :
3214 2231 3334 2268 cum
3378 2214 3505 2267 item

1923 2307 2224 2362 attenderet
2255 2323 2357 2360 non
2388 2306 2582 2360 decere
2622 2320 2683 2360 ea
2718 2304 2884 2358 deleri
2923 2320 3150 2372 qttorum
3184 2305 3297 2374 ipse
3327 2303 3509 2374 cpifcx

1924 2411 2067 2455 esset
2097 2419 2111 2455 :
2145 2414 2376 2469 cumque
2409 2399 2625 2452 aliunde
2655 2398 2994 2468 conspiceret
3029 2399 3307 2452 hominum
3349 2398 3505 2450 mali-

1924 2493 2051 2545 tiam
2076 2506 2236 2559 supra
2266 2491 2484 2544 modum
2513 2503 2784 2553 crescere,
2811 2489 3065 2558 illamque
3089 2489 3345 2559 paulatim
3373 2505 3506 2543 con-

1927 2592 2007 2637 tra
2051 2583 2260 2651 seipsos
2307 2583 2442 2637 adeo
2481 2583 2719 2647 auxisse,
2754 2590 2812 2633 ut
2850 2582 2961 2648 jam
3006 2580 3238 2649 amplius
3292 2580 3506 2634 tolerari

1927 2693 2029 2731 non
2082 2687 2303 2746 posset:
2341 2692 2461 2730 cum
2503 2677 2734 2745 denique
2773 2689 2964 2731 omnes
3012 2674 3263 2728 homines
3319 2675 3509 2726 mortis

1925 2783 2051 2823 reos
2077 2783 2197 2823 esse
2230 2767 2459 2831 videret,
2494 2767 2666 2821 nostri
2695 2767 2809 2836 ipse
2834 2765 3050 2836 generis
3079 2775 3135 2820 et
3175 2764 3508 2818 inﬁrmitatis

1925 2859 2199 2922 misertus,
2241 2870 2534 2928 nostraque
2568 2867 2746 2911 IDOIIJS
2785 2857 3162 2925 corruptione,
3201 2871 3302 2909 nec
3351 2871 3502 2908 mor-

1926 2958 2038 3002 tem
2077 2949 2129 3002 in
2164 2949 2319 3002 nobis
2355 2947 2620 3002 dominari
2659 2947 2862 3012 ferens,
2901 2960 2970 2998 ne
2999 2945 3209 2998 scilicet
3245 2946 3389 3013 quod
3424 2946 3506 2996 fa-

1924 3050 2065 3095 ctum
2103 3040 2278 3094 luerat
2315 3039 2538 3108 periret,
2587 3040 2782 3106 suique
2830 3035 3007 3089 Patris
3054 3036 3106 3090 iu
3143 3034 3364 3089 homine
3401 3035 3509 3088 [οι--

1925 3132 2120 3186 mando
2155 3145 2290 3200 opus
2326 3146 2521 3184 vanum
2559 3129 2733 3191 ﬁeret,
2769 3127 2872 3182 sibi
2904 3127 3006 3196 ipsi
3047 3142 3244 3196 corpus
3271 3128 3505 3196 accepit,

1927 3226 2088 3296 idque
2133 3223 2301 3280 nostri
2349 3238 2454 3276 non
2486 3221 2782 3287 dissimile;
2815 3234 2912 3274 nec
2946 3221 3090 3274 enim
3134 3233 3256 3274 esse
3299 3229 3506 3272 tantum

1931 3323 1981 3377 in
2017 3335 2265 3389 corpore,
2295 3318 2377 3373 vel
2410 3319 2586 3373 solum
2619 3330 2882 3387 apparere
2908 3315 3101 3370 voluit.
3132 3314 3290 3378 Nam,
3310 3315 3351 3367 si
3387 3323 3508 3366 tan-

1930 3423 2041 3467 tum
2089 3425 2352 3482 apparere
2384 3408 2664 3472 voluisset,
2701 3407 2966 3476 potuisset
2994 3420 3128 3461 sane
3179 3404 3323 3458 aliud
3367 3419 3506 3473 prae-

1929 3506 2162 3561 stantius
2193 3517 2392 3573 corpus
2425 3517 2734 3568 assumere;
2771 3516 2960 3556 verum
3009 3508 3258 3555 nostrum
3311 3514 3511 3570 corpuS

1930 3598 2164 3667 accepit,
2214 3597 2377 3668 idque
2420 3611 2527 3651 non
2569 3595 2971 3665 quoquomodo,
3021 3594 3116 3649 sed
3152 3607 3220 3647 ex
3253 3591 3509 3646 inviolata

1930 3699 1984 3744 et
2012 3689 2331 3758 incorrupta
2367 3702 2430 3742 ac
2464 3687 2565 3742 viri
2599 3696 2852 3757 exsperte
2877 3684 3100 3755 Virgine
3133 3699 3325 3754 purum
3355 3698 3512 3738 vere-

1930 3793 2036 3847 que
2083 3772 2281 3831 nullius
2312 3775 2416 3830 viri
2451 3774 2838 3841 conjunctione
2885 3772 3229 3842 inquinatum
3279 3770 3508 3839 accepit.

1931 3867 2062 3921 Nam
2095 3883 2218 3922 cum
2246 3867 2365 3936 ipse
2397 3874 2590 3936 potens
2613 3874 2666 3920 et
2692 3880 2872 3920 rerum
2899 3864 3143 3917 omnium
3169 3863 3241 3917 sit
3263 3860 3510 3927 cﬂ'ector,

1929 3958 2032 4014 sibi
2069 3959 2122 4012 in
2150 3957 2366 4027 Virgine
2399 3957 2682 4027 templum,
2715 3971 2915 4025 corpus
2948 3954 3180 4018 scilicet,
3214 3953 3510 4018 exstruxit,

1929 4050 2168 4118 illudque
2191 4058 2448 4118 tanquam
2479 4049 2900 4104 instrumentum
2924 4046 3025 4102 sibi
3049 4047 3326 4116 proprium
3354 4046 3513 4108 fecit.

1931 4141 1984 4196 in
2017 4156 2125 4212 quo
2157 4157 2216 4196 se
2247 4151 2434 4196 notum
2470 4141 2674 4196 faceret
2704 4151 2759 4193 et
2798 4139 3070 4194 habitaret
3099 4155 3115 4192 :
3153 4139 3236 4193 sic
3266 4153 3399 4208 ergo
3435 4138 3514 4191 si-

1929 4233 2044 4287 mili
2083 4247 2310 4303 corpore
2340 4247 2371 4287 e
2414 4232 2618 4287 nostris
2651 4242 2899 4301 accepto,
2930 4233 3056 4300 quia
3095 4245 3288 4284 omnes
3321 4229 3513 4282 mortis

1931 4327 2266 4397 corruptioni
2300 4324 2526 4391 subjecti
2559 4335 2736 4389 erant,
2774 4324 2903 4378 illud
2939 4338 3038 4392 pro
3064 4321 3317 4376 omnibus
3353 4323 3514 4376 morti

1933 4419 2189 4473 traditutn
2217 4416 2364 4471 Patri
2387 4431 2599 4470 summa
2627 4431 2751 4469 cum
2774 4414 3109 4484 benignitate
3139 4413 3355 4476 obtulit,
3390 4428 3513 4465 cuin

1931 4520 1990 4565 ut
2020 4510 2272 4565 omnibus
2309 4508 2362 4562 in
2399 4508 2515 4577 ipso
2553 4507 2908 4562 morientibus
2939 4506 3027 4560 lex
3069 4506 3134 4560 de
3165 4507 3516 4574 corruptione

1930 4612 2118 4656 contra
2164 4600 2413 4656 homines
2445 4601 2553 4654 lata
2589 4601 2913 4665 solveretur,
2955 4609 3141 4669 utpote
3169 4614 3288 4668 quae
3315 4601 3368 4653 in
3406 4597 3515 4652 Do-

1929 4691 2129 4746 minieo
2157 4703 2386 4758 corpore
2417 4705 2569 4745 suam
2597 4692 2704 4744 vim
2737 4690 3136 4759 complevisset,
3164 4705 3264 4744 nec
3289 4689 3516 4760 proinde

1928 4781 2105 4837 locum
2139 4780 2370 4851 amplius
2420 4782 2688 4836 adversus,
2717 4782 2924 4838 similes
2972 4781 3219 4836 homines
3249 4783 3512 4848 haberet;

1929 4885 2040 4930 tum
2089 4883 2146 4927 ut
2188 4873 2436 4928 homines
2478 4873 2529 4928 in
2566 4875 2975 4943 corruptionem
3013 4889 3283 4941 reversos,
3319 4876 3514 4930 iterum

1927 4967 2271 5036 incorruptos
2304 4965 2574 5030 redderet,
2612 4976 2776 5037 atque
2803 4983 2833 5021 a
2865 4976 3041 5022 morte
3065 4969 3132 5022 ad
3160 4967 3325 5022 vitam
3361 4982 3518 5022 revo-

1927 5070 2097 5123 caret,
2146 5073 2377 5128 corpore
2424 5060 2567 5128 quod
2600 5059 2701 5115 sibi
2746 5070 3123 5130 assumpserat
3163 5070 3220 5114 et
3265 5075 3514 5114 resurre-

1925 5151 2130 5206 ctionis
2163 5152 2340 5221 gratia
2378 5160 2606 5207 mortem
2643 5152 2711 5206 ab
2741 5151 2842 5218 eis,
2882 5167 2990 5208 non
3025 5169 3183 5209 secus
3213 5170 3277 5210 ac
3313 5154 3509 5222 stipula

1929 5246 1997 5300 ab
2030 5246 2152 5314 igne
2179 5247 2539 5311 consumitur,
2572 5247 2788 5317 penitus
2819 5263 3098 5305 amovens.

1857 5337 2220 5408 ἐξαφανίζων.

1929 5445 2251 5500 anonymus,
2285 5431 2546 5500 ἐνεγκὼν.

2002 5499 2396 5574 (78)_Felckm.
2420 5503 2470 5556 2»
2518 5519 2685 5559 anon.
2708 5513 2759 5563 .el
2798 5505 2963 5558 editio
2988 5501 3271 5574 Commel.,
3303 5504 3512 5574 ἀρῤάν-

1927 5571 2042 5646 του.
2071 5571 2204 5646 Ibid.
2224 5584 2391 5646 ante!
2414 5574 2653 5646 ἀνδρὸς,
2680 5575 2996 5646 particulam
3035 5572 3145 5646 ,καί
3200 5571 3514 5646 exprimunt

1928 5641 2169 5708 Nannius
2201 5653 2255 5697 et
2278 5641 2594 5698 Ambrosius
2618 5645 2858 5696 Cantald.
2881 5643 3010 5713 Item
3034 5643 3164 5696 ibid.
3200 5659 3297 5709 pro
3318 5643 3511 5713 ἀνδρὸς

1929 5713 2180 5785 ἀπείρου,
2215 5714 2426 5785 Anglic.
2470 5714 2678 5784 μητρός
2709 5714 2892 5766 habet.
2915 5711 3061 5765 Idem
3091 5714 3221 5766 ibid.
3249 5728 3350 5781 pro
3375 5711 3510 5785 ἀμι-

1927 5783 2044 5852 γὲς.
2066 5782 2202 5836 ἄνευ
2228 5783 2415 5838 habet.

1999 5853 2110 5918 (79)
2135 5854 2358 5921 Seguer.
2397 5854 2492 5906 ἀπ’
2523 5851 2702 5905 αὐτῶν
2754 5861 2873 5919 post
2910 5851 3137 5905 θάνατον
3183 5853 3380 5922 ltabel;
3425 5859 3515 5912 alii

1929 5939 2051 5979 cum
2077 5925 2236 5979 editis
2264 5933 2385 5991 post
2425 5924 2616 5994 πυρός.
2650 5924 2706 5977 la
2732 5924 2961 5992 Anglici
2991 5925 3279 5994 utrobique
3304 5929 3478 5980 deest.
