4006 6518
504 395 598 451 ΙΙΙ

1056 400 1113 457 S.
1153 403 1524 459 ATHANASII
1563 404 1712 461 OPP.
1755 404 1934 460 PARS
1975 405 2012 459 Ι.
2057 435 2125 445 --
2159 407 2531 465 HlSTORlCA
2571 410 2660 465 ET
2701 409 3122 466 DOGMATICA.

3638 414 3743 472 112

571 515 625 568 9.
664 511 801 568 Nam
835 530 955 571 cum
995 517 1228 576 Verbum
1280 523 1603 593 intelligeret
1640 540 1743 579 non
1778 540 1937 594 posse
1967 526 2068 581 ali-

2241 530 2293 585 9.
2336 530 2569 587 Συνιδὼν
2598 531 2708 603 γάρ
2739 534 2769 589 ὁ
2798 534 2969 601 Λόγος
3007 533 3139 604 (80),
3176 534 3257 587 δτι
3285 533 3459 599 ἄλλως
3498 536 3599 590 οὒκ
3634 534 3741 607 (81)

504 616 586 659 ter
614 607 890 662 hominum
921 616 1322 682 corruptionem
1355 618 1524 683 solvi,
1560 619 1659 673 nisi
1702 622 1924 675 omnino
1956 638 2069 676 mo-

506 707 757 751 rerentur
792 714 806 751 :
842 715 962 755 cum
1001 704 1126 758 item
1167 707 1280 760 ﬁeri
1329 725 1433 761 non
1470 720 1680 776 poterat
1708 720 1767 763 ut
1808 710 2066 777 Verbum,

502 796 685 855 utpote
730 789 1031 847 immortale
1056 804 1111 849 et
1144 796 1321 852 Patris
1368 798 1556 864 Filius,
1606 814 1950 857 moreretur:
1990 806 2070 859 id-

504 878 651 933 circo
687 896 884 951 corpus
915 886 1059 953 quod
1100 890 1234 942 mori
1277 900 1457 959 posset
1501 893 1605 947 sibi
1656 897 1969 964 assumpsit,
2014 907 2071 952 ut

505 968 631 1021 illud
686 969 849 1026 Verbi
910 978 1149 1032 omnium
1208 981 1451 1047 prmsidis
1504 982 1704 1039 factum
1759 988 2067 1058 particeps,

506 1063 662 1115 morti
693 1079 790 1130 pro
820 1069 1074 1124 omnibus
1103 1073 1235 1126 satis
1265 1085 1430 1137 esset,
1472 1085 1635 1144 atque
1684 1092 1903 1149 propter
1931 1080 2068 1137 Ver-

503 1149 627 1203 bum
677 1153 729 1206 in
774 1170 834 1209 se
878 1157 1145 1225 habitans,
1196 1163 1563 1233 incorruptum
1597 1182 1956 1235 permaneret,
2007 1189 2069 1227 ac

502 1240 734 1312 denique
780 1245 832 1301 in
876 1257 1149 1317 posterum
1188 1252 1298 1325 44
1332 1259 1607 1325 corruptio
1660 1263 2070 1320 resurrectionis

501 1333 672 1397 gratia
717 1336 784 1390 ab
830 1339 1083 1397 oumihus
1130 1345 1455 1402 discederet.
1504 1349 1640 1405 Hine
1687 1368 1883 1423 corpus
1925 1358 2067 1425 quod

502 1426 602 1479 sibi
636 1427 751 1496 ipse
781 1433 1013 1501 accepit,
1045 1436 1190 1490 velut
1234 1437 1465 1495 hosﬁam
1504 1451 1557 1496 et
1609 1444 1886 1499 victimam
1919 1450 2067 1502 omni

501 1531 687 1583 puram
731 1524 937 1577 macula
971 1528 1131 1581 morti
1180 1528 1477 1598 oderendo,
1516 1546 1743 1592 mortem
1774 1541 1956 1594 statim
2002 1543 2070 1597 ab

500 1610 756 1665 omnibus
783 1614 1076 1681 similibus,
1114 1635 1211 1675 suo
1252 1638 1351 1691 pro
1380 1625 1501 1680 aliis
1538 1629 1744 1695 oblato,
1790 1634 2070 1703 propulsa-

496 1699 594 1753 vit.
627 1701 718 1756 Sic
754 1705 899 1759 enim
946 1708 1039 1763 Dei
1080 1711 1311 1767 Verbum
1344 1720 1594 1785 superius
1631 1723 1881 1779 omnibus
1924 1727 2070 1779 exsi-

496 1799 664 1854 stens,
703 1808 859 1848 suum
901 1800 1158 1868 templum
1201 1814 1256 1858 et
1291 1820 1610 1873 corporeum
1647 1811 2065 1869 instrumentum

496 1896 595 1947 pro
634 1886 904 1951 omnibus,
937 1892 1013 1944 uti
1045 1893 1289 1961 decebat,
1322 1871 1633 1955 devovendo
1665 1913 1722 1957 et
1763 1904 2063 1973 oﬂ'erendo,
2100 1871 2141 1929 Β

495 1974 550 2028 id
572 1982 716 2043 quod
743 1979 1039 2039 debebatur
1062 1984 1114 2038 in
1139 2000 1313 2044 morte
1337 1990 1518 2059 solvit,
1541 2002 1702 2062 atque
1725 1997 1798 2049 ita
1817 2000 2067 2055 omnibus

494 2080 590 2132 per
622 2070 800 2127 simile
846 2089 1041 2143 corpus
1085 2081 1410 2149 conjunctus
1458 2084 1804 2158 incorruptus
1839 2090 1932 2146 Dei
1974 2093 2066 2148 Fi-

496 2156 617 2219 lius.
649 2174 841 2216 omnes
875 2171 1292 2226 resurrectionis
1330 2177 1691 2244 promissione
1726 2181 2068 2251 incorruptos

490 2248 615 2315 jure
653 2263 707 2307 et
747 2258 941 2313 merito
974 2261 1229 2316 reddidit.
1265 2265 1377 2334 Ipsa
1425 2268 1689 2337 siquidem
1724 2273 1908 2328 mortis
1944 2291 2066 2330 cor-

494 2344 674 2412 ruptio
706 2349 905 2405 nullam
930 2350 1044 2419 jam
1080 2356 1185 2408 vim
1219 2359 1480 2415 adversus
1518 2363 1764 2419 homines
1798 2367 1961 2421 habet
1999 2371 2068 2423 ob

496 2433 733 2491 Verbum
787 2445 929 2509 quod
981 2447 1032 2500 in
1081 2448 1189 2503 illis
1240 2466 1335 2520 per
1382 2470 1547 2508 unum
1593 2472 1789 2526 corpus
1835 2459 2064 2520 habitat.

496 2527 728 2597 Nempe,
748 2537 1203 2602 quemadmodum
1232 2543 1275 2596 si
1305 2559 1532 2614 magnus
1558 2548 1754 2618 aliquis
1773 2551 2070 2621 imperator

496 2620 551 2671 in
586 2621 852 2693 insignem
887 2628 1123 2699 aliquam
1159 2635 1347 2690 urbem
1392 2638 1690 2708 ingressus,
1724 2644 1777 2698 in
1811 2662 1917 2700 una
1952 2648 2069 2718 ejus

496 2711 655 2769 domo
682 2729 956 2786 maneret,
988 2723 1040 2778 id
1071 2727 1308 2783 maximo
1339 2730 1530 2787 honori
1562 2735 1636 2789 illi
1672 2737 1876 2793 civitati
1901 2752 2065 2808 esset,

498 2820 599 2861 nec
620 2823 740 2864 eam
772 2818 896 2869 tunc
923 2816 1007 2870 vel
1036 2818 1208 2883 hpstis
1238 2824 1322 2876 vel
1348 2823 1488 2879 latro
1515 2828 1739 2884 auderet
1768 2830 2023 2890 divexare
2048 2854 2062 2889 :

497 2900 590 2954 sed
623 2903 799 2971 potius
824 2908 892 2961 ob
920 2907 1307 2979 imperatorem
1345 2916 1396 2971 in
1444 2935 1548 2973 una
1585 2921 1701 2990 ejus
1731 2925 1890 2979 domo
1918 2942 2065 2981 coni-

501 3004 806 3051 morantem
836 3000 1251 3073 diligentissime
1283 3012 1653 3069 custodiretur
1694 3033 1708 3070 :
1754 3018 1824 3071 ita
1853 3035 2068 3089 quoque

499 3084 639 3139 idem
686 3088 738 3143 in
767 3093 1007 3149 omnium
1042 3100 1386 3156 moderatore
1418 3104 1546 3160 licet
1588 3108 1896 3166 observare.
1929 3112 2065 3169 Nam

2169 622 2235 685 ἂν
2275 624 2461 695 λυθείη
2491 625 2600 681 τῶν
2659 625 2963 699 ἀνθρώπων
2997 628 3031 697 ἡ
3075 627 3269 698 φθορά,
3310 630 3359 682 εί
3409 628 3485 700 μὴ
3527 630 3616 683 διὰ
3646 633 3741 683 τοῦ

2171 716 2385 780 πάντως
2413 717 2733 771 ἀποθανεῖν·
2766 719 2866 788 οὐχ
2894 712 3001 771 οἷόν
3032 735 3090 772 τε
3123 719 3179 771 δὲ
3201 715 3268 791 ἦν
3296 719 3389 773 τὸν
3407 721 3577 789 Λόγον
3610 722 3746 779 ἀπο-

2170 806 2348 861 θανεῖν
2393 807 2658 862 άθάνατον
2708 808 2836 862 ὄντα
2868 809 2961 863 καὶ
2995 808 3087 862 τοῦ
3113 810 3324 882 Πατρός
3358 811 3512 864 Υίόν·
3552 812 3742 866 τούτου

2168 897 2355 964 ἕνεκεν
2411 900 2493 953 τὸ,
2518 900 2843 971 «δυνάμενον.
2885 901 3175 973 ἀποθανεῖν
3234 901 3411 973 ἐαυτῷ
3476 903 3743 973 λαμϐάνει

2168 980 2351 1058 σῷμα,
2391 990 2477 1044 ἵνα
2511 990 2667 1043 τοῦτο
2703 990 2813 1062 (82)
2860 991 2952 1044 τοῦ
2988 992 3079 1044 ἐπὶ
3106 998 3323 1045 πάντων
3355 994 3530 1062 Λόγου
3578 1012 3743 1065 μετα-

2169 1078 2351 1143 λαϐὸν,
2397 1080 2515 1135 ἀντὶ
2546 1082 2758 1134 πάντων
2793 1080 2971 1133 ἱκανὸν
3001 1082 3219 1153 γένηται
3253 1084 3331 1154 τῷ
3372 1083 3605 1155 θανάτῳ,
3654 1088 3745 1139 καὶ

2169 1170 2256 1224 διὰ
2284 1172 2372 1223 τὸν
2404 1173 2757 1244 ἐνοικήσαντα
2795 1174 2965 1240 Λόγον
2997 1173 3271 1247 ἄφθαρτον
3317 1174 3601 1247 διαμείνῃ,
3651 1178 3746 1231 καὶ

2171 1262 2353 1315 λοιπὸν
2398 1264 2505 1317 ἀπὸ
2535 1266 2749 1319 πάντων
2778 1268 2809 1335 ή
2843 1265 3016 1336 φθορά
3060 1267 3333 1337 παύσηται
3362 1271 3427 1340 τῇ
3473 1269 3573 1340 τῆς
3617 1270 3746 1324 ἀνα-

2172 1353 2412 1417 στάσεως
2445 1356 2642 1426 χάριτι.
2674 1356 2834 1410 Ὅθεν
2878 1357 2953 1420 ὡς
2999 1358 3192 1428 ἱερεῖον
3238 1361 3331 1412 καὶ
3363 1358 3511 1430 θῦμα
3549 1362 3744 1425 παντὸς

2170 1442 2450 1515 ἐλεύθερον
2483 1445 2694 1510 σπίλου,
2722 1447 2749 1499 ὃ
2793 1447 2952 1511 αὐτὸς
2983 1448 3155 1519 ἐαυτῷ
3185 1448 3344 1502 ἔλαϐε
3387 1449 3546 1520 σῶμα
3586 1465 3747 1520 προσ-

2172 1535 2317 1602 άγων
2346 1538 2424 1600 είς
2470 1538 2718 1602 θάνατον,
2767 1539 2875 1592 ἀπὸ
2920 1542 3135 1594 πάντων
3182 1541 3344 1606 εὐθὺς
3393 1542 3500 1595 τῶν
3546 1542 3744 1613 ὁμοίων

2170 1628 2398 1696 ἠφάνιζε
2449 1631 2537 1683 τὸν
2595 1631 2819 1685 θάνατον
2867 1637 2931 1704 τῇ
2983 1638 3270 1708 ⁴προσφορᾷ.
3327 1635 3421 1690 τοῦ
3470 1637 3744 1709 καταλλή-

2170 1718 2262 1771 λου
2297 1720 2424 1791 (85).
2462 1722 2633 1794 ’Υπὲρ
2672 1725 2876 1788 πάντας
2905 1725 3011 1796 γάρ
3050 1725 3125 1781 ὢν
3163 1730 3191 1780 ὁ
3236 1729 3406 1797 Λόγος
3447 1730 3544 1783 τοῦ
3587 1730 3743 1795 Θεοῦ,

2173 1812 2417 1879 εἰκότως,
2450 1815 2539 1867 τὸν
2568 1815 2758 1871 ἑαυτοῦ
2788 1818 2913 1871 ναὸν
2943 1819 3035 1871 καὶ
3072 1820 3132 1872 τὸ
3177 1824 3488 1891 σωματικὸν
3516 1823 3745 1894 ὄργανον

2170 1904 2459 1973 προσάγων
2485 1906 2772 1976 ἀντίψυχον
2802 1909 2939 1981 ὑπὲρ
2976 1911 3215 1975 πάντων,
3244 1913 3482 1985 ἐπλήρου
3510 1915 3573 1967 τὸ
3598 1916 3745 1982 ὀφει-

2168 1994 2390 2065 λόμενον
2439 1998 2496 2050 ἐν
2544 1998 2654 2069 (84)
2689 2000 2766 2069 τῷ
2814 2000 3060 2072 θανάτῳ·
3094 2006 3189 2057 καὶ
3227 2004 3399 2069 οὕτως
3448 2006 3623 2059 συνὼν
3660 2008 3745 2061 διά

2167 2087 2259 2140 τοῦ
2300 2090 2485 2157 ὁμοίου
2533 2094 2646 2154 τοῖς
2690 2094 2853 2145 πᾶσιν
2891 2097 2919 2147 ό
2958 2094 3233 2167 ἄφθαρτος
3279 2096 3371 2149 τοῦ
3414 2098 3550 2151 Θεοῦ
3595 2099 3741 2165 Υἱὸς,

2167 2180 2389 2243 εἰκότως
2420 2182 2545 2246 τοὺς
2579 2183 2783 2249 πάντας
2818 2186 3063 2241 ἐνέδυσεν
3105 2188 3405 2258 ἀφθαρσίαν
3443 2191 3555 2262 (85)
3595 2193 3653 2243 ἐν
3680 2197 3743 2264 τῇ

2169 2273 2298 2344 περὶ
2341 2276 2439 2344 τῆς
2481 2275 2829 2341 ἀναστάσεως
2866 2280 3185 2353 ἐπαγγελίᾳ.
3233 2284 3343 2335 Καὶ
3382 2286 3519 2356 αὐτὴ
3561 2288 3668 2358 γάρ
3714 2289 3746 2351 ἡ

2169 2364 2224 2414 ἐν
2268 2363 2344 2434 τῷ
2393 2364 2606 2435 θανάτῳ
2652 2367 2823 2440 φθορά
2874 2370 3011 2423 κατὰ
3060 2372 3165 2424 τῶν
3208 2372 3511 2444 ἀνθρώπων
3562 2376 3745 2429 οὐκέτι

2170 2452 2355 2533 χώραν
2402 2456 2514 2526 ἔχει
2560 2457 2647 2512 διά
2694 2460 2783 2512 τὸν
2826 2462 3177 2533 ἐνοικήσαντα
3224 2465 3395 2533 Λόγον
3434 2468 3492 2518 ἐν
3540 2466 3747 2530 τούτοις

2167 2527 2256 2597 διὰ
2303 2546 2394 2598 τοῦ
2445 2549 2561 2613 ἐνὸς
2602 2550 2883 2621 σώματος·
2923 2555 3016 2607 καὶ
3062 2554 3249 2628 ὥσπερ
3303 2558 3540 2628 μεγάλου
3590 2559 3745 2629 βασι-

2168 2634 2301 2699 λέως
2330 2637 2659 2703 εἰσελθόντος
2695 2642 2773 2705 εἷς
2812 2660 2932 2697 τινα
2975 2645 3127 2697 πόλιν
3168 2647 3430 2718 μεγάλην,
3461 2649 3556 2702 καὶ
3596 2651 3747 2722 οἰκή-

2170 2742 2358 2791 σαντος
2395 2731 2473 2794 εἰς
2514 2731 2642 2801 μίαν
2668 2732 2774 2786 τῶν
2806 2736 2862 2786 ἐν
2901 2735 3037 2807 αὐτῇ
3074 2736 3279 2800 οίκιῶν,
3321 2740 3539 2803 πάντως
3566 2742 3600 2811 ὴ
3640 2758 3747 2794 τοι-

2167 2818 2303 2891 αύτη
2354 2821 2505 2886 πόλις
2554 2824 2717 2895 τιμῆς
2769 2824 2967 2896 πολλῆς
3006 2828 3509 2894 καταξιοῦται,-καὶ
3562 2833 3743 2886 οὐκέτι

2167 2927 2245 2974 τις
2288 2911 2477 2983 ἐχθρὸς
2514 2914 2682 2985 αὐτὴν
2720 2916 2841 2969 οὔτε
2876 2917 3079 2990 λῃστὴς
3118 2919 3409 2977 ἐπιϐαίνων
3445 2925 3745 2995 καταστρέ-

2168 3018 2278 3069 φει,
2315 3002 2493 3073 πάσης
2536 3004 2593 3057 δὲ
2636 3006 2833 3076 μᾶλλον
2885 3009 3200 3078 ἐπιμελείας
3246 3010 3487 3074 ἀξιοῦται
3525 3012 3613 3065 διὰ
3656 3012 3745 3065 τὸν

2168 3094 2247 3155 είς
2279 3096 2407 3165 μίαν
2433 3095 2604 3166 αὐτῆς
2634 3098 2810 3151 οἰκίαν
2840 3102 3134 3172 οἰκήσαντα
3174 3102 3423 3172 βασιλέα·
3452 3102 3627 3167 οὕτως
3655 3105 3745 3157 καὶ

498 3178 586 3230 ubi
622 3178 713 3234 ille
743 3182 797 3237 in
845 3193 1087 3242 nostram
1136 3193 1410 3262 regionem
1444 3197 1709 3264 introivit,
1745 3211 1800 3256 et
1833 3204 1936 3258 sibi
1971 3206 2069 3261 do—

2175 3187 2265 3239 ἐπὶ
2312 3188 2405 3241 τοῦ
2458 3188 2674 3244 πάντων
2724 3191 2986 3261 βασιλέως
3034 3194 3274 3263 γέγονεν.
3324 3195 3605 3258 Ἐλθόντος
3639 3195 3745 3265 γὰρ

499 3269 759 3327 micilium
813 3274 867 3330 in
916 3293 1023 3333 uno
1072 3296 1299 3351 corpore
1344 3300 1410 3339 ex
1463 3292 1663 3345 nostris
1710 3293 1893 3363 elegit,
1944 3313 2068 3352 mox

498 3374 687 3418 omnes
715 3364 950 3422 hostium
979 3372 1241 3429 adversus
1267 3378 1514 3435 homines
1545 3384 1751 3447 insidia:
1784 3390 1944 3443 linem
1973 3392 2070 3446 ba-

499 3452 687 3521 buere,
734 3467 790 3513 et
823 3464 1013 3517 mortis
1059 3470 1355 3536 corruptio,
1404 3472 1555 3540 cujus
1613 3476 1760 3532 vires
1810 3481 2069 3538 adversus

500 3544 622 3601 illos
652 3555 815 3604 tantae
846 3562 1006 3608 antea
1036 3566 1211 3618 erant.
1259 3562 1473 3628 penitus
1522 3567 1763 3621 evanuit.
1814 3570 2069 3629 Periisset

496 3638 646 3691 enim
696 3640 975 3699 hominum
1029 3663 1217 3716 genus,
1268 3651 1370 3707 nisi
1420 3656 1659 3710 omnium
1711 3659 1971 3718 Dominus
2017 3676 2070 3720 et

502 3738 747 3785 senator
792 3733 885 3789 Dei
935 3736 1108 3792 Filius
1157 3750 1385 3797 mortem
1434 3759 1853 3819 consumpturus
1909 3756 2071 3813 adve-

501 3821 689 3876 uisset.

572 3914 659 3967 10.
704 3914 970 3973 Caeterum
1010 3936 1139 3976 vere
1182 3940 1435 3994 magnum
1468 3931 1570 3986 hoc
1592 3949 1725 4004 Opus
1756 3936 1947 3994 divinm
1978 3942 2073 3995 bo-

499 4008 661 4063 nitati
698 4011 754 4065 in
786 4011 974 4080 primis
1007 4018 1360 4086 congruebat.
1404 4020 1666 4093 Namque,
1696 4029 1739 4082 si
1781 4028 2074 4099 imperator

500 4098 725 4156 domum
760 4103 875 4159 sive
906 4108 1094 4163 urbem
1125 4126 1154 4164 a
1195 4127 1255 4166 se
1297 4114 1643 4181 aediﬁcatam,
1680 4135 1743 4174 ac
1773 4098 1967 4180 deinde
1997 4124 2074 4179 ci-

503 4192 650 4246 vium
691 4193 898 4250 incuria
936 4214 965 4252 a
995 4200 1297 4259 latronibus
1340 4207 1707 4279 impugnatam
1735 4226 2070 4284 nequaquam

502 4284 724 4352 deserit,
766 4289 864 4342 sed
910 4299 970 4345 ut
1012 4295 1287 4365 proprium
1319 4312 1455 4368 Opus
1499 4300 1737 4357 defendit
1769 4313 1823 4359 et
1870 4314 2069 4370 tuetur,

500 4391 675 4446 neque
712 4381 777 4434 ad
808 4380 1009 4437 civium
1040 4385 1315 4453 inertiam,
1347 4392 1440 4445 sed
1472 4393 1540 4448 ad
1580 4395 1632 4449 id
1665 4397 1808 4464 quod
1842 4398 1947 4452 sibi
1975 4399 2072 4454 de-

498 4482 685 4524 corum
713 4481 797 4527 est
819 4476 1079 4546 respicit:
1110 4479 1280 4534 multo
1312 4484 1482 4553 magis
1506 4486 1697 4554 optimi
1726 4485 1904 4543 Patris
1930 4488 2073 4545 Deus

503 4557 733 4615 Verbum
784 4561 841 4617 in
885 4566 1289 4635 corruptionem
1328 4569 1615 4625 abeuntem
1660 4571 1939 4627 hominum
1976 4591 2074 4628 na-
2105 4548 2149 4603 θ

499 4658 671 4705 turam
718 4668 826 4709 non
866 4657 1154 4727 dereliquit
1197 4677 1212 4712 :
1249 4644 1343 4715 sed
1387 4672 1641 4728 mortem,
1693 4664 1745 4717 in
1792 4680 1950 4733 quam
1995 4667 2069 4724 illi

502 4739 865 4812 incurrerant,
905 4749 1128 4818 proprio
1170 4749 1351 4805 oblato
1381 4766 1633 4823 corpore,
1678 4753 1897 4822 delevit,
1947 4756 2071 4813 illo-

496 4846 726 4901 rumque
770 4837 1155 4906 negligentiam
1198 4856 1293 4896 sua
1342 4844 1587 4898 doctrina
1638 4847 1968 4913 emendavit,
2015 4857 2071 4903 et

500 4918 706 4982 omnia,
732 4934 852 4988 qua:
877 4923 1150 4983 hominum
1179 4939 1354 4993 erant,
1381 4947 1477 4985 sua
1512 4934 1712 4987 virtute
1733 4949 1799 4991 ac
1829 4938 2064 5005 potentia

569 5087 684 5155 (80)
720 5086 816 5143 Hic
846 5088 996 5146 locus
1030 5094 1098 5148 ab
1131 5096 1231 5150 hac
1260 5113 1390 5153 voce
1425 5098 1655 5155 συνιδών
1700 5100 1767 5155 ad
1804 5101 1918 5157 haec
1955 5119 2073 5157 ver-

497 5158 558 5208 ba
583 5157 794 5237 διὰ-τοῦ
820 5161 940 5237 ἐνὸς
964 5162 1216 5237 σώματος
1244 5167 1454 5237 integer
1481 5170 1714 5223 refertur
1743 5186 1772 5225 a
1807 5170 2074 5228 Theodo—

500 5230 878 5303 reto,_di:_il_ogo
909 5234 962 5297 5,
992 5230 1083 5303 qui
1110 5230 1716 5303 Madijg'inscribitur.

568 5299 687 5377 (ὃῃ
719 5299 983 5377 Sic’mss.
998 5299 1052 5358 et
1077 5305 1283 5362 Theod.
1297 5299 1491 5363 ‘Editio
1510 5320 1689 5364 autem
1711 5310 1995 5377 Commel.,
2012 5314 2073 5367 οὐ

466 5396 471 5413 .
499 5369 756 5449 ﬁaiade
790 5387 887 5439 pro
915 5375 1122 5449 πάντας
1144 5387 1202 5430 ut
1225 5379 1354 5433 editi
1384 5381 1602 5442 habent,
1622 5380 1874 5449 Seguer.,
1892 5369 2073 5449 Gobl.,

498 5440 677 5522 Felckl.
714 5443 735 5494 l
767 5456 930 5522 anon.
975 5456 1030 5501 et
1074 5448 1282 5522 Theod.
1320 5450 1537 5511 πάντως
1582 5440 1818 5517 habent;
1862 5440 2075 5522 Anglic.

499 5512 697 5586 παντός
727 5516 995 5586 mendose
1034 5533 1131 5586 pro
1162 5518 1397 5582 πάντως.

569 5582 682 5655 (82)
723 5582 814 5655 Sic
854 5582 1103 5655 Segnein,
1147 5587 1309 5643 Basil.
1338 5599 1392 5643 et
1445 5590 1653 5647 Theod.
1706 5591 1775 5645 At
1816 5590 1905 5643 alii
1949 5606 2069 5645 cum

499 5652 659 5728 editis
704 5651 860 5728 τοῦτο
911 5651 1187 5711 omittunt.
1245 5659 1380 5713 Ibid.
1431 5676 1529 5728 pro
1577 5662 1815 5725 πάντων,
1867 5660 2068 5715 Theod.

501 5722 707 5786 πάντας
736 5725 915 5776 habet.

575 5791 686 5870 ς8ᾆ)
715 5791 1213 5870 Golilequelcltm.
1246 5796 1267 5848 1
1301 5813 1463 5870 anon.
1498 5810 1549 5852 et
1581 5798 1810 5862 Theod.,
1842 5802 1906 5870 τῇ
1944 5818 2072 5852 κατ-

502 5860 733 5932 αλλήλῳ.
761 5861 861 5916 Alii
881 5879 999 5918 cum
1016 5865 1193 5933 editis,
1227 5868 1583 5939 καταλλήλου,
1603 5880 1659 5924 ιιι
1686 5879 1736 5924 et
1756 5860 2071 5941 interpretes

2170 3279 2335 3333 αὐτοῦ
2379 3282 2471 3334 ἐπὶ
2514 3282 2613 3351 τὴν
2640 3284 2915 3353 ἡμετέραν
2944 3285 3147 3356 χώραν,
3187 3287 3281 3340 καὶ
3318 3289 3640 3356 οἰκήσαντος
3669 3289 3745 3348 εἰς

2170 3371 2228 3424 ἓν
2258 3370 2364 3423 τῶν
2396 3372 2596 3442 ὁμοίων
2640 3372 2821 3443 σῶμα,
2860 3375 3044 3429 λοιπὸν
3074 3378 3221 3429 πᾶσα
3267 3380 3299 3447 ἡ
3335 3376 3474 3429 κατά
3503 3375 3612 3428 τῶν
3653 3376 3745 3428 ἀν-

2171 3461 2401 3533 θρώπων
2429 3465 2578 3534 παρά
2610 3464 2718 3517 τῶν
2764 3466 2973 3538 ἐχθρῶν
3020 3467 3278 3538 ἐπιϐουλὴ
3308 3467 3608 3530 πέπαυται,
3652 3467 3745 3520 καὶ

2171 3554 2330 3624 ἢτοῦ
2377 3553 2605 3609 θανάτου
2646 3557 2937 3627 ἠφάνισται
2984 3559 3159 3631 φθορὰ
3202 3561 3234 3630 ἡ
3273 3558 3441 3613 πάλαι
3486 3560 3605 3612 κατ’
3649 3559 3746 3611 αὺ-

2170 3640 2277 3695 τῶν
2309 3641 2585 3711 ἰσχύουσα.
2631 3644 3039 3713 Παραπωλώλει
3071 3648 3179 3718 γάρ
3206 3647 3271 3701 ἂν
3309 3647 3371 3700 τὸ
3394 3647 3503 3700 τῶν
3542 3648 3749 3720 ἀνθρώο

2172 3754 2288 3789 πων
2325 3737 2510 3804 γένος,
2559 3739 2607 3790 εί
2649 3738 2722 3808 μὴ
2762 3740 2790 3790 ό
2839 3739 3056 3793 πάντων
3093 3740 3355 3809 δεσπότης
3405 3741 3502 3793 καὶ
3557 3742 3748 3812 Σωτὴρ

2172 3828 2263 3882 τοῦ
2312 3829 2446 3881 Θεοῦ
2500 3830 2626 3894 Υἱὸς
2681 3833 3036 3901 παρεγεγόνει
3094 3832 3227 3904 πρὸς
3271 3833 3332 3885 τὸ
3364 3833 3459 3889 τοῦ
3520 3834 3747 3888 θανάτου

2172 3920 2343 3983 τέλος.

2246 4012 2329 4065 10.
2372 4012 2587 4082 Πρέπον
2614 4012 2724 4084 (86)
2760 4014 2817 4066 δὲ
2842 4016 2935 4067 καὶ
2971 4015 3200 4085 μάλιστα
3232 4019 3294 4087 τῇ
3328 4017 3627 4089 ἀγαθότητι
3660 4015 3751 4070 τοῦ

2173 4103 2304 4156 Θεοῦ
2334 4103 2546 4175 ἀληθῶς
2574 4104 2635 4158 τὸ
2672 4105 2812 4175 μέγα
2837 4104 2995 4158 τοῦτο
3024 4105 3200 4177 ἔργον.
3234 4106 3295 4158 El
3329 4102 3447 4178 γὰρ
3473 4105 3750 4177 βασιλεὺς,

2175 4195 2587 4259 κατασκευάσας
2623 4198 2797 4250 οἰκίαν
2847 4198 2879 4267 ἢ
2920 4197 3093 4261 πόλιν,
3139 4198 3233 4251 καὶ
3273 4183 3475 4268 ταύτην
3515 4199 3575 4265 ἐξ
3620 4202 3753 4271 ἁμε-

2174 4287 2323 4351 λείας
2372 4287 2480 4341 τῶν
2520 4288 2872 4342 ἐνοικούντων
2915 4289 3326 4360 πολεμουμένην
3377 4291 3481 4344 ὑπὸ
3514 4292 3749 4363 λῃστῶν,

2173 4383 2234 4434 τὸ
2268 4384 2485 4444 σύνολον
2517 4385 2577 4439 οὐ
2622 4387 2858 4458 παρορᾷ,
2912 4385 3025 4440 ἀλλ’
3059 4387 3133 4449 ὠς
3170 4386 3298 4440 ίδιον
3344 4386 3504 4458 ἔργον
3553 4389 3756 4442 ἐκδικεῖ

2178 4475 2271 4528 καὶ
2301 4475 2615 4546 περισώζει,
2660 4479 2760 4530 οὐκ
2792 4479 2872 4539 είς
2913 4477 3011 4548 τὴν
3059 4477 3166 4531 τῶν
3211 4478 3566 4531 ἐνοικούντων
3617 4479 3753 4549 ἀμέ-

2179 4564 2327 4618 λειαν
2371 4567 2609 4639 ἀφορῶν,
2658 4568 2772 4622 ἀλλ’
2815 4571 2893 4631 είς
2942 4569 3003 4621 τὸ
3053 4568 3247 4621 ἑαυτοῦ
3297 4570 3537 4641 πρέπον·
3576 4570 3755 4641 πολλῷ

2181 4656 2339 4710 πλέον
2364 4660 2393 4711 ό
2418 4657 2512 4711 τοῦ
2550 4660 2859 4728 παναγάθου
2892 4660 3023 4723 Θεὸς
3050 4660 3225 4727 Λόγος
3265 4661 3478 4731 Πατρὸς
3515 4664 3595 4725 είς
3627 4660 3757 4730 φθο-
3836 4706 3845 4713 .

2160 4745 2280 4817 ίράν
2327 4749 2719 4819 κατερχόμενον
2751 4750 2812 4803 τὸ
2855 4748 2920 4801 δι’
2957 4749 3121 4802 αὐτοῦ
3146 4742 3458 4821 λγενόμενον
3501 4749 3611 4804 τῶν
3656 4752 3752 4803 άν-

2178 4836 2411 4909 θρώπων
2441 4839 2593 4908 γένος
2636 4842 2696 4894 οὐ
2733 4841 3015 4912 παρεῖδεν·
3053 4840 3189 4895 άλλά
3216 4842 3307 4895 τὸν
3341 4842 3441 4911 μὲν
3482 4842 3757 4913 συμϐεϐη-

2178 4932 2310 4997 κότα
2345 4931 2572 4999 θάνατον
2597 4934 2862 5005 ἀπήλειψε
2891 4936 2980 4989 διά
3012 4937 3111 5007 τῆς
3141 4939 3459 5008 προσφορᾶς
3492 4937 3588 4991 τοῦ
3625 4937 3754 4997 ἰδίου

2177 5118 2445 5161 tetzcrunt.

2511 5180 2664 5235 abest
2686 5197 2714 5234 a
2747 5180 2949 5234 Theod.
2976 5180 3042 5234 At
3068 5195 3197 5234 mss.
3226 5191 3281 5235 et
3300 5182 3432 5235 edit.
3453 5181 3673 5246 habent,
3697 5190 3756 5234 et

2178 5247 2422 5315 legerunt
2450 5249 2789 5305 Omnibonus
2815 5260 2868 5304 et
2894 5251 3146 5304 Ambros.
3180 5250 3424 5305 Camald.
3454 5250 3588 5308 Ibid.
3633 5262 3754 5316 post

2176 5319 2413 5387 θανάτῳ,
2435 5318 2714 5392 Theudor.
2738 5321 2898 5392 habet
2925 5322 3016 5375 καὶ
3040 5318 3213 5392 οὕτως
3246 5321 3439 5392 συνών.
3464 5323 3622 5392 Angl.
3656 5339 3754 5375 ve—

2182 5404 2263 5449 r0.
2289 5391 2379 5442 καὶ
2417 5390 2493 5452 ὡς
2517 5389 2709 5470 συγῴν.
2734 5389 2846 5470 ,ΛΙῘὶ
2880 5390 3222 5470 cu_m_editis,
3365 5387 3476 5470 οἷόν
3497 5387 3587 5470 δεῖ
3627 5393 3757 5470 Am—

2180 5459 2400 5513 brosius
2421 5460 2660 5514 Camald.
2695 5461 3123 5525 videturlegisse
3164 5471 3221 5513 ut
3248 5461 3458 5516 Theod.
3497 5459 3632 5513 Nam
3667 5462 3759 5513 hic

2177 5529 2365 5593 vertit,
2403 5546 2565 5596 eoque
2588 5530 2923 5583 commercio.
2952 5527 3287 5611 _'l‘lte0doreti
3329 5530 3619 5611 lectiqnem
3665 5544 3759 5583 se-

2175 5600 2264 5666 qui
2295 5601 2465 5651 visum
2494 5609 2598 5663 est,
2630 5610 2686 5652 ut
2706 5614 2824 5667 qua:
2863 5599 3137 5653 meliorem
3179 5614 3400 5654 sensum
3430 5601 3645 5654 efﬁciat.

2247 5668 2375 5743 (85)_
2400 5669 2760 5723 Goblerianus
2790 5680 2843 5723 et
2873 5667 3220 5723 Felckmanni
3257 5670 3280 5723 1
3318 5685 3640 5743 anonymus,
3685 5667 3762 5722 ἀ-

2177 5736 2434 5808 φθαρσίᾳ.

2250 5756 2282 5789 α
2327 5756 2434 5792 σιά.

2248 5756 2359 5879 (8%)
2392 5794 2575 5869 'Editio
2608 5807 2892 5875 Commcl.,
2934 5807 3151 5879 πρέποι.
