4006 6504
257 434 346 490 113

1247 427 1504 494 ORATIO
1542 429 1628 483 DE
1669 428 2188 484 INCABNATIONE
2230 427 2454 485 VERBI.
2525 501 2529 506 _

3365 429 3465 484 114

254 548 495 618 σώματος,
544 544 638 615 τὴν
677 545 736 598 δὲ
790 545 1048 616 ἀμέλειαν
1102 543 1281 598 αὐτῶν
1333 544 1678 616 διωρθώσατο
1728 549 1791 617 τῇ

1903 546 2248 603 instauravit.
2289 545 2412 598 llaec
2441 551 2621 599 autem
2657 544 3025 616 theologorum
3065 543 3362 600 Salvatoris
3383 548 3466 598 di-

253 636 420 693 ίαυτοῦ
449 635 785 708 διδασκαλία,
814 637 988 690 πάντα
1020 636 1090 691 τὰ
1115 637 1223 691 τῶν
1255 637 1555 709 ἀνθρώπων
1580 637 1666 690 διὰ
1701 639 1798 709 τῆς

250 727 418 784 ἑαυτοῦ
447 726 731 797 δυνάμεως
761 725 1132 799 κατορθώσας.
1177 726 1364 782 Ταῦτα
1401 728 1458 782 δὲ
1502 729 1598 784 καὶ
1647 727 1798 800 παρά

250 822 340 874 τῶν
366 818 521 873 αὐτοῦ
552 817 647 872 τοῦ
682 820 930 892 Σωτῆρος
954 819 1215 888 θεολόγων
1241 820 1451 892 ἀνδρῶν
1478 819 1798 875 πιστοῦσθαί

249 933 318 980 τις
351 915 558 969 δύναται
599 914 942 984 ἐντυγχάνων
985 915 1097 978 τοῖς
1126 913 1347 967 ἐκείνων
1389 914 1732 986 γράμμασιν,

251 1007 343 1075 (87)
373 1023 552 1075 φασιν·
601 1007 676 1061 Ἡ
709 1007 821 1076 γὰρ
853 1006 1050 1076 ἀγάπη
1097 1007 1201 1060 τοῦ
1239 1007 1496 1075 Χριστοῦ
1548 1007 1798 1076 συνέχει

248 1096 380 1167 ἡμᾶς
413 1098 736 1166 κρίναντας
764 1098 958 1162 τοῦτο,
1001 1096 1110 1162 ὅτι,
1153 1099 1206 1150 εί
1236 1094 1324 1163 εἷς
1373 1096 1526 1166 ὑπὲρ
1557 1095 1800 1150 πάντων

247 1189 530 1256 ἀπέθανεν,
582 1190 702 1260 ἄρα
738 1193 793 1246 ot
847 1190 1067 1256 πάντες
1117 1190 1418 1246 ἀπέθανον
1437 1207 1449 1219 ’
1499 1189 1596 1243 καί
1645 1189 1798 1258 ὑπὲρ

247 1282 455 1335 πάντων
483 1282 808 1348 ἀπέθανεν,
846 1284 946 1337 ἵνα
974 1281 1143 1351 ἡμεῖς
1169 1281 1380 1351 μηκέτι
1424 1280 1657 1346 ἑαυτοῖς
1694 1278 1796 1340 ζῶε

243 1389 352 1441 μεν,
392 1373 552 1427 ἀλλὰ
589 1372 672 1438 τῷ
711 1372 864 1442 ὑπὲρ
908 1372 1078 1442 ἡμῶν
1107 1373 1468 1427 ἀποθανόντι
1507 1370 1604 1424 καὶ
1648 1370 1796 1423 ἀνα-

245 1466 426 1518 στάντι
455 1467 524 1519 ἐκ
571 1464 826 1533 νεκρῶν,
867 1463 946 1530 τῷ
983 1463 1177 1532 Κυρίῳ
1220 1461 1388 1532 ἡμῶν
1433 1460 1626 1528 Ἰησοῦ
1666 1461 1798 1528 Χρι-

245 1553 372 1620 στῷο
401 1555 490 1609 καὶ
523 1555 725 1609 πάλιν·
774 1554 886 1609 Τὸν
913 1554 981 1608 δὲ
1015 1554 1218 1622 ,ϐραχύ
1260 1570 1314 1606 τι
1344 1552 1478 1620 παρ’
1505 1551 1798 1622 ἀγγέλους

244 1644 635 1715 ἠλαττωμένον
668 1644 782 1715 (88)
819 1645 1130 1715 βλέπομεν
1177 1645 1410 1712 Ἰησοῦν
1447 1643 1544 1698 διὰ
1585 1643 1652 1698 τὸ
1684 1641 1796 1696 πάι-

243 1743 371 1804 θημα
391 1737 492 1792 τοῦ
521 1725 789 1792 θανάτου
814 1736 962 1804 δόξῃ
991 1737 1087 1790 καί
1119 1735 1256 1805 τιμῇ
1282 1735 1793 1804 ἐστεφανωμένον,

243 1830 373 1896 ὅπως
410 1830 610 1899 χάριτι
645 1831 795 1884 Θεοῦ
825 1829 976 1896 ὑπὲρ
1016 1827 1242 1893 παντὸς
1280 1828 1565 1898 γεύσηται
1619 1825 1798 1881 θανά-

1904 637 2236 704 scipulorum
2266 637 2589 690 auctoritate
2630 635 2954 691 confirmare
2985 638 3184 706 poterit
3226 637 3470 706 quisquis

1903 725 2114 779 illorum
2153 726 2352 795 scripta
2397 725 2606 794 legerit,
2653 725 2738 779 ubi
2795 727 2944 779 aiunt
2983 744 2997 780 :
3054 727 3296 780 Charitas
3332 726 3470 779 enim

1901 815 2101 871 Christi
2141 827 2286 888 urget
2323 834 2438 882 nos,
2471 819 2792 873 a'stimantes
2828 821 2948 882 hoc,
2977 821 3223 888 quoniam
3254 820 3299 872 si
3335 834 3468 871 unus

1898 925 1992 976 pro
2025 909 2267 960 omnibus
2297 919 2534 962 mortuus
2563 916 2661 971 est,
2699 925 2820 978 ergo
2864 925 3040 962 omnes
3071 911 3260 962 mortui
3301 919 3420 962 sunt
3449 924 3468 961 :

1898 1010 1946 1052 et
1980 1016 2073 1068 pro
2101 1001 2340 1052 omnibus
2378 1012 2612 1053 mortuus
2637 1011 2732 1064 est,
2763 1011 2818 1053 ut
2853 1017 2947 1054 nos
2983 1017 3084 1053 non
3115 1000 3341 1065 amplius
3375 1016 3470 1052 no-

1900 1093 1976 1145 bis
2016 1092 2267 1154 riramns,
2301 1091 2390 1144 sed
2438 1092 2486 1145 ei
2523 1093 2611 1161 qui
2657 1110 2751 1160 pro
2783 1094 2931 1146 nobis
2981 1103 3217 1146 mortuus
3259 1101 3334 1144 est
3367 1102 3414 1145 et
3444 1109 3471 1144 e

1897 1185 2116 1237 mortuis
2169 1186 2472 1249 resurrexit,
2513 1185 2737 1240 Domino
2793 1194 2973 1238 nostra
3005 1184 3134 1239 Jesu
3166 1184 3374 1240 Christo
3401 1183 3469 1240 ³⁸.

1899 1275 1964 1327 Ει
2001 1289 2210 1328 rursum
2242 1293 2255 1328 :
2295 1274 2432 1328 Eum
2473 1286 2666 1341 autem,
2715 1277 2803 1344 qui
2857 1277 3058 1330 modico
3096 1295 3250 1348 quam
3300 1279 3472 1346 angeli

1898 1369 2189 1421 minoratus
2229 1378 2324 1433 est,
2376 1369 2611 1423 uidemus
2659 1369 2862 1431 Jesum,
2911 1380 3127 1438 propter
3173 1370 3470 1438 passionem

1897 1459 2102 1524 mortis,
2133 1459 2302 1529 gloria
2329 1469 2376 1512 et
2403 1460 2601 1512 honore
2627 1470 2954 1527 coronatum,
2977 1471 3031 1513 ut
3060 1463 3227 1529 gratia
3255 1459 3352 1515 Dei
3376 1477 3470 1526 pro

1897 1551 2135 1603 omnibus
2180 1560 2412 1621 gustaret
2452 1562 2669 1604 mortem
2707 1551 2773 1603 ⁸⁸.
2804 1550 2994 1606 Postea
3034 1551 3172 1605 idem
3205 1552 3468 1605 rationem

1897 1638 2053 1694 all‘ert
2079 1656 2176 1694 cur
2203 1657 2307 1694 non
2335 1642 2649 1710 .oportuerit
2697 1641 2884 1705 alium,
2921 1656 3080 1711 quam
3128 1641 3293 1696 Deum
3337 1643 3472 1697 Ver-

1897 1730 2046 1797 bum,
2109 1732 2381 1787 hominem
2425 1732 2586 1786 lieri:
2647 1731 2872 1785 Decebat
2911 1732 3046 1785 enim
3088 1747 3226 1796 eum,
3279 1731 3468 1799 inquit,

1897 1832 2105 1893 promer
2133 1840 2283 1891 quem
2318 1823 2516 1886 omnia,
2548 1833 2593 1876 et
2621 1840 2715 1891 per
2743 1839 2895 1892 quem
2929 1823 3127 1887 omnia,
3156 1823 3245 1893 qui
3273 1821 3470 1876 multos

242 1937 340 1973 του.
371 1915 497 1972 Εἶτα
533 1921 634 1973 καὶ
662 1919 762 1990 τὴν
800 1918 978 1971 αἰτίαν
1006 1916 1096 1970 τοῦ
1132 1917 1206 1988 μὴ
1245 1915 1401 1969 ἄλλον
1427 1916 1534 1970 δεῖν
1569 1915 1602 1986 ἢ
1633 1914 1791 1969 αὐτὸν

1895 1913 2038 1980 ﬁlios
2077 1914 2129 1988 in
2158 1913 2380 1983 gloriam
2423 1913 2741 1978 adduxerat,
2781 1924 3045 1966 auctorem
3076 1914 3260 1966 salutis
3289 1929 3469 1966 eorum

240 2009 310 2061 τὸν
357 2009 480 2062 Θεὸν
539 2010 718 2077 Λόγον
785 2008 1200 2080 ἑνανθρωπῆσαι
1265 2007 1514 2080 σημαίνει
1577 2006 1750 2076 λέγων
1774 2024 1787 2037 ·

242 2101 462 2167 Ἔπρεπε
503 2101 620 2172 γὰρ
659 2100 842 2166 αὐτῷ,
880 2100 954 2154 δι’
995 2100 1066 2154 ὃν
1096 2101 1168 2154 τὰ
1201 2100 1424 2166 πάντα,
1462 2098 1561 2152 καὶ
1611 2099 1684 2151 δι’
1717 2095 1790 2155 οὗ

237 2191 294 2244 τὰ
318 2192 528 2255 ⁸πάντα,
565 2192 840 2258 πολλοὺς
879 2191 1050 2258 υίοὺς
1092 2194 1177 2258 εὶς
1221 2190 1410 2256 δόξαν
1462 2191 1788 2260 ἀγαγόντα,

236 2281 320 2332 τὸν
349 2282 622 2352 ἀρχηγόν
662 2282 772 2350 τῆς
812 2283 1107 2351 σωτηρίας
1149 2281 1355 2354 αὐτῶν,
1385 2281 1482 2334 διὰ
1521 2280 1789 2348 παθημά-

234 2389 328 2425 των
360 2373 694 2428 τελειῶσαι.
745 2372 915 2426 Τοῦτο
951 2373 1008 2427 δὲ
1055 2373 1308 2445 σημαίνει
1342 2373 1536 2441 λέγων,
1585 2373 1660 2436 ὠς
1691 2373 1792 2426 οὐκ

234 2463 362 2517 ἄλλου
389 2462 461 2536 ἦν
491 2467 602 2520 ἀπὸ
635 2467 735 2536 τῆς
767 2465 1064 2536 γενομένης
1092 2465 1297 2536 φθορᾶς
1324 2467 1448 2529 τοὺς
1473 2463 1790 2535 ἀνθρώπους

232 2553 517 2622 ἀνενεγκεῖν
545 2554 579 2625 ἢ
611 2554 705 2607 τοῦ
740 2552 874 2608 Θεοῦ
905 2554 1078 2622 Λόγου
1111 2553 1205 2608 τοῦ
1242 2554 1337 2607 καὶ
1368 2553 1480 2624 (89)
1516 2553 1658 2607 κατὰ
1689 2553 1788 2626 τὴν

231 2645 374 2716 ἀρχὴν
405 2647 779 2717 πεποιηκότος
807 2643 1023 2707 αὐτούς.
1053 2643 1174 2698 Ὅτι
1206 2644 1263 2702 δὲ
1289 2644 1376 2698 διὰ
1403 2642 1500 2715 τὴν
1529 2643 1657 2715 περὶ
1680 2643 1789 2697 τῶν

229 2737 397 2805 ὁμοῐων
442 2737 717 2808 σωμάτων
769 2736 958 2790 θυσίαν
1010 2735 1172 2806 σῶμα
1215 2737 1310 2790 καὶ
1347 2736 1512 2797 αὐτὸς
1550 2737 1580 2789 6
1617 2736 1789 2805 Λόγος

230 2827 389 2882 ἔλαϐεν
425 2828 627 2899 ἑαυτῷ,
661 2829 756 2883 καὶ
788 2827 946 2881 τοῦτο
979 2829 1301 2900 σημαίνουσι
1326 2827 1600 2897 λέγοντεςο
1633 2827 1790 2882 Ἐπεί

229 2916 321 2976 οὖν
347 2924 417 2977 τὰ
471 2923 680 2976 παιδία
728 2920 1160 2988 κεκοινώνηκεν
1203 2922 1450 2990 αἵματος
1497 2921 1591 2974 καὶ
1644 2935 1788 2988 σαρ-

231 3012 332 3077 κὸς,
360 3013 464 3066 καὶ
509 3012 695 3078 αὐτὸς
740 3010 1178 3078 παραπλησίως
1215 3009 1476 3079 μετέσχε
1519 3007 1638 3062 τῶν
1681 3010 1789 3062 αὺ-

228 3101 341 3166 τῶν,
385 3105 493 3157 ἵνα
529 3102 627 3156 διὰ
674 3096 782 3156 τοῦ
833 3099 1091 3155 θανάτου
1151 3099 1501 3170 καταργήσῃ
1563 3099 1671 3153 τὸν
1719 3099 1786 3153 τὸ

228 3189 419 3256 κράτος
458 3190 679 3258 ἔχοντα
713 3188 820 3243 τοῦ
863 3187 1143 3255 θανάτου,
1187 3188 1462 3242 τουτέστι
1505 3187 1618 3241 τόν.
1656 3185 1784 3240 διὰ-

229 3282 404 3347 ϐολον,
433 3283 534 3335 καὶ
565 3279 893 3352 ἀπαλλάξῃ
937 3280 1207 3345 τούτους,
1239 3280 1371 3333 ὅσοι
1409 3279 1569 3348 φόϐῳ
1609 3277 1788 3333 θανά-

226 3389 312 3426 του
339 3374 438 3428 διὰ
470 3373 698 3440 παντὸς
743 3371 850 3426 τοῦ
877 3370 983 3439 ζῇν
1023 3371 1225 3441 ἔνοχοι
1271 3367 1435 3439 ἦσαν
1485 3370 1782 3436 δουλείας.

226 3463 290 3533 Τῇ
316 3464 423 3536 γὰρ
460 3465 552 3517 τοῦ
589 3464 721 3517 ἰδίου
752 3461 1002 3534 σώματος
1032 3461 1214 3534 θυσίᾳ,
1242 3463 1336 3515 καὶ
1362 3460 1510 3526 τέλος
1553 3460 1786 3532 ἐπέθηκε

223 3555 286 3625 τῷ
310 3557 428 3611 καθ’
455 3557 605 3628 ἡμᾶς
639 3558 809 3627 νόμῳ,
836 3555 930 3608 καὶ
957 3556 1128 3626 ἀρχὴν
1155 3553 1300 3624 ζωῆς
1329 3556 1460 3626 ἡμῖν
1493 3554 1785 3618 ὲκαίνισεν,

227 3647 397 3702 ἐλπίδα
449 3650 550 3721 τῆς
595 3647 946 3711 ἀναστάσεως
1001 3637 1266 3710 δεδωκώςέ
1319 3646 1534 3716 Ἐπειδὴ
1573 3645 1679 3718 γὰρ
1727 3643 1788 3710 ἐξ

225 3740 508 3812 ἀνθρώπων
553 3743 634 3804 είς
672 3738 991 3812 ἀνθρώπους
1031 3741 1059 3792 6
1106 3737 1332 3802 θάνατος
1374 3737 1665 3807 ἐκράτησε,
1699 3735 1788 3790 διὰ

226 3829 364 3882 τοῦτο
393 3831 555 3884 πάλιν
586 3829 676 3884 διὰ
697 3830 797 3899 τῆς
822 3828 1284 3902 ὲνανθρωπήσεως
1309 3827 1401 3882 τοῦ
1437 3827 1573 3880 Θεοῦ
1608 3827 1784 3895 Λόγου

225 3921 368 3989 ὴτοῦ
413 3923 642 3976 θανάτου
693 3921 985 3985 κατάλυσις
1030 3919 1243 3988 γέγονε,
1294 3920 1388 3972 καὶ
1428 3918 1594 3992 ἡτῆς
1640 3917 1786 3992 ζωῆς

227 4013 519 4079 ἀνάστασις,
547 4013 799 4082 λέγοντος
822 4011 913 4065 τοῦ
939 4010 1293 4083 χριστοφόρου
1311 4010 1502 4085 ἀνδρός
1519 4026 1533 4039 ο
1552 4008 1785 4077 Ἐπειδὴ

231 4105 324 4172 γὰρ
375 4106 446 4159 δι’
491 4106 809 4174 ἀνθρώπου
859 4103 1146 4168 θάνατος,
1190 4103 1288 4156 καί
1347 4103 1421 4157 δι’
1473 4101 1786 4172 ἀνθρώπου

229 4196 545 4264 ἀνάστασις
603 4196 856 4265 νεκρῶν.
908 4196 1132 4264 Ὠσπερ
1190 4194 1302 4264 γὰρ
1359 4194 1430 4247 ἐν
1486 4192 1566 4259 τῷ
1617 4193 1791 4265 Ἀδὰμ

231 4291 429 4358 πάντες
456 4292 977 4360 ἀποθνήσκουσιν,
1003 4289 1191 4354 οὕτως
1219 4287 1318 4342 καὶ
1351 4287 1420 4340 ἐν
1451 4285 1531 4352 τῷ
1561 4285 1790 4355 Χριστῷ

231 4382 428 4451 πάντες
458 4383 998 4452 ζωοποιηθήσονται
1017 4397 1030 4410 ’
1055 4381 1150 4435 καὶ
1181 4380 1249 4433 τά
1271 4379 1478 4442 τούτοις
1501 4367 1787 4442 ἀκόλουθα,

1813 3233 1854 3291 C

1891 2017 1984 2068 per
2015 2003 2308 2067 passionem
2331 2017 2693 2055 consummare
2714 2003 2780 2054 ³⁸.
2805 2001 3007 2068 Quibus
3036 2002 3252 2071 quidem
3289 2002 3468 2056 verbis

1891 2091 2157 2161 signiﬁcat
2199 2107 2304 2147 non
2354 2091 2572 2145 alterius
2620 2091 2788 2146 fuisse
2847 2091 3090 2145 homines
3164 2093 3230 2145 ab
3279 2101 3465 2145 exorta

1892 2187 2238 2254 corruptione
2287 2200 2566 2249 revocare,
2601 2201 2760 2256 quam
2812 2183 2906 2237 Dei
2945 2183 3129 2248 Verbi,
3178 2203 3208 2240 a
3243 2202 3350 2256 quo
3399 2187 3467 2240 ab

1892 2278 2044 2333 initio
2072 2281 2237 2333 creati
2267 2288 2444 2334 erant.
2474 2278 2627 2346 Quod
2665 2287 2846 2334 autem
2883 2279 3084 2334 idcirco
3117 2279 3286 2349 ipsum
3327 2277 3460 2335 Ver-

1891 2371 2013 2424 bum
2055 2370 2156 2424 sibi
2206 2385 2401 2440 corpus
2435 2371 2662 2438 accepit,
2699 2380 2756 2424 ut
2794 2370 3013 2424 victima
3061 2387 3157 2441 pro
3193 2372 3460 2427 similibus

1889 2462 2206 2531 corporibus
2230 2461 2404 2526 ﬂeret,
2434 2461 2594 2515 iidem
2617 2477 2829 2531 quoque
2851 2463 2951 2518 hoc
2979 2466 3134 2517 modo
3153 2463 3424 2517 declarant
3449 2481 3463 2517 :

1891 2551 2028 2616 Quia
2056 2567 2177 2619 ergo
2205 2551 2353 2618 pueri
2392 2554 2905 2606 communicaverunt
2929 2554 3077 2606 carni
3120 2565 3166 2606 et
3197 2554 3462 2623 sanguini,

1888 2650 1936 2694 et
1959 2643 2064 2710 ipse
2086 2641 2330 2693 similiter
2357 2639 2464 2712 45
2516 2643 2843 2709 participavit
2876 2643 3091 2706 eisdem,
3124 2651 3180 2694 ut
3211 2659 3302 2709 per
3329 2657 3466 2696 mor-

1887 2743 1988 2786 tem
2021 2734 2306 2787 destrueret
2341 2749 2458 2786 eum
2486 2735 2574 2800 qui
2605 2734 2822 2786 habebat
2857 2734 3038 2787 mortis
3069 2734 3342 2801 imperium
3365 2771 3380 2797 ,
3410 2732 3468 2784 id

1885 2835 1962 2878 est
2021 2824 2306 2886 diabolum,
2345 2835 2391 2877 et
2421 2825 2660 2877 liberaret
2695 2841 2804 2887 eos,
2847 2827 2935 2892 qui
2965 2825 3150 2877 timore
3177 2829 3353 2878 mortis
3376 2840 3466 2891 per

1890 2927 2050 2969 totam
2077 2915 2235 2968 vitam
2259 2914 2470 2968 obnoxii
2494 2924 2642 2967 erant
2675 2916 2911 2967 servituti
2938 2915 3003 2966 ⁸⁷.
3035 2914 3311 2982 Siquidem
3340 2929 3466 2982 pro-

1887 3006 2063 3075 prium
2094 3019 2291 3074 corpus
2345 3003 2695 3066 immolando,
2730 3004 2828 3073 legi
2874 3006 3163 3058 adversum
3211 3020 3308 3058 nos
3336 3004 3458 3058 lata:

1889 3096 2048 3150 ﬁtiem
2082 3094 2356 3163 imposuit,
2385 3103 2440 3147 et
2476 3093 2594 3146 vitae
2631 3094 2978 3162 principium,
3012 3108 3106 3162 spe
3138 3095 3455 3162 resurgendi

1887 3188 2030 3254 data,
2066 3187 2218 3242 nobis
2247 3185 2540 3240 innovavit.
2569 3184 2704 3250 Quia
2730 3186 2873 3238 enim
2906 3201 3052 3240 mors
3077 3201 3140 3240 es
3164 3187 3466 3241 hominibus

1891 3279 2032 3333 vires
2065 3279 2117 3332 in
2150 3277 2392 3331 homines
2433 3284 2736 3346 acceperat,
2770 3277 2894 3330 hinc
2921 3292 3013 3345 per
3040 3277 3203 3330 Deum
3232 3275 3463 3330 Verbum

1897 3371 2199 3427 hominibus
2238 3369 2435 3424 factum
2460 3411 2473 3434 ,
2516 3371 2706 3424 mortis
2741 3369 2933 3425 solutio
2959 3379 3014 3424 et
3056 3372 3178 3424 vitae
3224 3387 3464 3426 resurre—

1892 3465 1999 3518 ctio
2038 3464 2178 3518 facta
2214 3471 2316 3531 est,
2354 3463 2431 3518 uti
2461 3462 2544 3518 vir
2580 3462 2796 3518 Christo
2840 3461 3027 3530 plenus
3059 3463 3134 3516 ait
3166 3483 3178 3517 :
3205 3463 3462 3529 Quoniam

1900 3557 2035 3611 enim
2063 3572 2154 3625 per
2185 3556 2443 3609 hominem
2474 3572 2634 3620 mors,
2666 3567 2710 3609 et
2742 3572 2833 3624 per
2875 3555 3136 3609 hominem
3159 3556 3463 3609 resurrectio

1887 3657 2231 3704 mortuorum.
2272 3643 2586 3712 Nam,sicut
2622 3649 2676 3701 in
2706 3649 2874 3701 Adam
2915 3663 3091 3701 omnes
3143 3650 3462 3709 moriuntur.

1885 3737 1958 3791 ita
1981 3749 2026 3790 et
2050 3738 2103 3790 in
2123 3737 2326 3791 Christo
2348 3753 2524 3792 omnes
2543 3737 2947 3806 viviﬁcabuntur
2969 3737 3035 3802 ⁸⁸,
3059 3748 3113 3791 ει
3129 3748 3318 3791 uetera
3343 3752 3464 3806 qua:

1884 3839 2198 3899 sequuntur.
2235 3829 2350 3883 Non
2387 3829 2529 3886 enim
2561 3828 2670 3899 jam
2716 3839 2772 3884 ut
2807 3829 3096 3884 damnandi
3147 3829 3407 3884 morimur
3445 3845 3462 3884 :

1885 3921 1977 3976 sed
2003 3933 2251 3991 tanquam
2268 3939 2296 3976 a
2321 3923 2548 3978 mortuis
2563 3923 2832 3978 excitandi
2861 3938 3198 3978 communem
3222 3921 3460 3976 omnium

1889 4015 2336 4069 resurrectionem
2357 4025 2757 4085 exspectamus,
2779 4029 2936 4084 quam
2957 4015 3207 4069 nimirum
3232 4014 3463 4084 propriis

1891 4106 2222 4175 temporibus
2247 4104 2364 4175 ejus
2395 4116 2582 4161 auctor
2607 4116 2662 4161 ct
2691 4107 2914 4176 largitor
2948 4107 3086 4161 Deus
3129 4106 3463 4161 exhibiturus

1888 4206 1994 4251 est.
2029 4195 2215 4267 Itaque
2246 4199 2358 4253 haec
2385 4199 2555 4268 prima
2582 4209 2663 4253 est
2695 4214 2878 4262 causa,
2910 4215 3007 4255 cur
3037 4197 3283 4251 Salvator
3305 4198 3465 4252 homo

1887 4287 2062 4344 lactus
2083 4299 2182 4344 est.
2203 4289 2466 4345 Praeterea
2509 4305 2628 4345 eum
2659 4291 3038 4344 convenienter
3075 4288 3359 4343 admodum
3389 4289 3454 4341 ad

1889 4395 1988 4434 nos
2013 4381 2320 4444 advenisse,
2352 4393 2416 4434 ex
2443 4379 2526 4433 his
2552 4394 2764 4448 quoque
2795 4379 2918 4433 licet
2946 4379 3239 4448 percipere.

232 4477 402 4530 Οὐκέτι
442 4479 548 4551 γὰρ
581 4478 678 4531 νῦν
719 4477 795 4540 ὡς
845 4475 1298 4548 κατακρινόμενοι
1340 4473 1784 4544 ἀποθνήσκομεν,
1822 4473 1936 4526 ἀλλ’
1972 4476 2048 4538 ὡς
2101 4475 2438 4544 ἐγειρόμενοι
2479 4473 2840 4542 περιμένομεν
2894 4474 2992 4542 τὴν
3029 4473 3212 4544 κοινὴν
3246 4470 3461 4523 πάντων

233 4565 520 4633 ἀνάστασιν,
548 4569 616 4640 ἣν
639 4569 851 4640 καιροῖς
886 4569 1037 4638 ἰδίοις
1065 4567 1230 4634 δείξει
1256 4568 1284 4619 6
1303 4567 1394 4622 καὶ
1412 4565 1614 4634 ταύτην
1640 4564 2014 4636 ἐργασάμενος
2042 4567 2135 4618 καὶ
2167 4566 2528 4636 χαρισάμενος
2549 4564 2696 4627 Θεός.
2716 4563 2873 4616 Λίτία
2906 4564 3003 4633 μὲν
3034 4563 3096 4632 δὴ
3126 4561 3314 4634 πρώτη
3349 4563 3458 4633 (90)

234 4657 315 4727 τῆς
348 4662 804 4735 ὲνανθρωπήσεως
831 4660 924 4715 τοῦ
971 4656 1220 4732 Σωτῆρος
1264 4661 1426 4730 αὕτη.
1475 4658 1634 4728 Γνοίη
1672 4657 1717 4711 δ’
1747 4659 1814 4714 ἄν
1849 4676 1931 4722 τις
1973 4659 2136 4720 αὐτοῦ
2173 4659 2272 4730 τὴν
2301 4656 2510 4728 ἀγαθὴν
2549 4657 2628 4718 εἰς
2697 4656 2843 4726 ἡμᾶς
2882 4653 3182 4725 παρουσίαν
3218 4652 3457 4721 εὐλόγως

236 4751 530 4824 γεγενῆσθαι
561 4751 660 4806 καὶ
691 4753 758 4804 ἐκ
788 4750 1014 4807 τούτων.

294 4843 367 4898 ll.
418 4845 475 4901 '0
512 4846 648 4910 Θεὸς
693 4847 725 4899 6
765 4846 982 4900 πάντων
1018 4845 1156 4916 ἔχων
1195 4844 1257 4898 τὸ
1306 4845 1537 4916 κράτος,
1581 4844 1668 4896 ὅτε
1723 4843 1784 4897 τὺ

1956 4840 2044 4894 11.
2087 4838 2246 4904 Deus,
2282 4836 2373 4907 qui
2409 4851 2587 4891 rerum
2619 4836 2857 4891 omnium
2890 4835 3146 4893 Dominus
3184 4846 3286 4900 est.
3335 4853 3456 4893 cum

236 4930 322 4985 τῶν
365 4935 664 5009 ἀνθρώπων
710 4937 866 5006 γένος
906 4935 992 4990 διὰ
1041 4936 1134 4990 τοῦ
1181 4936 1311 4990 ίδίου
1350 4936 1524 5004 Λόγου
1578 4935 1752 4989 ἐποίει
1772 4974 1788 5000 ,

236 5024 436 5078 κατιδὼν
467 5027 630 5080 πάλιν
654 5025 753 5098 τὴν
783 5025 1069 5081 ἀσθένειαν
1105 5026 1208 5097 τῆς
1237 5024 1453 5097 φύσεως
1479 5025 1680 5112 αὐτῶν,
1715 5025 1788 5090 ὡς

121 5154 126 5158 .
233 5112 313 5197 οίιχ
337 5116 485 5200 ἱκανὴ
515 5117 600 5187 είη
633 5117 691 5184 ἐξ
720 5118 916 5187 ἑαυτῆς
946 5117 1146 5186 γνῶναι
1171 5118 1263 5172 τὸν
1293 5116 1653 5188 Δημιουργὸν,
1684 5115 1790 5169 οὐδ’

233 5193 348 5270 ὅλως
384 5193 590 5265 titiam
629 5208 812 5262 λαϐεῖν
854 5209 1023 5274 Θεοῦ,
1069 5210 1150 5281 τῷ
1195 5210 1286 5263 τὸν
1327 5207 1425 5278 μὲν
1473 5203 1612 5261 εἶναι
1653 5207 1788 5279 (91)

232 5292 489 5369 ἀγένητον,
531 5299 604 5355 τὰ
635 5300 693 5353 δὲ
724 5298 784 5364 ἐξ
812 5300 913 5354 οὐκ
959 5299 1130 5353 ὄντων
1178 5299 1528 5370 γεγενῆσθαι,
1565 5299 1658 5352 καὶ
1698 5300 1788 5352 τὸν

291 5390 330 5420 ⁸³
367 5392 405 5446 ll
431 5393 557 5449 Cor.
581 5409 636 5460 v,
665 5393 754 5459 ﬂ,
799 5392 888 5448 15.
963 5394 1012 5426 ⁵⁸
1055 5393 1217 5448 Hebr.
1268 5392 1407 5456 ",9.
1483 5391 1528 5423 “
1554 5391 1681 5447 ibid.
1727 5392 1814 5447 10.

292 5505 394 5579 (87)
419 5507 639 5579 Gobler.
671 5516 726 5562 et
772 5506 1010 5569 Felckm.
1034 5508 1060 5562 1
1113 5523 1302 5572 anon.,
1335 5501 1438 5569 οἷς.
1472 5505 1638 5561 Paulo
1663 5518 1786 5576 post

231 5575 273 5626 εί
302 5575 412 5642 post
431 5578 532 5644 ὅτι,
561 5579 822 5632 omittunt
853 5579 1008 5642 editi,
1034 5579 1236 5634 habent
1255 5592 1384 5630 vero
1407 5586 1585 5630 mss.."

293 5645 395 5714 (88)
415 5647 823 5718 Ἦλαττωμένον
861 5650 1015 5718 abest
1055 5665 1085 5702 a
1125 5646 1341 5707 Gobler,
1388 5654 1449 5718 et
1474 5646 1710 5705 Felekm.
1754 5647 1788 5701 5

231 5725 387 5787 anon.
419 5717 582 5772 lidem
615 5715 989 5787 post‘l'qooﬁv.
1023 5718 1226 5787 addunt
1251 5715 1501 5787 Χριστόν.

293 5784 398 5847 (89)
427 5788 530 5840 Καί
561 5784 718 5843 deest
755 5784 1067 5844 in'Gobler.
1106 5796 1160 5840 ct
1190 5785 1426 5841 Fetrkm.
1458 5789 1482 5840 1
1510 5803 1675 5843 anon.

294 5854 399 5924 (90)
437 5856 630 5932 Πρώτη
673 5859 827 5914 abest
858 5873 886 5912 a
916 5857 1072 5914 Gobl.
1104 5867 1158 5910 et
1189 5855 1366 5912 Felrk.
1419 5855 1442 5908 l
1488 5871 1574 5910 an.
1621 5854 1783 5910 Iidem

1892 4933 2172 4988 hominum
2197 4944 2366 4998 genus
2391 4944 2488 4998 per
2515 4930 2796 5000 proprium
2827 4929 3058 4984 Verbum
3083 4931 3311 4994 creavit,
3340 4930 3458 4998 ejus

1889 5034 2096 5080 natura:
2140 5021 2509 5078 imbecillitate
2542 5031 2849 5092 perspecta,
2898 5038 3018 5093 qua:
3059 5023 3268 5079 scilicet
3310 5032 3457 5078 tanta

1887 5126 1969 5172 est
2007 5124 2065 5169 ut
2092 5132 2156 5169 ex
2189 5115 2362 5184 seipsa
2404 5128 2506 5168 nec
2546 5114 2862 5170 Creatorem
2893 5130 3219 5186 cognoscere
3263 5129 3362 5168 nec
3387 5113 3458 5170 do

1889 5209 1995 5263 Deo
2028 5207 2267 5276 cogitare
2318 5208 2508 5277 possit,
2543 5209 2686 5278 quod
2733 5206 2821 5261 ille
2859 5207 3075 5277 quidem
3115 5221 3218 5259 non
3254 5203 3450 5267 factus,

1887 5299 2000 5354 lucc
2029 5309 2206 5353 autem
2233 5313 2298 5353 ex
2329 5299 2496 5354 nihilo
2526 5301 2596 5353 sit
2615 5299 2750 5353 facta
2789 5317 2803 5352 :
2855 5297 2942 5352 ille
2991 5297 3229 5366 corporis
3259 5309 3454 5363 expers

1889 5393 1932 5423 "
1964 5391 2093 5446 ibid.
2117 5391 2204 5454 14,
2232 5390 2321 5450 15.
2394 5390 2441 5423 ⁸⁸
2479 5389 2652 5447 lCor.
2694 5406 2781 5455 xv,
2811 5388 2903 5453 21,
2939 5387 3028 5442 22.

1888 5513 2018 5578 ante
2046 5505 2186 5578 αβτη
2238 5507 2478 5578 addunt,
2517 5503 2611 5558 τοῦ
2654 5503 2902 5578 Σωτῇρος
2935 5499 3089 5578 ⁴ἡμῶν
3117 5497 3290 5568 Ἰησοῦ
3315 5497 3451 5578 ᾋριέ

1889 5575 2038 5629 στοῦ.
2070 5571 2195 5644 Seg'.
2245 5576 2396 5628 addit
2448 5583 2654 5627 tantum
2677 5571 2819 5644 ποῦ’
2840 5571 3106 5641 Σωτῆρος,
3139 5579 3203 5644 Διιι
3235 5579 3288 5622 et
3324 5571 3452 5640 legit

1887 5639 2240 5702 Omnibonus.
2266 5645 2370 5698 Alii
2403 5659 2525 5696 cum
2562 5641 2721 5695 editis
2752 5643 2847 5694 has
2866 5639 3024 5693 voces
3043 5639 3318 5692 omittunt.

1961 5715 2073 5787 (9|)
2106 5713 2411 5787 AGobleract
2436 5711 2670 5787 Felcltnr.
2699 5711 2720 5763 1
2750 5709 2941 5773 οιι.,τὸ
2977 5709 3082 5787 μὲν.
3107 5703 3264 5787 εἶναι.
3285 5707 3446 5787 lident

1889 5796 1943 5839 et
1968 5779 2526 5856 ‘Atiglicqﬁyévqrov.
2553 5781 2660 5834 Alii
2691 5795 2817 5834 vero
2838 5795 2960 5834 cum
3001 5780 3187 5842 editis,
3220 5779 3448 5849 ἀγέννη-

1889 5871 1999 5921 τον,
2025 5851 2203 5908 minus
2229 5851 2384 5903 bene.
