4006 6516
495 443 606 497 H5

1073 439 1131 493 ὃ.
1177 440 1549 494 ATHANASII
1592 438 1741 493 OPP.
1783 437 1964 492 PARS
2001 437 2041 494 Ι.
2080 466 2146 475 -
2188 432 2560 489 illSTORlCA
2604 431 2691 485 ET
2733 429 3142 486 DOGMATICA.

3661 430 3756 483 ll6

488 573 581 628 stt,
612 560 857 613 homines
889 574 1018 613 vero
1046 562 1293 629 corporei
1327 560 1437 615 sint
1467 558 1635 613 creati
1669 576 1683 612 :
1723 571 1787 612 ac
1832 557 2052 626 denique

2173 554 2269 624 μὲν
2322 551 2616 622 ἀσώματον
2675 547 2846 612 εἶναι,
2911 550 3039 611 τοὺς
3092 548 3149 602 δὲ
3213 546 3533 617 ἀνθρώπους
3606 548 3756 601 κάτω

487 652 628 721 quod
658 651 814 707 valde
850 651 1020 706 multa
1048 653 1213 708 rebus
1244 652 1446 707 creatis
1475 651 1653 705 desint
1685 651 1753 705 ad
1788 649 2065 706 Creatoris

484 741 847 814 cognitionem
877 743 1307 812 assequendam;
1356 743 1561 799 idcirco
1593 742 1817 798 humani
1849 742 2064 809 generis

486 834 597 901 ille,
630 844 817 903 utpote
863 835 1056 899 bonus,
1092 835 1369 901 misertus,
1406 836 1488 890 sui
1526 836 1835 906 cognitione
1864 848 2065 888 vacuos

483 940 581 981 eos
612 925 782 980 noluit
809 925 1107 991 dimittere,
1133 936 1191 979 ut
1217 942 1283 981 ne
1307 926 1509 981 frustra
1541 928 1891 981 exsisterent.
1923 926 2061 993 Quid

485 1017 629 1071 enim
658 1016 910 1071 utilitatis
946 1018 1107 1072 rebus
1136 1016 1293 1073 factis
1315 1029 1497 1088 posset
1523 1035 1663 1085 esse,
1688 1018 1734 1073 si
1763 1034 1918 1072 suum
1948 1018 2063 1087 opi-

488 1110 642 1165 licem
695 1109 1045 1180 ignorarent?
1091 1108 1186 1164 Vel
1233 1111 1506 1179 quomodo
1554 1111 1801 1165 homines
1836 1110 2062 1165 rationis

482 1213 670 1258 essent
704 1202 1019 1272 participes,
1050 1203 1094 1257 si
1130 1203 1308 1257 Patris
1340 1203 1627 1258 Rationem
1679 1203 1793 1258 sive
1822 1202 2060 1258 Verbum

485 1296 536 1348 in
566 1310 673 1364 quo
701 1294 828 1349 facti
859 1307 983 1350 sunt
1015 1296 1327 1351 nescirent?
1357 1296 1518 1351 Certe
1540 1296 1683 1351 nulla
1709 1296 1763 1351 in
1800 1311 1856 1351 re
1880 1294 2061 1351 diﬂ‘er-

484 1397 604 1441 rent
634 1402 664 1441 a
695 1388 870 1443 brutis
915 1389 1309 1453 animantibus,
1342 1389 1389 1444 si
1437 1389 1572 1443 nihil
1607 1401 1806 1459 prater
1842 1399 2057 1444 terrena

490 1489 897 1546 cognoscerent.
930 1478 995 1533 Et
1026 1494 1156 1535 vero
1179 1480 1311 1550 quid
1341 1480 1481 1536 Deus
1510 1481 1631 1536 illos
1661 1481 1978 1545 creavisset,
2013 1482 2057 1535 si

482 1571 548 1624 ab
581 1571 688 1625 illis
715 1570 982 1625 noluisset
1012 1573 1309 1642 cognosci?
1347 1572 1713 1643 Quapropter,
1744 1587 1865 1628 cum
1883 1572 2057 1627 bonus

481 1663 572 1727 sit,
601 1679 670 1719 ne
696 1664 746 1718 id
772 1664 946 1733 fieret,
971 1666 1202 1735 propriae
1223 1666 1472 1736 imaginis
1500 1666 1707 1721 Domini
1732 1666 1903 1721 nostri
1931 1664 2055 1719 Jcsu

479 1756 681 1811 Christi
715 1757 839 1811 illos
867 1760 1159 1826 participes
1189 1759 1442 1822 reddidit,
1478 1767 1533 1813 et
1564 1761 1628 1811 ad
1667 1774 1819 1812 suam
1867 1757 2057 1825 imagi-

482 1866 605 1903 nem
649 1866 713 1905 ac
753 1850 1166 1905 similitudinem
1212 1850 1362 1916 fecit,
1412 1860 1468 1904 ut
1511 1850 1815 1919 hujusmodi
1866 1851 2055 1917 gratia:

2172 667 2274 702 που
2310 650 2426 718 (92)
2474 646 2686 717 σώματι
2720 644 3051 707 πεπλάσθαι,
3081 645 3175 697 καὶ
3207 643 3346 708 ὅλως
3372 643 3573 713 πολλὴν
3613 640 3752 696 εἶναι

2170 742 2268 812 τὴν
2294 739 2404 793 τῶν
2440 738 2683 809 γενητῶν
2709 737 2940 807 ἔλλειψιν
2971 735 3108 808 πρὸς
3140 735 3238 807 τὴν
3267 735 3361 788 τοῦ
3391 734 3756 804 πεποιηκότος

2171 828 2476 899 κατάληψιν
2521 829 2616 881 καὶ
2654 827 2892 896 γνῶσιν
2932 828 3164 897 ἐλεήσας
3201 826 3363 881 πάλιν
3402 825 3463 878 τὸ
3501 826 3663 893 γένος
3695 827 3755 878 τὸ

2170 919 2529 991 ἀνθρώπινον,
2572 918 2666 972 ἀτε
2696 918 2759 989 δὴ
2805 916 3008 987 ἀγαθὸς
3041 917 3138 981 ὢν,
3180 918 3278 971 οὐκ
3314 917 3528 987 ἀφῆκεν
3558 918 3753 980 αὐτοὺς

2170 1013 2408 1083 ἐρήμους
2434 1010 2532 1081 τῆς
2567 1009 2756 1064 ἑαυτοῦ
2782 1009 3055 1079 γνώσεως,
3086 1011 3174 1064 ἵνα
3203 1010 3277 1082 μὴ
3304 1011 3561 1081 ἀνόνητον
3590 1010 3756 1080 ἔχωσι

2167 1102 2263 1154 καὶ
2284 1103 2345 1155 τὸ
2374 1102 2485 1172 (95)
2514 1098 2673 1155 εἶναι.
2702 1103 2838 1154 Ποία
2862 1102 2973 1172 γὰρ
3006 1101 3190 1172 ὄνησις
3225 1104 3337 1165 τοῖς
3361 1101 3753 1172 πεποιημένοις

2172 1194 2244 1265 μὴ
2271 1194 2597 1262 γινώσκουσι
2624 1194 2716 1247 τὸν
2742 1193 2953 1248 ἑαυτῶν
2993 1195 3252 1265 ποιητὴν;
3281 1194 3351 1245 Ἢ
3383 1192 3499 1256 πῶς
3540 1192 3609 1246 ἂν
3640 1188 3751 1245 εἷεν

2167 1283 2371 1352 λογικοὶ
2415 1285 2488 1355 μὴ
2532 1284 2893 1353 γινώσκοντες
2928 1285 3021 1338 τὸν
3057 1284 3149 1337 τοῦ
3204 1284 3417 1354 Πατρὸς
3458 1285 3650 1353 Λόγον,
3696 1287 3751 1337 ἐν

2164 1369 2208 1441 ᾧ
2238 1377 2331 1428 καὶ
2372 1375 2690 1444 γεγόνασιν;
2734 1376 2898 1429 Οὐδὲν
2938 1376 3048 1446 (94)
3087 1376 3198 1447 γὰρ
3235 1375 3355 1428 οὐδὲ
3385 1375 3596 1444 ἀλόγων
3639 1374 3751 1429 δια-

2167 1469 2354 1539 φέρειν
2390 1468 2633 1539 ἔμελλον,
2677 1471 2724 1522 εί
2772 1468 2934 1523 πλέον
2979 1469 3129 1521 οὐδὲν
3161 1468 3272 1521 τῶν
3310 1468 3607 1540 περιγείων
3654 1470 3750 1522 ἐπ-

2164 1562 2480 1629 εγίνωσκον.
2521 1563 2587 1615 Τί
2619 1562 2673 1615 δὲ
2714 1562 2807 1615 καὶ
2836 1564 2864 1616 6
2895 1562 3028 1625 Θεὸς
3062 1562 3234 1615 ἐποίει
3273 1560 3515 1626 τούτους,
3550 1561 3646 1630 ἀφ’
3674 1555 3748 1614 ὧν

2163 1654 2262 1705 οὐκ
2295 1651 2523 1724 ἠθέλησε
2579 1653 2973 1722 γινώσκεσθαι;
3020 1652 3183 1705 Ὅθεν
3216 1654 3301 1717 ἵνα
3350 1652 3425 1723 μὴ
3469 1653 3631 1705 τοῦτο
3665 1653 3750 1719 γέ-

2161 1760 2337 1813 νηται,
2372 1743 2573 1810 ἀγαθὸς
2612 1743 2708 1806 ὢν,
2734 1746 2833 1814 τῆς
2878 1743 3014 1807 ιδίας
3057 1742 3262 1805 εἰκόνος
3292 1743 3474 1805 αὐτοῖς
3505 1742 3600 1795 τοῦ
3644 1743 3749 1793 Κυ-

2166 1835 2281 1906 ρίου
2328 1835 2483 1906 ἡμῶν
2523 1834 2699 1905 Ἰησοῦ
2752 1835 2993 1906 Χριστοῦ
3054 1835 3409 1905 μεταδίδωσι,
3456 1835 3554 1886 καὶ
3604 1838 3748 1887 ποιεῖ

480 1956 581 2011 ope
612 1942 927 2012 imaginem,
958 1942 1133 1997 Patris
1160 1943 1409 1999 videlicet
1438 1942 1693 2007 Verbum,
1716 1945 1898 1999 animo
1926 1961 2050 2000 con-

2158 1924 2373 1989 τούτους
2410 1926 2549 1979 κατά
2591 1926 2688 1996 τὴν
2714 1925 2907 1979 ἑαυτοῦ
2941 1926 3122 1980 εἰκόνα
3162 1927 3256 1979 καὶ
3283 1926 3404 1978 καθ’
3444 1926 3707 2001 ὁμοίωσιν
3729 1928 3769 1953 ’⁷

479 2034 763 2103 cipientes,
812 2034 990 2100 Patris
1033 2036 1397 2106 cognitionem
1457 2051 1553 2107 per
1605 2037 1781 2106 ipsum
1835 2041 2047 2107 assequi

478 2136 721 2194 possent,
747 2138 800 2183 et
824 2127 1136 2183 Creatorem
1164 2131 1561 2197 cognoscendo,
1591 2129 1802 2184 felicem
1833 2146 1895 2184 ac
1925 2146 2051 2184 vere

478 2217 691 2271 beatam
739 2217 905 2272 vitam
945 2219 1211 2272 viverent.
1251 2217 1449 2273 Verum
1496 2218 1673 2272 insani
1719 2234 1907 2273 rursus
1950 2222 2050 2274 ho-

479 2309 651 2363 mines
697 2310 836 2364 ltauc
883 2312 1048 2363 etiam
1097 2311 1199 2364 sibi
1250 2310 1579 2380 impertitam
1621 2312 1851 2382 gratiam
1900 2314 2047 2381 parvi

476 2402 792 2467 pendentes,
822 2403 893 2455 ita
924 2417 1041 2457 sese
1077 2416 1106 2455 a
1143 2403 1250 2456 Deo
1279 2411 1592 2457 averterunt
1617 2412 1672 2457 et
1697 2404 1934 2457 animum
1964 2405 2051 2458 in-

475 2492 862 2561 quinaverunt,
907 2504 1098 2547 utnon
1134 2494 1307 2549 solum
1344 2494 1437 2549 Dei
1474 2496 1747 2549 notionem
1780 2495 2050 2552 oblivione

476 2584 796 2649 deleverint,
838 2587 932 2639 sed
966 2585 1130 2639 etiam
1174 2585 1277 2639 alia
1319 2602 1417 2656 pro
1446 2586 1564 2641 aliis
1594 2588 1694 2642 sibi
1723 2586 2046 2645 ellinxerint.

477 2673 679 2743 Nempe
713 2675 999 2730 simulacra
1032 2692 1130 2745 pro
1165 2680 1389 2732 veritate
1416 2679 1515 2734 sibi
1549 2678 1871 2747 formavere,
1902 2691 1956 2737 et
1985 2698 2048 2737 ea

475 2777 597 2829 qua:
635 2762 767 2817 nihil
791 2774 949 2817 erant
983 2764 1091 2819 Deo
1119 2766 1208 2834 qui
1236 2782 1360 2823 vere
1392 2779 1476 2823 est
1509 2769 1811 2839 praetulere,
1843 2775 2046 2840 potius-

474 2869 584 2923 que
639 2866 904 2910 creatura!
932 2872 1093 2927 quam
1119 2857 1363 2914 Creatori
1400 2863 1728 2917 servierunt.
1768 2862 1875 2919 Sed
1906 2866 2046 2935 quod

478 2946 871 3014 nequissimum
898 2959 998 3011 est,
1033 2952 1197 3005 etiam
1226 2953 1292 3005 ad
1331 2952 1495 3022 ligna,
1529 2955 1596 3009 ad
1645 2954 1849 3024 lapides
1889 2967 1943 3012 et
1980 2959 2046 3011 ad

476 3052 695 3092 omnem
740 3042 1025 3095 materiam
1070 3052 1230 3112 atque
1269 3046 1335 3101 ad
1377 3047 1624 3101 homines
1662 3048 1755 3103 Dei
1788 3051 2045 3105 honorem

480 3134 852 3196 traduxerunt,
900 3134 1093 3205 hisque
1138 3137 1312 3207 plura,
1365 3141 1441 3195 uti
1485 3156 1650 3211 supra
1693 3142 1895 3198 dictum
1941 3155 2043 3210 est,

477 3231 776 3290 patravere.
811 3223 1091 3295 Siquidem
1133 3238 1280 3283 tanta
1312 3230 1521 3286 illorum
1556 3233 1655 3287 fuit
1688 3235 1957 3304 impietas,
1990 3248 2046 3289 ut

475 3315 638 3367 etiam
680 3316 951 3373 daemones
986 3322 1234 3375 venerari
1281 3333 1338 3379 et
1386 3325 1517 3379 deos
1552 3327 1849 3396 appellare,
1886 3339 2047 3398 atque

478 3404 690 3459 illorum
734 3423 930 3478 parere
974 3411 1258 3480 cupiditati
1291 3430 1354 3468 ac
1386 3415 1595 3470 libidini
1632 3432 1736 3470 non
1770 3418 2049 3473 dubitave—

478 3496 606 3552 rint.
638 3496 881 3568 Namque
918 3499 1048 3566 illis,
1092 3505 1543 3571 quemadmodum
1575 3507 1828 3573 diximus,
1858 3520 1911 3562 et
1940 3510 2048 3565 bel—

478 3590 593 3646 luas
620 3602 672 3645 et
690 3592 956 3662 homines,
986 3605 1045 3649 ut
1072 3611 1165 3652 eos
1190 3600 1452 3667 colerent,
1481 3600 1853 3668 immolabant,
1884 3621 2049 3676 seque

476 3683 528 3735 in
571 3684 709 3751 dies,
751 3687 941 3742 iisdem
991 3689 1413 3757 stimulantibus,
1459 3692 1775 3752 fortioribus
1819 3698 2048 3753 vinculis

474 3774 586 3846 46
611 3777 1003 3848 astringebant.
1033 3778 1173 3834 Hinc
1200 3797 1329 3853 ergo
1355 3793 1500 3838 artes
1537 3787 1760 3856 magica:
1786 3790 1926 3859 apud
1954 3808 2047 3847 eos

475 3867 860 3935 edocebantur,
889 3879 942 3925 et
968 3872 1185 3927 oracula
1224 3876 1389 3931 variis
1417 3876 1469 3930 in
1500 3877 1631 3933 locis
1654 3881 1796 3935 edita
1822 3884 2048 3940 miseros

476 3959 723 4015 homines
757 3962 1121 4033 decipiebant,
1156 3968 1446 4037 cunctique
1476 3970 1581 4025 sibi
1618 3981 1671 4026 et
1700 3977 1953 4030 nascendi
1993 3986 2047 4031 et

473 4051 769 4106 exsistendi
800 4068 993 4110 causas
1036 4068 1176 4111 astra
1207 4068 1262 4111 et
1290 4072 1486 4115 caztera
1532 4077 1759 4134 corpora
1802 4067 2043 4122 cmlestia

471 4155 594 4195 esse
634 4142 1063 4209 arbitrabantur,
1106 4148 1347 4218 nihilque
1381 4163 1577 4219 praeter
1608 4168 1692 4219 ea,
1744 4170 1863 4224 qum
1900 4156 2040 4212 vide-

472 4230 622 4299 bant,
648 4233 977 4302 cogitabant.
1008 4236 1064 4292 lu
1088 4254 1320 4306 summa,
1352 4244 1532 4297 omnia
1560 4244 1835 4315 impietate
1860 4258 1913 4300 et
1947 4264 2043 4303 ne-

473 4325 643 4393 quitia
682 4337 838 4381 erant
877 4328 1056 4397 plena,
1096 4330 1350 4403 solusque
1390 4333 1531 4389 Deus
1563 4346 1616 4389 et
1658 4337 1775 4406 ejus
1810 4337 2042 4394 Verbum

472 4415 848 4485 ignorabatur,
887 4420 1138 4490 quamvis
1186 4423 1429 4491 seipsum
1470 4424 1782 4481 hominibus
1826 4428 2044 4481 minime

470 4510 844 4577 occultaverit,
899 4528 1001 4569 nec
1046 4515 1345 4585 simplicem
1396 4518 1477 4571 sui
1528 4519 1889 4587 cognitionem
1942 4520 2043 4574 illis

472 4602 854 4672 impertiverit,
904 4608 1001 4663 sed
1043 4608 1215 4663 variis
1259 4608 1550 4679 multisque
1600 4610 1773 4666 modis
1815 4626 1933 4666 eam
1970 4612 2049 4669 eis
2079 4620 2124 4676 D

472 4695 846 4765 explicaverit.

544 5026 631 5082 l2.
676 5024 986 5081 Sulliciebat
1009 5029 1255 5095 equidem
1284 5031 1478 5099 gratia,
1513 5045 1616 5100 qua
1660 5032 1725 5086 ad
1755 5032 2041 5102 imaginem

468 5118 563 5171 Dei
605 5116 733 5171 facti
774 5134 981 5184 sumus,
1024 5121 1090 5173 ad
1125 5120 1289 5174 Deum
1326 5119 1560 5175 Verbmn
1608 5131 1661 5176 et
1690 5121 1904 5177 Patrem
1949 5139 2045 5193 per

472 5210 646 5280 ipsum
701 5211 936 5265 Verbum
984 5214 1434 5282 cognoscendum.
1494 5214 1692 5268 Verum
1746 5216 1906 5280 Deus,
1955 5217 2041 5270 cui

2158 2016 2245 2070 ἵνα
2283 2016 2370 2070 διὰ
2407 2018 2507 2088 τῆς
2548 2018 2803 2089 τοιαύτης
2840 2018 3064 2089 χάριτος
3100 2018 3198 2088 τὴν
3236 2018 3427 2081 εἰκόνα,
3458 2017 3740 2081 νοοῦντες,

2158 2110 2298 2178 λέγω
2322 2110 2387 2181 δὴ
2428 2111 2520 2163 τὸν
2563 2110 2657 2164 τοῦ
2702 2111 2912 2181 Πατρὸς
2953 2110 3147 2179 Λόγον,
3190 2110 3491 2180 δυνηθῶσιν
3536 2111 3745 2163 ἔννοιαν

2158 2196 2226 2248 δι’
2252 2196 2415 2250 αὑτοῦ
2458 2198 2551 2251 τοῦ
2598 2199 2811 2270 Πατρὸς
2855 2199 3060 2263 λαϐεῖν,
3104 2200 3202 2253 καὶ
3248 2199 3611 2269 γινώσκοντες
3659 2201 3747 2253 τὸν

2159 2286 2386 2358 ποιητὴν
2431 2286 2563 2351 ζῶσι
2614 2288 2705 2342 τὸν
2762 2284 3211 2360 εὐδαίμονα-καὶ
3267 2291 3747 2364 μακάριονκὸντως
3786 2322 3795 2323 ί

2158 2376 2288 2447 βίον.
2332 2380 2470 2433 Ἀλλ’
2507 2380 2789 2451 ἄνθρωποι
2829 2382 2993 2436 πάλιν
3024 2384 3401 2457 παράφρονες,
3448 2384 3748 2453 κατολιγω-

2159 2470 2421 2539 ρήσαντες
2466 2475 2561 2527 καὶ
2604 2472 2746 2526 οὕτω
2798 2475 2898 2546 τῆς
2954 2477 3198 2547 δοθείσης
3260 2478 3443 2541 αὐτοῖς
3497 2478 3743 2549 χάριτες,

2156 2562 2405 2617 τοσοῦτον
2444 2565 2873 2637 ἀπεστράφησαν
2910 2569 3002 2621 τὸν
3030 2568 3178 2634 Θεὸν,
3212 2569 3304 2623 καὶ
3342 2569 3600 2622 τοσοῦτον
3629 2569 3748 2622 ἐθό-

2154 2649 2332 2706 λωσαν
2362 2655 2570 2709 ἑαυτῶν
2609 2656 2707 2727 τὴν
2738 2656 2936 2729 ψυχὴν,
2964 2658 3041 2722 ὡς
3072 2659 3145 2730 μὴ
3183 2658 3342 2730 μόνον
3387 2658 3745 2713 ἐπιλαθέσθαι

2153 2745 2252 2816 τῆς
2281 2746 2409 2818 περὶ
2442 2747 2579 2801 Θεοῦ
2609 2749 2835 2813 ἐννοίας,
2867 2749 3003 2803 ἀλλά
3043 2751 3137 2803 καὶ
3177 2750 3339 2822 ἔτερα
3384 2749 3503 2803 ἀνθ’
3537 2750 3743 2821 ἑτέρων

2155 2837 2367 2899 ἑαυτοῖς
2404 2839 2838 2893 ἀναπλάσασθαι.
2867 2840 3076 2894 Εἴδωλά
3112 2860 3169 2895 τε
3198 2842 3306 2912 γὰρ
3334 2842 3459 2894 ἀντὶ
3490 2842 3589 2911 τῆς
3620 2842 3744 2911 ἀλη-

2155 2927 2303 2993 θείας
2319 2932 2531 2994 ἑαυτοῖς
2546 2930 2983 2997 ἀνετυπώσαντο,
3003 2934 3094 2985 καὶ
3122 2933 3189 2986 τὰ
3207 2934 3306 2987 οὐκ
3323 2933 3454 2986 ὄντα
3470 2932 3568 2987 τοῦ
3592 2935 3745 2998 ὄντος

2153 3018 2288 3073 Θεοῦ
2315 3023 2707 3093 προετίμησαν,
2737 3025 2800 3094 τῇ
2828 3023 3004 3076 κτίσει
3040 3024 3190 3096 παρὰ
3229 3024 3317 3077 τὸν
3362 3026 3628 3079 κτίσαντα
3650 3026 3745 3080 λα·-

2150 3112 2453 3184 τρεύοντες,
2494 3115 2586 3165 κα)⁵
2619 3114 2680 3166 τό
2725 3130 2789 3181 γε
2826 3113 3118 3184 χείριστον,
3140 3115 3221 3167 ὅτι
3241 3116 3432 3178 καὶείς
3452 3115 3607 3181 ξύλα,
3651 3118 3747 3169 καὶ

2154 3207 2233 3269 είς
2267 3204 2469 3269 λίθους,
2505 3206 2600 3259 καὶ
2639 3208 2719 3269 είς
2762 3207 2943 3260 πᾶσαν
2979 3206 3108 3276 ὕλην
3148 3208 3239 3260 καὶ
3284 3206 3611 3277 ἀνθρώπους
3647 3208 3748 3278 τὴν

2148 3297 2242 3350 τοῦ
2278 3297 2413 3350 Θεοῦ
2443 3298 2609 3369 τιμὴν
2643 3298 2976 3369 μετετίθουν,
3014 3298 3107 3351 καὶ
3138 3298 3359 3351 πλείονα
3386 3300 3597 3351 τούτων
3629 3317 3747 3352 ποι-

2149 3388 2353 3453 οῦντες,
2394 3389 2579 3459 ῶσπερ
2621 3391 2677 3442 ἐν
2712 3393 2823 3453 τοῖς
2855 3390 3160 3462 ἔμπροσθεν
3190 3391 3425 3463 εἴρηται.
3450 3382 3742 3444 Τοσοῦτον

2147 3480 2204 3532 δὲ
2235 3482 2487 3551 ἠσέϐουν,
2516 3483 2598 3535 ὅτι
2633 3483 2725 3535 καὶ
2773 3482 3032 3553 δαίμονας
3066 3482 3396 3553 ἐθρήσκευον
3434 3483 3624 3535 λοιπὸν
3650 3482 3747 3536 κα)⁸

2149 3570 2303 3635 θεοὺς
2358 3574 2707 3645 ἀνηγόρευον,
2754 3574 2852 3636 τὰς
2898 3574 3193 3645 ἐπιθυμίας
3248 3573 3431 3627 αὐτῶν
3496 3574 3749 3645 ἀποπλη-

2153 3664 2388 3735 ροῦντες.
2415 3666 2617 3729 Θυσίας
2644 3684 2703 3719 τε
2737 3667 2845 3736 γὰρ
2872 3665 3025 3730 ζώων
3052 3665 3263 3734 ἀλόγων
3297 3666 3392 3719 καὶ
3433 3666 3745 3738 ἀνθρώπων

2150 3753 2384 3823 σφαγὰς,
2432 3753 2619 3825 ὥσπερ
2676 3755 2888 3825 εἴρηται
2948 3754 3233 3825 πρότερον,
3284 3755 3364 3814 εἰς
3408 3753 3472 3805 τὸ
3516 3754 3746 3806 ἐκείνων

2148 3843 2385 3915 καθῆκον
2416 3843 2721 3906 ἐπετέλουν,
2769 3842 2950 3896 πλεῖον
2997 3842 3222 3905 ἑαυτοὺς
3248 3844 3363 3903 τοῖς
3396 3841 3628 3894 ἐκείνων
3662 3842 3742 3894 οἰ·-

2150 3936 2424 4007 στρήμασι
2468 3933 2979 4006 καταδεσμεύοντες.
3019 3932 3118 3986 Διά
3158 3932 3316 3986 τοῦτο
3349 3932 3482 4000 γοῦν
3516 3934 3611 3986 καὶ
3645 3950 3746 4002 μα-

2146 4026 2289 4091 γεῖαι
2318 4023 2446 4094 παρ’
2468 4024 2648 4086 αὐτοῖς
2677 4022 3035 4086 ἐδιδάσκοντο,
3059 4023 3154 4075 καὶ
3194 4025 3420 4092 μαντεῖα
3455 4022 3573 4091 (95)
3602 4023 3744 4076 κατὰ

2144 4115 2306 4167 τόπον
2339 4117 2465 4179 τοὺς
2494 4114 2816 4186 ἀνθρώπους
2871 4114 3107 4179 ἐπλάνα,
3146 4116 3241 4167 καὶ
3290 4115 3496 4178 πάντες
3539 4116 3608 4169 τά
3652 4133 3745 4183 γε-

2146 4205 2344 4269 νέσεως
2383 4206 2478 4258 καὶ
2506 4204 2599 4258 τοῦ
2642 4200 2780 4257 εἶναι
2822 4204 3030 4260 ἑαυτῶν
3061 4204 3130 4257 τὰ
3175 4205 3324 4257 αἴτια
3370 4208 3487 4268 τοῖς
3518 4204 3745 4276 ἄστροις

2146 4300 2239 4351 καὶ
2270 4299 2383 4360 τοῖς
2416 4297 2539 4351 κατ’
2565 4296 2789 4368 οὐρανὸν
2831 4298 2995 4349 πᾶσιν
3028 4295 3327 4361 ἀνετίθουν,
3376 4294 3547 4365 μηδὲν
3582 4296 3743 4348 πλέον

2145 4387 2252 4440 τῶν
2315 4388 2657 4458 φαινομένων
2704 4374 3079 4459 λογιζόμενοι]
3106 4388 3216 4439 Καὶ
3257 4386 3395 4450 ὅλως
3446 4388 3628 4441 πάντα
3672 4383 3743 4457 ἦν

2144 4480 2401 4544 ἀσεϐείας
2433 4483 2527 4535 καὶ
2576 4482 2918 4553 παρανομίας
2957 4481 3165 4550 μεστὰ,
3200 4481 3295 4533 καὶ
3351 4480 3513 4549 μόνος
3558 4480 3669 4550 (96)
3713 4480 3744 4531 6

2153 4572 2285 4636 Θεὸς
2313 4572 2431 4625 οὐδὲ
2464 4575 2492 4626 ὁ
2522 4572 2713 4626 τούτου
2746 4572 3367 4641 Λόγοςέπεγινώσκετο,
3411 4572 3594 4623 καίτοι
3640 4571 3741 4623 οὐκ

2152 4666 2333 4734 ἀφανῆ
2401 4665 2592 4718 ἑαυτὸν
2652 4667 2767 4728 τοῖς
2832 4664 3141 4734 ἀνθρώποις
3206 4662 3555 4734 ἐπικρύψας,
3621 4664 3740 4716 οὐδὲ

2147 4755 2323 4826 ἀπλῆν
2373 4755 2471 4827 τὴν
2532 4757 2659 4828 περ)⁸
2709 4756 2902 4809 ἑαυτοῦ
2958 4757 3159 4824 γνῶσιν
3206 4756 3390 4819 αὐτοῖς
3450 4755 3735 4818 δεδωκὼς,

2148 4846 2283 4900 ἀλλά
2331 4848 2425 4900 καὶ
2472 4848 2731 4911 ποικίλως
2772 4849 2865 4901 καὶ
2915 4847 3002 4901 διὰ
3050 4848 3259 4901 πολλῶν
3323 4848 3497 4917 αὐτὴν
3554 4850 3735 4911 αὐτοῖς

2148 4937 2496 5007 ἐφαπλώσας.

2219 5029 2307 5082 12.
2350 5030 2641 5101 Αὐτάρκης
2695 5031 2794 5101 μὲν
2839 5030 2949 5102 γὰρ
2980 5027 3048 5101 ἦν
3098 5034 3129 5101 ὴ
3180 5030 3298 5082 κατ’
3340 5030 3527 5082 εἰκόνα
3578 5031 3735 5099 χάρις

2149 5119 2434 5190 γνωρίζειν
2462 5120 2556 5173 τὸν
2600 5121 2730 5175 Θεὸν
2780 5122 2949 5190 Λόγον
2995 5122 3138 5193 (97),
3188 5123 3279 5174 καὶ
3326 5120 3391 5172 δι’
3423 5120 3593 5173 αὑτοῦ
3644 5119 3735 5171 τὸν

2151 5210 2368 5282 Πατέρα
2388 5229 2399 5241 ·
2442 5211 2595 5276 εἰδὼς
2623 5212 2681 5266 δὲ
2710 5214 2738 5266 ὁ
2766 5212 2895 5275 Θεὸς
2930 5212 3027 5283 τὴν
3053 5210 3337 5264 ἀσθένειαν
3372 5210 3482 5262 τῶν
3520 5208 3737 5280 ἀνθρώ-ο

541 5386 773 5465 (Ἠλεῖε
805 5387 1058 5465 segnem,
1094 5390 1261 5465 Basil.
1286 5401 1339 5445 et
1368 5390 1587 5465 Anglic.
1616 5392 1731 5465 7Al_ii
1764 5408 1883 5447 cum
1931 5393 2048 5465 edi-
2144 5394 2288 5447 τεία.
2315 5394 2418 5449 Alii
2450 5411 2569 5449 cum
2594 5396 2829 5450 editione
2864 5394 3150 5464 Commel.,
3187 5398 3433 5464 μαντεῖα,
3463 5406 3627 5465 atque
3659 5396 3729 5449 ita

470 5458 616 5512 tione
643 5458 905 5530 Commel.
932 5479 1034 5514 που
1059 5463 1334 5515 omittunt.
1367 5458 1489 5514 Moi
1516 5462 1651 5515 ibid.
1670 5462 1918 5530 Segner.,
1938 5461 2046 5516 Go-

469 5530 693 5602 hler.__et
730 5528 970 5586 Felckm.
1024 5533 1047 5585 l
1100 5547 1266 5602 anon.
1305 5532 1505 5602 habent
1555 5528 1892 5597 ὃλωςξυιθι
1923 5532 2049 5602 legit

470 5598 805 5670 Omnibonus
830 5618 845 5657 :
874 5602 965 5654 alii
998 5619 1120 5656 cum
1144 5601 1323 5665 editis,
1357 5600 1509 5670 ὃλην.

543 5668 753 5741 (95))Τό
798 5671 883 5723 hic
917 5672 1116 5726 habent
1153 5674 1307 5741 Seg.,
1341 5668 1533 5733 Basil.,
1559 5670 1697 5725 Col).
1725 5681 1778 5725 et
1803 5670 1983 5727 Felck.
2020 5674 2040 5726 1

474 5752 563 5789 an.
592 5738 692 5789 Alii
719 5754 839 5792 cum
882 5742 966 5795 ed.
991 5738 1266 5794 omittuni.

682 5806 925 5880 Seguer.,
964 5811 1103 5863 οὐδὲ.
1125 5812 1334 5879 Anglic.
1366 5810 1675 5880 paulopost,
1726 5812 2035 5880 ἐγίνωσκον.

547 5874 658 5946 (95)
686 5874 841 5933 ϐοήὺι.
874 5891 925 5932 et
956 5880 1135 5935 Felrk.
1177 5874 1403 5935 l'anuti.
1428 5889 1477 5932 et
1512 5878 1635 5952 Seg.
1664 5874 1861 5938 habent
1906 5900 2036 5953 μαν-

2153 5465 2393 5533 legerunt
2436 5467 2775 5529 interpretes.

2224 5535 2334 5605 (96)
2361 5535 2537 5591 Editio
2563 5535 2851 5606 Commel.,
2879 5536 2939 5588 οὐ
2966 5536 3142 5606 μόνος.

2224 5606 2336 5674 (97)
2364 5606 2584 5660 Gobler.
2615 5616 2667 5661 et
2692 5605 2929 5660 Felckm.
2968 5604 2993 5659 ’1
3039 5623 3227 5668 anon.,
3260 5604 3396 5658 Θεοῦ
3425 5605 3601 5675 Λόγον
3630 5606 3730 5657 ha-

2151 5676 2277 5731 bent
2304 5690 2317 5729 :
2346 5678 2435 5730 alii
2464 5693 2585 5731 cum
2617 5676 2850 5731 editione
2877 5676 3159 5740 Commel.,
3186 5676 3318 5729 Θεὸν
3352 5677 3732 5743 Λόγον.ειιψισ

2154 5747 2225 5799 ita
2270 5748 2511 5815 legerunt
2535 5745 2869 5803 Omnibonus
2895 5755 2949 5800 et
2990 5746 3310 5802 Ambrosius
3344 5745 3700 5801 Camaldulen

2148 5831 2243 5872 Sis.
