4006 6504
232 441 321 497 117

1232 440 1491 497 ORATIO
1529 442 1618 497 DE
1656 441 2174 501 INCARNATIONE
2214 444 2441 499 VERBI.

3347 454 3447 508 H8

227 574 348 621 πων,
381 556 747 628 προενοήσατο
777 556 870 610 καὶ
896 556 993 627 τῆς
1021 556 1280 627 ἀμελείας
1307 558 1530 623 τούτων,
1561 557 1651 623 ἶν’,
1684 558 1777 612 ὲάν

1883 561 2157 614 hominum
2186 562 2476 615 infirmitas
2507 562 2708 631 optime
2737 572 2856 618 erat
2898 576 3204 634 perspecta,
3235 568 3445 622 illorum

228 650 534 721 ἀμελήσαιεν
567 649 635 701 δι’
674 647 882 702 ἑαυτῶν
928 648 1017 702 τὸν
1068 647 1200 701 Θεὸν
1247 649 1573 717 ἐπιγνῶναι,
1615 650 1778 721 ἔχωσι

227 744 299 798 διὰ
338 742 440 795 τῶν
502 743 604 813 τῆς
659 743 888 806 κτίσεως
950 742 1125 812 ἔργων
1186 741 1277 794 τὸν
1313 742 1656 814 Δημιουργδν
1704 740 1778 812 μὴ

228 833 433 897 ἀγνοεῖν.
473 830 693 901 Ἐπειδὴ
740 831 799 883 δὲ
844 833 876 902 ή
934 830 1239 901 ἀνθρώπιον
1293 831 1524 903 ἀμέλεια
1573 830 1665 884 ἐπὶ
1710 830 1779 883 τὰ

226 923 416 997 χείρονα
477 923 600 976 κατ’
664 922 843 992 ὀλίγον
910 922 1319 977 ὲπικαταϐαίνει
1347 962 1361 985 ,
1415 924 1779 995 προενοήσατο

229 1017 367 1068 πάλιν
401 1018 427 1070 ό
472 1016 605 1078 Θεὸς
656 1017 749 1069 καὶ
792 1015 889 1087 τῆς
953 1015 1205 1086 τοιαύτης
1268 1016 1445 1069 αὐτῶν
1499 1014 1778 1077 ἀσθενείας

227 1108 365 1177 νόμον
410 1107 518 1175 (98)
567 1107 665 1161 καὶ
722 1108 1005 1179 προφήτας
1062 1108 1187 1171 τοὺς
1240 1108 1422 1170 αὐτοῖς
1470 1106 1778 1177 γνωρίμους

228 1198 542 1263 ἀποστείλας,
582 1199 673 1263 ἶν’,
706 1200 801 1253 ὲάν
830 1200 921 1253 καὶ
960 1200 1038 1263 είς
1080 1199 1171 1252 τὸν
1204 1199 1429 1271 οὐρανὸν
1475 1200 1776 1270 ὀκνήσωσιν

226 1289 491 1359 ἀναϐλέψαι
540 1291 639 1344 καὶ
682 1290 886 1359 γνῶναι
928 1291 1017 1344 τὸν
1060 1291 1310 1361 ποιητὴν,
1346 1290 1540 1361 ἔχωσιν
1572 1292 1635 1344 ὲκ
1667 1289 1776 1343 τῶν

227 1384 365 1450 ἐγγὺς
391 1382 485 1453 τὴν
513 1381 886 1436 διδασκαλίαν.
912 1382 1222 1455 Ἄνθρωποι
1254 1382 1362 1454 γάρ
1395 1382 1543 1454 παρά
1568 1380 1777 1452 ἀνθρώ-

226 1492 322 1528 πων
357 1475 638 1547 ἐγγυτέρω
677 1475 930 1529 δύνανται
981 1473 1171 1546 μαθεῖν
1213 1475 1344 1545 περὶ
1382 1474 1490 1527 τῶν
1536 1473 1777 1544 κρειττό-

225 1582 329 1618 νων.
355 1565 497 1630 Ἐξδν
537 1563 634 1619 οὖν
673 1562 765 1637 ἦν,
801 1564 1207 1634 ἀναϐλέψαντας
1242 1566 1434 1628 αὐτοὺς
1468 1566 1545 1627 είς
1585 1565 1647 1617 τὸ
1683 1561 1779 1635 μέ-

225 1657 355 1726 γεθος
380 1658 471 1712 τοῦ
506 1659 771 1729 οὐρανοῦ,
800 1659 893 1712 καὶ
936 1658 1046 1730 (99)
1071 1660 1511 1729 κατανοήσαντας
1547 1656 1645 1728 τὴν
1676 1659 1775 1727 τῆς

224 1750 419 1814 κτίσεως
446 1752 745 1822 ἁρμονίαν,
786 1750 986 1820 γνῶναι
1028 1750 1118 1803 τὸν
1153 1747 1357 1820 ταύτης
1398 1749 1641 1821 ἡγεμόνα
1683 1748 1774 1801 τὸν

222 1842 294 1895 τοῦ
328 1844 537 1915 Πατρὸς
559 1844 756 1912 Λόγον,
792 1843 881 1897 τὸν
909 1845 975 1914 τῇ
1006 1840 1198 1896 ἑαυτοῦ
1230 1843 1308 1905 είς
1342 1841 1518 1895 πάντα
1550 1840 1774 1911 προνοίᾳ.

1885 653 2220 724 negligentia:
2252 654 2508 724 providit,
2542 663 2601 708 ut
2631 668 2822 724 nempe
2847 657 2891 710 si
2924 657 3086 710 Deum
3119 674 3212 727 per
3236 660 3447 729 seipsos

1881 760 2212 814 cognoscere
2238 746 2591 817 negligerent,
2618 758 2839 814 possent
2862 761 2926 799 ex
2954 756 3159 803 natur:e
3185 751 3446 818 operibus

1881 836 2191 893 Creatorem
2235 854 2339 893 non
2368 839 2637 909 ignorare.
2670 838 2804 904 Quia
2838 854 2968 893 vero
3010 840 3285 896 hominum
3320 858 3442 896 ma-

1880 928 1995 984 litia
2039 931 2093 983 in
2134 928 2289 998 pejus
2315 930 2514 984 sensim
2555 929 2875 1000 prolabitur,
2905 931 3029 985 huic
3072 946 3288 1001 quoque
3329 932 3447 987 ιιιο-

1880 1037 1999 1075 rum
2040 1021 2342 1077 infirmitati
2372 1024 2667 1093 prospexit,
2708 1039 2828 1077 cum
2865 1023 3034 1094 legem
3066 1036 3121 1080 et
3151 1027 3446 1096 prophetas

1880 1112 2071 1167 iisdem
2106 1121 2262 1167 notos
2290 1113 2457 1176 misit,
2488 1126 2547 1166 ut
2576 1113 2618 1166 si
2655 1113 2704 1166 in
2749 1113 2943 1167 cmlum
2975 1116 3250 1183 suspicere
3278 1125 3333 1170 et
3363 1131 3448 1169 re-

1878 1217 1996 1257 rum
2024 1202 2264 1256 omnium
2288 1200 2594 1257 ell‘ectorem
2619 1217 2915 1269 agnoscere
2943 1215 3324 1272 gravarentur,
3352 1205 3446 1258 σου

1877 1292 1988 1347 ceri
2028 1309 2057 1346 a
2092 1293 2358 1362 proximis
2395 1300 2634 1362 possent.
2686 1290 2941 1348 Homines
2984 1295 3129 1348 enim
3178 1295 3254 1359 id,
3305 1297 3446 1364 quod

1876 1385 2069 1441 melius
2115 1395 2171 1440 et
2215 1384 2553 1454 praestantius
2599 1393 2707 1449 est,
2755 1400 2821 1438 ex
2868 1386 3176 1441 horninibus
3224 1386 3446 1455 prapius

1877 1485 2101 1547 possunt
2132 1476 2393 1531 ediscere.
2436 1474 2657 1529 Licebat
2694 1491 2825 1547 ergo
2861 1478 3031 1532 oculis
3074 1479 3139 1531 ad
3179 1479 3298 1533 caeli
3348 1479 3435 1533 im-

1876 1570 2216 1623 tnensitatcm
2263 1568 2483 1633 erectis,
2512 1577 2566 1621 et
2599 1577 2904 1623 creatarum
2940 1584 3119 1624 rerum
3167 1571 3357 1625 ordine
3394 1582 3446 1624 et

1876 1667 2140 1713 concentu
2198 1667 2504 1727 perspecto,
2547 1657 2665 1727 ejus
2703 1658 2890 1713 ducem
2932 1667 2985 1714 et
3029 1661 3447 1720 moderatorem.

1874 1745 2054 1802 Patris
2100 1747 2332 1802 Verbum
2370 1748 2693 1819 intelligere,
2727 1749 2867 1818 quod
2896 1764 2989 1803 sua
3039 1749 3094 1803 in
3137 1764 3227 1805 res
3256 1765 3447 1806 omnes

1876 1840 2207 1910 providentia
2246 1838 2462 1894 Patrem
2503 1842 2755 1895 omnibus
2795 1841 3019 1905 indicat,
3054 1850 3215 1910 atque
3247 1841 3445 1895 idcirco

220 1934 526 2004 γνωρίζοντα
567 1936 704 1988 πᾶσι
734 1935 824 1987 τὸν
858 1934 1096 2005 Πατέρα,
1137 1935 1232 1988 καὶ
1269 1933 1359 1986 διὰ
1396 1934 1552 1987 τοῦτο
1582 1933 1651 1987 τὰ
1681 1932 1777 1987 ὅλα

1881 1934 2057 1987 omnia
2084 1942 2285 1997 movet,
2312 1942 2369 1986 ut
2393 1933 2559 1986 Deum
2583 1948 2773 1988 omnes
2801 1948 2899 2003 per
2931 1936 3103 2002 ipsum
3129 1940 3443 2003 agnoscant.

221 2028 437 2083 κινοῦντα
487 2027 585 2098 (1),
634 2029 723 2081 ῖνα
771 2028 836 2080 δι’
879 2027 1043 2081 αὑτοῦ
1096 2027 1295 2089 πάντες
1336 2024 1643 2093 γινώσκωσι
1686 2025 1777 2077 τὸν

220 2119 339 2176 Θεόν.
364 2122 432 2174 Ἦ
465 2123 513 2173 εί
540 2120 703 2173 τοῦτο
730 2120 913 2182 αὐτοῖς
937 2115 1005 2189 ἦν
1033 2117 1283 2190 ὀκνηρὸν,
1322 2117 1423 2170 κᾶν
1455 2118 1566 2179 τοῖς
1595 2116 1775 2184 ἁγίοις

220 2209 409 2263 δυνατὸν
446 2206 519 2281 ἦν
556 2210 756 2272 αὐτοὺς
791 2208 1195 2278 συντυγχάνειν,
1240 2209 1332 2262 καὶ
1360 2208 1425 2260 δι’
1458 2206 1634 2259 αὐτῶν
1676 2222 1779 2276 μα-

220 2298 308 2352 θεῖν
346 2301 436 2354 τὸν
491 2300 604 2354 τῶν
674 2299 895 2353 πάντων
944 2299 1272 2371 δημιουργὸν
1309 2298 1465 2363 Θεὸν,
1523 2298 1615 2351 τὸν
1680 2297 1775 2350 τοῦ

217 2391 419 2462 Χριστοῦ
467 2393 721 2465 Πατέραο
771 2392 865 2447 καὶ
904 2393 985 2445 ὃτι
1027 2391 1135 2443 τῶν
1180 2389 1474 2462 είδώλωνή
1516 2389 1776 2461 θρησκεία

218 2481 414 2555 ἀθεότης
461 2484 579 2540 ἐστὶ
624 2484 721 2542 καὶ
761 2485 942 2553 πάσης
989 2481 1241 2546 ἀσεϐείας
1289 2483 1481 2553 μεστή.
1525 2481 1672 2547 Ἐξὸν
1714 2482 1772 2534 δὲ

216 2572 268 2647 ἦν
304 2580 528 2645 αὐτοὺς,
575 2581 672 2635 καὶ
722 2579 812 2633 τὸν
862 2578 1023 2649 νόμον
1076 2577 1412 2645 ἐγνωκότας,
1462 2574 1775 2630 παύσασθαι

218 2672 366 2743 πάσης
396 2671 774 2744 παρανομίας,
810 2671 903 2724 καὶ
933 2671 1022 2723 τὸν
1069 2669 1188 2723 κατ’
1213 2668 1413 2740 ἀρετὴν
1447 2667 1606 2738 ζῆσαι
1638 2666 1771 2736 βίον.

217 2761 324 2814 usas
352 2764 465 2835 γὰρ
510 2762 601 2816 διὰ
641 2761 929 2825 Ἰουδαίους
960 2761 1151 2832 μόνους
1186 2762 1215 2813 ό
1244 2760 1405 2830 νόμος
1433 2754 1522 2829 ἦν,
1560 2758 1681 2811 οὐδὲ
1708 2757 1774 2810 δι’

218 2852 385 2917 αὐτοὺς
435 2853 634 2924 μόνους
664 2853 715 2905 οῖ
763 2853 1036 2923 προφῆται
1082 2850 1407 2921 ἐπέμποντο,
1456 2847 1593 2901 ἀλλά
1638 2846 1775 2919 πρὸς

228 2942 486 3008 Ἰουδαίους
525 2944 625 3013 μὲν
653 2942 981 3013 ἐπέμποντο,
1015 2941 1110 2995 καὶ
1141 2940 1290 3013 παρὰ
1323 2938 1588 2993 Ἰουδαίων
1630 2936 1775 2991 ἐδιώο

216 3051 372 3089 κοντοο
422 3036 608 3108 πάσης
652 3036 711 3089 δὲ
752 3034 873 3105 τῆςο
898 3032 1220 3105 οἰκουμένης
1260 3028 1400 3103 ἦσαν
1438 3028 1774 3084 διδασκάλων

217 3130 332 3203 ἱερὸν
359 3134 457 3205 τῆς
494 3132 629 3205 περὶ
674 3131 811 3185 Θεοῦ
849 3129 1099 3199 γνώσεως
1120 3171 1134 3194 ,
1177 3130 1268 3183 καὶ
1300 3133 1400 3200 τῆς
1433 3128 1572 3182 κατὰ
1598 3126 1773 3197 ψυχὴν

1880 2023 1936 2078 Si
1964 2033 2139 2078 autem
2170 2024 2222 2078 id
2255 2023 2358 2077 illis
2397 2034 2515 2077 erat
2542 2024 2851 2088 molestum,
2888 2025 3081 2079 saltem
3117 2034 3332 2081 sanctos
3364 2028 3441 2080 vi—

1880 2132 1969 2173 ros
1998 2118 2215 2182 audire,
2254 2132 2317 2171 ac
2363 2131 2460 2186 per
2498 2132 2593 2172 eos
2639 2131 2818 2171 rermn
2855 2118 3097 2171 omnium
3143 2126 3443 2171 creatorem

1878 2210 2067 2272 Deum,
2098 2208 2301 2263 Christi
2348 2207 2563 2263 Patrem
2610 2209 2816 2263 discere
2848 2218 3122 2278 poterant,
3157 2218 3216 2263 ut
3242 2220 3299 2263 et
3332 2209 3420 2263 ido

1875 2300 2050 2354 lorum
2097 2300 2299 2355 cultum
2350 2314 2561 2353 summa
2598 2300 2875 2368 impietate
2926 2300 3142 2369 plenum
3175 2314 3317 2355 esse.
3357 2299 3443 2354 ιιι

1876 2393 2037 2447 cebat
2067 2406 2304 2461 quoque,
2355 2392 2473 2462 lege
2513 2393 2751 2462 cognita,
2787 2408 3004 2447 omnem
3047 2408 3302 2448 coercere
3345 2408 3445 2447 nc-

1876 2484 2121 2554 quitiam,
2181 2494 2495 2555 rectamque
2544 2499 2608 2538 ac
2661 2484 2942 2539 honestam
3010 2484 3170 2538 vitam
3225 2486 3445 2540 ducere.

1875 2574 2058 2646 Neque
2085 2576 2231 2631 enim
2260 2584 2483 2646 propter
2515 2573 2728 2630 Iudaeos
2754 2575 2898 2631 solos
2926 2575 3010 2630 lex
3036 2576 3161 2630 data
3198 2574 3318 2641 fuit,
3353 2587 3447 2630 aut

1876 2669 2150 2740 prophetae
2180 2668 2329 2723 missi
2360 2678 2525 2724 sunt:
2561 2668 2629 2722 ad
2654 2666 2875 2723 Judmos
2905 2669 3122 2737 quidem
3156 2670 3448 2724 mitteban-

1878 2769 1987 2826 tur,
2015 2768 2072 2816 et
2108 2775 2137 2814 a
2164 2758 2363 2816 Judais
2386 2761 2722 2816 vexabantur
2751 2778 2766 2813 :
2800 2760 2894 2814 sed
2932 2761 3093 2814 totius
3118 2761 3269 2815 orbis
3292 2772 3449 2815 erant

1875 2852 2042 2907 veluti
2072 2866 2288 2907 sacrum
2318 2851 2689 2921 magisterium
2716 2866 2838 2907 cum
2870 2852 2935 2904 ad
2968 2851 3058 2905 Dei
3086 2851 3448 2921 cognitionem

1876 2940 2194 3007 docendam,
2244 2949 2357 2995 tum
2414 2940 2479 2994 ad
2541 2940 2778 2995 animam
2836 2948 2983 2995 recte
3037 2941 3447 2997 instituendam.

1876 3031 2131 3098 Quamvis
2163 3046 2294 3101 ergo
2324 3040 2473 3085 tanta
2506 3031 2602 3087 Dei
2636 3032 2799 3086 fuerit
2836 3032 3139 3102 benignitas
3175 3041 3229 3087 et
3262 3032 3452 3086 huma—

1874 3124 2035 3188 nitas,
2096 3131 2330 3177 attamen
2369 3122 2634 3190 homines,
2676 3124 3034 3195 praesentibus
3084 3123 3450 3191 voluptatibus

214 3224 482 3288 πολιτείας.
508 3223 796 3293 Τοσαύτης
827 3218 919 3276 οὖν
947 3221 1111 3293 οὔσης
1138 3222 1235 3292 τῆς
1261 3220 1355 3274 τοῦ
1402 3218 1775 3289 summa

1881 3216 2293 3286 dacmonumque
2324 3217 2613 3288 prmstigiis
2645 3232 2709 3271 ac
2731 3216 2961 3271 fallaciis
2994 3215 3144 3281 victi,
3171 3216 3357 3269 oculos
3382 3216 3451 3269 ad

162 3334 345 3389 πτητος
375 3318 471 3371 καὶ
517 3315 953 3388 φιλανθρωπίας,
994 3315 1144 3385 ὅμως
1172 3314 1221 3365 οί
1258 3312 1564 3384 ἄνθρωποι,
1609 3310 1769 3365 νικώ-

1881 3309 2151 3363 veritatem
2169 3307 2595 3377 cognoscendam
2619 3324 2723 3363 non
2745 3317 3096 3380 aperuerunt,
3116 3307 3210 3362 sed
3246 3306 3453 3376 seipsos

216 3424 339 3476 μενοι
374 3410 495 3471 ταῖς
538 3404 857 3480 παραυτίκα
897 3404 1143 3475 ἡδοναῖς,
1176 3404 1269 3463 καὶ
1311 3406 1430 3467 ταῖς
1467 3403 1623 3475 παρά
1662 3403 1773 3456 δαιρ

1881 3402 1937 3455 in
1970 3399 2123 3470 plura
2149 3414 2209 3454 ac
2236 3400 2440 3467 majora
2470 3398 2598 3453 vitia
2622 3409 2677 3453 et
2707 3399 2913 3455 scelera
2946 3399 3366 3469 ingurgitarunt,
3394 3406 3453 3451 ut

217 3499 367 3569 μόνων
398 3499 729 3569 φαντασίαις
761 3497 855 3549 καὶ
892 3496 1148 3561 ἀπάταις,
1189 3497 1289 3549 οὐκ
1317 3495 1607 3549 ἀνένευσαν
1636 3494 1773 3565 πρὸς

1881 3492 1981 3562 iam
2006 3493 2233 3548 rationis
2259 3494 2551 3564 participes
2582 3509 2689 3549 non
2718 3493 3050 3558 viderentur,
3069 3491 3166 3546 sed
3197 3505 3264 3545 ex
3289 3490 3455 3544 mori-

214 3593 293 3661 τὴν
349 3591 641 3663 ἀλήθειαν,
698 3587 814 3641 ἀλλ’
869 3587 1095 3651 ἑαυτοὺς
1156 3586 1363 3640 πλείοσι
1426 3587 1613 3648 κακοῖς
1672 3586 1768 3638 καὶ

1872 3586 1972 3642 bus
2001 3586 2225 3641 rationis
2247 3602 2367 3643 esse
2391 3596 2641 3657 expertes
2672 3595 3047 3641 censerentur.

216 3686 573 3757 ἁμαρτήμασιν
628 3681 1000 3752 ἐνεφόρησαν,
1075 3679 1153 3743 ὡς
1242 3679 1440 3752 μηκέτι
1525 3681 1701 3734 δοκεῖν
1765 3679 1961 3743 αὐτοὺς
1998 3678 2275 3748 λογικοὺς,
2348 3682 2483 3739 ἀλλὰ
2528 3682 2753 3750 ἀλόγους
2797 3680 2862 3732 ὲκ
2909 3677 3017 3731 τῶν
3058 3676 3273 3749 τρόπων
3305 3673 3457 3737 νομί-

243 3779 393 3833 εσθαι.

243 3779 321 3831 εσθ
379 3819 393 3833 .

216 3778 242 3844 ζ
274 3798 544 3925 ίὸῗιοῦτω
570 3868 757 3923 τοίνυν
783 3866 1161 3936 ἀλογωθέντων
1192 3866 1301 3919 τῶν
1328 3865 1649 3938 ἀνθρώπων,
1684 3864 1780 3918 καὶ

216 3960 338 4015 οὕτω
364 3963 459 4033 τῆς
488 3958 819 4031 δαιμονικῆς
851 3958 1060 4028 πλάνης
1092 3957 1519 4028 ὲπισκιαζούσης
1548 3957 1617 4010 τὰ
1645 3974 1783 4011 παν-

217 4053 381 4124 ταχοῦ,
405 4054 498 4106 καὶ
535 4050 889 4125 κρυπτούσης
928 4051 1027 4120 τὴν
1057 4050 1184 4121 περὶ
1227 4049 1321 4102 τοῦ
1356 4050 1610 4121 ἀληθινοῦ
1648 4048 1782 4103 Θεοῦ

218 4143 415 4211 γνῶσιν,
441 4144 495 4196 τί
525 4144 619 4196 τὸν
653 4143 787 4196 Θεὸν
822 4142 925 4195 ἔδει
953 4144 1160 4205 ποιεῖν;
1204 4141 1481 4211 Σιωπῆσαι
1534 4141 1593 4194 τὸ
1636 4139 1787 4212 τηλι-

220 4234 386 4290 κοῦτον
423 4238 517 4291 καὶ
563 4237 784 4305 ἀφεῖναι
817 4235 941 4297 τοὺς
982 4231 1300 4304 ἀνθρώπους
1350 4233 1454 4285 ὑπὸ
1511 4232 1781 4303 δαιμόνων

223 4326 528 4391 πλανᾶσθαι,
578 4326 676 4380 καὶ
726 4326 801 4396 μὴ
853 4323 1145 4393 γινώσκειν
1208 4324 1403 4388 αὐτοὺς
1465 4325 1555 4377 τὸν
1614 4323 1779 4387 Θεόν;

225 4418 406 4489 Καὶβ)
433 4420 518 4484 τίς
549 4422 583 4488 ἡ
618 4417 780 4489 χρεία
819 4415 914 4469 τοῦ
948 4416 1006 4483 ἐξ
1052 4416 1224 4486 ἀρχῆς
1263 4419 1385 4470 κατ’
1426 4417 1607 4469 εἰκόνα
1644 4413 1780 4467 Θεοῦ

224 4510 447 4575 γενέσθαι
482 4512 575 4564 τὸν
612 4509 931 4580 ἄνθρωπον;
967 4508 1113 4561 Ἔδει
1149 4508 1258 4579 γὰρ
1301 4507 1463 4562 αὑτὸν
1490 4507 1676 4570 ἁπλῶς
1702 4506 1781 4569 ὡς

227 4601 388 4671 ἄλογον
418 4604 691 4673 γενέσθαι,
720 4603 753 4674 ἢ
785 4602 1074 4671 γενόμενον
1105 4600 1319 4669 λογικὸν
1356 4602 1455 4671 τὴν
1500 4601 1608 4654 τῶν
1652 4599 1782 4654 ἀλό-

228 4706 319 4757 γων
350 4693 487 4766 ζωὴν
520 4693 595 4765 μὴ
645 4693 724 4762 (3)
769 4691 937 4763 βιοῦν.
980 4693 1076 4755 Τίς
1108 4692 1164 4745 δὲ
1208 4690 1342 4756 ὅλως
1377 4687 1446 4763 ἦν
1491 4691 1648 4764 χρεία
1695 4694 1781 4744 ὲν-

228 4780 352 4846 νοίας
378 4783 536 4837 αὑτὸν
564 4782 749 4835 λαϐεῖν
780 4781 907 4852 περὶ
934 4780 1069 4833 Θεοῦ
1108 4780 1167 4846 ἐξ
1201 4781 1406 4851 ἀρχῆςς
1439 4782 1487 4833 εἰ
1518 4780 1626 4850 γὰρ
1659 4778 1779 4831 οὐδὲ

1948 3863 2039 3918 15.
2083 3862 2176 3916 Sic
2223 3860 2388 3931 igitur
2432 3858 2741 3915 hominibus
2780 3854 2845 3910 ad
2890 3853 3191 3910 belluarum
3247 3859 3449 3905 sortem

1879 3954 2136 4019 redactis,
2174 3962 2229 4006 et
2260 3952 2555 4006 dasmonica
2585 3949 2773 4003 fraude
2806 3946 3006 4015 ubique
3048 3944 3219 3998 instar
3250 3942 3454 3996 umbra:

1890 4043 2237 4100 incumbente
2281 4054 2337 4097 et
2384 4042 2497 4097 veri
2550 4042 2642 4096 Dei
2690 4038 3055 4110 cognitionem
3105 4034 3452 4094 obscurante,

1883 4138 2013 4208 quid
2041 4136 2205 4191 Deum
2238 4150 2398 4206 agere
2428 4133 2749 4205 oportebat?
2778 4132 2983 4185 [lemne
3029 4139 3138 4183 tam
3171 4126 3453 4181 nefandam

1887 4230 2071 4294 silere,
2113 4229 2397 4296 sinereque
2432 4226 2678 4280 homines
2708 4239 2738 4277 a
2770 4221 3104 4277 daemonibus
3134 4219 3326 4286 decipi,
3356 4230 3455 4270 nec

1886 4321 2050 4375 Deutn
2082 4318 2417 4390 agnoscere?
2456 4316 2561 4372 Sed
2590 4317 2713 4384 quid
2749 4314 3042 4385 profuisset
3084 4311 3355 4364 hominem
3386 4308 3451 4360 ad

1884 4412 1977 4467 Dei
2016 4412 2304 4480 imaginem
2355 4408 2423 4463 ab
2468 4408 2621 4462 initio
2671 4406 2870 4460 factum
2916 4402 3124 4457 fuisse?
3155 4400 3251 4455 Vel
3307 4400 3451 4453 enim

1884 4502 1973 4557 ille
1995 4502 2225 4555 rationis
2270 4513 2487 4569 expers,
2531 4508 2590 4551 ut
2625 4497 2797 4549 bruta:
2835 4496 3160 4555 animantes,
3189 4492 3457 4543 creandus

1886 4600 2028 4656 erat,
2069 4592 2149 4646 vel
2196 4600 2345 4645 certe
2377 4591 2547 4643 factus
2588 4588 2814 4643 rationis
2841 4585 3112 4655 particeps
3154 4581 3454 4636 belluarum

1885 4686 2051 4738 vitam
2081 4683 2263 4735 vivere
2289 4695 2393 4734 non
2426 4679 2625 4733 debuit.
2658 4676 2794 4743 Quid
2816 4676 2945 4729 item
2970 4673 3045 4727 illi
3076 4686 3300 4741 prorsus
3334 4684 3458 4739 pro-

1887 4775 2078 4830 fuisset
2122 4773 2217 4827 Dei
2263 4772 2534 4826 notionem
2578 4770 2645 4824 ab
2692 4768 2847 4822 initio
2882 4764 3193 4835 accepisse?
3224 4762 3281 4817 Si
3312 4761 3456 4815 enim

230 4872 306 4927 νῦν
339 4875 478 4942 ἀξιός
519 4879 637 4929 ἐστι
678 4873 883 4938 λαϐεῖν,
929 4872 1035 4925 ἔδει
1088 4872 1220 4943 μηδὲ
1271 4872 1409 4925 κατά
1458 4872 1557 4942 τὴν
1605 4870 1777 4941 ἀρχὴν

1886 4884 2029 4922 nunc
2077 4867 2327 4935 indiguus
2372 4874 2456 4919 est
2497 4864 2588 4933 qui
2628 4878 2746 4917 eam
2796 4860 3049 4929 accipiat,
3092 4864 3240 4911 certe
3283 4867 3458 4921 neque

229 4966 352 5038 αὐτῷ
373 4968 611 5038 δοθῆναι.
653 4967 719 5019 Τί
749 4966 806 5018 δὲ
835 4966 929 5017 καὶ
957 4964 1147 5033 ὄφελος
1173 4964 1251 5034 τῷ
1280 4964 1597 5033 πεποιηκότι
1636 4962 1776 5033 Θεῷ,

230 5054 390 5125 ﬁmi:
418 5059 547 5123 δόξα
578 5056 730 5128 αὐτῷ
754 5056 821 5111 ἂν
853 5058 961 5127 είη,
994 5058 1041 5109 εί
1084 5057 1131 5109 of
1163 5057 1257 5108 ὑπ’
1294 5053 1458 5109 αὑτοῦ
1499 5053 1777 5124 γενόμενοι

289 5195 387 5264 (98)
412 5194 503 5250 Sic
525 5195 691 5248 Basil.
736 5202 791 5248 et
831 5194 1051 5264 Seguer.
1082 5199 1155 5264 ut
1201 5199 1255 5244 et
1297 5190 1498 5264 legisse
1527 5189 1778 5264 videntur

232 5257 549 5335 interpretes,
576 5265 670 5344 qui
715 5263 803 5318 hic
823 5257 983 5332 legem
1008 5261 1242 5317 habent:
1273 5257 1372 5314 alii
1380 5275 1499 5314 cum
1522 5258 1679 5312 editis
1693 5257 1779 5310 νό-

236 5347 391 5473 μοῗεῗό)
430 5404 660 5473 Seguer.
688 5402 779 5458 hic
812 5402 977 5473 habet
1011 5399 1443 5473 conjunctionem
1472 5398 1587 5464 καί,
1618 5412 1777 5473 quam

231 5480 277 5526 et
299 5467 621 5553 'int'erprEtes
673 5472 1036 5544 exprimunt:
1085 5471 1174 5524 alii
1219 5480 1397 5530 autem
1444 5484 1566 5523 cum
1622 5467 1782 5522 editis

230 5554 640 5685 ῗηίῗῖιὲέὲυοτη
683 5611 957 5685 κινοῦνται
980 5650 994 5671 ,
1045 5609 1188 5679 quod
1232 5617 1295 5685 e_t_
1321 5608 1520 5685 legisse
1561 5607 1781 5685 videtur

235 5676 425 5751 Qtnnih.
456 5676 544 5751 qui
574 5676 662 5738 hic
702 5683 895 5746 vertit,
938 5676 1229 5733 moventur.
1260 5676 1403 5734 Ibid.—
1432 5678 1502 5731 τά
1542 5680 1691 5732 deest
1726 5679 1776 5731 itt

236 5748 373 5804 Gohl.
405 5764 454 5808 et
476 5748 660 5809 Felck.
705 5753 730 5806 l
772 5767 934 5806 anon.

298 5820 368 5893 (2)
396 5825 641 5893 Seguer.,
666 5822 831 5893 Basil.
894 5829 947 5875 et
991 5820 1202 5893 Anglic.
1257 5819 1371 5893 καίᾼ
1406 5817 1509 5893 hic
1540 5816 1774 5877 habent,

238 5886 379 5961 quam
434 5886 756 5967 particulam
806 5891 931 5947 item
982 5886 1290 5959 exp'r'utmnt
1337 5886 1672 5945 Omnibonus
1722 5893 1775 5937 et

1886 4959 1963 5015 illi
1993 4959 2060 5013 ah
2104 4959 2257 5013 initio
2290 4958 2402 5012 dari
2434 4956 2699 5027 oportuit.
2730 4952 2861 5020 Qua:
2897 4965 3058 5021 porro
3100 4949 3224 5002 inde
3255 4944 3458 4999 utilitas

1889 5053 2000 5108 Deo
2045 5052 2299 5116 creatori,
2346 5066 2464 5119 quae
2510 5050 2677 5121 gloria
2731 5047 3078 5110 redundaret,
3124 5042 3168 5096 si
3211 5039 3456 5094 homines

1883 5186 2206 5242 Ambrosius
2245 5186 2491 5241 Camald.
2538 5184 2648 5240 Alii
2696 5193 2875 5237 autem
2918 5194 3040 5235 cum
3087 5174 3246 5231 editis
3294 5174 3457 5224 omit~

1886 5269 2024 5311 tunt.
3080 5317 3091 5319 Α
3362 5309 3376 5319 ,

1958 5308 2033 5397 (ὅ)
2059 5327 2151 5397 Μή
2188 5330 2342 5397 abest
2383 5341 2411 5378 a
2449 5324 2681 5397 Gobler._
2710 5319 3040 5397 et_Felclttn.
3142 5326 3305 5397 anon.
3331 5308 3451 5397 Alii

1887 5378 2201 5451 ettt‘n'edit'is
2227 5378 2639 5462 habentpatque
2669 5394 2740 5447 ita
2780 5392 2913 5462 legit
2939 5386 3290 5462 Omnibonus:
3321 5378 3451 5462 Att);

1889 5450 2105 5521 brosius
2145 5450 2323 5525 autem
2361 5450 2602 5520 Camald.
2646 5472 2702 5517 et
2747 5450 2986 5515 Nannius
3046 5470 3148 5532 non
3200 5450 3455 5532 videntur

1890 5515 2126 5606 Ῐεέέίέέζε
2146 5515 2323 5590 ’ἧόἱὶἷ
2336 5515 2817 5606 earn-"particulam
2862 5544 2964 5606 [ιο-ιιι
2996 5523 3321 5606 exprimunt,
3357 5515 3455 5606 atad

1886 5596 1990 5674 hoc
2015 5621 2176 5661 sensu
2205 5607 2380 5659 locum
2417 5596 2579 5674 istum
2606 5602 2837 5674 reddunt
2862 5615 2877 5651 :
2904 5596 3170 5674 Ρταίειατρ
3203 5601 3451 5674 cntutu}:-

1886 5656 2514 5728 iié'éatir'ir'ranohatém
2544 5672 2663 5739 ﬁeri
2689 5707 2705 5731 .
2731 5684 2887 5740 quam
2924 5656 3453 5740 ιςαιὲοηηέςηιηςοημὲ-

2530 5724 2707 5797 uitam.
2732 5724 2807 5791 ita
2834 5736 3086 5791 Ambros.
3120 5727 3325 5785 Similia
3357 5724 3455 5779 htt-

1885 5814 1977 5869 bet
2012 5813 2272 5871 Nannius.
