4006 6520
431 406 442 459 δ
528 438 630 490 H9

1092 442 1150 499 S.
1194 442 1559 500 ATHANASII
1601 444 1751 501 OPP.
1794 445 1973 503 PARS
2014 449 2050 502 1.
2088 478 2159 491 -
2198 450 2563 507 HISTORICA
2601 451 2687 505 ΕΤ
2728 452 3143 509 DOGMATICA.

3667 457 3762 511 130

445 546 449 551 ”
515 553 623 623 47
654 570 791 621 quas
833 556 1060 620 creavit,
1094 571 1217 611 eum
1254 573 1358 611 non
1389 558 1649 622 colerent,
1697 561 1789 613 sed
1826 559 1963 615 alios
1997 564 2079 616 sui

2183 564 2459 635 ἄνθρωποι
2496 565 2557 616 ού
2592 564 2981 634 προσκυνοῦσιν
3023 564 3193 633 αύτῷ,
3222 565 3334 617 ἀλλ’
3375 565 3597 637 ἑτέρους
3625 563 3764 622 εἰναι

512 644 795 699 eﬂ'ectorcs
841 661 959 700 esse
1008 647 1445 702 arbitrarentur?
1478 648 1554 702 lta
1608 650 1751 703 enim
1805 650 2077 707 videretur

517 737 653 791 Dens
681 753 787 790 non
833 737 935 793 sibi
974 740 1067 795 sed
1112 740 1233 795 aliis
1271 742 1521 796 homines
1562 731 1798 797 creasse.
1830 742 2073 813 Insuper,

512 826 825 894 imperator,
860 830 1071 885 tametsi
1109 831 1288 897 homo,
1316 832 1508 900 oppida
1538 847 1568 885 a
1596 846 1656 886 se
1683 844 1990 889 constructa
2021 836 2073 890 in

512 919 741 972 aliorum
791 921 1049 975 ditionem
1086 932 1141 975 et
1182 923 1503 977 servitutem
1553 926 1762 990 venire,
1802 940 1974 995 neque
2008 927 2074 979 ad

514 1010 649 1064 alios
678 1010 909 1066 deiicere
952 1013 1122 1066 sinit:
1155 1014 1247 1067 sed
1289 1014 1437 1066 cives
1471 1014 1666 1068 litteris
1701 1027 1904 1080 monet,
1934 1032 2076 1086 saepe

513 1100 677 1151 etiam
708 1115 801 1169 per
837 1101 1037 1155 amicos
1060 1101 1164 1156 illis
1192 1102 1403 1163 scribit,
1436 1104 1680 1172 ipseque,
1710 1106 1754 1158 si
1783 1105 1951 1175 exigit
1982 1121 2075 1160 ne-

512 1190 761 1254 cessitas,
785 1205 877 1245 eos
913 1192 1183 1252 convenit.
1231 1203 1288 1245 ut
1328 1209 1422 1247 sua
1453 1196 1736 1261 presentia
1768 1195 1968 1263 ﬂectat,
2011 1213 2075 1251 ea

514 1286 718 1331 tantum
748 1278 814 1331 de
842 1294 1003 1333 causa
1032 1294 1098 1333 ne
1130 1280 1250 1335 aliis
1276 1284 1531 1347 serviant,
1567 1284 1649 1336 vel
1684 1284 1894 1337 irritum
1929 1300 2065 1353 opus

512 1385 667 1423 suum
716 1369 829 1425 fiat.
874 1373 1066 1425 Annon
1120 1387 1251 1441 ergo
1286 1374 1454 1427 multo
1492 1374 1661 1439 magis
1692 1374 1833 1429 Deus
1874 1391 2072 1442 rerum,

512 1477 743 1533 quarum
771 1475 985 1518 creator
1010 1474 1116 1527 est.
1145 1466 1511 1530 miserebitur,
1540 1482 1607 1521 ne
1653 1483 1679 1519 a
1708 1482 1766 1522 se
1801 1469 2072 1533 aberrent,

511 1563 567 1606 et
613 1554 772 1608 rebus
807 1571 927 1624 quae
973 1557 1129 1610 nulla:
1163 1567 1287 1610 sunt
1318 1559 1577 1621 serviant,
1608 1574 1731 1612 cum
1771 1559 2072 1625 praesertim

514 1642 817 1710 huiusmodi
850 1661 1002 1701 error
1047 1647 1151 1701 illis
1192 1647 1341 1701 exitii
1370 1657 1425 1701 et
1468 1648 1716 1702 interitus
1768 1649 1839 1702 sit
1878 1649 2077 1701 causa?

512 1751 641 1789 sane
681 1736 857 1804 perire
908 1754 1012 1791 nun
1063 1740 1287 1793 decebat
1336 1755 1424 1793 res
1474 1741 1723 1809 imaginis
1773 1741 1862 1794 Dei
1908 1741 2073 1794 semel

515 1824 682 1881 factas
708 1828 1015 1896 participes.
1050 1830 1185 1895 Quid
1217 1831 1381 1900 igitur
1408 1831 1570 1884 Deum
1596 1847 1757 1901 agere
1786 1832 2072 1886 convenie-

2178 655 2305 719 τοὺς
2356 654 2727 724 πεποιηκότας
2787 654 2982 717 αὐτοὺς
3036 653 3382 725 νομίζουσινς
3432 656 3763 728 Εὐρίσκεται

2177 744 2287 815 γὰρ
2313 746 2341 797 6
2367 744 2499 806 Θεὸς
2535 745 2741 815 ἑτέροις
2771 746 2863 798 καί¹
2892 746 2987 815 οὐχ
3020 746 3195 816 ἐαυτῷ
3236 745 3461 810 τούτους
3494 747 3762 819 δημιουρ-

2176 838 2369 908 γήσας.
2410 832 2542 889 Εἰτα
2590 836 2841 906 βασιλεὺς
2890 838 3009 908 μὲν,
3050 837 3336 909 ἄνθρωπος
3383 838 3481 904 ὢν,
3521 841 3623 903 τάς
3656 842 3760 894 ὑπὸ

2178 927 2339 982 αὐτοῦ
2367 926 2678 992 κτισθείσας
2704 928 2885 1000 χώρας
2910 928 3009 982 ούκ
3035 931 3256 1001 ἀφίησιν
3285 932 3535 995 ἐκδότους
3555 933 3763 1003 ἑτέροις

2176 1018 2477 1081 δουλεύειν,
2543 1019 2661 1072 οὐδὲ
2726 1020 2859 1090 πρὸς
2925 1020 3114 1083 ἄλλους
3180 1022 3544 1091 καταφεύγειν
3570 1040 3583 1053 ·
3627 1023 3761 1077 ἀλλὰ

2180 1111 2501 1181 γράμμασιν
2537 1112 2732 1174 αὐτοὺς
2779 1112 3216 1181 ὑπομιμνήσκει,
3258 1112 3521 1176 πολλάκις
3564 1114 3622 1166 δὲ
3669 1117 3762 1168 καὶ

2177 1202 2267 1256 διά
2301 1204 2471 1271 φίλων
2515 1206 2698 1266 αὐτοῖς
2736 1203 3055 1269 ἐπιστέλλει,
3098 1207 3146 1257 εἰ
3179 1204 3238 1256 δὲ
3272 1206 3367 1259 καὶ
3407 1206 3565 1275 χρεία
3599 1206 3761 1279 γένη-
3794 1200 3817 1209 θ’

2175 1312 2285 1358 ται,
2323 1296 2483 1361 αὐτὸς
2521 1296 2898 1368 παραγίνεται,
2938 1298 3003 1366 τῇ
3036 1297 3307 1368 παρουσίᾳ
3333 1297 3519 1351 λοιπὸν
3564 1300 3763 1363 αὐτοὺς

2176 1386 2473 1451 δυσωπῶν,
2527 1389 2683 1459 μόνον
2734 1389 2819 1441 ἵνα
2872 1387 2945 1459 μὴ
2998 1388 3203 1458 ἑτέροις
3255 1388 3614 1455 δουλεύσωσι,
3668 1394 3760 1444 καὶ

2176 1479 2344 1548 ἀργὸν
2387 1479 2551 1532 αὐτοῦ
2594 1479 2654 1531 τὸ
2692 1478 2850 1549 ἔργον
2898 1479 3138 1549 γένηται.
3186 1480 3260 1533 Οὐ
3302 1481 3482 1552 πολλῷ
3536 1482 3699 1536 πλέον
3730 1484 3761 1535 6

2175 1569 2308 1631 θεὸς
2351 1570 2458 1621 τῶν
2504 1569 2694 1622 ἑαυτοῦ
2745 1570 3056 1640 κτισμάτων
3101 1572 3349 1639 φείσεται
3398 1574 3536 1644 πρὸς
3578 1574 3640 1626 τὸ
3687 1574 3760 1644 μὴ

2174 1658 2512 1729 πλανηθῆναι
2555 1661 2649 1713 ἀπ’
2687 1659 2871 1723 αὑτοῦ,
2911 1661 3005 1713 καὶ
3041 1664 3153 1724 τοῖς
3184 1663 3283 1715 οὐκ
3316 1659 3433 1716 οὖσι
3462 1664 3757 1729 δουλεύειν,

2180 1746 2411 1816 μάλιστα
2460 1750 2540 1801 ὅτι
2576 1748 2862 1819 ἡτοιαύτη
2909 1748 3082 1819 πλάνη
3125 1750 3400 1813 ἀπωλείας
3444 1753 3629 1815 αὐτοῖς
3677 1756 3762 1806 αἰσ-

2175 1838 2263 1890 τία
2299 1840 2374 1908 (4)
2401 1840 2493 1892 καὶ
2531 1838 2838 1910 ἀφανισμοῦ
2872 1840 3112 1909 γίνεται;
3158 1843 3256 1894 οὐκ
3290 1841 3396 1895 ἔδει
3423 1843 3481 1895 δὲ
3519 1844 3588 1897 τά
3614 1844 3781 1910 ὄπι-,αξ⁴

512 1916 648 1971 bat?
676 1916 811 1984 Quid
837 1920 980 1973 aliud
1009 1920 1121 1975 ﬁeri
1153 1922 1414 1991 oportuit,
1438 1937 1597 1989 quam
1642 1923 1787 1976 illam
1818 1922 2071 1976 similitu-

2181 1901 2593 2001 κοινωνήσαντα,
2627 1901 2750 2001 τῆς.
2772 1901 3031 1986 τοῦυθεοῦ
3088 1901 3294 1996 εἰκόνος
3341 1934 3659 1986 ἀπολέσθαι.
3694 1901 3784 1987 Ti:

514 2008 714 2071 dinem,
759 2027 861 2079 qua
896 2014 962 2066 ad
1003 2013 1095 2067 Dei
1129 2014 1419 2083 imaginem
1450 2014 1577 2069 facti
1615 2025 1775 2082 sunt,
1807 2016 2072 2077 renovari,

514 2111 575 2155 ut
612 2101 775 2155 Deum
820 2118 915 2172 per
942 2103 1088 2157 illam
1121 2105 1295 2160 denuo
1341 2117 1562 2175 possent
1605 2107 1851 2161 homines
1879 2122 2079 2176 cogno-

513 2193 705 2247 scere?
736 2194 837 2259 Qui
886 2208 1013 2248 vero
1055 2195 1196 2249 istud
1243 2196 1427 2258 fieret.
1465 2197 1566 2251 nisi
1616 2198 1725 2266 ipsa
1763 2197 1853 2250 Dei
1903 2197 2077 2267 imago

515 2286 768 2340 Salvator
794 2295 978 2341 noster
1005 2286 1160 2342 Jcsus
1189 2287 1437 2342 Christus
1466 2286 1810 2341 advenisset?
1840 2286 2079 2356 Namque

514 2391 610 2445 per
637 2378 881 2431 homines
908 2377 957 2430 id
981 2376 1099 2430 ﬁeri
1129 2392 1231 2430 non
1260 2386 1494 2446 poterat,
1518 2379 1950 2447 quandoquidem
1978 2382 2075 2447 ipsi

514 2483 727 2539 quoque
753 2468 819 2521 ad
856 2469 1143 2538 imaginem
1179 2468 1273 2521 Dei
1336 2468 1459 2522 facti
1523 2479 1687 2523 sunt:
1720 2484 1891 2538 neque
1917 2472 2077 2523 etiam

518 2576 613 2630 per
640 2560 877 2628 angelos,
912 2574 1086 2628 neque
1133 2561 1276 2614 enim
1325 2562 1425 2629 ipsi
1472 2561 1734 2629 imagines
1761 2572 1904 2620 sunt,
1936 2562 2078 2627 Qua-

517 2661 734 2721 propter
779 2651 871 2704 Dei
910 2651 1138 2705 Verbum
1188 2666 1283 2719 per
1313 2652 1547 2720 seipsum
1580 2654 1817 2715 advenit,
1856 2668 1983 2719 quo,
2019 2663 2077 2706 ut

517 2741 693 2811 Imago
715 2739 909 2806 Patris,
942 2740 1212 2794 hominem
1237 2741 1304 2795 ad
1331 2740 1615 2810 imaginem
1639 2741 1835 2796 factum
1861 2742 2080 2797 reﬁcere

516 2841 717 2901 posset.
742 2830 1030 2894 Prtelerea,
1060 2832 1111 2886 id
1135 2848 1353 2901 quoque
1381 2832 1495 2887 ﬁeri
1523 2849 1626 2887 non
1658 2834 1941 2903 potuisset,
1978 2837 2076 2890 nisu

516 2931 687 2976 morte
714 2935 765 2975 et
789 2925 1131 2992 corruptione
1156 2924 1347 2980 deletis
1372 2942 1387 2990 ;
1425 2924 1565 2979 unde
1596 2926 1752 2979 valde
1781 2941 2079 2995 congruen-

515 3021 598 3066 ter
625 3015 852 3070 mortale
873 3031 1071 3083 corpus
1093 3018 1319 3086 accepit,
1349 3026 1407 3070 ut
1428 3026 1481 3070 et
1502 3030 1647 3070 mors
1671 3018 1723 3070 in
1752 3020 1865 3085 ipso
1889 3019 2078 3083 delcri,

512 3112 566 3156 et
596 3104 838 3159 homines
862 3106 927 3159 ad
958 3107 1244 3175 imaginem
1281 3105 1408 3160 facti
1442 3107 1587 3161 relici
1630 3118 1871 3176 possent.
1911 3108 2080 3164 Nemo

521 3194 688 3264 igitur
739 3196 879 3252 alius
927 3198 994 3252 ad
1045 3198 1095 3252 id
1146 3197 1344 3267 negotii
1396 3195 1495 3253 fuit
1541 3198 1779 3266 idoneus,
1834 3199 1935 3255 nisi
1966 3199 2076 3255 sola

512 3286 687 3360 imago
716 3286 912 3344 Patris.

586 3574 670 3628 M.
714 3573 868 3636 Nam,
895 3573 1342 3642 quemadmodum
1373 3572 1417 3629 si
1464 3588 1568 3644 qua
1606 3574 1831 3644 alicujus
1881 3576 2080 3647 eﬂigies

515 3664 569 3716 in
612 3664 791 3716 tahula
840 3663 1019 3731 aliqua
1058 3662 1299 3731 depicta,
1350 3663 1560 3732 injectis
1620 3665 1866 3721 sordibus
1919 3666 2081 3723 fuerit

514 3750 725 3815 deleta,
774 3765 994 3805 necesse
1042 3760 1126 3803 est
1170 3764 1327 3813 eum,
1383 3752 1534 3820 cujus
1584 3752 1669 3805 illa
1716 3764 1798 3808 est
1851 3753 2078 3825 effigies,

516 3844 713 3897 iterum
751 3841 976 3905 adesse,
1028 3849 1087 3894 ut
1135 3838 1251 3907 ejus
1298 3841 1474 3911 imago
1512 3842 1563 3895 in
1614 3844 1799 3898 eadem
1854 3848 2079 3901 materia

514 3934 684 4003 possit
721 3932 968 3995 restitui;
1008 3930 1122 3999 ipsa
1154 3932 1295 3985 enim
1333 3934 1555 3986 materia
1605 3945 1822 4003 propter
1855 3950 2079 4003 expres—

517 4038 633 4079 sam
676 4023 727 4077 in
764 4037 822 4077 se
852 4024 1135 4092 imaginem
1166 4038 1269 4077 non
1310 4023 1610 4093 projicitur,
1640 4026 1731 4079 sed
1769 4024 1938 4079 deleta
1969 4026 2082 4080 eiii-

514 4117 630 4187 gies
659 4115 709 4169 in
740 4130 803 4169 ea
838 4125 1163 4169 renovatur:
1184 4115 1257 4169 ita
1286 4117 1660 4171 sanctissimus
1688 4116 1863 4173 Patris
1892 4118 2079 4184 Filius,

514 4206 605 4275 qui
642 4206 817 4260 Patris
855 4206 1028 4276 imago
1059 4213 1159 4271 est,
1187 4205 1252 4258 ad
1296 4222 1393 4260 nos
1424 4209 1660 4273 advenit,
1702 4220 1760 4262 ut
1803 4210 2077 4263 hominem

512 4299 579 4353 ad
614 4297 695 4352 Sili
740 4296 1143 4351 similitudinem
1189 4297 1389 4352 factum
1432 4299 1702 4363 reﬁceret,
1736 4308 1789 4353 et
1826 4308 2079 4368 tanquam

511 4389 799 4459 perditum,
833 4402 1087 4443 concessa
1128 4398 1464 4457 peccatorum
1499 4391 1679 4455 venia,
1718 4402 2078 4461 recuperaret.

510 4481 587 4536 uti
624 4482 736 4551 ipse
782 4481 834 4536 in
877 4481 1185 4551 Evangeliis
1227 4484 1300 4537 ait
1341 4504 1353 4537 :
1401 4482 1529 4536 Veni
1568 4493 1625 4537 ut
1670 4484 1809 4552 quod
1856 4485 2081 4554 perierat

510 4575 792 4628 invenirem
822 4584 869 4628 et
907 4575 1108 4628 salvum
1138 4574 1367 4642 [acerem
1393 4576 1458 4629 δ’.
1492 4574 1643 4629 Unde
1678 4576 1838 4630 etiam
1869 4578 1936 4630 ad
1980 4575 2077 4631 Ju-
2112 4606 2155 4661 ι)

509 4664 653 4717 datos
702 4663 838 4717 dixit
884 4685 897 4719 :
943 4663 1065 4718 Nisi
1128 4665 1245 4733 quis
1303 4676 1513 4719 renatus
1580 4665 1735 4732 fuerit
1758 4665 1821 4717 “.
1875 4664 2079 4732 Quibus

510 4753 689 4808 verbis
733 4770 837 4809 non
868 4757 1294 4824 procreationem
1327 4771 1393 4810 ex
1435 4756 1754 4813 mulieribus
1799 4758 2077 4826 signilica-

511 4845 639 4909 bat,
678 4856 737 4899 ut
770 4846 845 4899 illi
891 4847 1107 4916 quidem
1158 4848 1613 4915 suspicabantur;
1655 4848 1750 4902 sed
1799 4847 2071 4912 animam,

510 4946 776 5003 quatenus
820 4937 885 4991 ad
921 4939 1207 5008 imaginem
1242 4938 1334 4992 Dei
1379 4939 1683 4994 renascitur
1720 4948 1776 4994 et
1810 4939 2072 5006 relicitur,

512 5024 823 5081 denotabat.
865 5025 1051 5097 Itaque
1090 5027 1391 5083 idololatria
1434 5038 1489 5082 et
1539 5028 1815 5096 impietate
1865 5028 2083 5082 univer-

514 5130 634 5169 sum
666 5125 929 5173 terrarum
966 5118 1150 5175 orbem
1198 5130 1517 5188 occupante,
1557 5128 1610 5173 et
1642 5118 1734 5175 Dei
1777 5119 2082 5189 cognitione

585 5206 629 5240 "
670 5207 800 5262 Luc.
840 5224 965 5275 χιιι,
997 5210 1085 5264 10.
1175 5210 1221 5241 ⁸⁸
1260 5208 1414 5264 Joan.
1456 5226 1547 5274 ιιι,
1593 5210 1649 5264 5.

581 5298 656 5376 (4)
681 5304 838 5359 Αἰτία
867 5307 1019 5376 abest
1048 5320 1076 5357 a
1100 5303 1319 5376 Golder.
1362 5316 1415 5359 et
1442 5304 1680 5376 Fclckm,
1720 5305 1742 5357 1
1790 5320 2077 5376 anonymo:

510 5374 651 5443 quod
687 5374 886 5428 recenti
913 5391 1073 5428 manu
1099 5374 1339 5427 additum
1364 5384 1448 5428 est
1476 5375 1526 5427 in
1550 5374 1867 5443 Anglii-ano.

581 5441 653 5512 (5)
687 5445 763 5496 Ad
801 5445 942 5498 hunc
981 5446 1156 5497 locum
1182 5481 1197 5505 ,
1239 5444 1292 5496 in
1326 5444 1491 5500 Basil.
1532 5441 1658 5499 cod;
1696 5446 1810 5498 haec
1850 5454 1973 5498 nota
2003 5445 2083 5497 le-

509 5509 997 5585 nitati-:‘Efgpavov,
1051 5516 1133 5585 ὅτι
1179 5512 1231 5565 οἱ
1267 5513 1487 5585 ἄγγελοι
1546 5515 1655 5585 οὐκ
1686 5514 1823 5567 εἰσὶν
1878 5514 2088 5576 εἰκόνες

512 5581 669 5635 Θεοῦ.
699 5581 813 5639 Sed
841 5586 1044 5637 fallitur
1076 5584 1163 5636 ille
1196 5581 1469 5653 scriptor],
1495 5599 1620 5636 nam
1647 5584 1737 5637 hic
1769 5591 1975 5637 tantum
1995 5586 2089 5639 do-

513 5658 600 5722 g'et
627 5652 685 5706 S.
713 5654 1040 5707 Athanasius
1064 5652 1281 5720 angelos
1304 5668 1410 5708 non
1435 5652 1553 5707 esse
1576 5653 1839 5722 imagines
1866 5653 1930 5722 ad
1952 5668 2090 5721 quas

516 5716 675 5774 homo
718 5725 898 5776 factus
943 5732 1061 5789 est,
1111 5716 1215 5776 non
1256 5732 1432 5777 autem
1464 5737 1569 5777 non
1600 5716 1719 5777 esse
1760 5723 1853 5776 Dei
1893 5716 2080 5793 imagi-

518 5798 632 5841 nes.

597 5857 672 5928 (6)
710 5859 806 5914 llic
841 5861 988 5916 locus
1026 5861 1253 5917 refertur
1295 5862 1360 5917 ab
1391 5862 1627 5917 Adriano
1660 5858 1791 5932 papa
1830 5863 1981 5933 epist.
2018 5863 2083 5920 ad

2130 2662 2424 2739 μᾲγγέλων
2446 2662 2542 2732 ‘(5)
2564 2680 2581 2727 '_

2178 2016 2269 2071 οὖν
2305 2020 2411 2071 ἔδει
2442 2022 2612 2073 ποιεῖν
2641 2021 2730 2074 τὸν
2770 2022 2931 2087 Θεόν;
2970 2023 3041 2075 ’Ἡ
3082 2024 3132 2075 τί
3176 2022 3281 2076 ἔδει
3322 2024 3608 2091 γενέσθαι,
3643 2026 3761 2078 ἀλλ’

2178 2112 2210 2179 ἢ
2258 2112 2316 2165 τὸ
2365 2112 2484 2165 κατ’
2531 2113 2714 2167 εἰκόνα
2762 2114 2925 2168 πάλιν
2977 2114 3297 2179 ἀνανεῶσαι,
3347 2116 3433 2168 ἵνα
3481 2116 3550 2168 δι’
3594 2118 3761 2170 αὑτοῦ

2179 2202 2341 2254 πάλιν
2376 2203 2784 2274 αὑτὸνιγνῶναι
2815 2206 3114 2276 δυνηθῶσιν
3156 2210 3203 2260 οἰ
3245 2207 3559 2279 ἄνθρωποις
3593 2210 3763 2264 Τοῦτο

2177 2295 2234 2347 δὲ
2280 2295 2395 2359 πῶς
2435 2297 2500 2349 ἂν
2531 2297 2792 2365 ἐγεγόνει,
2831 2300 2879 2351 εἰ
2928 2298 3003 2370 μὴ
3042 2300 3211 2369 αὐτῆς
3251 2300 3352 2371 τῆς
3384 2301 3480 2354 τοῦ
3521 2303 3660 2356 Θεοῦ
3689 2306 3768 2356 εἰ·

2179 2386 2334 2449 κόνος
2407 2390 2854 2459 παραγενομένης
2908 2391 3003 2443 τοῦ
3061 2392 3312 2465 Σωτῆρος
3374 2396 3532 2463 ἡμῶν
3585 2395 3763 2466 Ἰησοῦ

2179 2478 2447 2549 Χριστοῦς
2484 2480 2560 2532 Δι’
2592 2480 2893 2553 ἀνθρώπων
2944 2482 3041 2552 μὲν
3100 2482 3207 2554 γὰρ
3253 2486 3352 2537 οὐκ
3398 2481 3467 2556 ἧν
3515 2485 3761 2548 δυνατὸν,

2179 2571 2300 2622 ἐπεὶ
2339 2571 2432 2625 καὶ
2464 2572 2616 2624 αὐτοὶ
2657 2574 2776 2625 κατ’
2802 2573 2985 2625 εἰκόνα
3025 2574 3310 2640 γεγόνασιν
3331 2592 3344 2605 ·
3378 2574 3494 2626 ἀλλ’
3534 2576 3659 2628 ούδὲ
3693 2576 3763 2628 δι’

2622 2663 2740 2716 οὐδὲ
2800 2663 2909 2733 γὰρ
2966 2663 3085 2735 οὐδὲ
3132 2664 3283 2716 αὐτοί
3330 2665 3470 2717 εἰσιν
3526 2666 3757 2729 εἰκόνες.
3802 2688 3809 2693 ι

2183 2740 2403 2806 ’³0θὲνὸ
2432 2754 2525 2807 τοῦ
2568 2754 2703 2807 Θεοῦ
2743 2754 2912 2823 Λόγος
2961 2754 3027 2808 δι’
3067 2755 3257 2809 ἑαυτοῦ
3303 2758 3654 2828 παρεγένετο.
3693 2758 3761 2809 ἵν’

2178 2842 2253 2907 ὠς
2282 2844 2441 2896 εἰκὼν
2468 2844 2542 2896 ὢν
2571 2845 2662 2897 τοῦ
2703 2846 2913 2915 Πατρὸς
2954 2848 3043 2899 τὸν
3088 2849 3207 2900 κατ’
3242 2848 3424 2900 εἰκόνα
3471 2848 3762 2919 ἄνθρωπον

2179 2936 2465 2989 ἀνακτίσαι
2501 2935 2720 3006 δυνηθῇ.
2750 2937 2956 3000 Ἀλλως
2988 2938 3044 2989 δὲ
3073 2938 3231 2989 πάλιν
3255 2938 3354 2991 οὐκ
3386 2938 3453 2991 ἂν
3488 2939 3757 3005 ἐγεγόνει.

2178 3028 2227 3079 εἰ
2261 3026 2333 3096 μὴ
2363 3027 2391 3078 ὁ
2420 3025 2644 3089 θάνατος
2671 3021 2737 3096 ἦν
2771 3027 2863 3079 καί
2896 3029 2927 3097 η
2953 3026 3126 3098 φθορὰ
3152 3026 3576 3094 ἐξαφανισθεῖσα
3599 3044 3613 3055 ·
3638 3027 3761 3081 ὅθεν

2177 3117 2399 3180 εἰκότως
2440 3117 2597 3172 ἔλαϐε
2643 3116 2801 3188 σῶμα
2847 3117 3057 3188 θνητὸν,
3101 3118 3187 3171 ἵνα
3230 3120 3324 3171 καὶ
3362 3120 3392 3172 6
3430 3119 3663 3183 θάνατος
3699 3122 3762 3173 ἐν

2179 3208 2326 3279 αὑτῷ
2360 3209 2542 3263 λοιπὸν
2586 3208 3005 3281 ὲξαφανισθῆναι
3037 3210 3255 3281 δυνηθῇ,
3300 3210 3393 3263 καὶ
3432 3211 3483 3263 οἱ
3522 3213 3763 3264 κατ’-εἰ-

2178 3297 2307 3351 κόνα
2348 3298 2508 3352 πάλιν
2562 3298 3013 3353 ἀνακαινισθῶσιν
3059 3299 3351 3370 ἄνθρωποι.
3393 3300 3605 3354 Οὐκοῦν
3647 3302 3765 3355 ἑτέο

2180 3407 2274 3461 ρου
2301 3390 2435 3460 πρὸς
2466 3389 2668 3461 ταύτην
2701 3389 2797 3461 τὴν
2825 3390 3011 3460 χρείαν
3037 3392 3134 3444 οὐκ
3160 3388 3227 3462 ἦν
3250 3394 3297 3444 εἰ
3326 3392 3402 3463 μὴ
3422 3392 3526 3462 τῆς
3552 3394 3764 3457 εἰκόνος

2179 3478 2272 3531 τοῦ
2302 3480 2532 3548 Πατρός.

2254 3570 2337 3623 14.
2372 3570 2444 3639 (6)
2485 3570 2569 3632 Ὠς
2606 3570 2713 3640 γὰρ
2752 3570 2854 3640 τῆς
2888 3572 3190 3642 γραφείσης
3231 3573 3289 3623 ἐν
3333 3570 3475 3641 ξύλῳ
3545 3574 3766 3643 μορφῆς

2180 3661 2680 3735 παραφανισθείσης
2708 3663 2771 3715 ἐκ
2808 3661 2918 3715 τῶν
2946 3662 3141 3728 ἔξωθεν
3172 3661 3379 3734 ρύπων,
3411 3664 3577 3718 πάλιν
3604 3666 3767 3737 χρεία

2179 3755 2365 3808 τοῦτον
2400 3754 2475 3825 (7i
2505 3752 2932 3823 παραγενέσθαι,
2966 3747 3026 3806 οὗ
3058 3756 3150 3807 καὶ
3188 3755 3333 3808 ἔστιν
3360 3758 3393 3826 ἡ
3426 3757 3637 3829 μορφὴ,
3676 3758 3767 3811 ἵνα

2180 3841 2622 3912 ἀνακαινισθῆναι
2670 3845 2704 3913 ὴ
2746 3842 2908 3896 εἰκὼν
2969 3842 3167 3914 δυνηθῇ
3220 3844 3277 3897 ὲν
3317 3846 3383 3914 τῇ
3436 3845 3576 3915 αὐτῇ
3620 3844 3761 3918 ὕλῃ·

2178 3934 2265 3988 διὰ
2296 3934 2403 4006 γὰρ
2432 3933 2526 4003 τὴν
2550 3932 2757 3987 ἐκείνου
2790 3934 3005 4005 γραφὴν
3038 3936 3070 4004 ὴ
3098 3932 3231 4005 αὐτὴ
3263 3934 3356 3987 καὶ
3386 3932 3484 4005 ὕλη
3515 3935 3573 3985 ὲν
3670 3937 3767 3989 καὶ

2179 4028 2505 4098 γέγραπται,
2531 4026 2630 4079 οὐκ
2654 4025 2994 4089 ἐκϐάλλεται,
3034 4025 3147 4078 ἀλλ’
3182 4027 3239 4077 ἐν
3267 4026 3403 4095 αὐτῇ
3452 4025 3765 4080 ἀνατυποῦ-

2179 4137 2286 4173 ται.
2318 4118 2471 4171 Κατά
2519 4118 2676 4171 τοῦτο
2712 4118 2806 4171 καὶ
2842 4117 2871 4169 6
2917 4119 3179 4185 πανάγιος
3228 4117 3321 4171 τοῦ
3364 4118 3581 4189 [ἰατρὸς
3615 4119 3763 4182 Υἱὸς,

2180 4209 2342 4263 εἰκὼν
2377 4208 2452 4262 ὢν
2490 4208 2584 4261 τοῦ
2624 4208 2857 4279 Πατρδς,
2898 4208 3228 4279 παρεγένετο
3265 4210 3359 4262 ἐπὶ
3392 4210 3519 4272 τοὺς
3564 4209 3767 4280 ἡμετέ-

2183 4316 2307 4372 ρους
2336 4298 2412 4368 (8)
2434 4298 2650 4361 τόπους,
2682 4298 2768 4350 ἴνα
2792 4297 2883 4350 τὸν
2916 4297 3037 4351 κατ’
3070 4298 3231 4350 αὑτὸν
3274 4298 3645 4369 πεποιημένον
3672 4299 3767 4353 ἇν-

2183 4389 2396 4458 θρωπον
2428 4388 2770 4459 ἀνακαινίσῃ,
2797 4388 2891 4442 καὶ
2920 4388 2995 4451 ὡς
3020 4387 3352 4459 ἀπολόμενον
3377 4388 3513 4461 εὕρῃ
3546 4390 3636 4443 διὰ
3663 4390 3766 4459 τῆς

2181 4478 2290 4531 τῶν
2323 4479 2605 4551 ἁμαρτιῶν
2644 4479 2912 4547 ἀφέσεως,
3022 4496 3153 4550 φησι
3203 4480 3295 4533 καὶ
3336 4480 3500 4544 αὐτὸς
3540 4484 3600 4534 ὲν
3651 4485 3767 4545 τοῖς

2185 4571 2565 4639 Εὐαγγελίοιςσ
2615 4566 2839 4625 ’Ἦλθον
2880 4570 2946 4623 τό
2985 4570 3364 4639 ἀπολόμενον
3414 4572 3621 4640 εὑρεῖν
3665 4574 3765 4626 και

2183 4662 2398 4718 σῶσαι,
2429 4661 2590 4714 Ὅθεν
2641 4663 2736 4714 καὶ
2776 4662 2913 4733 πρὸς
2938 4664 3063 4725 τοὺς
3114 4662 3401 4725 Ἰουδαίους
3431 4664 3504 4733 (9)
3544 4664 3761 4732 ἔλεγεν

2195 4754 2330 4806 Ἐὰν
2346 4752 2431 4822 μή
2459 4770 2547 4818 τις
2560 4752 2937 4821 ἀναγεννηθῇ
2956 4770 2967 4782 ·
2993 4754 3051 4806 ού
3076 4752 3171 4823 τὴν
3196 4754 3553 4821 ὲκγυναικῶν
3569 4756 3767 4825 γέννη-

2182 4863 2266 4900 σιν
2314 4845 2613 4915 σημαίνων,
2656 4843 2843 4915 ὦσπερ
2900 4844 3157 4898 ὑπενόουν
3210 4846 3425 4910 ἐκεῖνοι,
3478 4847 3618 4900 ἀλλὰ
3666 4849 3767 4916 τὴν

2183 4935 2633 5006 ἀναγεννωμένην
2663 4936 2757 4989 καὶ
2788 4935 3221 5007 ἀνακτιζομένην
3251 4935 3428 5007 ψυχὴν
3449 4939 3508 4989 ἐν
3534 4937 3615 5007 τῷ
3644 4940 3762 4991 κατ’

2183 5027 2368 5081 εἰκόνα
2395 5026 2588 5098 δηλῶν.
2636 5026 2853 5096 Ἐπειδὴ
2875 5026 2932 5079 δὲ
2963 5027 3056 5080 καὶ
3090 5027 3448 5097 εἰδωλομανία
3491 5030 3589 5081 καὶ
3619 5028 3764 5081 ἀθεό-

2184 5134 2284 5189 της
2305 5119 2521 5187 κατεῖχε
2547 5117 2645 5188 τὴν
2671 5117 3016 5187 οἰκουμένην,
3042 5117 3137 5171 καὶ
3166 5118 3199 5187 ἡ
3240 5117 3367 5187 περὶ
3396 5116 3534 5171 Θεοῦ
3564 5120 3765 5187 γνῶσις

2183 5303 2559 5360 Constantium
2595 5310 2651 5357 et
2685 5301 2917 5372 Irenem,
2952 5303 3142 5372 synod.
3209 5317 3291 5355 vu.
3327 5316 3622 5367 mcumen.,
3655 5312 3761 5356 act.

2185 5377 2253 5439 Ως
2296 5375 2389 5430 sed
2436 5372 2614 5427 verbis
2654 5370 2867 5440 paulum
2925 5370 3151 5442 diversis
3178 5410 3194 5435 ,
3236 5374 3379 5442 quod
3447 5388 3514 5428 ex
3571 5372 3759 5427 Latina

2191 5447 2373 5511 lingua
2411 5444 2461 5497 in
2484 5442 2727 5511 Graecam
2770 5456 2921 5511 versa
2953 5440 3167 5496 fuerint.

2259 5508 2337 5581 ('7)
2370 5511 2554 5583 Bas_il.,
2583 5510 2758 5583 τοῦτο.
2795 5508 2915 5583 Mos
2966 5512 3094 5583 ibid.
3122 5527 3321 5568 omnes.
3352 5527 3488 5568 mss.
3534 5513 3693 5568 artic.
3724 5514 3758 5583 ἠ

2192 5579 2317 5640 ante
2354 5580 2516 5637 εἰκών
2542 5582 2763 5641 addunt,
2791 5579 2917 5634 editi
2948 5581 3218 5634 omittunt.

2262 5654 2340 5723 (8)
2363 5654 2453 5723 Sic
2477 5649 2890 5723 Segue_r._E_diti,
2912 5650 3223 5723 ῂμετέρων.

2258 5717 2333 5794 (9)
2362 5717 2597 5794 Gobleri.
2636 5717 3131 5794 Eelckm._l"anon.
3179 5719 3756 5794 et_$egtter.,_i6lou;.

2190 5788 2518 5861 Interpretes
2543 5788 2846 5861 Ἰουδαίους
2874 5788 3133 5860 legerunt.
3170 5788 3388 5845 Gobler.
3436 5800 3490 5846 et
3520 5790 3757 5853 Eelckm.

2196 5865 2216 5920 1
2261 5858 2418 5919 anon.
2451 5861 2603 5926 ibid.,
2635 5858 2875 5929 γεννηθῇ.
