4006 6502
238 376 305 430 £2!
1203 372 1461 429 ORATIO
1501 373 1588 428 DE
1628 373 2144 431 INCABNATIONE
2185 375 2409 432 VERBI.

3341 375 3447 431 ίῗὲ

233 492 516 560 ἐκέκρυπτο·
570 488 723 553 τίνος
767 485 835 559 ἦν
878 489 1083 553 διδάξαι
1123 491 1221 562 τὴν
1265 492 1585 564 οἰκουμένην
1639 494 1753 564 περῖ

1872 494 2069 562 ubique
2094 495 2317 559 latente,
2339 493 2515 564 cujus,
2540 493 2754 556 amabo,
2782 499 2900 547 erat
2930 491 3238 548 hominibus
3259 490 3442 546 Patris

230 582 385 653 Πατρός
411 580 527 651 (10)
552 597 569 646 ;
614 583 925 655 Ἀνθρώπου
954 584 1090 655 φαίη
1126 601 1210 648 τις
1244 585 1347 649 ἀν;
1380 586 1669 669 λἈλλζρΞξ
1691 581 1759 657 ἦν

228 673 467 745 ἀνθρώπων
497 673 630 728 ὲνὸν
658 676 756 745 τὴν
782 676 1005 747 ὑφήλιον
1038 678 1218 731 πᾶσαν
1242 678 1512 743 ὑπελθεῖν,
1544 678 1665 732 οὔτε
1692 682 1758 751 τῇ

229 767 338 835 φύσει
356 762 615 819 τοσοῦτον
658 766 944 835 ἰσχυόντων
976 766 1221 838 δραμεῖν,
1263 766 1387 821 οὔτε
1435 766 1760 833 ἀξιοπίστων

225 858 312 927 περὶ
334 855 515 909 τούτου
552 857 871 928 δυναμένων
902 860 1172 927 γενέσθαι,
1198 860 1321 915 οὔτε
1357 862 1495 933 πρὸς
1531 863 1629 933 τὴν
1650 862 1760 916 τῶν

222 949 428 1019 δαιμόνων
462 949 695 1020 ἀπάτην
732 952 827 1005 καὶ
865 954 1169 1021 φαντασίαν
1209 954 1409 1008 ἱκανῶν
1450 954 1517 1007 δι’
1552 955 1761 1009 ἑαυτῶν

221 1037 499 1107 ἀντιστῆναι.
536 1038 771 1092 Πάντων
803 1040 909 1109 γὰρ
937 1041 1076 1094 κατά
1106 1041 1281 1112 ψυχὴν
1316 1042 1631 1113 πληγέντων
1663 1043 1759 1096 καὶ

219 1129 554 1200 ταραχθέντων
590 1132 745 1203 παρά
780 1134 877 1203 τῆς
917 1134 1236 1204 δαιμονικῆς
1267 1136 1503 1205 ἀπάτης,
1538 1137 1630 1189 καὶ
1660 1139 1761 1207 τῆς

217 1220 292 1271 τῶν
312 1218 540 1273 εἰδώλων
567 1222 949 1294 ματαιότητος,
986 1224 1104 1289 πῶς
1135 1220 1246 1279 οἷόν
1280 1243 1340 1278 τε
1369 1221 1437 1297 ἦν
1471 1226 1757 1298 ἀνθρώπου

216 1312 342 1381 ψυχὴν
366 1311 463 1364 καὶ
496 1311 813 1383 ἀνθρώπων
846 1314 970 1367 νοῦν
1010 1319 1356 1386 μεταπεῖσαι,
1384 1318 1518 1370 ὅπου
1544 1334 1611 1385 γε·
1636 1317 1760 1370 οὐδὲ

214 1406 306 1474 όρᾷν
330 1404 529 1466 αὐτοὺς
555 1402 817 1458 δύνανται
843 1423 856 1471 ;
890 1406 919 1458 ὃ
949 1406 1004 1459 δὲ
1043 1407 1115 1478 μὴ
1149 1408 1251 1480 ὁρᾷ
1280 1426 1385 1472 τις,
1440 1408 1559 1471 πῶς
1600 1408 1758 1462 δύνα-

213 1511 275 1547 ται
300 1494 763 1563 μεταπαιδεῦσαις
829 1496 965 1550 Ἀλλ’
1020 1499 1147 1562 ἴσως
1210 1499 1275 1553 ἄν
1326 1517 1411 1563 τις
1469 1500 1611 1554 εἴποι
1658 1502 1758 1571 τὴν

212 1584 335 1637 κτίσιν
382 1586 708 1655 ἀρκεῖσθαι.
757 1588 893 1641 Ἀλλ’
934 1591 983 1641 εί
1024 1591 1057 1660 ἡ
1113 1590 1286 1654 κτίσις
1320 1592 1500 1662 ἤρκει,
1550 1592 1651 1645 οὐκ
1691 1592 1756 1645 ἂν

209 1678 400 1746 ἐγεγόνει
427 1679 497 1731 τὰ
523 1679 835 1750 τηλικαῦτα
857 1682 1021 1736 κακά.
1051 1679 1158 1736 τΗν
1197 1684 1305 1756 γὰρ
1340 1686 1435 1739 καὶ
1474 1687 1507 1755 ἡ
1545 1686 1753 1748 κτίσις·

209 1769 274 1821 καὶ
291 1769 433 1821 οὐδὲν
464 1766 639 1842 ἦττον
673 1772 720 1823 oi
789 1772 1060 1844 ἄνθρωποι
1095 1775 1153 1827 ὲν
1180 1778 1244 1846 τῇ
1289 1775 1425 1846 αὐτῇ
1466 1776 1594 1845 περὶ
1620 1774 1753 1828 Θεοῦ

1861 588 2219 656 cognitionem
2281 584 2595 655 impartire?
2662 583 3018 640 liominisne?
3073 585 3272 640 Verum
3328 600 3435 638 non

1861 677 2108 733 humanae
2153 680 2402 748 potentiue
2430 686 2544 732 erat
2578 678 2884 731 universum
2933 687 3201 731 terrarum
3249 676 3437 731 urbem

1861 784 2172 839 peragrare,
2208 785 2307 824 nec
2338 779 2547 824 tantum
2583 768 2742 837 spatii
2788 781 3111 833 percurrere
3158 765 3437 820 hominum

1861 870 2056 915 natura
2107 861 2355 915 ferebat:
2393 875 2490 915 nec
2540 874 2667 913 vero
2713 858 2785 911 illi
2820 873 2881 911 ea
2935 858 3262 912 auctoritate
3304 855 3441 910 fuis-

1861 962 2000 1018 sent,
2033 962 2091 1006 ut
2123 951 2224 1006 sibi
2257 952 2360 1007 hac
2387 955 2452 1006 de
2484 950 2703 1019 re‘ftdes
2729 950 3046 1012 haberetur,
3077 962 3177 1001 nec
3205 947 3440 1017 denique

1861 1043 2162 1098 daemonum
2221 1043 2448 1098 fallaciis
2482 1054 2536 1098 et
2571 1043 2858 1113 przestigiis
2911 1055 3007 1110 per
3044 1040 3250 1110 seipsos
3302 1039 3441 1093 resi-

1860 1145 2005 1190 stere
2047 1134 2318 1189 valebant.
2373 1135 2624 1190 Omnium
2679 1137 2823 1190 enim
2878 1133 3075 1189 animis
3141 1131 3438 1186 daemonica

1862 1225 2053 1281 fraude
2083 1242 2153 1281 ac
2206 1227 2467 1280 idolorum
2505 1227 2740 1281 vanitate
2788 1226 3175 1279 circumventis
3208 1232 3262 1278 et
3301 1235 3439 1277 con-

1863 1319 2115 1382 turbatis,
2148 1320 2241 1387 qui
2277 1320 2391 1372 fieri
2435 1327 2681 1387 poterat,
2730 1328 2787 1371 ut
2835 1317 3070 1371 hominis
3101 1315 3334 1369 animam
3384 1324 3440 1367 et

1861 1408 2136 1463 hominum
2196 1419 2429 1463 tuentem
2481 1415 2735 1479 cogerent
2801 1406 3127 1460 sententiam
3185 1412 3435 1467 mutare,

1858 1514 1980 1554 cum
2020 1501 2087 1554 ab
2123 1501 2226 1553 illis
2262 1515 2329 1553 ne
2361 1499 2530 1554 videri
2565 1500 2778 1569 quidem
2826 1496 3084 1569 possent?
3117 1495 3272 1561 Quod
3302 1509 3436 1549 vero

1859 1607 1965 1645 non
2012 1592 2158 1647 videt
2208 1592 2366 1662 quis,
2416 1584 2684 1660 quomodo
2745 1604 2811 1643 ex
2861 1586 3128 1642 sententia
3172 1585 3439 1640 deducere

1857 1683 2074 1753 potest?
2120 1683 2227 1739 Sed
2278 1683 2417 1737 forte
2473 1681 2668 1736 dixerit
2735 1679 2929 1748 aliquis
2978 1692 3065 1731 res
3123 1684 3337 1731 creatas
3385 1674 3437 1728 id

1857 1786 2112 1845 prastare
2161 1775 2427 1844 potuisse.
2456 1772 2656 1829 Verum
2691 1772 2735 1827 si
2786 1773 3107 1840 potuissent,
3144 1784 3249 1824 non
3287 1776 3436 1821 tanta

209 1861 334 1933 πλάνῃ
380 1861 693 1916 ὲκυλίοντο.
746 1864 901 1929 Τίνος
950 1863 1043 1919 οῦν
1082 1862 1151 1937 ἦν
1201 1867 1361 1921 πάλιν
1406 1867 1561 1938 χρεία
1601 1866 1753 1937 ἢτοῦ

1860 1866 2105 1937 profecto
2146 1865 2285 1919 mala
2319 1864 2646 1919 evenissent.
2673 1862 3018 1916 Exsistebant
3050 1858 3315 1928 siquidem
3349 1873 3437 1911 res

206 1950 300 2005 Θεοῦ
322 1953 501 2023 Λόγου
531 1954 632 2008 τοῦ
664 1958 758 2009 καὶ¹
780 1958 954 2030 ψυχὴν
977 1960 1071 2013 καὶ
1100 1957 1223 2012 νοῦν
1257 1958 1512 2031 ὁρῶντος,
1540 1958 1634 2012 τοῦ
1664 1962 1755 2013 καὶ.

206 2044 250 2095 τὰ
267 2043 345 2096 ὅλα
380 2046 442 2097 ἐν
475 2049 545 2115 τῇ
579 2047 760 2100 κτίσει
796 2049 1087 2114 κινοῦντος,
1126 2052 1219 2104 καὶ
1240 2051 1305 2103 δι’
1346 2050 1522 2103 αὐτῶν
1552 2052 1755 2122 γνωρίο

204 2132 342 2199 ζοντος
366 2136 462 2189 τὸν
498 2138 765 2210 Πατέρα;
802 2141 905 2193 Τοῦ
936 2141 1044 2215 γὰρ
1077 2142 1165 2196 διὰ
1188 2143 1287 2213 τῆς
1335 2143 1468 2206 ίδίας
1501 2144 1756 2214 προνοίας

203 2228 266 2280 καὶ
288 2229 713 2301 διακοσμήσεως
751 2233 857 2286 τῶν
903 2235 1039 2289 ὅλων
1100 2235 1439 2298 διδάσκοντος
1490 2237 1619 2307 περὶ
1661 2237 1754 2289 τοῦ

204 2317 399 2391 Πατρὸς.
451 2322 627 2375 αὑτοῦ
669 2319 739 2393 ἦν
769 2326 863 2377 καὶ
894 2328 992 2397 τὴν
1029 2327 1197 2397 αὐτὴν
1232 2327 1578 2381 διδασκαλίαν
1619 2329 1753 2381 ἀνα-

201 2411 375 2466 νεῶσαι.
410 2412 543 2476 Πῶς
588 2411 683 2467 οῦν
718 2415 783 2468 ἂν
820 2419 1059 2485 ἐγεγόνει
1108 2418 1298 2483 τοῦτο;
1348 2422 1506 2484 Ἴσως
1558 2420 1622 2474 ἄν
1674 2439 1755 2484 τις

201 2500 326 2565 simi,
367 2504 453 2556 ὅτι
484 2505 611 2569 ἐξὸν
651 2501 722 2576 ἦν
760 2506 849 2561 διὰ
894 2509 1000 2562 τῶν
1051 2510 1249 2573 αὐτῶν,
1280 2511 1419 2564 ῶστε
1475 2512 1636 2565 πάλιν
1667 2512 1756 2565 διὰ

198 2590 273 2643 τῶν
298 2593 399 2663 τῆς
424 2595 667 2658 κτίσεως
697 2595 877 2665 ἔργων
910 2598 975 2651 τὰ
1011 2601 1137 2671 περὶ
1165 2600 1330 2653 αὑτοῦ
1368 2600 1557 2667 δεῖξαι.
1614 2603 1753 2656 Ἀλλ’

198 2684 266 2736 οὐκ
302 2682 369 2757 ἧν
408 2688 662 2755 ἀσφαλὲς
692 2689 773 2741 ἔτι
813 2690 987 2743 τοῦτο.
1045 2692 1177 2762 Οὐχί
1211 2709 1308 2760 γε’
1366 2694 1618 2765 παρεῖδον
1646 2695 1755 2765 γὰρ

197 2773 317 2829 τοῦτο
346 2780 623 2851 πρότερον
652 2782 702 2833 οἱ
736 2782 1035 2852 ἄνθρωποι,
1084 2784 1177 2836 καὶ
1214 2784 1313 2836 οὐκ
1363 2784 1443 2836 ἔτι
1492 2786 1590 2855 μὲν
1620 2785 1751 2847 ἄνω,

197 2864 308 2918 κάτω
328 2867 386 2920 δὲ
413 2870 547 2933 τοὺς
590 2871 907 2941 ὀφθαλμοὺς
953 2875 1263 2946 ἐσχήκασιν.
1303 2876 1464 2928 Ὅθεν
1509 2877 1751 2939 είκότως,

196 2954 480 3027 ἀνθρώπους
510 2960 687 3015 θέλων
712 2963 1009 3035 ὠφελῆσαι,
1046 2966 1121 3028 ὡς
1155 2965 1436 3037 ἄνθρωπος
1476 2966 1750 3037 ἐπιδημεῖ,

195 3045 453 3119 λαμϐάνων
492 3051 683 3121 ὲαυτῴ
716 3053 873 3123 σῶμα
917 3054 1102 3125 ὅμοιον
1137 3055 1385 3118 ἐκείνοις,
1418 3056 1510 3107 καὶ
1542 3056 1606 3107 ὲκ
1644 3056 1753 3107 τῶν

194 3141 334 3197 κάτω·
368 3142 516 3211 λέγω
541 3143 606 3215 δὴ
639 3143 731 3196 διά
771 3145 879 3198 τῶν
916 3146 1007 3199 τοῦ
1051 3147 1300 3216 σώματος
1340 3148 1544 3219 ἔργων·
1587 3149 1671 3202 ἵνα
1703 3151 1752 3201 οί

194 3234 245 3305 μὴ
270 3235 604 3308 θελήσαντες
637 3238 803 3290 αὐτὸν
831 3239 1031 3306 γνῶναι
1069 3243 1133 3293 ὲκ
1160 3240 1257 3308 τῆς
1289 3242 1368 3303 είς
1390 3241 1458 3294 τά
1492 3240 1588 3293 ὂλα
1620 3259 1751 3313 προ-

192 3326 303 3390 vola;
338 3330 435 3381 καὶ
460 3328 764 3399 ἡγεμονίας
792 3331 954 3383 αὑτοῦ
989 3332 1091 3385 κᾶν
1118 3334 1183 3385 ἐκ
1221 3332 1329 3384 τῶν
1355 3333 1421 3386 δι’
1456 3332 1617 3387 αὐτοῦ
1652 3333 1747 3386 τοῦ

192 3418 411 3489 σώματος
466 3422 648 3493 ἔργων
696 3421 1012 3489 γνώσωνται
1048 3424 1139 3476 τὸν
1178 3425 1236 3479 ὲν
1275 3426 1354 3497 τῷ
1400 3424 1614 3497 σώματι
1651 3424 1747 3477 τοῦ

190 3503 294 3560 Θεοῦ
321 3512 517 3579 Λόγον,
545 3513 639 3563 καὶ
663 3511 733 3563 δι’
756 3511 920 3565 αὑτοῦ
953 3513 1043 3565 τὸν
1066 3514 1304 3585 Πατέρα.

1856 1968 2089 2015 οτεειιεε
2120 1968 2177 2010 at
2203 1956 2448 2011 homines
2475 1954 2821 2008 nihilominus
2844 1951 2957 2024 [‘8
2983 1952 3034 2005 in
3067 1950 3255 2004 eodem
3287 1948 3432 2003 circa

1857 2053 2022 2108 Deum
2060 2066 2244 2107 errore
2291 2048 2697 2103 volutabantur.
2744 2047 2908 2116 Cujus
2954 2058 3082 2115 ergo
3115 2043 3253 2097 alius
3301 2056 3433 2110 opus

1856 2144 1975 2209 fuit,
2006 2158 2168 2213 quam
2200 2142 2293 2195 Dei
2323 2140 2483 2195 Verbi
2518 2139 2659 2208 quod
2706 2138 2941 2191 animam
2975 2144 3030 2189 et
3074 2143 3308 2188 mentem
3345 2131 3431 2185 iu-

1856 2244 2057 2300 tuetur,
2091 2232 2384 2301 omniaque
2418 2232 2469 2285 in
2504 2239 2699 2284 natura
2736 2238 2935 2290 movet,
2976 2234 3029 2279 et
3073 2239 3170 2294 per
3205 2223 3291 2276 illa
3330 2221 3433 2276 Pa-

1857 2336 1991 2382 trem
2016 2337 2200 2380 notum
2236 2323 2400 2377 facit?
2422 2322 2551 2391 Ejus
2579 2321 2722 2375 enim
2754 2328 2903 2374 certe
2928 2326 3070 2381 erat,
3096 2316 3185 2383 qui
3215 2314 3431 2383 propria

1853 2417 2189 2488 providentia
2220 2426 2274 2469 et
2304 2429 2485 2468 rerum
2524 2412 2899 2465 universarum
2941 2407 3300 2476 dispositione
3332 2405 3433 2459 Pa-

1858 2506 1955 2560 tris
2000 2504 2360 2574 cognitionem
2390 2503 2580 2568 docet,
2628 2500 2871 2555 eamdem
2922 2498 3221 2552 doctrinam
3271 2508 3433 2548 reno-

1854 2615 2003 2653 vare.
2047 2597 2325 2663 Quomodo
2364 2594 2528 2665 igitur
2575 2594 2627 2648 id
2671 2590 2786 2645 fieri
2832 2588 3135 2659 potuisset?
3183 2585 3431 2655 liespOn-

1855 2690 1993 2743 derit
2032 2687 2172 2742 forte
2201 2686 2417 2755 aliquis,
2455 2700 2552 2755 per
2581 2683 2771 2737 eadem
2809 2682 3049 2750 potuisse
3082 2678 3218 2742 fieri,
3250 2678 3323 2730 ita
3374 2686 3432 2727 ut

1853 2778 2061 2832 scilicet
2108 2792 2169 2832 ex
2207 2786 2403 2831 creatae
2451 2784 2662 2828 naturae
2709 2772 2965 2842 operibus
3016 2770 3179 2824 Pater
3233 2768 3432 2821 iterum

1854 2880 2291 2939 cognosceretur.
2320 2868 2479 2935 Atqui
2509 2866 2561 2919 id
2589 2864 2810 2919 minime
2840 2878 3089 2917 securum
3119 2868 3258 2913 erat.
3285 2857 3427 2919 Non.

1856 2964 2094 3032 inquam,
2136 2976 2385 3016 securum
2417 2967 2533 3012 erat
2562 2976 2577 3013 :
2611 2958 2840 3027 idipsutn
2884 2957 3028 3010 enim
3070 2954 3215 3023 prius
3247 2952 3431 3020 negle-

1854 3065 2045 3111 xerant
2079 3056 2352 3119 homines;
2386 3067 2484 3106 nec
2510 3051 2620 3119 jam
2666 3050 2897 3119 amplius
2934 3063 3173 3112 sursum,
3202 3048 3296 3101 sed
3338 3047 3431 3100 de-

1857 3164 2040 3203 orsum
2074 3146 2279 3199 deﬁxos
2318 3145 2591 3197 habebant
2631 3142 2856 3195 oculos:
2892 3140 3033 3193 unde
3073 3148 3432 3208 congruenter

1862 3237 2170 3294 hominibus
2224 3237 2482 3304 prodesse
2534 3233 2741 3299 volens,
2773 3241 2830 3286 ιιι
2862 3232 3024 3286 homo
3059 3230 3306 3295 advenit,
3358 3230 3431 3285 si-

1857 3332 2018 3400 bique
2063 3328 2237 3382 simile
2265 3342 2461 3395 corpus
2502 3326 2711 3394 accepit
2750 3334 2803 3378 et
2837 3338 2905 3378 ex
2949 3324 3110 3377 rebus
3156 3322 3429 3377 inferiori.

1856 3426 1978 3488 bus,
2014 3422 2113 3475 hoc
2141 3428 2243 3485 est,
2271 3433 2367 3486 per
2409 3418 2650 3486 corporis
2687 3429 2873 3485 Opera,
2916 3426 2975 3468 ut
3016 3415 3105 3484 qui
3147 3414 3315 3469 Deum
3362 3430 3430 3468 ex

1855 3532 1956 3571 suo
1987 3514 2213 3583 imperio
2240 3521 2294 3566 et
2332 3510 2672 3581 providentia
2703 3508 2758 3562 in
2789 3523 2875 3562 res
2905 3508 3185 3563 universas
3231 3507 3431 3562 intelli-

189 3615 291 3666 gere
320 3610 633 3669 noluerant,
681 3607 871 3660 sziltcttt
904 3624 966 3662 ex
1004 3611 1255 3678 operibus
1289 3628 1385 3681 per
1413 3628 1610 3682 corpus
1638 3611 1822 3680 editis,
1855 3613 1948 3668 Dei
1979 3610 2213 3666 Verbum
2275 3608 2328 3661 in
2397 3620 2623 3674 corpore
2688 3605 2982 3669 exsistens,
3007 3619 3072 3659 ac
3102 3618 3197 3673 per
3224 3603 3421 3673 ipsum,

189 3694 374 3752 Patrem
401 3710 795 3767 agnoscerent.

240 3788 317 3842 i5.
377 3790 466 3852 Ὠς
526 3790 636 3857 γὰρ
678 3790 881 3858 ἀγαθὸς
934 3790 1253 3856 διδάσκαλος
1305 3794 1601 3865 κηδόμενος
1641 3793 1749 3846 τῶν

188 3878 351 3931 ἑαυτοῦ
405 3881 689 3950 μαθητῶν,
722 3882 847 3944 τοὺς
878 3884 951 3952 μὴ
980 3884 1310 3954 δυναμένους
1354 3887 1420 3938 ἐκ
1442 3886 1550 3938 τῶν
1577 3884 1753 3955 μειζό-

185 3985 274 4019 νων
289 3970 657 4040 ὼφεληθῆναι,
688 3971 903 4034 πάντως
935 3972 1021 4025 διὰ
1053 3974 1162 4025 τῶν
1195 3975 1592 4047 εὐτελεστέρων
1621 3991 1751 4041 συγ-

186 4062 507 4115 καταϐαίνων
536 4063 739 4123 αὐτοὺς
769 4063 1012 4115 παιδεύει
1036 4106 1051 4128 ,
1080 4064 1254 4127 οῦτως
1293 4066 1385 4118 καὶ
1421 4068 1449 4118 6
1488 4065 1581 4117 τοῦ
1611 4063 1749 4117 Θεοῦ

187 4150 355 4220 Λόγος,
390 4153 570 4219 καθὼς
600 4154 700 4207 καὶ
736 4156 764 4206 6
790 4155 998 4219 Παῦλός
1032 4174 1224 4228 φησιν·
1268 4158 1500 4226 Ἐπειδὴ
1536 4158 1645 4227 γὰρ
1681 4157 1751 4209 ἐν

188 4240 251 4309 τῇ
274 4247 452 4313 σοφίᾳ
484 4246 592 4299 τοῦ
620 4246 770 4299 Θεοῦ
806 4250 917 4301 οὐκ
957 4249 1110 4317 ἔγνω
1147 4251 1180 4302 ὀ
1226 4251 1456 4317 κόσμος
1505 4249 1603 4303 διὰ
1644 4246 1751 4314 τῆς

189 4334 384 4401 σοφίας
404 4337 511 4388 τὸν
548 4336 719 4400 Θεὸν,
747 4337 1083 4405 εὐδόκησεν
1113 4343 1144 4392 ὀ
1173 4339 1319 4405 Θεὸς
1356 4340 1455 4393 διὰ
1495 4340 1605 4406 τῆς
1640 4356 1752 4408 μω-

186 4421 303 4489 ρίας
331 4427 433 4480 τοῦ
472 4431 852 4497 κηρύγματος
903 4430 1093 4484 σῶσαι
1142 4430 1280 4497 τοὺς
1332 4434 1746 4496 πιστεύοντας.

204 4512 395 4590 Ἐπειδὴ
421 4520 528 4593 γάρ
556 4522 605 4574 oi
640 4521 939 4591 ἄνθρωποι.
980 4524 1421 4593 ἀποστραφέντες
1468 4522 1566 4594 τὴν
1613 4522 1750 4592 πρὸς

193 4604 269 4657 τὸν
284 4607 403 4662 Θεὸν
424 4611 678 4682 θεωρίαν,
713 4615 805 4666 καὶ
838 4614 911 4677 ὡς
946 4615 1008 4667 ἐν
1050 4612 1196 4685 βυθῷ
1228 4614 1572 4684 βυθισθέντες
1599 4614 1751 4666 κάτω

195 4699 301 4761 ποὺς
338 4703 644 4775 ὀφθαλμοὺς
680 4704 913 4775 ἔχοντες,
948 4707 1005 4759 ἐν
1032 4707 1243 4776 γενέσει
1277 4708 1373 4760 καὶ
1402 4710 1514 4770 τοῖς
1555 4705 1749 4775 αἰσθη-

194 4792 290 4852 τοῖς
323 4792 406 4867 τὸν
457 4794 588 4849 Θεὸν
634 4796 952 4866 ἀνεζήτουν,
1006 4794 1325 4867 ἀνθρώπους
1374 4796 1602 4867 θνητοὺς
1654 4795 1750 4848 καὶ

196 4876 431 4959 δαίμονας,
446 4887 658 4949 ἑαυτοῖς
694 4886 849 4950 θεοὺς
872 4889 1304 4959 ἀνατυπούμενοι
1324 4906 1337 4919 ·
1373 4888 1564 4942 τούτου
1586 4890 1747 4941 ἕνεκα

200 4969 591 5047 ὀφιλάνθρωπος
620 4978 716 5030 καὶ
740 4979 917 5041 κοινὸς
946 4981 1162 5034 πάντων
1188 4981 1403 5051 Σωτὴρ,
1435 4983 1463 5033 6
1486 4980 1580 5034 τοῦ
1609 4980 1745 5033 Θεοῦ

1926 3791 2013 3845 15.
2054 3787 2298 3856 Namque
2342 3796 2401 3840 ut
2437 3785 2673 3855 Optimus
2726 3786 3003 3857 magister,
3046 3786 3136 3855 qui
3189 3785 3428 3857 discipu-

1854 3886 2028 3939 lorum
2059 3897 2242 3936 curam
2274 3880 2459 3943 habet,
2492 3878 2633 3944 illos,
2658 3894 2795 3948 quos
2828 3879 3125 3935 diliiciiiora
3161 3892 3429 3951 prmcepta

1854 3972 2112 4041 adjuvare
2151 3978 2456 4037 nequeunt,
2501 3968 2833 4023 facilioribus
2882 3971 3100 4024 erudire
3144 3986 3252 4025 non
3300 3987 3429 4041 gra-

1851 4075 2010 4119 vatur
2048 4079 2063 4115 :
2098 4063 2168 4114 ita
2214 4075 2344 4113 sane
2380 4075 2438 4113 se
2484 4076 2696 4130 quoque
2744 4060 2977 4115 Verbum
3029 4062 3229 4131 gessit,
3271 4070 3330 4115 ut
3375 4073 3430 4115 et

1852 4153 2046 4208 Paulus
2091 4151 2285 4204 docet:
2320 4148 2492 4214 Nam,
2530 4153 2728 4221 inquit,
2773 4152 2898 4221 quia
2936 4152 2992 4205 in
3024 4151 3118 4205 Dei
3165 4153 3431 4220 sapientia

1853 4262 1956 4298 non
1987 4243 2224 4313 cognovit
2257 4245 2481 4295 mundus
2512 4259 2604 4311 per
2637 4245 2948 4311 sapientiam
2989 4243 3150 4296 Deum
3179 4259 3197 4297 :
3225 4244 3426 4311 placuit

1851 4334 1961 4388 Deo
2002 4352 2091 4401 per
2132 4335 2413 4389 stultitiam
2449 4333 2845 4399 praedicationis
2886 4333 3056 4388 salvos
3099 4334 3273 4401 facere
3309 4351 3424 4387 cre-

1851 4428 2030 4481 dentes
2055 4427 2120 4481 ⁶¹.
2156 4426 2290 4492 Quia
2334 4425 2477 4478 enim
2530 4425 2801 4489 homines,
2833 4424 2927 4480 Dei
2975 4424 3431 4493 contemplatione

1852 4518 2151 4585 repudiata,
2189 4532 2252 4571 ac
2300 4515 2445 4571 velut
2483 4516 2535 4570 in
2576 4515 2843 4585 profundo
2893 4514 3152 4578 demersi,
3203 4516 3424 4585 depres-

1852 4609 2035 4676 sisque
2082 4609 2133 4662 in
2185 4617 2383 4660 terram
2422 4606 2625 4669 oculis,
2671 4606 2724 4659 in
2767 4615 2957 4659 natura
3003 4615 3058 4660 et
3100 4607 3262 4662 rebus
3303 4622 3426 4678 qua:

1851 4700 2157 4754 sentiuntur
2207 4698 2373 4751 Deum
2426 4696 2849 4767 conquirebant,
2908 4697 3272 4767 tnortalesque
3321 4699 3427 4755 110-,

1851 4791 2026 4845 mines
2069 4804 2277 4843 necnon
2317 4789 2587 4844 daemones
2642 4789 2741 4845 sibi
2776 4790 2907 4845 deos
2939 4789 3306 4861 eliiugebant:
3339 4791 3427 4845 id-

1848 4882 1997 4935 circo
2024 4880 2440 4935 humanissimus
2464 4891 2519 4934 et
2547 4882 2851 4936 communis
2878 4882 3117 4936 omnium
3146 4880 3424 4947 Servator,

1852 4971 1944 5026 Dei
1976 4969 2205 5027 Verbum
2239 4972 2341 5026 sibi
2379 4986 2575 5042 corpus
2616 4974 2846 5042 accepit,
2879 4983 2935 5027 et
2971 4983 3226 5043 tanquam
3261 4977 3427 5029 homo

199 5059 343 5127 Λόγος
372 5065 634 5136 λαμϐάνει
680 5066 859 5138 ἐαυτῷ
890 5068 1073 5139 σῶμα,
1119 5069 1211 5122 καὶ
1253 5069 1326 5132 ὡς
1362 5060 1649 5140 ἄνθρωπος
1688 5072 1747 5123 ὲν

1857 5063 1989 5118 inter
2032 5063 2278 5118 homines
2308 5074 2554 5119 versatus
2598 5075 2713 5130 est,
2750 5066 3101 5136 omniumque
3145 5066 3419 5121 hominum

200 5147 474 5222 ἀνθρώποις
500 5156 929 5227 ἀναστρέφεται,
954 5156 1049 5209 καὶ
1080 5156 1178 5221 τὰς
1213 5154 1503 5228 αἰσθήσεις
1530 5155 1748 5211 πάντων

1857 5172 2036 5213 tensus
2065 5157 2377 5227 assumpsit,
2412 5167 2469 5212 ut
2504 5158 2593 5228 qui
2642 5159 2695 5213 in
2732 5159 2892 5215 rebus
2935 5160 3212 5228 corporeis
3254 5160 3422 5213 Deum

198 5243 591 5316 προσλαμϐάνει,
625 5250 716 5301 ἵνα
757 5252 806 5301 οἱ
850 5252 909 5301 ὲν
947 5254 1279 5321 σωματικοῖς
1325 5250 1569 5315 νοοῦντες
1604 5244 1744 5303 εἶναι

1857 5264 1965 5304 esse
1999 5251 2296 5318 putahant.
2328 5265 2391 5305 ex
2426 5250 2534 5317 his,
2564 5265 2685 5320 quae
2714 5251 2991 5315 Dominus,
3028 5250 3275 5318 corporis
3316 5252 3421 5302 mi-

196 5328 271 5383 τδν
295 5335 433 5403 Θεὸν,
465 5341 558 5409 ἀφ’
584 5335 660 5393 ὧν
684 5343 712 5393 6
733 5341 937 5411 Κύριος
964 5342 1258 5413 ἐργάζεται
1285 5343 1372 5395 διά
1400 5343 1507 5395 τῶν
1529 5342 1623 5395 τοῦ
1650 5342 1747 5397 σώ-

1857 5341 2093 5405 nisterio,
2118 5342 2337 5409 agebat,
2380 5352 2737 5408 agnoscerent
2764 5342 3077 5406 veritatem,
3119 5354 3173 5395 et
3203 5340 3417 5394 Patrem

198 5438 339 5491 ματος
366 5430 557 5502 ἔργων,
594 5434 690 5485 ἀπ’
719 5433 900 5487 αὐτῶν
943 5436 1175 5507 νοήσωσι
1202 5435 1301 5506 τὴν
1334 5434 1607 5506 ἀλήθειαν,
1651 5435 1747 5489 καὶ

1857 5446 1941 5501 ρει·
1969 5434 2213 5488 eumdem
2265 5433 2459 5502 ipsum,
2489 5433 2870 5504 intelligerent.
2907 5433 3042 5487 Hinc
3087 5430 3194 5495 illi,
3233 5431 3324 5498 qui
3366 5440 3421 5484 et

193 5512 247 5567 δι’
268 5521 417 5577 αὑτοῦ
436 5524 527 5578 τὸν
548 5525 777 5597 Πατέρα
795 5525 1134 5594 λογίσωνται.
1175 5527 1301 5580 Ἀνθ
1312 5543 1481 5597 ρωποι
1506 5526 1563 5580 δὲ
1594 5525 1746 5590 ὄντες

1857 5525 2094 5579 homines
2120 5533 2274 5579 erant
2319 5535 2371 5577 et
2410 5522 2644 5578 humana
2672 5524 2853 5578 omnia
2902 5521 3231 5591 cogitabant,
3281 5534 3403 5590 quo

252 5650 287 5681 "
328 5652 345 5707 l
373 5654 495 5713 Cor.
527 5657 680 5722 κει.

255 5811 355 5877 (ιο)
391 5815 521 5882 Περὶ
550 5815 767 5885 Πατρός
807 5816 954 5868 deest
978 5815 1027 5867 in
1053 5815 1263 5884 Anglic.
1301 5814 1532 5869 etBusil.
