4006 6538
522 377 621 430 125

1118 376 1174 432 S.
1216 375 1585 432 ATHANASII
1622 374 1772 431 OPP.
1811 375 1991 431 PARS
2028 376 2067 432 1.
2101 404 2172 417 -
2209 375 2581 432 HISTORICA
2618 376 2708 432 ET
2746 378 3168 436 DOGMATICA.

3672 387 3777 447 ηε

520 509 730 563 cnuqne
761 504 1138 550 converterent
1186 510 1399 558 sensus,
1433 496 1640 564 seipsos
1681 494 1752 548 ibi
1798 494 1997 564 suscipi
2034 509 2064 548 e

2189 496 2283 547 καὶ
2317 492 2629 566 ἀνθρώπινα
2655 496 2831 549 πάντα
2854 496 3117 561 νοοῦντες,
3144 492 3225 561 οἷς
3253 499 3349 553 ἐάν
3381 475 3651 555 ἐπέϐαλον
3678 502 3777 563 τὰς

522 589 803 641 veritatem
850 589 1093 657 undique
1143 587 1362 642 edoceri
1414 589 1727 642 cernebant.
1773 587 1899 641 Sive
1940 586 2087 640 enim

518 688 757 732 creatam
806 689 1055 732 naturam
1101 679 1496 734 admirarentur
1522 718 1537 741 ,
1575 693 1693 733 eam
1736 680 1901 747 ipsam
1935 677 2092 733 Chri-

517 779 662 824 stum
718 769 999 824 Dominum
1052 769 1295 825 conﬁteri
1356 769 1646 836 videbant;
1688 769 1803 823 sive
1878 768 2089 822 illorum

519 862 686 917 menti
723 862 867 931 digni
913 863 1221 917 viderentur
1258 862 1505 917 homines
1563 877 1699 931 quos
1743 862 1871 918 deos
1904 862 2092 916 existi-

518 965 769 1012 marent:
805 973 935 1012 sane
959 959 1002 1010 si
1038 957 1335 1011 Salvatoris
1360 971 1521 1025 opera
1555 956 1752 1011 vellent
1781 972 1905 1011 cum
1945 956 2083 1010 alio-

517 1063 636 1100 rum
668 1047 821 1102 factis
848 1047 1113 1115 conferre,
1141 1063 1205 1101 ex
1240 1047 1325 1103 his
1358 1049 1698 1117 perspicuum
1731 1058 1872 1103 esset
1912 1047 2085 1102 solum

516 1154 638 1192 cum
679 1141 817 1193 inter
847 1155 1033 1194 omnes
1081 1140 1323 1194 homines
1369 1138 1565 1193 Filium
1615 1138 1710 1194 Dei
1756 1154 1910 1204 esse,
1959 1153 2084 1193 cum

519 1232 650 1286 nihil
701 1232 838 1300 apud
889 1232 1007 1285 illos
1052 1232 1122 1285 sit
1162 1232 1245 1285 his
1282 1231 1495 1295 simile,
1542 1245 1662 1300 qua;
1692 1246 1721 1283 a
1767 1230 1874 1285 Deo
1912 1230 2087 1285 Verbo

516 1323 655 1378 facta
689 1324 922 1378 fuerunt.
952 1323 1046 1379 Sin
1080 1333 1257 1378 autem
1291 1322 1624 1378 daemonibus
1656 1322 1853 1377 addicti
1886 1331 2082 1377 erant:

516 1433 638 1471 cum
673 1416 791 1473 illos
833 1432 861 1470 a
908 1416 1134 1471 Domino
1166 1415 1286 1485 pelli
1338 1423 1657 1479 cernerent,
1707 1414 1881 1469 solum
1937 1414 2085 1468 illum

516 1510 608 1563 Dei
652 1506 881 1564 Verbum
916 1522 1035 1563 esse
1059 1517 1113 1563 et
1143 1507 1415 1562 daemones
1446 1506 1573 1562 deos
1606 1521 1713 1560 non
1759 1521 1880 1561 esse
1914 1519 2082 1575 agno-

513 1618 665 1658 scere
697 1603 852 1657 facile
880 1610 1149 1670 poterant.
1181 1598 1274 1654 Sin
1308 1614 1472 1670 perm
1495 1598 1903 1668 superstitiosus
1936 1612 2086 1651 mor-

516 1705 731 1748 tuorum
777 1693 953 1748 cultus
1014 1692 1225 1745 illorum
1281 1691 1490 1746 animos
1530 1698 1882 1760 occupasset,
1932 1697 1989 1741 ut
2032 1698 2086 1742 et

515 1790 728 1855 heroas,
757 1798 811 1842 et
836 1803 970 1856 quos
996 1796 1167 1858 poetae
1190 1787 1461 1843 celebrant
1487 1790 1613 1842 deos
1640 1796 2037 1841 venerarentur
2062 1802 2079 1839 :

2192 584 2399 639 ἑαυτῶν
2450 587 2750 657 αἰσθήσεις,
2810 590 2868 641 ἐν
2917 588 3126 652 τούτοις
3182 590 3774 664 προσλαμϐανομένους

2191 678 2418 741 ἑαυτοὺς
2449 677 2658 750 ἐώρων,
2695 679 2790 731 καὶ
2836 680 3170 750 πανταχόθεν
3217 681 3638 753 διδασκομένους
3675 684 3775 756 τὴν

2190 768 2467 839 ἀλήθειαν.
2509 768 2630 821 Είτε
2674 768 2781 840 γὰρ
2825 770 2906 833 εἰς
2948 770 3049 840 τὴν
3098 770 3275 824 κτίσιν
3316 773 3599 843 ἐπτόηντο,
3658 774 3774 828 ἀλλ’

2190 861 2374 933 ἐώρων
2406 861 2573 931 αὐτὴν
2606 862 2971 932 ὁμολογοῦσαν
2992 863 3085 917 τὸν
3108 865 3345 935 Χριστὸν
3384 866 3593 937 Κύριον
3612 884 3627 896 ·
3662 867 3773 921 είτε

2188 955 2270 1017 εἰς
2302 952 2620 1026 ἀνθρώπους
2674 950 2742 1025 ἦν
2794 954 2976 1008 αὐτῶν
3022 957 3056 1027 ἡ
3105 957 3313 1012 διάνοια
3368 959 3769 1030 προληφθεῐσα,

2188 1043 2328 1100 ὥστε
2352 1046 2573 1111 τούτους
2605 1046 2759 1110 θεοὺς
2784 1048 3048 1119 νομίζειν,
3078 1049 3191 1102 ἀλλ’
3219 1052 3285 1103 ἐκ
3313 1051 3424 1105 τῶν
3459 1052 3641 1123 ἔργων
3673 1054 3768 1108 τοῦ

2189 1136 2457 1205 Σωτῆρος,
2493 1137 2890 1208 συγκρινόντων
2909 1154 2968 1189 τε
3002 1136 3246 1204 ἐκείνων,
3285 1140 3537 1208 ἐφαίνετο
3579 1143 3643 1195 ἐν
3677 1143 3772 1196 ἀν·-

2192 1224 2429 1297 θρώποις
2464 1226 2621 1296 μόνος
2654 1228 2681 1279 ό
2717 1225 2904 1298 Σωτὴρ
2938 1226 3072 1279 Θεοῦ
3105 1228 3261 1293 Υἰὸς,
3293 1230 3393 1283 οὐκ
3427 1230 3601 1285 ὄντων
3638 1234 3767 1304 παρ’

2186 1320 2412 1382 ἐκείνοις
2443 1319 2700 1372 τοιούτων
2725 1321 2884 1371 όποῖα
2912 1319 3060 1390 παρά
3092 1319 3186 1374 τοῦ
3212 1320 3347 1374 Θεοῦ
3388 1323 3563 1391 Λόγου
3605 1324 3765 1391 γέγο-

2185 1424 2293 1462 νεν.
2330 1409 2391 1460 Εί
2419 1408 2475 1461 δὲ
2496 1409 2591 1461 καὶ
2620 1409 2700 1471 εἰς
2722 1407 2983 1478 δαίμονας
3008 1404 3147 1478 ἦσαν
3174 1410 3599 1481 προληφθέντες,
3631 1412 3767 1467 ἀλλά

2185 1502 2419 1573 ὁρῶντες
2450 1502 2650 1564 αὐτοὺς
2668 1501 3036 1571 διωκομένους
3065 1502 3168 1555 ὑπὸ
3194 1502 3289 1556 τοῦ
3318 1504 3549 1575 Κυρίου,
3570 1506 3765 1575 ἐγίνω-

2187 1611 2312 1652 σκον
2338 1594 2497 1664 μόνον
2528 1588 2666 1646 εἶναι
2690 1594 2879 1647 τοῦτον
2900 1594 2992 1647 τὸν
3016 1594 3110 1647 τοῦ
3141 1594 3275 1648 Θεοῦ
3321 1595 3515 1665 Λόγον,
3548 1597 3764 1667 καὶούκ

2184 1680 2322 1738 εῖναι
2356 1685 2511 1748 θεοὺς
2532 1686 2659 1747 τοὺς
2689 1685 2963 1757 δαίμονας.
3001 1685 3066 1737 Εἰ
3097 1686 3153 1738 δὲ
3182 1686 3276 1739 καὶ
3297 1689 3377 1750 εἰς
3404 1689 3636 1759 νεκροὺς
3661 1690 3761 1761 ἠδη

2182 1776 2389 1830 τούτων
2441 1772 2508 1849 ἦν
2554 1780 2583 1831 ό
2629 1775 2753 1839 νοῦς
2807 1776 3185 1847 κατασχεθεὶς,
3239 1776 3379 1831 ὥστε
3429 1777 3761 1850 θρησκεύειν

512 1889 655 1933 certe.
682 1878 768 1933 ubi
797 1877 1068 1933 Christum
1101 1879 1459 1934 resurrexisse
1487 1878 1751 1941 viderent,
1781 1877 1902 1932 illos
1934 1892 2066 1931 ment

2182 1870 2387 1942 ἥρωας,
2420 1870 2667 1933 καὶτοὺς
2695 1869 2845 1942 παρὰ
2890 1873 3140 1940 ποιηταῖς
3196 1849 3530 1941 λεγομένους
3573 1873 3758 1937 θεούςο

513 1970 671 2023 daces
700 1986 838 2035 esse,
870 1971 1152 2037 solumque
1183 1972 1463 2025 Dominum
1494 1985 1678 2024 verum
1723 1969 1903 2025 Patris
1947 1968 2082 2023 Ver-

509 2062 634 2115 bum
660 2071 713 2115 et
744 2061 930 2117 mortis
961 2062 1242 2115 Dominum
1282 2077 1399 2117 esse
1438 2061 1590 2115 fateri
1617 2070 1963 2130 cogerentur.
2000 2060 2083 2116 Id-

509 2154 655 2208 circo
685 2154 849 2222 igitur
882 2164 1041 2208 natus
1068 2160 1174 2216 est,
1212 2162 1264 2205 et
1306 2152 1466 2206 homo
1510 2140 1658 2207 v‘isus
1705 2161 1810 2215 est,
1840 2162 2082 2207 mortuus

508 2255 591 2297 cst
618 2256 671 2299 et
700 2245 1024 2305 resurrexit,
1053 2244 1272 2311 suisque
1301 2242 1532 2311 propriis
1568 2242 1721 2297 factis
1758 2243 1937 2296 omnia
1980 2243 2080 2296 ho-

519 2336 747 2401 minum,
786 2336 876 2403 qui
923 2348 1155 2403 unquam
1190 2334 1501 2397 ﬂoruerunt,
1543 2343 1691 2403 gesta
1739 2334 2077 2400 obscuravit,

510 2435 573 2481 ut
628 2441 951 2495 quacunque
994 2440 1061 2479 ex
1116 2433 1267 2493 parte
1307 2426 1658 2494 praeoccupati
1712 2425 1941 2480 fuissent
1976 2427 2077 2481 ho-

507 2516 703 2580 mines,
748 2515 870 2567 inde
912 2513 1028 2568 illos
1075 2516 1389 2580 reduceret,
1430 2525 1484 2568 et
1516 2529 1699 2568 verum
1748 2516 1827 2569 sui
1866 2515 2074 2570 Patrem

514 2604 750 2666 doceret,
780 2604 855 2655 uti
888 2603 999 2671 ipse
1024 2604 1142 2658 ait:
1178 2601 1302 2658 Veni
1334 2604 1536 2657 salvum
1570 2604 1742 2673 facere
1765 2621 1812 2658 et
1850 2608 2076 2662 invenire

512 2692 651 2763 quod
682 2695 905 2762 perierat
940 2695 1007 2747 “.

574 2872 661 2929 16.
700 2871 895 2928 Postea
932 2873 1076 2929 enim
1106 2889 1267 2944 quam
1298 2875 1363 2929 ad
1401 2890 1487 2930 res
1527 2891 1814 2944 corporeas
1856 2879 2069 2950 delapsa

500 2974 584 3020 est
612 2982 763 3021 mens
795 2966 1092 3034 hominum,
1127 2983 1190 3023 eo
1221 2982 1279 3023 se
1313 2968 1529 3023 demisit
1563 2967 1816 3033 Verbum,
1853 2981 1911 3024 ut
1946 2986 2071 3027 cor-

499 3074 629 3128 pore
662 3059 904 3112 indntum
942 3070 1242 3126 appareret,
1271 3074 1376 3129 quo
1425 3076 1638 3130 nempe,
1682 3070 1741 3115 ut
1786 3062 1965 3125 homo,
2002 3065 2068 3119 ad

496 3165 556 3203 se
588 3150 891 3204 traduceret
913 3147 1024 3220 49
1054 3150 1320 3215 homines,
1347 3151 1671 3221 illorutnque
1696 3168 1888 3208 sensns
1914 3155 1978 3208 ad
2008 3170 2067 3210 se

496 3247 864 3303 converteret;
899 3242 1061 3304 atque
1089 3249 1147 3292 ut
1179 3239 1339 3293 iidem
1370 3241 1613 3297 homines
1649 3258 1771 3297 eum
1814 3252 2061 3312 tanquam

497 3332 767 3385 hominem
808 3332 1112 3393 intuentes,
1158 3345 1227 3384 ex
1268 3330 1353 3384 his
1401 3347 1522 3401 qua:
1573 3342 1756 3402 ageret
1813 3336 2064 3403 operibus

492 3422 776 3477 crederent
811 3421 984 3489 ipsum
1035 3435 1137 3474 non
1190 3431 1398 3474 tantum
1451 3422 1721 3477 hominem
1768 3438 1919 3486 esse.
1968 3427 2061 3479 sed

494 3513 657 3565 etiam
685 3512 849 3566 Deum
876 3520 931 3565 et
960 3511 1050 3565 Dei
1092 3513 1205 3565 veri
1238 3510 1471 3566 Verbum
1498 3529 1562 3568 ac
1601 3516 1941 3584 sapientiam.
1974 3518 2059 3572 ld-

494 3603 669 3669 ipsnm
708 3617 836 3656 sane
879 3602 1075 3656 Paulus
1124 3602 1290 3656 voluit
1323 3604 1407 3657 his
1437 3605 1615 3659 verbis
1656 3606 1895 3661 indicare
1935 3627 1947 3662 :
1986 3607 2058 3663 In

492 3693 746 3746 charitate
787 3696 1003 3747 radicati
1039 3703 1086 3747 et
1119 3695 1351 3763 fundati,
1393 3706 1446 3747 ut
1482 3699 1689 3764 possitis
1724 3700 2060 3767 comprehen-

491 3786 614 3838 dere
646 3801 760 3837 cum
793 3788 1030 3837 omnibus
1060 3786 1275 3846 sanctis,
1305 3802 1422 3856 qua:
1460 3788 1527 3839 sit
1567 3788 1815 3852 latitudo,
1850 3800 1897 3843 et
1939 3791 2055 3845 lon-

490 3879 703 3947 gitudo,
755 3887 805 3931 et
852 3879 1148 3932 sublimitas
1196 3890 1242 3931 et
1293 3880 1613 3947 profundum
1654 3895 1674 3934 :
1717 3883 1850 3937 scire
1896 3885 2055 3937 etiam

490 3970 950 4038 supereminentem
1039 3970 1268 4024 scientia:
1333 3971 1641 4027 charitatem
1708 3973 1943 4043 Christi,
1998 3988 2055 4032 ut

487 4059 807 4127 impleamini
837 4062 890 4113 in
922 4077 1123 4114 omnem
1150 4061 1524 4131 plenitudinem
1554 4065 1645 4119 Det
1663 4067 1726 4120 ⁶⁹.
1753 4067 1884 4122 Cum
1907 4071 2050 4125 enim

486 4151 721 4205 Verbum
758 4151 954 4220 ubique
999 4168 1117 4207 sese
1159 4154 1508 4222 explicaverit
1551 4172 1761 4213 sursum
1809 4171 1858 4215 et
1892 4163 2048 4216 deor-

484 4258 632 4308 sum,
676 4243 728 4296 in
777 4242 1098 4311 profundum
1136 4255 1191 4298 et
1220 4246 1270 4298 in
1318 4246 1483 4301 latum
1514 4264 1529 4301 :
1562 4264 1775 4303 sursum
1809 4252 2045 4320 quidem,

485 4349 664 4389 rerum
713 4336 1019 4401 creatione;
1074 4337 1322 4391 deorsum
1360 4353 1508 4403 vero,
1566 4340 1798 4395 humana
1856 4353 2046 4398 natura

480 4436 790 4497 assumpta;
843 4428 895 4480 in
951 4428 1272 4496 prolundnm
1326 4440 1506 4484 autem
1559 4447 1680 4485 cum
1739 4433 1791 4486 in
1847 4431 2047 4489 inferos

2183 1964 2294 2017 ἀλλ’
2320 1964 2555 2036 ὁρῶντες
2576 1965 2673 2035 τὴν
2695 1963 2788 2016 τοῦ
2815 1964 3065 2035 Σωτῆρος
3097 1963 3413 2028 ἀνάστασιν,
3447 1964 3763 2037 ὡμολόγουν

2181 2056 2420 2119 ἐκείνους
2442 2051 2576 2108 εῖναι
2605 2054 2839 2124 ψευδεῖς,
2885 2055 2980 2106 καὶ
3023 2056 3182 2125 μόνον
3213 2056 3304 2109 τὸν
3334 2056 3540 2128 Κύριον
3573 2058 3763 2130 ἀληθι-

2180 2146 2269 2199 νὸν
2297 2145 2388 2199 τὸν
2425 2144 2518 2198 τοῦ
2556 2143 2766 2214 Πατρὸς
2805 2143 2997 2212 Λόγον,
3024 2143 3114 2197 τὸν
3150 2144 3357 2197 καὶτοῦ
3384 2143 3622 2199 θανάτου
3665 2162 3762 2198 κυ-

2181 2237 2449 2309 ριεύοντα.
2484 2238 2584 2291 Διά
2612 2236 2770 2289 τοῦτο
2797 2235 2891 2287 καὶ
2922 2235 3214 2305 γεγένηται
3249 2236 3384 2307 (11),
3413 2238 3510 2290 καὶ
3547 2237 3761 2309 ἀνθρω-
3850 2272 3855 2275 ι

2179 2348 2280 2394 πος
2310 2331 2508 2402 ἐφάνη,
2536 2332 2631 2384 καὶ
2671 2330 2929 2394 ἀπέθανε,
2964 2330 3056 2382 καὶ
3086 2328 3304 2398 ἀνέστη,
3340 2328 3624 2399 ἀμϐλύνας
3664 2330 3761 2383 καὶ

2176 2423 2503 2485 ἐπισκιάσας
2526 2420 2596 2475 τὰ
2619 2422 2727 2476 τῶν
2756 2419 2972 2474 πώποτε
2998 2421 3303 2490 γενομένων
3334 2420 3644 2491 ἀνθρώπων
3669 2422 3758 2476 διὰ

2174 2512 2281 2565 τῶν
2319 2512 2460 2565 ἰδίων
2489 2512 2684 2583 ἔργων,
2719 2512 2804 2565 ἵνα
2825 2512 2959 2564 ὅπου
2980 2511 3025 2563 δ’
3058 2509 3122 2563 ἂν
3143 2504 3245 2563 ὦσι
3278 2509 3683 2581 προληφθέντες
3704 2513 3756 2564 οἰ

2174 2604 2469 2676 ἄνθρωποι,
2497 2603 2703 2657 ἐκεῖθεν
2752 2603 2948 2665 αὐτοὺς
2979 2602 3249 2674 ἀναγάγῃ,
3289 2600 3387 2654 καί
3431 2601 3624 2674 διδάξῃ
3664 2602 3757 2655 τὸν

2173 2692 2422 2764 ἀληθινὸν
2457 2692 2620 2745 αὑτοῦ
2668 2691 2906 2762 Πατέρα,
2942 2690 3188 2761 καθάπερ
3229 2689 3323 2743 καὶ
3358 2690 3521 2754 αὑτός
3555 2706 3755 2762 φησιν·

2170 2781 2392 2842 Ἦλθον
2419 2785 2612 2839 σῶσαι
2639 2784 2735 2837 καί
2766 2782 2963 2851 εὑρεῖν
2991 2781 3059 2835 τὸ
3095 2782 3431 2849 ἀπολωλός.

2241 2878 2327 2932 16.
2365 2877 2547 2940 ’Ἂπαξ
2575 2877 2684 2948 γάρ
2715 2877 2794 2939 εἰς
2825 2874 3057 2946 αἰσθητὰ
3084 2873 3353 2945 πεσούσης
3383 2874 3487 2944 τῆς
3513 2874 3755 2939 διανοίας

2168 2972 2278 3027 τῶν
2306 2972 2607 3044 ἀνθρώπων
2645 2969 2781 3041 (ιε),
2813 2969 3081 3021 ὑπέϐαλεν
3128 2967 3319 3021 ἐαυτὸν
3358 2966 3448 3019 διὰ
3493 2966 3749 3038 σώματος

2170 3066 2399 3135 φανῆναι
2428 3066 2457 3117 ὁ
2489 3062 2678 3131 Λόγος,
2718 3062 2805 3114 ἵνα
2854 3059 3154 3131 μετενέγκῃ
3190 3060 3272 3120 εἰς
3315 3057 3511 3111 ἐαυτὸν
3540 3057 3618 3120 ὡς
3656 3056 3751 3110 ἇν-

2169 3157 2384 3229 θρωπιος
2410 3157 2535 3219 τοὺς
2562 3152 2898 3226 ἀνθρώπους,
2926 3150 3138 3213 καὶτὰς
3159 3148 3440 3219 αἰσθήσεις
3462 3147 3649 3201 αὐτῶν
3669 3149 3751 3212 εἰς

2167 3249 2358 3302 ἐαυτὸν
2405 3246 2691 3319 ἀποκλίνῃ.
2744 3246 2837 3298 καὶ
2904 3242 3089 3297 λοιπὸν
3126 3242 3365 3304 ἐκείνους
3411 3241 3490 3303 ὡς
3532 3241 3748 3312 ἄνθρωο

2162 3358 2262 3394 πον
2287 3341 2398 3411 (15)
2420 3339 2579 3393 αὑτὸν
2602 3338 2864 3409 ὁρῶντας,
2882 3336 2948 3389 δι’
2971 3327 3045 3387 ὧν
3075 3332 3365 3404 ἐργάζεται
3396 3331 3601 3402 ἔργων,
3629 3332 3751 3384 πεί·-

2164 3443 2231 3502 σῃ
2264 3428 2337 3499 μὴ
2367 3424 2503 3482 εἶναι
2539 3426 2729 3480 ἑαυτὸν
2752 3424 3037 3495 ἄνθρωπον
3085 3422 3261 3493 μόνον,
3301 3419 3438 3473 ἀλλὰ
3480 3421 3578 3473 καὶ
3612 3420 3746 3473 Θεὸν

2160 3523 2253 3574 καὶ
2280 3521 2413 3573 Θεοῦ
2440 3518 2690 3591 ἀληθινοῦ
2736 3518 2907 3586 Λόγον
2955 3516 3050 3569 καὶ
3089 3515 3298 3584 σοφίαν.
3330 3512 3503 3566 Τοῦτο
3540 3513 3598 3566 δὲ
3632 3513 3744 3583 (id)

2160 3612 2254 3664 καὶ
2280 3611 2308 3662 ὁ
2332 3610 2540 3673 Παῦλος
2573 3609 2895 3680 βουλόμενος
2926 3606 3165 3678 σημᾶναί
3214 3620 3412 3675 φησιν’
3470 3605 3571 3656 Ἐν
3597 3603 3748 3673 ἀτά-

2159 3719 2243 3771 πῃ
2272 3702 2637 3771 ἑρῤιζωμένοι
2677 3702 2774 3755 καὶ
2809 3698 3307 3769 τεθεμελιωμένοι,
3342 3700 3444 3751 ἵνα
3491 3699 3747 3767 ἐξισχύέ

2158 3808 2304 3861 ante
2339 3794 2773 3848 καταλαϐέσθαι
2810 3792 2931 3846 σὺν
2963 3789 3114 3845 πᾶσι
3154 3790 3279 3856 τοῖς
3311 3791 3526 3860 ἁγίοις,
3567 3792 3627 3844 τί
3665 3792 3735 3845 τὸ

2156 3886 2403 3953 πλάτος,
2421 3887 2517 3939 καὶ
2543 3885 2761 3955 μῆκος,
2781 3886 2878 3939 καὶ
2896 3885 3074 3953 ὕψος,
3096 3884 3188 3937 καί
3206 3882 3418 3949 βάθος,
3436 3882 3667 3951 ’γνῶναί
3678 3896 3744 3937 te

2155 3978 2268 4045 τὴν
2286 3980 2508 4046 ὐπερϐά
2521 3968 2783 4033 ,ιλουοναν
2806 3978 2915 4046 τῆς
2936 3977 3208 4048 γνώσεως
3221 3976 3464 4047 ἀγάπην
3477 3978 3589 4032 τοῦ
3609 3980 3743 4047 Χρι⁴

2154 4069 2323 4135 στοῦ,
2379 4070 2480 4123 ἵνα
2514 4069 2865 4137 πληρωθῆτε
2902 4072 2989 4135 εἰς
3017 4067 3142 4123 πᾶν
3177 4068 3246 4121 τὸ
3293 4069 3593 4140 πλήρωμα
3633 4071 3741 4125 τοῦ

2155 4161 2302 4214 Θεοῦ
2322 4174 2337 4191 ⁸
2364 4160 2638 4230 πανταχοῦ
2662 4160 2771 4232 γὰρ
2806 4160 2899 4213 τοῦ
2927 4159 3097 4228 Λόγου
3138 4159 3326 4213 ἐαυτὸν
3358 4160 3738 4225 ἀπλώσαντος,

2151 4252 2247 4305 καί
2278 4250 2407 4316 ἄνω,
2434 4252 2527 4305 κα¹ι
2549 4251 2717 4314 κάτω,
2743 4253 2836 4305 καὶ
2864 4254 2942 4314 εἰς
2966 4252 3026 4304 τὸ
3060 4251 3241 4321 βάθος,
3270 4253 3367 4305 καὶ
3398 4254 3483 4315 εἰς
3508 4253 3570 4306 τὸ
3601 4253 3741 4306 πλά-

2150 4360 2265 4405 τος’
2293 4343 2402 4397 ἀνω
2433 4345 2529 4413 μὲν
2553 4346 2631 4403 εἰς
2665 4342 2761 4413 τὴν
2791 4343 2985 4407 κτίσιν,
3027 4343 3176 4397 κάτω
3202 4343 3260 4396 δὲ
3307 4345 3388 4407 εἰς
3429 4345 3530 4415 τὴν
3584 4343 3738 4397 ἐναν-

2151 4434 2452 4505 θρώπησιν,
2484 4437 2563 4498 εἰς
2598 4433 2759 4504 βάθος
2783 4434 2893 4502 (15)
2926 4434 2983 4486 δὲ
3010 4437 3090 4498 εἱς
3114 4434 3204 4488 τὸν
3234 4434 3387 4505 ᾅδην,
3418 4436 3500 4499 εἰς
3528 4436 3734 4499 πλάτος

477 4521 781 4586 descendit;
827 4521 879 4573 in
927 4520 1094 4575 latum
1141 4521 1370 4590 denique
1416 4530 1685 4591 quatenus
1731 4524 2037 4578 universum

2170 4526 2205 4578 ἱὲ
2226 4526 2307 4587 εἰς
2337 4524 2425 4577 τὸν
2447 4526 2651 4595 κόσμον
2669 4542 2683 4555 ·
2706 4523 2776 4577 τὰ
2797 4525 2971 4578 πάντα
2992 4525 3092 4594 τῆς
3130 4526 3259 4594 περὶ
3301 4526 3439 4579 Θεοῦ
3480 4526 3736 4595 γνώσεως

476 4615 729 4667 mundum
771 4626 870 4665 suo
917 4610 1145 4664 adventu
1190 4611 1520 4676 illustravit;
1562 4611 1743 4665 omnia
1798 4613 2041 4681 profecto

2170 4614 2522 4686 τεπλήρωται.
2551 4615 2649 4667 Διά
2681 4614 2737 4668 δέ
2770 4614 2927 4667 τοῦτο
2961 4612 3083 4668 ούδέ
3129 4615 3383 4688 παραυτά
3419 4618 3734 4689 παραγενό-

474 4703 569 4758 Dei
616 4703 919 4770 cognitione
964 4699 1163 4768 repleta
1208 4712 1354 4756 sunt.
1402 4700 1531 4754 Eam
1581 4704 1763 4770 utique
1808 4703 1878 4756 ob
1926 4718 2038 4756 rem

2170 4722 2308 4767 ιενος
2340 4705 2437 4775 τὴν
2470 4704 2658 4758 θυσίαν
2678 4706 2775 4777 τὴν
2808 4706 2947 4777 ὑπὲρ
2976 4706 3193 4759 πάντων
3243 4706 3514 4769 ἐπετέλει,
3549 4725 3733 4780 παρα-

474 4811 647 4867 neque
673 4796 853 4850 statim
888 4804 1047 4863 atque
1077 4796 1311 4858 advenit,
1342 4797 1615 4850 victimam
1661 4812 1758 4865 pro
1787 4797 2039 4850 omnibus

471 4887 679 4946 obtulit,
712 4901 904 4956 corpus
946 4888 1103 4940 morti
1139 4888 1419 4951 tradendo,
1453 4904 1517 4942 ac
1556 4887 1682 4941 illud
1720 4887 1912 4941 deinde
1944 4902 2037 4941 ex-

472 4977 685 5031 citando
717 4992 747 5030 a
780 4978 1036 5042 mortuis;
1074 4978 1147 5030 ita
1185 4978 1327 5031 enim
1362 4978 1536 5046 potius
1565 4990 1624 5030 se
1664 4976 1822 5031 nobis
1853 4978 2036 5031 occul-

471 5076 635 5121 tasset
661 5084 675 5121 :
703 5083 889 5121 verum
916 5082 975 5121 se
1005 5082 1098 5136 per
1130 5068 1257 5122 illud
1286 5067 1571 5121 videndum
1609 5068 1876 5130 exhibuit,
1903 5082 2034 5135 qua-

471 5166 627 5211 tenus
664 5158 714 5210 in
752 5173 816 5211 eo
860 5159 1175 5225 permansit,
1200 5172 1265 5211 ac
1302 5157 1559 5227 ejusmodi
1601 5172 1763 5226 opera
1810 5158 1948 5226 egit,
1980 5165 2036 5210 et

466 5249 613 5318 signa
659 5249 859 5314 edidit,
906 5265 1024 5318 quae
1071 5249 1217 5303 illum
1266 5264 1372 5304 non
1421 5250 1692 5304 hominem
1732 5250 1825 5304 sed
1864 5250 2029 5303 Deum

534 5403 580 5434 “
613 5403 741 5460 Luc.
768 5420 880 5467 xix,
914 5404 1001 5458 10.
1076 5405 1120 5435 ⁶³
1156 5404 1358 5473 Ephes.
1389 5420 1475 5469 ιιι,
1502 5405 1688 5460 17-19.

528 5560 641 5631 (11)
664 5559 1045 5631 Seguerianus,
1073 5559 1416 5631 γεγέννηται.

526 5629 637 5701 (12)
671 5629 894 5698 Segner.
925 5629 1033 5682 τῶν
1064 5629 1365 5701 ἀνθρώπων
1398 5632 1484 5685 hic
1527 5632 1708 5696 habet,
1752 5638 1807 5684 et
1843 5629 2024 5698 expri-

462 5712 611 5752 munt
640 5702 1001 5767 interpretes;
1053 5701 1140 5754 alii
1169 5717 1288 5755 cum
1314 5703 1474 5755 editis
1498 5701 1775 5754 omittunt.

531 5771 640 5835 (15)
674 5771 1053 5837 Seguerianus,
1082 5770 1387 5841 ἄνθρωπον.
1429 5771 1529 5825 Alii
1579 5786 1698 5825 cum
1732 5770 1907 5837 editis,
1937 5768 2030 5823 ἄν·

460 5835 691 5908 θρωπος,
717 5835 843 5893 utet
871 5835 1461 5911 interpretes'legerunt.

2143 4795 2316 4858 διδοὺς
2336 4795 2399 4847 τὸ
2422 4796 2580 4865 σῶμα
2602 4794 2679 4863 τῷ
2710 4795 2943 4864 θανάτῳ,
2977 4796 3072 4847 καὶ
3097 4796 3330 4847 ἀνιστῶν
3358 4797 3516 4861 αὐτὸ,
3544 4798 3727 4866 ἀφανῆ

2143 4880 2333 4933 ἐαυτὸν
2363 4882 2453 4935 διὰ
2472 4880 2660 4934 τούτου
2685 4879 2852 4933 ποιῶν
2870 4897 2883 4910 -
2910 4881 3048 4934 ἀλλά
3081 4882 3174 4934 καὶ
3205 4881 3316 4951 (l6)
3350 4883 3570 4953 ἐμφανῆ
3598 4886 3728 4937 ἐαυ-

2139 4974 2229 5027 τὸν
2258 4975 2346 5028 διὰ
2370 4976 2559 5029 τούτου
2589 4973 2822 5046 καθίστη
2851 4973 3123 5045 διαμένων
3145 4977 3203 5027 ἐν
3225 4975 3396 5045 αὐτῷ,
3428 4977 3524 5029 καὶ
3542 4976 3725 5030 τοιαῦε

2139 5083 2207 5119 τα
2238 5067 2407 5122 τελῶν
2439 5067 2575 5139 ἔργα
2604 5068 2696 5120 καὶ
2730 5070 2927 5138 σημεῖα
2958 5066 3152 5131 διδοὺς,
3193 5065 3230 5120 ἃ
3267 5067 3467 5137 μηκέτι
3510 5067 3725 5138 ἀνθρω-

2141 5175 2264 5223 πον,
2297 5158 2432 5212 ἀλλὰ
2451 5160 2583 5213 Θεὸν
2617 5159 2787 5227 Λόγον
2834 5160 2996 5211 αὐτὸν
3036 5158 3351 5230 ἐγνώριζον.
3411 5159 3725 5230 ’Λμφότερα

2140 5250 2249 5320 γὰρ
2284 5250 2788 5323 ἐφιλανθρωπεύετο
2823 5254 2852 5305 ὁ
2884 5251 3073 5324 Σωτὴρ
3108 5252 3195 5305 διὰ
3228 5253 3327 5321 τῆς
3365 5253 3721 5324 ἐνανθρωπή-

2203 5556 2313 5628 (14)
2344 5557 2567 5627 Seguer.
2622 5554 2680 5610 δέ
2726 5556 2814 5612 hic
2855 5555 3022 5620 addit,
3076 5556 3166 5611 alii
3212 5571 3339 5611 vero
3381 5572 3505 5612 cum
3555 5557 3712 5612 editis

2132 5638 2405 5770 “ligni:
2473 5696 2797 5770 Gobleriano
2834 5706 2889 5751 et
2921 5696 3281 5770 AFclckmanni
3326 5696 3350 5750 1
3417 5712 3705 5768 anonymo,

2137 5768 2627 5837 deest'prmpositio
2656 5769 2734 5830 εἰς
2758 5778 2883 5822 ante
2914 5768 3077 5838 βάθος
3099 5779 3153 5824 et
3181 5768 3405 5831 πλάτος.

2210 5840 2318 5910 (16)
2350 5839 2485 5895 Editi
2520 5838 2613 5891 καί
2649 5840 2921 5893 omittunt.
