4006 6510
243 355 329 414 $25

1223 349 1481 408 ORATIO
1520 353 1607 408 DE
1645 353 2160 411 INCARNATIONE
2201 355 2404 413 VERBI

3349 359 3454 420 420

244 487 373 534 σεως,
401 469 475 520 ὅτι
517 468 606 520 καὶ
657 467 752 520 τὸν
801 467 1028 522 Θάνατον
1070 469 1128 535 ἐξ
1184 470 1338 540 ἡμῶν
1385 471 1634 540 ἠφάνιζε,
1685 473 1775 525 καὶ

1883 474 2117 529 Verbum
2153 489 2274 528 esse
2319 475 2624 531 certissimo
2668 487 2849 533 essent
2883 476 3102 532 indicio.
3157 478 3270 534 Duo
3303 486 3449 536 enim

243 558 532 621 ἀνεκαίνιζεν
569 561 752 630 ἡμᾶς·
796 563 887 614 καὶ
911 562 1013 624 ὅτι,
1042 562 1252 634 ἀφανὴς
1282 562 1358 617 ὢν
1403 563 1495 617 καὶ
1525 565 1772 635 ἀόρατος,

241 655 310 707 διὰ
338 652 431 706 τῶν
459 651 632 724 ἔργων
664 653 940 722 ἐνέφαινε,
975 655 1070 707 καὶ
1099 655 1390 728 ἐγνώριζεν
1414 658 1605 711 ἐαυτὸν
1638 654 1775 712 εἶναι

240 745 310 798 τὸν
326 744 476 813 Λόγον
501 744 591 797 τοῦ
635 747 874 818 Πατρὺς,
902 746 992 800 τὸν
1032 746 1126 800 τοῦ
1162 748 1361 812 παντὸς
1401 751 1646 822 ἡγεμόνα
1683 752 1776 804 καὶ

244 836 444 905 βασιλέα.

291 1111 362 1163 Π.
403 1111 469 1164 οὐ
486 1111 592 1182 γὰρ
623 1111 692 1183 δὴ
723 1111 1232 1184 περικεκλεισμένος
1262 1110 1329 1187 ἦν
1355 1117 1412 1170 ἐν
1437 1116 1513 1186 τῷ
1539 1117 1772 1188 σώματι·

234 1205 328 1257 οὐδὲ
356 1206 406 1256 ἐν
441 1203 656 1274 σώματι
701 1207 802 1277 μὲν
836 1203 926 1278 ἦν,
965 1207 1226 1278 ἀλλαχόσε
1269 1209 1327 1261 δὲ
1365 1210 1464 1262 οὐκ
1501 1206 1568 1281 ἦν
1594 1228 1608 1242 ο
1653 1212 1775 1265 οὐδὲ

238 1299 376 1348 ἐκεῖνο
423 1297 515 1366 μὲν
553 1297 751 1364 ἐκίνει,
785 1299 853 1353 τὰ
879 1299 974 1352 ὅλα
1000 1300 1112 1370 (17)
1160 1301 1217 1354 δὲ
1248 1303 1349 1371 τῆς
1379 1302 1570 1355 τούτου
1623 1305 1777 1375 ἐνερ-

201 1387 357 1456 ’ῖγείας
385 1389 471 1442 καὶ
507 1391 772 1466 προνοίας
800 1393 1100 1445 κεκένωτο·
1137 1393 1271 1447 ἀλλὰ
1310 1393 1372 1448 τὸ
1413 1395 1812 1470 παραδοξόταέ⁵

234 1498 320 1546 τον,
348 1483 502 1551 Λόγος
525 1483 625 1546 ὢν,
651 1486 716 1537 οὐ
743 1487 1016 1557 συνείχετο
1059 1488 1156 1558 μὲν
1204 1489 1308 1540 ὑπό
1356 1506 1518 1552 τινος,
1563 1472 1802 1560 συνεῖχεν,

232 1572 347 1626 δὲτὰ
371 1574 533 1628 πάντα
575 1575 787 1646 μᾶλλον
816 1578 1002 1642 αὐτός’
1048 1579 1145 1632 καὶ
1180 1578 1369 1651 ὥσπερ
1411 1581 1468 1631 ἐν
1517 1580 1668 1656 πάσῃ
1706 1582 1771 1651 τῇ
1803 1563 1815 1568 ⁵

233 1664 371 1718 κτίσει
399 1664 488 1730 ὣν,
523 1668 690 1730 ἐκτὸς
732 1669 828 1738 μέν
863 1670 979 1722 ἐστι
1015 1669 1108 1723 τοῦ
1156 1669 1356 1733 παντὸς
1397 1672 1518 1724 κατ’
1565 1673 1774 1738 οὐσίαν,

232 1758 276 1808 ἐν
302 1761 417 1812 πᾶσι
448 1759 502 1812 δέ
524 1761 645 1814 ἐστι
675 1764 799 1826 ταῖς
823 1761 1016 1816 ἐαυτοῦ
1047 1762 1326 1834 δυνάμεσι,
1356 1763 1423 1816 τὰ
1453 1765 1628 1818 πάντα
1663 1764 1776 1818 δια-

232 1851 429 1921 κοσμῶν,
455 1853 554 1905 ml.
582 1855 663 1914 εἰς
693 1853 870 1908 πάντα
901 1857 957 1908 ἐν
979 1858 1113 1909 πᾶσι
1142 1855 1240 1926 τὴν
1275 1855 1468 1909 ἐαυτοῦ
1519 1855 1774 1935 πρόνοιαν

231 1945 464 2014 ἐφαπλᾶω,
514 1949 609 2000 καὶ
671 1948 904 2003 ἕκαστον
948 1950 1042 2003 καὶ
1089 1949 1267 2002 πάντα
1321 1950 1454 2021 ὁμοῦ
1491 1950 1602 2021 (18)
1645 1953 1779 2014 ζωο-

231 2036 384 2098 ποιῶν,
414 2039 690 2108 περιέχων
729 2039 796 2092 τὰ
822 2041 918 2094 ὅλα
950 2041 1044 2094 καὶ⁸
1085 2040 1158 2112 μὴ
1217 2041 1624 2113 περιεχόμενος,
1662 2042 1775 2094 ἀλλ’

231 2129 274 2175 ὲν
294 2127 420 2197 μόνῳ
442 2128 521 2198 τῷ
550 2129 751 2182 ἐαυτοῦ
790 2131 960 2202 Πατρὶ
991 2131 1111 2194 ὅλος
1137 2131 1246 2201 (19)
1279 2130 1353 2183 ὢν
1386 2132 1526 2185 κατὰ
1567 2131 1775 2186 πάντα⁶

229 2216 340 2268 οὕτω
373 2219 460 2271 καὶ
500 2220 562 2270 ἐν
591 2218 672 2289 τῷ
702 2220 1028 2292 ἀνθρωπίνῳ
1062 2221 1274 2292 σώματι
1324 2219 1397 2273 ὢν
1419 2261 1433 2285 ,
1478 2221 1571 2274 καὶ
1615 2221 1776 2284 αὐτὸς

227 2311 332 2363 αὐτὸ
357 2310 654 2378 ζωοποιῶν,
690 2313 916 2376 εἰκότως
958 2313 1237 2377 ἐζωοποίει
1275 2313 1368 2366 καὶ
1406 2313 1474 2366 τὰ
1516 2313 1644 2366 ὅλα’
1683 2313 1777 2366 καὶ

229 2403 392 2465 τοῖς
437 2405 608 2457 πᾶσιν
650 2404 882 2471 ἐγίνετο,
930 2405 1023 2456 καὶ
1070 2403 1173 2468 ἔξω
1223 2404 1332 2457 τῶν
1378 2405 1516 2458 ὅλων
1545 2400 1646 2474 ἦν’
1683 2406 1777 2458 καὶ

229 2493 310 2545 ἀπὸ
333 2493 416 2547 τοῦ
451 2494 712 2565 σώματος
745 2495 822 2572 ’δὲ
869 2495 955 2550 διὰ
988 2495 1094 2549 τῶν
1127 2497 1302 2568 ἔργων
1357 2494 1774 2568 γνωριζόμενος,

226 2585 303 2639 οὐκ
336 2587 542 2658 ἀφανὴς
584 2584 655 2659 ἦν
699 2589 793 2641 καὶ
841 2589 949 2642 ἀπὸ
986 2589 1086 2660 τῆς
1132 2591 1238 2642 τῶν
1278 2591 1414 2644 ὅλων
1471 2591 1771 2661 ἐνεργείας.

229 2677 385 2749 Ψυχῆς
413 2681 514 2750 μὲν
547 2677 642 2734 οὖν
679 2680 840 2752 ἔργον
879 2682 996 2734 ἐστὶ
1047 2681 1268 2751 θεωρεῖν
1309 2684 1407 2752 μὲν
1444 2685 1537 2736 καὶ
1568 2682 1638 2736 τὰ
1672 2682 1777 2748 ἔξω

225 2771 297 2821 τοῦ
327 2772 446 2825 ἰδίου
475 2773 735 2843 σώματος
766 2776 878 2836 τοῖς
902 2773 1199 2844 λογισμοῖς,
1228 2775 1288 2827 οὐ
1320 2776 1424 2846 μὴν
1453 2777 1548 2828 καὶ
1578 2773 1776 2839 ἔξωθεν

225 2861 298 2914 τοῦ
324 2863 441 2916 ἰδίου
462 2863 722 2935 σώματος
757 2866 1014 2934 ἐνεργεῖν,
1057 2863 1089 2934 ἦ
1133 2862 1200 2916 τὰ
1235 2863 1424 2916 τούτου
1462 2863 1678 2935 μακρὰν
1707 2865 1773 2934 τῇ

226 2953 458 3024 παρουσίᾳ
499 2957 694 3007 κινεῖν.
738 2953 1004 3006 Οὐδέποτε
1050 2953 1179 3020 γοῦν
1217 2953 1502 3025 ἄνθρωπος
1539 2952 1777 3006 διανοού-

227 3059 356 3108 μενος
380 3045 445 3098 τὰ
469 3045 715 3115 μακρὰν,
749 3044 850 3115 ἥδη
882 3045 976 3098 καὶ
1019 3043 1193 3097 ταῦτα
1238 3047 1378 3098 κινεῖ
1411 3045 1502 3097 καὶ
1544 3044 1774 3116 μεταφέ-

223 3147 312 3202 ρει’
349 3135 460 3188 οὐδὲ
489 3136 540 3188 εί
569 3134 664 3187 ἐπὶ
713 3134 816 3204 τῆς
867 3135 999 3198 ίδίας
1045 3135 1220 3198 οἰκίας
1253 3135 1531 3200 καθέζοιτο
1570 3153 1655 3200 τις
1679 3137 1772 3189 καὶ
1801 3169 1844 3227 C

222 3223 450 3292 λογίζοιτο
474 3225 545 3280 τὰ
569 3227 629 3278 ἐν
664 3224 898 3296 οὐρανῷ,
929 3226 1028 3295 ἤδη
1059 3226 1152 3280 καὶ
1177 3226 1269 3279 τὸν
1308 3226 1458 3295 ἥλιον
1489 3231 1649 3290 κινεῖ,
1678 3229 1773 3281 καὶ

221 3315 292 3368 τὸν
313 3318 528 3388 οὐρανὸν
562 3317 952 3388 περιστρέφει·
993 3316 1106 3368 ἀλλ’
1138 3317 1240 3388 ὁρᾷ
1273 3317 1371 3386 μὲν
1411 3317 1548 3370 αὐτὰ
1597 3317 1773 3370 κινού-

225 3425 335 3475 μενα
368 3413 455 3464 καὶ
488 3411 782 3480 γεγονότα,
828 3409 886 3461 οὐ
937 3408 1040 3480 μὴν
1083 3409 1222 3462 ὥστε
1263 3407 1589 3480 ἐργάζεσθαι
1636 3409 1774 3463 αὐτὰ

221 3500 706 3574 δυνατὸςτυγχάνει.
743 3503 817 3555 Οὐ
860 3503 923 3572 δὴ
949 3502 1193 3566 τοιοῦτος
1222 3499 1290 3576 ἦν
1319 3506 1348 3556 ό
1379 3504 1472 3557 τοῦ
1505 3504 1639 3558 Θεοῦ
1673 3505 1775 3558 Δό-

221 3608 297 3657 704
324 3597 376 3647 ἐν
404 3596 479 3666 τῷ
512 3595 814 3671 ῥνβριὶρπῳ.
871 3596 944 3648 Οὐ
974 3593 1082 3665 γὰρ
1107 3596 1407 3649 συνεδέδετο
1433 3596 1776 3669 τῷρσῴματι,

223 3681 333 3735 ἀλλὰ
360 3686 553 3753 μᾶλλον
575 3684 740 3749 αὐτὸς
773 3685 996 3755 ἐκράτει
1025 3685 1197 3750 τοῦτο,
1224 3686 1365 3738 ὥστε
1396 3689 1488 3740 καὶ
1509 3689 1565 3740 ἐν
1599 3687 1773 3758 τοῦτῳ

221 3770 276 3844 ἦν
302 3780 389 3831 καὶ
409 3781 464 3833 ἐν
489 3783 603 3843 τοῖς
632 3783 801 3833 πᾶσιν
844 3780 1127 3850 ἐτύγχανε,
1166 3780 1260 3833 καὶ
1301 3780 1406 3848 ἔξω
1447 3782 1556 3835 τῶν
1601 3782 1772 3835 ὅντων

227 3863 298 3940 ἦν,
329 3874 416 3926 καὶ
441 3877 497 3926 ἐν
530 3875 678 3945 μόνῳ
708 3873 787 3943 τῷ
831 3875 1003 3944 Πατρ)⁸
1038 3873 1358 3928 ἀνεπαύετο.
1407 3878 1515 3929 Καὶ
1554 3876 1614 3928 τὸ
1644 3875 1773 3929 θαυ-

229 3966 406 4028 μαστὸν
430 3967 586 4021 τοῦτο
611 3964 703 4038 ἦν,
730 3968 812 4020 ὅτι
834 3968 926 4019 καὶ
968 3966 1042 4030 ὡς
1085 3966 1366 4039 ἄνθρωπος
1409 3968 1770 4032 ἐπολιτεύετο,

227 4055 304 4107 καὶ
333 4058 402 4122 ὡς
438 4061 604 4128 Λόγος
641 4060 713 4112 τὰ
746 4059 924 4113 πάντα
962 4059 1262 4127 ἐζωογόνει,
1299 4060 1392 4113 καὶ
1425 4061 1499 4125 ὡς
1532 4061 1658 4124 Υἱὸς
1693 4059 1772 4130 τῷ

224 4151 378 4222 Πατρὶ
421 4154 603 4224 συνῆν.
643 4153 808 4207 Ὅθεν
849 4152 969 4205 οὐδὲ
1012 4152 1112 4220 τῆς
1147 4151 1424 4223 Παρθένου
1481 4153 1769 4220 τικτούσης

225 4242 433 4314 ἔπασχεν
465 4248 645 4310 αὐτὸς,
681 4246 804 4298 οὐδέ
837 4247 894 4297 ἐν
918 4243 1130 4314 σώματι
1163 4243 1238 4296 ὢν
1272 4243 1590 4314 ἐμολύνετο·
1633 4242 1770 4296 ἀλλὰ

225 4335 399 4401 μᾶλλον
424 4341 514 4392 καί
537 4340 598 4392 τὸ
623 4337 1058 4410 σῶμαήγίαζεν.
1086 4336 1221 4392 Οὐδὲ
1248 4337 1355 4407 γὰρ
1389 4339 1445 4392 ἐν
1466 4341 1578 4400 τοῖς
1606 4339 1770 4390 πᾶσιν

223 4424 304 4486 ὢν.
336 4430 432 4482 τῶν
457 4433 671 4485 πάντων
710 4429 1148 4501 μεταλαμϐάνει’
1193 4429 1327 4483 ἀλλὰ
1356 4431 1533 4484 πάντα
1570 4429 1770 4500 μᾶλλον

1879 566 2009 630 ista,
2063 565 2294 620 humana
2347 577 2538 622 natura
2590 578 2874 637 suscepta,
2923 568 3172 624 Salvator
3217 572 3452 642 benigne

1877 657 2144 724 praestitit,
2177 673 2368 727 nempe
2408 667 2464 712 et
2498 671 2725 714 mortem
2757 675 2786 713 a
2822 659 2976 714 nobis
3014 661 3217 730 depulit
3256 677 3321 716 ac
3352 677 3452 717 nos

1877 749 2193 802 renovavit:
2232 759 2286 803 et
2327 751 2460 817 ipse,
2490 751 2582 820 qui
2613 766 2678 805 ex
2715 752 2796 806 sui
2827 763 3018 805 natura
3055 768 3153 807 nec
3186 768 3454 822 apparere

1877 854 1977 892 nec
2009 840 2176 894 videri
2230 851 2460 910 poterat,
2497 859 2590 912 per
2631 857 2794 913 opera
2848 846 3119 912 apparuit,
3154 846 3331 914 palam
3361 861 3452 901 os-

1879 934 2048 984 tendit
2091 947 2152 986 se
2182 930 2416 987 Verbum
2450 932 2649 1000 Patris,
2704 935 2886 988 mundi
2925 935 3119 991 ducem
3167 946 3225 992 et
3263 938 3452 992 mode-

1876 1033 2112 1078 ratorem
2147 1039 2288 1080 esse.

1947 1115 2036 1168 17.
2077 1114 2185 1170 Nec
2219 1117 2360 1170 enim
2396 1117 2446 1170 in
2481 1133 2708 1189 corpore
2755 1121 3152 1176 circumclusus
3189 1130 3310 1176 erat
3354 1120 3446 1175 Dei

1875 1207 2064 1272 Filius,
2093 1223 2192 1264 nec
2223 1209 2382 1264 sicin
2419 1225 2650 1278 corpore
2679 1222 2826 1277 erat,
2869 1222 2928 1267 ut
2961 1213 3086 1267 alibi
3128 1228 3233 1268 non
3273 1195 3447 1278 esset,

1876 1309 1970 1352 aut
2015 1300 2087 1354 ita
2123 1300 2252 1354 illttd
2301 1301 2583 1365 movebat,
2635 1315 2692 1356 ut
2738 1319 2824 1358 res
2871 1305 3136 1359 universa:
3172 1304 3289 1373 ejus
3334 1303 3451 1360 em-

1874 1393 2072 1448 cientia
2115 1402 2168 1448 et
2213 1393 2547 1462 providentia
2583 1411 2762 1450 vacuae
2807 1408 3126 1452 manerent:
3169 1399 3263 1453 sed
3305 1400 3449 1466 quod

1875 1489 2032 1544 valde
2058 1488 2373 1544 admirabile
2405 1499 2510 1556 est,
2541 1499 2600 1544 ut
2627 1487 2879 1556 Verbum,
2904 1503 2934 1542 a
2965 1489 3106 1542 nulla
3136 1490 3356 1545 omnino
3392 1505 3454 1546 re

1877 1581 2279 1645 continebatur,
2323 1583 2418 1637 sed
2447 1581 2628 1636 omnia
2661 1582 2837 1650 potius
2882 1582 2996 1650 ipse
3023 1581 3349 1636 continebat.
3382 1580 3455 1637 Ut

1876 1671 2020 1725 enim
2051 1671 2164 1741 ipse
2194 1673 2245 1725 iu
2273 1673 2522 1727 omnibus
2552 1671 2750 1726 creatis
2781 1673 2944 1725 rebus
2975 1669 3265 1737 exsistens,
3296 1681 3452 1726 extra

1877 1762 2190 1817 universum
2233 1764 2490 1818 mundum
2530 1765 2827 1818 secundum
2873 1764 3257 1830 substantiam,
3295 1772 3350 1817 et
3399 1765 3450 1817 in

1875 1855 2128 1910 omnibus
2166 1855 2325 1910 rebus
2367 1865 2452 1909 est
2496 1870 2591 1909 sua
2635 1856 2873 1924 potentia
2897 1895 2913 1919 ,
2953 1855 3244 1924 omniaque
3279 1855 3454 1909 admi-

1876 1953 2093 2020 nistrat,
2122 1969 2184 2008 ac
2215 1969 2367 2008 suam
2417 1953 2810 2021 providentiam
2842 1967 2970 2022 erga
3002 1953 3183 2006 omnia
3236 1953 3289 2006 in
3329 1967 3451 2006 om—

1875 2047 2034 2100 nibus
2063 2047 2339 2115 expandit,
2367 2044 2700 2115 singulisque
2728 2055 2783 2099 et
2810 2043 3060 2098 omnibus
3088 2043 3246 2097 simul
3286 2044 3450 2097 vitam

1877 2137 2092 2202 tribuit;
2133 2138 2313 2192 omnia
2345 2138 2576 2206 denique
2621 2137 2904 2190 continens
2943 2150 2972 2188 a
3013 2134 3160 2188 nullo
3199 2134 3449 2188 contine-

1876 2237 1983 2293 tur,
2009 2227 2103 2282 sed
2135 2227 2185 2279 in
2223 2225 2336 2280 solo
2366 2241 2464 2280 suo
2494 2226 2655 2280 Patre
2686 2235 2828 2279 totus
2855 2239 2950 2294 per
2986 2225 3168 2277 omnia
3195 2221 3449 2278 exsistit:

1876 2320 1957 2376 sic
1999 2320 2158 2374 etiam
2204 2318 2257 2370 in
2293 2318 2532 2371 humano
2577 2331 2809 2387 corpore
2839 2316 3128 2382 exsisteus,
3169 2315 3328 2382 eique
3370 2316 3454 2366 vi-

1878 2421 1985 2464 tam
2021 2408 2282 2471 tribuens,
2312 2408 2472 2462 rebus
2500 2422 2714 2477 quoque
2745 2406 3017 2460 universis
3042 2419 3204 2460 causa
3234 2405 3448 2459 vivendi

1875 2516 2015 2570 erat,
2046 2518 2109 2557 ac
2148 2503 2370 2572 proinde
2398 2501 2450 2555 in
2481 2501 2733 2554 omnibus
2766 2499 2927 2554 rebus
2965 2498 3171 2562 aderat,
3213 2508 3268 2552 et
3295 2510 3449 2551 extra

1879 2612 1966 2650 res
1991 2609 2180 2650 omnes
2208 2602 2367 2648 erat:
2402 2608 2636 2662 cumque
2665 2608 2730 2647 ex
2771 2593 2855 2646 bis
2901 2607 3021 2661 qua:
3057 2591 3300 2660 corporis
3346 2591 3450 2643 mi-

1878 2686 2099 2740 nisterio
2137 2685 2328 2754 agebat
2358 2693 2516 2738 notus
2548 2683 2723 2745 ﬁeret,
2748 2698 2812 2737 ex
2843 2695 3049 2736 natura:
3087 2698 3301 2752 quoque
3330 2679 3454 2736 effcta

1877 2781 2054 2832 ctibus
2094 2793 2430 2847 nequaquam
2465 2777 2728 2832 Iatitabat.
2759 2777 2946 2846 Itaque
2991 2777 3186 2831 animze
3228 2777 3449 2846 quidem

1877 2868 2151 2937 proprium
2185 2882 2380 2920 munus
2404 2875 2486 2921 est
2523 2882 2583 2920 ea
2609 2883 2729 2936 quae
2761 2879 2916 2920 extra
2951 2869 3226 2936 proprium
3254 2883 3453 2936 corpus

1876 2967 2002 3013 sunt
2042 2958 2368 3027 cogitatione
2404 2957 2780 3025 contemplari,
2816 2973 2920 3011 non
2953 2969 3128 3010 tamen
3158 2973 3320 3026 agere
3352 2973 3451 3012 ex-

1879 3059 1959 3103 tra
1998 3047 2273 3117 proprium
2304 3062 2519 3116 corpus,
2549 3047 2630 3100 vel
2659 3064 2778 3114 quae
2806 3049 2873 3101 ab
2910 3049 3002 3100 illo
3048 3058 3252 3101 remota
3298 3061 3448 3111 sunt,

1877 3159 1972 3196 sua
2014 3139 2298 3210 praesentia
2347 3155 2579 3194 movere.
2610 3139 2798 3194 Nullus
2842 3139 3107 3207 siquidem
3133 3143 3319 3194 ‘llOlth
3364 3157 3455 3196 res

1878 3243 2110 3289 remotas
2140 3232 2425 3300 cogitando
2471 3243 2648 3285 movet
2687 3240 2741 3285 et
2788 3230 3091 3284 transfert:
3134 3247 3308 3300 neque
3359 3235 3453 3300 qui

1875 3329 2017 3382 domi
2059 3326 2254 3382 sedens
2294 3326 2536 3380 coelestia
2583 3325 2762 3379 animo
2795 3325 3132 3390 considerat,
3167 3325 3334 3379 solem
3371 3326 3455 3378 id-

1875 3422 2020 3475 circo
2066 3427 2278 3486 movet,
2318 3427 2410 3472 aut
2454 3417 2648 3472 ('(Blum
2695 3418 2860 3469 volvit
2900 3433 2914 3468 :
2961 3417 3052 3470 sed
3101 3415 3186 3468 illa
3231 3416 3450 3485 quidem

1877 3512 2082 3567 moveri
2122 3499 2190 3564 et,
2228 3509 2364 3563 facta
2407 3523 2529 3575 esse
2587 3508 2794 3572 cernit,
2840 3522 2944 3561 non
2997 3516 3188 3584 tamen.
3227 3522 3291 3562 ea
3338 3508 3454 3575 ipse

1876 3615 2054 3674 potest
2083 3603 2314 3658 efﬁcere.
2339 3603 2405 3655 At
2437 3617 2541 3655 non
2585 3601 2746 3654 simili
2793 3601 2953 3654 modo
2993 3600 3088 3655 Dei
3120 3598 3353 3655 Verbum
3395 3601 3452 3655 in

1875 3697 2090 3751 homine
2128 3705 2264 3750 erat.
2311 3694 2420 3748 Nec
2466 3693 2608 3747 enim
2665 3707 2894 3762 corpore
2957 3691 3450 3761 constringebatur,

1875 3789 1967 3844 sed
2000 3787 2124 3841 illud
2174 3787 2352 3854 potius
2381 3787 2714 3850 continebat,
2756 3785 2831 3838 ita
2861 3793 2919 3838 ut
2953 3793 3006 3838 et
3050 3785 3103 3837 in
3149 3783 3259 3847 illo,
3297 3791 3352 3837 et
3395 3784 3448 3836 in

1873 3882 2146 3946 omnibus,
2177 3892 2230 3935 et
2273 3892 2425 3935 extra
2473 3895 2559 3935 res
2595 3894 2785 3932 omnes
2822 3887 2998 3941 esset,
3045 3887 3206 3944 atque
3250 3877 3304 3930 in
3340 3876 3454 3935 solo

1875 3975 2037 4030 Patre
2093 3974 2479 4043 requiesceret.
2525 3971 2699 4037 Hinc,
2742 3971 2884 4041 quod
2935 3970 3152 4038 quidem
3194 3983 3454 4038 perquam

1874 4070 2069 4123 mirum
2111 4075 2250 4131 erat,
2293 4073 2351 4118 ut
2394 4065 2555 4118 homo
2597 4063 2712 4133 ipse
2751 4063 2974 4130 agebat,
3019 4071 3073 4115 et
3117 4069 3176 4114 ut
3217 4061 3454 4118 Verbum

1874 4165 2039 4214 vitam
2089 4159 2342 4212 omnibus
2396 4156 2593 4218 dabat,
2639 4165 2802 4221 atque
2851 4164 2908 4207 ιιι
2955 4154 3121 4208 Filius
3171 4169 3278 4207 una
3328 4169 3452 4208 cum

1873 4253 2036 4307 Patre
2079 4260 2215 4305 erat.
2249 4248 2402 4304 Unde
2437 4263 2610 4317 neque
2638 4246 2859 4317 Virgine
2910 4247 3152 4314 pariente
3199 4245 3314 4313 ipse
3356 4259 3454 4312 pa-

1875 4345 2130 4407 tiebatur,
2162 4355 2334 4410 neque
2363 4355 2611 4408 corpore,
2643 4339 2696 4392 in
2724 4353 2832 4408 quo
2858 4346 2998 4400 erat,
3042 4332 3452 4402 inquiuabatu’r,

1876 4436 1972 4490 sed
2005 4434 2184 4503 potius
2213 4447 2412 4501 corpus
2455 4441 2703 4485 sanctum
2746 4428 3035 4482 elﬁciebat.
3083 4425 3265 4494 Neque
3307 4425 3451 4478 enim

224 4519 301 4570 ὐπ’
323 4522 471 4575 αὐτού
495 4525 869 4593 ζωογονεῖται,
885 4522 979 4574 καὶ
1000 4521 1276 4592 τρέφεται.
1294 4521 1356 4574 Εἰ
1379 4520 1486 4592 γὰρ
1509 4522 1603 4575 καὶ
1621 4520 1770 4586 ἥλιος

1880 4541 2001 4580 cum
2035 4526 2085 4578 in
2118 4523 2372 4578 omnibus
2401 4521 2634 4586 exsistit,
2659 4518 2767 4588 5o
2795 4519 3034 4573 omnium
3073 4517 3132 4570 iit
3161 4517 3452 4584 particeps,

224 4612 248 4660 ὁ
273 4613 355 4663 ὐπ’
382 4617 532 4669 αὐτοῦ
563 4617 857 4686 γενόμενος
884 4615 976 4667 καὶ
1009 4614 1096 4682 ὐφ’
1139 4613 1294 4684 ἡμῶν
1327 4614 1621 4686 ὁρώμενος,
1671 4630 1772 4665 πε-

227 4705 431 4771 ριπολῶν
464 4712 516 4762 ἐν
544 4709 782 4781 οὐρανῷ,
820 4709 882 4760 οὐ
913 4706 1228 4777 ῥυπαίνεται
1261 4706 1369 4759 τῶν
1415 4707 1505 4758 ἐπὶ
1532 4707 1634 4776 γῆς
1665 4723 1770 4757 σωο

229 4796 388 4862 μάτων
426 4802 744 4872 ἁπτόμενος,
796 4800 916 4852 οὐδὲ
984 4798 1088 4853 ὑπὸ
1142 4799 1365 4862 σκότους
1422 4799 1765 4868 ἀφανίζεται,

225 4888 345 4941 ἀλλὰ
373 4894 556 4962 μᾶλλον
588 4893 754 4955 αὐτὸς
791 4894 885 4945 καὶ
926 4892 1096 4946 ταῦτα
1133 4892 1355 4960 φωτίζει
1401 4894 1494 4944 καὶ
1532 4889 1761 4961 καθαρί-

227 4978 327 5041 ζει’
357 4987 518 5058 πολλῷ
553 4989 714 5042 πλέον
743 4989 772 5039 ὀ
806 4986 1066 5054 πανάγιος
1097 4986 1190 5038 τοῦ
1218 4985 1352 5038 Θεοῦ
1384 4985 1574 5052 Λόγος,
1605 4987 1632 5036 ὁ
1667 4982 1762 5034 καὶ

227 5070 309 5125 τοῦ
329 5078 459 5147 ἡλίου
480 5081 705 5152 ποιητὴς
731 5081 826 5132 καὶ
862 5079 1046 5150 κύριος
1087 5081 1145 5130 ἐν
1180 5077 1390 5148 σώματι
1421 5075 1761 5147 γνωριζόμε-

225 5181 306 5227 ’δῦς
329 5171 412 5223 οὐκ
431 5173 783 5243 ἐρῤυπαίνετο
803 5189 816 5202 ’
851 5171 984 5223 ἀλλὰ
1019 5170 1217 5240 μᾶλλον
1242 5169 1517 5240 ἄφθαρτος
1539 5166 1637 5229 ὣν,
1670 5165 1763 5220 καὶ

229 5254 282 5304 τὸ
310 5258 444 5329 σῶμα
472 5261 658 5332 θνητὸν
691 5261 956 5330 τυγχάνον
991 5259 1268 5324 ἐζωοποίει
1299 5259 1391 5310 καὶ
1413 5255 1760 5328 ἐκαθάριζεν,

230 5346 292 5412 ὃς
314 5353 576 5423 ἁμαρτίαν
611 5359 742 5428 γὰρ,
778 5356 962 5425 φησὶν,
996 5357 1106 5408 οὐκ
1143 5355 1454 5422 ἐποίησεν,
1489 5351 1631 5406 οὐδὲ
1661 5353 1761 5404 εὐ·

222 5438 346 5511 μέθη
369 5447 530 5515 δόλος
556 5451 624 5503 ἐν
649 5450 727 5516 τῷ
750 5449 999 5516 στόματι
1027 5446 1234 5498 αὐτοῦ.

294 5649 332 5682 ⁸³
364 5653 376 5705 1
409 5655 540 5711 Petr.
564 5676 622 5716 tt.
653 5657 745 5710 2⁸3.

296 5743 604 5810 (‘7)Gubler.
647 5764 700 5805 et
732 5748 970 5805 Felrkm.
999 5747 1020 5800 1
1055 5765 1238 5813 annm,
1268 5746 1420 5802 ἄλλα.

298 5815 390 5885 U3)
428 5818 580 5890 Ὁμοῦ
613 5825 764 5877 abest
789 5821 856 5874 ab
887 5821 1095 5887 Anglic.

1879 4617 1972 4672 sed
2005 4617 2182 4684 potius
2211 4612 2393 4666 omnia
2437 4610 2553 4676 ejus
2591 4609 2854 4662 beneﬁcio
2891 4607 3080 4660 vivunt
3118 4615 3172 4661 et
3213 4607 3458 4658 nutriun-

1883 4721 1989 4763 tur.
2028 4705 2164 4759 Nam
2211 4705 2254 4758 si
2297 4703 2398 4765 sol,
2427 4718 2585 4770 quem
2625 4701 2713 4754 ille
2746 4699 2873 4754 fecit
2901 4707 2956 4754 et
2980 4712 3078 4752 nos
3112 4707 3455 4762 conluemur,

1879 4803 2003 4856 dum
2028 4800 2080 4852 in
2105 4797 2247 4852 caelo
2274 4796 2529 4854 volvitur,
2557 4792 2832 4846 terrestria
2866 4805 3099 4859 corpora
3139 4789 3457 4857 attingenda

1868 4908 1974 4948 non
2018 4889 2346 4951 maculatur,
2377 4901 2474 4941 nec
2505 4884 2748 4939 tenebris
2776 4886 3123 4945 obscuratur,
3150 4882 3244 4935 sed
3277 4881 3458 4950 potius

1865 4993 2064 5038 cuncta
2110 4982 2225 5050 ipse
2257 4979 2529 5033 illuminat
2561 4986 2617 5032 et
2648 4983 2878 5045 purgat:
2913 4975 3085 5028 multo
3115 4973 3289 5042 magis
3340 4987 3460 5027 sau-

1865 5075 2165 5134 ctissinium
2211 5075 2302 5128 Dei
2345 5071 2601 5135 Verbum,
2639 5069 2770 5124 solis
2813 5065 3037 5123 eﬂ‘ector
3084 5077 3138 5121 et
3181 5065 3458 5127 dominus,

1869 5184 1991 5224 cum
2026 5182 2085 5221 se
2121 5167 2174 5220 in
2212 5179 2440 5234 corpore
2489 5163 2921 5232 cognoscendum
2970 5160 3282 5230 praebebat,
3333 5157 3459 5209 inde

1871 5275 1976 5312 non
2006 5256 2430 5328 iuquiuabatur:
2464 5256 2556 5308 sed
2596 5255 2774 5322 potius
2810 5251 2924 5322 ipse
2963 5247 3328 5316 corruptionis
3361 5261 3458 5298 ex-

1871 5365 2014 5420 pers,
2044 5349 2278 5416 corpori
2302 5349 2516 5402 mortali
2562 5349 2726 5399 vitam
2769 5353 2821 5397 et
2856 5341 3173 5395 munditiam
3203 5336 3446 5390 conl'ere-
3505 5383 3508 5386 ,

1872 5441 1982 5502 bal,
2012 5443 2098 5510 qui
2127 5455 2418 5508 peccatum,
2451 5439 2642 5508 inquit,
2675 5455 2777 5491 non
2812 5436 2956 5504 fecit,
2993 5448 3084 5485 nec
3113 5432 3352 5482 int-cutus
3382 5437 3458 5480 est

1870 5534 2023 5587 dolus
2053 5537 2108 5587 in
2140 5549 2229 5586 ore
2268 5533 2381 5602 ejus
2405 5533 2471 5585 ⁸³.

1947 5739 2059 5811 (l9)
2098 5736 2339 5811 Sic_S_-g._
2386 5742 2437 5785 et
2467 5747 2552 5786 aut
2592 5744 2721 5783 mss.
2759 5735 2956 5796 prmtcr
2996 5722 3156 5774 Basu.
3195 5733 3284 5787 qut
3323 5714 3462 5780 ὅλως

1870 5806 2056 5867 habet.
2103 5808 2266 5872 Edili,
2297 5806 2436 5858 ὅλον.
