4006 6504
532 374 631 434 127

1133 374 1190 430 S.
1234 368 1601 427 ATHANASII
1636 368 1786 426 OPP.
1826 364 2007 421 PARS
2046 366 2087 420 ι.
2128 398 2193 406 —
2228 365 2598 422 HISTORICA
2638 364 2726 420 ET
2761 364 3180 421 DOGMATICA.

3686 367 3784 419 193

604 494 692 548 18.
745 490 878 547 Cum
928 490 1089 561 igitur
1141 489 1289 543 illum
1366 488 1753 548 manducasse.
1800 482 2004 539 bibisse
2055 493 2096 538 el

2282 481 2369 537 18.
2403 482 2569 535 Ὅταν
2598 480 2775 533 τοίνυν
2811 463 3067 533 ἐσθίοντα
3104 479 3199 533 καὶ
3234 478 3455 531 πίνοντα
3488 477 3582 529 καὶ
3610 476 3788 530 τικτό-

532 597 717 640 natum
749 598 868 639 esse
896 584 1090 637 docent
1122 581 1211 650 qui
1264 581 1377 634 hac
1417 586 1650 633 tractant
1696 575 1967 645 theologi,
2013 576 2096 631 ob-

2212 591 2370 645 μενον
2407 574 2566 626 αὑτὸν
2608 574 2837 641 λέγωσιν
2884 574 2933 625 οἱ
2985 572 3113 644 περὶ
3157 571 3349 623 τούτου
3384 568 3647 636 θεολόγοι,
3699 570 3786 638 γί-

533 692 688 731 serva
718 675 859 746 quod
890 688 1085 744 corpus
1128 672 1343 742 quidem
1373 681 1431 725 ut
1458 684 1655 740 corpus
1700 671 2026 723 nascebatur
2054 676 2109 721 et

533 768 953 836 congruentibus
985 768 1327 819 nutriebatur
1350 763 1621 816 alimentis
1649 782 1664 817 ι
1703 762 1817 828 ipse
1854 776 1982 816 vero
2014 761 2106 830 qui

534 860 746 928 corpori
805 858 1122 926 coniunctus
1166 867 1285 911 erat
1336 857 1475 910 Deus
1545 854 1813 917 Verbum,
1866 853 2106 909 omnium

533 954 879 1023 gubernator,
915 965 1009 1019 per
1050 964 1150 1015 ea,
1196 963 1314 1017 quae
1368 948 1419 1000 in
1454 962 1679 1014 corpore
1722 948 1949 1016 agebat,
2000 959 2105 999 non

534 1044 826 1109 hominem,
854 1043 945 1097 sed
991 1041 1155 1096 Deum
1205 1040 1435 1095 Verbum
1481 1056 1538 1094 se
1576 1054 1697 1093 esse
1742 1050 1928 1108 aperte
1970 1038 2107 1091 indi-

530 1137 709 1192 cabat.
736 1137 839 1191 Ista
875 1134 1219 1189 nihilominus
1246 1134 1311 1187 de
1339 1148 1403 1187 eo
1439 1132 1712 1194 dicuntur,
1749 1132 1872 1199 quia
1907 1144 2104 1199 corpus

529 1228 850 1288 comedens,
904 1239 1133 1278 nascens
1178 1232 1230 1276 et
1284 1224 1494 1289 patiens
1554 1237 1658 1275 non
1708 1212 1958 1285 alterius,
2010 1222 2105 1274 sed

528 1317 738 1372 Domini
779 1325 916 1379 erat,
947 1317 1037 1385 qni
1068 1316 1500 1384 quandoquidem
1553 1318 1717 1369 homo
1756 1314 1934 1367 fat-tus
1983 1312 2103 1365 fue-

526 1418 642 1473 rat,
689 1411 805 1464 ι]ωο
852 1426 1066 1479 quoque
1110 1411 1173 1465 de
1226 1409 1315 1463 illo
1369 1420 1621 1477 tanquam
1656 1408 1719 1461 de
1755 1407 1968 1460 homine
2010 1406 2104 1459 de-

527 1503 681 1557 cebat
714 1502 844 1568 dici,
875 1515 932 1556 ut
974 1518 1159 1557 verum
1204 1518 1309 1555 non
1348 1511 1527 1555 autem
1567 1500 1747 1554 [ictum
1786 1499 1897 1553 sive
1928 1498 2102 1568 phan-

528 1591 780 1643 tasticum
829 1605 1026 1659 corpus
1072 1592 1270 1645 habere
1314 1591 1613 1644 videretur.
1668 1587 1864 1642 Verum
1912 1602 2102 1657 quem-

528 1680 816 1733 admodum
845 1696 908 1734 ex
948 1680 1031 1734 liis
1066 1696 1261 1749 corpus
1289 1696 1411 1735 eum
1450 1682 1647 1735 habere
1682 1680 1987 1743 constabat,
2023 1680 2101 1735 sic

526 1785 591 1824 ex
633 1771 886 1840 operibus
938 1786 1057 1840 qua:
1105 1784 1335 1840 carpere
1388 1770 1615 1839 agebat,
1657 1784 1717 1824 se
1764 1770 1956 1823 Filium
2007 1770 2095 1824 Dei

525 1878 650 1918 esse
672 1838 982 1918 imanil'este
1012 1838 1346 1917 ostendebat.
1384 1838 1535 1916 Unde
1579 1870 1633 1914 et
1664 1860 1730 1913 ad
1760 1859 1974 1915 Iudaeos
2008 1862 2097 1929 qui
2129 1838 2171 1895 Β

522 1955 744 2009 credere
775 1953 1071 2009 renuebant
1104 1954 1176 2008 ita
1218 1954 1331 2023 ipse
1368 1953 1677 2007 clamabat:
1713 1951 1771 2007 Si
1817 1970 1919 2005 non
1955 1954 2098 2019 [acia

522 2063 679 2114 opera
716 2046 897 2099 Patris
928 2045 1057 2112 mei,
1101 2061 1199 2098 non
1236 2043 1429 2098 credite
1459 2044 1588 2096 mihi
1622 2060 1639 2096 :
1671 2046 1754 2097 sin
1796 2053 1970 2096 autem
2015 2043 2100 2111 fa-

521 2140 625 2201 cio,
663 2148 710 2191 ct
744 2138 789 2190 si
826 2138 955 2190 milii
999 2153 1100 2190 non
1141 2136 1390 2200 credatis,
1433 2136 1676 2202 operibus
1720 2135 1844 2187 meis
1884 2133 2096 2201 credite,

521 2238 577 2280 ut
620 2228 945 2296 cognoscatis
967 2239 1012 2280 et
1044 2227 1224 2280 sciatis
1260 2226 1382 2294 quia
1422 2224 1581 2277 Pater
1624 2225 1679 2275 in
1716 2239 1795 2277 me
1819 2234 1891 2276 est
1921 2232 1968 2275 et
2006 2240 2097 2291 ego

520 2324 576 2374 in
607 2319 768 2373 Patre
790 2321 857 2373 ⁸³.
894 2320 961 2374 Ut
994 2322 1174 2385 enim,
1219 2328 1485 2388 quatenus
1538 2316 1823 2370 invisibilis
1870 2326 1983 2375 eat,
2031 2331 2096 2367 ex

523 2423 727 2467 natura:
758 2411 1040 2466 ell'eetibus
1079 2411 1464 2480 cognoscitur:
1511 2408 1585 2461 ita
1620 2409 1781 2462 homo
1826 2406 2002 2461 factus
2044 2415 2097 2461 et

522 2505 574 2558 in
626 2519 850 2573 corpore
883 2503 1224 2564 delitescens.
1270 2501 1526 2570 operibus
1576 2499 1896 2554 ostendebat
1938 2514 2094 2565 eum,

522 2596 611 2663 qui
654 2596 739 2648 illa
784 2594 1035 2657 faciebat,
1086 2610 1188 2647 non
1223 2592 1517 2655 hominem,
1562 2591 1654 2646 sed
1706 2588 1800 2645 Dei
1842 2590 2095 2644 virtutem

521 2695 575 2738 et
613 2683 848 2739 Verbum
894 2700 1032 2738 esse.
1080 2682 1214 2736 Nam
1258 2681 1404 2735 illum
1447 2681 1783 2735 daemonibus
1834 2680 2097 2747 imperare

520 2790 723 2844 eosque
789 2775 994 2842 fugare,
1038 2790 1141 2828 non
1193 2774 1485 2827 humanum
1535 2787 1665 2827 sane
1712 2771 1805 2825 sed
1854 2771 2091 2824 divinum

518 2881 653 2936 opus
700 2873 804 2920 est.
853 2864 1047 2933 Ecquis
1093 2878 1219 2917 vero
1267 2862 1514 2926 morbos,
1565 2862 1761 2930 quibus
1802 2861 2094 2915 humanum

518 2974 688 3028 genus
722 2958 1012 3011 obnoxium
1043 2964 1145 3017 est,
1177 2956 1244 3007 ab
1277 2954 1366 3008 illo
1408 2954 1588 3007 sanari
1633 2966 1884 3015 cernens,
1926 2952 2096 3007 homi-

518 3065 638 3103 nem
687 3064 806 3103 eum
872 3064 978 3101 non
1039 3048 1201 3099 Deum
1258 3044 1572 3115 putaverit?
1626 3043 1894 3112 Leprosos
1949 3045 2093 3097 enim

518 3142 751 3195 tnundos
814 3139 1106 3205 reddebat,
1156 3138 1362 3192 claudis
1421 3137 1741 3191 restituebat
1798 3151 2089 3206 gressum,

515 3234 799 3288 surdorum
832 3248 993 3286 aures
1033 3232 1329 3301 aperiebat,
1361 3231 1537 3283 visum
1580 3230 1851 3283 tribuebat
1892 3229 2091 3283 caecis:

514 3327 749 3395 denique
788 3340 977 3380 omnes
1029 3326 1245 3377 morbos
1296 3331 1351 3376 et
1414 3321 1761 3391 mgritudines
1805 3323 1873 3377 ab
1925 3323 2096 3376 ltomi-

514 3419 673 3473 nibus
707 3418 983 3486 abigebat,
1012 3430 1077 3467 ex
1117 3416 1315 3481 quibus
1354 3413 1470 3482 ejus
1504 3413 1838 3467 divinitatem
1888 3414 2094 3482 perspi-

514 3526 637 3565 cere
671 3511 842 3565 cuivis
873 3508 1119 3580 proiecto
1158 3516 1271 3561 erat
1308 3506 1485 3562 facile.
1531 3505 1729 3573 Ecquis
1772 3506 1913 3559 enim
1946 3506 2091 3559 illum

513 3616 576 3656 ea
622 3596 742 3670 qua:
781 3610 973 3653 natura
1018 3598 1069 3651 in
1100 3605 1222 3650 ortu
1255 3605 1549 3663 negaverat
1596 3595 1843 3660 reddere,
1872 3605 1924 3648 et
1956 3594 2091 3663 ejus,

514 3694 606 3763 qui
637 3708 814 3747 cacus
846 3701 1000 3745 natus
1033 3691 1231 3751 fuerat,
1264 3687 1451 3742 oculos
1488 3686 1698 3756 aperire
1730 3688 1938 3749 videns.
1985 3704 2091 3742 non

514 3785 717 3854 cogitet
761 3783 809 3837 ei
860 3782 1015 3836 subdi
1070 3778 1305 3834 hominis
1355 3778 1825 3847 procreationem,
1872 3780 2095 3847 eiusque

517 3880 794 3923 auctorem
825 3869 974 3920 illum
1004 3866 1159 3920 esse?
1197 3865 1329 3919 Nam
1360 3866 1595 3920 dubitari
1628 3881 1729 3919 non
1763 3876 1935 3935 potest
1962 3872 2091 3937 quin

516 3960 606 4016 ille
632 3959 857 4031 originis
886 3959 1163 4013 hominum
1194 3959 1264 4011 sit
1293 3958 1550 4012 Dominus
1577 3960 1667 4027 qui
1699 3960 1773 4025 id,
1803 3975 1907 4027 qtto
1934 3960 2095 4012 homo

516 4051 571 4107 in
612 4061 732 4106 ortu
773 4051 969 4113 caruit,
1006 4050 1178 4105 eidem
1214 4050 1471 4104 restituit.
1505 4049 1642 4104 Hine
1679 4066 1801 4104 cum
1843 4050 1998 4104 initio
2027 4051 2093 4103 ad

517 4158 619 4197 nos
652 4142 889 4205 advenit,
920 4156 985 4193 ex
1024 4140 1231 4210 virgine
1275 4141 1376 4195 sibi
1430 4142 1527 4208 ipsi
1575 4155 1772 4210 corpus
1819 4140 2092 4203 formavit,

518 4247 577 4289 ut
610 4234 858 4290 omnibus
890 4249 995 4289 non
1039 4250 1260 4303 parvum
1305 4248 1416 4288 sua:
1465 4233 1764 4286 divinitatis
1809 4247 2094 4302 argumen-

518 4318 630 4381 tum
665 4327 977 4391 exbiberet,
1026 4340 1083 4379 ut
1125 4326 1333 4379 scilicet.
1373 4325 1495 4378 inde
1540 4335 1782 4394 pateret,
1827 4339 1970 4386 eum,
2003 4325 2091 4392 qui

519 4435 717 4488 corpus
748 4419 877 4474 illud
914 4418 1265 4481 formaverat,
1297 4417 1524 4471 aliorum
1561 4432 1776 4486 quoque
1807 4431 2091 4485 corporum

2207 681 2383 718 νωσκε
2430 665 2513 717 ὅτι
2556 664 2621 716 τὸ
2669 663 2767 733 μὲν
2806 662 2984 732 σῶμα,
3034 662 3110 725 ὡς
3160 660 3341 731 σῶμα,
3392 660 3640 714 ἐτίκτετο
3691 659 3785 714 καί

2208 757 2562 828 καταλλήλοις
2592 756 2848 827 ἐτρέφετο
2885 757 3132 827 τροφαῖς,
3165 753 3327 815 αὐτὸς
3354 752 3411 806 δὲ
3440 755 3470 806 ό
3505 750 3682 804 συνὼν
3712 749 3787 820 τῷ

2210 850 2419 921 σώματι
2446 850 2578 912 Θεὸς
2614 849 2784 916 Λόγος
2810 848 2879 901 τὰ
2910 848 3087 901 πάντα
3126 846 3455 916 διακοσμῶν,
3489 845 3586 897 καὶ
3617 844 3685 897 δι’
3714 837 3788 896 ὧν

2208 938 2491 1011 εἰργάζετο
2518 940 2575 992 ὲν
2600 938 2676 1009 τῷ
2707 939 2942 1009 σώματι,
2973 938 3072 989 οὐκ
3100 936 3385 1008 ἄνθρωπον
3408 936 3626 1001 ἑαυτὸν,
3652 934 3789 1001 ἀλλὰ

2202 1031 2337 1087 Θεὸν
2372 1031 2541 1098 Λόγον
2568 1028 2878 1100 ἐγνώριζεν.
2906 1030 3134 1096 Λέγεται
3166 1026 3223 1080 δὲ
3250 1028 3377 1099 περὶ
3396 1026 3560 1080 αὑτοῦ
3589 1026 3785 1089 ταῦτα.

2206 1124 2393 1195 ἐπειδὴ
2419 1125 2513 1178 καὶ
2543 1123 2605 1175 τὸ
2632 1122 2789 1192 σῶμα
2823 1120 3000 1174 ἐσθίον
3048 1121 3144 1174 καὶ
3185 1120 3502 1189 τικτόμενον
3546 1120 3640 1172 καὶ
3686 1121 3789 1173 πά-

2207 1234 2353 1288 σχον,
2385 1216 2483 1285 οὐχ
2511 1215 2695 1286 ἑτέρου
2726 1214 2891 1276 τινὸς,
2928 1212 3063 1266 ἀλλά
3090 1212 3184 1265 τοῦ
3210 1212 3417 1283 Κυρίου
3450 1206 3519 1282 ἦν
3541 1228 3555 1241 ο
3584 1211 3679 1265 καὶ
3706 1211 3787 1266 ὅτι

2186 1308 2490 1381 *ἀνθρώπου
2512 1307 2824 1377 γενομένου,
2852 1306 3056 1376 ἔπρεπε
3088 1304 3376 1358 καὶταῦτα
3407 1305 3485 1368 ὼς
3528 1304 3789 1376 naphtha
3848 1320 3855 1325 '

2206 1401 2423 1473 θρώπου
2479 1399 2753 1469 λέγεσθαι,
2814 1399 2900 1451 ἵνα
2957 1397 3185 1469 ἀληθείᾳ
3238 1399 3331 1451 καὶ
3388 1397 3463 1468 μὴ
3518 1399 3790 1469 φαντασίᾳ

2190 1491 2364 1562 ισῶμα
2397 1492 2534 1561 ἔχων
2563 1491 2841 1562 φαίνηται.
2897 1489 3036 1543 Ἀλλ’
3088 1489 3277 1561 ὥσπερ
3324 1492 3387 1543 ὲκ
3428 1489 3639 1543 τούτων
3679 1491 3791 1559 ὲγι-

2202 1582 2439 1636 νὼσκετο
2461 1584 2786 1653 σωματικῶς
2808 1581 3017 1651 παρὼν,
3044 1581 3217 1643 οὕτως
3250 1583 3314 1634 ὲκ
3346 1581 3455 1633 τῶν
3489 1580 3670 1651 ἔργων
3712 1573 3789 1634 ὧν

2201 1677 2373 1729 ἐποίει
2410 1676 2496 1729 διὰ
2521 1675 2613 1728 τοῦ
2645 1673 2916 1745 σώματος,
2938 1676 3065 1729 Υἰὸν
3092 1674 3229 1727 Θεοῦ
3257 1674 3447 1727 ἑαυτὸν
3468 1672 3785 1745 ἐγνώριζεν.

2203 1767 2364 1821 Ὅθεν
2412 1768 2505 1820 καὶ
2562 1767 2697 1838 πρὸς
2751 1767 2877 1830 τοὺς
2910 1766 3172 1829 ἀπίστους
3217 1765 3504 1829 Ἰουδαίους
3535 1766 3665 1819 ὲὸόα
3702 1766 3790 1820 λέ-

2200 1876 2340 1927 γων·
2383 1862 2452 1913 Εὶ
2482 1862 2552 1913 οὐ
2592 1858 2740 1912 ποιῶ
2780 1861 2851 1913 τὰ
2897 1858 3039 1928 ἔργα
3078 1858 3185 1912 τοῦ
3237 1859 3466 1925 Πατρός
3507 1876 3650 1927 μου,
3699 1859 3785 1928 μὴ

2200 1951 2515 2004 πιστεύετέ
2557 1968 2689 2019 μοι·
2748 1954 2800 2004 εὶ
2868 1950 2936 2003 δὲ
2984 1948 3154 2010 ποιῶ,
3216 1947 3332 2003 κᾶν
3392 1950 3524 2018 ἐμοὶ
3554 1949 3643 2018 μὴ
3689 1965 3784 2003 πι-

2199 2047 2470 2112 στεύητε,
2506 2045 2629 2110 τοῖς
2655 2045 2849 2112 ἔργοις
2876 2062 2993 2113 μου
3041 2044 3406 2096 πιστεύσατε
3425 2060 3436 2073 ’
3467 2044 3568 2095 ἵνα
3602 2042 3788 2113 γνῶτε

2199 2138 2298 2189 καὶ
2326 2137 2673 2205 γινώσκητε,
2718 2137 2803 2189 ὅτι
2843 2137 2913 2189 ἐν
2939 2135 3069 2204 ἐμοὶ
3095 2138 3128 2189 ό
3160 2134 3379 2204 Πατὴρ,
3404 2134 3566 2205 κάγὼ
3604 2136 3675 2187 ὲν
3708 2134 3788 2199 τῷ

2198 2230 2403 2297 Πατρί.
2439 2229 2527 2291 Ὠς
2568 2229 2694 2297 γὰρ.
2734 2228 2963 2298 ἀόρατος
2991 2226 3087 2291 ὣν,
3136 2226 3241 2280 ἀπὸ
3282 2226 3389 2280 τῶν
3420 2227 3522 2296 τῆς
3556 2227 3787 2290 κτίσεως

2198 2320 2374 2391 ἔργων
2412 2319 2774 2388 γινώσκεται,
2822 2319 2993 2382 οὕτως
3043 2318 3326 2391 ἄνθρωπος
3360 2319 3653 2388 γενόμενος
3694 2320 3787 2371 καὶ

2199 2414 2255 2467 ὲν
2316 2412 2527 2483 σώματι
2587 2412 2660 2481 μὴ
2722 2410 2995 2481 ὁρώμενος
3042 2410 3176 2479 (ΞΟ),
3220 2412 3284 2462 ὲκ
3335 2409 3442 2461 τῶν
3491 2410 3669 2478 ἔργων
3718 2409 3784 2462 ἂν

2197 2506 2485 2575 γνωσθείη,
2515 2506 2596 2557 ὅτι
2631 2506 2732 2557 οὐκ
2762 2504 3065 2574 ἄνθρωπος,
3103 2502 3239 2557 ἀλλά
3270 2503 3407 2555 Θεοῦ
3420 2502 3656 2573 δύναμις
3695 2506 3788 2555 καὶ

2198 2596 2369 2664 Λόγος
2395 2597 2541 2649 ἐστὶν
2563 2598 2590 2648 ό
2616 2594 2788 2647 ταῦτα
2808 2594 3196 2665 ἐργαζόμενος.
3220 2593 3293 2645 Τὸ
3320 2594 3428 2665 γὰρ
3468 2595 3787 2647 ἐπιτάσσειν

2197 2689 2361 2740 αὐτὸν
2391 2690 2501 2751 τοῖς
2530 2688 2769 2757 δαίμοσι,
2795 2686 3081 2747 κάκείνους
3111 2684 3529 2748 ἀπελαύνεσθαι,
3567 2687 3668 2738 οὐκ
3694 2687 3789 2737 ἀν-

2198 2779 2496 2851 θρώπινον,
2533 2778 2668 2831 ἀλλά
2712 2778 2854 2830 θεῖόν
2905 2778 3019 2829 ἐστι
3059 2776 3119 2829 τὸ
3160 2776 3338 2846 ἔργον.
3391 2777 3463 2829 ’Ἡ
3512 2776 3619 2840 τίς,
3664 2774 3787 2829 ἰδὼν

2198 2870 2358 2925 αὐτὸν
2385 2871 2484 2933 τὰς
2514 2871 2701 2934 νόσους
2738 2869 2986 2940 ίώμενον,
3032 2870 3089 2921 ὲν
3138 2864 3223 2932 αἷς
3270 2870 3554 2922 ὑπόκειται
3592 2869 3654 2922 τὸ
3694 2870 3785 2922 ἀν-

2197 2961 2466 3035 θρώπινον
2492 2960 2600 3032 (Ἦ)
2632 2962 2808 3029 γένος,
2832 2961 2911 3013 ἔτι
2941 2960 3227 3030 ἄνθρωπον
3262 2962 3354 3014 καὶ
3376 2962 3437 3012 οὐ
3460 2960 3596 3013 Θεὸν
3631 2961 3787 3029 ἠγεῖ-

2194 3071 2283 3119 το;
2351 3055 2600 3125 Λεπροὺς
2657 3054 2764 3124 γάρ
2811 3052 3140 3124 ὲκαθάριζε,
3193 3053 3397 3123 χωλοὺς
3459 3056 3789 3124 περιπατεῖ)

2197 3146 2391 3209 ὲποίει,
2422 3146 2617 3214 κωφῶν
2648 3147 2746 3216 τὴν
2774 3146 2942 3215 ἀκοὴν
2965 3145 3167 3214 ἧνοιγε,
3194 3146 3429 3213 τυφλοὺς
3456 3145 3785 3199 ἀναϐλέπειν

2197 3236 2388 3300 ἐποίει,
2445 3238 2539 3289 καὶ
2581 3237 2758 3298 πάσας
2788 3235 2968 3297 ἁπλῶς
2996 3236 3185 3296 νόσους
3226 3235 3320 3287 καὶ
3367 3234 3644 3302 μαλακίας
3669 3235 3787 3305 (2‘2)

2198 3330 2379 3391 πάσας
2428 3328 2735 3399 ἀπήλαυνεν
2799 3328 2906 3381 ἀπὸ
2952 3327 3057 3378 τῶν
3104 3325 3424 3396 ἀνθρώπων,
3474 3326 3566 3394 ἀφ’
3601 3320 3674 3379 ὧν
3717 3320 3789 3396 ἦν

2196 3418 2360 3472 αὑτοῦ
2391 3418 2484 3471 καὶ
2510 3420 2601 3470 τὸν
2630 3418 2862 3486 τυχόντα
2885 3416 2983 3487 τὴν
3016 3414 3245 3485 θεότητα
3268 3414 3511 3485 θεωρεῖν.
3539 3416 3637 3477 Τίς
3655 3414 3788 3487 γὰρ,

2200 3507 2321 3561 ἰδὼν
2351 3508 2513 3562 αὑτὸν
2545 3508 2859 3560 ἀποδιδόντα
2888 3508 2948 3558 τὸ
2985 3505 3202 3568 λεῖπον,
3234 3500 3314 3567 οἷς
3350 3506 3383 3574 ὴ
3426 3504 3641 3572 γένεσις
3696 3507 3755 3557 ἐν
3777 3537 3789 3544 -

2197 3601 2396 3671 έλειψε,
2428 3602 2521 3653 καὶ
2571 3598 2666 3652 τοῦ
2702 3601 2765 3651 ὲκ
2794 3598 3019 3667 γενετῆς
3059 3596 3259 3665 τυφλοῦ
3313 3596 3439 3659 τοὺς
3472 3596 3791 3667 ὀφθαλμοὺς

2198 3693 2501 3760 ἀνοίγοντα,
2544 3691 2644 3744 οὐκ
2690 3690 2755 3744 ἂν
2808 3690 3057 3759 ἐνενόησε
3088 3689 3187 3760 τὴν
3223 3687 3529 3759 ἀνθρώπων
3564 3690 3789 3741 ὑποκει-

2200 3785 2367 3855 μένην
2403 3782 2551 3853 αὖτῷ
2588 3783 2820 3851 γένεσιν,
2872 3784 2966 3834 καὶ
3011 3780 3214 3850 ταύτης
3268 3776 3407 3832 εἶναι
3454 3778 3789 3850 δημιουργὸν

2195 3877 2382 3930 τοῦτον
2410 3876 2502 3929 καὶ
2541 3876 2806 3946 ποιητήνς
2861 3874 2919 3927 '0
2970 3872 3080 3943 γὰρ
3122 3872 3183 3924 τὸ
3228 3870 3300 3942 μὴ
3338 3871 3367 3923 ὃ
3411 3872 3477 3924 ὲκ
3518 3872 3788 3940 γενέσεως

2197 3970 2352 4040 ἔσχεν
2391 3970 2418 4021 ό
2446 3967 2731 4035 ἅνθρωπος
2770 3965 3073 4027 ἀποδιδοὺς,
3126 3962 3282 4033 δῆλος
3314 3961 3379 4015 ἂν
3419 3961 3505 4032 εἴη
3547 3963 3788 4025 πάντως,

2195 4061 2276 4113 ὄτι
2312 4059 2520 4128 Κύριος
2543 4051 2695 4120 οὗτός
2719 4057 2835 4108 ἐστι
2869 4055 2964 4107 καὶ
2995 4054 3095 4123 τῆς
3140 4052 3409 4120 γενέσεως
3436 4051 3547 4103 τῶν
3574 4052 3789 4123 ἀνθρώ-

2197 4168 2331 4202 πων.
2392 4148 2491 4201 Διά
2540 4146 2697 4199 τοῦτο
2747 4145 2841 4198 καὶ
2905 4146 2961 4197 ἐν
3013 4144 3155 4214 ἀρχῇ
3208 4142 3614 4213 κατερχόμενος
3650 4144 3789 4213 πρὸς

2196 4242 2364 4311 ἡμᾶς,
2415 4240 2479 4290 ὲκ
2529 4238 2798 4310 παρθένου
2851 4234 3074 4287 πλάττει
3127 4233 3303 4303 ἑαυτῴ
3356 4233 3417 4285 τὸ
3469 4234 3653 4304 σῶμα,
3700 4236 3789 4287 ἵνα

2200 4336 2274 4406 μὴ
2306 4334 2417 4405 (9.3)
2450 4334 2642 4405 μικρὸν
2676 4333 2774 4403 τῆς
2817 4332 3067 4400 θεότητος
3112 4329 3276 4383 αὑτοῦ
3316 4328 3607 4401 γνώρισμα
3654 4336 3787 4384 πᾶσι

2198 4428 2490 4499 παράσχῃ·
2522 4426 2602 4478 ὅτι
2634 4427 2663 4478 ό
2689 4423 2848 4477 τοῦτο
2899 4422 3134 4484 πλάσας,
3183 4422 3347 4485 αὐτός
3384 4424 3502 4474 ἐστι
3546 4424 3643 4475 καὶ
3679 4424 3788 4475 τῶν

513 4512 763 4582 opiﬁcem
797 4527 939 4567 esse.
980 4511 1112 4565 Nam
1155 4511 1275 4579 quis
1324 4524 1524 4578 corpus
1563 4512 1681 4563 sine
1726 4510 1841 4561 viro
1875 4524 1939 4562 ex
1984 4509 2093 4561 vir-

2202 4521 2370 4575 ἆλλων
2424 4520 2675 4590 ποιητής.
2740 4518 2836 4581 Τίς
2889 4517 3019 4587 γὰρ,
3079 4513 3206 4567 ἰδὼν
3258 4515 3429 4586 χωρὶς
3475 4516 3671 4586 ἀνδρὸς
3723 4519 3787 4569 ὲκ

515 4609 639 4677 gine
669 4606 781 4660 sola
814 4606 1036 4675 prodire
1066 4604 1355 4658 attendens
1385 4619 1488 4657 non
1529 4602 1788 4671 intelligat
1821 4617 1968 4663 eum,
1999 4602 2087 4670 qui

516 4698 569 4752 in
601 4698 688 4751 illo
716 4707 957 4765 apparet,
987 4696 1214 4749 aliorum
1249 4695 1412 4749 etiam
1445 4709 1735 4763 corporum
1778 4691 2087 4747 ell‘ectorem

515 4799 569 4841 et
613 4789 898 4841 Dominum
931 4787 1089 4841 esse?
1126 4785 1259 4852 Quis
1304 4800 1568 4854 aquarum
1617 4796 1862 4838 naturam
1912 4793 2089 4841 muta-

516 4887 628 4931 tam
678 4878 923 4945 atquein
975 4882 1156 4931 viuum
1202 4891 1522 4931 conversam
1571 4876 1941 4940 considerans,
1982 4891 2087 4930 non

514 4971 699 5024 credat
727 4970 951 5037 hujusce
979 4971 1053 5024 rei
1088 4980 1386 5033 auctorem,
1416 4970 1655 5022 omnium
1685 4984 1901 5038 quoque
1928 4985 2095 5040 aqua-

517 5076 635 5114 rum
662 5074 781 5114 esse
811 5060 1145 5115 creatorem?
1177 5059 1311 5113 Hine
1337 5075 1468 5129 ergo
1494 5059 1681 5124 etiam,
1712 5070 1769 5115 ut
1804 5060 2087 5126 Dominus,

514 5154 567 5207 in
606 5168 754 5206 mare
790 5154 1032 5207 ascendit
1068 5154 1249 5224 ibique
1282 5153 1428 5207 velut
1477 5152 1529 5206 in
1572 5163 1716 5207 terra
1766 5157 2086 5223 ambulavit,

586 5268 630 5298 "
670 5265 826 5323 Joan.
859 5285 913 5336 π,
941 5270 1032 5325 '57.

582 5407 696 5478 (20)
728 5406 819 5461 Sic
864 5407 1108 5478 Golden,
1148 5406 1386 5463 Felckm.
1425 5408 1446 5461 1
1485 5423 1736 5475 anonym.
1776 5417 1830 5462 et
1864 5406 2090 5473 Si‘gtter.

512 5488 674 5548 atque
705 5479 774 5531 ita
810 5479 939 5547 legit
973 5477 1238 5532 Nannius.
1290 5480 1392 5532 Alii
1423 5495 1542 5532 Clllll
1577 5480 1737 5533 editis
1763 5518 1777 5540 ,
1810 5479 2093 5547 χωρούμε-

512 5560 734 5669 νοςώυι
776 5561 827 5601 et
881 5551 1123 5617 legerunt
1165 5548 1503 5603 Omnibonus
1542 5560 1596 5603 et
1632 5549 1944 5602 Ambrosius
1987 5549 2090 5601 (2a-

518 5636 600 5669 ma
668 5657 681 5669 .

518 5636 656 5673 ηιιιιιι
668 5657 681 5669 .

588 5689 701 5755 (ει)
731 5687 948 5743 Goliler.
986 5696 1040 5740 et
1068 5685 1303 5742 Felckm.
1329 5688 1349 5741 Ι
1387 5703 1577 5750 anon.,
1608 5686 1725 5757 τῶν
1764 5684 2089 5757 ἀνθρώπων.

520 5758 681 5810 Paulo
705 5769 824 5824 post
868 5758 1028 5827 Basili.
1059 5758 1269 5827 Anglic.
1316 5770 1367 5812 et
1392 5759 1557 5813 editio
1588 5756 1848 5812 Commcl.
1888 5756 2092 5827 λέπραν

523 5828 742 5892 habent,
769 5827 855 5880 ubi
886 5827 972 5880 alii
1002 5826 1255 5895 λεπρούς.

2200 4609 2468 4681 παρθένου
2507 4608 2675 4679 μόνης
2706 4606 3103 4678 προερχόμενον
3136 4603 3315 4673 σῶμα,
3338 4606 3439 4658 οὐκ
3472 4606 3787 4678 ἐνθυμεῖται

2196 4705 2286 4757 τὸν
2317 4707 2373 4756 ὲν
2393 4702 2567 4771 τούτῳ
2594 4701 2913 4771 φαινόμενον
2940 4696 3076 4753 εἶναι
3121 4701 3211 4754 καὶ
3248 4699 3356 4753 τῶν
3382 4698 3559 4753 ἀλλων
3598 4699 3781 4768 σωμάο

2198 4816 2304 4851 των
2336 4795 2568 4867 ποιητὴν
2595 4795 2691 4847 καὶ
2720 4794 2960 4865 Κύριονς
3002 4795 3100 4858 Τίς
3128 4795 3206 4857 δὲ,
3239 4793 3361 4847 ίδὼν
3393 4794 3489 4846 καὶ
3531 4795 3633 4863 τὴν
3665 4794 3787 4846 sea-

2196 4906 2303 4942 των
2336 4885 2742 4956 ἀλλασσομένην
2779 4886 2985 4950 οὐσίαν,
3021 4887 3117 4940 καὶ
3162 4888 3241 4948 είς
3273 4879 3416 4939 οἶνον
3451 4885 3787 4955 μεταϐαλοῦ-

2199 4995 2319 5043 σαν,
2348 4980 2449 5031 οὑκ
2478 4979 2649 5031 ὲννοεῖ
2669 4975 2760 5029 τὸν
2786 4978 2943 5031 τοῦτο
2966 4979 3267 5047 ποιήσαντα
3292 4976 3497 5047 Κύριον
3521 4972 3661 5029 εἶναι
3690 4978 3785 5028 καὶ

2197 5072 2423 5143 κτίστην
2457 5073 2555 5141 τῆς
2588 5074 2695 5127 τῶν
2716 5072 2852 5125 ὅλων
2884 5072 3090 5125 ὑδάτων
3117 5070 3333 5133 οὐσίαςς
3371 5069 3472 5122 Διά
3491 5068 3652 5122 τοῦτο
3675 5070 3785 5139 γὰρ

2196 5162 2271 5225 ὡς
2300 5164 2564 5236 δεσπότης
2594 5166 2846 5220 ἐπέϐαινε
2870 5168 2963 5219 καὶ
2994 5169 3059 5235 τῇ
3093 5164 3361 5233 θαλάσσῃ,
3386 5163 3484 5214 καὶ⁵
3518 5165 3785 5233 περιεπά-

2269 5410 2382 5481 (22)
2416 5410 2667 5484 Seguer.,
2701 5413 2880 5467 πᾶσαν
2920 5414 3209 5484 μαλακίαν.
3244 5417 3465 5473 Gobler.
3512 5430 3567 5474 et
3601 5417 3781 5475 Felcit.

2201 5481 2231 5560 1Δ
2268 5497 2430 5560 anon.
2470 5481 2678 5560 facit;
2705 5481 2991 5560 omittunt,
3029 5486 3203 5560 ⁸ΡίιιιΙο
3240 5500 3358 5560 post
3406 5489 3500 5542 καί
3548 5505 3782 5560 sequens

2200 5552 2882 5630 deest__itL_Gobler_iano_tat_
2904 5552 3250 5630 Eelckinauni
3280 5557 3304 5611 1
3340 5576 3629 5630 anonymo.

2274 5620 2387 5689 (25)
2416 5621 2504 5674 Sic
2538 5621 2757 5700 Golden
2795 5624 3079 5700 Eelt'kntJ
3122 5641 3285 5679 anon.
3322 5640 3376 5700 et
3411 5620 3779 5700 Seguer..Alii

2201 5702 2377 5743 autem
2409 5707 2531 5767 cum
2554 5693 2722 5767 editis
2755 5694 2827 5767 μῄ
2863 5696 3157 5767 omittunt,
3200 5712 3295 5767 nec
3350 5693 3778 5767 legit'Onmibo-

2204 5774 2336 5826 nus;
2373 5771 2424 5814 at
2448 5763 2762 5817 Ambrosius
2788 5763 3084 5819 Camaldul.
3114 5778 3164 5819 ct
3198 5763 3447 5823 Nannius
3475 5770 3741 5839 legerunt.
