4006 6498
256 381 338 438 129
1271 373 1527 430 ORATIO
1563 372 1649 427 DE
1689 372 1792 429 INC

1894 372 2190 430 ΝΑΤΙΟΝΕ
2238 390 2261 431 ν
2276 372 2361 429 EB.
2372 375 2454 431 BI.

3348 379 3481 459 4δοὶ

252 518 315 555 τει
339 496 403 559 ὡς
423 494 517 547 ἐπὶ
547 491 687 565 γῆς,
719 491 998 564 γνώρισμα
1034 490 1133 561 τῆς
1164 490 1255 545 ἐπὶ
1281 491 1455 543 πάντα
1476 492 1789 554 δεσποτείας

1894 502 1948 545 ιιι
1981 492 2079 546 hoc
2110 490 2253 546 facto
2294 490 2395 560 ει
2431 490 2510 543 sui
2548 504 2596 543 ιη
2632 502 2716 544 res
2761 503 2947 546 omnes
2978 492 3280 547 dominatus
3311 493 3451 549 indl-

251 590 509 649 αὐτοῦτοῖς
535 587 717 657 ὁρῶσι
758 586 1023 657 παρέχων.
1055 584 1279 653 Τρέφων
1305 583 1359 637 δὲ
1388 584 1481 637 καὶ
1509 584 1567 649 ἐξ
1598 582 1793 651 ὀλίγων

250 678 460 736 τοσοῦτον
509 677 759 748 πλῆθος,
806 676 898 728 καί
940 674 996 739 ἐξ
1042 673 1260 742 ἀπόρων
1318 671 1563 742 εὐπορῶν
1611 673 1790 737 αὐτὸς,

250 770 360 824 ὥστε
390 765 494 819 ἀπὸ
526 766 699 819 πέντε
738 764 915 835 ἄρτων
958 760 1419 831 πεντακισχιλίους
1451 761 1790 833 κορεσθῆναι,

250 862 322 915 καί
345 858 462 913 ἄλλο
502 856 743 909 τοσοῦτο
774 854 1105 921 καταλεῖψαι,
1138 852 1286 905 οὐδὲν
1329 852 1514 924 ἕτερον
1557 852 1591 923 ἢ
1630 852 1792 905 αὑτὸν

249 947 359 1003 εἶναι
387 946 479 999 τὸν
515 946 619 1000 καὶ
658 946 759 1015 τῆς
798 945 933 999 ὅλων
961 943 1071 1014 (24)
1107 942 1355 1014 προνοίας
1395 942 1597 1015 Κύριον
1634 941 1793 1012 ὲγνώο

250 1040 386 1113 ριζεν.

297 1224 368 1279 19.
396 1222 593 1275 Ταῦτα
623 1222 683 1275 δὲ
708 1221 883 1275 πάντα
908 1220 1080 1271 ποιεῖν
1104 1216 1181 1288 τῷ
1202 1217 1412 1287 Σωτῆρι
1442 1214 1621 1279 καλῶς
1651 1216 1791 1287 ἔχειν

243 1316 414 1369 ἐδόκειο
454 1315 548 1378 ἶν’,
573 1312 765 1383 ἐπειδὴ
796 1312 892 1382 τὴν
925 1313 981 1363 ὲν
1014 1312 1126 1373 τοῖς
1160 1311 1323 1362 πᾶσιν
1351 1308 1514 1363 αὑτοῦ
1544 1310 1793 1379 πρόνοιαν

241 1406 488 1476 ἠγνόησαν
540 1406 592 1456 οἱ
620 1403 918 1474 ἄνθρωποι,
963 1403 1054 1454 καὶ
1094 1401 1154 1453 οὐ
1184 1400 1514 1470 κατενόησαν
1552 1400 1650 1470 τὴν
1707 1398 1793 1452 διὰ

239 1498 316 1565 τῆς
345 1496 580 1558 κτίσεως
616 1493 783 1548 αὑτοῦ
818 1492 1064 1563 θεότητα,
1096 1490 1196 1544 κᾶν
1218 1493 1282 1543 ἐκ
1312 1491 1419 1543 τῶν
1453 1490 1539 1543 διὰ
1566 1488 1658 1542 τοῦ
1687 1488 1787 1541 σώ-

240 1604 378 1657 ματος
408 1586 596 1657 ἔργων
630 1584 795 1639 αὐτοῦ
833 1582 1192 1653 ἀναδλέψωσι,
1237 1584 1330 1634 καὶ
1353 1581 1557 1634 ἔννοιαν
1589 1579 1791 1633 λάϐωσι

236 1680 288 1731 δι’
312 1679 475 1731 αὑτοῦ
506 1679 609 1749 τῆς
650 1679 733 1741 είς
759 1677 850 1730 τὸν
882 1675 1097 1747 Πατέρα
1120 1673 1391 1743 γνώσεως,
1428 1676 1491 1727 ὲκ
1519 1672 1627 1726 τῶν
1657 1671 1794 1725 κατὰ

238 1770 374 1841 μέρος
404 1770 511 1840 τὴν
546 1772 628 1832 είς
655 1767 725 1821 τὰ
752 1768 850 1821 ὅλα
882 1766 1046 1820 αὐτοῦ
1072 1766 1347 1837 πρόνοιαν,
1393 1765 1470 1827 ὡς
1513 1766 1789 1835 προεῖπον,

236 1838 686 1931 ἀναλογιζόμενοι.
718 1860 814 1922 Τίς
830 1859 958 1930 γὰρ,
992 1856 1112 1911 ἰδὼν
1140 1856 1302 1910 αὑτοῦ
1335 1856 1431 1927 τὴν
1449 1855 1587 1909 κατὰ
1608 1854 1795 1925 δαιμὸ⁴
1826 1838 1865 1892 Β

238 1970 319 2006 νων
348 1953 622 2017 ἐξουσίαν,
656 1951 689 2023 ῆ
722 1951 826 2014 τίς,
862 1949 983 2003 ἰδὼν
1016 1950 1138 2011 τοὺς
1169 1948 1427 2019 δαίμονας
1471 1946 1785 2019 ὁμολογοῦν-

236 2061 313 2108 τας
345 2040 489 2097 εἶναι
516 2044 728 2097 τούτων
761 2041 920 2094 αὑτὸν
954 2040 1173 2111 Κύριον,
1206 2040 1282 2093 ἔτι
1311 2040 1407 2109 τὴν
1434 2039 1667 2093 διάνοιαν
1688 2040 1794 2108 ἁμ-

237 2135 431 2204 φίὸολον
458 2134 592 2198 ἔξει,
614 2137 663 2187 εἰ
680 2128 833 2196 οὗτός
857 2134 1003 2186 ἐστιν
1030 2133 1059 2183 ὁ
1081 2130 1173 2182 τοῦ
1203 2130 1336 2183 Θεοῦ
1356 2130 1481 2193 Υίὸς
1511 2130 1603 2182 xa‘t
1634 2130 1666 2199 ή
1702 2146 1791 2181 σο-

236 2227 316 2295 φία
342 2228 441 2280 καὶ
482 2238 517 2297 η
549 2225 813 2295 suum;
840 2223 972 2277 Οὐδὲ
996 2222 1103 2293 γὰρ
1131 2221 1230 2293 τὴν
1265 2222 1440 2275 κτίσιν
1464 2220 1629 2292 αὐτὴν
1665 2236 1791 2272 σιω-

1892 587 2034 640 cium
2067 586 2239 639 daret.
2266 583 2400 638 Cum
2432 582 2681 637 similiter
2713 585 2898 650 paucis
2943 598 3007 637 ex
3054 585 3213 639 rebus
3242 594 3449 640 tantam

1893 674 2284 728 multitudinem
2320 673 2484 737 aluit,
2526 682 2579 728 et
2614 688 2677 728 ex
2731 674 2914 743 inopia'
2954 682 3155 727 tantam
3199 673 3315 743 ipse
3357 689 3450 729 co-

1893 767 2033 836 piam
2063 766 2439 836 suppeditavit,
2473 774 2530 820 ut
2555 779 2621 820 ex
2655 765 2892 836 quinque
2934 765 3165 835 panibus
3209 766 3451 836 quinque

1893 856 2056 910 millia
2092 856 2364 910 hominum
2393 856 2744 923 satiarentur,
2773 865 2827 911 et
2861 865 2940 910 tot
2983 854 3220 925 reliquiae
3262 872 3451 927 super-

1891 958 2108 1016 essent,
2159 948 2289 1003 nihil
2346 948 2589 1019 profecto
2638 949 2782 1003 aliud
2838 950 3032 1005 docere
3100 964 3198 1005 nos
3247 950 3449 1016 voluit,

1893 1055 2055 1109 quam
2111 1053 2171 1094 se
2220 1054 2397 1093 rerum
2459 1040 2827 1094 universarum
2879 1038 3226 1106 providentia:
3270 1038 3455 1094 Domi.

1892 1146 2019 1188 num
2050 1146 2188 1186 esse.

1912 1282 1923 1293 ,
1969 1223 2050 1277 l9.
2088 1221 2212 1277 Hzec
2252 1230 2430 1276 autem
2467 1220 2646 1276 omnia
2684 1220 2863 1278 facere
2895 1222 3159 1278 Salvatori
3218 1222 3452 1278 maxime

1898 1315 2228 1371 conveniens
2262 1314 2565 1379 videbatur,
2595 1324 2654 1370 ut
2689 1319 2943 1385 quoniam
2986 1315 3231 1370 homines
3270 1315 3452 1385 provi-

1893 1407 2153 1471 dentiam,
2200 1421 2305 1476 qua
2368 1406 2481 1475 ipse
2531 1406 2776 1461 universa
2835 1406 3194 1471 administrat,
3237 1407 3451 1477 ignora-

1893 1507 2107 1563 verant,
2134 1513 2235 1553 nec
2263 1500 2381 1566 ejus
2415 1498 2755 1553 divinitatem
2795 1512 2893 1567 per
2926 1514 3012 1553 res
3042 1509 3252 1554 creatas
3291 1497 3451 1552 intelo

1894 1589 2157 1657 texerant,
2203 1588 2389 1644 saltem
2439 1603 2507 1643 ex
2546 1590 2651 1653 his,
2697 1604 2817 1662 quae
2851 1604 2948 1658 per
2988 1604 3185 1659 corpus
3230 1591 3444 1661 agebat,

1893 1682 2076 1737 oculos
2113 1682 2405 1751 erigerent,
2435 1696 2497 1737 ac
2528 1695 2625 1751 per
2673 1682 2843 1751 ipsum
2878 1681 2944 1734 ad
2980 1680 3156 1735 Patris
3188 1681 3451 1751 cognitio-

1896 1784 2017 1823 nem
2052 1770 2417 1837 pervenirent,
2446 1784 2598 1823 suam
2629 1771 2681 1823 in
2720 1785 2807 1825 res
2838 1784 3027 1824 omnes
3059 1772 3448 1839 providentiam

1894 1876 1959 1915 ex
1994 1862 2152 1916 rebus
2187 1860 2573 1930 singularibus.
2616 1870 2676 1916 ut
2714 1861 2849 1927 dixi,
2891 1862 3269 1931 percipientes.
3318 1863 3451 1930 Quis

1893 1952 2036 2008 enim
2070 1953 2187 2022 ejus
2219 1953 2477 2008 adversus
2514 1955 2784 2009 dmmones
2829 1963 3169 2024 potestatem,
3205 1956 3451 2025 ipsosque

1893 2047 2163 2099 dazmones
2202 2060 2356 2099 suum
2393 2045 2544 2098 illum
2573 2060 2692 2100 esse
2718 2044 3002 2099 Dominum
3042 2045 3198 2101 lateri
3239 2047 3448 2110 videns,

1893 2136 2069 2191 adhuc
2106 2137 2374 2191 dubitabit
2410 2152 2476 2190 an
2518 2136 2631 2206 ipse
2672 2135 2746 2188 sit
2781 2134 2870 2188 Dei
2897 2134 3063 2189 Filius
3096 2145 3151 2189 et
3186 2136 3450 2204 sapientia

1890 2239 1945 2284 et
1975 2229 2177 2283 virtus?
2206 2228 2391 2298 Neque
2425 2242 2554 2282 vero
2583 2228 2728 2296 ipsas
2775 2240 2859 2281 res
2888 2237 3101 2280 creatas
3138 2228 3299 2282 silere
3333 2242 3453 2297 per-

234 2316 389 2385 πῆσαι
420 2316 753 2383 πεποίηκεν,
785 2312 919 2365 ἀλλὰ
960 2312 1021 2364 τό
1052 2328 1112 2380 γε
1139 2311 1473 2381 θαυμαστὸν,
1509 2312 1601 2363 καὶ
1627 2312 1684 2362 ὲν
1713 2309 1792 2381 τῷ

1894 2321 2058 2387 misit,
2090 2321 2205 2384 sed,
2230 2320 2372 2389 quod
2401 2318 2658 2389 singulari
2692 2318 3053 2374 admiratione
3086 2319 3307 2389 dignum
3345 2328 3450 2382 est,

238 2408 449 2480 θανάτῳ,
484 2408 689 2479 μᾶλλον
735 2407 791 2460 δὲ
832 2408 891 2461 ἐν
932 2402 1080 2474 αῦτῷ
1128 2402 1205 2473 τῷ
1240 2402 1379 2455 κατὰ
1418 2402 1511 2455 τοῦ
1560 2402 1787 2455 θανάτου

1894 2412 2048 2468 etiam
2091 2410 2143 2464 in
2175 2420 2371 2474 morte,
2399 2410 2480 2465 vel
2509 2410 2684 2479 potius
2716 2408 2767 2463 in
2796 2408 2908 2479 ipso
2948 2410 3014 2464 de
3054 2419 3227 2465 morte
3271 2422 3452 2465 erecto

237 2501 481 2571 τροπαίῳ,
507 2499 654 2567 λέγω
678 2499 743 2569 δὴ
775 2497 853 2569 τῷ
878 2494 1113 2566 σταυρῷ,
1145 2495 1293 2547 πᾶσα
1324 2497 1355 2565 ἡ
1388 2494 1562 2556 κτίσις
1586 2493 1789 2563 ὡμολό-

1894 2503 2125 2572 trophazu
2154 2504 2388 2573 (crucem
2425 2501 2710 2572 intelligo),
2740 2502 3025 2557 universus
3056 2502 3287 2556 mundus
3330 2516 3450 2557 eum

237 2608 308 2657 γει
336 2593 425 2644 τὸν
456 2594 513 2644 ὲν
538 2592 617 2661 τῷ
653 2590 864 2660 σώματι
911 2586 1304 2657 γνωριζόμενον
1352 2586 1445 2637 καὶ
1492 2585 1784 2655 πασχόντα,

1894 2593 2054 2663 illum,
2087 2598 2174 2667 qui
2208 2596 2261 2651 iu
2292 2608 2515 2663 corpore
2542 2593 2882 2662 comparebat
2909 2602 2965 2647 et
2999 2592 3316 2661 patiebatur,
3348 2607 3452 2645 non

239 2686 319 2755 οὐχ
336 2684 521 2747 ἁπλῶς
557 2681 697 2736 εἶναι
734 2683 1035 2752 ἄνθρωπον,
1073 2679 1205 2733 ἀλλὰ
1236 2679 1370 2733 Θεοῦ
1396 2679 1519 2731 Υἰὺν
1564 2678 1655 2731 καὶ
1685 2695 1789 2730 σωο

1894 2702 2075 2757 purum
2101 2689 2391 2750 hominem,
2432 2686 2524 2740 sed
2558 2685 2647 2740 Dei
2683 2685 2872 2738 Filium
2900 2694 2955 2739 et
2981 2693 3310 2739 servatorem
3335 2699 3454 2738 om-

240 2779 360 2849 τῆρα
388 2778 624 2830 πάντων.
656 2777 784 2830 Ὅτε
822 2775 929 2845 γὰρ
959 2775 1109 2843 ἥλιος
1141 2772 1485 2843 ἀπεστράφη,
1518 2772 1609 2823 καὶ
1640 2772 1671 2840 ἡ
1713 2769 1785 2839 γῆ

1894 2781 2030 2835 nium
2057 2794 2177 2834 esse
2204 2780 2376 2848 palam
2404 2776 2743 2848 praedicabat.
2771 2776 2902 2831 Cum
2925 2775 3068 2830 enim
3098 2789 3156 2830 se
3179 2774 3258 2829 sol
3284 2773 3351 2828 ab
3376 2774 3457 2829 in-

240 2870 441 2934 ἐσείετο,
470 2871 567 2923 καὶ
593 2869 661 2920 τὰ
680 2867 784 2939 ὅρη
813 2867 1130 2938 ἐρρήγνυτο,
1158 2866 1353 2927 πάντες
1378 2862 1749 2931 κατέπτησσον
1767 2876 1779 2889 ·

238 2958 388 3013 ταῦτα
418 2959 475 3012 δὲ
507 2959 602 3011 τὸν
646 2957 747 3027 μὲν
780 2958 838 3008 ὲν
867 2954 944 3025 τῷ
982 2953 1194 3025 σταυρῷ
1230 2951 1459 3024 Χριστὸν
1498 2949 1627 3001 Θεὸν
1660 2947 1787 3001 ἐδεί-

242 3068 398 3114 κνυον,
421 3050 521 3121 τὴν
549 3049 605 3101 δὲ
640 3048 819 3101 κτίσιν
860 3048 1031 3100 πᾶσαν
1052 3046 1240 3099 τούτου
1270 3043 1461 3113 δούλην
1494 3038 1655 3103 εἶναι,
1689 3040 1783 3093 καὶ

1885 2871 2043 2940 digno
2078 2870 2165 2924 illo
2190 2869 2498 2939 spectaculo
2524 2876 2811 2931 averteret,
2842 2880 2962 2920 cum
3016 2874 3157 2920 terra
3208 2874 3457 2935 quatere.

1886 2969 1989 3025 tur,
2009 2968 2215 3014 montes
2242 2959 2723 3027 disrumperentur,
2741 2968 2794 3011 et
2813 2971 2996 3011 omnes
3027 2956 3455 3025 paverent:quid

1884 3051 1996 3104 haec
2016 3049 2157 3103 aliud
2177 3048 2484 3103 indicabant
2501 3064 2660 3118 quam
2686 3048 2975 3114 Christum,
2995 3048 3087 3117 qui
3104 3048 3246 3102 cruci
3266 3046 3454 3103 afﬁxus

242 3142 605 3213 μαρτυροῦσαν
644 3139 724 3209 τῷ
760 3138 908 3209 φόϐῳ
933 3137 1029 3209 τὴν
1053 3136 1145 3190 τοῦ
1163 3136 1431 3188 Δεσπότου
1460 3130 1778 3203 παρουσίαν.

1894 3150 2021 3204 erat,
2043 3155 2166 3194 vere
2186 3141 2349 3194 Deum
2374 3152 2513 3204 esse,
2540 3139 2953 3209 universamque
2976 3147 3220 3191 naturam
3241 3138 3315 3191 illi
3331 3153 3453 3193 esse

242 3230 375 3285 Οὕτω
430 3231 527 3302 μὲν
560 3227 655 3283 οῦν
688 3230 717 3281 ό
749 3228 879 3288 Θεὸς
914 3226 1083 3295 Λόγος
1119 3225 1207 3277 διὰ
1233 3222 1342 3276 τῶν
1388 3221 1562 3290 ἔργων
1600 3219 1789 3273 ἑαυτὸν

1894 3228 2180 3298 subjectum
2215 3237 2270 3283 et
2299 3244 2397 3283 suo
2433 3228 2624 3282 timore
2672 3226 2961 3287 Dominum,
2990 3236 3313 3296 praesentem
3369 3238 3451 3282 te-

242 3322 498 3391 ἑνεφάνιξε
528 3324 641 3383 τοῖς
665 3318 763 3372 ἀνθ
774 3316 993 3389 ρώποις.
1036 3313 1346 3369 Ἀκόλουθον
1367 3313 1411 3367 δ’
1431 3311 1495 3365 ἂν
1512 3310 1595 3380 εἴη
1621 3309 1793 3363 καὶτὸ

242 3414 373 3477 τέλος
422 3415 519 3484 τῆς
570 3414 629 3465 ὲν
670 3408 883 3481 σώματι
914 3408 1188 3477 διαγωγῆς
1239 3408 1332 3459 καὶ
1382 3403 1791 3474 περιπολήσεως

245 3506 384 3561 αὑτοῦ
404 3503 770 3577 διηγήσασθαι
787 3502 880 3556 καί⁵
896 3502 1087 3565 εἰπεῖν,
1122 3500 1215 3552 καὶ
1241 3498 1352 3568 (25)
1374 3499 1553 3558 ὁποῖος
1575 3495 1793 3563 γέγονεν

244 3598 271 3649 ό
303 3596 381 3651 τοῦ
416 3598 671 3668 σώματος
718 3594 943 3656 θάνατος
967 3609 979 3621 ·
1022 3590 1254 3661 μάλιστα
1292 3589 1371 3641 ὃτι
1407 3587 1467 3639 τὸ
1500 3584 1792 3654 κεφάλαιον

247 3689 325 3758 τῆς
342 3690 569 3748 πίστεως
598 3690 633 3757 ἡ
644 3685 762 3757 μῶν
788 3687 902 3737 ἐστι
926 3681 1105 3746 τοῦτο,
1140 3681 1233 3735 καὶ
1260 3679 1459 3743 πάντες
1488 3678 1672 3739 ἁπλῶς
1696 3676 1791 3729 άν-

245 3780 421 3855 θρωποι
451 3782 583 3855 περί
604 3778 800 3832 τούτου
836 3776 1147 3850 θρυλλοῦσιν
1166 3792 1179 3805 ο
1207 3774 1292 3826 ἵνα
1313 3771 1475 3843 γνῷς,
1502 3772 1582 3823 ὅτι
1609 3770 1702 3822 καὶ
1729 3771 1793 3821 ἐκ

244 3879 401 3929 τούτου
420 3877 625 3947 μᾶλλον
651 3870 806 3926 οὐδὲν
830 3866 989 3945 ἦττον
1020 3866 1345 3940 γινώσκεται
1367 3865 1495 3931 Θεὸς
1515 3864 1543 3918 ό
1560 3861 1793 3937 Χριστὸς

247 3970 319 4019 καὶ
340 3968 429 4021 τοῦ
462 3966 604 4021 Θεοῦ
644 3963 798 4027 Υίός.

299 4146 377 4200 20.
412 4144 521 4217 Τὴν
557 4145 662 4218 μὲν
691 4136 787 4196 οὗν
811 4139 990 4195 αἰτίαν
1012 4142 1110 4211 τῆς
1140 4137 1450 4212 σωματικῆς
1474 4136 1792 4207 ἐπιφανείας

248 4237 406 4301 αὑτοῦ,
431 4238 505 4301 ὡς
538 4232 654 4289 οἷόν
682 4252 743 4287 τε
778 4229 866 4304 ῆν,
903 4235 965 4311 εκ
1007 4232 1200 4303 μέρους
1241 4232 1332 4283 καὶ
1369 4230 1444 4293 ὡς
1472 4231 1627 4299 ἡμεῖς
1662 4228 1792 4297 ἠδυ-

251 4329 460 4399 νήθημεν
513 4329 733 4398 νοῆσαι,
778 4326 1129 4395 προείπομεν,
1178 4323 1260 4375 ὅτι
1305 4322 1403 4374 οὐκ
1432 4320 1592 4373 ἄλλου
1629 4315 1695 4390 ἦν
1731 4318 1793 4372 τὸ

251 4420 455 4491 φθαρτὸν
484 4424 563 4484 εἰς
598 4418 911 4489 ἀφθαρσίαν
949 4414 1288 4488 μεταϐαλεῖν,
1313 4416 1360 4465 εί
1392 4412 1467 4483 μὴ
1500 4412 1663 4466 αὑτοῦ
1696 4409 1789 4463 τοῦ

1891 3320 2058 3373 stari?
2111 3319 2201 3375 Sic
2250 3322 2429 3389 itaque
2471 3335 2536 3375 ex
2578 3318 2833 3388 operibus
2863 3333 2985 3374 sese
3039 3320 3177 3374 Deus
3209 3318 3450 3374 Verbum

1892 3408 2198 3463 hominibus
2262 3419 2445 3463 notum
2485 3407 2681 3463 elfecit.
2723 3408 2839 3463 Jam
2906 3422 3035 3463 vero
3099 3422 3446 3478 consequens

1890 3498 2103 3553 videtur
2129 3508 2185 3554 ut
2215 3499 2372 3554 linem
2414 3502 2530 3567 ejus
2568 3516 2758 3555 cursus
2787 3510 2839 3556 et
2871 3501 3013 3564 vitaz,
3043 3514 3203 3569 quam
3232 3503 3286 3556 in
3328 3515 3451 3556 cor-

1891 3602 2021 3657 pore
2059 3590 2187 3659 egit,
2218 3592 2498 3661 qualisque
2538 3592 2702 3647 fuerit
2745 3592 2860 3660 ejus
2907 3593 3150 3660 corporis
3190 3593 3447 3649 interitus

1893 3681 2191 3737 referamus
2228 3693 2281 3738 et
2328 3684 2655 3751 scribamus,
2693 3685 2991 3754 prasertim
3037 3699 3156 3739 cum
3218 3685 3269 3739 id
3329 3685 3455 3740 lidei

1892 3781 2092 3827 nostrae
2138 3773 2209 3827 sit
2257 3784 2440 3843 caput,
2475 3784 2529 3829 et
2563 3777 2615 3829 in
2644 3777 2882 3830 omnium
2911 3777 3186 3831 hominum
3223 3791 3319 3832 ore
3341 3778 3454 3833 circ

1891 3863 2248 3929 cumferatur,
2279 3882 2386 3935 quo
2433 3867 2691 3922 nimirum
2738 3868 3051 3937 perspicias,
3093 3883 3159 3923 ex
3210 3869 3297 3924 his
3322 3885 3458 3939 quo-

1894 3970 1997 4026 que
2033 3957 2387 4016 nihilominus
2434 3960 2649 4030 probari
2706 3960 3006 4033 Christum,
3049 3962 3218 4018 Deum
3267 3971 3322 4019 et
3361 3962 3455 4020 Dei

1892 4050 2085 4107 Filium
2117 4067 2261 4108 esse.

1960 4141 2053 4195 20.
2092 4142 2278 4210 Itaque
2312 4158 2557 4213 quaenam
2595 4142 2842 4214 corporei
2868 4141 2983 4212 ejus
3007 4145 3267 4200 adventus
3293 4159 3457 4200 causa

1899 4232 2078 4299 fuerit,
2106 4234 2285 4302 quoad
2324 4234 2441 4290 ﬁeri
2481 4236 2674 4303 potuit,
2706 4250 2771 4290 ex
2807 4247 2959 4305 parte
2988 4244 3043 4291 et
3089 4246 3347 4305 quantum
3372 4252 3456 4289 va-

1896 4322 2091 4376 luimus
2124 4336 2340 4392 capere,
2373 4338 2538 4392 supra
2586 4328 2956 4394 exposuimus.
2997 4324 3218 4380 Scilicet
3256 4324 3455 4379 nullius

1895 4408 2031 4465 alius
2054 4420 2175 4465 erat
2220 4411 2274 4465 id
2324 4413 2467 4480 quod
2502 4422 2817 4482 corruptum
2864 4412 3040 4467 fuerat
3080 4414 3453 4483 incorruptum

252 4509 472 4583 Σωτῆρος
498 4513 592 4566 τοῦ
619 4512 714 4564 καὶ
743 4509 839 4581 τὴν
867 4509 1042 4579 ἀρχὴν
1073 4507 1131 4572 ἐξ
1163 4506 1261 4559 οὐκ
1290 4504 1456 4558 ὄντων
1497 4502 1792 4573 πεποιηκό-

1898 4501 2141 4566 reddere,
2169 4516 2333 4570 quam
2363 4500 2529 4556 solius
2556 4501 2852 4557 Salvatoris
2885 4504 2975 4570 qui
3013 4503 3154 4557 idem
3197 4503 3266 4558 ab
3303 4503 3457 4575 initio

252 4618 325 4665 τος
349 4604 408 4657 τὰ
434 4605 559 4658 ὅλα·
603 4605 699 4656 καί⁵
732 4603 833 4655 οὐκ
884 4601 1040 4655 ἄλλου
1082 4596 1150 4670 ἦν
1182 4598 1243 4652 τὸ
1273 4598 1391 4649 κατ’
1418 4594 1599 4647 εἰκόνα
1634 4593 1791 4646 πάλιν

252 4690 509 4748 ἀνακτίσαι
538 4697 653 4755 τοῖς
674 4689 1000 4762 ἀνθρώποις,
1037 4691 1084 4741 εἰ
1112 4687 1186 4759 μὴ
1208 4688 1305 4755 τῆς
1335 4685 1541 4746 εἰκόνος
1566 4681 1661 4735 τοῦ
1692 4683 1796 4735 Πα-

251 4784 356 4852 τρός
380 4802 391 4814 ’
422 4788 512 4838 καὶ
534 4787 636 4838 οὐκ
669 4783 829 4837 ἄλλου
860 4778 926 4853 ῆν
975 4782 1034 4834 τὸ
1064 4780 1257 4851 θνητὸν
1302 4776 1565 4830 ἀθάνατον
1616 4790 1795 4844 παρα-

251 4879 419 4948 στῆσαι
447 4880 576 4949 (26),
607 4881 655 4931 εἰ
685 4878 761 4950 μὴ
789 4877 886 4948 τῆς
932 4873 1208 4944 αῦτοζωῆς
1235 4871 1402 4941 οῦσης
1451 4867 1544 4921 τοῦ
1582 4868 1788 4941 Κυρίου

251 4969 385 5038 ἡμῶν
423 4971 590 5043 Ἰησοῦ
619 4966 855 5041 Χριστοῦ
879 4983 894 4999 ·
923 4968 1016 5020 καὶ
1044 4966 1141 5018 οὐκ
1164 4963 1319 5017 ἄλλου
1343 4958 1410 5032 ἦν
1431 4960 1557 5032 περὶ
1580 4957 1793 5028 Πατρός

251 5058 451 5129 διδάξαι,
486 5064 577 5117 καὶ⁸
615 5062 715 5134 τὴν
748 5058 979 5112 εἰδώλων
1032 5056 1360 5127 καθαιρῆσαι
1395 5050 1707 5123 θρησκείαν,
1742 5050 1789 5103 εί

255 5152 319 5222 μὴ
342 5155 425 5207 τοῦ
452 5157 515 5210 τὰ
550 5156 726 5209 πάντα
752 5148 1167 5220 διακοσμοῦντος
1190 5148 1361 5214 Λόγου
1386 5143 1479 5197 καὶ
1515 5141 1671 5212 μόνου
1698 5136 1791 5190 τοῦ

253 5241 441 5315 Πατρός
459 5246 608 5309 ὄντος
637 5243 768 5297 Υἱοῦ
803 5240 1118 5313 μονογενοῦς
1147 5234 1417 5308 ἀληθινοῦ.
1484 5230 1695 5301 Ἐπειδὴ
1736 5229 1794 5281 δὲ

251 5334 334 5385 καὶ
363 5336 417 5387 τὸ
439 5336 784 5406 ὀφειλόμενον
811 5332 961 5405 παρὰ
993 5332 1208 5384 πάντων
1244 5328 1349 5381 ἔδει
1381 5324 1562 5378 λοιπὸν
1598 5318 1795 5375 ἀποδο-

250 5421 423 5495 θῆναι*
462 5429 718 5498 ὠφείλετο
760 5426 855 5479 καὶ
893 5425 1119 5484 πάντας,
1159 5420 1235 5482 ὡς
1278 5418 1557 5488 προεῖπον,
1587 5409 1793 5464 ἀποθα-

250 5519 369 5583 νεῖν,
395 5519 457 5575 δι’
499 5521 526 5573 ὃ
566 5519 798 5591 μάλιστα
844 5515 937 5569 καὶ
976 5512 1319 5583 ἐπεδήμησε·
1359 5506 1548 5562 τούτου
1602 5502 1787 5555 ἕνεκεν

312 5651 419 5717 (Ἦ)
447 5652 535 5709 Sic
560 5652 784 5720 Seguer.
810 5648 970 5720 Basili.
998 5646 1205 5720 Anglic,
1227 5643 1447 5720 __G_obler.
1469 5649 1525 5695 et
1545 5634 1781 5720 Felcltm.

247 5710 466 5791 isnon,
493 5735 547 5777 nt
565 5737 617 5777 et
635 5710 774 5791 legit
805 5710 1437 5791 Οηιιιίιξοιιῇεηλιὶἰ,ιιιεξΖ
1460 5725 1578 5791 cum.
1603 5710 1784 5791 editis,

246 5782 387 5857 anc.
412 5778 509 5860 quo
535 5778 878 5847 etiamvmodo
904 5789 1027 5856 legit
1061 5784 1377 5840 Ambrosius
1398 5778 1640 5837 Camald.

508 5886 771 5945 Pnaoc.
804 5883 922 5943 Gn.
953 5879 1125 5941 XXV
1142 5922 1163 5943 .

1896 4592 2078 4647 omnia
2118 4606 2183 4647 ex
2223 4593 2395 4648 nihilo
2419 4591 2621 4647 fecerat
2648 4608 2664 4659 ;
2696 4608 2794 4647 nec
2820 4593 2957 4649 alius
2988 4602 3105 4648 erat
3132 4592 3447 4647 similitudi-

1896 4700 2015 4739 nem
2057 4685 2310 4755 imaginis
2336 4684 2402 4739 ad
2444 4699 2605 4753 quam
2653 4686 2898 4741 homines
2942 4686 3071 4741 lacti
3114 4695 3261 4753 sunt,
3295 4687 3457 4740 resti-

1898 4784 2071 4840 tuere,
2121 4776 2225 4830 nisi
2282 4777 2536 4847 imaginis
2588 4774 2811 4841 Patris;
2845 4776 2982 4833 alius
3019 4777 3144 4832 item
3183 4791 3289 4831 non
3338 4785 3457 4831 erat

1896 4868 2125 4922 mortale
2159 4869 2569 4924 immortalitate
2614 4868 2835 4936 donare,
2870 4869 2971 4923 nisi
3020 4868 3236 4923 Domini
3288 4869 3456 4925 nostri

1895 4954 2021 5011 Jesu
2050 4958 2255 5012 Christi
2280 4959 2369 5026 qui
2396 4958 2606 5014 scilicet
2638 4959 2751 5028 ipsa
2783 4968 2867 5013 est
2891 4959 3033 5025 vita;
3061 4957 3291 5029 denique
3320 4959 3456 5014 alius
3500 4972 3505 4979 '

1896 5062 2001 5101 non
2048 5056 2167 5102 erat
2220 5046 2397 5103 Patris
2449 5049 2753 5116 cognitione
2785 5049 3029 5103 homines
3070 5048 3362 5104 informare
3401 5058 3456 5102 et

1897 5140 2161 5195 idolorum
2195 5141 2397 5195 cultum
2428 5150 2695 5207 evertere,
2730 5152 3087 5211 prmterquam
3119 5140 3277 5194 Verbi
3315 5140 3456 5208 quod

1896 5242 1951 5286 et
1982 5233 2162 5286 omnia
2195 5232 2560 5297 administrat,
2591 5240 2647 5287 et
2676 5234 2821 5289 solus
2838 5245 2997 5286 verus
3038 5230 3348 5298 unigenitus
3374 5236 3457 5281 est

1898 5323 2075 5378 Patris
2097 5321 2284 5378 Filius.
2311 5323 2444 5391 Quia
2479 5338 2609 5379 vero
2642 5323 2786 5392 quod
2830 5322 2897 5375 ab
2935 5319 3186 5375 omnibus
3218 5315 3455 5371 debeba-

1902 5424 1989 5467 tur
2018 5414 2149 5469 solvi
2182 5414 2464 5484 oportebat
2499 5432 2515 5469 :
2542 5429 2662 5468 nam
2694 5428 2905 5476 omnes,
2932 5420 2988 5463 ut
3013 5411 3126 5480 jam
3158 5408 3289 5475 dixi,
3318 5405 3455 5463 mori

1900 5502 2188 5569 debebant,
2216 5516 2334 5572 qua:
2360 5504 2627 5574 praecipua
2658 5503 2775 5571 ejus
2818 5500 3083 5553 adventus
3107 5510 3269 5550 causa
3307 5495 3408 5551 fuit
3439 5514 3453 5553 :

1964 5636 2078 5707 (25)
2103 5635 2322 5707 Gobler.
2357 5648 2411 5693 et
2439 5635 2680 5691 Felckm.
2720 5634 2775 5698 1,
2803 5631 3087 5707 οῃοηηκαί
3121 5632 3393 5707 o_mittunt.

1961 5701 2192 5780 (‘26),Sic
2220 5706 2441 5779 Seguer.
2476 5706 2579 5761 Alii
2602 5719 2723 5759 cum
2760 5702 2943 5765 editis,
2971 5701 3291 5774 ἀναστῆσαι.

3169 5859 3208 5924 ὅ
