4006 6504
549 405 645 465 131

1139 400 1196 455 S.
1237 399 1606 456 ATHANASII
1642 399 1789 454 OPP.
1832 397 2014 453 PARS
2054 399 2087 453 Ι.

2193 431 2200 438 -
2240 396 2607 454 ΙΙΙΒΤΟΠΙΟΛ
2649 396 2734 452 ΕΤ
2779 398 3200 456 DOGMATICA.

3683 399 3785 457 133

551 528 750 582 idcirco
790 524 900 590 ille,
947 530 1227 592 postquam
1269 535 1422 576 suam
1465 519 1799 574 divinitatem
1842 521 2087 589 operibus

2204 518 2340 587 μετά
2365 516 2460 580 τάς
2494 517 2619 586 περὶ
2656 516 2766 587 (⁸27)
2796 518 2891 587 τῆς
2952 518 3202 588 θεότητος
3237 519 3347 588 (9.3)
3374 521 3536 574 αὑτοῦ
3580 525 3644 575 ἐκ
3674 527 3783 582 τῶν

546 605 935 684 comprobavit,
969 612 1293 668 sacriﬁcium
1340 627 1438 682 pro
1483 611 1734 665 omnibus
1786 620 1912 667 tunc
1946 614 2104 668 obtu-

547 709 630 772 lit,
667 724 786 762 cum
819 723 916 776 pro
946 707 1195 761 omnibus
1232 721 1387 760 suum
1422 703 1676 772 templum
1725 705 1883 757 morti
1933 707 2100 761 tradi-

548 802 643 867 dit,
679 809 738 853 ut
759 813 949 854 omnes
979 813 1009 852 a
1040 799 1205 852 veteri
1243 794 1670 864 transgressione
1693 794 1888 850 liberos
1919 812 1981 851 ac
2011 797 2104 850 im-

546 906 734 944 munes
765 889 1034 953 redderet,
1064 903 1226 957 seque
1255 897 1425 942 morte
1453 887 1730 941 fortiorem
1770 888 2098 956 ostenderet,

542 981 811 1051 primitias
858 979 1278 1035 resurrectionis
1319 979 1557 1033 omnium
1599 994 1754 1033 suum
1793 994 1987 1048 corpus
2021 981 2102 1034 in-

541 1080 852 1140 corruptum
906 1068 1190 1124 exhibens.
1246 1068 1354 1124 Nec
1414 1083 1542 1124 vero
1591 1068 1808 1124 mireris
1861 1071 1905 1124 si
1961 1084 2101 1138 saepe

539 1165 728 1216 eadem
762 1173 1084 1232 repetamus.
1131 1159 1237 1230 52
1287 1158 1420 1214 Nam
1462 1176 1584 1215 cum
1621 1162 1686 1214 de
1727 1160 1952 1230 benigna
2008 1162 2098 1217 Dei

537 1267 664 1323 erga
705 1267 800 1306 nos
841 1250 1111 1306 voluntate
1164 1250 1453 1319 loquimur,
1490 1251 1689 1304 idcirco
1733 1251 1868 1306 idem
1919 1251 2098 1306 verbis

538 1344 720 1400 multis
743 1345 1178 1413 interpretamur,
1209 1358 1273 1397 ne
1295 1341 1495 1412 aliquid
1520 1341 1798 1396 videamur
1822 1343 2094 1410 omisisse,

537 1439 798 1508 nobisque
844 1438 1001 1492 detur
1029 1435 1238 1490 crimini
1275 1437 1425 1504 quasi
1462 1434 1635 1488 minus
1667 1449 1827 1504 quam
1858 1450 1955 1504 par
1981 1445 2098 1490 erat

535 1532 600 1585 de
638 1545 694 1586 re
737 1540 884 1584 tanta
934 1529 1246 1584 dixerimus.
1305 1528 1530 1582 Praestat
1580 1527 1845 1597 siquidem
1903 1528 2094 1582 eadem

534 1624 730 1693 sacpius
758 1639 877 1677 cum
908 1620 1319 1690 vituperationis
1358 1619 1593 1691 periculo
1638 1629 1903 1688 repetere,
1933 1637 2094 1690 quam

534 1711 735 1782 aliquid
759 1726 947 1767 eorum
985 1726 1106 1780 qua:
1140 1708 1333 1764 litteris
1379 1709 1622 1763 mandari
1655 1709 1854 1764 debent
1884 1719 2098 1779 [πίωσι-

535 1807 770 1863 mittere.
808 1805 993 1873 Itaque
1035 1817 1252 1872 corpus,
1281 1802 1419 1871 quod
1459 1811 1512 1856 et
1547 1803 1719 1872 ipsum
1755 1817 2092 1857 communem

2203 610 2377 680 ἔργων
2406 607 2724 672 ἀποδείξεις,
2758 609 2859 680 ἤδη
2887 609 3070 662 λοιπὸν
3108 611 3217 681 (29)
3250 613 3342 664 καὶ
3382 613 3521 685 ὑπὲρ
3564 616 3783 685 πάντων

2201 700 2298 770 τὴν
2331 699 2520 753 Θυσίαν
2555 701 2836 770 ἀνέφερεν,
2889 701 3009 754 ἀντὶ
3048 702 3268 755 πάντων
3300 703 3388 756 τὸν
3420 705 3622 761 ἑαυτοῦ
3653 689 3794 763 Vaut;

2201 794 2280 855 είς
2305 793 2532 846 θάνατον
2565 793 2906 864 παραδιδοὺς,
2943 794 3028 848 ἵνα
3059 795 3184 859 τοὺς
3222 797 3319 866 μὲν
3357 798 3565 863 πάντας
3606 777 3786 854 ἀνυπέ

2201 882 2456 947 ευθύνους
2500 884 2595 936 καὶ
2648 884 2964 956 ἐλευθέρους
3016 886 3116 956 τῆς
3150 887 3384 958 ἀρχαίας
3415 892 3780 963 παραϐάσεως

2200 977 2400 1046 ποιήσῃ
2419 993 2430 1005 ·
2461 975 2610 1048 δείξῃ
2633 975 2688 1028 δέ
2716 977 2905 1030 ἐαυτὸν
2934 979 3027 1032 καὶ
3054 978 3284 1032 θανάτου
3329 982 3638 1053 κρείττονα,
3667 985 3779 1054 ,ἀπ-

2199 1066 2370 1138 αρχὴν
2392 1067 2490 1138 τῆς
2544 1068 2650 1120 τῶν
2700 1069 2836 1121 ὅλων
2892 1070 3240 1136 ἀναστάσεως
3293 1073 3420 1145 1L
3424 1074 3602 1150 [EQL
3607 1076 3777 1149 σῶμα

2193 1156 2470 1236 άφθαρτον
2499 1159 2957 1230 ἐπιδεικνύμενος.
2991 1163 3102 1216 Καὶ
3129 1166 3202 1235 μή
3234 1182 3314 1217 τοι
3353 1165 3462 1235 (50)
3490 1166 3777 1242 θαυμάσῃς

2198 1251 2246 1302 εἰ
2309 1250 2564 1314 πολλάκις
2617 1251 2685 1304 τά
2743 1252 2882 1306 αύτά
2944 1257 3073 1326 περὶ
3131 1255 3241 1308 τῶν
3294 1256 3474 1311 αὐτῶν
3523 1257 3775 1330 λέγομεν.

2211 1342 2423 1414 Ἐπειδὴ
2449 1343 2557 1415 γάρ
2587 1346 2714 1416 περὶ
2755 1345 3140 1424 τῆςιεύδοκίας
3186 1347 3278 1400 τοῦ
3308 1349 3442 1402 Θεοῦ
3482 1349 3777 1421 λαλοῦμεν,

2195 1432 2280 1487 διὰ
2304 1433 2459 1486 τοῦτο
2494 1435 2583 1487 τὸν
2616 1435 2776 1488 αὑτὸν
2795 1435 2920 1489 νοῦν
2947 1434 3035 1490 δίἀ
3077 1438 3338 1492 πλειόνων
3376 1440 3775 1513 ἐρμηνεύομεν,

2199 1527 2271 1598 μὴ
2297 1527 2405 1599 ἄρα
2428 1546 2480 1580 τι
2517 1528 2954 1600 παραλιμπάνειν
2978 1529 3238 1602 δόξωμεν,
3275 1533 3369 1585 καὶ
3401 1533 3657 1606 ἔγκλημα
3687 1536 3778 1603 γέ-

2195 1635 2351 1688 νηται
2379 1619 2454 1682 ὡς
2495 1619 2688 1683 ἐνδεῶς
2726 1621 2991 1691 εἰρηκόσι.
3017 1621 3126 1674 Καὶ
3153 1622 3261 1692 γάρ
3289 1623 3495 1694 βέλτιον
3526 1625 3777 1679 ταύτολο-

2194 1710 2315 1778 γίας
2349 1711 2554 1782 μέμψιν
2583 1713 2905 1782 ὑποστῆσαι,
2939 1713 2970 1784 ἢ
3004 1713 3333 1785 παραλεῖψαί
3380 1734 3432 1769 τι
3479 1716 3590 1770 τῶν
3618 1719 3773 1789 ὀφει-

2193 1801 2390 1856 λόντων
2419 1805 2716 1875 γραφῆναι.
2749 1805 2822 1858 Τὸ
2845 1807 2940 1877 μὲν
2963 1801 3057 1860 οὖν
3081 1806 3257 1877 silium,
3285 1807 3360 1872 ὡς
3389 1809 3483 1862 καὶ
3503 1809 3646 1886 αὐτὸ,
3662 1828 3775 1885 κοι-

532 1912 654 1952 cum
712 1895 963 1950 omnibus
1015 1905 1260 1948 naturam
1314 1893 1544 1947 habebat
1602 1894 1748 1962 (nam
1799 1893 2087 1947 humanum

2193 1893 2286 1970 νην
2319 1893 2439 1964 ἕχον
2462 1898 2573 1958 τοῖς
2599 1897 2731 1948 πᾶσι
2756 1897 2853 1969 τὴν
2877 1885 3096 1978 οὐσίαν)¹
3119 1899 3301 1968 (σῶμα
3322 1899 3429 1971 γάρ
3455 1895 3524 1971 ἦν
3565 1883 3775 1975 ἀνθρώ·-

533 2003 728 2059 corpus
757 1990 921 2058 erat),
961 1988 1174 2040 tametsi
1209 2001 1346 2040 novo
1377 1985 1636 2040 miraculo
1653 2000 1716 2039 ex
1739 1984 1850 2040 sola
1890 1986 2093 2055 virgine

531 2091 872 2150 procreatum
913 2089 1014 2145 est,
1056 2087 1234 2134 tamen
1257 2117 1272 2143 ,
1309 2079 1430 2148 quia
1461 2077 1686 2132 mortale
1719 2087 1856 2142 erat,
1887 2078 1963 2132 uti
1987 2077 2088 2131 alia

531 2190 757 2247 corpora
791 2184 1057 2230 mortuum
1087 2183 1194 2229 est.
1223 2174 1357 2240 Quia
1382 2189 1509 2228 vero
1538 2171 1771 2227 Verbum
1799 2172 1926 2226 illud
1951 2173 2090 2227 idem

531 2267 634 2320 sibi
664 2273 1051 2336 assumpserat,
1081 2279 1188 2318 non
1217 2263 1511 2318 secundum
1537 2262 1814 2331 propriam
1841 2270 2090 2314 naturam

530 2369 842 2429 corruptum
868 2367 972 2421 est,
1000 2359 1092 2412 sed
1119 2357 1188 2413 ob
1221 2356 1452 2413 Verbum
1492 2359 1542 2411 in
1578 2372 1636 2412 se
1673 2356 1943 2420 habitans,
1969 2373 2091 2412 cor-

532 2451 796 2521 ruptionis
843 2451 1081 2504 immune
1115 2461 1196 2506 est
1230 2450 1451 2504 factum.
1487 2450 1750 2517 Quocirca
1792 2449 1898 2504 duo
1932 2451 1983 2504 in
2033 2466 2091 2504 re

530 2544 718 2595 eadem
753 2543 1013 2596 miracula
1052 2544 1436 2612 contigerunt:
1478 2554 1535 2595 ut
1567 2543 1770 2597 scilicet
1805 2557 1946 2597 mors
1975 2557 2093 2596 om-

531 2633 678 2686 nium
713 2633 765 2685 in
801 2633 1074 2687 Dominico
1103 2647 1329 2701 corpore
1376 2633 1716 2702 impleretur,
1753 2643 1807 2688 et
1839 2643 1898 2688 ut
1931 2651 2078 2692 mors

530 2741 594 2780 ac
625 2725 899 2792 corruptio
928 2735 1146 2795 propter
1175 2723 1334 2780 Verbi
1367 2725 1806 2796 coniunctionem
1842 2727 2090 2782 destrue-

530 2827 733 2870 rentur.
786 2815 1029 2886 Namque
1075 2825 1248 2870 morte
1285 2829 1416 2884 opus
1443 2825 1584 2880 erat,
1611 2827 1667 2870 et
1698 2830 1796 2886 pro
1839 2817 2089 2874 omnibus

530 2927 674 2966 mors
720 2921 836 2966 erat
880 2911 1150 2976 obeunda,
1179 2921 1238 2966 ut
1264 2911 1406 2982 quod
1450 2928 1640 2968 omnes
1676 2913 1944 2968 debebant
1977 2915 2089 2976 sdi-

528 3012 764 3055 veretur.
804 3001 1161 3070 Quapropter,
1195 3010 1253 3055 ut
1297 3003 1432 3066 dixi,
1480 3019 1602 3057 cum
1662 3003 1893 3059 Verbum
1953 3007 2088 3060 mori

527 3110 630 3148 non
660 3104 840 3163 posset
871 3097 1015 3163 (nam
1044 3094 1346 3149 immortale
1385 3096 1546 3163 erat),
1573 3110 1766 3164 corpus
1797 3096 1937 3166 quod
1967 3112 2091 3165 pos-

525 3196 608 3240 set
649 3187 783 3241 mori
811 3186 914 3240 sibi
965 3187 1190 3255 accepit,
1219 3202 1329 3256 quo
1381 3187 1510 3242 illud
1557 3197 1617 3243 ut
1673 3191 1947 3260 proprium
1993 3203 2088 3260 pro

2193 1991 2398 2058 πίνον),
2426 1988 2474 2040 εἰ
2507 1987 2600 2042 καὶ
2625 1988 2920 2059 καινοτέρῳ
2950 1979 3189 2059 θαύματι
3215 1991 3441 2062 συνέστη
3473 1993 3536 2044 ἐκ
3573 1992 3776 2064 παρθέ-

2177 2095 2280 2142 ,νου
2318 2077 2516 2148 μόνης⁹
2553 2077 2700 2147 ὅμως
2739 2076 2933 2145 θνητὸν
2974 2079 3054 2145 ὃν,
3104 2079 3245 2132 κατά
3285 2081 3612 2135 ἀκολουθίαν
3665 2082 3774 2136 τῶν

2189 2169 2389 2238 ὁμοίων
2416 2169 2510 2221 καὶ
2538 2169 2649 2239 (51)
2688 2161 2995 2240 ἀπέθνησκε
3019 2189 3031 2201 ·
3062 2175 3127 2242 τῇ
3161 2171 3218 2224 δὲ
3243 2172 3336 2225 τοῦ
3363 2173 3544 2242 Λόγου
3570 2175 3651 2238 είς
3677 2176 3773 2228 αύ-

2189 2259 2249 2311 τὸ
2279 2259 2552 2324 ἐπιϐάσει,
2574 2256 2755 2313 ούκέτι
2782 2261 2920 2314 κατά
2949 2263 3048 2334 τὴν
3083 2263 3218 2316 ἰδίαν
3251 2263 3427 2333 φύσιν.
3448 2264 3736 2337 ἐφθείρετο
3754 2282 3769 2295 °

2190 2350 2322 2404 ἀλλά
2356 2350 2441 2403 διὰ
2469 2351 2558 2404 τὸν
2584 2352 2946 2423 ἐνοικήσαντα-
2965 2352 3058 2406 τοῦ
3089 2354 3222 2407 Θεοῦ
3255 2355 3427 2422 Λόγον
3457 2357 3771 2426 emes}!!-

2188 2462 2310 2510 νετο
2338 2435 2560 2515 φθορᾶςζ
2594 2435 2704 2498 Καὶ
2728 2431 3035 2500 συνέϐαινεν
3069 2447 3349 2520 ἀμφότερα
3386 2450 3442 2500 ἐν
3463 2449 3649 2519 ταύτῷ
3677 2465 3771 2518 γε·

2188 2531 2370 2586 νέσθαι
2399 2534 2740 2605 παραδόξως·
2770 2535 2849 2588 ὅτι
2871 2553 2928 2588 τε
2949 2539 2975 2588 ὁ
2999 2538 3212 2591 πάντων
3242 2537 3467 2602 θάνατος
3490 2539 3547 2592 ἐν
3576 2540 3654 2610 τῷ
3677 2558 3772 2594 κυ-

2191 2624 2366 2696 ριακῷ
2401 2624 2613 2696 σώματι
2641 2626 2960 2697 ἐπληροῦτο,
2999 2629 3093 2681 καὶ
3129 2632 3157 2684 ό
3195 2630 3422 2694 θάνατος
3455 2633 3550 2686 καὶ
3581 2635 3615 2704 ἡ
3643 2627 3814 2702 φθοὲ-ἰ

2189 2717 2259 2789 ρά
2284 2717 2371 2772 διά
2396 2718 2486 2771 τὸν
2519 2718 2742 2772 συνόντα
2772 2719 2942 2788 Λόγον
2968 2720 3338 2791 ἐξηφανίζετο.
3379 2723 3624 2778 Θανάτου
3663 2725 3773 2798 γὰρ

2186 2805 2254 2880 ἦν
2279 2810 2457 2881 χρεία,
2486 2810 2580 2864 καὶ
2603 2811 2830 2865 θάνατον
2857 2813 2994 2884 ὑπὲρ
3020 2815 3234 2870 πάντων
3258 2816 3363 2869 ἔδει
3386 2818 3662 2884 γενέσθαι,
3684 2819 3776 2874 ἕνα

2185 2902 2249 2955 τὸ
2280 2903 2428 2974 παρὰ
2460 2903 2674 2957 πάντων
2705 2905 3050 2976 ὀφειλόμενον
3083 2907 3322 2977 γένηται.
3358 2908 3522 2961 Ὅθεν
3544 2910 3773 2980 (52),ὡς

2187 2998 2466 3066 προεῖπον,
2501 2999 2528 3050 ό
2547 2998 2738 3066 Λόγος,
2773 2999 2894 3051 ἐπεὶ
2921 2999 3018 3069 οὐχ
3046 2994 3155 3052 οἶόν
3186 3019 3244 3053 τε
3275 2996 3342 3072 ἦν
3373 3003 3536 3055 αὐτὸν
3565 3003 3774 3057 ἀποθα-

2187 3092 2295 3142 νεῖν
2329 3089 2612 3162 (ἀθάνατος
2648 3094 2755 3164 γάρ
2788 3090 2854 3165 ἦν
2872 3095 2914 3165 ),
2965 3095 3154 3149 ἐλαϐεν
3184 3097 3361 3168 ἐαυτῷ
3397 3097 3558 3169 σῶμα
3589 3100 3650 3152 τὸ
3685 3099 3775 3153 δυ-

2188 3180 2417 3250 νάμενον
2464 3181 2775 3247 ἀποθανεῖν,
2820 3183 2926 3247 ἵνα,
2957 3184 3032 3247 ὡς
3065 3185 3190 3239 ἴδιον
3233 3187 3354 3240 ἀντὶ
3387 3187 3607 3241 πάντων
3639 3189 3776 3242 αὐτὸ

525 3278 773 3334 omnibus
826 3277 1079 3344 olferret;
1110 3288 1160 3334 et
1215 3289 1270 3333 ut
1320 3281 1460 3334 idem
1511 3280 1648 3350 ipse,
1691 3295 1786 3349 pro
1836 3282 2086 3336 omnibus

2193 3275 2544 3346 προσενέγκῃ,
2583 3277 2674 3328 καὶ
2717 3276 2791 3340 ὡς
2816 3278 2976 3341 αὐτὸς
3008 3279 3146 3351 ὑπὲρ
3175 3281 3391 3333 πάντων
3421 3282 3649 3352 πάσχων
3684 3282 3773 3335 διὰ

527 3371 801 3439 patiendo,
834 3370 902 3424 ob
937 3384 1095 3426 suum
1145 3371 1196 3424 in
1245 3386 1442 3440 corpus
1485 3372 1812 3440 ingressum,
1837 3373 1956 3443 ejus
1993 3374 2084 3444 qui

527 3465 808 3533 imperium
837 3467 1025 3518 mortis
1056 3464 1313 3528 habebat,
1347 3480 1538 3534 nempe
1579 3465 1777 3520 diaboli
1800 3466 1868 3529 “,
1898 3467 2083 3520 irritus

527 3564 752 3608 conatus
785 3554 1052 3620 redderet,
1083 3569 1286 3624 eosque
1315 3553 1570 3609 liberaret
1609 3555 1698 3624 qui
1746 3557 1936 3610 mortis
1977 3556 2086 3610 for-

529 3645 729 3701 midine
763 3661 858 3714 per
894 3656 1054 3701 totam
1083 3647 1247 3700 vitam
1275 3644 1492 3700 obnoxii
1523 3657 1678 3701 erant
1710 3647 1976 3700 servituti.

595 3737 686 3791 2|.
722 3738 899 3801 Certe,
936 3747 1216 3806 postquam
1245 3739 1543 3791 communis
1571 3738 1806 3792 omnium
1833 3740 2088 3794 Servator

527 3845 624 3900 pro
653 3829 805 3882 nobis
835 3838 1078 3882 mortuus
1109 3839 1212 3891 σει,
1245 3842 1363 3891 nos,
1395 3829 1486 3897 qui
1537 3829 1590 3882 in
1639 3829 1857 3884 Christo
1891 3830 2078 3885 ﬁdeles

525 3934 711 3975 smnus
763 3933 866 3972 non
901 3917 1014 3986 jam
1075 3929 1133 3973 ut
1176 3919 1307 3972 olint
1353 3933 1422 3973 ex
1478 3917 1610 3990 legis
1663 3921 2086 3975 comminatione

526 4023 751 4066 mortem
791 4011 1032 4065 subimus
1073 4009 1386 4080 (siquidem
1434 4011 1594 4066 tinem
1643 4013 1855 4082 accepit
1895 4013 2084 4080 hujus-

526 4103 668 4159 ιιιοαὶ
710 4102 1002 4171 damnatio)
1029 4121 1040 4156 :
1071 4103 1164 4158 sed
1193 4102 1540 4173 corruptione
1570 4104 1850 4158 desinente
1880 4113 1935 4156 et
1965 4119 2086 4157 eva-

524 4202 777 4249 nescente
830 4193 1361 4252 in,rcsurrectionis
1407 4195 1602 4264 gratia,
1628 4194 1742 4264 jam
1792 4210 1935 4249 nunc
1985 4210 2082 4264 pro

524 4288 767 4342 mortalis
805 4289 1050 4356 corporis
1075 4286 1388 4342 conditione
1436 4287 1806 4341 tantummodo
1839 4297 2083 4356 tempore

520 4379 611 4433 illo
647 4378 1014 4446 dissolvimur,
1052 4378 1196 4446 quod
1219 4379 1512 4448 unicuique
1542 4377 1684 4432 Deus
1721 4377 1988 4443 deﬁnivit,
2019 4387 2078 4431 ut

519 4471 945 4540 prazstantiorem
988 4470 1440 4525 resurrectionem
1478 4469 1736 4538 consequi
1786 4469 2078 4538 possimus.

521 4561 798 4630 Siquidem
834 4562 1004 4620 instar
1031 4566 1318 4626 seminum,
1350 4575 1467 4628 qua:
1511 4569 1671 4614 terrae
1724 4559 2076 4623 mandantur,

2186 3365 2284 3437 τὴν
2311 3366 2444 3436 πρὸς
2467 3368 2598 3420 αὐτὸ
2625 3368 2734 3440 (55)
2763 3371 3038 3437 ἐπίϐασιν,
3068 3374 3390 3444 καταργήσῃ
3427 3371 3519 3425 τὸν
3549 3372 3612 3426 τὸ
3632 3373 3772 3443 κρά⁴

2186 3475 2278 3521 τος
2327 3458 2515 3528 ἔχοντα
2548 3459 2642 3511 τοῦ
2669 3461 2919 3526 θανάτου,
2960 3464 3206 3515 τουτέστι
3251 3447 3338 3516 τόν
3367 3462 3636 3528 διάϐολον,
3675 3466 3774 3518 καὶ

2187 3550 2470 3623 ἀπαλλάξῃ
2489 3551 2729 3616 τούτους,
2761 3553 2875 3606 ὅσοι
2910 3555 3059 3624 φόϐῳ
3087 3553 3315 3608 θανάτου
3344 3554 3431 3608 διὰ
3456 3556 3656 3619 παντὸς
3675 3556 3770 3609 τοῦ

2188 3642 2286 3713 ζῇν
2315 3644 2424 3714 (δι)
2448 3643 2618 3715 ἔνοχοι
2647 3641 2785 3716 ἦσαν
2816 3646 3079 3710 δουλείας.

2255 3736 2344 3790 21.
2385 3736 2596 3806 Ἀμέλει
2617 3737 2709 3790 τοῦ
2735 3738 2913 3791 κοινοῦ
2942 3739 3156 3792 πάντων
3185 3738 3434 3808 Σωτῆρος
3467 3737 3773 3792 ἀποθανόν-

2185 3843 2275 3890 τος
2300 3828 2437 3898 ὑπὲρ
2460 3827 2632 3897 ἡμῶν,
2659 3828 2839 3880 οὐκέτι
2856 3827 2948 3881 νῦν
2972 3827 3158 3898 ὥσπερ
3181 3827 3348 3880 πάλαι
3371 3828 3513 3880 κατά
3543 3828 3644 3899 τὴν
3672 3827 3769 3881 τοῦ

2185 3917 2350 3989 νόμου
2389 3919 2617 3990 ἀπειλὴν
2663 3917 2876 3988 θανάτῳ
2905 3917 3320 3988 ἀποθνήσκομεν
3361 3919 3410 3971 οἱ
3444 3920 3502 3971 ἐν
3542 3918 3771 3990 Χριστῷ

2186 4011 2365 4064 πιστοί
2404 4011 2699 4080 (πέπαυται
2743 4011 2852 4081 γὰρ
2892 4011 2925 4082 ἡ
2966 4009 3188 4080 τοιαύτη
3236 4010 3542 4082 καταδίκη)
3569 4029 3582 4041 ·
3631 4011 3771 4068 ἀλλὰ

2184 4102 2282 4172 τῆς
2327 4101 2531 4173 φθορᾶς
2568 4102 2882 4172 παυομένης
2913 4102 3007 4154 καὶ
3032 4100 3430 4173 ἀφανιζομένης
3476 4105 3536 4156 ἐν
3570 4107 3637 4176 τῇ
3671 4106 3774 4175 τῆς

2183 4191 2529 4254 ἀναστάσεως
2579 4193 2783 4262 χάριτι,
2841 4193 3024 4246 λοιπὸν
3075 4194 3215 4246 κατά
3275 4194 3336 4246 τὸ
3371 4193 3465 4247 τοῦ
3510 4187 3808 4267 σώματος’

2184 4282 2372 4353 θνητὸν
2395 4282 2718 4354 διαλυόμεθα
2745 4283 2900 4353 μόνον
2924 4284 2999 4354 τῷ
3031 4286 3226 4357 χρόνῳ,
3259 4286 3316 4338 ὃν
3339 4287 3558 4356 ἑκάστῳ
3579 4291 3608 4340 ό
3633 4288 3767 4351 Θεὸς

2183 4373 2396 4444 ὥρισεν,
2421 4373 2507 4427 ἵνα
2533 4373 2832 4445 κρείττονος
2855 4376 3196 4440 ἀναστάσεως
3216 4379 3398 4446 τυχεῖν
3420 4377 3766 4449 δυνηθῶμεν.

2181 4461 2348 4534 Δίκην
2373 4463 2480 4533 γάρ
2511 4465 2618 4516 τῶν
2641 4465 2698 4516 ἐν
2726 4467 2791 4535 τῇ
2820 4467 2888 4534 γῇ
2917 4466 3400 4536 καταϐαλλομένων
3426 4470 3766 4538 σπερμάτων

2181 4555 2279 4608 οὐκ
2317 4555 2662 4626 ἀπολλύμεθα
2721 4557 3078 4627 διαλυόμενοι,
3137 4556 3252 4610 ἀλλ’
3303 4557 3378 4621 ὡς
3413 4561 3768 4631 σπειρόμενοι

519 4668 854 4722 nequaquam
907 4653 1146 4722 perimus
1189 4667 1312 4708 cum
1364 4651 1734 4712 dissolvimur,
1790 4649 1884 4703 sed
1938 4647 2080 4702 velut

2193 4647 2614 4716 ὶναστησόμεθα,
2648 4649 3080 4719 καταργηθέντος
3107 4648 3198 4702 τοῦ
3229 4647 3462 4702 θανάτου
3498 4651 3642 4704 κατά
3666 4651 3767 4724 τὴν

517 4744 643 4811 sati,
679 4753 852 4799 morte
877 4758 972 4813 per
1013 4744 1240 4814 gratiam
1268 4742 1468 4797 Christi
1501 4743 1794 4807 destructa,
1830 4754 2078 4810 resurge-

521 4852 658 4890 mus.
707 4836 840 4890 Hinc
866 4850 992 4904 ergo
1020 4837 1206 4890 beatus
1233 4850 1450 4904 quoque
1500 4833 1698 4888 Paulus
1739 4847 1966 4900 sponsor
1997 4846 2076 4884 re-

521 4929 872 4992 surrectionis
900 4929 1150 4982 oumibus
1179 4928 1350 4984 factus
1400 4929 1514 4982 ait:
1549 4925 1763 4994 Oportet
1805 4924 2064 4989 corrupti-

591 5043 636 5071 “
666 5041 798 5094 Heb.
835 5056 896 5106 ιι,
935 5040 1024 5094 14.

589 5129 698 5200 (27)
723 5128 940 5200 Gobler.
976 5138 1030 5182 et
1063 5127 1297 5200 Felckm.
1326 5127 1564 5200 lianon.,
1595 5125 1740 5200 περί.
1765 5123 1933 5200 Paulo
1953 5130 2072 5189 post

519 5195 738 5273 ευμεν,
763 5199 1174 5273 πάντας-Ιιιιιιει,
1195 5209 1250 5251 ιιι
1273 5198 1540 5273 etlegisse
1557 5195 1803 5250 videntur
1823 5195 2068 5273 A_r_n.br_os.

516 5263 816 5328 Cainaldul.
851 5279 904 5324 et
944 5266 1181 5321 Nannius
1207 5267 1340 5332 ;-a|ii
1372 5263 1499 5320 vero
1546 5281 1675 5319 mss.
1718 5274 1773 5318 et
1805 5265 1932 5317 editi
1972 5263 2071 5315 ha-

517 5345 644 5397 bent
692 5341 932 5402 πάντως,
966 5339 1105 5405 quod
1131 5347 1184 5389 et
1216 5338 1338 5404 legit
1361 5336 1716 5390 Omnibonus.

587 5411 697 5480 (9.8)
728 5410 830 5480 illic
852 5403 1010 5480 locus
1027 5403 1501 5480 citatura'l‘heod.
1529 5406 1658 5460 dial.
1683 5406 1737 5468 ’5,
1761 5403 1847 5457 ubi
1868 5415 1963 5471 pro
1983 5416 2072 5451 πε-

518 5484 570 5553 ρὶ
590 5475 687 5550 τῆς
719 5479 974 5553 θεότητος
994 5475 1510 5553 ΔΙιὲεὶιιιιζ-θεοτόιτας.

585 5541 694 5620 (29)
721 5541 922 5620 Λοιπόν
942 5541 1109 5620 abest
1135 5561 1162 5596 a
1189 5544 1476 5620 '_l‘hcodor.,
1496 5544 1586 5615 qui
1610 5544 1752 5597 idem
1782 5541 1938 5610 paulo
1957 5547 2078 5609 post

515 5614 610 5688 pro
647 5614 838 5672 ἐαυτοῦ
859 5618 1038 5688 habet
1053 5614 1236 5688 αὑτοῦ.

588 5691 695 5758 (50)
732 5689 821 5742 Sic
850 5686 1171 5758 Segaliasil.
1201 5696 1254 5740 et
1274 5687 1486 5755 Anglic.
1514 5685 1584 5739 At
1615 5682 1772 5738 Gobl.
1805 5690 1858 5758 et
1889 5677 2072 5758 ξριςξίι

514 5747 754 5829 lamin,
780 5760 878 5828 μή.
913 5747 1050 5809 Editi
1085 5756 1243 5829 μήτι..
1266 5747 1570 5829 lsta‘lantem
1601 5767 1767 5829 usque
1795 5753 1858 5804 ad
1889 5747 1962 5829 τὸ
1979 5750 2077 5829 μέν

513 5826 604 5883 οὖν
629 5825 806 5895 σῶμα,
841 5825 1022 5894 utpote
1049 5839 1167 5893 qua:
1193 5827 1325 5882 nihil
1349 5828 1411 5880 ad
1431 5825 1758 5895 propositum
1782 5825 2074 5892 pertinent,

2175 4737 2268 4790 τοῦ
2302 4739 2550 4810 Σωτῆρος
2577 4739 2755 4810 χάριν.
2789 4741 2886 4794 Διά
2927 4738 3084 4792 τοῦτο
3126 4739 3253 4808 γοῦν
3286 4740 3378 4792 καὶ
3419 4742 3448 4793 ὁ
3493 4743 3764 4812 μακάριος

2176 4827 2405 4894 Παῦλος,
2450 4830 2720 4902 ἐγγυητὴς
2754 4833 2851 4902 τῆς
2889 4831 3236 4894 ἀναστάσεως
3268 4833 3400 4884 πᾶσι
3445 4834 3761 4904 γενόμενος,

2176 4923 2334 4992 φησι·
2379 4922 2479 4976 Δεῖ
2511 4921 2577 4976 τὸ
2611 4923 2874 4992 φθαρτόν
2905 4923 3081 4977 τοῦτο
3122 4921 3494 4977 ἐνδύσασθαι
3539 4927 3764 4994 ἀφθαρ-

2177 5119 2371 5174 omittit
2406 5117 2811 5183 Theodoretus,
2855 5119 2944 5187 qui
2987 5128 3041 5173 et
3089 5133 3183 5188 pro
3221 5118 3414 5188 τὸ.μὲν
3442 5113 3560 5188 οὗν,
3597 5122 3762 5178 habet

2177 5191 2236 5242 τὸ
2279 5189 2378 5262 μὲν
2403 5188 2552 5262 γάρη
2577 5189 2973 5262 coniunctionis
3003 5187 3209 5242 scilicet
3237 5187 3429 5257 gratia.
3453 5187 3598 5244 ldcm
3621 5208 3761 5262 quo-

2177 5275 2282 5329 que
2309 5261 2437 5310 ibid.
2469 5260 2582 5320 τοῖς
2617 5259 2749 5329 πᾶσι
2778 5259 2997 5329 omittit.

2249 5329 2490 5397 (51)Καί
2513 5343 2616 5380 non
2653 5328 2849 5380 habent
2875 5326 3095 5381 Gobler.
3131 5335 3186 5380 et
3206 5325 3448 5381 Felckm.
3499 5330 3520 5382 l
3567 5345 3754 5397 anon.,

2180 5416 2276 5454 nec
2300 5398 2698 5451 'l‘heodoretus.

2251 5468 2363 5537 (52)
2398 5468 2519 5520 llaec
2554 5468 2682 5520 item
2727 5482 2755 5518 a
2795 5464 3133 5520 Theodoreto
3169 5465 3357 5520 eodem
3414 5476 3538 5523 loco
3575 5469 3754 5524 citan-

2182 5547 2289 5594 tur.

2251 5608 2362 5677 (55)
2397 5605 2767 5677 Theodoretus
2793 5605 3038 5677 aestima
3065 5605 3232 5677 addit:

2249 5673 2489 5748 (“imi
2513 5676 2708 5748 παντός
2739 5676 2829 5729 τοῦ
2862 5673 2976 5746 ζῇν
2999 5679 3179 5748 habet
3203 5673 3434 5748 Seguer.
3479 5686 3535 5731 et
3574 5677 3752 5744 expri-

2180 5744 2330 5820 munt
2361 5747 2610 5820 Ambros.
2637 5747 2880 5802 Camald.
2902 5744 2965 5801 et
3010 5744 3249 5800 Nannius
3276 5763 3289 5797 :
3317 5745 3422 5820 alii
3470 5761 3600 5802 vero
3626 5760 3750 5800 cum

2179 5816 2336 5872 editis
2369 5816 2642 5870 omittunt.
