4006 6502
776 297 798 322 δ

272 381 356 441 ιιδ

1242 372 1497 431 ORATIO
1533 377 1619 431 DE
1661 373 2170 433 INCARNATIONE
2204 370 2409 432 VERBI

3358 376 3460 435 154

275 502 405 559 rlar,
427 494 515 548 καὶ
534 493 596 547 τὸ
616 494 841 561 θνητὸν
862 493 1033 547 τοῦτο
1055 492 1419 549 ἐνδύσασθαι
1442 494 1793 547 ἁθανααίαν.

1902 494 2001 548 bile
2040 496 2134 548 hoc
2170 494 2385 547 induere
2409 491 2845 561 incorruptionem
2874 508 2903 546 :.
2918 500 2965 546 et
2993 492 3213 547 mortale
3242 493 3337 547 hoc
3373 496 3459 547 in-

292 591 423 640 Οταν
438 583 501 635 δὲ
524 582 585 636 τὸ
608 583 872 653 φθαρτὸν
897 582 1070 636 τοῦτο
1095 582 1415 650 ἐνδύσηται
1436 583 1796 650 ἀφθαρσίαν,

268 675 345 729 καὶ
370 674 473 743 (55)
502 672 566 725 τὸ
601 672 832 740 θνητὸν
864 671 1035 724 τοῦτο
1080 669 1403 735 ἐνδύσηται
1438 669 1796 731 ἀθανασίαν,

272 770 374 830 ,ότε
402 765 708 837 γενήσεται
744 768 777 818 ό
807 765 989 833 λόγος
1020 766 1053 817 ό
1092 762 1513 833 γεγραμμένος·
1545 762 1801 815 Κατεπό-

273 865 323 924 In
365 860 395 910 ό
450 855 702 920 θάνατος
752 857 838 921 εὶς
879 855 1069 921 νῖκος·
1106 853 1221 907 ποῦ
1260 869 1396 916 σου,
1458 852 1692 918 θάνατε,
1734 853 1800 907 τὸ

276 948 507 1015 ιέντρον;
536 946 657 1001 ποῦ
689 960 831 1009 σου,
861 946 996 1014 ᾷδη,
1029 947 1093 999 τὸ
1124 946 1327 1012 νῖκος;
1372 945 1469 998 Διά
1496 946 1548 998 τί
1583 941 1694 1009 οὖν,
1735 945 1801 999 ἄν

268 1055 328 1100 ιις
349 1038 494 1101 εἴποι,
516 1037 677 1106 εἴπερ
700 1038 992 1105 ἀναγκαῖον
1022 1033 1088 1107 ἦν
1111 1038 1229 1090 ἀντὶ
1263 1035 1479 1089 πάντων
1501 1035 1659 1089 αὐτὸν
1691 1052 1795 1088 πα·

264 1129 478 1200 ραδοῦναι
527 1130 587 1182 τὸ
630 1130 795 1201 σῶμα
833 1131 1065 1201 Θανάτῳ,
1115 1130 1211 1200 ούχ
1256 1130 1367 1199 (36)
1415 1130 1489 1193 ὡς
1520 1129 1799 1201 ἄνθρωπος

264 1219 379 1283 ἰδίως
400 1221 625 1274 ἀπέθετο
653 1222 831 1282 τοῦτο,
865 1221 999 1274 ἀλλὰ
1037 1223 1129 1274 καὶ
1174 1222 1332 1291 μέχρι
1363 1220 1457 1274 τοῦ
1483 1220 1799 1292 σταυρωθῆ-

260 1329 328 1364 ναι
359 1313 656 1383 παρῆλθεν;
701 1314 961 1385 Ἐντίμως
988 1313 1097 1384 γὰρ
1128 1313 1319 1383 μᾶλλον
1344 1312 1575 1383 ἔπρεπεν
1604 1311 1800 1365 ἀποθέ-

260 1406 359 1458 σθαι
381 1406 434 1457 τὸ
458 1405 639 1476 σῶμα,
664 1407 809 1477 ἤπερ
836 1405 950 1476 μεθ’
981 1406 1187 1478 ῦὸρεως
1206 1405 1295 1458 τὸν
1316 1404 1551 1457 τοιοῦτον
1573 1404 1800 1457 θάνατον

260 1497 525 1565 ὑπομεῖναι.
575 1498 689 1551 Θέα
714 1498 779 1569 δὴ
814 1498 971 1552 πάλιν
1006 1500 1053 1551 εί
1086 1498 1160 1569 μὴ
1199 1500 1232 1567 ἡ
1272 1496 1490 1569 τοιαύτη
1532 1495 1799 1559 ἀντίθεσις

257 1588 376 1639 ἐστιν
405 1588 749 1660 ἀνθρωπίνη·
794 1590 854 1642 τὸ
886 1590 939 1643 δὲ
975 1590 1079 1643 ὑπὸ
1110 1591 1202 1643 τοῦ
1238 1591 1486 1661 Σωτῆρος
1511 1589 1801 1659 γενόμενον

256 1678 370 1730 θεῖον
398 1679 609 1749 ἀληθῶς
642 1680 741 1732 καὶ
766 1680 909 1744 ἀξιον
943 1682 1036 1751 τῆς
1070 1682 1233 1734 αὑτοῦ
1265 1682 1512 1751 θεότητος
1545 1681 1633 1734 διά
1672 1680 1799 1732 πολ-

253 1768 321 1822 λά.
367 1770 583 1841 Πρῶτον
637 1772 758 1841 μὲν,
817 1773 897 1825 ὅτι
930 1772 957 1824 ό
994 1773 1301 1843 συμϐαίνων
1339 1776 1449 1836 τοῖς
1490 1772 1796 1844 ἀνθρώποις

1900 585 2056 638 (luere
2107 584 2571 637 immortalitatem.
2602 581 2734 635 Cum
2780 592 2950 635 autem
2991 583 3208 637 mortale
3232 584 3325 636 hoc
3372 586 3459 637 in-

1899 674 2070 725 duerit
2100 674 2572 736 immortalitatem,
2613 683 2660 725 et
2706 673 3037 741 corruptibrle
3082 676 3176 727 hoc
3229 675 3459 728 induerit

1898 765 2359 831 incorruptionem,
2411 776 2535 819 tunc
2580 766 2667 832 ﬁet
2711 780 2898 827 sermo,
2946 765 3036 833 qui
3077 767 3297 832 scriptu:
3345 774 3460 819 est:

1901 856 2155 923 Absorpta
2178 866 2249 909 est
2287 873 2423 909 mors
2455 858 2506 908 in
2535 857 2750 910 victoria
2776 873 2793 909 .·
2822 856 2908 907 ubi
2944 865 3037 920 est,
3070 872 3227 921 more,
3276 859 3461 909 stimu-

1900 948 1982 1001 lus
2022 950 2187 1003 tuus?
2235 946 2333 1001 Ubi
2366 960 2475 1013 tua,
2519 949 2751 1017 inferne,
2790 950 3003 1001 victoria
3030 948 3114 1001 ‘7?
3138 948 3241 1003 Sed
3265 950 3463 1005 dixerit

1903 1038 2096 1109 aliquis
2129 1054 2141 1089 :
2171 1039 2223 1093 Si
2263 1039 2424 1109 igitur
2464 1054 2685 1094 necesse
2730 1049 2848 1092 erat
2909 1039 3055 1093 illum
3090 1056 3186 1110 pro
3213 1039 3461 1094 omnibus

1901 1146 2097 1200 corpus
2120 1145 2273 1185 suum
2310 1131 2468 1184 morti
2501 1132 2729 1194 tradere,
2762 1146 2859 1184 cur
2908 1147 3014 1185 non
3049 1140 3107 1185 ut
3134 1134 3293 1187 homo
3325 1132 3455 1186 illud

1900 1223 2150 1293 privatim
2178 1222 2443 1291 deposuit,
2473 1223 2564 1276 sed
2587 1222 2730 1275 cruci
2764 1220 2953 1276 aﬁixus
2976 1223 3094 1276 est?
3122 1222 3289 1291 Magis
3315 1222 3457 1277 enim

1900 1329 2023 1369 eum
2055 1314 2283 1370 decebat
2312 1328 2507 1384 corpus
2555 1329 2676 1368 cum
2726 1316 2932 1371 honore
2982 1316 3267 1384 deponere,
3299 1330 3461 1383 quam

1900 1407 2204 1476 hujusmodi
2237 1416 2465 1461 mortem
2496 1422 2617 1461 cum
2650 1407 2939 1476 ignominia
2972 1409 3097 1476 pati.
3123 1406 3316 1461 Verum
3349 1408 3459 1473 hic,

1900 1514 2106 1570 quaeso,
2133 1499 2414 1554 considera
2446 1514 2514 1553 an
2542 1513 2648 1553 non
2677 1498 2791 1552 haec
2821 1498 3052 1565 obiectio
3085 1512 3229 1551 mere
3251 1498 3319 1553 sit
3352 1498 3455 1551 hu-

1902 1606 2080 1644 mana.
2129 1589 2281 1656 Quod
2333 1598 2511 1643 autem
2548 1605 2576 1643 a
2615 1588 2895 1643 Salvatore
2934 1588 3132 1641 factum
3185 1597 3287 1651 est,
3326 1602 3455 1643 vere

1900 1680 2141 1735 divinum
2166 1688 2248 1734 est
2271 1681 2496 1751 ejusque
2553 1680 2843 1735 divinitate
2858 1678 3040 1733 multis
3066 1679 3130 1732 de
3158 1678 3336 1734 causis
3364 1679 3446 1732 di-

1902 1782 2089 1836 gnum.
2116 1768 2317 1834 Primo,
2346 1784 2506 1835 mors,
2534 1784 2639 1838 qua
2667 1769 2909 1823 homines
2943 1768 3231 1831 intereunt,
3265 1767 3369 1822 illis
3395 1778 3460 1823 ex

256 1836 448 1923 θάνατος
499 1836 648 1914 κατά
689 1862 971 1916 ἀσθένειαν
1016 1836 1113 1934 vi};
1139 1863 1319 1917 αὐτῶν
1354 1864 1566 1932 φύσεως
1596 1836 1793 1927 ἀὐτοῖς

1899 1874 2083 1915 eorum
2112 1870 2314 1915 natura
2339 1860 2652 1915 inﬁrmitate
2685 1861 2934 1915 advenit:
2964 1860 3227 1928 siquidem
3262 1860 3463 1915 idcirco

254 1952 621 2021 παραγίνεται·
652 1956 715 2006 ού
765 1954 1046 2025 δυνάμενοι
1086 1956 1194 2026 γὰρ
1217 1956 1308 2007 ἐπὶ
1340 1954 1471 2007 πολὺ
1505 1954 1794 2025 διαμένειν,

251 2043 312 2113 τῷ
340 2045 502 2116 χρόνῳ
527 2046 860 2100 διαλύονται.
908 2048 1003 2100 Διὰ
1031 2048 1190 2101 τοῦτο
1228 2048 1336 2118 γὰρ
1371 2048 1463 2101 καὶ
1502 2047 1645 2100 νόσοι
1673 2046 1797 2099 τού·-

252 2154 339 2201 τοις
384 2139 769 2209 συμϐαίνουσι,
814 2142 905 2193 καὶ¹
933 2140 1387 2212 ὲξασθενήσαντες
1424 2139 1799 2210 ἀποθνήσκου-

252 2244 335 2281 σιν,
372 2229 424 2283 '0
459 2230 521 2283 δὲ
552 2231 761 2301 Κύριος
796 2232 893 2283 οὐκ
929 2230 1176 2302 ἀσθενὴς,
1211 2232 1345 2284 ἀλλά
1376 2232 1509 2285 Θεοῦ
1551 2231 1796 2301 δύναμις,

250 2318 323 2370 καὶ
341 2318 469 2371 Θεοῦ
497 2318 671 2388 Λόγος
698 2320 834 2383 ἐστὶ,
868 2319 958 2372 καὶ
978 2318 1241 2391 αὑτοζωή.
1267 2322 1328 2374 Ei
1360 2322 1457 2389 μὲν
1482 2317 1573 2374 οῦν
1600 2317 1666 2392 ἦν
1695 2321 1799 2393 ἰδίᾳ

248 2426 350 2473 που,
383 2411 478 2462 καὶ
523 2409 669 2463 κατά
700 2408 800 2479 τὴν
828 2409 1107 2481 συνήθειαν
1134 2410 1239 2463 τῶν
1272 2411 1569 2482 ἀνθρώπων
1598 2411 1797 2465 ἀποθέ-

250 2518 381 2571 μενος
411 2502 477 2555 τὸ
501 2503 658 2572 σῶμα
681 2504 741 2554 ὲν
773 2501 947 2575 κλίνῃ,
976 2502 1229 2573 ἐνομίσθη
1263 2504 1326 2557 ἂν
1355 2506 1445 2557 καὶ
1473 2506 1631 2568 αὐτος
1658 2504 1799 2558 κατά

246 2592 326 2663 τὴν
354 2594 453 2663 τῆς
486 2592 705 2662 φύσεως
753 2592 1031 2645 ἀσθένειαν
1070 2593 1222 2646 τοῦτο
1253 2593 1458 2658 παθὼν,
1511 2595 1603 2648 καὶ
1635 2596 1798 2667 μηδὲν

248 2680 361 2751 ἔχων
388 2683 548 2736 πλέον
571 2681 680 2735 τῶν
704 2681 876 2734 ἄλλων
904 2682 1201 2753 ἀνθρώπων
1224 2702 1234 2715 ο
1264 2683 1449 2755 ἐπειδὴ
1479 2684 1535 2736 δὲ
1564 2686 1656 2737 καὶ
1686 2684 1798 2756 ζωὴ

246 2769 299 2846 ἦν
340 2777 429 2828 καὶ
463 2775 596 2828 Θεοῦ
622 2776 817 2842 Λόγος,
859 2776 950 2827 καὶ
992 2775 1094 2828 ἔδει
1122 2774 1208 2827 τὸν
1236 2775 1373 2846 ὑπὲρ
1400 2778 1615 2828 πάντων
1644 2775 1797 2842 γενέ-

248 2866 348 2919 σθαι
375 2866 635 2919 θάνατον’
674 2864 767 2917 διά
791 2864 944 2917 τοῦτο
975 2865 1047 2929 ὡς
1081 2867 1175 2937 μὲν
1202 2866 1313 2937 ζωὴ
1348 2866 1441 2919 καὶ
1467 2867 1693 2937 δύναμις
1723 2866 1797 2919 ὢν

246 2957 507 3027 συνίσχυεν
536 2960 592 3010 ὲν
630 2954 783 3025 αύτῷ
814 2958 874 3009 τὸ
902 2957 1085 3028 σῶμα·
1118 2958 1192 3020 ὡς
1222 2957 1277 3009 δὲ
1317 2958 1618 3025 ὀφείλοντος
1646 2958 1798 3025 γενέ-

246 3046 345 3100 σθαι
392 3048 487 3101 τοῦ
541 3048 797 3111 θανάτου,
848 3049 944 3118 οὐχ
1003 3048 1195 3118 ἐαυτῷ,
1253 3048 1385 3101 ἀλλά
1436 3048 1564 3119 παρ’
1599 3048 1797 3119 ἐτέρων

243 3138 488 3211 ὲλάμὸανε
517 3141 617 3210 τὴν
652 3139 923 3210 πρόφασιν
972 3140 1063 3192 τοῦ
1114 3139 1391 3193 τελειῶσαι
1440 3141 1535 3209 τὴν
1570 3140 1756 3194 θυσίαν
1778 3157 1792 3170 ⁸

244 3230 344 3283 ἐπεὶ
366 3232 499 3303 μηδὲ
525 3234 701 3285 νοσεῖν
733 3230 840 3282 ἔδει
863 3229 952 3281 τὸν
980 3228 1200 3300 Κύριον,
1232 3229 1321 3282 τὸν
1350 3228 1457 3281 τῶν
1486 3228 1660 3283 ἄλλων
1693 3229 1791 3293 τὰς

243 3322 404 3387 νόσους
426 3322 819 3395 θεραπεύοντα.
858 3320 994 3373 Ἀλλ’
1018 3321 1135 3375 οὐδὲ
1165 3320 1518 3390 ὲξασθενῆσαι
1551 3320 1655 3373 ἔδει
1690 3321 1794 3375 πά-

242 3412 311 3467 λιν
330 3417 383 3468 τὸ
414 3415 592 3486 σῶμα,
626 3417 686 3467 ὲν
715 3409 763 3483 ᾧ
788 3415 881 3467 καὶ
900 3414 997 3477 τὰς
1028 3413 1133 3467 τῶν
1154 3412 1325 3467 ἄλλων
1351 3410 1627 3476 ἀσθενείας
1653 3413 1795 3483 ἰσχυ-

246 3509 449 3576 ροποίει.
486 3508 587 3561 Διὰ
613 3508 666 3559 τί
696 3505 790 3561 οὖν
820 3506 913 3559 καὶ
938 3505 1027 3558 τὸν
1053 3504 1277 3557 θάνατον
1298 3504 1483 3575 ὥσπερ
1511 3506 1603 3558 καὶ
1628 3504 1686 3557 τὺ
1708 3521 1792 3557 νο-

244 3602 339 3650 σεῖν
358 3601 450 3652 οὐκ
478 3598 750 3652 ἐκώλυσεν
772 3615 786 3661 ;
821 3597 941 3649 Ὅτι
970 3596 1055 3650 διὰ
1077 3595 1230 3648 τοῦτο
1257 3596 1367 3665 (57)
1391 3596 1511 3665 ἔσχε
1536 3595 1595 3649 τὸ
1612 3595 1790 3665 σῶμα,

245 3692 323 3741 καὶ
352 3691 592 3761 ἀπρεπὲς
624 3686 693 3761 ἦν
722 3687 981 3753 κωλῦσαι,
1033 3688 1119 3740 ἵνα
1171 3688 1244 3756 μὴ
1287 3687 1379 3738 καὶ
1425 3689 1457 3756 ἡ
1498 3687 1793 3749 ἀνάστασις

246 3782 540 3853 ὲμποδισθῇ.
580 3778 1005 3852 Προηγήσασθαι
1044 3779 1222 3849 μέντοι
1256 3778 1348 3830 τοῦ
1385 3777 1611 3831 θανάτου
1640 3777 1792 3830 νόσον

247 3871 461 3939 ἀπρεπὲς
489 3873 650 3925 πάλιν
688 3867 779 3940 ἦν,
812 3871 899 3923 ἵνα
940 3869 1013 3939 μὴ
1047 3869 1298 3921 ἀσθένεια
1333 3868 1425 3921 τοῦ
1468 3871 1524 3921 ἐν
1566 3868 1642 3937 τῷ
1690 3868 1792 3920 σώ-

216 3964 622 4035 χματινομισθῇ.
663 3964 778 4015 υύκ
803 3961 1083 4014 ἐπείνασεν
1116 3956 1235 4024 οῦν;
1283 3960 1387 4011 Ναὶ
1413 3960 1663 4013 ὲπείνασε
1704 3959 1791 4013 διὰ

234 4038 298 4121 ἥδ
325 4051 437 4103 ἴδιον
493 4052 587 4103 τοῦ
637 4050 920 4118 σώματος’
975 4048 1086 4101 ἀλλ’
1117 4049 1176 4100 ού
1210 4048 1350 4119 λιμῷ
1397 4049 1656 4119 διεφθάρη
1702 4048 1793 4101 διὰ

246 4140 324 4192 τὸν
342 4144 596 4213 φοροῦντα
617 4142 753 4196 αὐτὸ
778 4139 997 4211 Κύριον.
1027 4139 1125 4192 Διὰ
1144 4140 1319 4204 τοῦτο,
1358 4142 1405 4193 εἰ
1432 4142 1524 4194 καὶ
1551 4140 1789 4193 ἀπέθανε

248 4229 319 4283 διὰ
337 4233 387 4285 τὸ
414 4233 549 4305 ὑπὲρ
574 4232 795 4286 πάντων
819 4229 1031 4301 λύτρον,
1066 4232 1179 4284 ἀλλ’
1203 4231 1301 4282 οὐκ
1338 4226 1443 4283 εἶδε
1470 4229 1784 4298 διαφθοράν.

261 4322 547 4396 Ὀλόκληρον
582 4326 692 4393 γὰρ
720 4322 917 4391 ἀνέστη
938 4340 950 4352 ·
984 4323 1104 4375 ἐπεὶ
1132 4322 1267 4393 μηδὲ
1298 4321 1455 4375 ἄλλου
1480 4323 1639 4387 τινὸς,
1671 4322 1785 4376 ἀλλ’

252 4415 392 4485 αὐτῆς
418 4418 512 4485 τῆς
541 4416 690 4484 ζωῆς
720 4410 789 4485 ἦν
820 4414 878 4465 τὸ
905 4413 1077 4483 σῶμα.

1900 1960 2135 2020 tempore
2189 1952 2548 2021 dispereunt,
2603 1952 2748 2020 quod
2803 1952 2890 2005 diu
2964 1952 3253 2022 persistere
3352 1965 3458 2006 non

1896 2051 2115 2113 queant.
2149 2042 2285 2098 Hinc
2315 2044 2368 2098 in
2419 2043 2633 2097 morbos
2682 2043 2946 2107 incidunt,
2980 2041 3215 2112 factique
3260 2042 3461 2096 inﬁrmi

1898 2136 2218 2192 moriuntur.
2252 2135 2321 2189 At
2359 2135 2612 2190 Dominus
2634 2150 2740 2189 non
2774 2134 3042 2201 inﬁrmus,
3074 2135 3167 2188 sed
3218 2134 3309 2189 Dei
3348 2133 3459 2187 vir‘

1897 2232 2078 2289 tus,et
2109 2224 2198 2278 Dei
2229 2222 2461 2277 Verbum
2512 2223 2737 2292 ipsaque
2768 2225 2877 2277 vita
2908 2234 3008 2278 est.
3037 2223 3094 2278 Si
3124 2239 3252 2294 ergo
3279 2225 3460 2293 priva-

1898 2320 1992 2372 tim
2037 2328 2091 2372 et
2135 2327 2394 2373 consueto
2431 2331 2581 2371 more
2625 2330 2821 2385 corpus
2847 2316 2898 2370 in
2926 2315 3064 2370 lecto
3098 2317 3458 2384 deposuisset,

1898 2408 1951 2463 id
1978 2406 2053 2460 illi
2087 2422 2150 2461 ex
2179 2415 2383 2460 natura:
2410 2405 2723 2460 mﬁrmitate
2754 2406 3037 2473 accidisse,
3070 2407 3310 2476 nihilque
3337 2423 3453 2461 ιιιιιο

1897 2498 2035 2569 plius
2063 2497 2183 2553 aliis
2212 2497 2522 2553 hominibus
2552 2496 2807 2552 habuisse
2843 2508 3145 2567 putaretur,
3174 2498 3310 2565 Quia
3335 2514 3461 2554 vero

1897 2599 1952 2645 et
1977 2590 2084 2644 vita
2114 2599 2167 2643 et
2199 2588 2429 2644 Verbum
2455 2588 2549 2644 Dei
2572 2598 2711 2655 erat,
2747 2599 2802 2645 et
2833 2600 3060 2645 mortem
3090 2606 3187 2660 pro
3219 2591 3322 2662 53
3346 2606 3462 2645 om-

1897 2683 2055 2737 nibus
2083 2681 2282 2751 suscipi
2318 2696 2539 2738 necesse
2580 2692 2741 2737 erat:
2776 2697 2837 2737 ea
2878 2683 2946 2738 de
3001 2700 3159 2740 causa
3190 2696 3460 2753 quatenus

1897 2775 2008 2829 vita
2063 2785 2118 2829 et
2166 2776 2337 2828 virtus
2381 2784 2484 2839 est,
2528 2775 2579 2829 in
2626 2776 2803 2846 seipso
2866 2790 3062 2847 corpus
3121 2777 3454 2832 roborabat:

1898 2875 2163 2933 quatenus
2208 2880 2337 2920 vero
2371 2880 2516 2920 mors
2567 2866 2845 2921 subeunda
2880 2879 3019 2931 erat,
3069 2882 3173 2921 non
3209 2882 3239 2920 a
3284 2869 3462 2936 seipsn

1898 2956 1988 3010 sed
2023 2955 2090 3008 ab
2123 2955 2242 3009 aliis
2273 2955 2595 3010 sacriﬁcium
2652 2956 2963 3025 perﬁciendi
3023 2959 3168 3027 cepit
3222 2958 3463 3012 occasio-

1898 3061 2043 3101 nem.
2080 3046 2266 3114 Neque
2298 3047 2441 3100 enim
2470 3062 2566 3115 par
2595 3058 2713 3102 erat
2758 3050 3067 3113 Dominum,
3102 3050 3193 3118 qui
3229 3049 3459 3107 aliorum

1901 3140 2120 3194 morbos
2170 3137 2417 3202 curabat,
2462 3138 2651 3192 morbo
2684 3138 2861 3209 ipsum
2902 3138 3124 3207 corripi.
3157 3138 3265 3193 Nec
3296 3138 3455 3193 etiam

1899 3231 2156 3286 inﬁrmari
2203 3230 2389 3285 debuit
2441 3247 2654 3301 corpus,
2703 3234 2757 3287 in
2805 3247 2912 3301 quo
2949 3232 3179 3286 aliorum
3230 3231 3460 3286 sanabat

1899 3323 2255 3377 inﬁrmitates.
2289 3322 2466 3390 Quare
2513 3325 2674 3396 igitur
2704 3340 2810 3379 non
2862 3333 3091 3379 mortem
3125 3334 3180 3377 ut
3209 3324 3457 3378 morbum

1898 3413 2214 3483 impedivit?
2273 3415 2408 3481 Quia
2467 3431 2661 3486 nempe
2711 3426 2928 3486 prapter
2990 3424 3220 3469 mortem
3265 3430 3461 3483 corpus

1898 3507 2103 3573 habuit,
2129 3523 2227 3564 nec
2255 3524 2375 3563 eam
2410 3510 2557 3564 illum
2580 3525 2609 3563 a
2638 3524 2696 3565 se
2726 3526 2909 3564 arcere
2956 3510 3155 3577 decuit,
3188 3525 3254 3564 ne
3282 3510 3334 3564 id
3370 3525 3460 3564 red-

1897 3600 2216 3654 surrectioni
2243 3613 2385 3656 esset
2413 3602 2872 3670 impedimentum.
2919 3602 3185 3656 Similiter
3212 3601 3456 3657 morbum

1898 3691 2055 3746 morti
2092 3692 2283 3761 praeire
2313 3693 2626 3748 indecorum
2656 3702 2793 3758 erat,
2826 3708 2892 3746 ne
2925 3692 3067 3747 istud
3099 3692 3241 3747 illius
3271 3693 3361 3762 qui
3406 3692 3459 3745 iu

1900 3782 2126 3854 corpore
2155 3795 2274 3839 erat
2318 3784 2618 3838 inﬁrmitati
2653 3784 3039 3838 ascriberetur.
3076 3784 3157 3837 An
3193 3799 3297 3839 non
3327 3800 3457 3855 ergo

1900 3875 2163 3931 esurivit?
2214 3876 2289 3930 [ta
2335 3891 2467 3931 sane
2516 3886 2643 3931 est:
2683 3891 2779 3945 pro
2835 3876 3082 3945 corporis
3132 3877 3465 3946 pr0prietate

1900 3969 2127 4024 esurivit
2160 3986 2174 4022 :
2201 3979 2256 4023 at
2290 3968 2418 4024 illud
2464 3978 2681 4038 propter
2714 3968 3024 4033 Dominum,
3052 3969 3116 4023 ad
3150 3984 3309 4038 quem
3340 3984 3465 4038 per-

1901 4059 2145 4124 tinebat,
2192 4057 2332 4113 fame
2392 4074 2497 4112 non
2563 4058 2790 4112 interiit.
2851 4058 3209 4128 Quapropter,
3248 4059 3463 4112 tametsi

1901 4162 2143 4205 mortuus
2190 4160 2273 4204 est
2310 4160 2368 4204 ut
2416 4154 2646 4219 pretium
2676 4164 2773 4221 pro
2798 4151 3051 4206 omnibus
3080 4151 3337 4216 solveret,
3380 4160 3465 4205 ta-

1898 4257 2019 4296 men
2044 4245 2444 4312 corruptionem
2470 4259 2573 4295 non
2594 4244 2750 4307 vidit,
2778 4244 2874 4297 sed
2895 4243 3106 4313 integer
3133 4244 3451 4307 resurrexit,

1897 4334 2020 4400 quia
2054 4349 2157 4388 non
2190 4334 2325 4388 alius
2357 4332 2673 4403 cujusquam
2726 4334 2822 4389 sed
2868 4334 3039 4403 ipsius
3094 4335 3215 4388 vitae
3260 4350 3459 4405 corpus

1895 4435 2031 4480 erat.

306 4506 379 4559 ‘22.
422 4508 556 4561 Ἀλλ’
596 4507 726 4570 ἔδει,
764 4506 984 4576 φήσειεν
1009 4506 1073 4557 ἄν
1097 4522 1197 4569 τις,
1237 4504 1501 4575 κρυϐῆναι
1542 4505 1638 4576 τὴν
1668 4507 1787 4557 ὲπι-

1966 4516 2055 4571 22.
2083 4516 2171 4582 At,
2220 4516 2415 4570 dixerit
2440 4516 2655 4585 aliquis,
2701 4515 3002 4571 Judazorum
3039 4527 3183 4570 certe
3237 4513 3461 4573 insidias

259 4594 418 4668 ϐουλὴν
449 4599 556 4651 τῶν
610 4595 898 4657 Ἰουδαίων,
934 4596 1018 4647 ἵνα
1055 4594 1277 4648 καθόλου
1322 4596 1379 4647 τὸ
1413 4593 1600 4647 ἑαυτοῦ
1633 4595 1792 4664 σῶμα

254 4686 479 4742 ἀθάνατον
500 4688 826 4760 διαφυλάξῃ.
864 4686 1127 4739 ’Λκουὲτω
1150 4686 1212 4757 δὴ
1241 4687 1269 4739 ὁ
1297 4686 1550 4749 τοιοῦτος,
1588 4689 1667 4739 ὅτι
1701 4688 1793 4738 καὶ

252 4779 377 4833 τοῦτο
398 4783 641 4851 ἀπρεπὲς
680 4777 749 4850 ἦν
778 4779 855 4849 τῷ
881 4779 1083 4849 Κυρίῳ.
1118 4779 1204 4842 Ὠς
1234 4778 1341 4849 γὰρ
1370 4778 1467 4829 οὐκ
1492 4780 1691 4849 ἔπρεπε
1713 4778 1792 4849 τῷ

247 4870 323 4922 τοῦ
346 4873 445 4943 (58)
468 4872 600 4927 Θεοῦ
640 4873 818 4940 Λόγῳ,
846 4870 956 4940 ζωῇ
980 4870 1111 4934 δντι,
1137 4867 1214 4939 τῷ
1243 4867 1449 4937 σώματι
1484 4866 1674 4920 ἑαυτοῦ
1696 4869 1789 4922 θά-

250 4975 379 5013 νατον
411 4967 532 5034 παρ’
569 4962 764 5016 ἑαυτοῦ
804 4960 1018 5022 διδόναι,
1052 4960 1220 5020 οὕτως
1252 4960 1347 5027 οὐχ
1386 4957 1623 5029 ἥρμοζεν
1666 4959 1786 5011 οὐδὲ

249 5053 321 5103 τὸν
344 5058 458 5126 παρ’
490 5056 689 5126 ἑτέρων
714 5053 985 5122 διδόμενον
1016 5052 1259 5121 φεύγειν*
1291 5050 1425 5101 ἀλλά
1461 5050 1553 5102 καὶ
1588 5050 1787 5120 μᾶλλον

249 5143 433 5197 διώκειν
459 5147 618 5198 αὑτὸν
652 5146 734 5206 εἰς
765 5143 1058 5213 ἀναίρεσιν.
1086 5141 1243 5195 Ὅθεν
1271 5140 1495 5203 εἰκότως
1518 5139 1637 5193 οὔτε
1663 5143 1786 5194 ἑαυ-

306 5259 345 5289 "
376 5260 390 5310 Ι
419 5262 539 5314 Cor.
566 5276 657 5321 xv,
685 5257 883 5312 55-55.

307 5354 406 5423 (.35)
435 5355 591 5409 Basil.
636 5351 1366 5423 Gohleriaanelcltman.Al
1416 5366 1669 5423 anonym.
1725 5362 1778 5406 et

393 5420 645 5479 omittunt
688 5425 750 5475 τὸ
785 5422 1017 5493 φθαρτὸν
1052 5420 1205 5474 τοῦτο
1253 5420 1779 5493 ὲνδύσηταιάφθαρ-

249 5489 369 5556 σίαν,
392 5494 497 5559 καί,
524 5510 621 5548 nec
647 5489 906 5559 legerunt
926 5493 1136 5547 Omnib.
1166 5502 1219 5545 et
1243 5489 1484 5544 Ambros.
1511 5489 1778 5551 Canmld..

249 5576 334 5614 nec
358 5535 661 5618 item’habet
687 5533 911 5628 Vulgata
941 5562 1113 5615 versio
1150 5578 1161 5614 :
1194 5562 1280 5614 alii
1312 5576 1435 5614 vero
1478 5563 1673 5614 habent
1726 5533 1782 5614 ul.

248 5644 294 5702 et
321 5630 519 5688 Griecus
541 5635 833 5702 Scriptura;
866 5642 1054 5684 textus.
1087 5630 1323 5702 Ibidem.
1365 5631 1464 5684 ποῦ
1494 5649 1584 5683 σου
1606 5671 1618 5693 ,
1654 5631 1773 5702 ᾇδη,

250 5699 301 5749 τὸ
334 5704 487 5769 νῖκος;
510 5699 700 5757 desunt
730 5704 783 5754 in
802 5700 1150 5770 Segneriano,
1180 5701 1479 5769 Basiliensi,
1510 5712 1561 5757 et
1585 5699 1773 5772 Angli"

253 5780 392 5837 cano,
421 5788 511 5831 nec
540 5775 787 5844 legerunt
808 5773 969 5826 iidem
1002 5772 1347 5841 interpretes.

1902 4606 2071 4660 vitare
2112 4606 2357 4671 debebat,
2388 4617 2441 4659 ut
2472 4606 2675 4660 scilicet
2706 4622 2859 4659 suum
2896 4621 3087 4674 corpus
3114 4606 3325 4674 penitus
3357 4607 3461 4661 ima

1901 4697 2127 4751 mortale
2152 4705 2409 4750 servaret.
2450 4697 2645 4750 Verum
2678 4697 2743 4758 is,
2784 4698 2873 4765 qui
2902 4698 3014 4751 htec
3042 4698 3249 4767 objicit,
3280 4698 3464 4753 audiat

1902 4786 1952 4840 id
1992 4785 2219 4840 Domino
2250 4786 2561 4840 indecorum
2606 4784 2791 4842 fuisse.
2838 4785 2906 4841 Ut
2933 4788 3074 4841 enim
3110 4803 3214 4842 non
3238 4788 3461 4843 decebat

1901 4877 1992 4932 Dei
2030 4876 2285 4942 Verbum,
2336 4877 2477 4945 quod
2537 4876 2708 4946 ipsum
2748 4876 2854 4930 vita
2902 4884 3037 4942 erat,
3089 4889 3316 4932 mortem
3364 4892 3462 4931 suo

1901 4969 2111 5037 corpori
2145 4983 2240 5038 per
2268 4984 2325 5023 se
2352 4967 2554 5023 inferre
2589 4985 2602 5020 :
2630 4968 2699 5020 ita
2728 4982 2825 5022 nec
2854 4966 3208 5021 conveniebat
3242 4967 3306 5021 ab
3340 4967 3461 5021 aliis

1900 5061 2103 5114 illatam
2138 5060 2342 5130 fugere,
2367 5061 2460 5115 sed
2486 5060 2631 5114 illam
2669 5061 2846 5128 potius
2874 5060 3252 5115 destruendam
3279 5074 3460 5129 perse«

1896 5147 2007 5216 qui.
2046 5145 2198 5201 Unde
2248 5147 2399 5202 valde
2436 5156 2795 5217 congruenter
2853 5162 3025 5218 neque
3079 5163 3173 5217 per
3224 5149 3457 5216 seipsum

1948 5351 2058 5423 (56)
2087 5350 2429 5423 Anglicanus,
2460 5350 2520 5423 of)
2554 5346 2765 5423 novom“
2779 5347 2941 5423 Paulo
2967 5355 3083 5423 post
3128 5346 3326 5415 μᾶλλον
3345 5346 3463 5423 Aha»

1885 5414 2013 5477 bent
2034 5414 2245 5490 Anglic.
2268 5422 2431 5494 Basil.
2466 5414 2689 5494 Gobler.
2727 5414 2983 5494 Felekmf
3077 5414 3233 5494 anon.
3258 5426 3312 5468 et
3344 5414 3443 5469 Sed

1886 5508 2037 5561 guer.
2076 5487 2174 5545 Alii
2206 5509 2324 5546 cum
2352 5491 2595 5561 editione
2620 5487 2879 5541 Commel.
2916 5487 3189 5538 omittunt.

1957 5561 2066 5631 (37)
2097 5558 2715 5631 Βιξειιριήιιιιιιε,τοῦτονΣ

1959 5618 2070 5703 (58)
2104 5618 2196 5685 sn”:
2229 5632 2437 5703 Anglic.
2464 5618 2645 5681 'nasn.
2685 5619 3172 5703 GQDlQr.nFchklli.
3221 5618 3244 5675 ι
3295 5637 3460 5703 anon.

1883 5713 1938 5756 et
1965 5692 2277 5772 Seguerian.
2313 5692 2414 5753 Alii
2458 5712 2585 5753 vero
2615 5707 2668 5750 et
2702 5696 2869 5750 editio
2911 5692 3171 5747 Commel.
3205 5694 3463 5748 omittunt

1882 5772 1975 5824 τοῦ
1985 5810 1997 5826 .
