4006 6500
499 386 603 441 135

496 592 651 661 fugit.
688 591 744 646 ld
773 607 935 660 porro
985 607 1089 647 non
1114 594 1327 663 signum
1355 605 1472 649 erat
1517 594 1845 649 inlirmitatis
1873 591 2056 659 Verbi,

494 684 588 738 sed
618 682 794 752 potius
825 692 878 737 et
900 681 1243 740 Servatorem
1267 694 1323 740 et
1357 684 1519 739 vitam
1547 700 1667 740 esse
1698 685 1895 739 indicio
1920 693 2056 753 erat,

494 774 633 844 quod
667 784 721 829 et
750 784 981 830 mortem
1017 776 1084 831 ad
1119 776 1357 846 ejusdem
1387 777 1612 831 exitium
1642 768 1964 846 exspectari,
2004 784 2061 831 et

501 885 619 925 eam
647 869 880 923 oblatam
916 883 1014 938 pro
1041 868 1278 923 omnium
1308 868 1478 923 salute
1503 870 1767 922 conficere
1792 879 1846 923 et
1876 868 2059 937 exple-

498 977 557 1017 re
593 961 880 1015 festinarit.
915 960 1179 1015 Praeterea
1208 975 1313 1013 non
1352 969 1411 1014 ut
1442 974 1553 1015 suae
1580 962 1673 1016 sed
1707 970 1763 1015 ut
1785 961 2058 1017 hominum

493 1049 652 1104 morti
682 1049 841 1103 linem
874 1048 1173 1119 imponeret
1200 1051 1347 1104 venit
1369 1049 1635 1104 Salvator.
1666 1050 1925 1117 Quocirca
1954 1067 2058 1108 non

491 1140 706 1210 prOpria
736 1149 930 1201 morte,
961 1155 1122 1210 quam
1157 1142 1353 1195 nullam
1386 1142 1593 1208 habuit,
1620 1152 1801 1211 utpote
1831 1143 1919 1210 qui
1948 1142 2055 1197 vita

491 1234 605 1301 ipse
632 1241 769 1295 erat,
800 1247 997 1302 corpus
1050 1233 1315 1303 deposuit,
1353 1234 1445 1288 sed
1476 1234 1680 1287 illatam
1727 1233 1793 1287 ab
1820 1234 2057 1289 homini-

489 1326 589 1378 bus
616 1325 871 1393 suscepit,
926 1333 983 1378 ut
1015 1339 1132 1379 eam
1179 1326 1247 1379 ad
1276 1340 1431 1379 suum
1466 1340 1666 1394 corpus
1710 1325 2055 1380 accedentem

487 1416 703 1485 penitus
730 1416 1080 1470 interimeret.
1135 1413 1377 1484 Insuper,
1434 1417 1547 1471 haec
1585 1417 1748 1471 etiam
1803 1432 1924 1486 qua:
1972 1432 2057 1472 se-

488 1516 725 1576 quuntur
759 1507 1013 1577 probant,
1081 1505 1417 1561 Dominicum
1468 1522 1663 1578 corpus
1713 1508 2053 1563 convenienti

489 1599 773 1652 admodum
808 1599 1017 1652 ratione
1058 1597 1215 1651 talem
1247 1607 1474 1652 mortem
1508 1599 1757 1653 subiisse.
1812 1598 2057 1653 Maxima

487 1688 633 1742 enim
669 1702 813 1740 cura:
859 1694 979 1740 erat
1010 1685 1235 1740 Domino
1270 1686 1335 1741 de
1385 1686 1628 1757 corporis
1659 1686 2057 1741 resurrectione

489 1793 649 1847 quam
676 1786 795 1832 erat
838 1776 1145 1833 effecturus.
1193 1777 1243 1830 Id
1295 1776 1491 1847 quippe
1545 1776 1752 1846 insigne
1792 1777 1859 1831 de
1884 1788 2056 1832 morte

1102 387 1161 441 S.
1204 385 1582 443 ATHANASII
1611 385 1764 442 OPP.
1805 386 1983 441 PARS
2025 387 2067 442 1.
2102 417 2169 428 -
2209 387 2581 444 HISTORICA
2620 388 2705 443 ET
2741 389 3161 447 DOGMATICA.

354 476 455 551 με
496 516 691 572 corpus
728 501 993 571 deposuit,
1044 517 1215 571 neque
1246 518 1450 569 rursus,
1508 502 1825 557 insidiantes
1845 500 2055 556 Judazos

2159 491 2510 573 τῷ’ἀ¹πὲθετο
2556 503 2616 555 τὸ
2660 504 2839 572 σῶμα,
2894 502 3015 556 οὔτε
3068 504 3231 557 πάλιν
3284 504 3732 573 ἐπιδουλεύοντας

3630 394 3732 449 156

2156 595 2283 657 τοὺς
2320 594 2601 658 Ἰουδαίους
2621 594 2807 664 ἔφυγε.
2843 594 2916 647 Τὸ
2946 594 3003 647 δὲ
3025 596 3265 649 τοιοῦτον
3302 597 3402 651 ούκ
3449 598 3732 654 ἀσθένειαν

2158 686 2395 740 ἐδείκνυε
2425 686 2519 740 τοῦ
2556 688 2759 756 Λόγου’
2804 686 2941 740 ἀλλά
2986 687 3188 757 μᾶλλον
3224 689 3452 759 Σωτῆρα
3476 690 3571 742 καὶ
3591 690 3733 763 ζωὴν

2159 778 2321 831 αὐτὸν
2346 776 2665 850 ἐγνώριζεν·
2705 779 2786 831 ὅτι
2823 780 2917 833 καὶ
2959 778 3048 832 τὸν
3073 779 3304 833 θάνατον
3344 782 3424 845 εἰς
3454 782 3735 854 ἀναίρεσιν

2160 866 2470 939 περιέμενε,
2493 868 2591 923 καὶ
2616 868 2706 920 τὸν
2732 868 3004 939 διδόμενον
3029 869 3258 924 θάνατον
3290 870 3429 941 ὑπὲρ
3472 871 3576 941 τῆς
3601 874 3736 927 πάν-

2157 976 2265 1013 των
2286 959 2556 1030 σωτηρίας
2577 959 2801 1012 ἔσπευδε
2822 959 3125 1015 τελειῶσαι.
3159 960 3269 1014 Καὶ
3288 960 3463 1027 άλλως
3480 963 3540 1017 δὲ
3561 964 3623 1017 οὐ
3644 964 3735 1017 τὸν

2158 1050 2352 1105 ἑαυτοῦ
2374 1051 2618 1114 θάνατον,
2644 1051 2781 1105 ἀλλά
2800 1053 2890 1107 τὸν
2911 1052 3019 1106 τῶν
3040 1053 3137 1107 ἀνθ
3147 1051 3344 1125 ρώπων
3366 1050 3500 1127 ἦλθε
3520 1055 3736 1110 τελειῶ·

2160 1160 2249 1196 σαι
2283 1144 2312 1196 ὁ
2342 1144 2557 1215 Σωτῆρι
2611 1143 2733 1198 ὅθεν
2782 1144 2882 1198 οὐκ
2923 1145 3035 1217 ἰδίῳ
3061 1145 3277 1218 θανάτῳ
3328 1146 3449 1217 (οὐκ
3474 1143 3589 1217 εἷχε
3624 1147 3736 1220 γάρ

2158 1229 2271 1301 ζωὴ
2317 1229 2415 1298 ῶν)
2472 1231 2755 1284 ἀπετίθετο
2798 1232 2858 1285 τὸ
2897 1234 3081 1304 σῶμα,
3125 1234 3261 1289 ἀλλά
3300 1236 3394 1289 τὸν
3435 1237 3587 1308 παρά
3628 1239 3735 1291 τῶν

2162 1322 2461 1394 ἀνθρώπων
2486 1324 2718 1394 ἐδέχετο,
2762 1326 2849 1379 ἵνα
2878 1326 2969 1379 καὶ
2997 1326 3183 1381 τοῦτον
3217 1329 3275 1381 ὲν
3299 1328 3375 1399 τῷ
3402 1330 3595 1384 ἑαυτοῦ
3631 1331 3737 1384 σῶ-

2165 1432 2293 1485 ματι
2326 1415 2684 1470 ποοσελθόντα
2712 1417 2890 1470 τέλεον
2923 1418 3240 1492 ἐξαφανίσῃ.
3278 1422 3509 1474 Ἔπειτα
3548 1422 3641 1475 καὶ
3672 1424 3735 1476 ἐκ

2157 1504 2360 1557 τούτων
2383 1505 2447 1560 ἀν
2473 1523 2557 1568 τις
2580 1506 2815 1575 εὐλόγως
2851 1508 2948 1561 ἴδοι
2980 1508 3040 1562 τὺ
3061 1509 3302 1563 τοιοῦτον
3335 1511 3485 1575 τέλος
3510 1512 3737 1582 ἐσχηκέ-

2155 1615 2243 1652 ναι
2288 1598 2349 1651 τὸ
2391 1600 2652 1671 κυριακὸν
2696 1600 2875 1671 σῶμα.
2912 1601 3111 1672 Ἔμελε
3161 1602 3238 1673 τῷ
3268 1604 3459 1675 Κυρίῳ
3499 1604 3735 1675 μάλιστα

2157 1690 2283 1762 περὶ
2309 1686 2374 1764 ἧς
2401 1690 2588 1763 ἔμελλε
2611 1695 2784 1745 ποιεῖν
2805 1693 3150 1758 ἀναστάσεως
3174 1694 3268 1747 τοῦ
3292 1694 3565 1765 σώματος.
3596 1696 3735 1749 T05-

2157 1796 2218 1833 το
2246 1781 2351 1851 γὰρ
2374 1776 2441 1851 ἦν
2470 1782 2612 1835 κατά
2641 1781 2734 1835 τοῦ
2764 1781 2995 1835 θανάτου
3027 1783 3285 1855 τρόπαιον
3306 1784 3512 1855 ταύτην
3534 1785 3736 1839 ἐπιδεί-

490 1881 747 1940 ιτοριειιηι
811 1868 930 1936 fuit,
985 1884 1105 1923 eam
1151 1870 1396 1923 omnibus
1432 1869 1709 1923 videndam
1774 1869 2051 1937 exhibere,

2159 1870 2349 1935 ξασθαι
2386 1874 2539 1937 πᾶσι,
2581 1875 2673 1927 καὶ
2703 1874 2907 1939 πάντας
2938 1874 3309 1930 πιστώσασθαι
3355 1877 3453 1949 τὴν
3482 1882 3615 1950 παρ’
3645 1880 3737 1932 αύ-

486 1978 781 2032 omnesque
823 1962 1085 2017 certiores
1114 1960 1294 2016 facere
1324 1976 1352 2014 a
1376 1976 1434 2016 se
1468 1961 1701 2016 deletam
1730 1960 1898 2017 fuisse
1929 1978 2053 2018 cor-

490 2056 818 2124 ruptionem,
849 2063 904 2108 et
948 2052 1403 2108 immortalitatem
1451 2053 1767 2122 corporibus
1802 2067 1924 2108 esse
1966 2069 2054 2108 re-

492 2148 753 2209 stitutam,
777 2144 928 2214 cujus
950 2144 1113 2199 veluti
1137 2143 1329 2214 pignus
1349 2159 1444 2199 nec
1469 2160 1575 2199 non
1600 2143 1792 2199 futurae
1814 2145 2054 2199 omnium

491 2239 906 2295 resurrectionis
965 2238 1197 2305 signum,
1231 2252 1383 2292 suum
1433 2252 1631 2305 corpus
1683 2237 2051 2305 incorruptum

490 2331 848 2386 conservavit.
883 2327 1034 2394 Quod
1060 2328 1103 2381 si
1131 2342 1326 2397 corpus
1351 2328 1540 2381 morbo
1565 2325 1814 2381 ali‘ectum
1844 2327 2053 2392 fuisset,

489 2432 543 2477 et
572 2422 805 2475 Verbum
832 2420 884 2473 in
917 2419 1155 2474 omnium
1179 2427 1468 2488 conspectu
1502 2418 1568 2472 ab
1601 2432 1666 2472 eo
1696 2418 2053 2481 discessisset,

490 2514 804 2569 indecorum
836 2511 1077 2581 profecto
1108 2510 1299 2565 fuisset
1338 2523 1484 2574 eum,
1522 2510 1615 2579 qui
1646 2510 1872 2564 aliorum
1920 2525 2056 2564 mor-

488 2607 587 2661 bos
612 2613 920 2670 curaverat,
946 2602 1223 2673 proprium
1278 2601 1692 2656 instrumentum
1743 2601 1944 2656 morbis
1970 2610 2053 2654 at-

488 2702 677 2755 tritum
710 2695 998 2769 negligere.
1027 2695 1126 2763 Qui
1161 2693 1303 2749 enim
1334 2691 1561 2747 aliorum
1598 2692 1940 2747 infirmitates
1963 2692 2055 2747 de-

488 2790 687 2861 pulisse
716 2790 1049 2854 crederetur,
1098 2786 1142 2842 si
1171 2786 1224 2841 in
1252 2800 1316 2839 eo
1356 2786 1632 2854 proprium
1682 2784 2054 2854 templutnin-

488 2883 701 2937 iirmum
756 2879 986 2934 fuisset?
1034 2878 1125 2933 Vel
1189 2879 1330 2933 enim
1397 2878 1517 2933 aliis
1562 2876 1827 2931 irrisionis
1866 2892 2052 2931 ansam

486 2970 743 3036 dedisset,
768 2980 1022 3038 tanquam
1046 2966 1136 3036 qui
1161 2972 1405 3021 morbum
1430 2981 1535 3020 non
1563 2974 1743 3036 posset
1764 2963 2053 3035 repellere:

485 3062 568 3116 vel
610 3062 652 3116 si
682 3062 945 3129 potuisset
998 3073 1096 3113 nec
1131 3057 1185 3113 id
1228 3056 1466 3120 fecisset,
1497 3070 1625 3127 erga
1666 3054 1799 3111 alios
1840 3070 2056 3125 quoque

486 3154 815 3207 inhumanus
846 3152 1156 3206 haberetur.

555 3244 647 3299 23.
679 3244 735 3299 Si
769 3257 930 3312 porro
961 3217 1163 3311 absque
1196 3239 1385 3295 morbo
1424 3237 1507 3293 vel
1537 3237 1739 3301 dolore,
1778 3237 2049 3307 privatim,

484 3349 841 3406 seorsumque
873 3343 925 3389 et
962 3333 1014 3388 in
1068 3331 1260 3401 angulo
1290 3330 1489 3399 aliquo,
1524 3327 1607 3383 vel
1639 3328 1691 3382 in
1745 3326 2050 3393 solitudine,

487 3440 579 3484 aut
606 3426 774 3490 dumi,
811 3425 926 3480 sive
948 3424 1123 3479 ubivis
1147 3430 1344 3492 corpus
1362 3419 1675 3485 abdidisset,
1705 3431 1767 3471 ac
1790 3427 1910 3487 post
1941 3418 2055 3472 haec

485 3522 681 3574 iterum
705 3517 887 3572 subito
917 3528 1235 3583 coniparens
1269 3513 1506 3581 seipsum
1531 3526 1598 3566 ex
1630 3511 1854 3565 mortuis
1875 3526 2056 3566 resur-

486 3612 695 3668 rexisse
735 3589 1117 3670 asseverasset,
1148 3604 1354 3660 fabulas
1378 3618 1601 3658 narrare
1637 3600 1883 3657 omnibus
1909 3612 2055 3659 certe

486 3702 636 3758 visus
662 3700 877 3766 fuisset,
913 3698 1187 3767 multoque
1222 3695 1390 3765 magis
1418 3693 1560 3749 nulla
1593 3693 1694 3764 ipsi
1719 3694 1783 3749 de
1813 3708 2054 3750 resurre-

486 3794 667 3851 etinne
693 3790 935 3860 loquenti
971 3788 1102 3843 lides
1155 3786 1347 3840 fuisset
1398 3783 1603 3853 habita,
1660 3786 1873 3853 quando
1900 3799 2055 3840 nemo

486 3898 712 3955 prorsus
742 3882 859 3951 ejus
892 3880 1081 3935 mortis
1110 3878 1262 3933 testis
1298 3876 1576 3931 adfuisset.
1620 3878 1779 3946 Atqui
1811 3891 2055 3932 resurre-

487 3974 653 4030 ctioni
682 3987 827 4027 mors
855 3972 1047 4041 praeire
1075 3968 1257 4033 debet,
1305 3984 1427 4023 cum
1458 3979 1627 4022 morte
1649 3984 1754 4022 non
1784 3978 2055 4036 praeeunte

486 4065 632 4123 nulla
661 4072 916 4133 sequatur
947 4061 1288 4116 resurrectio.
1331 4057 1482 4115 Unde
1518 4060 1561 4113 si
1598 4059 1841 4115 occultus
1864 4058 2053 4114 fuisset

487 4155 596 4229 55
627 4154 869 4224 corporis
931 4151 1199 4213 interitus,
1245 4164 1377 4204 snne
1428 4151 1551 4220 quia
1604 4166 1750 4205 mors
1787 4151 2049 4211 latuisset,

490 4262 664 4319 neque
687 4260 870 4302 coram
930 4244 1158 4299 testibus
1189 4244 1334 4297 obita
1359 4243 1566 4306 fuisset,
1596 4242 1802 4297 occulta
1841 4257 2059 4312 quoque

484 4355 549 4395 ac
568 4341 684 4395 sine
705 4340 929 4394 testibus
952 4336 1139 4391 fuisset
1158 4336 1276 4406 ejus
1302 4336 1645 4391 resurrectio.
1667 4333 1864 4390 Verum
1883 4336 2056 4389 enim-

484 4447 614 4487 vero
645 4445 808 4501 quam
863 4429 931 4484 ob
984 4443 1201 4483 causam
1249 4437 1476 4482 mortem
1536 4426 1750 4482 occulte
1797 4426 2053 4481 voluisset

483 4524 657 4589 obire,
688 4522 781 4593 qui
831 4529 1110 4591 postquam
1152 4519 1473 4583 resurrexit,
1515 4534 1666 4575 suam
1698 4519 2052 4574 resurrectio-
2087 4559 2131 4613 Β

484 4629 606 4668 nem
633 4612 806 4683 palam
833 4609 1180 4680 prmdicavit?
1236 4608 1328 4664 Vel
1375 4623 1474 4664 cur
1522 4609 1614 4662 ille
1656 4607 1749 4676 qui
1781 4608 2054 4662 daatnones

481 4720 662 4759 coram
690 4703 941 4758 omnibus
972 4700 1196 4771 expulit,
1252 4710 1307 4755 et
1338 4714 1484 4755 czeco
1511 4710 1636 4753 nato
1685 4698 1851 4752 visum
1893 4698 2047 4752 resti-

484 4798 605 4862 tuit,
633 4809 935 4865 aquamque
976 4796 1029 4848 in
1060 4793 1243 4847 vinum
1304 4793 1553 4856 mutavit,
1592 4802 1649 4844 ut
1705 4806 1799 4860 per
1839 4791 1953 4845 lta:c
1997 4806 2055 4846 se

484 4886 718 4942 Verbum
750 4886 845 4940 Dei
873 4901 995 4941 esse
1045 4885 1205 4941 [idem
1263 4886 1491 4950 faceret,
1527 4886 1578 4940 id
1629 4885 1769 4955 quod
1827 4885 2055 4941 mortale

481 4989 727 5035 eratnou
759 4978 813 5032 in
866 4980 1104 5032 omnium
1141 4991 1433 5047 conspectu
1491 4979 1861 5046 incorruptum
1902 4977 2054 5031 exiti-

482 5072 705 5137 buisset,
735 5086 843 5141 quo
893 5071 1009 5140 ipse
1048 5071 1159 5125 vita
1204 5085 1323 5125 esse
1372 5066 1736 5123 crederetur?
1774 5067 2054 5133 Quomodo

480 5182 612 5222 vero
640 5169 758 5237 ejus
779 5165 1021 5235 discipuli
1050 5166 1116 5220 de
1141 5162 1537 5219 resurrectione
1566 5160 1735 5214 libere
1758 5158 1900 5226 loqui
1936 5158 2054 5213 ausi

482 5261 734 5327 fuissent,
770 5263 861 5330 qui
892 5259 1039 5314 illum
1085 5260 1234 5331 prius
1269 5265 1544 5311 mortuum
1596 5252 1761 5307 fuisse
1787 5252 2058 5308 aliirmare

482 5367 587 5406 non
607 5351 865 5421 possent?
887 5351 994 5406 Aut
1020 5351 1288 5421 quomodo
1316 5347 1421 5401 illis
1439 5360 1562 5402 eum
1604 5346 1752 5415 prius
1784 5354 2056 5399 mortuum

482 5460 626 5511 esse,
654 5443 852 5499 deinde
884 5442 1252 5499 resurrexisse
1302 5439 1603 5495 dicentibus
1633 5438 1898 5492 creditum
1924 5436 2057 5491 fuis-

482 5546 591 5602 set,
618 5537 720 5592 nisi
750 5550 845 5592 eos
866 5536 1036 5607 ipsos,
1062 5536 1202 5603 apud
1251 5548 1387 5604 quos
1417 5533 1659 5619 ﬁdenter‘
1674 5530 2054 5599 loquebantur,

555 5662 667 5733 (39)
693 5662 786 5718 Sic
828 5679 957 5719 mss.
994 5663 1133 5718 Editi
1166 5677 1313 5725 vero,
1345 5662 1651 5733 ἀπόλειψιν.

585 5734 671 5803 l0)
704 5734 1090 5803 Seguerianus,
1114 5735 1349 5786 πάντων.

589 5799 676 5868 ll)
697 5799 806 5857 Sic'
823 5801 1049 5873 Seguer.
1072 5815 1125 5858 et
1146 5802 1696 5875 omnesinterpt‘etes.
1731 5799 1896 5868 Editi,
1920 5799 2048 5855 ναοῦ

2150 1962 2245 2016 τοῦ
2266 1964 2561 2035 γενομένην
2588 1968 2686 2035 τῆς
2718 1965 2922 2039 φθορᾶς
2943 1966 3231 2036 ἀπάλειψιν
3262 1968 3396 2037 (59),
3426 1969 3521 2022 καὶ
3551 1969 3736 2023 λοιπὸν

2151 2055 2249 2126 τὴν
2288 2055 2395 2110 τῶν
2428 2056 2693 2128 σωμάτων
2731 2058 3059 2130 ἀφθαρσίαν,
3096 2056 3165 2131 ἧς
3206 2063 3369 2114 πᾶσιν
3408 2061 3603 2131 ῶσπερ
3652 2063 3736 2114 ὲν-

2157 2148 2349 2221 ἐχυρον
2392 2151 2488 2203 καὶ
2527 2150 2811 2222 γνώρισμα
2835 2152 2932 2222 τῆς
2964 2152 3054 2205 ἐπὶ
3086 2153 3295 2215 πάντας
3324 2153 3436 2223 (40)
3467 2154 3735 2224 ἐσομένης

2144 2243 2499 2311 ἀναστάσεως
2530 2246 2845 2317 ήτετήρηκεν
2898 2245 3170 2327 ἄφθαρτον
3216 2247 3277 2299 τὸ
3326 2246 3523 2299 ἑαυτοῦ
3554 2246 3732 2317 σῶμα.

2154 2336 2215 2388 Εἰ
2250 2328 2363 2406 μὲν
2392 2332 2483 2391 οὖν
2518 2333 2584 2408 ἦν
2615 2338 2778 2395 πάλιν
2804 2339 3033 2409 νοσῆσαν
3056 2338 3117 2391 τὸ
3148 2339 3325 2409 σῶμα,
3364 2341 3458 2392 καὶ
3494 2340 3582 2393 ἐπ’
3614 2339 3732 2408 ὄψει

2154 2424 2369 2480 πάντων
2389 2428 2657 2492 διαλυθεὶς
2686 2430 2780 2482 ἀπ’
2804 2428 2967 2483 αὐτοῦ
2998 2432 3026 2483 ό
3058 2430 3251 2498 Λόγος,
3280 2430 3527 2502 ἀπρεπὲς
3547 2432 3645 2502 μὲν
3667 2427 3734 2502 ἦν

2152 2518 2242 2569 τὸν
2281 2519 2388 2571 τῶν
2424 2520 2598 2575 ἀλλων
2627 2521 2723 2585 τὰς
2752 2522 2939 2586 νόσους
2975 2521 3347 2593 θεραπεύοντα
3382 2526 3633 2595 παρορᾷν
3674 2523 3735 2577 τὸ

2156 2608 2283 2663 ἴδιον
2313 2611 2541 2681 ὄργανον
2577 2615 2633 2665 ὲν
2668 2612 2842 2676 νόσοις
2868 2613 3186 2684 τηκόμενον.
3224 2612 3347 2677 Πῶς
3386 2613 3497 2685 γάρ
3520 2614 3587 2668 ἂν
3617 2618 3735 2669 ἐπι-

2156 2699 2353 2770 στεύθη
2390 2700 2490 2765 τὰς
2522 2701 2692 2756 ἀλλων
2731 2702 3009 2767 ἀπελάσας
3048 2702 3353 2767 ἀσθενείας,
3381 2703 3735 2768 ἀσθενοῦντος

2154 2791 2212 2844 ἐν
2238 2790 2384 2862 αὐτῷ
2433 2791 2528 2845 τοῦ
2567 2793 2694 2846 ἰδίου
2735 2794 2900 2859 ναούς
2944 2794 3013 2846 Ἦ
3050 2793 3160 2865 γὰρ
3211 2793 3287 2855 ὡς
3326 2795 3387 2847 ού
3435 2795 3735 2866 δυνάμενος

2154 2884 2423 2939 ἀπελάσαι
2478 2885 2631 2939 νόσον
2675 2886 2974 2958 ἐγελάσθηο
3025 2887 3443 2958 ’ᾗῇ-,δυνάμενοῇ
3501 2890 3598 2943 καί⁵
3657 2890 3732 2960 μὴ

2155 2977 2345 3044 mm
2378 2977 2793 3049 ἀφιλάνθρωπος
2844 2978 2938 3032 καὶ
2985 2978 3120 3050 πρὸς
3167 2981 3291 3044 τοὺς
3316 2979 3511 3044 ἀλλους
3555 2982 3723 3051 ἐνομί-

2155 3069 2304 3133 ζετο.

2228 3251 2316 3306 25.
2353 3251 2414 3303 Ei
2438 3251 2495 3303 δὲ
2534 3250 2625 3303 καὶ
2653 3249 2821 3320 χωρίς
2842 3265 2987 3312 τινος
3008 3250 3159 3304 νόσου
3193 3250 3306 3320 (41)
3336 3252 3431 3304 καὶ
3455 3252 3627 3323 χωρίς
3657 3271 3737 3306 τι-

2161 3360 2248 3407 νος
2278 3342 2587 3414 ἀλγηδόνος,
2623 3342 2728 3413 ἰδίᾳ
2756 3360 2856 3396 που
2890 3343 2983 3397 καὶ⁵
3008 3342 3127 3396 καθ’
3163 3342 3354 3395 ἑαυτὸν
3397 3345 3455 3395 ἐν
3480 3345 3674 3415 γωνία,
3703 3345 3735 3415 ἦ

2162 3436 2219 3488 ἐν
2247 3435 2437 3505 ἐρήμῳ
2466 3432 2690 3502 τόπῳ,ἢ
2722 3431 2839 3485 κατ’
2861 3432 3055 3496 οἰκίαν,
3084 3432 3116 3503 ἢ
3144 3428 3275 3485 ὅπου
3305 3431 3505 3502 δήποτε
3534 3434 3597 3486 τὸ
3630 3436 3733 3487 σῶ-

2164 3541 2238 3594 μα
2290 3522 2503 3593 κρύψας
2534 3516 2623 3593 ἦν,
2659 3522 2752 3574 καὶ
2786 3520 2921 3591 μετά
2944 3520 3115 3574 ταῦτα
3138 3521 3298 3575 πάλιν
3342 3522 3605 3593 ἐξαίφνης
3635 3542 3739 3591 (ρα-
3797 3518 3804 3525 ’

2160 3614 2290 3677 νεὶς,
2331 3613 2513 3681 ἔλεγεν
2565 3612 2753 3665 ἑαυτὸν
2802 3613 2866 3665 ὲκ
2906 3610 3114 3683 νεκρῶν
3150 3613 3448 3683 ὲγηγὲρθαι
3474 3629 3489 3643 ⁸
3534 3613 3737 3683 μύθους

2164 3706 2261 3776 μὲν
2291 3704 2357 3758 ἂν
2388 3704 2531 3771 ἔδοξε
2564 3704 2743 3771 λέγειν
2768 3704 2918 3774 παρὰ
2945 3705 3130 3766 πᾶσιν,
3159 3703 3434 3774 ἠπιστήθη
3465 3703 3524 3756 δὲ
3558 3704 3738 3775 πολλῷ

2162 3794 2321 3848 πλέον
2375 3796 2470 3847 καὶ
2512 3794 2638 3865 περὶ
2684 3792 2785 3863 τῆς
2833 3793 3180 3857 ἀναστάσεως
3221 3793 3414 3862 λέγων,
3456 3794 3560 3846 οὐκ
3587 3795 3738 3858 ὄντος

2159 3885 2296 3949 ὅλως
2324 3884 2416 3938 τοῦ
2449 3884 2848 3956 μαρτυροῦντος
2869 3886 2994 3954 περὶ
3024 3884 3118 3937 τοῦ
3141 3884 3370 3938 θανάτου
3399 3884 3587 3938 αὑτοῦ.
3627 3886 3738 3956 Τῆς

2159 3976 2216 4029 δὲ
2236 3976 2581 4039 ἀναστάσεως
2604 3975 2961 4046 προηγεῖσθαι
2987 3976 3066 4030 δεῖ
3098 3974 3344 4038 θάνατον,
3372 3976 3497 4028 ἐπεὶ
3530 3978 3631 4029 οὐκ
3671 3978 3737 4029 ἂν

2161 4069 2248 4139 εἴη
2279 4070 2571 4131 ἀνάστασις
2618 4068 2691 4139 μὴ
2725 4069 3133 4139 προηγουμένου
3181 4068 3430 4121 θανάτου.
3472 4068 3637 4122 Ὅθεν
3690 4071 3735 4122 εί

2160 4160 2343 4233 κρύφα
2367 4177 2467 4213 που
2492 4160 2731 4229 ἐγεγόνει
2766 4160 2856 4213 τοῦ
2882 4161 3129 4230 σώματος
3156 4161 3185 4212 ὁ
3218 4160 3471 4224 θάνατος,
3508 4163 3571 4215 ού
3607 4179 3734 4231 φαι-

2161 4253 2383 4323 νομένου
2406 4252 2497 4306 τοῦ
2533 4251 2783 4317 θανάτου,
2817 4251 2936 4304 οὐδὲ
2961 4252 3050 4303 ἐπὶ
3089 4251 3381 4323 μαρτύρων
3416 4253 3731 4322 γενομένου,

2160 4344 2371 4414 ἀφανὴς
2426 4344 2519 4397 καὶ
2552 4345 2867 4416 ἀμάρτυρος
2895 4344 2988 4397 καί
3024 4345 3057 4414 ἡ
3088 4343 3279 4396 τούτου
3316 4345 3636 4408 ἀνάστασις.
3668 4347 3733 4396 "il

2160 4434 2249 4487 διὰ
2274 4435 2328 4487 τί
2351 4436 2449 4505 τὴν
2484 4436 2581 4505 μὲν
2614 4434 2911 4488 ἀνάστασιν
2942 4435 3238 4505 ἐκήρυττεν
3261 4435 3520 4498 ἀναστάς,
3554 4437 3645 4488 τὶν
3680 4435 3732 4487 δὲ

2162 4525 2387 4578 θάνατον
2403 4524 2621 4593 ἀφανῶς
2656 4524 2825 4577 ἐποίει
2858 4523 3143 4592 γενέσθαι;
3174 4526 3244 4576 Ἦ
3265 4525 3353 4577 διὰ
3386 4525 3439 4576 τί
3473 4526 3601 4588 τοὺς
3638 4527 3735 4596 μὲν

2158 4616 2417 4685 δαίμονας
2445 4616 2531 4667 ἐπ’
2564 4613 2682 4682 ὄψει
2709 4613 2926 4667 πάντων
2955 4614 3253 4684 ἀπήλαυνε,
3284 4616 3373 4667 τόν
3398 4633 3458 4668 τε
3488 4618 3553 4669 ὲκ
3588 4633 3735 4684 γενε-

2158 4708 2259 4779 τῆς
2288 4707 2486 4774 τυφλὸν
2507 4706 2828 4760 ἀναϐλέπειν
2862 4704 3052 4769 ἐποίει,
3086 4706 3181 4759 καὶ
3219 4707 3277 4759 τὸ
3305 4707 3448 4779 ὕδωρ
3489 4710 3568 4771 εἰς
3597 4704 3736 4761 οἶνον

2162 4800 2474 4869 μετέϐαλεν,
2502 4800 2588 4852 ἵνα
2609 4799 2674 4851 δι’
2698 4798 2877 4851 αὐτῶν
2904 4798 3166 4869 πιστευθῇ
3197 4799 3368 4867 Λόγος
3392 4799 3527 4852 Θεοῦ
3545 4816 3559 4828 ·
3590 4798 3651 4851 τὸ
3680 4799 3734 4851 δὲ

2160 4893 2350 4963 θνητὸν
2383 4894 2483 4945 οὐκ
2517 4892 2602 4945 ἐπ’
2632 4892 2753 4960 ὕψει
2780 4890 2994 4943 πάντων
3019 4889 3294 4961 ἄφθαρτον
3327 4891 3625 4953 ἐδείκνυεν,
3653 4892 3736 4943 ἵνα

2160 4979 2420 5050 πιστευθῇ
2451 4978 2610 5043 αὐτὸς
2652 4978 2725 5032 ῶν
2766 4982 2798 5050 η
2835 4978 2983 5049 ζωῆς
3020 4979 3146 5042 Πῶς
3173 4980 3228 5032 δὲ
3263 4980 3374 5049 (42)
3411 4981 3507 5033 καὶ
3538 4983 3589 5034 οἱ
3618 4981 3738 5034 τού-

2158 5089 2251 5124 του
2303 5071 2544 5141 μαθηταὶ
2582 5070 2891 5141 παρρησίαν
2917 5065 3059 5139 εἶχον
3088 5071 3215 5141 περὶ
3242 5070 3336 5123 τοῦ
3374 5072 3473 5143 τῆς
3505 5073 3739 5126 ἀναστά-

2164 5180 2300 5227 σεως
2326 5162 2507 5230 λόγου,
2545 5162 2644 5215 οὐκ
2681 5162 2892 5233 ἔχοντες
2923 5163 3118 5224 εἰπεῖν,
3154 5163 3236 5215 ὅτι
3268 5162 3483 5234 πρῶτον
3528 5164 3736 5218 ἀπέθα-

2161 5269 2282 5317 νεν;
2318 5254 2387 5304 Ἦ
2440 5252 2555 5315 πῶς
2613 5251 2677 5305 ἂν
2724 5251 3121 5321 ἐπιστεύθησαν
3167 5252 3413 5321 λέγοντες
3459 5256 3739 5323 γεγονέναι
3774 5248 3793 5299 ί

2162 5344 2376 5414 πρῶτον
2397 5342 2643 5408 θάνατον,
2695 5340 2813 5397 εἶτα
2834 5344 2929 5415 τὴν
2934 5343 3271 5408 ἀνάστασιν.
3307 5347 3355 5397 εί
3385 5345 3461 5417 μὴ
3493 5350 3627 5418 παρ’
3660 5341 3738 5410 οἷς

2161 5434 2649 5508 ἐπαρρησιάζοντο,
2685 5432 2827 5506 εἶχον
2868 5435 3090 5499 τούτους
3127 5437 3409 5508 μάρτυρας
3449 5438 3546 5491 τοῦ
3577 5439 3737 5493 θανά-

2166 5544 2256 5580 του
2285 5545 2299 5593 ;
2356 5527 2416 5579 Εἰ
2447 5527 2554 5599 γὰρ
2584 5530 2678 5581 καὶ
2701 5528 2890 5593 οὓτως,
2924 5528 3008 5581 ἐπ’
3034 5528 3156 5599 ὕψει
3183 5528 3401 5584 πάντων
3432 5530 3738 5602 γενομένων

2162 5666 2443 5720 mendose.

2161 5813 2181 5859 ι
2231 5736 2344 5861 (ΐὲ)
2375 5737 2596 5806 Seguer.
2647 5736 2702 5791 δέ
2752 5736 2838 5793 hic
2879 5733 3115 5792 inserit:
3160 5732 3251 5790 alii
3299 5745 3353 5791 et
3395 5736 3526 5791 editi
3578 5733 3738 5794 omit-

2185 5821 2253 5859 un
2284 5843 2299 5860 ε
