4006 6502
266 452 355 507 157

1242 442 1503 501 ORATIO
1541 443 1629 498 DE
1666 441 2178 498 INCARNA'I‘IONE
2219 441 2434 499 VERBI.

3373 442 3479 503 I33

258 580 343 619 sou
370 580 425 615 τε
452 561 683 615 Θανάτου
711 561 803 615 καὶ
829 560 924 631 τῆς
954 560 1323 624 ἀναστάσεως,
1341 560 1439 613 οὐκ
1463 558 1731 628 ἠθέλησαν
1760 576 1787 611 ο

1913 574 2026 629 ειυς
2051 568 2235 613 mortis
2268 568 2429 613 testes
2478 558 2832 613 habuissent?
2862 557 3089 621 Etenim,
3118 557 3161 611 si
3203 569 3376 613 morte
3418 565 3479 615 et

257 654 363 709 τότε
391 654 666 723 Φαρισαῖοι
692 651 984 716 πιστεύειν,
1020 649 1155 704 ἀλλά
1203 649 1296 701 καὶ
1328 650 1453 711 τοὺς
1492 648 1803 718 ἑωρακότας

257 748 342 815 τὴν
366 744 658 798 ἀνάστασιν
682 743 995 813 ἠνάγκασαν
1029 739 1363 814 ἀρνήσασθαι
1396 738 1600 798 ταύτην
1623 755 1637 768 ⁸
1672 737 1805 791 πάν-

257 856 348 900 τως
375 837 420 888 εξ
444 834 841 906 κεκρυμμένως
867 833 1106 901 ἐγεγόνει
1141 830 1337 891 ταῦτα,
1370 829 1543 894 πόσας
1572 831 1637 884 ἂν
1670 848 1803 902 προ-

256 928 429 995 φάσεις
464 925 723 988 ἀπιστίας
769 924 1018 979 ἐπενόουν
1050 922 1191 993 (45);
1232 922 1356 985 Πῶς
1386 921 1443 975 δὲ
1487 922 1594 993 ἄρα
1624 922 1684 974 τὸ
1711 922 1803 976 τοῦ

256 1017 459 1071 θανάτου
483 1015 636 1080 τέλος
666 1016 954 1079 ἐδείκνυτο,
988 1014 1081 1067 καὶ
1116 1016 1148 1086 ἡ
1188 1012 1328 1067 κατὰ
1352 1012 1541 1065 τούτου
1580 1013 1724 1083 νίκη,
1755 1014 1803 1065 εἱ

257 1111 319 1182 μὴ
344 1112 423 1162 ἐπ’
453 1110 572 1179 ὄψει
606 1110 827 1163 πάντων
872 1106 1376 1179 προσκαλεσάμενος
1414 1104 1574 1158 αὐτὸν
1610 1102 1802 1174 ἤλεγξε

255 1201 420 1273 νεκρὸν
444 1200 755 1257 κενωθέντα
777 1199 890 1271 (44)
910 1198 1093 1253 λοιπὸν
1120 1202 1185 1271 τῇ
1203 1198 1295 1252 τοῦ
1325 1196 1573 1269 σώματος
1595 1195 1804 1268 ἀφθαρ-

254 1293 331 1362 σίᾳ
348 1309 363 1357 ς

308 1472 386 1527 24.
414 1473 495 1526 Τά
548 1473 607 1526 δὲ
657 1473 754 1527 καὶ
801 1473 930 1543 παρ’
962 1471 1161 1543 ἐτέρων
1210 1471 1275 1524 ἂν
1306 1469 1584 1540 λεχθέντα,
1632 1468 1803 1523 ταῦτα

249 1564 509 1634 προλαϐεῖν
534 1564 647 1634 (45)
677 1565 828 1635 ἡμᾶς
851 1565 1143 1632 ἀναγκαῖον
1180 1564 1295 1625 ταῖς
1335 1560 1670 1629 ἀπολογίαις.
1697 1560 1803 1613 Τά·-

246 1654 432 1726 χαγάρ
462 1654 528 1708 ἀν
549 1672 638 1718 τις
672 1655 818 1707 εἴποι
846 1653 940 1707 καὶ
963 1653 1147 1706 τοῦτο’
1203 1654 1266 1705 El.
1317 1653 1401 1703 ἐπ’
1426 1652 1544 1721 ὄψει
1585 1651 1801 1704 πάντων

249 1747 324 1799 καί
340 1747 583 1818 ἐμμάρτυ
593 1763 688 1817 ρον
710 1746 817 1798 ἔδει
836 1744 1083 1813 γενέσθαι
1108 1743 1199 1797 τὸν
1223 1742 1411 1795 τούτου
1440 1742 1687 1803 θάνατον,
1715 1740 1801 1793 ἴνα

247 1834 325 1886 καὶ
348 1836 374 1886 6
404 1835 499 1911 τῆς
536 1834 897 1898 ἀναστάσεως
928 1833 1187 1903 πιστευθῇ
1213 1832 1395 1900 λόγος·
1432 1832 1537 1884 ἔδει
1561 1830 1663 1883 κᾶν
1700 1831 1798 1883 αὑ-

1908 651 2299 705 resurrectione
2322 665 2501 705 coram
2525 645 2774 704 omnibus
2798 649 3050 716 peractis,
3077 649 3331 705 Pharisaei
3352 667 3473 706 cre-

1906 742 2031 797 dere
2066 758 2168 796 non
2206 743 2375 797 solum
2429 741 2732 805 noluerunt,
2767 742 2857 795 sed
2887 742 3045 795 etiam
3076 741 3215 805 illos,
3262 743 3350 810 qui
3388 757 3476 797 re-

1904 833 2290 888 surrectionem
2316 833 2580 898 viderant,
2605 848 2722 885 eam
2748 845 2942 901 negare
2976 841 3263 900 coegerunt
3289 849 3303 896 ;
3342 846 3472 900 pro—

1904 922 2043 978 fecto
2063 924 2106 978 si
2132 923 2337 978 occulte
2378 925 2489 980 haec
2515 934 2631 977 acta
2670 922 2911 985 fuissent,
2940 929 3091 992 quot,
3119 937 3319 991 quaaso,
3343 939 3472 977 cau-

1905 1031 1993 1070 sas
2027 1030 2135 1069 non
2195 1016 2448 1070 credendi
2509 1014 2953 1086 excogitassent?
2990 1014 3265 1080 Quomodo
3313 1028 3474 1083 porro

1906 1102 2098 1157 mortis
2132 1103 2385 1159 interitus
2418 1115 2509 1158 aut
2553 1104 2776 1158 victoria
2831 1103 2896 1158 de
2954 1104 3140 1157 eadem
3197 1112 3472 1171 reportata

1903 1204 2029 1248 nota
2085 1193 2295 1259 fuisset,
2326 1194 2428 1249 nisi
2462 1194 2603 1248 illam
2636 1194 2686 1249 in
2726 1195 2963 1249 omnium
3018 1205 3303 1264 conspectu
3344 1210 3471 1264 pro-

1902 1294 2169 1350 vocatam,
2224 1294 2487 1339 mortuam
2540 1293 2595 1339 et
2653 1285 2736 1339 sui
2786 1290 3031 1357 corporis
3075 1286 3473 1357 incorruptione

1902 1376 2231 1430 exinanitam
2267 1375 2629 1429 ostendisset?

1969 1467 2060 1520 24.
2092 1466 2352 1521 Caeterum
2402 1480 2487 1534 ea,
2532 1481 2650 1535 qua;
2692 1466 2758 1520 ab
2791 1466 2909 1523 aliis
2956 1466 3094 1523 forte
3149 1467 3307 1537 obiici
3349 1482 3480 1538 pos-

1900 1568 2041 1623 sent,
2069 1574 2291 1615 necesse
2325 1569 2409 1614 est
2435 1572 2651 1629 quoque
2700 1569 2885 1615 nostra
2908 1560 3221 1615 defensione
3247 1572 3471 1616 anteoc-

1900 1665 2118 1719 cupare.
2144 1649 2197 1703 Id
2220 1664 2345 1719 ergo
2364 1648 2502 1703 forte
2523 1649 2644 1718 quis
2678 1651 3051 1718 proposuerit:
3078 1648 3133 1704 Si
3157 1649 3207 1703 in
3229 1649 3473 1705 omnium

1901 1750 2192 1808 conspectu
2226 1756 2287 1795 ac
2322 1755 2506 1795 coram
2537 1740 2760 1794 testibus
2790 1756 2912 1795 eum
2942 1742 3097 1794 mori
3125 1742 3381 1809 oportuit,
3413 1750 3474 1794 nt

1900 1831 2103 1886 scilicet
2128 1832 2438 1900 przedicatio
2473 1831 2886 1886 resurrectionis
2919 1831 3074 1885 fidem
3112 1832 3310 1887 habere
3344 1846 3469 1902 pos—

246 1923 319 1976 τδν
336 1925 503 1995 ἐαυτῷ
533 1925 655 1996 (46)
688 1924 895 1991 ἔνδοξον
914 1923 1299 1995 ἐπινοήσασθαι
1320 1923 1567 1986 θάνατον,
1597 1923 1682 1975 ἵνα
1711 1922 1792 1993 μό-

1900 1933 2002 1987 set,
2027 1922 2217 1976 saltem
2245 1921 2598 1977 honoriﬁcam
2628 1930 2859 1975 mortem
2892 1921 2995 1977 sibi
3042 1922 3238 1992 eligere
3263 1924 3465 1991 debuit,

245 2031 317 2067 νον
340 2017 429 2087 τὴν
450 2017 681 2087 ἀτιμίαν
700 2015 795 2069 τοῦ
826 2014 1060 2087 σταυροῦ
1097 2014 1264 2089 φύγῃ.
1307 2014 1445 2067 Ἀλλ’
1474 2014 1523 2066 εἰ
1552 2013 1644 2066 καὶ
1674 2012 1795 2066 τοῦ-

242 2123 290 2159 το
314 2109 531 2179 ποιήσας
557 2104 655 2179 ἦν,
692 2108 949 2161 ὑπόνοιαν
995 2107 1119 2160 καθ’
1152 2104 1346 2159 ἑαυτοῦ
1395 2107 1673 2175 παρεῖχεν,
1722 2104 1796 2167 ὡς

238 2198 285 2250 οὗ
315 2200 443 2252 κατά
477 2200 690 2263 παντὸς
730 2199 960 2253 Θανάτου
986 2198 1300 2269 δυνάμενος,
1345 2196 1479 2251 ἀλλά
1511 2196 1671 2267 μόνου
1701 2194 1793 2247 τοῦ

236 2292 340 2362 περὶ
368 2291 527 2345 αὐτοῦ
565 2291 944 2363 ἐπινοηθέντος
963 2309 977 2321 ·
1008 2291 1101 2344 καὶ
1127 2290 1276 2343 οὐδὲν
1298 2285 1461 2359 ἦττον
1490 2286 1647 2340 πάλιν
1673 2280 1740 2355 ἦν
1759 2287 1793 2355 ἡ

234 2383 471 2453 πρόφασις
502 2384 618 2455 τῆς
652 2384 783 2455 περ).
814 2386 914 2454 τῆς
948 2381 1293 2443 ἀναστάσεως
1322 2378 1595 2441 ἀπιστίας.
1635 2377 1794 2430 Ὅθεν

234 2476 280 2525 οὗ
308 2477 422 2547 παρ’
443 2474 643 2539 αὑτοῦ,
675 2474 793 2528 ἀλλ’
823 2474 883 2537 ἐξ
903 2471 1191 2543 ἐπιϐουλῆς
1210 2470 1425 2539 ἐγένετο
1450 2468 1559 2539 (47)
1594 2467 1671 2538 τῷ
1697 2466 1795 2520 σώ-

237 2582 343 2635 ματι
370 2568 395 2620 6
422 2566 664 2629 θάνατος
683 2583 698 2596 ·
730 2567 819 2619 ἵνα
854 2562 913 2618 ὃν
953 2564 1105 2619 αὐτοὶ
1148 2561 1539 2635 προσαγάγωσι
1568 2558 1646 2630 τῷ
1680 2560 1793 2612 Σω-

234 2657 335 2726 τῆρι
365 2658 618 2723 θάνατον,
659 2658 848 2711 τοῦτον
885 2655 1046 2720 αὐτὸς
1091 2653 1407 2725 ἐξαφανίσῃ.
1456 2652 1567 2704 Καὶ
1606 2649 1793 2720 ὥσπερ

233 2752 443 2815 γενναῖος
472 2750 809 2821 παλαιστὴς,
850 2748 1021 2819 μέγας
1049 2748 1122 2799 ὢν
1143 2749 1207 2817 τῇ
1235 2745 1445 2798 συνέσει
1481 2742 1575 2796 καὶ
1599 2745 1665 2812 τῇ
1701 2741 1793 2794 ἀν-

237 2840 375 2912 δρείᾳ,
401 2845 503 2897 οὐκ
551 2842 716 2905 αὐτὸς
745 2840 922 2911 ἑαυτῷ
954 2842 1075 2904 τοὺς
1116 2838 1439 2901 ἀντιπάλους
1487 2835 1788 2903 ἐκλέγεται,

236 2930 303 2984 ἵνα
326 2932 392 3003 μὴ
417 2932 687 2986 ὑπόνοιαν
711 2930 812 3000 τῆς
837 2930 970 3001 πρός
996 2945 1148 2991 τινας
1173 2926 1369 2988 δειλίας
1392 2924 1646 2994 παράσχη
1665 2937 1680 2953 ο
1707 2920 1794 2973 ἀλ-

233 3018 287 3074 λὰ
306 3025 362 3093 τῇ
391 3023 502 3077 τῶν
539 3020 891 3093 θεωρούντων
918 3019 1131 3071 δίδωσιν
1162 3015 1399 3086 ἐξουσίᾳ,
1428 3013 1521 3067 καὶ
1560 3012 1790 3082 μάλιστα
1827 3016 1830 3029 ’

233 3112 315 3165 κᾶν
343 3113 529 3186 ὲχθρο)¹
548 3112 915 3181 τυγχάνωσιν,
946 3110 1032 3163 ἵνα
1067 3108 1202 3178 πρὸς
1231 3107 1288 3160 ὂν
1315 3107 1381 3159 ἂν
1412 3102 1789 3176 συμϐάλλωσιν

232 3204 375 3267 αὐτοὶ,
406 3204 604 3258 τοῦτον
625 3202 791 3264 αὐτὸς
820 3200 1185 3271 καταῤῥάξας,
1222 3198 1484 3269 κρείττων
1520 3194 1628 3248 τῶν
1656 3192 1789 3247 πάνο

1899 2024 1957 2067 ιιι
1991 2012 2075 2067 vel
2106 2014 2283 2068 crucis
2324 2012 2670 2083 ignominiam
2702 2011 2979 2083 effugeret.
3022 2013 3182 2084 Atqui
3223 2013 3265 2069 si
3310 2014 3361 2069 id
3393 2015 3471 2069 fe-

1898 2105 2083 2169 cisset,
2118 2104 2411 2175 suspicioni
2445 2103 2621 2158 locum
2645 2104 2907 2158 adversus
2942 2103 3176 2172 Seipsum
3208 2103 3465 2171 dedisset,

1897 2196 2049 2265 quasi
2080 2196 2169 2265 qui
2203 2212 2307 2249 non
2348 2195 2587 2264 qualibet
2617 2202 2793 2250 morte
2818 2202 2961 2249 esset
3008 2194 3221 2259 fortior,
3251 2194 3345 2249 sed
3377 2194 3467 2249 illa

1896 2287 2158 2342 duntaxat
2208 2302 2367 2356 quam
2402 2286 2655 2356 elegisset
2705 2304 2718 2342 :
2770 2301 2834 2341 ac
2879 2285 3103 2355 proinde
3135 2301 3240 2340 non
3288 2287 3465 2340 minor

1897 2378 2090 2433 fuisset
2109 2379 2324 2433 occasio
2364 2377 2522 2432 fidem
2556 2378 2938 2433 resurrectioni
2963 2378 3269 2448 derogandi.
3309 2376 3464 2434 Unde

1901 2486 2006 2525 non
2033 2484 2099 2524 ex
2128 2470 2325 2539 seipso,
2362 2469 2455 2523 sed
2487 2484 2551 2523 ex
2596 2468 2806 2524 insidiis
2857 2485 3055 2540 corpus
3103 2469 3239 2523 mori
3269 2470 3462 2533 voluit,

1894 2570 1954 2614 ut
2002 2560 2254 2615 nimirum
2285 2576 2442 2630 quam
2497 2560 2570 2614 illi
2614 2569 2839 2615 mortem
2873 2559 3140 2616 Salvatori
3182 2560 3460 2623 inferrent.

1894 2666 2012 2706 eam
2045 2652 2159 2721 ipse
2188 2654 2510 2707 destrueret.
2547 2651 2625 2706 Ac
2662 2652 2821 2705 veluti
2846 2666 3136 2722 generosus
3158 2651 3302 2721 pugil
3331 2666 3461 2721 pru-

1896 2742 2075 2799 (lentia
2100 2753 2156 2797 et
2210 2743 2528 2800 fortitudine
2570 2758 2722 2813 aeque
2752 2743 2997 2813 insignis,
3056 2759 3158 2797 non
3194 2743 3327 2813 ipse
3360 2743 3461 2797 sibi

1894 2835 2236 2890 adversarios
2264 2834 2435 2905 eligit,
2487 2851 2554 2890 ne
2608 2835 2693 2889 cui
2733 2834 3037 2889 timiditatis
3071 2818 3199 2905 erga
3255 2834 3463 2904 aliquos

1892 2925 2248 2995 suspicionem
2280 2936 2493 2980 moveat
2522 2942 2538 2978 :
2566 2927 2659 2981 sed
2691 2925 2741 2979 id
2787 2934 3172 2994 spectatorum,
3203 2926 3461 2981 maxime-

1891 3034 1997 3087 que
2023 3017 2068 3072 si
2105 3016 2228 3072 illos
2259 3018 2600 3072 adversarios
2632 3017 2889 3087 patiatur,
2920 3016 3148 3071 arbitrio
3177 3018 3460 3086 permittit,

1851 3144 1857 3150 -
1893 3118 1951 3164 ut
1979 3119 2247 3178 prostrato
2273 3123 2335 3163 ac
2363 3110 2571 3163 devicto
2622 3122 2995 3177 quemcunque
3046 3107 3118 3161 illi
3145 3107 3460 3174 objecerint,

1891 3200 2141 3255 omnibus
2193 3198 2386 3254 fortior
2435 3198 2736 3263 habeatur;
2803 3199 2874 3251 ita
2948 3211 3161 3266 quoque
3216 3196 3457 3250 omnium

230 3312 315 3348 των
336 3262 601 3368 πιστευθῇ
619 3310 635 3326 ⁸
664 3262 841 3357 οὕτως
870 3262 1019 3363 καὶ-η
1186 3262 1402 3345 πάντων
1448 3288 1561 3357 ζωὴ
1599 3287 1627 3338 ὁ
1673 3284 1783 3358 (48)

1895 3294 2018 3360 vita,
2045 3292 2304 3347 Dominus
2356 3300 2411 3346 et
2439 3290 2688 3345 Salvator
2732 3299 2916 3345 noster
2953 3289 3200 3345 Christus
3230 3304 3335 3343 non
3364 3304 3459 3358 per

231 3388 402 3459 Κύριος
421 3389 522 3442 καὶ
547 3386 743 3458 Σωτὴρ
756 3383 913 3456 ἡμῶν
934 3386 961 3436 6
980 3382 1209 3455 Χριστὸς
1227 3382 1325 3453 οὐχ
1364 3379 1538 3449 ἐαυτῷ
1562 3378 1786 3432 θάνατον

231 3479 410 3533 ἐπενόει
439 3480 524 3550 τῷ
561 3478 799 3549 σώματι,
825 3477 911 3529 ἴνα
947 3473 1023 3545 μὴ
1053 3475 1128 3537 ὡς
1157 3475 1343 3544 ἓτερον
1373 3472 1581 3525 δειλιῶν
1608 3474 1747 3542 φανῇ
1768 3489 1781 3501 ·

230 3565 341 3619 ἀλλὰ
376 3569 468 3622 τὸν
519 3566 653 3638 παρ’
696 3564 918 3636 ἐτέρων,
959 3564 1053 3617 καὶ
1097 3554 1327 3634 μάλιστα
1371 3560 1461 3615 τὸν
1505 3560 1653 3633 παρά
1679 3559 1788 3612 τῶν

230 3658 431 3731 ἐχθρῶν,
474 3660 537 3712 ὃν
566 3656 818 3729 ἐνόμιζον
844 3652 982 3709 εἷναι
1026 3655 1195 3731 δεινὸν
1238 3655 1433 3707 ἐκεῖνοι
1478 3654 1572 3707 καὶ
1596 3653 1788 3721 άτιμον

228 3750 305 3802 καὶ
324 3751 579 3818 φευκτὸν,
608 3748 797 3803 τοῦτον
821 3747 979 3810 αὐτὸς
1006 3726 1063 3799 ἐν
1086 3745 1301 3817 σταυρῷ
1333 3744 1616 3814 δεχόμενος
1651 3742 1789 3813 ἠνεί-

230 3857 349 3909 χετο,
379 3845 467 3897 ἴνα
498 3842 619 3905 καὶ,
664 3840 857 3894 τούτου
884 3838 1294 3901 καταλυθέντος,
1328 3837 1483 3900 αὐτὸς
1518 3838 1613 3907 μὲν
1641 3836 1715 3889 ὢν
1753 3837 1786 3906 ἡ

231 3927 323 4001 ζωὴ
346 3930 639 4001 πιστευθῇ,
663 3928 758 3983 τοῦ
778 3928 834 3982 δὲ
862 3928 1092 3981 θανάτου
1120 3926 1181 3979 τὸ
1202 3926 1401 3997 κράτος
1436 3926 1619 3978 τέλεον
1658 3942 1789 3979 κατ-

231 4024 420 4095 αργηθῇ
438 4023 578 4094 (49).
598 4022 797 4088 Γέγονε
815 4019 943 4089 γοῦν
955 4037 1007 4071 τι
1026 4017 1333 4089 θαυμαστὸν
1356 4018 1449 4072 καὶ
1464 4016 1783 4089 παράδοξοψ

230 4112 274 4165 ὃν
283 4116 346 4183 γά
352 4133 382 4186 ρ
394 4113 646 4185 ἐνόμιζον
662 4112 855 4183 ἄτιμον
869 4110 1145 4182 ἐπιφέρειν
1160 4110 1404 4173 θάνατον,
1421 4103 1573 4174 οὗτος
1584 4106 1651 4180 ἦν
1661 4110 1785 4182 τρό-

230 4222 366 4262 παιον
397 4209 521 4261 κατ’
560 4205 725 4259 αὑτοῦ
751 4203 845 4257 τοῦ
862 4203 1107 4257 θανάτου.
1143 4203 1233 4255 Διὸ
1261 4203 1381 4255 οὐδὲ
1409 4204 1500 4256 τὸν
1542 4203 1787 4258 Ἰωάννου

230 4296 437 4352 θάνατον
461 4297 748 4368 ὑπέμεινε,
774 4292 1150 4365 διαιρουμένης
1169 4294 1267 4363 τῆς
1287 4294 1544 4365 κεφαλῆς,
1571 4294 1691 4348 οὐδὲ
1713 4294 1789 4358 ὼς

239 4386 447 4451 Ἡσαΐας
471 4386 733 4455 ἐπρίσθη,
767 4385 853 4438 ἴνα
887 4386 981 4438 καὶ
1009 4384 1089 4454 τῷ
1116 4384 1329 4455 θανάτῳ
1364 4384 1667 4456 ἀδιαίρετον
1695 4386 1789 4439 καὶ

230 4477 503 4551 ὁλόκληρον
549 4478 614 4551 τὸ
654 4475 813 4547 σῶμα
864 4475 1093 4548 φυλάξῃ,
1128 4476 1223 4528 καὶ
1262 4475 1338 4547 μὴ
1378 4476 1650 4546 πρόφασις
1680 4478 1790 4539 τοῖς

234 4534 557 4640 βξιλοεῖένοις
572 4550 579 4551 7
593 4534 818 4639 διαιρεῖν
847 4534 943 4636 τὴν
987 4534 1307 4638 σίάν
1324 4534 1576 4635 γένηται.

290 4660 373 4715 25.
404 4660 514 4715 Καὶ
544 4658 719 4711 ταῦτα
752 4656 850 4727 μὲν
877 4656 1011 4727 πρὸς
1032 4659 1156 4719 τοὺς
1185 4654 1382 4722 ἔξωθεν
1412 4656 1623 4718 ἑαυτοῖς
1640 4656 1784 4724 λογι-

233 4753 386 4821 σμοὺς
411 4747 877 4820 ἐπισωρεύοντας·
905 4747 1043 4802 aves
1073 4748 1166 4800 καὶ
1194 4748 1301 4800 τῶν
1329 4746 1388 4812 ὲξ
1412 4747 1567 4817 ἡμῶν
1592 4764 1673 4808 τις
1707 4747 1781 4817 μὴ

234 4842 297 4905 ὡς
323 4843 637 4912 φιλόνεικος,
680 4839 794 4893 ἀλλ’
820 4840 894 4903 ὡς
932 4839 1235 4911 φιλομαθὴς
1259 4839 1394 4911 ζητῇ
1426 4837 1575 4907 (50),
1615 4838 1701 4890 διά
1733 4838 1787 4891 τι

237 4934 303 5004 μὴ
329 4934 557 5005 ἑτέρως,
589 4932 725 4986 ἀλλά
770 4929 999 5002 σταυρὸν
1040 4931 1327 5000 ὑπέμεινεν
1352 4945 1365 4958 ·
1409 4927 1651 4982 ἀκουέτω
1695 4927 1785 4981 καὶ

235 5025 335 5094 (51)
371 5021 553 5088 οὗτος,
585 5025 670 5100 {in
714 5023 814 5076 οὐκ
857 5021 1028 5085 ἄλλως
1060 5022 1093 5095 ἢ
1126 5021 1295 5087 οὕτως
1329 5024 1458 5092 ἡμῖν
1499 5021 1782 5091 συνέφερε,

299 5178 398 5249 (45)
427 5181 647 5238 Gobler.
672 5189 724 5233 et
751 5177 990 5235 Felckm.
1025 5179 1046 5231 1
1086 5193 1273 5241 auon.,
1297 5177 1617 5249 ἐπενόησαν,

241 5315 251 5325 .
298 5244 400 5319 (44)
426 5253 517 5307 Sic
544 5253 769 5322 Seguer.
799 5262 958 5325 atque
991 5248 1061 5325 ita
1104 5249 1263 5303 etiam
1307 5244 1498 5325 legisse
1533 5244 1783 5325 videntur
1826 5244 1827 5247 “

242 5316 573 5387 interpretes,
610 5316 842 5390 quorum
873 5316 1208 5390 Omnibonus
1244 5328 1300 5390 et
1346 5319 1599 5390 Ambros.
1644 5316 1782 5367 hanc

243 5400 403 5443 Vocem
432 5387 669 5455 vertunt,
712 5390 1071 5451 exinanitum;
1104 5387 1379 5451 Nannius,
1422 5387 1634 5455 inanem
1668 5400 1783 5438 eam

243 5453 663 5531 exhaustumque.
692 5459 795 5513 Alii
838 5475 969 5515 mss.
1008 5469 1064 5531 et
1088 5456 1474 5531 editi_habent,
1510 5453 1782 5531 κενῴσαν-

244 5540 319 5647 ἴα.
349 5529 471 5586 Ibid.
502 5524 598 5586 καί
623 5544 749 5585 mox
778 5541 892 5601 seq.
920 5528 1174 5585 omittunt
1204 5525 1419 5582 Gobler.
1453 5535 1507 5581 et
1540 5524 1776 5581 Felckm.

300 5613 447 5647 300“-

300 5613 447 5655 300”.

305 5667 406 5739 (45)
435 5668 523 5725 Sic
559 5668 769 5739 Anglic.
808 5667 884 5739 Ita
933 5680 1147 5739 quoque
1207 5667 1550 5739 emendatum
1605 5675 1689 5720 est
1728 5665 1781 5719 in

246 5730 399 5792 Basili
418 5740 519 5795 Alii
547 5752 601 5795 et
624 5730 794 5795 editio
818 5730 1101 5799 ComineIZ,
1128 5736 1437 5807 προϐαλεῖν.

308 5807 408 5881 (46)
440 5811 667 5881 Seguer.
700 5808 864 5881 habet
884 5807 1080 5877 ἐαυτῷ,
1104 5808 1243 5875 quod
1271 5816 1321 5860 et
1349 5806 1782 5881 caprimuntonh

246 5886 330 5932 nes
361 5874 718 5952 interpretes;
755 5877 847 5935 alii
883 5874 1043 5935 vero'
1070 5892 1200 5933 mss.
1247 5885 1301 5933 et
1350 5874 1477 5933 editi
1512 5877 1779 5932 omittunt.

1888 3398 1948 3439 se
1993 3391 2220 3437 mortem
2255 3381 2495 3452 corporis
2525 3380 2739 3450 delegit,
2791 3396 2858 3435 ne
2889 3380 3053 3436 aliam
3102 3379 3457 3434 reformidare

1886 3475 2178 3540 videretur,
2216 3475 2309 3530 sed
2339 3475 2405 3529 ab
2430 3473 2550 3528 aliis
2598 3483 2652 3528 et
2680 3474 2947 3544 prmeipue
2979 3474 3047 3527 ab
3094 3472 3337 3528 hostibus
3368 3472 3448 3525 in-

1884 3564 2105 3633 iectam,
2138 3581 2299 3636 quam
2330 3580 2573 3635 asperam
2607 3565 2682 3620 illi
2720 3575 2777 3619 et
2811 3564 3221 3635 ignominiosam
3255 3563 3457 3634 fugien-

1887 3656 2118 3726 damque
2171 3657 2592 3722 arbitrabantur,
2642 3657 2757 3728 ipse
2817 3658 2869 3711 in
2906 3670 3068 3713 cruce
3118 3656 3298 3711 subire
3352 3670 3455 3709 non

1891 3749 2090 3813 renuit,
2150 3757 2209 3803 ιιι
2232 3757 2406 3804 morte
2446 3749 2725 3811 dissoluta,
2790 3748 2902 3818 ipse
2935 3747 3149 3818 quidem
3178 3747 3287 3800 vita
3338 3759 3458 3800 esse

1887 3842 2216 3908 crederetur,
2236 3848 2289 3896 et
2312 3841 2502 3897 mortis
2524 3842 2807 3911 imperium
2838 3840 3079 3895 funditus
3098 3846 3452 3893 everteretur.

1890 3930 2079 3986 Mirum
2108 3947 2234 4004 ergo
2261 3934 2511 4002 quiddam
2544 3942 2599 3988 et
2642 3934 3067 4003 inexspectatum
3124 3930 3339 3994 accidit,
3394 3939 3453 3983 ut

1888 4038 2047 4091 quam
2070 4022 2143 4078 illi
2170 4024 2575 4091 ignominiosam
2599 4033 2826 4080 mortem
2858 4024 3055 4079 inferre
3090 4026 3453 4092 putabant,ea

1889 4115 2148 4170 adversus
2172 4114 2339 4184 ipsam
2357 4126 2584 4169 mortem
2612 4115 2905 4185 tr0phaeum
2930 4124 3092 4170 esset.
3117 4113 3252 4168 lIinc
3280 4127 3451 4181 neque

1889 4204 2111 4262 Joannis
2140 4214 2365 4261 mortem
2396 4206 2587 4275 capitis
2616 4207 2983 4276 amputatione
3020 4219 3206 4274 passus
3226 4212 3327 4267 est,
3355 4217 3451 4256 ne-

1892 4310 1997 4365 que
2045 4297 2201 4351 sicuti
2248 4296 2411 4351 Isaias
2461 4306 2639 4351 sectus
2663 4307 2770 4360 est,
2800 4306 2857 4349 ut
2890 4305 2943 4351 et
2971 4295 3024 4351 in
3057 4293 3230 4348 morte
3260 4308 3456 4362 corpus

1890 4387 2009 4440 sine
2038 4386 2299 4441 divisione
2339 4386 2605 4455 integrum
2633 4396 2898 4450 servaret,
2921 4395 2975 4439 et
3008 4383 3150 4438 nulla
3181 4398 3345 4438 causa
3374 4385 3456 4438 bis

1892 4485 2203 4546 suppeteret
2238 4478 2330 4547 qui
2354 4476 2648 4533 Ecclesiam
2674 4477 2875 4532 vellent
2905 4476 3228 4533 discindere.

1962 4655 2056 4709 25.
2084 4656 2150 4711 Et
2184 4658 2299 4711 haec
2322 4656 2534 4725 quidem
2566 4657 2633 4711 ad
2664 4665 2917 4711 externos
2948 4656 3039 4726 qui
3070 4656 3173 4711 sibi
3203 4656 3337 4726 ipsis
3365 4670 3454 4709 ar-

1890 4756 2140 4817 gumenta
2180 4747 2355 4802 solent
2386 4748 2730 4803 accumulare
2754 4767 2767 4802 :
2798 4748 2842 4802 si
2871 4752 2991 4817 quis
3014 4762 3138 4801 vero
3158 4763 3227 4803 ex
3256 4750 3455 4805 nostris
3476 4807 3500 4835 ο

1888 4853 1992 4891 non
2029 4835 2133 4907 55
2163 4839 2521 4893 coutendendi
2580 4839 2672 4893 sed
2727 4840 2963 4894 discendi
3020 4839 3198 4894 studio
3222 4848 3452 4909 qureret,

1885 4947 1980 4985 cur
2016 4946 2119 4985 non
2174 4932 2333 4985 aliam
2387 4946 2544 5000 quam
2607 4932 2782 4987 crucis
2819 4943 3046 4987 mortem
3098 4933 3449 4989 toleraverit:

1885 5023 2241 5079 audiatetiam
2265 5025 2387 5091 iste,
2418 5024 2619 5080 idcirco
2645 5024 2744 5079 hoc
2767 5026 2956 5081 mortis
2981 5039 3147 5094 genus
3170 5025 3451 5081 Dominum

1879 5172 1956 5229 Id.
1996 5174 2221 5245 Seguer.
2248 5184 2302 5229 et
2327 5175 2564 5245 Anglic.,
2590 5177 2809 5235 Gobler.
2834 5186 2890 5232 et
2929 5174 3166 5232 Felckm.
3206 5176 3232 5232 I
3286 5190 3449 5232 anon.

1878 5259 2023 5316 mox,
2045 5246 2352 5316 ἐπινοῆσαι.

1948 5314 2064 5385 (47)
2101 5315 2193 5370 Sic
2220 5314 2441 5385 Seguer.
2466 5316 2628 5379 Editi,
2658 5315 2892 5384 ἐγίνετο).

1951 5383 2065 5453 (48)
2096 5386 2188 5441 Sic
2216 5383 2437 5455 Seguer.
2470 5386 2628 5441 Basil.
2662 5383 2876 5443 Gubler.
2911 5396 2963 5440 et
2986 5384 3221 5438 Felckm.
3274 5383 3325 5455 1A
3356 5399 3445 5437 an.

1877 5453 1980 5508 Alii
2009 5471 2129 5509 cum
2161 5453 2319 5511 editis
2346 5466 2450 5510 art.
2476 5458 2504 5510 6
2527 5459 2811 5521 omittunt;
2840 5457 2868 5508 6
2892 5472 3007 5524 seq.
3041 5456 3193 5509 abest
3232 5469 3261 5506 a
3288 5453 3445 5509 Gobl.

1879 5535 1931 5577 et
1963 5524 2195 5579 Feb-km.
2224 5526 2246 5578 I
2297 5542 2382 5579 an.

1949 5595 2062 5667 (49)
2096 5595 2201 5667 Τοῦ
2238 5596 2293 5649 δὲ
2340 5595 2673 5667 θανάτουυτδ
2704 5596 2907 5667 *κράτος
2945 5592 3126 5645 τέλεον
3171 5610 3445 5666 καταργη-

1877 5664 1942 5716 θῆ
1963 5663 2160 5718 desunt
2181 5666 2231 5719 in
2259 5666 2470 5721 Gobler.
2501 5677 2553 5718 et
2578 5663 2811 5717 Felckm.
2838 5664 2863 5716 I
2888 5681 2976 5716 an.

1940 5734 2064 5856 1{50)
2091 5734 2179 5789 Sic
2210 5736 2429 5805 Seguer.
2454 5734 2617 5788 Basil.
2637 5744 2690 5789 et
2712 5734 2915 5804 Anglic.
2946 5734 3047 5795 Alii
3090 5743 3143 5787 et
3172 5733 3319 5799 editi.
3350 5732 3447 5806 ζη-

1879 5820 1979 5857 τει.

1953 5874 2064 5944 (51)
2091 5872 2197 5927 Καί
2226 5886 2329 5927 non
2356 5871 2551 5928 habent
2574 5872 2784 5928 Gobler.
2811 5884 2861 5928 et
2884 5872 3117 5931 Feb-km.
3163 5873 3183 5929 I
3211 5888 3299 5931 an.
