4006 6520
582 456 685 513 £39

1171 455 1227 511 S.
1267 457 1630 512 ATIIANASII
1670 458 1820 513 OPP.
1860 456 2063 513 PARS.
2102 455 2143 511 l.
2184 488 2253 498 -
2291 453 2651 510 HISTORICA
2688 452 2771 508 ET
2812 454 3227 511 DOGMATICA.
3665 469 3749 523 ιω

577 573 882 645 pertulisse,
912 572 1199 641 quia-nulla
1224 574 1323 628 alia
1352 576 1504 629 nobis
1547 576 1892 630 conducebat.
1925 575 2057 630 Nam
2088 591 2103 631 ε

2204 632 2205 637 η
2237 575 2330 627 κα)⁵
2365 573 2523 626 τοῦτο
2562 573 2628 625 δι’
2656 574 2800 642 ἡμᾶς
2844 572 3023 635 καλῶς
3067 574 3354 642 ὑπέμεινεν
3393 574 3419 625 0
3443 573 3639 646 Κύριος.
3694 585 3747 640 Et

577 668 701 720 ideo
724 665 868 718 venit
894 673 952 717 ut
985 666 1429 730 maledictionem,
1476 667 1528 720 in
1561 682 1719 736 quam
1747 668 2127 733 incideramus,

574 766 832 825 portaret,
891 758 1157 825 quomodo
1196 758 1352 813 aliter
1381 757 1553 812 factus
1580 758 1767 812 fuisset
1803 758 2128 824 maledictio,

573 846 676 901 nisi
730 847 1120 903 maledictiouis
1149 858 1373 902 mortem
1426 847 1790 914 suscepisset?
1826 848 1899 901 Ea
1950 858 2127 903 autem

571 954 702 994 crux
726 946 829 1003 est,
876 952 996 991 nam
1034 938 1291 1006 scriptum
1322 947 1403 991 est
1432 955 1445 989 :
1479 937 1789 991 Maledictus
1832 938 1919 1006 qui
1942 939 2127 1005 pendet

569 1033 626 1088 in
654 1032 792 1101 ligno
810 1031 875 1083 “.
918 1030 1134 1093 Deinde,
1163 1030 1206 1083 si
1238 1044 1381 1083 mors
1407 1028 1613 1082 Domini
1643 1029 1869 1097 pretium
1910 1038 1989 1082 est
2012 1044 2127 1082 om-

570 1121 739 1186 nium,
776 1121 994 1191 ejusque
1045 1130 1215 1174 morte
1243 1120 1445 1173 medius
1487 1119 1665 1187 paries
1692 1120 1935 1173 maceriae
1965 1118 2127 1172 solvi-

568 1222 658 1268 tur
677 1214 740 1277 ⁸⁸,
769 1228 832 1267 ac
859 1212 919 1266 lit
951 1213 1157 1265 v-icatio
1184 1211 1441 1279 gentium,
1493 1209 1759 1277 quomodo
1802 1224 1896 1262 nos
1930 1223 2125 1262 convo-

565 1315 763 1369 casset,
819 1304 923 1359 nisi
989 1304 1177 1357 fuisset
1222 1302 1548 1356 cruciﬁxus?
1590 1301 1850 1370 siquidem
1901 1301 1953 1354 in
2012 1299 2119 1353 sola

561 1410 723 1453 cruce
752 1396 992 1451 extensis
1040 1395 1285 1449 manibus
1309 1394 1442 1448 mori
1478 1394 1597 1462 quis
1623 1402 1817 1463 potest.
1862 1393 2118 1458 Quocirca

561 1488 614 1543 id
640 1488 827 1542 mortis
858 1501 1026 1555 genus
1078 1485 1356 1539 Dominum
1384 1486 1492 1555 pati
1541 1493 1597 1539 et
1627 1499 1812 1538 manus
1833 1484 2121 1538 extendere

561 1579 759 1642 decuit,
800 1588 857 1631 ut
890 1577 1052 1631 altera
1077 1584 1308 1631 veterem
1336 1575 1605 1645 populum,
1648 1574 1812 1628 altera
1836 1583 2018 1642 gentes
2039 1584 2120 1627 at-

559 1671 818 1735 tra‘heret,
880 1684 945 1724 ac
988 1679 1239 1737 utrosque
1298 1668 1349 1722 in
1413 1668 1588 1735 seipso
1643 1666 2007 1735 conjungeret.
2061 1664 2115 1719 ld

557 1762 753 1831 quippe
803 1768 857 1815 et
904 1760 1015 1830 ipse
1048 1761 1181 1814 dixit
1233 1759 1541 1827 signiﬁcans
1572 1773 1673 1827 qua
1706 1769 1876 1811 morte
1928 1770 2115 1811 omnes

556 1860 701 1904 esset
747 1851 1117 1919 redempturus
1158 1867 1171 1903 :
1224 1848 1355 1903 Cum
1410 1848 1669 1902 exaltatus
1722 1848 1895 1914 fuero,
1938 1864 2112 1901 omnes

2233 662 2340 735 γάρ
2378 664 2474 733 τὴν
2507 664 2625 716 καθ’
2658 661 2811 731 ἡμῶν
2858 662 3151 732 γενομένην
3182 660 3421 731 κατάραν
3447 658 3593 733 ἦλθεν
3616 670 3750 732 αὐτὸς

2234 752 2518 821 βαστάσαι,
2558 750 2675 813 πῶς
2706 751 2771 804 ἂν
2796 750 2967 813 ἄλλως
3002 750 3215 817 ἐγένετο
3247 749 3473 820 κατάρα,
3504 754 3549 806 εί
3578 755 3642 825 μὴ
3673 759 3749 810 τὸν

2230 846 2322 899 ἐπὶ
2349 845 2560 915 κατάρᾳ
2592 844 2873 915 γένομενον
2907 843 3130 897 θάνατον
3167 842 3413 908 ὲδέξατο;
3439 845 3581 898 Ἔστι
3605 847 3655 899 δὲ
3672 842 3748 900 οὗ-

2227 952 2318 998 τος
2346 938 2373 988 ὁ
2407 936 2663 1007 σταυρός·
2692 933 2833 987 οὕτω
2864 934 2971 1005 γάρ
3006 934 3097 986 καὶ
3121 934 3422 1003 γέγραπται
3446 934 3547 1003 (52)
3567 953 3578 966 ·
3615 938 3744 991 Ἐπιο

2228 1027 2553 1094 κατάρατος
2576 1029 2608 1079 ἀ
2639 1026 2997 1095 κρεμάμενος
3027 1026 3123 1078 ἐπὶ
3161 1025 3371 1089 ξύλου.
3409 1027 3633 1091 Ἔπειτα,
3660 1032 3701 1081 εἰ
3724 1031 3749 1082 0

2228 1119 2451 1182 Θάνατος
2497 1118 2590 1171 τοῦ
2626 1118 2827 1189 Κυρίου
2870 1117 3058 1189 λύτρον
3104 1117 3221 1170 ἐστὶ
3276 1117 3504 1181 πάντων,
3549 1120 3634 1171 καὶ
3682 1122 3748 1192 τῷ

2227 1210 2437 1280 θανάτῳ
2474 1209 2660 1263 τούτου
2704 1210 2762 1263 τὸ
2809 1209 3115 1280 μεσότοιχον
3157 1208 3251 1261 τοῦ
3298 1209 3541 1280 φραγμοῦ
3568 1209 3748 1276 λύεται,

2225 1303 2317 1355 καὶ
2337 1304 2539 1369 γίνεται
2558 1302 2664 1354 τῶν
2696 1301 2861 1353 ἐθνῶν
2889 1302 2921 1371 ἡ
2956 1300 3145 1369 κλῆσις
3170 1317 3185 1331 ο
3216 1300 3331 1363 πῶς
3352 1300 3416 1353 ἂν
3442 1303 3578 1371 ἡμᾶς
3605 1321 3749 1373 προσ-

2223 1393 2535 1458 εκαλέσατο,
2595 1395 2643 1446 εἰ
2705 1394 2777 1463 μὴ
2827 1392 3167 1464 ὲσταύρωτο;
3224 1395 3282 1445 ὲν
3352 1392 3493 1463 μόνῳ
3547 1393 3645 1463 γὰρ
3682 1395 3750 1465 τῷ

2225 1484 2437 1554 σταυρῷ
2469 1484 2851 1554 ἐκτεταμέναις
2881 1484 3033 1554 χερσί
3061 1500 3143 1546 τις
3182 1482 3523 1552 ἀποθνήσκει.
3555 1484 3637 1536 Διὸ
3670 1486 3750 1538 καὶ

2221 1574 2375 1628 τοῦτο
2406 1576 2641 1647 ἔπρεπεν
2668 1577 2951 1644 ὑπομεῖναι
2977 1574 3069 1626 τὸν
3098 1573 3321 1642 Κύριον,
3357 1574 3445 1627 καὶ
3470 1574 3561 1637 τὰς
3586 1578 3749 1646 χεῖρας

2220 1668 2487 1730 ἐκτεῖναι,
2519 1668 2604 1718 ἵνα
2631 1669 2696 1736 τῇ
2731 1666 2829 1733 μὲν
2858 1665 2947 1717 τὸν
2994 1665 3217 1717 παλαιὸν
3255 1664 3410 1726 λαὸν,
3450 1668 3513 1735 τῇ
3552 1665 3604 1717 δὲ
3642 1668 3751 1728 τοὺς

2219 1757 2327 1809 ἀπὸ
2357 1756 2463 1810 τῶν
2504 1757 2670 1809 ἐθνῶν
2718 1756 2945 1829 ἐλκύσῃ,
2994 1755 3089 1809 καὶ
3137 1756 3472 1826 ἀμφοτέρους
3510 1756 3564 1808 ὲν
3594 1756 3750 1825 ἑαυτῷ

2206 1846 2447 1915 συνάψῃ.
2502 1845 2669 1898 Τοῦτο
2712 1846 2817 1917 γὰρ
2876 1847 2967 1898 καὶ
3008 1845 3169 1907 αὐτὸς
3217 1844 3455 1917 εἴρηκεν,
3498 1846 3751 1915 σημαίνων

554 1940 760 1992 traham
781 1939 849 1991 ad
872 1938 1201 2006 meipsum".
1232 1937 1514 2001 Praeterea,
1574 1937 1618 1991 si
1650 1936 1891 1991 diabolus
1941 1936 2103 1990 nostri

2209 1935 2347 2004 ποίῳ
2388 1934 2599 2004 Θανάτῳ
2641 1933 2829 2005 ἔμελλε
2877 1934 2987 2004 (55)
3035 1933 3352 2004 λυτροῦσθαι
3386 1936 3508 1995 τοὺς
3546 1934 3745 1996 πάντας.

552 2029 764 2099 generis
793 2029 981 2093 hostis,
1018 2044 1048 2084 e
1078 2029 1215 2083 ctelo
1236 2029 1507 2097 delapsus,
1539 2028 1680 2083 circa
1705 2030 1845 2083 hunc
1868 2029 2108 2083 intimum

550 2135 730 2175 aerem
759 2129 1004 2191 vagatur,
1028 2122 1116 2175 ubi
1146 2122 1263 2175 aliis
1291 2121 1619 2176 daemonibus
1646 2130 1827 2191 utpote
1858 2122 1907 2174 in
1934 2129 2113 2175 contu-

550 2213 722 2267 macia
759 2214 839 2268 sui
865 2214 1127 2268 similibus
1154 2214 1442 2283 imperans,
1468 2228 1650 2268 eorum
1681 2227 1839 2281 opera
1866 2213 2111 2266 homines

550 2303 835 2371 prmsliglis
864 2304 1094 2366 seducit,
1124 2312 1177 2357 et
1204 2305 1287 2357 his
1310 2304 1398 2371 qui
1423 2320 1632 2358 sursum
1653 2304 1874 2357 tendunt
1896 2303 2110 2355 obstare

548 2392 776 2453 nititur;
808 2406 911 2460 qua
941 2391 1009 2446 de
1042 2407 1100 2446 re
1120 2391 1412 2462 Apostolus
1440 2406 1455 2444 :
1497 2392 1793 2447 Secundum
1824 2392 2107 2457 principem

546 2484 815 2547 potestatis
850 2484 1007 2548 aeris,
1048 2485 1264 2551 spiritus
1307 2483 1397 2549 qui
1432 2499 1566 2536 nunc
1602 2493 1845 2551 aperatur
1879 2482 1935 2534 in
1983 2480 2108 2548 ﬁliis

545 2576 884 2630 contumacia:
900 2576 943 2606 ⁷¹
976 2594 989 2631 :
1016 2577 1059 2630 si
1088 2577 1301 2644 insuper
1321 2576 1464 2630 venit
1488 2576 1740 2630 Dominus
1763 2586 1820 2630 ut
1839 2574 2103 2629 diabolum

544 2672 873 2733 prosternat,
908 2679 1084 2719 aerem
1124 2674 1331 2735 purget,
1362 2680 1425 2719 ac
1464 2666 1615 2719 nobis
1644 2665 1779 2718 viam
1820 2664 1873 2717 in
1909 2662 2102 2717 coelum

542 2769 635 2823 per
666 2753 916 2815 velamen,
965 2754 1017 2807 id
1048 2764 1143 2817 est,
1188 2771 1393 2808 carnem
1422 2770 1569 2807 suam
1594 2756 1659 2818 τ’,
1700 2763 1758 2806 ut
1782 2755 1855 2807 ait
1875 2755 2104 2822 Aposto-

545 2844 649 2907 lus,
698 2844 943 2912 aperiat;
1016 2846 1240 2913 denique
1271 2845 1314 2899 si
1366 2846 1415 2899 id
1456 2853 1626 2899 morte
1656 2844 1951 2898 faciendum
1981 2844 2102 2909 fuit,

541 2950 795 3004 quanam,
842 2938 1049 2999 amabo,
1084 2937 1189 2991 aha
1222 2947 1391 2991 morte
1426 2937 1540 2991 haec
1580 2938 1874 3006 potuissent
1897 2937 2098 3006 peragi,

540 3025 643 3079 nisi
692 3040 763 3081 ea'
807 3041 965 3096 quam
1023 3028 1072 3081 in
1106 3043 1230 3081 aere
1260 3028 1312 3081 in
1368 3043 1526 3082 cruce
1567 3028 1782 3097 pertulit
1815 3028 2103 3083 Dominus?

543 3116 703 3173 Solus
740 3118 882 3173 enim
913 3120 998 3174 ille
1026 3120 1077 3174 in
1134 3134 1258 3174 aere
1288 3121 1514 3175 moritur
1542 3120 1630 3190 qui
1675 3122 1725 3176 in
1758 3136 1915 3175 cruce
1936 3122 2097 3175 vitam

2215 2026 2396 2080 Ὅταν
2426 2024 2659 2094 ὑψωθῶ,
2690 2026 2884 2097 φησιν,
2912 2024 3137 2090 πάντας
3166 2025 3404 2079 ἑλκύσω
3427 2025 3570 2093 πρὸς
3602 2025 3751 2092 ἐμαυ-

2210 2118 2335 2171 τόν.
2382 2116 2490 2169 Καὶ
2534 2116 2720 2181 πάλιν,
2765 2118 2811 2169 εί
2856 2119 2883 2169 0
2913 2116 3104 2187 ἐχθρὸς
3133 2114 3223 2169 τοῦ
3255 2115 3445 2184 γένους
3471 2116 3617 2186 ἡμῶν
3646 2116 3747 2168 διά-

2210 2208 2363 2271 ϐολος
2394 2209 2637 2262 ἐκπεσὼν
2681 2209 2786 2262 ἀπὸ
2830 2207 2923 2261 τοῦ
2962 2207 3210 2278 οὐρανοῦ,
3240 2208 3371 2279 περὶ
3399 2208 3489 2259 τὸν
3516 2206 3643 2277 ἀέρα
3673 2206 3751 2257 τὸν

2208 2294 2307 2352 ὦδε
2334 2300 2481 2353 κάτω
2508 2300 2792 2365 πλανᾶται,
2839 2300 2998 2352 κάκεῖ
3044 2298 3153 2351 τῶν
3199 2300 3295 2352 σὺν
3338 2297 3486 2368 αὐτῷ
3509 2297 3750 2367 δαιμόνων

2208 2394 2282 2456 ὡς
2306 2392 2501 2463 ὁμοίων
2526 2395 2583 2446 ὲν
2606 2394 2671 2461 τῇ
2700 2390 2949 2463 ἀπειθείᾳ
2971 2390 3313 2457 ἐξουσιάζων,
3348 2390 3637 2462 φαντασίας
3667 2388 3752 2458 μὲν

2206 2484 2272 2537 δι’
2298 2483 2472 2536 αὐτῶν
2495 2486 2704 2553 ἐνεργεῖ
2724 2485 2834 2546 τοῖς
2866 2483 3259 2553 ἀπατωμένοις,
3295 2484 3562 2552 ἐπιχειρεί
3581 2481 3633 2533 δὲ
3655 2483 3750 2542 τοῖς

2205 2575 2582 2647 άνερχομένοις
2625 2574 2967 2644 ὲμποδίζειν’
3021 2574 3115 2627 καὶ
3159 2574 3287 2645 περὶ
3322 2574 3514 2627 τούτου
3553 2572 3702 2642 φησιν
3726 2573 3752 2623 0

2216 2667 2531 2730 Ἀπὸστολος
2557 2684 2570 2697 ·
2598 2666 2758 2720 Κατὰ
2787 2666 2894 2719 τὸν
2921 2666 3180 2735 ἄρχοντα
3215 2666 3325 2734 τῆς
3358 2665 3635 2730 ἐξουσίας
3656 2662 3751 2717 τοῦ

2201 2758 2392 2825 ἀέρος,
2410 2757 2515 2810 τοῦ
2536 2758 2870 2826 πνεύματος
2892 2756 3002 2825 (54)
3030 2756 3134 2810 τοῦ
3156 2756 3271 2809 νῦν
3295 2755 3673 2825 ἐνεργοῦντος
3691 2753 3751 2805 ἐν

2201 2849 2325 2915 τοῖς
2358 2848 2505 2915 υἱοῖς
2544 2848 2653 2915 τῆς
2681 2850 3001 2913 ἀπειθείας.
3038 2843 3207 2901 Ἦλθε
3248 2847 3305 2899 δὲ
3350 2848 3463 2917 (55)
3492 2849 3519 2901 ὁ
3548 2845 3749 2915 Κύριος,
3852 2928 3858 2932 Ι

2201 2938 2285 2990 ἵνα
2313 2938 2402 2990 τὸν
2435 2938 2533 3008 μὲν
2571 2936 2812 2990 διάϐολον
2845 2936 3124 3009 καταϐάλῃ
3144 2977 3158 3002 ,
3187 2938 3278 2991 τὸν
3318 2937 3382 2991 δὲ
3415 2938 3550 3012 ἀέρα
3597 2935 3750 2989 καθα-

2203 3029 2347 3100 ρίσῃ,
2384 3030 2476 3082 κα)⁵
2518 3029 2807 3102 ὁδοποιήσῃ
2840 3030 2971 3100 ἡμῖν
3009 3030 3111 3101 τὴν
3155 3032 3235 3094 είς
3272 3031 3536 3103 οὐρανοὺς
3565 3028 3750 3091 ἄνοδον,

2198 3121 2273 3183 ὡς
2302 3116 2453 3174 εἶπεν
2488 3122 2516 3174 0
2558 3121 2892 3185 Ἀπόστολος,
2923 3121 3021 3174 διὰ
3064 3122 3171 3177 τοῦ
3216 3122 3750 3191 καταπετάσματος,

538 3210 707 3277 ponit.
735 3210 1066 3281 Quapropter
1095 3210 1402 3281 huiusmodi
1452 3220 1681 3266 mortem
1717 3213 2097 3267 convenienter

2204 3212 2355 3265 τοῦτ’
2392 3213 2521 3266 ἔστι
2558 3212 2667 3280 τῆς
2693 3212 2919 3281 σαρκὸς
2947 3215 3131 3268 αὑτοῦ
3154 3231 3167 3244 ·
3194 3214 3359 3269 τοῦτο
3400 3215 3457 3268 δὲ
3489 3215 3591 3267 εδει
3614 3211 3751 3281 γενέ-

538 3303 701 3357 subiit
725 3303 1000 3356 Dominus.
1038 3302 1149 3358 Hoc
1189 3303 1331 3358 enim
1363 3304 1521 3357 modo
1552 3318 1761 3357 sursum
1790 3304 1979 3366 elatus,
2009 3319 2097 3358 ae-

2204 3302 2322 3355 σθαι
2354 3302 2441 3356 διὰ
2468 3302 2561 3356 τοῦ
2600 3276 2828 3357 θανάτου
2854 3321 2867 3334 ο
2894 3276 3043 3373 -ποίῳ
3079 3305 3123 3357 δ’
3146 3304 3209 3358 ἂν
3240 3304 3390 3376 ἄλλῳ
3414 3276 3749 3373 θανάτῳ-ἐγε-

539 3408 707 3471 renta
738 3392 1014 3448 diabolicls
1044 3395 1397 3463 omnibusque
1423 3395 1718 3449 daemonum
1750 3396 1956 3450 insidiis
1975 3411 2098 3464 pur-

540 3484 708 3552 gavit,
741 3486 815 3539 uti
847 3486 929 3539 his
948 3486 1125 3540 verbis
1148 3495 1374 3540 testatus
1399 3497 1480 3540 est
1516 3505 1529 3539 :
1569 3485 1816 3540 Videbam
1841 3486 2092 3541 Satanam

535 3576 668 3626 sicut
692 3572 873 3643 fulgur
904 3575 1172 3628 cadentem
1195 3574 1261 3627 ⁷³.
1287 3575 1392 3629 lter
1422 3585 1600 3629 autem
1627 3577 1693 3629 ad
1716 3577 1907 3631 cmlum
1937 3579 2091 3631 nobis

535 3665 853 3717 instauravit
905 3665 1132 3719 dicens:
1170 3664 1405 3719 Attollite
1455 3676 1652 3735 portas,
1684 3668 1964 3737 principes,
2007 3686 2091 3723 ve-

532 3766 692 3817 stras,
736 3764 784 3808 et
838 3754 1130 3818 elevamini,
1183 3766 1346 3823 porta:
1374 3757 1641 3811 eetemales
1665 3759 1729 3810 ".
1786 3757 1894 3813 Nec
1942 3760 2084 3813 enim

532 3840 765 3895 Verbum
801 3857 935 3909 opus
959 3841 1143 3897 habuit
1168 3844 1420 3913 utjanuaa
1460 3856 1844 3910 reserarentur,
1874 3862 1995 3901 cum
2022 3849 2090 3901 sit

531 3931 787 3985 Dominus
833 3931 1099 3995 omnium;
1139 3948 1235 3987 nec
1278 3934 1566 4002 quidquam
1615 3951 1678 3989 ex
1708 3937 1867 3991 rebus
1891 3936 2087 3991 creatis

528 4022 771 4077 Creatori
803 4022 1040 4077 clausum
1095 4034 1210 4078 erat
1248 4027 1381 4089 ;sed
1435 4042 1532 4082 nos
1558 4028 1676 4097 ipsi,
1704 4043 1839 4098 quos
1874 4029 2089 4099 proprio

530 4129 627 4167 suo
653 4128 877 4184 corpore
909 4130 1119 4169 sursum
1156 4116 1434 4184 eli‘erebat,
1458 4132 1592 4188 opus
1624 4120 1705 4175 his
1741 4120 2084 4175 habebamus.

530 4203 665 4258 Nam
690 4208 1134 4274 quemadmodum
1158 4223 1349 4277 corpus
1378 4224 1476 4279 pro
1498 4212 1745 4265 omnibus
1774 4211 1931 4266 morti
1973 4221 2085 4266 tra-

525 4295 679 4361 didit,
748 4297 826 4352 sic
846 4297 1008 4352 etiam
1046 4314 1141 4369 per
1172 4299 1310 4353 idem
1336 4301 1463 4355 illud
1503 4301 1603 4355 iter
1644 4303 1695 4355 in
1729 4301 1923 4356 caelum
1958 4316 2085 4371 ape-

522 4387 650 4440 ruit.

2198 3394 2341 3463 γόνει
2361 3394 2584 3463 ταῦταῆ
2613 3394 2689 3464 τῷ
2720 3397 2777 3447 ὲν
2806 3395 2927 3467 ἀέρι
2956 3396 3248 3467 γενομένῳ,
3284 3397 3434 3467 φημὶ
3461 3395 3569 3464 (56)
3594 3396 3653 3464 δὴ
3681 3393 3751 3462 τῷ

2196 3484 2442 3557 σταυρῷ;
2495 3486 2823 3563 Μόνοςιγάρ
2857 3490 2913 3540 ὲν
2948 3488 3024 3557 τῷ
3067 3488 3190 3560 ἀέρι
3230 3506 3318 3551 τις
3350 3488 3688 3557 ἀποθνήσκει,
3723 3485 3750 3535 0

2194 3576 2409 3647 σταυρῷ
2460 3576 2845 3647 τελειούμενος.
2897 3578 2986 3631 Διὸ
3041 3580 3133 3631 καὶ
3174 3580 3403 3642 εἰκότως
3446 3578 3627 3631 τοῦτον
3661 3577 3750 3627 ὐπ-

2188 3667 2398 3737 έμεινεν
2433 3668 2461 3719 0
2486 3669 2713 3741 Κύριος.
2750 3669 2904 3723 Οὕτω
2934 3669 3041 3740 γὰρ
3085 3669 3344 3739 ὑψωθεὶς,
3381 3670 3473 3723 τὸν
3509 3669 3603 3740 μὲν
3628 3666 3750 3736 ἀέρα

2188 3758 2508 3829 ὲκαθάριζεν
2555 3761 2662 3813 ἀπό
2707 3778 2764 3812 τε
2810 3761 2908 3831 τῆς
2951 3760 3257 3830 διαδολικῆς
3304 3761 3408 3813 καὶ
3449 3761 3625 3828 πάσης
3656 3757 3752 3809 τῶν

2189 3845 2455 3916 δαιμόνων
2499 3848 2789 3917 ἐπιϐουλῆς
2821 3848 2988 3917 λέγων
3008 3867 3022 3880 ο
3079 3848 3408 3917 Ἐθεώρουν
3443 3848 3552 3902 τὸν
3580 3850 3750 3900 Σατα-

2188 3936 2306 3991 νᾶν
2330 3938 2410 4003 ὠς
2440 3938 2763 4008 ἀστραπὴν
2795 3941 3061 3994 πεσόντα
3080 3958 3093 3971 ο
3139 3941 3236 4013 τὴν
3271 3942 3333 3995 δὲ
3378 3943 3462 4005 εἰς
3508 3938 3751 4010 οὐρανοὺς

2190 4028 2372 4082 ἄνοδον
2423 4030 2679 4084 ὁδοποιῶν
2723 4032 3027 4096 ἀνεκαίνιζε
3085 4033 3253 4101 λέγων
3305 4034 3510 4088 πάλιν·
3564 4033 3752 4097 Ἄρατε

2188 4120 2407 4187 πύλας,
2448 4125 2502 4174 οἱ
2530 4122 2837 4192 ἄρχοντες,
2863 4122 3048 4193 ὑμῶν,
3078 4126 3173 4177 καὶ
3207 4125 3533 4195 ἑπάρθητε,
3580 4124 3748 4175 πύλαι

2188 4212 2427 4266 αὶώνιοι.
2455 4215 2529 4267 Οὐ
2560 4215 2667 4285 γὰρ
2697 4216 2857 4279 αὐτὸς
2885 4218 2912 4268 0
2937 4217 3108 4285 Λόγος
3128 4198 3195 4287 ἦν
3215 4218 3242 4268 0
3266 4217 3490 4288 χρῄζων
3512 4213 3748 4279 ἀνοίξεως

2186 4304 2295 4357 τῶν
2325 4305 2527 4368 πυλῶν,
2550 4306 2749 4379 Κύριος
2782 4308 2888 4360 τῶν
2917 4309 3129 4362 πάντων
3157 4308 3231 4360 ὥν
3251 4326 3264 4339 ο
3296 4309 3423 4362 οὐδὲ
3446 4304 3749 4375 κεκλεισμέ-

2187 4412 2275 4446 νον
2316 4392 2383 4464 ἦν
2432 4414 2484 4449 τι
2522 4396 2631 4449 τῶν
2682 4398 2996 4469 ποιημάτων
3039 4398 3114 4469 τῷ
3156 4403 3355 4471 ποιητῇ
3385 4417 3398 4430 ο
3450 4398 3565 4454 ἀλλ’
3604 4398 3748 4466 ἡμεῖς

521 4472 663 4549 ἦμεν
692 4479 741 4531 οί
776 4478 1085 4550 χρῄζοντες,
1117 4480 1208 4544 οὓς
1240 4480 1500 4552 ἀνέφερεν
1525 4476 1685 4545 αὐτὸς
1716 4481 1803 4534 διὰ
1827 4481 1919 4535 τοῦ
1962 4482 2090 4536 ἰδίου
2131 4486 2380 4555 σώματος
2436 4487 2620 4541 αὐτοῦ.
2673 4489 2761 4551 Ὠς
2821 4489 2928 4561 γὰρ
2971 4490 3109 4561 ὑπὲρ
3147 4491 3369 4545 πάντων
3404 4492 3540 4545 αὐτὸ
3589 4505 3747 4559 προσο

520 4570 717 4645 ήνεγκε
749 4568 826 4639 τῷ
877 4568 1121 4640 θανάτῳ⁹
1163 4569 1303 4622 οὕτω
1345 4571 1411 4622 δι’
1448 4570 1610 4623 αὑτοῦ
1642 4572 1800 4624 πάλιν
1838 4572 2133 4643 ὡδοποίησε
2172 4575 2268 4646 τὴν
2300 4578 2378 4638 εἰς
2404 4577 2663 4647 οὐρανοὺς
2696 4580 2897 4633 ἄνοδον.

590 4661 682 4715 26.
710 4660 875 4715 Recte
901 4676 1028 4731 ergo
1057 4671 1112 4716 et
1133 4663 1516 4719 convenienter
1543 4664 1829 4717 admodum
1859 4676 2084 4720 mortem

2256 4668 2344 4721 26.
2376 4668 2606 4740 Πρέπων
2636 4666 2729 4723 οὖν
2759 4671 2864 4740 ἄρα
2892 4673 2983 4725 καὶ
3009 4674 3263 4745 ἁρμόζων
3288 4676 3319 4728 0
3350 4677 3411 4730 ὲν
3438 4675 3519 4747 τῷ
3548 4669 3747 4744 σταυρῷ

522 4767 621 4819 pro
673 4752 826 4807 nobis
874 4752 927 4805 in
974 4766 1137 4806 cruce
1189 4752 1437 4806 toleravit
1484 4767 1499 4805 :
1548 4754 1699 4823 cujus
1745 4754 1957 4821 quidem
2003 4757 2079 4810 rei

2204 4758 2373 4826 γέγονε
2404 4760 2626 4824 θάνατος
2660 4762 2798 4833 ὑπὲρ
2834 4766 2864 4833 ἡ
2876 4764 2989 4833 μῶν
3013 4781 3025 4794 ·
3066 4767 3157 4819 καὶ
3190 4768 3222 4837 ἡ
3262 4767 3415 4821 αἰτία
3454 4768 3639 4821 τούτου
3663 4766 3745 4819 eii-

517 4857 679 4894 causa
720 4842 863 4894 omni
909 4857 970 4895 ex
1016 4850 1171 4910 parte
1213 4852 1372 4897 recta:
1422 4844 1615 4897 rationi
1652 4844 1803 4899 valde
1844 4855 1923 4900 est
1951 4862 2080 4900 con-

517 4943 800 4994 sentanea,
853 4934 936 4987 cui
989 4949 1180 5002 nempe
1231 4935 1301 4987 sit
1352 4935 1572 4989 evidens
1624 4952 1687 4989 ac
1738 4939 2077 5005 perspicuum

520 5024 747 5099 salutem
776 5025 1012 5077 omnium
1050 5040 1155 5078 non
1190 5028 1439 5093 potuisse
1471 5026 1625 5080 aliter
1649 5043 1808 5095 quam
1840 5044 1935 5094 per
1959 5046 2079 5083 cru-

518 5132 635 5168 cem
667 5115 897 5170 restitui.
930 5115 1167 5179 Namque
1197 5133 1263 5172 ne
1288 5118 1365 5171 sic
1389 5118 1602 5184 quidem
1628 5120 1715 5172 ille
1742 5120 1817 5172 vel
1845 5121 1894 5172 in
1920 5135 2079 5175 cruce

519 5207 735 5274 ignotus
758 5221 877 5261 esse
910 5222 1101 5276 passus
1136 5216 1239 5274 est,
1283 5206 1390 5262 sed
1417 5212 1523 5262 imo
1553 5220 1788 5262 creatam
1830 5220 2074 5264 naturam

585 5299 629 5372 ⁸-⁸
659 5298 808 5351 Deut.
843 5300 1091 5372 μεθῇ),
1131 5298 1305 5372 G_alat.
1361 5316 1445 5356 nt.
1488 5302 1541 5355 5.
1618 5303 1661 5333 δ’
1695 5302 1956 5372 Εριιθειιν
1999 5306 2083 5359 N-

512 5367 561 5401 ⁷³
597 5366 725 5422 Luc.
756 5368 923 5431 x,18.
997 5370 1044 5401 ⁷⁸
1068 5369 1207 5423 Psal.
1238 5386 1389 5436 xxnt,
1414 5372 1466 5423 7.

585 5479 699 5549 (ὅὲ)
728 5480 1019 5555 Gobler_._et
1055 5478 1295 5555 Fclckm.
1334 5481 1355 5534 l
1397 5496 1511 5555 an,
1534 5482 1780 5555 σταυρὸς,
1812 5484 1951 5537 καθά
1980 5486 2076 5555 γέ-

514 5566 775 5619 γραπται.
802 5551 1011 5617 Anglic.
1040 5550 1180 5620 item
1209 5549 1313 5620 γάρ
1341 5567 1442 5603 non
1473 5553 1654 5620 habet.

586 5620 696 5692 (55)
723 5620 942 5692 Gobler.
965 5618 1198 5692 lielckm.
1223 5619 1257 5671 2
1276 5618 1363 5683 an.
1386 5632 1439 5674 el
1462 5619 1708 5689 Seguer.,
1738 5623 1938 5692 μέλλει.
1958 5624 2077 5685 Mox

514 5689 853 5764 tene-{valeam
887 5690 937 5739 in
972 5688 1273 5764 Segueraet
1298 5700 1399 5764 art.
1431 5688 1605 5764 0‘ante
1628 5688 1837 5764 ἐχθρός.

727 5757 831 5829 Τοῦ
860 5757 1344 5829 ξπῖεὗμαῖίξςλιῖρρει
1365 5761 1415 5812 in
1446 5757 1667 5829 chuer.

584 5824 696 5898 (55)
726 5826 813 5879 Sic
847 5824 1063 5885 Gobler.
1102 5825 1278 5881 Feick.
1325 5831 1343 5882 i
1392 5846 1477 5885 an.
1519 5824 1571 5886 ct
1600 5832 1820 5894 Sequor.
1870 5833 1973 5889 Alii
2026 5845 2076 5891 et

2182 4848 2336 4917 λογος
2362 4851 2471 4920 (57)
2508 4852 2678 4924 ἐφάνη
2706 4854 2843 4905 κατά
2870 4854 3065 4917 πάντα,
3098 4857 3191 4910 καὶ
3220 4859 3468 4921 δικαίους
3497 4860 3607 4930 ἔχει
3628 4860 3743 4922 τοὺς

2180 4940 2489 5011 λογισμοὺς,
2515 4944 2595 4997 ὅτι
2632 4944 2705 5016 μὴ
2739 4946 2909 5009 ἄλλως
2951 4948 3085 5001 ἀλλά
3124 4949 3209 5001 διὰ
3252 4952 3349 5003 τοῦ
3389 4953 3624 5023 σταυροῦ
3646 4954 3744 5006 ἔδει

2180 5033 2426 5101 γενέσθαι
2470 5035 2564 5106 τὴν
2607 5039 2875 5110 σωτηρίαν
2915 5039 3021 5092 τῶν
3066 5041 3299 5097 πάντων.
3355 5046 3467 5097 Καὶ
3498 5044 3605 5115 γὰρ
3643 5043 3741 5096 οὐδ’

2180 5122 2351 5185 οὕτως
2392 5124 2569 5195 ἀφανῆ
2613 5128 2801 5181 ἑαυτὸν
2840 5130 2957 5182 οὐδὲ
3006 5131 3063 5181 ἐν
3109 5132 3184 5200 τῷ
3229 5135 3455 5205 σταυρῷ
3501 5136 3737 5205 ἀφῆκεψ

2184 5213 2319 5267 ἀλλά
2356 5218 2493 5269 κατά
2521 5220 2773 5288 περιττὸν
2804 5220 2898 5288 τὴν
2933 5222 3030 5290 μὲν
3057 5223 3225 5276 κτίσιν
3246 5224 3425 5277 ἐποίει
3458 5226 3741 5298 μαρτυρεῖν

3321 5317 3369 5348 ⁷²
3401 5317 3566 5373 Hebr.
3586 5334 3633 5380 ι,
3657 5316 3737 5371 20.

2194 5308 2240 5340 7°
2266 5307 2417 5364 Joau.
2476 5324 2575 5375 xu,
2603 5310 2716 5377 52.1
2788 5314 2830 5344 ⁷¹
2856 5314 3048 5383 Ephes.
3086 5331 3143 5379 tt,
3169 5316 3225 5368 2.

2175 5488 2305 5542 editi
2337 5488 2393 5541 δέ
2414 5489 2686 5545 omittunt.

2242 5559 2351 5636 (56)
2380 5559 2631 5636 Sic_Gob.
2657 5560 2767 5618 Fel.
2822 5563 2849 5615 1
2909 5576 2997 5616 an.
3021 5576 3075 5619 et
3105 5564 3227 5636 ch.
3258 5566 3365 5623 Alii
3391 5578 3448 5625 et
3472 5568 3560 5625 ed.
3584 5566 3737 5625 Com-

2172 5630 2296 5680 mel.
2330 5630 2590 5684 τουτέστι.

2244 5698 2355 5771 (57)
2387 5699 2692 5755 Gobierian.
2735 5708 2786 5755 et
2827 5700 3133 5759 Felckman.
3184 5705 3205 5760 l
3261 5722 3551 5779 anonym,
3592 5708 3736 5762 εὔλο-

2171 5784 2285 5835 γον.
