4006 6546
269 416 355 474 Nl

1282 414 1539 473 ORATIO
1574 416 1663 473 DE
1704 416 2213 479 INCARNATIONE
2253 423 2481 479 VERBI.

3395 422 3501 479 NB

274 536 362 606 τὴν
394 534 484 587 τοῦ
526 534 730 605 ἑαυτῆς
761 535 1089 606 δημιουργοῦ
1125 538 1422 607 παρουσίαν
1449 554 1461 567 ·
1511 537 1603 591 τὸν
1640 538 1696 590 δὲ
1722 540 1831 591 ἐαυ-

1946 541 2219 598 Creatoris
2247 545 2589 613 praesentiam
2634 542 2824 597 mirum
2874 542 2924 597 in
2958 543 3169 596 modum
3206 542 3375 596 voluit
3419 552 3498 596 te-

273 624 358 677 τοῦ
396 624 519 678 ναὸν
552 624 615 677 τὸ
645 623 759 694 (58)
796 625 953 696 σῶμα
980 627 1079 679 οὑκ
1108 628 1199 679 ἐπὶ
1230 626 1361 680 πολὺ
1404 627 1583 698 μένειν
1606 629 1838 698 ἀνασχό-

279 734 442 788 μενος,
471 718 613 773 ἀλλά
643 718 804 788 μόνον
826 718 1003 785 δείξας
1026 722 1215 791 νεκρὸν
1240 725 1304 793 τῇ
1329 720 1419 774 τοῦ
1454 722 1681 776 θανάτου
1707 722 1839 793 πρὸς

275 808 392 863 αὐτὸ
433 809 747 880 συμπλοκῇ,
778 816 1013 880 τριταῖον
1051 813 1248 876 εὐθέως
1276 814 1560 884 ἀνέστησε,
1605 815 1838 886 τρόπαια

275 904 358 954 καὶ
388 902 542 965 νίκας
576 903 718 956 κατὰ
748 904 839 956 τοῦ
866 904 1091 958 Θανάτου
1126 906 1305 977 φέρων
1332 909 1429 976 τὴν
1456 908 1513 958 ὲν
1536 906 1613 977 τῷ
1632 906 1838 977 σώματι

272 995 559 1063 γενομένην
601 994 911 1077 ἀφθαρσίαν
952 998 1042 1051 καὶ
1086 998 1370 1051 ἀπάθειαν.
1432 999 1693 1053 Ἢδύνατο
1744 1000 1839 1070 μὲν

274 1087 370 1158 γὰρ
415 1087 508 1139 καὶ
550 1090 683 1157 παρ’
716 1089 855 1143 αὐτὰ
908 1089 996 1142 τοῦ
1044 1090 1270 1143 Θανάτου
1309 1094 1370 1144 τὸ
1400 1091 1556 1163 σῶμα
1580 1094 1838 1163 διεγεῖραι

275 1180 357 1233 καί
383 1179 541 1233 πάλιν
570 1180 743 1246 δεῖξαι
776 1179 883 1244 ζῶν
910 1199 921 1212 ·
946 1182 1075 1235 ἀλλά
1102 1184 1191 1236 καὶ
1217 1184 1372 1236 τοῦτο
1401 1184 1578 1247 καλῶς
1608 1184 1839 1257 προϊδὼν

234 1334 237 1335 ν
274 1274 299 1324 ὁ
330 1272 512 1342 Σωτήρ
555 1274 619 1325 οὐ
673 1274 993 1344 πεποίηκεν.
1044 1269 1179 1327 Εἷπε
1215 1275 1323 1347 γὰρ
1370 1277 1434 1331 ἄν
1470 1294 1553 1340 τις
1597 1277 1838 1348 μηδόλως

272 1363 388 1416 αὐτὸ
414 1363 762 1432 τεθνηκέναι,
806 1364 838 1435 ἣ
883 1365 1013 1435 μηδὲ
1056 1367 1233 1421 τέλεον
1280 1367 1441 1420 αὐτοῦ
1480 1368 1569 1421 τὸν
1615 1369 1837 1422 θάνατον

270 1454 578 1521 ἐψαυκέναι,
608 1457 658 1505 εἰ
687 1457 818 1525 παρ’
846 1456 983 1509 αὐτὰ
1010 1456 1105 1527 τὴν
1136 1458 1423 1511 ἀνάστασιν
1449 1453 1514 1527 ἦν
1549 1458 1834 1522 ἐπιδείξας.

272 1546 406 1613 Τάχα
453 1546 508 1598 δὲ
562 1546 661 1600 καὶ
707 1549 764 1599 ὲν
801 1546 899 1617 ἴσῳ
944 1548 1037 1602 τοῦ
1069 1549 1428 1620 διαστήματος
1469 1550 1616 1612 ὄντος
1649 1550 1739 1603 τοῦ
1779 1568 1836 1602 τε

270 1638 485 1692 θανάτου
518 1641 621 1693 καὶ
649 1641 751 1710 τῆς
774 1640 1140 1705 ἀναστάσεως,
1164 1641 1355 1711 ἄδηλον
1385 1642 1593 1708 ὲγίνετο
1622 1640 1681 1693 τὸ
1711 1641 1839 1711 περὶ

268 1730 357 1799 τῆς
398 1732 717 1802 ἀφθαρσίας
766 1732 938 1795 κλέος.
990 1732 1186 1797 Ὅθεν,
1224 1734 1307 1785 ἵνα
1349 1732 1533 1804 δειχθῇ
1563 1734 1749 1804 νεκρὸν
1778 1734 1839 1786 τὸ

271 1824 435 1892 σῶμα,
462 1825 563 1876 καὶ
593 1824 724 1893 μίαν
745 1824 1001 1894 ὑπέμεινε
1035 1825 1202 1895 μέσην
1225 1828 1251 1878 ὁ
1276 1826 1463 1892 Λόγος,
1490 1827 1582 1879 καὶ
1602 1830 1837 1895 τριταῖον

270 1911 410 1963 τοῦτο
456 1915 634 1969 πᾶσιν
668 1912 869 1978 ἔδειξεν
901 1914 1171 1985 ἄφθαρτον
1237 1916 1435 1969 Ἕνεκα
1482 1916 1580 1988 μὲν
1609 1910 1700 1969 οὖν
1745 1916 1838 1969 τοῦ

272 2003 534 2077 δειχθῆναι
573 2006 663 2060 τὸν
709 2008 939 2061 θάνατον
984 2009 1040 2059 ἐν
1073 2008 1150 2078 τῷ
1201 2009 1429 2078 σώματι,
1473 2011 1709 2080 τριταῖον
1748 2009 1841 2062 ἀν-

271 2094 452 2165 έστησε
476 2097 645 2151 τοῦτο
666 2116 681 2129 ·
711 2100 799 2152 ἵνα
826 2099 881 2152 δὲ
912 2100 983 2170 μὴ
1006 2102 1097 2154 ἐπὶ
1128 2100 1262 2153 πολὺ
1289 2101 1568 2169 διαμεῖναν
1596 2101 1688 2153 καὶ
1709 2100 1841 2170 φθα-

271 2186 350 2254 ρὲν
362 2186 549 2240 τέλεον
582 2188 811 2261 ὕστερον
840 2192 1144 2262 ἀναστήσας
1164 2192 1456 2262 ἀπιστηθῇ,
1480 2193 1553 2255 ὡς
1570 2194 1667 2246 οὐκ
1688 2192 1837 2255 αὐτὸ,

265 2278 367 2329 ἀλλ’
397 2280 597 2350 ἕτερον
629 2282 791 2353 σῶμα
819 2283 995 2354 φέρων
1016 2302 1027 2313 ·
1068 2284 1253 2354 ἔμελλε
1292 2285 1401 2355 γὰρ
1432 2286 1495 2340 ἄν
1524 2303 1604 2348 τις
1637 2285 1729 2338 καὶ
1753 2284 1838 2337 διὰ

262 2370 339 2477 τὸν
368 2372 492 2441 (59)
527 2376 722 2477 χφνον
747 2377 995 2430 ἀπιστεῖν
1020 2377 1097 2448 τῷ
1134 2380 1471 2450 φαινομένῳ,
1497 2380 1593 2432 καὶ
1620 2378 1838 2433 ἐπιλαν-

263 2461 517 2518 θάνεσθαι
548 2461 657 2519 τῶν
707 2470 1015 2539 γενομένων
1041 2487 1053 2499 ·
1106 2471 1193 2525 διὰ
1236 2472 1390 2525 τοῦτο
1425 2473 1485 2525 οὐ
1525 2472 1692 2526 πλείω
1731 2472 1839 2526 τῶν

264 2552 411 2623 τριῶν
435 2556 677 2626 ἡμερῶν
694 2558 970 2628 ἠνέσχετο,
1001 2560 1121 2613 οὐδὲ
1151 2561 1241 2614 ἐπὶ
1267 2563 1398 2616 πολὺ
1428 2563 1552 2625 τοὺς
1572 2563 1836 2616 ἀκούσαν-

263 2659 348 2705 τας
386 2644 565 2697 αὑτοῦ
612 2646 741 2717 περὶ
775 2648 873 2713 τῆς
909 2649 1251 2712 ἀναστάσεως
1288 2650 1679 2721 παρείλκυσεν⁸
1722 2650 1836 2705 ἀλλ’

265 2731 333 2786 ἔτι
390 2737 511 2789 τῶν
560 2738 740 2791 ἀκοῶν
774 2740 952 2793 αὐτῶν
979 2741 1197 2795 ἔναυλον
1223 2744 1449 2811 ἑχόντων
1479 2743 1647 2814 [ἴσως
1682 2744 1836 2814 ἐχου-

266 2824 382 2897 σῶν]
420 2828 523 2880 τὸν
562 2827 740 2896 λόγον,
781 2830 873 2882 καὶ
908 2830 985 2882 ἔτι
1014 2832 1121 2885 τῶν
1152 2832 1443 2900 ὀφθαλμῶν
1474 2832 1654 2887 αὐτῶν
1682 2834 1835 2887 ἐκδε-

266 2916 541 2985 χομένων,ν
581 2919 675 2971 καὶ
721 2919 821 2989 τῆς
868 2920 1103 2984 διανοίας
1139 2921 1317 2974 αὐτῶν
1359 2924 1696 2993 ήρτημένης,
1745 2924 1838 2977 καὶ⁴

265 3002 476 3065 ζώντων
501 3004 595 3059 ἐπὶ
618 3007 722 3077 γῆς
750 3006 830 3059 ἔτι
854 3048 869 3071 ,
899 3009 990 3061 καὶ
1022 3011 1113 3062 ἐπὶ
1145 3011 1324 3064 τόπων
1370 3011 1479 3082 (60)
1517 3012 1683 3066 ὄντων
1726 3012 1834 3065 τῶν

265 3093 706 3162 θανατωσάντων,
748 3101 842 3153 καὶ
870 3103 1285 3174 μαρτυρούντων
1317 3105 1443 3177 περὶ
1475 3106 1568 3158 τοῦ
1605 3104 1834 3160 θανάτου

263 3188 342 3239 τοῦ
362 3190 638 3260 κυριακοῦ
671 3191 943 3262 σώματος,
969 3194 1125 3258 αὐτὸς
1150 3198 1177 3248 ὁ
1207 3197 1299 3248 τοῦ
1325 3196 1459 3249 Θεοῦ
1483 3197 1606 3260 Υἱὸς
1634 3200 1691 3251 ὲν
1712 3216 1832 3270 τρι-

262 3278 382 3350 ταίῳ
414 3281 755 3352 διαστήματι
788 3283 849 3336 τὸ
871 3286 1156 3356 γενόμενον
1195 3288 1385 3356 νεκρὸν
1432 3285 1587 3358 σῶμα
1634 3288 1832 3354 ἔδειξεν

259 3372 521 3427 ἀθάνατον
561 3378 654 3429 καὶ
695 3376 999 3449 ἄφθαρτον·
1050 3381 1143 3432 καὶ
1185 3380 1468 3451 ἀνεδείχθη
1522 3384 1708 3448 πᾶσιν,
1754 3383 1834 3435 ὅτι

231 3466 347 3541 βούκ
384 3466 649 3539 ἀσθενείᾳ
678 3469 893 3537 φύσεως
914 3469 1006 3522 τοῦ
1041 3473 1375 3536 ἐνοικοῦντος
1407 3474 1579 3542 Λόγου
1606 3475 1834 3543 τέθνηκε

220 3546 229 3593 τ’
258 3556 312 3607 τὸ
341 3557 527 3627 σῶμα,
566 3558 679 3611 ἀλλ’
715 3560 811 3611 ἐπὶ
842 3560 919 3629 τῷ
946 3562 1035 3613 τὸν
1066 3561 1289 3615 θάνατον
1311 3564 1734 3635 ἐξαφανισθῆναι
1777 3567 1834 3618 ὲν

218 3668 219 3673 η
258 3646 402 3717 αὐτῷ
434 3652 501 3719 τῇ
529 3648 759 3719 δυνάμει
789 3648 881 3701 τοῦ
913 3650 1182 3721 Σωτῆρος.

1940 635 2184 689 stiﬁcari.
2217 635 2499 705 Templum
2533 650 2745 704 quoque
2766 650 2920 689 suum
2954 650 3143 702 nempe
3169 648 3364 704 corpus
3390 650 3494 686 non

1940 726 2027 779 diu
2068 727 2317 781 exanime
2362 727 2545 797 jacere
2601 726 2747 789 sivit,
2805 726 2898 779 sed
2946 740 3068 779 cum
3124 725 3248 778 illud
3309 725 3498 779 mortis

1939 831 2229 885 congressu
2266 827 2537 871 mortuum
2569 815 2912 877 ostendisset,
2942 818 3095 870 tertia
3136 813 3223 869 die
3262 814 3440 868 statim
3466 832 3496 867 a

1943 910 2173 964 mortuis
2201 912 2477 977 excitavit,
2501 911 2742 980 corporis
2773 908 3225 977 incorruptionem
3262 916 3317 961 et
3343 906 3496 960 indo-

1942 1000 2185 1066 lentiam,
2210 1000 2373 1055 veluti
2409 1001 2644 1069 trophaaa
2678 1010 2735 1055 et
2766 1000 2993 1068 palmas,
3035 1008 3206 1053 morte
3233 1000 3375 1052 victa
3416 1012 3495 1051 re-

1941 1100 2184 1158 portans.
2213 1090 2432 1145 Poterat
2473 1092 2688 1161 quidem
2738 1091 2916 1145 statim
2952 1099 3071 1159 post
3114 1099 3341 1145 mortem
3376 1103 3497 1143 cor-

1941 1198 2038 1252 pus
2067 1183 2403 1237 exsuscitare
2440 1192 2488 1236 et
2531 1182 2708 1235 vivum
2748 1182 2943 1237 iterum
2970 1183 3273 1236 ostendere.
3300 1178 3495 1233 Verum

1942 1275 1993 1328 id
2032 1291 2135 1328 non
2167 1274 2285 1329 sine
2326 1290 2515 1344 magna
2539 1275 2871 1343 providentia
2907 1273 3084 1328 facere
3114 1274 3283 1327 noluit
3310 1272 3498 1327 Salva»

1941 1376 2043 1422 tor.
2082 1366 2360 1434 Siquidem
2388 1368 2510 1421 inde
2547 1367 2811 1437 potuisset
2844 1366 3042 1435 aliquis
3070 1366 3332 1435 suspicari
3374 1366 3498 1421 illud

1942 1474 2279 1527 nequaquam
2322 1467 2590 1512 mortuum
2630 1474 2771 1521 esse,
2808 1457 2889 1512 vel
2934 1474 3036 1511 non
3077 1458 3295 1511 omnino
3331 1457 3437 1529 56
3469 1473 3498 1511 a

1941 1560 2114 1605 morte
2147 1562 2345 1606 tactum
2370 1551 2558 1615 fuisse,
2598 1551 2641 1604 si
2670 1551 2816 1605 illico
2848 1551 3255 1605 resurrexisset.
3284 1550 3501 1604 Fortas-

1941 1643 2200 1697 sisetiam
2230 1642 2276 1697 si
2306 1642 2495 1697 eodem
2527 1641 2784 1711 temporis
2806 1642 2981 1712 spatio
3011 1657 3154 1696 mors
3181 1651 3235 1695 et
3256 1655 3498 1698 resurre-

1940 1736 2049 1786 ctio
2096 1734 2424 1798 evenissent,
2466 1733 2887 1801 incorruptionis
2928 1732 3090 1787 decus
3140 1734 3402 1788 incertum
3448 1741 3502 1785 et

1944 1825 2180 1894 ignotum
2241 1823 2451 1878 fuisset.
2517 1824 2805 1889 Quocirca,
2866 1832 2925 1877 ut
2980 1838 3174 1893 corpus
3226 1830 3500 1875 mortuum

1941 1917 2104 1971 fuisse
2128 1924 2422 1979 constaret,
2454 1915 2626 1970 media
2659 1931 2764 1969 una
2795 1914 2882 1967 die
2905 1930 3119 1983 passum
3139 1923 3223 1969 est
3241 1911 3498 1978 Verbum,

1939 2014 1994 2062 et
2032 2020 2228 2074 corpus
2258 2006 2415 2059 tertia
2440 2006 2526 2059 die
2559 2006 2813 2059 omnibus
2840 2005 3209 2071 incorruptum
3238 2003 3495 2057 ostendit.

1938 2098 2141 2167 itaque,
2169 2110 2227 2150 ut
2260 2111 2457 2165 corpus
2489 2110 2612 2152 vere
2646 2106 2916 2150 mortuum
2951 2094 3114 2147 fuisse
3152 2093 3495 2148 manifestum

1938 2198 2103 2251 esset,
2130 2189 2259 2242 illud
2288 2188 2441 2242 tertia
2484 2187 2569 2242 die
2596 2187 2963 2242 exsuscitavit.
3007 2186 3081 2240 Ne
3110 2194 3286 2239 autem
3324 2185 3375 2239 id
3416 2184 3497 2237 in»

1938 2280 2195 2335 credibile
2242 2280 2531 2343 videretur,
2584 2279 2834 2347 aliudque
2888 2292 3009 2330 eum
3052 2276 3251 2331 habere
3299 2290 3496 2346 corpus

1943 2378 2194 2441 putarent
2222 2369 2488 2433 homines,
2509 2369 2553 2423 si
2586 2367 2834 2422 nimirum
2869 2383 2972 2422 non
2997 2366 3097 2421 nisi
3130 2373 3249 2435 post
3272 2364 3494 2420 multum

1940 2463 2219 2532 temporis,
2255 2477 2379 2517 cum
2409 2461 2519 2529 jam
2545 2460 2759 2528 penitus
2786 2457 2978 2514 fuisset
3010 2468 3344 2526 corruptum,
3369 2457 3496 2510 illud

1940 2555 2064 2608 vitae
2115 2552 2440 2607 reddidisset
2496 2552 2619 2621 (nec
2649 2554 2791 2605 enim
2826 2548 3123 2605 defuissent
3154 2551 3244 2618 qui
3278 2559 3496 2618 propter

1936 2648 2227 2718 longiorem
2285 2661 2489 2701 moram
2550 2645 2705 2700 fidem
2764 2659 2867 2698 non
2911 2642 3248 2708 adhiberent,
3294 2651 3348 2697 et
3376 2656 3496 2711 qua:

1936 2751 2055 2796 acta
2090 2747 2273 2794 essent
2304 2736 2773 2806 obliviscerentur)
2809 2756 2822 2791 :
2877 2736 3078 2790 idcirco
3115 2750 3218 2789 non
3268 2734 3496 2804 amplius

1936 2844 2098 2900 quam
2144 2837 2254 2883 tres
2292 2828 2408 2883 dies
2447 2826 2801 2896 exspectavit,
2840 2841 3012 2896 neque
3048 2825 3165 2879 illos
3210 2826 3302 2894 qui
3342 2840 3401 2879 se
3432 2826 3497 2880 de

1938 2920 2336 2975 resurrectione
2373 2919 2641 2977 dicentem
2673 2917 2957 2971 audierant
2990 2917 3041 2970 in
3077 2917 3289 2987 longius
3318 2916 3495 2972 distu-

1937 3013 1996 3066 lit
2022 3030 2036 3079 ;
2066 3011 2158 3066 sed
2198 3026 2318 3065 cum
2355 3010 2474 3080 ejus
2508 3008 2687 3066 verbis
2720 3008 2951 3065 illorum.
2979 3022 3138 3065 aures
3173 3007 3345 3061 adhuc
3373 3021 3494 3076 per-

1937 3110 2240 3168 sonarent;
2284 3116 2406 3157 cum
2462 3117 2584 3156 eum
2631 3100 2805 3156 adhuc
2853 3102 3072 3156 attentis
3117 3107 3494 3170 exspectarent

1938 3194 2132 3259 oculis,
2186 3202 2241 3248 et
2290 3193 2469 3249 animo
2512 3202 2692 3249 essent
2722 3194 2965 3261 suspensi
3000 3210 3014 3255 ;
3050 3208 3170 3249 cum
3222 3193 3397 3248 adhuc
3440 3193 3493 3249 in

1936 3297 2078 3340 terra
2124 3283 2367 3339 viverent
2416 3293 2471 3339 et
2519 3286 2708 3339 iisdem
2756 3286 2806 3339 in
2850 3283 2982 3339 locis
3021 3293 3365 3338 versarentur
3399 3285 3493 3353 qui

1931 3380 2078 3434 illum
2104 3377 2417 3432 occiderant
2451 3385 2505 3431 et
2532 3376 2720 3431 mortis
2762 3376 3020 3431 Dominici
3049 3375 3289 3445 corporis
3328 3384 3493 3431 testes

1930 3480 2129 3537 erant;
2171 3470 2285 3538 ipse
2333 3469 2423 3523 Dei
2462 3467 2632 3523 Filius
2663 3483 2877 3537 corpus,
2907 3467 3049 3537 quod
3089 3467 3254 3520 trium
3283 3466 3492 3521 dierum

1931 3563 2105 3632 spatio
2134 3570 2405 3616 mortuum
2445 3561 2637 3625 fuerat,
2686 3560 2990 3615 immortale
3027 3570 3080 3615 et
3126 3561 3492 3628 incorruptum

1930 3653 2196 3717 exhibuit,
2242 3652 2525 3722 palamque
2584 3651 2783 3705 factum
2838 3660 2922 3705 est
2970 3666 3073 3706 non
3125 3650 3492 3706 imbecillitate

258 3753 461 3798 naturae
494 3742 654 3798 Verbi
706 3743 1056 3801 inbabitantis
1107 3756 1378 3802 mortuum
1421 3761 1541 3804 esse
1591 3763 1813 3820 corpus,
1879 3749 1972 3805 sed
2032 3759 2090 3804 ut
2135 3763 2281 3803 mors
2316 3750 2517 3805 virtute
2565 3747 2862 3804 Salvatoris
2906 3746 2959 3800 in
3011 3746 3126 3816 ipso
3184 3746 3491 3801 destruere‘

258 3842 362 3889 tur.

319 3929 409 3983 27.
458 3928 566 3983 Τοῦ
608 3931 706 4001 μὲν
744 3931 854 4003 γάρ
898 3932 1285 3988 καταλελύσθαι
1326 3936 1415 3990 τὸν
1448 3937 1695 4003 θάνατον,
1737 3940 1829 3991 καὶ

259 4021 407 4093 νίκην
451 4023 574 4076 κατ’
604 4024 770 4076 αὑτοῦ
801 4026 1125 4095 γεγενῆσθαι
1152 4028 1242 4080 τὸν
1285 4030 1536 4100 σταυρὸν,
1587 4032 1681 4084 καὶ
1728 4049 1829 4102 μη-

258 4114 365 4168 κέτι
392 4116 579 4170 λοιπὸν
608 4116 834 4188 ἰσχύειν,
865 4117 978 4171 ἀλλ’
1006 4115 1140 4172 εἶναι
1166 4120 1357 4190 νεκρὸν
1396 4122 1555 4177 αὑτὸν
1590 4123 1824 4194 ἀληθῶς,

258 4210 536 4282 γνώρισμα
579 4213 680 4266 οὐκ
722 4214 899 4281 ὀλίγον
943 4216 1037 4269 καὶ
1073 4216 1253 4281 πίστις
1302 4220 1536 4291 ἐναργὴς
1570 4220 1631 4274 τὸ
1675 4222 1823 4293 παρὰ

259 4303 465 4357 πάντων
500 4304 610 4356 τῶν
655 4305 747 4358 τοῦ
776 4305 1009 4376 Χριστοῦ
1059 4308 1317 4379 μαθητῶν
1351 4312 1511 4365 αὑτὸν
1540 4301 1825 4385 ἂαταφρο-

2004 3942 2093 3995 27.
2126 3939 2350 3996 Mortem
2385 3940 2528 3996 enim
2563 3940 2878 3996 dissolutam
2912 3955 3033 3996 esse
3073 3948 3127 3995 et
3152 3952 3312 3994 cruce
3338 3937 3494 3992 devi-

1933 4042 2098 4096 Ctam,
2133 4047 2232 4087 nec
2258 4047 2375 4087 eam
2402 4031 2631 4102 amplius
2664 4032 2771 4087 vim
2803 4031 2961 4085 ullam
3002 4031 3221 4096 habere,
3252 4031 3343 4085 sed
3369 4043 3493 4084 vere

1933 4134 2197 4180 mortuam
2238 4138 2378 4188 esse,
2413 4139 2516 4179 non
2555 4133 2713 4180 tenue
2747 4135 3121 4195 argumentum
3169 4124 3262 4179 sed
3301 4122 3490 4178 certis-

1931 4221 2124 4274 simum
2152 4218 2409 4271 indicium
2444 4226 2545 4280 est,
2590 4218 2732 4284 quod
2761 4219 2827 4272 ab
2877 4218 3127 4272 omnibus
3160 4216 3358 4273 Christi
3408 4216 3490 4269 di-

1929 4307 2150 4378 scipulis
2195 4308 2282 4361 illa
2329 4316 2728 4373 contemnatur,
2778 4324 3069 4378 omnesque
3116 4310 3288 4363 eidem
3325 4308 3493 4362 insul-

259 4396 472 4459 νεῖσθαι,
511 4396 608 4450 καὶ
642 4397 848 4460 πάντας
874 4398 1170 4451 ἐπιϐαίνειν
1216 4403 1333 4454 κατ’
1368 4401 1529 4455 αὐτοῦ
1550 4443 1564 4467 ,
1596 4405 1690 4456 καὶ
1720 4421 1824 4473 μη-

1934 4410 2063 4464 tent,
2091 4414 2189 4452 nec
2215 4399 2325 4466 jam
2358 4400 2425 4451 ab
2457 4399 2566 4453 illis
2601 4400 2869 4463 timeatur,
2911 4400 3003 4454 sed
3046 4400 3199 4468 signo
3230 4400 3407 4453 crucis
3435 4408 3493 4453 et

259 4488 365 4540 κέτι
392 4489 675 4556 φοϐεῖσθαι
708 4488 895 4541 τοῦτον
918 4531 933 4553 ,
964 4489 1097 4542 ἀλλά
1127 4490 1202 4560 τῷ
1226 4491 1440 4562 σημείῳ
1470 4492 1562 4544 τοῦ
1592 4492 1827 4561 σταυροῦ

260 4582 340 4633 καὶ
365 4584 429 4652 τῇ
469 4583 553 4644 είς
585 4580 821 4651 Χριστὸν
852 4582 1029 4635 πίστει
1055 4586 1390 4636 καταπατεῖν
1421 4584 1581 4637 αὑτὸν
1625 4586 1701 4647 ὡς
1739 4600 1826 4636 νε-

260 4674 395 4743 κρόν.
432 4674 611 4727 Πάλαι
648 4674 747 4744 μὲν
768 4673 875 4744 γὰρ
901 4676 1027 4742 πρὶν
1046 4675 1144 4746 τὴν
1181 4675 1332 4731 θείαν
1362 4676 1652 4747 ἐπιδημίαν
1673 4675 1825 4742 γενέ-

259 4764 367 4819 σθαι
393 4766 484 4819 τοῦ
508 4767 761 4837 Σωτῆρος
780 4805 793 4827 ,
835 4752 1061 4837 φοϐερὸς
1076 4762 1148 4838 ,ἦν
1170 4768 1264 4820 καὶ
1297 4770 1479 4831 αὐτοῖς
1503 4770 1616 4829 τοῖς
1648 4766 1821 4836 ἁγίοις

255 4854 541 4921 ὁθάνατος,
596 4858 693 4910 καὶ
722 4855 835 4926 (61)
880 4856 1075 4921 πάντες
1112 4858 1237 4921 τοὺς
1267 4857 1707 4927 ἀποθνήσκοντας
1746 4857 1821 4919 ὠς

257 4947 627 5019 φθειρομένους
669 4948 930 5019 ἐθρήνουν
957 4966 969 4979 ·
1012 4951 1231 5022 dignos
1275 4951 1370 5004 τοῦ
1409 4950 1660 5020 Σωτῆρος
1692 4950 1820 5002 ἀνα-

258 5043 540 5112 στήσαντος
570 5043 631 5095 τὸ
663 5041 844 5111 σῶμα,
870 5042 1053 5095 οὐκέτι
1096 5044 1192 5113 μὲν
1217 5045 1246 5094 ὁ
1278 5042 1501 5105 θάνατός
1529 5042 1644 5093 ἐστι
1669 5041 1819 5109 φοϐε-

259 5132 357 5200 ρὸς,
405 5136 608 5197 πάντες
640 5134 699 5187 δὲ
732 5135 782 5186 οἱ
811 5132 889 5205 τῷ
912 5135 1133 5205 Χριστῷ
1164 5134 1526 5196 πιστεύοντες,
1555 5131 1629 5194 ὠς
1665 5131 1816 5185 οὐδὲν

255 5224 401 5279 αὐτὸν
417 5226 543 5279 ὄντα
583 5225 815 5279 πατοῦσι
848 5227 941 5279 καὶ
978 5227 1178 5296 μᾶλλον
1218 5225 1576 5296 ἀποθνήσκειν
1606 5223 1819 5293 αἱροῦν-

258 5332 353 5379 ται,
396 5319 429 5388 ἢ
479 5317 824 5389 ἀρνήσασθαι
870 5318 968 5389 τὴν
1011 5321 1089 5383 εἰς
1135 5318 1365 5389 Χριστὸν
1397 5318 1597 5369 πίστιν.
1645 5317 1816 5367 Ἰσασι

258 5406 353 5478 γὰρ
378 5409 560 5475 ὄντως,
597 5410 681 5462 ὅτι
706 5409 1137 5481 ἀποθνήσκοντες
1172 5411 1270 5463 οὐκ
1304 5409 1644 5472 ἀπόλλυνται,
1686 5407 1818 5460 ἀλλά

323 5585 426 5654 (58)
454 5586 687 5658 δθειιεν.
712 5588 774 5639 τὸ
802 5587 992 5658 habet.
1013 5591 1153 5655 quod
1178 5588 1267 5644 alii
1292 5599 1345 5643 et
1379 5588 1507 5641 editi
1537 5586 1807 5641 omittunt.

324 5657 546 5725 (59)_Sie
580 5658 807 5713 Gobler.
856 5657 1091 5713 Felckm.
1138 5660 1162 5713 1
1211 5677 1301 5714 an.
1335 5671 1385 5714 et
1430 5658 1805 5725 Seguerianus.

262 5724 352 5799 _Alii
376 5737 426 5781 et
462 5730 616 5799 editi,
645 5727 832 5782 αὐτόν.
864 5728 1028 5783 iidem
1061 5731 1215 5798 paulo
1250 5740 1375 5786 ante
1404 5724 1681 5799 διαμεῖναν
1712 5730 1806 5781 ha-

260 5796 512 5869 bent,nbi
544 5799 634 5851 alii
662 5809 718 5853 ct
753 5799 903 5860 editi,
927 5796 1216 5869 διαμεῖνον.

324 5867 429 5941 (60)
449 5868 540 5926 Sic
560 5870 703 5927 (ἰου-
731 5880 783 5925 et
806 5869 986 5927 Fclck.
1014 5867 1037 5925 1
1070 5887 1154 5927 an.
1180 5872 1245 5926 At
1268 5872 1355 5927 alii
1382 5882 1433 5928 et
1458 5869 1602 5941 editi,
1626 5872 1801 5929 τόπον.

1942 4494 2046 4546 ﬁde
2077 4491 2281 4545 Christi
2318 4499 2568 4558 tanquam
2605 4501 2814 4543 mortua
2856 4488 3224 4545 conculcetur.
3251 4486 3387 4543 Olim
3417 4488 3491 4542 si-

1929 4582 2146 4652 quidem
2198 4590 2323 4634 ante
2365 4580 2601 4634 divinum
2656 4578 2953 4634 Salvatoris
2992 4580 3302 4643 adventum,
3357 4578 3490 4647 ipsis

1929 4673 2093 4726 etiam
2134 4670 2338 4724 sanctis
2394 4684 2540 4724 mors
2574 4679 2692 4724 erat
2730 4669 3009 4735 terribilis,
3058 4669 3345 4738 cunctique
3395 4684 3490 4724 eos

1928 4764 2018 4833 qui
2055 4763 2421 4817 moriebantur
2449 4772 2701 4830 tanquam
2737 4774 3023 4832 pereuntes
3053 4761 3334 4817 deﬂebant.
3368 4761 3486 4816 .lam

1926 4864 2129 4919 autem,
2168 4862 2447 4922 postquam
2484 4853 2730 4908 Salvator
2774 4868 2968 4922 corpus
3002 4868 3156 4908 suum
3195 4869 3224 4907 a
3262 4856 3487 4910 mortuis

1925 4945 2203 5012 excitavit,
2245 4960 2392 4999 mors
2419 4959 2522 4999 non
2561 4945 2790 5013 amplius
2826 4945 3083 5000 terribilis
3111 4954 3213 5011 est,
3250 4948 3343 5002 sed
3372 4964 3488 5001 om-

1923 5054 2041 5101 nes,
2075 5038 2167 5105 qui
2220 5037 2434 5090 Christo
2459 5036 2703 5100 credunt,
2748 5051 2867 5090 eam
2905 5047 3159 5105 tanquam
3204 5053 3323 5107 qute
3356 5039 3487 5094 nihil

1921 5128 1993 5182 sit
2045 5127 2277 5193 calcant,
2328 5128 2613 5199 potiusque
2663 5129 2799 5183 mori
2846 5129 3053 5200 eligunt
3104 5145 3267 5199 quam
3326 5130 3485 5185 fidem

1922 5220 2122 5274 Christi
2157 5235 2373 5291 negare.
2404 5218 2669 5275 Nimirum
2705 5232 2854 5277 certo
2889 5224 3067 5278 sciunt
3104 5238 3162 5277 se
3208 5224 3486 5277 moriendo

1921 5328 2025 5366 non
2066 5311 2266 5381 perire,
2296 5313 2388 5366 sed
2422 5313 2606 5369 vivere
2647 5322 2701 5368 et
2733 5314 3077 5383 incorruptos
3115 5329 3209 5383 per
3242 5328 3483 5367 resurre-

1922 5403 2155 5459 ctionem
2190 5404 2327 5459 fieri.
2356 5404 2449 5459 llle
2478 5415 2655 5460 autem
2686 5408 2774 5476 qui
2810 5409 2966 5463 nobis
2993 5418 3145 5461 antea
3177 5417 3349 5462 morte
3382 5408 3481 5461 im-

1916 5582 2038 5655 Mox
2220 5583 2438 5654 Seguer.
2472 5586 2771 5655 μαρτύρων
2784 5585 2874 5637 τοῦ
2903 5586 3152 5640 θανάτου.
3384 5652 3393 5655 _
3540 5644 3543 5649 ι

1987 5653 2099 5723 (61)
2126 5653 2248 5709 Haec
2269 5651 2451 5725 verba,
2474 5651 2825 5725 φοϐερὸς-ἦν
2852 5656 2944 5707 καὶ
2969 5656 3149 5725 αὐτοῖς
3170 5654 3278 5715 τοῖς
3303 5652 3477 5722 ἁγίοις

1916 5726 1957 5846 ἓ
1974 5724 2219 5789 θάνατος,
2253 5724 2365 5790 καί,
2398 5725 2589 5779 absunt
2616 5723 2653 5779 'a
2696 5723 2916 5783 Gobler.
2950 5723 3179 5783 Feltkm.
3221 5724 3242 5779 1
3289 5741 3376 5780 an.
3423 5735 3477 5780 et

1960 5808 2140 5866 egucr.
