4006 6500
548 465 650 521 139

1136 458 1192 514 S.
1233 457 1596 514 ATIIANASII
1636 454 1785 511 OPP.
1825 451 2028 507 PARS.
2066 449 2107 504 l.
2148 479 2217 490 --
2255 441 2616 501 HISTORICA
2652 439 2735 494 ET
2776 436 3188 495 DOGMATICA.

3660 435 3756 488 ιιο

544 580 847 654 pertulisse,
877 575 1165 646 quia-nulla
1190 576 1290 630 alia
1318 576 1470 629 nobis
1514 572 1858 629 conducebat.
1890 569 2023 624 Nam
2054 569 2092 623 si

2202 566 2296 618 καὶ
2330 562 2488 616 τοῦτο
2528 560 2593 613 δι’
2620 559 2765 629 ἡμᾶς
2811 555 2989 617 καλῶς
3033 554 3317 623 ὑπέμεινεν
3357 551 3385 602 6
3410 547 3633 621 Κύριος.
3696 550 3757 605 Ei

546 676 667 729 ideo
690 671 835 725 venit
860 678 918 724 ut
950 669 1397 731 maledictionem,
1444 667 1495 720 in
1529 680 1686 734 quam
1714 664 2093 727 incideramus,

542 772 800 834 partaret,
859 762 1125 831 quomodo
1164 760 1319 814 aliter
1349 757 1520 812 factus
1550 756 1735 809 fuisset
1771 753 2095 817 maledictio,

543 853 645 909 nisi
699 851 1088 907 maledictionis
1118 859 1342 904 mortem
1395 844 1759 913 suscepisset?
1795 843 1869 897 Ea
1919 852 2096 896 autem

542 962 671 1003 crux
695 953 799 1010 est,
845 957 965 996 nam
1003 941 1261 1009 scriptum
1292 947 1372 992 est
1403 954 1415 989 :
1449 936 1759 989 Maledictus
1802 932 1889 1002 qui
1913 932 2096 1000 pendet

540 1042 597 1098 in
626 1040 762 1108 ligno
781 1037 846 1089 ⁸⁸.
889 1035 1105 1096 Deinde,
1134 1033 1177 1085 si
1209 1046 1351 1084 mors
1377 1027 1585 1082 Domini
1614 1026 1841 1095 pretium
1881 1032 1961 1077 est
1983 1037 2098 1076 om-

542 1130 712 1194 nium,
748 1127 965 1196 ejusque
1016 1133 1187 1178 morte
1214 1120 1417 1175 medius
1459 1117 1637 1187 paries
1664 1115 1908 1169 maceria:
1938 1111 2099 1165 solvi-

540 1231 630 1277 tur
649 1222 713 1285 ",
742 1235 805 1274 ac
831 1219 892 1272 iit
922 1216 1129 1270 Vocatio
1157 1212 1415 1282 gentium,
1466 1207 1732 1276 quomodo
1776 1219 1869 1258 nos
1903 1217 2097 1257 convo-

538 1322 737 1378 casset,
793 1310 897 1365 nisi
962 1308 1151 1362 misset
1196 1301 1522 1358 cruciﬁxus?
1564 1298 1824 1368 siquidem
1875 1296 1927 1349 in
1985 1293 2093 1347 sola

536 1419 698 1461 cruce
726 1402 966 1459 extensis
1014 1398 1259 1453 manibus
1283 1394 1417 1448 mori
1453 1393 1573 1462 quis
1599 1398 1792 1461 potest.
1837 1387 2092 1454 Quocirca

536 1498 589 1552 id
616 1495 802 1550 mortis
834 1507 1001 1561 genus
1051 1488 1331 1544 Dominum
1360 1485 1469 1555 pati
1518 1492 1573 1537 et
1604 1496 1788 1535 manus
1809 1479 2095 1533 extendere

538 1587 735 1649 decuit,
776 1594 834 1638 ut
866 1583 1029 1637 altera
1053 1588 1285 1635 veterem
1313 1575 1583 1645 pupulum,
1626 1572 1789 1626 altera
1813 1578 1994 1639 gentes
2015 1577 2096 1621 at—

537 1680 796 1742 traheret,
857 1690 922 1731 ac
965 1684 1217 1741 utrosque
1275 1670 1326 1724 in
1392 1668 1566 1735 seipso
1622 1663 1985 1731 conjungeret.
2037 1658 2092 1713 ιιι

536 1770 732 1840 quippe
782 1774 836 1823 et
882 1767 994 1836 ipse
1025 1765 1160 1817 dixit
1212 1760 1520 1829 significans
1552 1771 1652 1826 qua
1686 1765 1854 1808 morte
1907 1764 2094 1806 omnes

535 1867 681 1914 esset
727 1858 1096 1924 redempturus
1138 1870 1150 1906 :
1203 1850 1334 1906 Cum
1389 1847 1649 1903 exaltatus
1702 1846 1875 1911 fuero,
1918 1857 2091 1897 omnes

2199 653 2306 726 γάρ
2343 652 2440 723 τὴν
2473 651 2590 704 καθ’
2624 646 2777 719 ἡμῶν
2826 644 3117 715 γενομένην
3148 639 3388 710 κατάραν
3416 634 3578 708 ἦλθεν
3605 638 3759 699 αὐτὸς

2202 741 2485 813 βαστάσαι,
2526 737 2642 799 πῶς
2672 736 2738 791 ἂν
2763 735 2935 795 ἄλλως
2971 731 3180 799 ἐγένετο
3211 727 3447 799 κατάρα,
3480 728 3530 780 εί
3563 725 3638 797 μὴ
3672 726 3759 778 τὸν

2198 809 2290 890 ἐπὶ
2317 833 2528 904 κατάρα
2560 830 2843 901 γένομενον
2876 826 3098 880 θάνατον
3134 821 3383 887 ἐδέξατος
3411 821 3568 873 Ἔστι
3594 818 3651 870 δὲ
3671 809 3758 870 οῦ-

2196 944 2287 989 τος
2315 923 2601 994 όληῇσέταυρός
2621 938 2633 949 ⁸
2661 919 2803 973 οὕτω
2834 917 2942 989 γάρ
2977 915 3067 969 καὶ
3090 914 3395 983 γέγραπται
3419 910 3530 980 (52)
3552 927 3564 939 ·
3607 910 3755 960 Ἐπι-

2197 1016 2523 1084 κατάρατος
2546 1017 2578 1067 ό
2609 1010 2969 1081 κρεμάμενος
2999 1007 3094 1061 ἐπὶ
3131 1005 3342 1070 ξύλου.
3381 1004 3627 1065 Ἔπειτα,
3658 1002 3705 1052 εί
3731 1000 3759 1051 6

2198 1110 2422 1172 θάνατος
2468 1106 2562 1159 τοῦ
2597 1104 2799 1176 Κυρίου
2842 1101 3030 1172 λύτρον
3076 1097 3193 1151 ἐστὶ
3248 1096 3484 1159 πάντων,
3532 1093 3629 1146 καὶ
3684 1092 3760 1162 τῷ

2199 1202 2409 1270 Θανάτῳ
2446 1197 2633 1252 τούτου
2676 1196 2735 1249 τὸ
2782 1192 3087 1264 μεσότοιχον
3128 1188 3224 1241 τοῦ
3271 1184 3525 1259 φραγμοῦ
3555 1183 3758 1247 λύεται,

2198 1294 2291 1347 καὶ
2310 1294 2513 1361 γίνεται
2531 1289 2637 1342 τῶν
2670 1286 2835 1340 ἐθνῶν
2863 1286 2895 1355 ἡ
2930 1283 3117 1352 κλῆσις
3143 1298 3158 1312 ·
3190 1280 3305 1343 πῶς
3327 1279 3392 1333 ἂν
3419 1278 3567 1348 ἡμᾶς
3596 1293 3759 1347 προσ-

2197 1384 2510 1447 εκαλέσατο,
2569 1382 2617 1433 εἰ
2679 1380 2752 1450 μὴ
2802 1375 3140 1447 ἐσταύρωτο;
3199 1375 3257 1426 ἐν
3327 1371 3473 1441 μόνῳ
3533 1368 3642 1438 γὰρ
3684 1367 3761 1437 τῷ

2200 1474 2412 1545 σταυρῷ
2444 1470 2826 1540 ἐκτεταμέναις
2856 1466 3008 1537 χερσί
3036 1482 3117 1527 τις
3156 1462 3506 1531 ἀποθνήσκει.
3542 1459 3633 1511 Διὸ
3670 1458 3761 1511 καὶ

2197 1565 2352 1619 τοῦτο
2383 1565 2616 1636 ἔπρεπεν
2643 1561 2928 1630 ὑπομεῖναι
2954 1557 3045 1609 τὸν
3073 1554 3299 1623 Κύριον,
3335 1552 3425 1606 καί⁵
3451 1550 3549 1614 τὰς
3576 1552 3761 1621 χεῖρας

2197 1659 2465 1719 ἐκτεῖναι,
2496 1656 2581 1706 ἵνα
2608 1656 2674 1724 τῇ
2709 1651 2807 1719 μὲν
2835 1649 2925 1701 τὸν
2972 1646 3194 1699 παλαιὸν
3233 1643 3389 1706 λαὸν,
3429 1646 3496 1713 τῇ
3539 1641 3596 1693 δέ
3639 1642 3762 1702 τοὺς

2197 1748 2304 1800 ἀπὸ
2336 1746 2441 1799 τῶν
2482 1744 2648 1797 ἐθνῶν
2696 1740 2925 1812 ἐλκύσῃ,
2973 1737 3067 1792 καὶ
3115 1736 3454 1807 ἀμφοτέρους
3494 1734 3553 1785 ἐν
3586 1730 3762 1800 ἐαυτῷ

2182 1836 2427 1905 συνάψῃ.
2481 1833 2649 1886 Τοῦτο
2691 1831 2796 1902 γάρ
2855 1830 2947 1882 καὶ
2988 1827 3147 1889 αὐτὸς
3197 1824 3436 1897 εἴρηκεν,
3481 1822 3761 1892 σημαίνων

535 1947 741 2002 traham
762 1944 829 1998 ad
852 1942 1181 2011 meipsum'”.
1213 1939 1495 2001 Praeterea,
1554 1935 1599 1990 si
1630 1933 1872 1989 diabolus
1921 1929 2088 1984 nostri

2194 1925 2327 1995 ποίῳ
2368 1922 2578 1991 Θανάτῳ
2621 1919 2811 1991 ἔμελλε
2857 1917 2968 1989 (5⁸5)
3016 1913 3333 1986 λυτροῦσθαι
3366 1914 3492 1973 τοὺς
3533 1910 3757 1972 πάντας.

533 2037 746 2108 generis
774 2035 962 2098 hostis,
999 2049 1029 2088 e
1059 2032 1197 2086 ccelo
1218 2030 1488 2098 delapsus,
1521 2027 1661 2082 circa
1686 2028 1827 2080 hunc
1850 2024 2089 2078 intimum

533 2144 713 2183 aerem
741 2134 987 2197 vagatur,
1010 2125 1098 2179 ubi
1129 2124 1245 2178 aliis
1275 2120 1601 2177 daemonibus
1629 2126 1809 2188 utpote
1840 2118 1890 2170 in
1916 2122 2096 2170 conlu-

534 2220 705 2275 macia
742 2220 823 2275 sui
848 2218 1111 2273 similibus
1138 2216 1426 2285 imperans,
1452 2226 1634 2268 eorum
1665 2223 1823 2279 opera
1849 2207 2094 2262 homines

534 2310 820 2379 praestigiis
848 2308 1079 2369 seducit,
1108 2314 1162 2360 et
1189 2307 1272 2359 his
1295 2304 1383 2372 qui
1408 2318 1617 2358 sursum
1638 2300 1859 2354 tendunt
1880 2297 2094 2350 obstare

534 2401 762 2461 nititur;
794 2411 898 2466 qua
927 2395 995 2451 de
1028 2410 1085 2449 re
1105 2392 1398 2464 Apostolus
1425 2406 1440 2444 :
1482 2390 1780 2446 Secundum
1810 2386 2092 2453 principem

532 2490 801 2556 potestatis
838 2488 993 2552 aeris,
1034 2487 1251 2555 spiritus
1294 2483 1384 2550 qui
1419 2497 1553 2536 nunc
1589 2490 1831 2548 operatur
1864 2478 1922 2529 in
1969 2474 2094 2542 ﬁliis

533 2582 931 2639 contumaciw“
963 2598 977 2635 :
1004 2581 1047 2634 si
1076 2580 1289 2646 insuper
1309 2576 1452 2631 venit
1475 2573 1727 2629 Dominus
1750 2582 1807 2626 ut
1826 2567 2091 2625 diabolum

532 2679 861 2743 prosternat,
897 2684 1073 2724 aerem
1112 2675 1319 2738 purget,
1350 2680 1414 2719 ac
1453 2664 1604 2718 nobis
1632 2662 1768 2715 viam
1808 2659 1862 2712 in
1897 2656 2091 2712 C(Bltlm

533 2777 625 2832 per
656 2760 906 2821 velamen,
954 2759 1007 2813 id
1038 2767 1133 2821 est,
1178 2771 1383 2810 carnem
1412 2768 1559 2808 suam
1582 2754 1649 2816 7',
1690 2759 1747 2802 ut
1772 2750 1844 2803 ait
1865 2750 2093 2816 Aposto-

536 2854 640 2916 lus,
689 2851 934 2920 aperiat;
1006 2849 1231 2916 denique
1262 2846 1305 2901 si
1356 2846 1406 2899 id
1447 2851 1617 2897 morte
1647 2840 1941 2895 faciendum
1972 2837 2092 2902 fuit,

533 2959 786 3014 quanam,
834 2942 1042 3003 amabo,
1076 2940 1181 2994 alia
1214 2947 1382 2992 morte
1418 2937 1531 2991 haec
1571 2935 1866 3004 potuissent
1888 2930 2090 3001 peragi,

533 3034 635 3088 nisi
685 3048 755 3088 ea'
800 3047 958 3102 quam
1015 3032 1065 3085 in
1099 3045 1223 3084 aere
1253 3030 1305 3083 in
1362 3042 1519 3082 cruce
1560 3025 1774 3096 pertulit
1808 3022 2096 3078 Dominus?

536 3125 696 3181 Solus
733 3124 876 3180 enim
906 3125 992 3179 ille
1019 3124 1071 3178 in
1129 3136 1252 3177 aere
1282 3121 1508 3175 moritur
1536 3118 1625 3188 qui
1668 3118 1719 3172 in
1752 3130 1909 3171 cruce
1929 3115 2090 3169 vitam

2196 2018 2377 2071 Ὅταν
2407 2011 2640 2083 ὑψωθῶ,
2671 2010 2865 2082 φησὶν,
2893 2007 3117 2072 πάντας
3146 2005 3384 2059 ἑλκύσω
3408 2002 3559 2071 πρὸς
3595 2002 3763 2069 ἐμαυο

2192 2109 2317 2162 τόν.
2364 2106 2472 2159 Kal
2516 2103 2703 2167 πάλιν,
2747 2103 2794 2154 εί
2838 2103 2865 2153 6
2896 2098 3085 2170 ἐχθρὸς
3114 2094 3206 2150 τοῦ
3237 2095 3427 2164 γένους
3454 2092 3612 2164 ἡμῶν
3645 2092 3759 2163 διά-

2193 2199 2346 2262 ϐολος
2377 2197 2621 2251 ἐκπεσὼν
2664 2193 2770 2249 ἀπὸ
2813 2190 2907 2245 τοῦ
2945 2188 3194 2260 οὐρανοῦ,
3224 2187 3353 2259 περὶ
3380 2187 3473 2238 τὸν
3501 2184 3641 2255 ἀέρα
3675 2182 3763 2233 τὸν

2191 2284 2291 2344 ὧδε
2318 2290 2465 2343 κάτω
2492 2288 2777 2350 πλανᾶται,
2823 2283 2983 2336 κάκεῖ
3029 2280 3138 2333 τῶν
3184 2279 3281 2332 σὺν
3324 2275 3470 2347 αὐτῷ
3494 2274 3763 2344 δαιμόνων

2193 2385 2267 2447 ὡς
2291 2382 2486 2453 ὁμοίων
2512 2383 2567 2433 ἐν
2590 2380 2657 2449 τῇ
2686 2374 2935 2446 ἀπειθείᾳ
2956 2371 3300 2439 ἐξουσιάζων,
3332 2368 3635 2441 φαντασίας
3668 2365 3764 2435 μὲν

2192 2476 2258 2529 δι’
2285 2472 2458 2527 αὐτῶν
2480 2471 2690 2541 ἐνεργεῖ
2710 2469 2820 2531 τοῖς
2852 2465 3246 2535 ἀπατωμένοις,
3282 2462 3551 2531 ἐπιχειρεί
3573 2458 3631 2510 δέ
3653 2460 3762 2519 τοῖς

2193 2564 2569 2637 ἀνερχομένοις
2612 2559 2954 2631 ἐμποδίζειν·
3008 2555 3102 2609 καὶ
3147 2554 3275 2625 περὶ
3310 2552 3500 2607 τούτου
3542 2549 3707 2620 φησιν
3735 2550 3764 2600 6

2204 2656 2519 2718 Ἀπὸστολος
2545 2672 2558 2685 ·
2586 2652 2746 2707 Κατὰ
2775 2650 2882 2704 τὸν
2909 2649 3169 2718 ἄρχοντα
3205 2645 3314 2714 τῆς
3342 2643 3632 2709 ἐξουσίας
3656 2640 3763 2694 τοῦ

2190 2749 2381 2816 ἀέρος,
2399 2746 2503 2799 τοῦ
2525 2745 2859 2813 πνεύματος
2882 2739 2991 2809 (54)
3018 2738 3124 2792 τοῦ
3145 2737 3261 2791 ’νῦν
3285 2733 3675 2803 ἐνεργοῦντος
3695 2730 3764 2782 ἐν

2191 2839 2315 2905 τοῖς
2348 2837 2496 2903 υἱοῖς
2533 2835 2643 2903 τῆς
2671 2834 2991 2897 ἀπειθείας.
3028 2825 3197 2883 Ἦλθε
3239 2827 3295 2879 δέ
3336 2826 3450 2897 (55)
3479 2827 3509 2879 6
3538 2823 3761 2894 Κύριος,

2192 2929 2276 2981 ἵνα
2304 2927 2393 2980 τὸν
2427 2927 2523 2998 μὲν
2562 2923 2803 2977 διάϐολον
2836 2919 3115 2991 καταϐάλῃ
3136 2959 3150 2983 ,
3178 2919 3269 2972 τὸν
3310 2916 3368 2970 δέ
3401 2917 3541 2989 ἀέρα
3593 2913 3762 2967 καθα-

2196 3020 2340 3091 ρίσῃ,
2377 3019 2468 3071 καὶ
2510 3016 2799 3087 ὁδοποιήσῃ
2833 3015 2963 3085 ἡμῖν
3000 3012 3103 3083 τὴν
3148 3013 3228 3075 είς
3266 3010 3526 3081 οὐρανοὺς
3557 3007 3763 3070 ἄνοδον,

2191 3112 2266 3174 ὡς
2294 3106 2447 3164 εἶπεν
2481 3110 2509 3162 6
2551 3106 2885 3171 Ἀπόστολος,
2916 3104 3013 3158 διὰ
3057 3103 3165 3158 τοῦ
3210 3100 3762 3170 καταπετάσματος,

533 3219 702 3287 ponit.
730 3216 1060 3286 Quapropter
1090 3212 1397 3283 huiusmodi
1446 3218 1676 3265 mortem
1712 3206 2092 3263 convenienter

2194 3202 2348 3256 τοῦτ’
2386 3202 2515 3255 ἔστι
2552 3199 2661 3267 τῆς
2688 3196 2913 3266 σαρκὸς
2942 3196 3125 3250 αὑτοῦ
3148 3212 3161 3225 ·
3189 3194 3347 3248 τοῦτο
3388 3193 3445 3246 δὲ
3478 3193 3586 3246 ἔδει
3610 3190 3763 3260 γενέ-

536 3267 701 3287 .»τ---η
739 3267 1046 3286 -ι-π--ττντην
1160 3267 1178 3283 .
1234 3267 1242 3268 κ

534 3311 697 3365 subiit
720 3309 996 3363 Dominus.
1034 3306 1145 3361 Hoc
1184 3305 1326 3360 enim
1359 3302 1516 3357 modo
1547 3315 1757 3354 sursum
1785 3299 1975 3360 elatus,
2004 3311 2092 3351 ae-

2195 3292 2318 3345 σθαι
2350 3291 2436 3344 διά
2462 3289 2557 3344 τοῦ
2596 3289 2824 3342 θανάτου
2849 3305 2862 3318 °
2902 3286 3038 3356 ποίῳ
3075 3286 3119 3339 δ’
3141 3284 3204 3339 ἂν
3237 3284 3379 3355 ἄλλῳ
3402 3283 3617 3351 θανάτῳ
3644 3284 3761 3349 ἐγε-

535 3416 705 3475 τεηιιι
735 3398 1011 3455 diabolicis
1041 3398 1393 3465 omnibusque
1419 3394 1715 3447 daemonum
1746 3390 1953 3444 insidiis
1971 3404 2094 3456 pur-

538 3492 707 3562 gavit,
739 3492 813 3544 uti
846 3491 927 3544 bis
946 3489 1122 3543 verbis
1144 3497 1371 3543 testatus
1396 3496 1477 3540 est
1513 3503 1526 3537 :
1565 3482 1814 3538 Videbam
1838 3480 2089 3536 Satanam

533 3585 667 3635 sicut
692 3579 873 3649 fulgur
903 3579 1171 3632 cadentem
1193 3576 1260 3628 ⁷³.
1284 3575 1390 3629 iter
1420 3584 1598 3628 autem
1626 3574 1691 3626 ad
1714 3572 1906 3625 cmlum
1936 3570 2090 3623 nobis

534 3670 853 3725 instauravit
905 3670 1131 3723 dicens:
1169 3666 1404 3719 Attollite
1455 3674 1652 3733 portas,
1684 3663 1964 3731 principes,
2007 3678 2090 3715 ve-

532 3774 693 3825 stras,
737 3771 785 3814 et
839 3759 1130 3821 elevamini,
1183 3768 1347 3825 porta:
1375 3754 1730 3811 atternales".
1786 3751 1895 3806 Nec
1943 3752 2084 3806 enim

534 3848 767 3903 Verbum
803 3862 936 3915 opus
960 3846 1145 3900 habuit
1169 3854 1224 3897 ut
1244 3845 1421 3914 ianuae
1462 3850 1847 3905 reserarentur,
1876 3855 1997 3895 cum
2023 3840 2092 3893 sit

533 3940 790 3993 Dominus
835 3936 1102 3998 omnium;
1141 3949 1239 3988 nec
1281 3934 1570 4002 quidquam
1618 3947 1682 3985 ex
1713 3931 1870 3984 rebus
1895 3928 2090 3984 creatis

532 4030 775 4087 Creatori
806 4028 1044 4083 clausum
1099 4034 1215 4081 erat
1252 4042 1266 4091 ;
1295 4026 1385 4079 sed
1440 4039 1538 4079 nos
1564 4024 1682 4093 ipsi,
1710 4037 1843 4092 quos
1877 4021 2093 4092 proprio

534 4137 632 4176 suo
657 4135 883 4190 corpore
914 4133 1124 4174 sursum
1162 4117 1440 4182 ell'erebat,
1465 4129 1599 4186 opus
1630 4115 1711 4169 his
1747 4114 2089 4169 habebamus.

534 4212 670 4267 Nam
695 4211 1141 4281 quemadmodum
1164 4224 1357 4277 corpus
1385 4222 1484 4277 pro
1506 4206 1752 4260 omnibus
1780 4204 1938 4258 morti
1979 4213 2091 4258 tra-

530 4304 686 4369 didit,
755 4303 833 4359 sic
853 4302 1015 4357 etiam
1054 4315 1149 4371 per
1180 4301 1319 4355 idem
1345 4298 1473 4352 illud
1511 4298 1612 4351 iter
1652 4297 1703 4349 in
1737 4295 1930 4351 coelum
1967 4307 2092 4364 ape—

528 4395 658 4450 ruit.

2194 3384 2337 3453 γόνει
2357 3381 2580 3451 ταῦταῆ
2609 3380 2685 3451 τῷ
2717 3382 2773 3432 ἐν
2802 3378 2923 3451 ἀέρι
2952 3377 3245 3448 γενομένῳ,
3280 3375 3423 3446 φημὶ
3450 3373 3562 3444 (56)
3590 3374 3655 3443 δὴ
3685 3372 3763 3442 τῷ

2193 3473 2441 3546 παυρῴ;
2492 3472 2820 3549 Μόνοςσγάρ
2855 3473 2911 3524 ἐν
2946 3469 3022 3540 τῷ
3065 3470 3188 3541 ἀέρι
3228 3485 3313 3530 τις
3341 3465 3695 3536 ἀποθνήσκει,
3734 3466 3764 3515 6

2192 3564 2407 3636 σταυρῷ
2458 3562 2844 3633 τελειούμενος.
2895 3561 2985 3613 Διὸ
3039 3561 3132 3613 καὶ
3173 3559 3393 3621 εἰκότως
3436 3557 3627 3609 τοῦτον
3662 3556 3761 3606 ὑπ-

2188 3657 2398 3728 έμεινεν
2432 3657 2460 3707 6
2485 3655 2713 3727 Κύριος.
2749 3653 2903 3708 Οὕτω
2934 3651 3041 3722 γάρ
3085 3649 3338 3720 ὑψωθεὶς,
3373 3648 3465 3701 τὸν
3503 3647 3601 3718 μὲν
3629 3646 3763 3717 ἀέρα

2188 3746 2508 3818 ὲκαθάριζεν
2555 3747 2663 3799 ἀπό
2707 3763 2765 3798 τε
2811 3745 2909 3814 τῆς
2952 3741 3258 3811 διαϐολικῆς
3304 3739 3400 3792 καὶ
3440 3739 3626 3807 πάσης
3658 3736 3763 3788 τῶν

2190 3836 2457 3906 δαιμόνων
2501 3833 2791 3903 ἐπιϐουλῆς
2822 3833 2990 3901 λέγων
3010 3849 3023 3862 ο
3079 3828 3401 3897 Ἐθεώρουν
3436 3826 3547 3880 τὸν
3578 3829 3763 3879 Σατα-

2190 3926 2309 3981 νᾶν
2334 3927 2412 3992 ὡς
2443 3925 2765 3994 ἀστραπὴν
2798 3925 3061 3978 πεσόντα
3081 3939 3094 3952 ·
3141 3921 3239 3993 τὴν
3274 3921 3330 3974 δέ
3374 3921 3455 3983 είς
3502 3919 3762 3989 οὐρανοὺς

2193 4019 2376 4072 ἄνοδον
2427 4018 2682 4071 ὁδοποιῶν
2726 4015 3030 4079 ἀνεκαίνιζε
3086 4014 3258 4082 λέγων
3306 4012 3469 4066 πάλιν
3492 4029 3507 4042 ·
3561 4011 3765 4078 Ἄρατε

2194 4111 2412 4176 πύλας,
2453 4113 2506 4163 οἱ
2534 4110 2841 4178 ἄρχοντες,
2866 4106 3052 4177 ὑμῶν,
3080 4104 3530 4183 καὶὶἐπάρθητε,
3579 4104 3760 4156 πύλαι

2194 4202 2433 4256 αἱώνιοι.
2461 4203 2534 4255 Οὐ
2566 4201 2672 4271 γὰρ
2703 4202 2863 4263 αὐτὸς
2890 4202 2918 4251 ὁ
2943 4199 3113 4266 Λόγος
3133 4193 3200 4268 ἦν
3221 4198 3248 4248 6
3272 4195 3487 4267 χρῄζων
3510 4193 3762 4259 ἀνοίξεως

2193 4295 2303 4347 τῶν
2332 4293 2535 4355 πυλῶν,
2556 4292 2756 4365 Κύριος
2788 4291 2895 4343 τῶν
2923 4292 3136 4345 πάντων
3164 4288 3237 4340 ὢν
3258 4306 3271 4319 ’
3302 4287 3421 4340 οὑδέ
3444 4285 3762 4355 κεκλεισμέ-

2195 4402 2283 4437 νον
2324 4382 2391 4454 ἦν
2441 4402 2493 4437 τι
2530 4383 2639 4436 τῶν
2690 4382 3004 4453 ποιημάτων
3045 4379 3122 4450 τῷ
3164 4381 3359 4450 ποιητῇ
3386 4395 3398 4407 ·
3450 4376 3567 4431 ἀλλ’
3608 4378 3762 4446 ἡμεῖς

529 4482 672 4557 ἦμεν
701 4485 750 4538 oi
785 4483 1094 4555 χρῄζοντες,
1126 4481 1218 4545 οὒς
1250 4478 1510 4550 ἀνέφερεν
1535 4472 1694 4540 αὐτὸς
1725 4476 1813 4529 διὰ
1836 4474 1929 4529 τοῦ
1971 4473 2099 4529 ἰδίου
2140 4476 2390 4545 σώματος
2445 4474 2629 4527 αὐτοῦ.
2681 4474 2769 4536 Ὠς
2829 4473 2937 4544 γὰρ
2980 4471 3117 4542 ὑπὲρ
3156 4471 3372 4525 πάντων
3406 4470 3541 4523 αὐτὸ
3592 4486 3761 4539 προσ-

529 4580 728 4655 ήνεγκε
759 4574 837 4644 τῷ
887 4573 1130 4643 θανάτῳ·
1173 4570 1313 4624 οὕτω
1357 4569 1422 4621 δι’
1458 4566 1620 4620 αὑτοῦ
1653 4566 1810 4619 πάλιν
1848 4566 2143 4636 ὡδοποίησε
2182 4566 2278 4637 τὴν
2310 4567 2389 4628 εἰς
2414 4565 2673 4635 οὐρανοὺς
2706 4564 2906 4618 ἄνοδον.

602 4669 693 4722 26.
721 4667 887 4721 Recte
912 4680 1040 4735 ergo
1069 4674 1123 4718 et
1144 4662 1527 4718 convenienter
1554 4660 1839 4713 admodum
1868 4669 2092 4713 mortem

2268 4658 2355 4711 26.
2386 4657 2617 4729 Πρέπων
2647 4651 2740 4709 οὖν
2769 4656 2875 4725 ἄρα
2903 4657 2995 4708 καὶ
3019 4654 3273 4726 ἁρμόζων
3299 4654 3328 4706 6
3356 4655 3415 4707 ἐν
3440 4654 3521 4725 τῷ
3550 4650 3760 4724 σταυρῷ

534 4775 633 4828 pro
684 4758 839 4813 nobis
886 4758 939 4811 in
986 4770 1148 4810 cruce
1200 4753 1449 4807 toleravit
1495 4765 1510 4803 :
1560 4751 1711 4820 cujus
1756 4750 1969 4817 quidem
2015 4749 2090 4803 rei

531 4864 693 4903 causa
733 4847 877 4901 omni
921 4861 983 4900 ex
1028 4852 1183 4913 parte
1225 4852 1386 4897 recta:
1434 4843 1629 4896 rationi
1664 4841 1816 4896 valde
1857 4850 1936 4895 est
1964 4856 2093 4894 con-

532 4950 815 5000 sentanea,
867 4938 951 4991 cui
1004 4951 1194 5004 nempe
1245 4935 1315 4988 sit
1366 4935 1586 4988 evidens
1639 4949 1701 4986 ac
1752 4934 2091 5002 perspicuum

535 5032 763 5107 salutem
792 5030 1028 5083 omnium
1065 5043 1171 5079 non
1206 5028 1455 5095 potuisse
1486 5025 1639 5079 aliter
1664 5040 1821 5092 quam
1854 5039 1949 5091 per
1974 5039 2093 5077 cru-

534 5139 651 5178 cem
682 5119 915 5177 restitui.
947 5118 1184 5181 Namque
1214 5133 1280 5172 ne
1305 5118 1382 5171 sic
1405 5117 1618 5183 quidem
1643 5117 1731 5169 ille
1757 5116 1832 5169 vel
1859 5117 1909 5168 iu
1934 5130 2095 5168 cruce

535 5216 752 5284 ignotus
776 5225 895 5266 esse
928 5225 1120 5279 passus
1154 5217 1257 5275 est,
1300 5206 1407 5262 sed
1434 5212 1539 5262 imo
1570 5215 1804 5261 creatam
1846 5215 2091 5259 naturam

603 5307 647 5337 ⁸⁸
676 5306 827 5358 Deut.
863 5302 1106 5368 xxr,9.5;
1150 5300 1323 5355 Gaiat.
1380 5317 1462 5356 ιιι.
1506 5302 1558 5354 5.
1635 5300 1678 5331 ⁶⁹
1713 5299 1974 5368 Ephesn,
2016 5297 2101 5350 M.

530 5376 579 5411 ⁷³
616 5374 744 5430 Luc.
775 5391 831 5438 χ,
855 5373 943 5426 18.
1017 5371 1064 5404 ’⁸⁸
1088 5370 1227 5425 Psal.
1256 5385 1408 5435 χχιιι,
1432 5372 1485 5422 7.

606 5487 719 5557 (5‘2)
748 5486 1040 5557 Gohler.et
1076 5480 1315 5557 Felckm.
1352 5480 1375 5533 1
1417 5495 1530 5557 an.,
1553 5477 1801 5557 σταυρὸς,
1830 5476 1971 5529 καθά
2000 5476 2097 5545 γέ-

534 5549 796 5628 γραπται.
823 5555 1032 5628 Anglic:
1061 5552 1200 5628 _it_em
1229 5549 1334 5628 γάρ
1361 5565 1463 5602 non
1483 5552 1674 5628 liabet.

608 5628 718 5693 (55)
746 5615 963 5679 Οοὺιεῖκ
986 5621 1219 5693 Felckm.
1243 5615 1278 5673 2
1298 5615 1383 5672 an.
1407 5618 1737 5693 etSeguc_r.,_
1760 5616 1959 5693 μέλλει.
1980 5615 2099 5673 Mox

536 5688 875 5770 φησίνίιξοξι
908 5696 959 5744 in
994 5692 1217 5770 Segucr.
1238 5700 1295 5770 _ct
1321 5700 1420 5770 art.
1452 5692 1627 5770 ﬁntlttle
1651 5688 1860 5758 ἐχθρός.

609 5764 719 5829 (54)
750 5763 854 5814 Τοῦ
890 5758 1194 5829 πνεύματος
1220 5762 1366 5812 deest
1388 5761 1438 5811 in
1468 5758 1690 5829 Segne].

610 5825 721 5906 (55)
750 5831 837 5885 Sic
870 5825 1087 5890 Golden.
1124 5829 1302 5887 Felck.
1348 5830 1368 5882 i
1415 5845 1500 5884 an.
1542 5825 1595 5883 ct
1624 5827 1845 5888 Sequor.
1894 5825 1997 5881 Alii
2050 5834 2100 5880 et

2198 4749 2387 4817 γέγονε
2416 4748 2638 4809 θάνατος
2672 4748 2809 4818 ὑπὲρ
2845 4750 2876 4816 ἠ
2888 4746 3001 4816 μῶν
3023 4762 3035 4775 ·
3075 4747 3169 4800 καὶ
3201 4749 3234 4817 ἡ
3273 4745 3419 4799 αἰτία
3456 4746 3647 4799 τούτου
3674 4747 3759 4800 £6-

2194 4839 2349 4907 λογος
2374 4838 2485 4909 (57)
2521 4838 2691 4910 ἐφάνη
2719 4838 2856 4891 κατὰ
2882 4837 3076 4899 πάντα,
3111 4838 3204 4891 καὶ
3232 4838 3471 4899 δικαίους
3500 4839 3613 4909 ἔχει
3635 4840 3756 4903 τοὺς

2194 4931 2504 5001 λογισμοὺς,
2529 4930 2609 4983 ὅτι
2647 4930 2720 5001 μὴ
2753 4930 2923 4993 ἄλλως
2965 4930 3098 4984 ἀλλά
3138 4930 3223 4982 διὰ
3266 4930 3359 4983 τοῦ
3395 4932 3632 5003 σταυροῦ
3655 4933 3757 4987 ἔδει

2195 5023 2441 5092 γενέσθαι
2484 5022 2579 5093 τὴν
2622 5024 2890 5094 σωτηρίαν
2930 5022 3035 5075 τῶν
3078 5023 3313 5077 πάντων.
3364 5025 3472 5075 Καὶ
3504 5024 3613 5094 γὰρ
3652 5024 3754 5076 οὐδ’

2196 5112 2367 5175 οὕτως
2408 5113 2586 5183 ἀφανῆ
2629 5113 2817 5167 ἑαυτὸν
2857 5113 2974 5166 οὐδὲ
3021 5113 3077 5163 ἐν
3125 5112 3200 5182 τῷ
3246 5113 3461 5183 σταυρῷ
3507 5115 3750 5185 ἀφῆκεν

2200 5203 2337 5257 ἀλλά
2373 5205 2510 5256 κατά
2538 5205 2791 5274 περιττὸν
2821 5204 2915 5272 τὴν
2951 5205 3045 5273 μὲν
3072 5204 3243 5257 κτίσιν
3264 5203 3434 5257 ἐποίει
3464 5208 3755 5278 μαρτυρεῖν

2212 5298 2258 5330 ⁷ο
2284 5296 2435 5352 Jnau.
2493 5310 2593 5361 xu,
2622 5296 2735 5364 52..
2806 5298 2848 5329 ⁷¹
2874 5298 3064 5367 Ephcs.
3103 5313 3160 5361 ιι,
3187 5296 3244 5349 2.
3336 5296 3380 5327 ⁷³
3411 5296 3643 5360 Hebr.x,
3667 5296 3750 5351 20.

2195 5476 2325 5530 editi
2358 5476 2413 5529 δέ
2433 5476 2707 5530 omittunt.

2264 5546 2371 5617 (56)
2400 5547 2498 5617 διο
2518 5545 2652 5600 Gob.
2677 5545 2789 5617 Fel.
2843 5546 2870 5599 1
2930 5560 3016 5598 an.
3039 5556 3094 5599 et
3125 5544 3249 5617 ch.
3281 5546 3380 5601 Alii
3404 5556 3459 5603 et
3482 5548 3570 5605 ed.
3594 5546 3749 5606 Com-

2194 5616 2317 5667 mel.
2351 5616 2612 5669 τουτέστι.

2194 5685 2377 5822 γοξὸῗ)
2409 5685 2715 5741 Gobierian.
2757 5691 2808 5739 et
2849 5682 3156 5740 Felckman.
3206 5685 3229 5743 l
3286 5701 3562 5757 auonym.,
3604 5687 3747 5741 εῦλο-
