4006 6528
250 409 337 467 111

1268 405 1527 464 ORATIO
1561 407 1650 464 DE
1690 407 2204 471 INCARNATIONE
2244 415 2472 472 VERBI.

3388 417 3494 474 142

251 528 340 599 τὴν
373 527 464 580 τοῦ
505 527 718 598 ἑαυτῆς
749 527 1075 598 δημιουργοῦ
1111 529 1409 598 παρουσίαν
1436 545 1449 558 '
1499 528 1590 582 τὸν
1627 528 1683 581 δὲ
1709 531 1819 582 ἑαυ‹

1935 533 2209 590 Creatoris
2238 537 2580 606 praesentiam
2624 535 2816 590 mirum
2866 536 2917 590 in
2951 537 3163 591 modum
3199 536 3368 591 voluit
3411 546 3491 590 te-

252 616 337 670 τοῦ
374 616 497 670 ναὸν
530 615 593 670 τὺ
625 615 746 688 (58)
781 617 941 687 σῶμα
969 619 1066 671 οὐκ
1095 619 1186 670 ἐπὶ
1216 617 1348 671 πολὺ
1390 618 1570 689 μένειν
1593 620 1827 690 ἀνασχό-

257 727 420 781 μενος,
449 710 591 764 ἀλλά
623 711 791 780 μόνον
812 711 990 777 δείξας
1013 713 1202 782 νεκρὸν
1227 716 1290 784 τῇ
1315 711 1407 766 τοῦ
1441 713 1669 768 Θανάτου
1694 713 1828 784 πρὸς

255 801 372 856 αὐτὸ
413 801 734 873 συμπλοκῇ,
764 807 1000 873 τριταῖον
1037 804 1235 868 εὐθέως
1262 805 1548 875 ἀνέστησε,
1591 806 1828 876 τρόπαια

255 895 338 947 καὶ
367 894 520 957 νίκας
554 895 705 948 κατά
734 895 826 948 τοῦ
854 896 1079 950 θανάτου
1112 897 1292 968 φέρων
1319 900 1417 967 τὴν
1444 899 1501 950 ὲν
1523 897 1600 968 τῷ
1619 897 1827 969 σώματι

254 986 538 1056 γενομένην
579 986 899 1066 ἀξρθαρσίαν
940 990 1029 1042 καὶ
1072 989 1357 1042 ἀπάθειαν.
1419 991 1680 1044 Ἦδύνατο
1732 991 1828 1060 μὲν

255 1079 350 1150 γὰρ
396 1079 488 1132 καὶ
530 1082 668 1149 παρ’
701 1070 841 1134 αὑτά
896 1080 984 1134 τοῦ
1031 1083 1257 1135 Θανάτου
1295 1085 1357 1135 τὸ
1387 1082 1544 1154 σῶμα
1568 1085 1827 1154 διεγεῖραι

259 1174 340 1225 καί
364 1172 522 1225 πάλιν
550 1171 728 1238 δεῖξαι
762 1171 871 1236 ζῶν
897 1191 909 1204 ⁸
933 1173 1062 1226 ἀλλά
1088 1175 1178 1227 καὶ
1203 1175 1359 1228 τοῦτο
1388 1175 1566 1238 καλῶς
1595 1175 1828 1248 προϊδὼν

219 1325 224 1328 _
259 1267 284 1316 6
314 1263 494 1335 Σωτὴρ
537 1266 600 1317 οὐ
656 1266 981 1336 πεποίηκεν.
1031 1261 1166 1319 Eine
1202 1266 1310 1338 γὰρ
1357 1268 1421 1322 ἄν
1457 1286 1540 1331 τις
1585 1269 1827 1339 μηδόλως

258 1355 372 1408 αὐτὸ
398 1355 748 1424 τεθνηκέναι,
793 1356 825 1427 ἦ
870 1357 1001 1427 μηδὲ
1043 1357 1220 1413 τέλεον
1266 1358 1429 1412 αὐτοῦ
1467 1359 1557 1413 τὸν
1601 1360 1826 1414 θάνατον

256 1446 557 1514 ἐψαυκέναι,
587 1448 640 1498 εἰ
671 1449 804 1517 παρ’
832 1449 970 1500 αὐτὰ
997 1447 1092 1519 τὴν
1123 1449 1411 1503 ἀνάστασιν
1437 1444 1502 1518 ἦν
1536 1449 1823 1513 ἐπιδείξας.

258 1538 392 1606 Τάχα
437 1537 492 1590 δὲ
543 1538 644 1592 καὶ
694 1541 751 1591 ἐν
787 1538 886 1609 ἴσῳ
932 1539 1024 1593 τοῦ
1056 1540 1415 1611 διαστήματος
1457 1540 1604 1604 ὄντος
1636 1541 1728 1594 τοῦ
1767 1558 1824 1593 τε

257 1631 470 1684 θανάτου
502 1633 601 1685 καὶ
631 1633 738 1701 τῆς
761 1632 1127 1696 ἀναστάσεως,
1152 1632 1342 1702 ἄδηλον
1372 1633 1580 1700 ἐγίνετο
1609 1631 1669 1685 τὸ
1699 1632 1828 1702 περὶ

257 1723 344 1793 τῆς
384 1723 704 1795 ἀφθαρσίας
753 1724 926 1786 κλέος.
978 1723 1174 1789 Ὅθεν,
1211 1725 1294 1776 ἵνα
1336 1723 1520 1796 δειχθῇ
1549 1724 1738 1796 νεκρὸν
1766 1725 1828 1777 τὸ

259 1817 422 1884 σῶμα,
448 1817 542 1868 καὶ
571 1816 711 1886 μίαν
731 1816 989 1886 ὑπέμεινε
1023 1817 1190 1886 μέσην
1212 1819 1239 1869 6
1263 1817 1451 1882 Λόγος,
1477 1818 1570 1870 καὶ
1590 1820 1826 1886 τριταῖον

259 1903 398 1956 τοῦτο
443 1907 616 1961 πᾶσιν
653 1905 858 1969 ἔδειξεν
889 1905 1158 1977 ἄφθαρτον
1225 1907 1424 1960 Ἕνεκα
1470 1907 1568 1979 μὲν
1595 1902 1688 1960 οὖν
1733 1907 1826 1960 τοῦ

261 1995 516 2068 δειχθῆναι
549 1999 648 2052 τὸν
696 1999 927 2053 θάνατον
971 2001 1028 2050 ὲν
1060 1999 1138 2070 τῷ
1189 2000 1417 2070 σώματι,
1461 2002 1698 2071 τριταῖον
1737 2000 1829 2053 ἀν-

260 2086 439 2158 έστησε
463 2089 629 2143 τοῦτο
652 2107 668 2121 ·
697 2091 787 2144 ἵνα
814 2091 868 2143 δὲ
900 2091 970 2161 μὴ
994 2093 1086 2144 ἐπὶ
1115 2091 1250 2144 πολὺ
1276 2092 1556 2160 διαμεῖναν
1583 2092 1676 2144 καὶ
1697 2091 1828 2161 φθα-

261 2179 339 2247 ρὲν
351 2180 528 2232 τέλεον
558 2180 798 2253 ὕστερον
828 2183 1132 2254 ἀναστήσας
1152 2183 1444 2254 ἀπιστηθῇ,
1467 2184 1541 2246 ὡς
1558 2185 1655 2237 οὐκ
1676 2182 1826 2245 αὐτὸ,

257 2271 358 2323 ἀλλ’
388 2272 580 2342 ἕτερον
615 2274 778 2345 σῶμα
806 2275 984 2346 φέρων
1003 2293 1015 2305 ο
1056 2275 1242 2346 ἔμελλε
1281 2275 1389 2347 γάρ
1420 2276 1483 2331 ἀν
1511 2294 1592 2339 τις
1625 2275 1716 2329 καὶ
1741 2274 1826 2328 διὰ

257 2364 333 2417 τὸν
362 2365 466 2434 (59)
501 2368 708 2469 xg‘lvov
734 2368 984 2421 ἀπιστεῖν
1008 2367 1085 2440 τῷ
1122 2371 1459 2440 φαινομένῳ,
1485 2371 1580 2424 καὶ
1608 2368 1826 2423 ἐπιλαν-

257 2454 492 2510 θάνεσθαι
522 2454 641 2511 τῶν
692 2461 1002 2530 γενομένων
1029 2479 1042 2492 ο
1095 2463 1182 2517 διὰ
1224 2463 1379 2515 τοῦτο
1413 2464 1472 2516 οὐ
1512 2463 1680 2516 πλείω
1719 2462 1827 2517 τῶν

257 2545 403 2616 τριῶν
427 2548 662 2619 ἡμερῶν
679 2550 959 2620 ἠνέσχετο,
989 2551 1108 2605 οὐδὲ
1138 2552 1229 2606 ἐπὶ
1255 2554 1386 2606 πολὺ
1415 2553 1540 2616 τοὺς
1560 2553 1824 2608 ἀκούσαν-

255 2651 341 2698 τας
378 2636 547 2690 αὐτοῦ
597 2638 728 2710 περὶ
762 2640 862 2705 τῆς
897 2641 1240 2704 ἀναστάσεως
1276 2641 1667 2712 παρείλκυσεν⁸
1710 2641 1824 2695 ἀλλ’

258 2724 325 2779 ἔτι
381 2729 486 2782 τῶν
541 2731 726 2784 ἀκοῶν
761 2731 941 2784 αὐτῶν
967 2732 1186 2786 ἔναυλον
1211 2735 1437 2803 ἐχόντων
1466 2733 1635 2806 [ἴσως
1669 2734 1824 2805 ἐχου-

258 2817 374 2890 σῶν]
409 2821 502 2874 τὸν
545 2820 726 2889 λόγον,
769 2821 862 2874 καὶ
897 2821 974 2874 ἔτι
1002 2823 1109 2876 τῶν
1140 2823 1431 2891 ὀφθαλμῶν
1463 2824 1642 2878 αὐτῶν
1670 2824 1822 2878 ἐκδε-

258 2908 522 2977 χομένων,·
564 2911 659 2964 καὶ
706 2911 809 2981 τῆς
856 2911 1092 2975 διανοίας
1128 2913 1305 2965 αὐτῶν
1347 2915 1683 2985 ἡρτημένης,
1733 2915 1826 2967 καὶ

257 2994 453 3058 ζώντων
479 2997 579 3052 ἐπὶ
602 2999 708 3070 γῆς
737 2999 818 3051 ἔτι
843 3040 858 3063 ,
887 3000 978 3053 καὶ
1009 3002 1101 3054 ἐπὶ
1133 3002 1312 3064 τόπων
1357 3002 1467 3073 (60)
1505 3004 1670 3057 ὄντων
1713 3003 1821 3056 τῶν

257 3085 691 3156 θανατωσάντων,
734 3093 830 3145 καὶ
858 3095 1273 3165 μαρτυρούντων
1305 3096 1431 3168 περὶ
1463 3097 1556 3150 τοῦ
1592 3095 1822 3151 θανάτου

255 3179 334 3232 τοῦ
354 3183 621 3254 κυριακοῦ
655 3183 931 3255 σώματος,
957 3185 1113 3250 αὐτὸς
1137 3189 1165 3240 6
1195 3188 1287 3239 τοῦ
1313 3187 1447 3240 Θεοῦ
1469 3187 1594 3251 Υἱὸς
1621 3191 1678 3242 ὲν
1699 3207 1819 3261 τρι-

253 3271 371 3342 ταίῳ
398 3274 741 3345 διαστήματι
775 3275 837 3328 τὸ
859 3277 1144 3348 γενόμενον
1183 3278 1373 3347 νεκρὸν
1419 3277 1575 3349 σῶμα
1621 3279 1819 3344 ἔδειξεν

251 3364 505 3420 ἀθάνατον
544 3371 638 3422 καὶ
680 3368 987 3440 ἀφθαρτον’
1038 3372 1132 3424 καὶ
1173 3372 1456 3442 ἀνεδείχθη
1509 3375 1695 3438 πᾶσιν,
1741 3374 1821 3427 ὄτι

223 3458 338 3530 ,βούκ
371 3460 635 3532 ἀσθενείᾳ
665 3461 883 3530 φύσεως
903 3461 996 3514 τοῦ
1030 3464 1363 3527 ἐνοικοῦντος
1395 3464 1567 3533 Λόγου
1593 3465 1821 3534 τέθνηκε

213 3537 222 3592 ί
251 3549 304 3600 τὸ
333 3550 512 3620 σῶμα,
551 3551 666 3604 ἀλλ’
703 3552 800 3604 ἐπὶ
832 3552 909 3621 τῷ
935 3553 1026 3605 τὸν
1055 3553 1278 3606 θάνατον
1301 3554 1721 3626 ἐξαφανισθῆναι
1764 3558 1820 3609 ὲν

250 3638 383 3710 αὑτῷ
417 3645 487 3713 τῇ
514 3641 747 3714 δυνάμει
778 3639 871 3693 τοῦ
903 3641 1172 3712 Σωτῆρος.

1929 626 2175 681 Stilicari.
2207 627 2489 698 Templum
2524 643 2737 697 quoque
2757 644 2913 683 suum
2945 645 3137 696 nempe
3162 643 3356 698 corpus
3383 644 3487 681 non

1929 717 2018 771 diu
2059 719 2308 774 exanime
2352 719 2536 789 jacere
2591 719 2738 783 sivit,
2797 719 2890 773 sed
2938 733 3060 774 cum
3117 719 3241 773 illud
3301 719 3490 773 mortis

1928 822 2220 876 congressu
2256 821 2528 864 mortuum
2559 809 2904 871 ostendisset,
2933 812 3087 864 tertia
3129 807 3216 863 die
3254 808 3432 862 statim
3457 827 3488 861 a

1933 902 2163 956 mortuis
2191 904 2466 970 excitavit,
2491 903 2732 973 corporis
2764 902 3216 971 incorruptionem
3255 910 3309 955 et
3336 901 3487 954 indo—

1932 991 2174 1057 lentiam,
2200 992 2362 1047 veluti
2399 993 2634 1062 trophcea
2668 1003 2725 1048 et
2757 994 2984 1062 palmas,
3027 1002 3198 1046 morte
3224 994 3366 1046 victa
3407 1007 3486 1045 re-

1930 1091 2174 1150 portans.
2203 1081 2422 1137 Poterat
2463 1084 2678 1154 quidem
2728 1085 2907 1138 statim
2941 1093 3061 1153 post
3104 1093 3333 1139 mortem
3367 1097 3488 1137 cor-

1928 1190 2027 1244 pus
2057 1174 2392 1229 exsuscilare
2429 1184 2478 1228 et
2521 1174 2698 1229 vivum
2738 1175 2932 1229 iterum
2959 1176 3262 1229 ostendere.
3291 1173 3485 1227 Verum

1931 1266 1982 1319 id
2020 1282 2124 1319 non
2155 1266 2274 1321 sine
2315 1282 2504 1336 magna
2528 1267 2860 1336 providentia
2897 1266 3073 1322 facere
3103 1267 3271 1321 noluit
3300 1265 3487 1322 Salva-

1929 1368 2033 1414 tor.
2071 1357 2349 1426 Siquidem
2377 1360 2500 1414 inde
2536 1360 2801 1429 potuisset
2833 1359 3030 1428 aliquis
3058 1359 3320 1428 suspicari
3363 1360 3487 1414 illud

1931 1465 2268 1518 nequaquam
2311 1458 2579 1504 mortuum
2619 1466 2760 1514 esse,
2797 1450 2878 1505 vel
2923 1467 3024 1504 non
3065 1451 3284 1505 omnino
3319 1450 3426 1522 56
3457 1467 3486 1505 a

1929 1551 2104 1596 morte
2136 1554 2334 1598 tactum
2360 1543 2547 1608 fuisse,
2587 1543 2630 1597 si
2659 1543 2806 1597 illico
2837 1545 3243 1598 resurrexisset.
3273 1543 3489 1598 Fortas-

1929 1635 2190 1688 siS'etiam
2219 1634 2264 1688 si
2295 1634 2484 1688 eodem
2517 1633 2774 1704 temporis
2795 1635 2969 1705 spatio
2999 1650 3144 1690 mors
3171 1645 3224 1689 et
3245 1649 3486 1692 resurre-

1928 1726 2038 1778 ctio
2084 1725 2413 1790 evenissent,
2456 1725 2876 1794 incorruptionis
2917 1725 3078 1780 decus
3128 1727 3390 1780 incertum
3436 1735 3491 1779 et

1931 1816 2169 1885 ignotum
2229 1815 2440 1870 fuisset.
2505 1816 2795 1882 Quocirca.
2855 1825 2912 1870 ut
2968 1831 3163 1886 corpus
3214 1823 3487 1869 mortuum

1928 1907 2092 1963 fuisse
2117 1916 2410 1972 constaret,
2442 1907 2615 1963 media
2649 1923 2752 1962 una
2784 1907 2870 1960 die
2894 1923 3108 1976 passum
3128 1916 3212 1963 est
3229 1905 3487 1972 Verbum,

1926 2005 1982 2053 et
2020 2012 2216 2066 corpus
2246 1998 2403 2051 tertia
2429 1997 2515 2051 die
2549 1998 2802 2052 omnibus
2829 1997 3198 2065 iucorrttptum
3227 1997 3484 2052 ostendit.

1926 2089 2129 2158 Itaque,
2156 2101 2216 2141 ut
2247 2103 2446 2158 corpus
2477 2102 2601 2143 vere
2634 2099 2906 2142 mortuum
2939 2087 3104 2141 fuisse
3141 2087 3485 2142 manifestum

1925 2189 2090 2243 esset,
2117 2180 2247 2234 illud
2276 2180 2429 2234 tertia
2472 2179 2558 2234 die
2585 2180 2952 2235 exsuscitavit.
2995 2179 3071 2233 Ne
3099 2188 3276 2234 autem
3313 2179 3365 2234 id
3405 2178 3487 2232 in—

1925 2271 2184 2327 credibile
2229 2271 2520 2336 videretur,
2571 2271 2822 2340 aliudque
2877 2285 2997 2323 eum
3039 2270 3240 2325 habere
3288 2284 3485 2341 corpus

1929 2370 2182 2432 putarent
2209 2361 2476 2425 homines,
2496 2361 2540 2415 si
2574 2360 2822 2414 nimirum
2857 2376 2960 2416 non
2985 2360 3086 2414 nisi
3118 2367 3238 2429 post
3261 2358 3484 2415 multum

1927 2455 2207 2524 temporis,
2242 2468 2368 2508 cum
2397 2452 2507 2521 jam
2532 2453 2746 2521 penitus
2774 2450 2966 2508 fuisset
2997 2462 3333 2521 corruptum,
3357 2451 3486 2505 illud

1927 2545 2052 2599 vitae
2102 2543 2428 2600 reddidisset
2484 2544 2606 2614 (nec
2636 2546 2778 2598 enim
2813 2542 3111 2598 defuissent
3142 2544 3232 2612 qui
3266 2553 3486 2614 propter

1923 2639 2215 2710 longiorem
2272 2653 2476 2693 moram
2537 2638 2692 2693 fidem
2751 2652 2855 2692 non
2898 2636 3237 2703 adhiberent,
3282 2645 3336 2691 et
3364 2651 3484 2705 qua:

1923 2742 2042 2787 acta
2078 2739 2260 2786 essent
2291 2729 2760 2799 obliviscerentur)
2796 2748 2809 2784 :
2864 2729 3066 2784 ideirco
3102 2743 3206 2783 non
3255 2729 3486 2798 amplius

1923 2836 2086 2891 quam
2131 2828 2242 2874 tres
2279 2819 2395 2874 dies
2434 2819 2788 2890 exspectavit,
2827 2834 2999 2889 neque
3034 2819 3152 2874 illos
3198 2820 3290 2888 qui
3329 2835 3388 2874 se
3419 2821 3485 2875 de

1925 2912 2323 2967 resurrectione
2360 2912 2628 2971 dicentem
2659 2910 2944 2964 audierant
2977 2911 3028 2963 in
3063 2910 3277 2981 longius
3306 2911 3484 2966 distu-

1923 3004 1983 3057 lit
2009 3021 2023 3070 ;
2053 3003 2145 3058 sed
2185 3017 2304 3058 cum
2341 3002 2461 3072 ejus
2495 3001 2674 3058 verbis
2707 3001 2938 3059 illorum.
2966 3015 3126 3063 aures
3159 3001 3332 3056 adhuc
3359 3015 3482 3070 per-

1924 3102 2227 3161 sonarent;
2271 3109 2392 3148 cum
2448 3109 2570 3148 eum
2617 3093 2790 3149 adhuc
2839 3095 3059 3149 attentis
3103 3101 3482 3164 exspectarent

1924 3185 2119 3250 oculis,
2173 3193 2228 3240 et
2277 3184 2455 3242 animo
2498 3195 2679 3242 essent
2707 3188 2951 3254 suspensi
2986 3203 3000 3249 ;
3037 3202 3156 3242 cum
3209 3188 3383 3243 adhuc
3426 3187 3481 3243 in

1922 3287 2065 3331 terra
2110 3275 2354 3330 viverent
2402 3285 2456 3332 et
2505 3278 2694 3331 iisdem
2742 3279 2792 3332 in
2836 3277 2968 3332 locis
3007 3287 3351 3333 versarentur
3386 3279 3481 3348 qui

1917 3370 2065 3425 illum
2091 3370 2402 3424 occiderant
2436 3377 2491 3423 et
2518 3369 2706 3424 mortis
2747 3369 3006 3424 Dominici
3035 3369 3275 3439 corporis
3315 3379 3480 3426 testes

1917 3471 2115 3528 erant;
2157 3462 2271 3530 ipse
2319 3461 2409 3515 Dei
2448 3459 2617 3515 Filius
2648 3475 2862 3530 corpus,
2892 3461 3035 3530 quod
3074 3461 3239 3514 trium
3269 3460 3478 3516 dierum

1918 3555 2090 3623 Spatio
2120 3563 2390 3607 mortuum
2430 3553 2622 3618 fuerat,
2671 3553 2975 3608 immortale
3012 3563 3066 3608 et
3111 3554 3478 3622 incorruptum

1916 3645 2182 3709 exhibuit,
2227 3644 2511 3714 palamque
2569 3644 2769 3698 factum
2823 3654 2907 3698 est
2955 3659 3059 3699 non
3110 3644 3478 3701 imbecillitate

252 3746 447 3791 naturae
478 3735 642 3791 Verbi
693 3735 1046 3792 inhabitantis
1097 3747 1366 3792 mortuum
1409 3752 1530 3794 esse
1579 3754 1801 3810 corpus,
1865 3739 1958 3796 sed
2017 3750 2076 3795 ut
2120 3755 2266 3795 mors
2301 3742 2502 3797 virtute
2550 3740 2847 3797 Salvatoris
2890 3739 2944 3794 in
2996 3739 3112 3810 ipso
3169 3739 3477 3796 destruere'

251 3835 346 3881 lill'.

309 3922 396 3976 27.
444 3920 554 3975 Τοῦ
596 3923 694 3993 μὲν
733 3923 844 3995 γὰρ
889 3924 1276 3979 καταλελύσθαι
1315 3926 1404 3981 τὸν
1435 3927 1683 3994 θάνατον,
1723 3931 1816 3983 καὶ

250 4014 394 4086 νίκην
439 4015 562 4069 κατ’
592 4016 760 4069 αὑτοῦ
791 4017 1116 4087 γεγενῆσθαι
1142 4019 1233 4071 τὸν
1274 4020 1524 4091 σταυρὸν,
1575 4023 1669 4075 καὶ
1714 4039 1816 4093 μη-

249 4107 353 4161 κέτι
379 4109 568 4164 λοιπὸν
597 4109 825 4180 ἰσχύειν,
856 4109 969 4162 ἀλλ’
997 4106 1131 4165 εἶναι
1156 4110 1345 4182 νεκρὸν
1384 4113 1542 4166 αὑτὸν
1577 4113 1810 4184 ἀληθῶς,

249 4203 525 4275 γνώρισμα
568 4205 670 4258 οὐκ
711 4206 890 4273 ὀλίγον
933 4208 1029 4260 καὶ
1064 4207 1243 4272 πίστις
1292 4211 1524 4282 ἐναργὴς
1558 4211 1620 4265 τὸ
1662 4213 1810 4284 παρά

250 4295 454 4350 πάντων
488 4296 600 4349 τῶν
645 4297 736 4350 τοῦ
766 4296 1001 4368 Χριστοῦ
1050 4299 1308 4370 μαθητῶν
1340 4303 1499 4355 αὐτὸν
1527 4292 1810 4376 ἂαταιρρο-

1989 3933 2078 3986 27.
2111 3931 2335 3988 Mortem
2370 3933 2512 3988 enim
2547 3933 2862 3989 dissolutam
2897 3948 3018 3989 esse
3057 3941 3112 3988 et
3137 3946 3297 3988 cruce
3323 3931 3480 3986 devi.

1919 4032 2083 4088 ctam,
2118 4039 2217 4079 nec
2242 4039 2360 4080 eam
2387 4023 2616 4095 amplius
2649 4025 2756 4079 vim
2787 4024 2946 4079 ullam
2986 4025 3206 4090 habere,
3237 4025 3328 4079 sed
3353 4037 3478 4078 vere

1918 4125 2182 4171 mortuam
2223 4131 2363 4182 esse,
2397 4132 2500 4172 non
2539 4126 2697 4172 tenue
2732 4128 3105 4188 argumentum
3154 4118 3246 4173 sed
3285 4116 3475 4172 certis—

1917 4210 2109 4264 simum
2136 4209 2394 4263 iudiciuin
2428 4219 2529 4273 est,
2575 4211 2716 4277 quod
2745 4212 2812 4266 ab
2861 4211 3111 4265 omnibus
3144 4210 3343 4267 Christi
3392 4210 3475 4263 di-

1914 4299 2134 4369 scipulis
2179 4299 2266 4354 illa
2313 4309 2712 4366 contemnatur,
2763 4317 3054 4371 omnesque
3101 4303 3273 4356 eidem
3309 4302 3477 4356 insul-

249 4389 462 4452 νεῖσθαι,
499 4389 598 4443 καὶ
632 4389 839 4452 πάντας
865 4389 1161 4443 ἐπιϐαίνειν
1207 4392 1323 4444 κατ’
1356 4392 1518 4446 αὑτοῦ
1538 4433 1552 4457 ,
1584 4395 1676 4448 καὶ
1707 4413 1810 4465 μη-

1923 4401 2048 4456 teut,
2075 4406 2173 4445 nec
2199 4391 2310 4458 jam
2343 4393 2409 4444 ab
2441 4392 2550 4446 illis
2585 4393 2854 4457 timeatur,
2895 4393 2987 4447 sed
3030 4393 3183 4462 signo
3215 4393 3390 4446 crucis
3420 4401 3478 4447 et

250 4481 355 4533 κέτι
381 4481 666 4550 φοϐεῖσθαι
698 4480 886 4534 τοῦτον
910 4522 924 4546 ,
955 4479 1088 4533 ἀλλὰ
1118 4481 1194 4552 τῷ
1217 4481 1428 4552 σημείῳ
1459 4482 1550 4534 τοῦ
1579 4484 1813 4553 σταυροῦ

251 4574 330 4625 καὶ
355 4576 420 4646 τῇ
458 4576 544 4637 είς
575 4572 812 4644 Χριστὸν
843 4574 1021 4626 πίστει
1046 4576 1379 4627 καταπατεῖν
1409 4573 1570 4627 αὐτὸν
1612 4576 1688 4638 ὡς
1725 4593 1812 4628 νε-

252 4667 386 4736 κρόν.
422 4667 602 4719 Πάλαι
639 4667 738 4737 μὲν
758 4665 867 4736 γὰρ
893 4668 1018 4740 πρὶν
1038 4666 1136 4738 τὴν
1173 4666 1322 4721 θείαν
1351 4666 1640 4737 ἐπιδημίαν
1660 4666 1811 4733 γενέ-

244 4756 359 4811 σθαι
383 4758 475 4812 τοῦ
498 4759 752 4829 Σωτῆρος
770 4797 785 4819 ,
826 4743 1140 4830 φοϐερὸςῆν
1162 4759 1256 4811 καὶ
1287 4760 1468 4822 αὐτοῖς
1491 4761 1604 4821 τοῖς
1635 4758 1807 4827 ἁγίοις

250 4846 534 4913 ἀθάνατος,
587 4849 683 4902 καὶ
713 4847 827 4918 (61)
872 4847 1067 4912 πάντες
1103 4849 1229 4912 τοὺς
1258 4847 1694 4919 ἀποθνήσκοντας
1732 4849 1806 4910 ὼς

252 4939 619 5013 φθειρομένους
660 4940 922 5011 ἐθρήνουν
949 4958 961 4970 ·
1005 4942 1220 5013 ἀρτιδὲ
1264 4943 1358 4997 τοῦ
1398 4942 1649 5012 Σωτῆρος
1680 4943 1808 4995 ἀνα-

253 5035 532 5104 στήσαντος
562 5035 623 5087 τὸ
655 5033 836 5104 σῶμα,
862 5033 1044 5086 οὐκέτι
1086 5035 1181 5104 μὲν
1205 5037 1232 5086 6
1264 5035 1490 5098 θάνατός
1519 5034 1633 5086 ἐστι
1658 5032 1808 5102 φοϐε-

253 5125 349 5193 ρὸς,
396 5127 600 5190 πάντες
633 5126 690 5179 δὲ
723 5127 773 5178 οἱ
802 5124 880 5196 τῷ
904 5125 1121 5197 Χριστῷ
1151 5127 1515 5190 πιστεύοντες,
1543 5124 1617 5188 ὼς
1654 5123 1804 5177 οὐδὲν

251 5216 392 5272 αὑτὸν
409 5218 536 5272 ὄντα
575 5217 806 5271 πατοῦσι
839 5218 931 5271 καὶ
967 5217 1162 5287 μᾶλλον
1201 5219 1564 5289 ἀποθνήσκειν
1594 5215 1808 5287 αἱροῦν-

252 5323 346 5371 ται,
389 5311 421 5380 ἢ
471 5309 814 5382 ἀρνήσασθαι
860 5309 957 5380 τὴν
998 5311 1074 5373 είς
1118 5311 1352 5380 Χριστὸν
1384 5312 1585 5363 πίστιν.
1634 5311 1805 5361 Ἱσασι

252 5397 346 5470 γὰρ
370 5401 552 5467 ὅντως,
588 5403 670 5454 ὅτι
696 5400 1119 5471 ἀποθνήσκοντες
1153 5402 1252 5456 οὐκ
1285 5402 1631 5466 ἀπόλλυνται,
1674 5400 1806 5454 ἀλλὰ

316 5577 418 5650 (58)
445 5578 674 5650 iSeguer.
699 5579 762 5631 τό
789 5577 976 5650 habet,
995 5581 1134 5646 quod
1157 5580 1247 5636 alii
1272 5591 1328 5638 et
1363 5581 1493 5635 editi
1523 5579 1796 5634 omittunt.

317 5647 541 5715 (59tSié
569 5649 792 5718 Gobler.
839 5647 1071 5703 Felckm.
1117 5651 1141 5704 1
1191 5667 1281 5708 an.
1316 5662 1368 5706 et
1415 5652 1794 5718 Seguerianus.

255 5715 345 5791 alii
368 5728 418 5772 et
452 5717 818 5791 editi,at’216v._
848 5718 1008 5791 iidem
1040 5722 1194 5787 paulo
1228 5733 1358 5778 ante
1389 5715 1668 5791 διαμεῖναν
1700 5723 1794 5774 ha-

257 5787 387 5846 bent.
406 5789 502 5860 ‘u_bi
531 5789 620 5842 alii
647 5798 703 5844 et
737 5788 884 5860 editi,
907 5789 1194 5860 διαμεῖνον.

318 5858 420 5932 (60)
439 5858 527 5916 Sic
547 5860 687 5917 Gob.
714 5870 765 5915 et
787 5858 965 5916 Fclck.
992 5858 1015 5915 1
1048 5878 1133 5917 an.
1157 5863 1223 5918 At
1245 5864 1336 5920 alii
1365 5874 1418 5920 et
1441 5862 1588 5933 editi,
1612 5867 1790 5922 τόπον.

1927 4484 2030 4536 tide
2061 4483 2264 4536 Christi
2302 4491 2552 4551 tanquam
2589 4494 2798 4536 mortua
2840 4482 3208 4538 conculcetur;
3235 4480 3372 4537 Olim
3400 4482 3476 4536 si-

1914 4573 2131 4642 quidem
2182 4583 2307 4626 ante
2349 4572 2586 4627 divinum
2640 4572 2937 4627 Salvatoris
2975 4573 3286 4637 adventum,
3341 4572 3474 4641 ipsis

1914 4664 2077 4717 etiam
2117 4662 2322 4716 sanctis
2378 4677 2524 4716 mors
2557 4672 2676 4717 erat
2715 4662 2992 4729 terribilis,
3041 4663 3329 4732 cunctique
3379 4678 3474 4718 eos

1912 4755 2002 4822 qui
2039 4755 2405 4808 moriebantur
2433 4764 2685 4823 tanquam
2721 4767 3007 4825 pereuntes
3037 4755 3318 4811 deﬂebant.
3352 4754 3470 4810 .lam

1911 4854 2114 4910 autem,
2151 4853 2431 4915 postquam
2468 4845 2714 4900 Salvator
2759 4861 2952 4916 corpus
2987 4862 3140 4902 suum
3179 4863 3208 4902 a
3245 4851 3471 4904 mortuis

1912 4937 2188 5003 excitavit,
2230 4952 2377 4991 mors
2404 4951 2508 4992 non
2546 4937 2775 5006 amplius
2811 4938 3068 4994 terribilis
3096 4947 3198 5004 est,
3236 4942 3328 4996 sed
3356 4957 3474 4995 um-

1910 5046 2028 5093 nes,
2062 5031 2154 5097 qui
2206 5029 2420 5083 Christo
2445 5029 2689 5092 credunt,
2734 5043 2854 5083 eam
2891 5039 3144 5098 tanquam
3189 5046 3308 5101 quae
3340 5032 3473 5087 nihil

1909 5121 1981 5175 sit
2033 5119 2263 5186 calcant,
2314 5121 2599 5191 potiusque
2649 5121 2785 5176 mori
2833 5121 3039 5193 eligunt
3090 5138 3253 5192 quam
3312 5122 3471 5178 [idem

1911 5213 2111 5266 Christi
2146 5227 2360 5283 negare.
2391 5211 2656 5267 Nimirum
2692 5224 2841 5269 certo
2875 5217 3054 5270 sciunt
3091 5230 3149 5270 se
3195 5216 3472 5270 moriendo

1909 5320 2014 5358 non
2054 5303 2254 5373 perire,
2285 5305 2376 5358 sed
2410 5305 2594 5361 vivere
2634 5315 2689 5361 et
2720 5307 3064 5376 incorruptos
3101 5322 3196 5374 per
3229 5319 3470 5360 resurre-

1911 5395 2143 5452 ctionem
2178 5395 2315 5451 ﬁeri.
2346 5397 2437 5452 Ille
2467 5407 2644 5453 autem
2674 5401 2762 5468 qui
2798 5401 2954 5456 nobis
2981 5410 3133 5453 antea
3164 5409 3337 5454 morte
3369 5399 3469 5453 im-

1905 5575 2027 5634 Mox
2044 5575 2183 5647 ibid.
2209 5576 2427 5646 Seguer.
2461 5577 2760 5647 μαρτύρων
2772 5577 2863 5630 τοῦ
2891 5577 3140 5632 θανάτου.

1975 5646 2088 5715 (61)
2113 5645 2238 5702 Haec
2258 5637 2440 5717 verba,
2461 5637 2814 5717 ’φοϐερὸς-ἦν
2841 5647 3136 5717 καὶᾼαὺτοῖς
3158 5646 3266 5708 τοῖς
3290 5644 3465 5715 ἁγίοις
3526 5637 3532 5644 ’

1905 5718 1946 5839 6S
1962 5713 2208 5782 θάνατος,
2242 5715 2354 5782 καί,
2387 5717 2578 5772 absunt
2603 5713 2642 5771 'a
2685 5713 2905 5774 Gobler.
2939 5713 3168 5776 Felckm.
3209 5717 3230 5770 1
3277 5713 3364 5772 an.
3410 5728 3466 5773 et

1948 5801 2129 5858 eguer.
