4006 6506
457 409 560 468 143

1049 410 1107 470 S.
1151 410 1515 467 ATIIANASII
1556 412 1708 468 OPP.
1750 412 1931 469 PARS
1971 413 2012 467 l.
2058 444 2127 455 -
2160 412 2525 469 lllSTORlCA
2570 411 2656 466 ET
2698 411 3118 470 DOGMATICA.

3577 411 3680 465 144

454 529 623 600 probe
667 527 958 583 insultabat
1010 528 1275 596 diabolus,
1325 530 1516 586 solutis
1566 531 1753 586 mortis
1806 531 2040 590 dolori-.

2146 532 2203 585 al.
2229 532 2381 596 ζῶσι,
2413 533 2508 584 καὶ
2529 529 2790 601 ἄφθαρτοι
2815 528 2903 582 διὰ
2926 529 3023 599 τῆς
3042 526 3387 589 ἀναστάσεως
3416 526 3679 594 γίνονται.

456 622 555 676 bus
582 620 649 684 ",
696 619 843 674 solus
888 634 1013 674 vere
1060 631 1302 676 mortuus
1344 622 1574 687 mansit;
1612 624 1765 693 cujus
1794 625 2010 693 quidem

2128 624 2357 687 Ἐκεῖνος
2382 624 2438 677 δὲ
2477 624 2505 676 ὁ
2542 622 2706 676 πάλαι
2738 620 2817 691 τῷ
2858 619 3071 689 θανάτῳ
3106 617 3354 689 πονηρῶς
3384 617 3497 687 (6‘2)
3532 617 3685 669 ἐναλ-

458 709 536 764 rei
573 711 782 779 signum
828 718 935 774 est,
967 712 1109 779 quod
1165 712 1410 766 homines
1460 720 1746 781 antequam
1795 712 2014 769 Christo

2145 716 2335 786 όμενος
2365 715 2627 777 διάϐολος,
2653 712 2910 767 λυθεισῶν
2935 709 3096 764 αὑτοῦ
3126 709 3233 764 τῶν
3254 710 3477 772 ὠδίνων,
3503 706 3684 779 ἔμεινε

458 801 681 856 credant
726 811 952 855 mortem
1005 811 1062 857 ut
1094 803 1386 858 terribilem
1425 803 1741 858 intueantur
1771 815 1825 859 et
1872 804 2015 859 refu-

458 894 639 962 giant:
671 900 851 958 postea
888 906 1016 947 vero
1050 908 1207 963 quam
1243 895 1306 947 ad
1340 894 1486 948 illius
1529 895 1687 950 fidem
1730 910 1785 952 et
1822 898 2018 954 doctri-

459 997 581 1038 nam
613 983 947 1052 transierint,
980 986 1113 1040 adeo
1145 984 1357 1039 fortiter
1384 997 1610 1040 mortem
1643 998 1926 1055 spernunt,
1960 998 2017 1043 ut

459 1083 513 1130 et
545 1076 681 1129 mira
716 1075 999 1130 alacritate
1032 1077 1099 1131 ad
1131 1090 1248 1131 eam
1280 1089 1575 1147 properent
1599 1090 1653 1133 et
1689 1090 1855 1135 testes
1888 1080 2020 1134 ﬂant

458 1167 872 1222 resurrectionis
935 1183 1095 1238 quam
1143 1168 1389 1224 Salvator
1453 1180 1640 1224 contra
1697 1170 1841 1225 illam
1897 1186 2022 1239 pro-

459 1258 630 1315 duxit.
653 1258 789 1315 Hine
820 1259 918 1329 ipsi
949 1261 1111 1315 etiam
1142 1261 1379 1317 infantes
1403 1262 1536 1316 mori
1578 1261 1851 1327 festinant,
1874 1276 2023 1319 sese-

461 1367 565 1421 que
598 1362 784 1407 contra
817 1363 1045 1409 mortem
1080 1369 1185 1408 non
1210 1355 1309 1409 viri
1336 1363 1541 1408 tantum
1569 1355 1661 1409 sed
1689 1363 1742 1409 et
1768 1355 2023 1411 mulieres

459 1453 734 1498 exercent.
764 1442 839 1497 Ita
870 1444 1079 1499 scilicet
1118 1444 1331 1499 inﬁrma
1369 1445 1509 1499 facta
1543 1454 1620 1499 est
1648 1454 1704 1499 ut
1735 1455 1787 1500 et
1828 1446 2025 1499 mulie-

462 1549 569 1599 res,
600 1550 734 1603 quas
771 1536 923 1604 prius
972 1536 1281 1605 deceperat,
1333 1550 1475 1590 nunc
1507 1535 1579 1589 illi
1620 1536 1767 1590 velut
1800 1545 2025 1590 mortuae

460 1632 515 1679 et
552 1624 825 1679 dissoluta:
860 1624 1107 1679 illudant.
1156 1624 1621 1691 Quemadmodum
1667 1626 1809 1679 enim
1862 1627 1906 1681 si
1944 1637 2026 1696 ty-

464 1729 667 1769 rannus
708 1714 905 1784 aliquis
939 1730 968 1769 a
1013 1730 1141 1770 vero
1177 1730 1299 1786 rege
1341 1726 1647 1783 superatus,
1681 1716 1932 1769 manibus
1960 1730 2024 1769 ac

2118 807 2276 878 μόνος
2319 805 2532 876 ἀληθῶς
2566 805 2774 876 νεκρός.
2825 803 2934 857 Καὶ
2974 802 3160 856 τούτου
3201 801 3535 873 τεκμήριον,
3582 802 3687 866 ὅτι,

2117 897 2245 967 πρὶν
2285 895 2661 949 πιστεύσουσιν
2688 894 2803 963 (65)
2834 895 2882 947 οί
2913 894 3184 965 ἄνθρωποι
3212 892 3291 963 τῷ
3319 892 3560 964 Χριστῷ,
3591 910 3689 961 φο-

2118 987 2275 1059 ϐερὸν
2304 988 2393 1041 τὸν
2422 986 2648 1041 θάνατον
2684 985 2849 1056 όρῶσι
2878 984 2976 1037 καὶ
3007 984 3271 1039 δειλιῶσιν
3308 985 3501 1039 αὐτόν’
3543 987 3693 1037 ἐπει-

2117 1076 2213 1131 δάν
2235 1076 2290 1129 δὲ
2327 1078 2407 1139 είς
2430 1076 2526 1147 τὴν
2558 1074 2764 1129 ἐκείνου
2790 1074 2972 1127 πίστιν
3004 1074 3095 1127 καὶ
3123 1073 3469 1127 διδασκαλίαν
3504 1073 3695 1144 μετέλ-

2120 1167 2273 1231 θωσι,
2326 1166 2578 1221 τοσοῦτον
2630 1164 3025 1238 καταφρονοῦσι
3065 1164 3160 1217 τοῦ
3202 1164 3454 1229 θανάτου,
3485 1163 3561 1228 ὡς
3600 1164 3696 1218 καὶ

2121 1259 2414 1332 προθύμως
2449 1258 2536 1312 ἐπ’
2563 1258 2724 1312 αὑτὸν
2762 1258 2955 1328 ὁρμᾷν,
2990 1255 3085 1309 καὶ
3128 1256 3409 1327 μάρτυρας
3448 1255 3697 1323 γίνεσθαι

2121 1352 2219 1422 τῆς
2260 1351 2378 1404 κατ’
2417 1350 2580 1405 αὑτοῦ
2636 1349 2785 1421 παρά
2820 1348 2912 1402 τοῦ
2956 1348 3205 1418 Σωτῆρος
3248 1347 3545 1419 γενομένης
3584 1346 3697 1414 (64)

2122 1441 2492 1505 ἀναστάσεως.
2533 1441 2643 1495 Kal.
2674 1441 2781 1511 γὰρ
2817 1440 2895 1493 ἔτι
2924 1442 3105 1511 νήπιοι
3142 1439 3292 1502 ὄντες
3318 1439 3416 1510 τὴν
3459 1438 3698 1509 ἡλικίαν,

2127 1532 2445 1586 σπεύδουσιν
2490 1532 2888 1603 ἀποθνήσκειν,
2932 1531 3026 1584 καὶ
3076 1530 3339 1602 μελετῶσι
3384 1532 3506 1584 κατ’
3534 1530 3702 1583 αὐτοῦ

2124 1627 2236 1688 τοῖς
2262 1626 2560 1695 ἀσκήσεσιν
2598 1625 2659 1677 οὐ
2699 1624 2855 1695 μόνον
2885 1623 3071 1696 ἄνδρες
3089 1664 3104 1688 ,
3139 1623 3275 1677 ἀλλά
3300 1623 3395 1677 καὶ
3421 1626 3702 1692 γυναῖκες.

2127 1714 2314 1779 υῦτως
2342 1714 2573 1786 ἀσθενὴς
2615 1714 2825 1784 γέγονε,
2852 1714 2925 1779 ὡς
2951 1715 3045 1768 καὶ
3076 1716 3335 1783 γυναῖκας
3362 1714 3461 1778 τὰς
3496 1716 3708 1785 ἀπατη-

466 1805 690 1873 pedibus
720 1806 1009 1870 vinciatur,
1041 1822 1199 1862 nemo
1227 1806 1333 1874 iam
1382 1806 1504 1860 illac
1550 1806 1857 1869 transierit,
1897 1804 2025 1874 quin

2145 1807 2312 1871 istm;
2361 1807 2424 1861 τὸ
2464 1807 2596 1879 πρὶν
2643 1809 2772 1881 παρ’
2809 1806 2974 1861 αὑτοῦ
3018 1806 3115 1860 νῦν
3158 1807 3377 1872 παίζειν
3424 1806 3589 1860 αὐτὸν
3632 1806 3709 1870 ὡς

466 1910 589 1950 eum
621 1895 867 1960 irrideat,
904 1897 1151 1953 verberet
1199 1913 1262 1952 ac
1308 1898 1592 1961 distrahat,
1645 1895 1761 1965 ejus
1788 1896 2025 1951 furorem

2145 1897 2320 1967 νεκρὸν
2348 1896 2443 1951 καὶ
2471 1897 2798 1968 παρειμένον
2825 1898 2960 1969 (65).
3003 1899 3088 1955 Ὠς
3110 1899 3218 1971 γὰρ
3245 1902 3509 1973 τυράννου
3539 1919 3709 1955 κατα-

466 1996 521 2042 et
544 1988 807 2043 saevitiam
841 1988 910 2044 ob
942 1990 1223 2044 victoriam
1258 2005 1287 2044 a
1324 2006 1450 2061 rege
1477 1991 1541 2045 de
1566 1990 1657 2045 illo
1700 1998 2027 2060 reportatam

2145 1987 2527 2060 πολεμηθέντος
2571 1989 2675 2042 ὑπὸ
2720 1989 2942 2059 γνησίου
2999 1990 3280 2061 βασιλέως,
3326 1994 3422 2047 καὶ
3464 1993 3713 2058 δεθέντος

468 2094 575 2133 non
606 2080 835 2148 amplius
867 2084 1230 2138 extimescens
1261 2096 1276 2136 :
1331 2083 1403 2136 ita
1451 2084 1663 2137 devicta
1703 2091 1877 2137 morte
1916 2089 1969 2135 et
2000 2096 2029 2134 a

2145 2079 2255 2141 τοὺς
2282 2078 2445 2141 πόδας
2472 2078 2565 2132 καὶ
2596 2077 2694 2142 τὰς
2723 2082 2909 2150 χεῖρας
2928 2121 2942 2143 ,
2974 2081 3169 2145 πάντες
3210 2083 3394 2137 λοιπὸν
3429 2086 3476 2137 οἱ
3503 2085 3711 2138 διαϐαί-

468 2172 750 2227 Salvatore
777 2172 830 2228 in
856 2189 1018 2229 cruce
1053 2173 1195 2229 velut
1227 2174 1280 2229 in
1308 2176 1466 2245 cippo
1510 2173 1733 2241 pedibus
1758 2172 2033 2226 manibus-

468 2279 573 2334 que
611 2266 789 2336 ligatis
826 2270 1096 2336 exposita,
1136 2282 1345 2330 omnes,
1375 2268 1465 2337 qui
1498 2267 1551 2320 in
1601 2265 1816 2320 Christo
1858 2270 2035 2317 trans-

467 2364 619 2419 eunt,
659 2372 777 2409 eam
816 2356 923 2429 57
952 2357 1217 2427 intrepide
1237 2357 1482 2423 calcant,
1511 2366 1563 2410 et
1598 2355 1813 2411 Christo
1851 2354 2041 2409 dantes

470 2444 875 2509 testimonium,
930 2457 1158 2501 mortem
1213 2447 1461 2503 derident
1514 2456 1570 2502 et
1612 2446 1812 2502 acriter
1854 2446 2040 2513 objur-

468 2541 616 2602 gant,
677 2548 739 2586 ea
792 2549 911 2603 quae
961 2551 1121 2604 supra
1172 2537 1371 2603 scripta
1408 2545 1531 2591 sunt
1576 2535 1820 2591 dicentes
1873 2553 1888 2589 :
1937 2533 2039 2590 Ubi

468 2631 565 2687 est,
613 2640 771 2689 mors,
808 2627 1025 2679 victoria
1069 2626 1204 2681 tua?
1253 2624 1352 2679 Ubi
1385 2638 1529 2691 tuus,
1577 2626 1804 2695 inferne,
1850 2625 2013 2679 stimu

470 2711 553 2767 lu
590 2711 674 2765 τστ

2132 2186 2313 2233 νοντες
2354 2170 2780 2234 καταπαίζουσιν
2814 2172 2977 2225 αὐτοῦ
3000 2212 3015 2236 ,
3053 2172 3348 2237 τύπτοντες
3394 2176 3489 2228 καὶ
3528 2174 3713 2229 διασύ-

2139 2277 2339 2331 ροντες,
2368 2262 2466 2314 ούκ
2490 2262 2570 2315 ἔτι
2598 2262 2917 2333 φοϐούμενοι
2941 2264 3037 2335 τὴν
3072 2265 3267 2335 μανίαν
3298 2266 3463 2319 αὐτοῦ
3494 2268 3590 2319 καὶ
3614 2268 3713 2336 τὴν

2139 2352 2437 2423 ἀγριότητα
2463 2352 2549 2405 διὰ
2576 2354 2667 2407 τὸν
2700 2354 2996 2425 νικήσαντα
3030 2354 3252 2425 βασιλέα
3274 2372 3288 2386 ο
3323 2354 3467 2421 οὓτω
3497 2357 3593 2410 καὶ
3617 2358 3712 2411 τοῦ

2142 2441 2369 2497 θανάτου
2399 2444 2709 2516 νικηθέντος
2737 2446 2832 2500 καὶ
2865 2445 3298 2516 στηλιτευθέντος
3344 2447 3449 2501 ὑπὸ
3479 2448 3576 2500 τοῦ
3605 2450 3716 2500 Σω-

2138 2535 2304 2607 τῆρος
2345 2536 2403 2589 ὲν
2444 2536 2523 2607 τῷ
2571 2537 2809 2609 σταυρῷ,
2845 2537 2938 2592 καὶ
2966 2537 3248 2607 δεδεμένου
3278 2537 3376 2602 τὰς
3408 2543 3597 2610 χεῖρας
3623 2540 3716 2594 καὶ

2138 2625 2265 2687 τοὺς
2290 2624 2453 2688 πόδας
2473 2666 2486 2688 ,
2518 2626 2719 2689 πάντες
2742 2627 2791 2680 οί
2821 2628 2879 2680 ὲν
2914 2627 3134 2698 Χριστῷ
3164 2627 3529 2692 διαϐαίνοντες
3554 2630 3717 2683 αὑτὸν

2140 2716 2527 2783 καταπατοῦσι,
2570 2720 2661 2772 καὶ
2717 2717 3120 2789 μαρτυροῦντες
3159 2718 3236 2789 τῷ
3264 2720 3487 2792 Χριστῷ
3520 2721 3717 2791 χλευά-

472 2806 623 2872 ζουσι
669 2804 763 2859 τὸν
814 2804 1063 2871 θάνατον,
1106 2806 1593 2879 ἐπικερτομοῦντες
1637 2804 1787 2877 αὐτῷ
1836 2806 1930 2859 καὶ
1975 2805 2045 2860 τὰ
2082 2806 2286 2861 ἀνωθεν
2327 2810 2443 2862 κατ’
2504 2809 2669 2865 αὐτοῦ
2700 2809 2812 2881 (66)
2857 2808 3214 2881 γεγραμμένα
3270 2809 3559 2881 λέγοντες,
3595 2812 3720 2867 Ποῦ

470 2916 608 2965 σου,
661 2899 897 2966 θάνατε,
933 2902 1000 2956 τὸ
1038 2901 1241 2968 rixae;
1285 2902 1410 2957 Ποῦ
1445 2919 1582 2967 σου,
1626 2902 1762 2971 ᾷδη,
1808 2901 1874 2955 τὸ
1920 2901 2207 2970 κέντρον;

541 2991 631 3047 28.
670 2990 805 3046 Num
857 2993 1020 3065 igitur
1052 3005 1209 3049 tenue
1250 3003 1305 3049 et
1350 2995 1491 3049 exile
1542 2994 1682 3049 istud
1716 3004 1800 3049 est
1852 2994 2039 3048 mortis

2211 2994 2301 3050 28.
2330 2991 2456 3069 Ἆρ’
2501 2992 2594 3050 οῦν
2637 3012 2793 3050 τουτο
2834 2993 3028 3067 μικρὸς
3078 2994 3295 3067 ἔλεγχός
3346 2998 3460 3051 ἑστι
3492 2996 3596 3068 τῆς
3627 2997 3721 3051 τοῦ

473 3080 864 3139 imbecillitatis
912 3085 1211 3140 indicium?
1250 3084 1385 3140 Num
1430 3086 1545 3140 leve
1585 3095 1669 3141 est
1703 3085 1944 3141 victoria:
1975 3084 2041 3139 de

474 3190 537 3231 ea
571 3191 600 3230 a
641 3175 922 3232 Salvatore
958 3186 1247 3246 reportata:
1276 3186 1672 3247 argumentum,
1714 3176 1856 3246 quod
1885 3175 2043 3230 Chri-

474 3266 633 3322 stiani
662 3267 815 3335 pueri
855 3279 910 3323 et
948 3270 1139 3337 puellae
1172 3278 1488 3337 prteseutem
1522 3269 1688 3322 vitam
1722 3267 2041 3339 despiciant,

475 3368 531 3414 et
561 3367 790 3413 mortem
843 3359 1211 3413 meditentur?
1259 3358 1430 3415 Homo
1478 3359 1695 3430 quidem
1739 3373 1808 3414 ex
1852 3367 2044 3413 natura

475 3459 711 3506 mortem
762 3452 1119 3521 corporisque
1181 3451 1587 3506 dissolutionem
1655 3449 1969 3505 reformidat
2027 3467 2041 3505 :

480 3543 626 3597 unde
676 3542 730 3597 id
787 3557 1131 3610 sutumOpere
1191 3543 1567 3597 admirandum
1627 3551 1732 3606 est,
1769 3544 1911 3611 quod
1955 3541 2046 3612 qui

484 3633 664 3687 crucis
704 3632 862 3687 tidem
910 3633 1102 3700 induit,
1134 3648 1195 3688 ea
1230 3647 1350 3702 qua:
1395 3641 1520 3686 sunt
1549 3632 1845 3688 secundum
1881 3642 2040 3687 natu-

486 3739 605 3779 ram
642 3733 882 3795 respuat,
922 3739 1022 3779 nec
1064 3733 1292 3778 mortem
1327 3733 1547 3793 propter
1573 3722 1844 3778 Christum
1879 3725 2047 3795 perti-

486 3823 714 3870 mescat.
750 3813 1014 3868 Nimirum
1040 3813 1491 3883 quemadmodum
1525 3813 1570 3867 si
1598 3814 1739 3882 quis,
1767 3829 1887 3868 cum
1915 3816 2050 3884 ignis

483 3907 595 3961 vim
648 3904 952 3960 naturalem
1004 3904 1351 3959 comburendi
1410 3904 1625 3969 habeat,
1678 3905 1880 3975 aliquid
1930 3922 2051 3962 esse

487 3996 695 4052 diceret
742 3997 888 4066 quod
925 3995 1194 4050 ﬂammam
1226 3995 1344 4065 ejus
1373 4009 1477 4049 non
1517 4005 1795 4061 metueret,
1827 3998 1919 4051 sed
1947 4014 2045 4068 po-

489 4090 595 4143 tius
629 4087 747 4157 ejus
787 4097 1037 4157 argueret
1075 4088 1467 4151 inlirmitatem,
1516 4087 1676 4158 quale
1734 4088 1943 4145 scilicet
1986 4091 2053 4146 de

487 4178 738 4236 ludorum
771 4181 1008 4235 amianto
1044 4180 1278 4235 refertur
1321 4197 1334 4235 :
1373 4180 1456 4235 cui
1493 4180 1594 4234 iSIa
1627 4182 1959 4235 asseveranti
2005 4183 2051 4238 si

488 4274 612 4344 quis
632 4274 857 4330 credere
887 4273 1093 4337 nolens,
1129 4287 1239 4327 rem
1271 4271 1442 4340 ipsam
1481 4287 1578 4341 per
1607 4288 1665 4326 se
1706 4272 1863 4330 vellet
1891 4288 2053 4341 expe-

2142 3085 2369 3141 θανάτου
2418 3088 2734 3155 ἀσθενείας;
2787 3093 2854 3143 Ἢ
2900 3088 3073 3162 μικρά
3113 3091 3258 3142 ἐστιν
3305 3090 3581 3155 ἀπόδειξις
3626 3093 3722 3162 τῆς

2142 3177 2260 3228 κατ’
2289 3177 2452 3232 αὑτοῦ
2478 3180 2774 3251 γενομένης
2804 3181 2959 3251 νίκης
2987 3182 3136 3253 παρά
3167 3179 3259 3238 τοῦ
3287 3182 3560 3253 Σωτῆρος,
3597 3182 3723 3235 ὅταν

2142 3270 2191 3322 οἱ
2230 3271 2288 3323 ἐν
2322 3271 2541 3343 Χριστῷ
2592 3272 2777 3335 παῖδες
2818 3275 2913 3326 καὶ
2960 3274 3077 3328 νέαι
3116 3277 3271 3347 κόραι
3307 3272 3590 3347 παρορῶσι
3634 3272 3723 3329 τδν

2143 3362 2374 3417 ἐνταῦθα
2411 3364 2523 3433 βίον
2579 3366 2672 3418 καὶ
2718 3366 3006 3421 ἀποθανεῖν
3046 3368 3370 3439 μελετῶσιν;
3411 3369 3571 3421 Ἐστι
3628 3368 3724 3438 μὲν

2144 3454 2253 3526 γὰρ
2292 3455 2431 3510 κατά
2454 3454 2616 3526 φύσιν
2644 3458 2673 3510 ό
2697 3458 2980 3529 ἄνθρωπος
3005 3460 3212 3513 δειλιῶν
3242 3460 3332 3513 τὸν
3364 3459 3598 3513 θάνατον
3632 3455 3725 3512 καὶ

2143 3547 2243 3618 τὴν
2290 3546 2381 3600 τοῦ
2443 3546 2696 3617 σώματος
2738 3549 3011 3605 διάλυσιν
3063 3553 3122 3605 τὸ
3182 3551 3237 3603 δὲ
3292 3551 3726 3621 παραδοξότατον

2147 3638 2301 3695 τοῦτό
2322 3642 2490 3703 ἐστιν,
2525 3642 2606 3694 ὅτι
2643 3643 2671 3694 ὁ
2710 3640 2818 3712 (67)
2844 3641 2941 3713 τὴν
2969 3642 3062 3695 τοῦ
3093 3642 3327 3713 σταυροῦ
3360 3642 3542 3695 πίστιν
3578 3643 3726 3694 ἐνδυο

2150 3734 2383 3803 σάμενος
2410 3739 2739 3807 καταφρονεῖ
2760 3736 2852 3789 καὶ
2881 3734 2988 3788 τῷν
3018 3736 3159 3789 κατὰ
3187 3734 3368 3803 φύσιν,
3398 3736 3491 3788 καὶ
3523 3735 3614 3787 τὸν
3642 3734 3728 3788 θά-

2150 3842 2309 3878 νατον
2339 3826 2398 3878 ού
2427 3826 2594 3899 δειλιᾷ
2618 3827 2706 3881 διὰ
2734 3828 2825 3881 τὸν
2848 3820 3247 3898 ΧριστόνζΚαὶ
3277 3826 3467 3898 ὥσπερ
3494 3827 3587 3880 τοῦ
3629 3846 3729 3880 πυ-

2155 3917 2244 3988 ρὸς
2287 3916 2501 3986 ἔχοντος
2543 3918 2683 3971 κατά
2717 3919 2875 3987 φύσιν
2900 3919 2961 3972 τὸ
2988 3918 3161 3972 καίειν
3182 3958 3195 3981 ,
3226 3920 3273 3971 εί
3301 3918 3449 3988 λέγοι
3480 3936 3564 3981 τις
3590 3914 3728 3972 εἶναί

2152 4025 2203 4060 τι
2240 4008 2302 4060 τὸ
2337 4009 2409 4078 μὴ
2436 4008 2647 4061 δειλιῶν
2668 4009 2830 4062 αὑτοῦ
2861 4009 2958 4079 τὴν
2992 4010 3204 4073 καῦσιν,
3236 4008 3370 4062 ἀλλὰ
3396 4008 3492 4062 καὶ
3529 4009 3730 4079 μᾶλλον

2154 4099 2377 4162 ἀσθενὲς
2421 4100 2552 4153 αὐτὸ
2576 4100 2836 4163 δεικνύον,
2879 4099 2987 4155 οἷον
3015 4101 3077 4172 δὴ
3102 4100 3316 4168 λέγεται
3344 4101 3404 4153 τὸ
3431 4101 3586 4173 παρά
3622 4105 3732 4164 τοῖς

2167 4191 2347 4255 Ἰνδοῖς
2376 4193 2638 4262 ἀμίαντον
2669 4192 2812 4260 (68)’
2866 4190 2982 4246 εἶτα
3022 4196 3050 4246 ὁ
3080 4192 3157 4262 τῷ
3197 4193 3475 4263 λεγομένῳ
3520 4193 3596 4263 μὴ
3646 4212 3733 4245 πι-

2158 4283 2385 4348 στεύων,
2437 4285 2485 4335 εἰ
2538 4286 2730 4355 πεῖραν
2776 4284 3020 4353 θελήσειε
3063 4284 3247 4339 λαϐεῖν
3291 4284 3383 4337 τοῦ
3413 4284 3731 4355 λεγομένου,

488 4368 611 4432 riri,
640 4368 686 4422 is
732 4366 1027 4420 amiantum
1068 4364 1316 4427 induens,
1349 4376 1580 4432 eumque
1622 4362 1728 4432 igni
1767 4363 2040 4433 objicieus,

2156 4373 2370 4437 πάντως
2420 4374 2482 4426 τὸ
2530 4374 2800 4428 ἄκαυστον
2853 4376 3209 4445 ὲνδυσάμενος
3260 4378 3353 4429 καὶ
3405 4374 3734 4447 προσϐαλὼν

488 4460 562 4516 ita
597 4458 836 4530 profecto
871 4458 1039 4527 ipsius
1066 4455 1205 4527 ignis
1226 4466 1413 4510 contra
1441 4455 1735 4509 atniantum
1776 4455 2059 4511 imbecilli-

488 4561 652 4607 tatem
689 4549 1021 4621 exploratam
1068 4564 1163 4619 per
1191 4563 1251 4604 se
1286 4548 1401 4617 ipse
1448 4548 1673 4603 haberet
1707 4564 1721 4603 :
1758 4548 1841 4603 vel
1871 4564 2059 4617 quem-

486 4643 777 4702 admodum
822 4643 865 4697 si
897 4641 1021 4712 quis
1064 4643 1302 4696 vinctum
1347 4651 1634 4711 tyrannum
1676 4638 1888 4694 videndi
1919 4641 2060 4696 desi-

486 4736 642 4793 derio
666 4744 961 4800 teneretur,
1001 4747 1224 4787 necesse
1258 4740 1342 4787 est
1379 4746 1438 4787 se
1470 4732 1523 4785 in
1556 4732 1829 4802 regionem
1867 4742 1922 4787 et
1950 4732 2056 4786 im-

489 4829 699 4901 perium
750 4828 971 4883 victoris
1021 4828 1289 4891 conferat,
1342 4825 1560 4894 illicque
1611 4839 1756 4891 eum,
1798 4826 1890 4894 qui
1938 4826 2058 4881 aliis

490 4917 866 4977 formidandus
900 4926 1036 4982 erat,
1065 4916 1267 4973 factum
1308 4915 1641 4972 imbecillum
1674 4918 1955 4972 intuetur:
1984 4918 2057 4972 ita

490 5011 541 5067 si
584 5010 707 5080 quis
731 5019 851 5079 post
878 5024 967 5065 res
999 5018 1197 5079 tantas,
1249 5017 1369 5080 post
1399 5016 1475 5062 tot
1514 5007 1569 5062 in
1595 5006 1815 5064 Christo
1841 5008 2062 5064 etlectos

568 5125 616 5160 "
653 5125 775 5182 Act.
799 5142 857 5190 tt,
888 5125 980 5181 24.
1057 5125 1103 5158 ⁷⁸
1130 5124 1149 5179 l
1172 5124 1302 5181 Cor.
1338 5140 1428 5188 xv,
1459 5123 1561 5190 55;
1589 5122 1716 5179 Ose.
1752 5139 1874 5188 χιιι,
1904 5124 1991 5181 14.

568 5215 680 5287 (62)
715 5215 805 5272 Sic
828 5214 967 5273 Gob.
991 5214 1107 5272 Fel.
1140 5214 1167 5271 1
1212 5230 1304 5270 an.
1344 5223 1399 5268 et
1432 5212 1559 5284 Seg.
1585 5214 1687 5268 Alii
1719 5223 1771 5269 et
1798 5214 2066 5279 editi,m—

495 5287 679 5360 νηράςο
914 5355 926 5368 ,
1294 5353 1308 5370 ,

567 5358 678 5427 (65)
706 5355 1088 5427 Seguertanus,
1119 5370 1502 5427 πιστεύσωσιν.

590 5360 678 5425 65)
706 5360 1088 5427 Seguerianus,
1119 5360 1402 5411 πιστεύσωι

567 5360 686 5501 ίιξὲ)
723 5428 971 5501 δεευρτη
1008 5425 1402 5501 γεγενημένηςο

578 5490 692 5569 (65)
732 5490 835 5569 Sit;
863 5490 1348 5569 seguér.‘Gobler.'
1365 5503 1455 5569 _et_
1478 5491 1721 5569 Felckm:
1757 5494 1781 5546 1
1826 5507 1924 5569 an.
1966 5490 2069 5545 Alii

497 5563 625 5623 vero
673 5563 730 5625 et
776 5568 860 5622 ed.
896 5563 1188 5630 CtnnmeL,
1229 5563 1394 5619 αὑτοῦ
1427 5563 1502 5628 ὡς
1530 5564 1723 5635 νεκροῦ
1755 5563 1849 5616 καὶ
1880 5578 2071 5633 παρει-

708 5708 841 5761 Κατ’
876 5706 1043 5762 αὐτοῦ
1072 5709 1223 5761 deest
1264 5721 1317 5759 tn
1375 5702 1592 5759 Cohler.
1652 5712 1707 5757 et
1756 5701 1997 5757 Felcktu.
2044 5704 2065 5756 1

721 5843 838 5901 Art.
872 5848 901 5899 ὀ
924 5845 1074 5907 deest
1101 5844 1153 5900 in
1187 5841 1403 5900 Gobler.
1440 5840 1676 5899 Felcktu.
1721 5841 1743 5897 1
1788 5857 1877 5898 an.
1907 5851 1957 5897 et
1972 5839 2069 5897 Se-

2161 4468 2315 4538 πυρὶ,
2347 4468 2629 4522 πιστοῦται
2670 4468 2856 4521 λοιπὸν
2889 4467 2987 4539 τὴν
3025 4468 3165 4521 κατά
3192 4468 3362 4539 [ἴσως
3390 4467 3609 4538 τούτου]
3640 4465 3733 4519 τοῦ

2161 4560 2333 4631 πυρὸς
2355 4559 2658 4613 ἀσθένειαν·
2688 4560 2721 4630 ἢ
2743 4560 2837 4624 ὡς,
2864 4560 2917 4613 εἷ
2932 4578 3016 4625 τις
3039 4561 3131 4614 τὸν
3161 4560 3421 4632 τύραννον
3453 4561 3735 4630 δεδεμένον

2163 4651 2291 4705 ίδεῖν
2315 4651 2578 4721 θελήσειε,
2606 4652 2821 4715 πάντως
2852 4654 2931 4716 είς
2956 4653 3057 4724 τὴν
3082 4652 3176 4706 τοῦ
3204 4654 3524 4724 νικήσαντος
3553 4653 3737 4722 χώραν

2165 4743 2259 4795 καὶ
2291 4741 2463 4813 ἀρχὴν
2492 4742 2798 4813 παρελθὼν,
2827 4744 2927 4814 ὁρᾷ
2952 4744 3043 4796 τὸν
3070 4744 3253 4808 ἄλλοις
3280 4743 3510 4814 φοϐερὸν
3533 4742 3735 4811 ἀσθενῆ

2164 4835 2471 4904 γενόμενον·
2491 4835 2661 4899 οὕτως
2679 4838 2730 4889 εἴ
2745 4837 2827 4900 τίς
2848 4838 2994 4889 ἐστιν
3020 4837 3266 4900 ἄπιστος,
3283 4836 3375 4889 καὶ
3406 4836 3596 4906 ἀκμὴν
3625 4835 3735 4903 (69)

2170 4925 2305 4995 μετά
2343 4926 2604 4989 τοσαῦτα,
2649 4930 2741 4980 καὶ
2798 4926 2932 4997 μετά
2978 4928 3103 4990 τοὺς
3154 4925 3440 4988 τοσούτους
3498 4926 3555 4977 ὲν
3604 4926 3735 4995 Χρι-

2170 5015 2280 5087 στῷ
2317 5016 2637 5088 γενομένους
2673 5017 2972 5089 μάρτυρας,
3011 5019 3105 5072 καὶ
3147 5017 3283 5089 μετά
3315 5018 3415 5089 τὴν
3446 5016 3571 5072 καθ’
3605 5015 3738 5086 ήμέ-

2206 5232 2321 5271 uer.

2171 5233 2356 5357 8“(36.6)
2374 5286 2689 5357 Amiantus,
2735 5295 2868 5340 teste
2901 5284 3105 5357 Plinio,
3142 5284 3341 5357 ﬂatur.
3398 5281 3735 5357 Historalib.

2172 5354 2360 5423 nm,
2379 5357 2513 5423 lapis
2537 5366 2617 5410 est
2639 5356 2861 5409 alutuiui
2900 5356 3112 5411 similis.
3142 5354 3220 5408 Ex
3251 5370 3316 5408 eo
3359 5354 3496 5407 telas
3530 5355 3636 5407 texi
3667 5355 3740 5405 ait

2176 5428 2380 5489 Diosc.,
2413 5426 2507 5479 lib.
2537 5441 2590 5489 v,
2614 5442 2662 5479 c.
2685 5427 2822 5490 915,
2849 5441 2967 5493 qua:
3002 5426 3053 5478 iu
3091 5425 3265 5495 ignem
3307 5424 3521 5489 injecta!
3551 5426 3739 5495 ardent

2177 5497 2416 5565 quidem,
2445 5512 2547 5549 non
2570 5504 2749 5549 autem
2790 5494 3197 5560 comburuntur,
3234 5496 3327 5549 sed
3349 5494 3738 5565 splendidiores

2176 5570 2432 5622 evadunt.

2248 5636 2360 5706 (69)
2390 5636 2499 5688 Καὶ
2538 5634 2720 5706 ἀκμήν
2763 5651 2870 5689 non
2902 5634 3102 5706 habent
3131 5633 3283 5690 Gobl.
3310 5632 3424 5706 Fet.
3473 5644 3499 5687 1
3549 5643 3739 5706 an.__et

2342 5703 2768 5787 ’Μοξνκαίςαιιιε
2803 5704 3104 5787 μετάσξιςήν,Δ
3136 5715 3268 5771 etc.,
3314 5703 3477 5761 habet
3534 5704 3736 5775 Anglic.

2177 5776 2280 5833 Alii
2308 5786 2363 5835 et
2393 5776 2559 5832 editio
2576 5776 2837 5833 Commel.
2861 5776 3129 5833 omittunt.
