4006 6522
560 399 658 454 147

1153 394 1213 451 S.
1250 392 1626 451 ATHANASII
1667 393 1822 452 OPP.
1863 392 2042 449 PARS
2080 393 2120 447 l.
2161 423 2233 438 -
2270 390 2643 450 HISTORICA
2680 388 2767 445 ET
2806 386 3223 445 DOGMATICA.

3688 384 3789 443 148

557 513 643 568 vel
679 511 823 565 illum
866 516 1136 564 mortuum
1179 524 1323 575 esse,
1346 510 1432 564 vel
1463 508 1653 563 saltem
1684 508 1789 559 vim
1830 522 1980 561 suam
2006 521 2120 561 om-

2231 510 2322 561 σύκ
2358 504 2683 578 ἀμφιϐάλλει
2719 504 2931 566 λοιπὸν,
2968 503 3049 555 ὅτι
3096 502 3286 573 νεκρός
3326 501 3440 555 ἐστι
3483 501 3578 555 καὶ
3610 502 3789 554 τέλεον

559 621 683 662 nem
714 602 1001 659 amisisse?
1029 601 1212 670 Itaque
1230 599 1681 671 quemadmodum
1714 599 1826 652 haec
1852 612 1974 652 vera
2007 611 2125 652 esse

559 697 693 766 ipsis
722 694 885 751 etiam
919 694 1094 748 oculis
1124 702 1269 761 patet
1304 736 1317 758 ,
1372 693 1471 756 sic,
1506 690 1943 760 quandoquidem
1980 704 2125 744 mors

558 804 588 843 a
630 787 831 844 Christi
865 786 1111 841 ﬁdelibus
1160 784 1415 855 irridetur
1443 792 1498 838 et
1542 781 1927 845 contemnitur,
1966 795 2123 835 nemo

554 878 667 948 iam
691 877 915 933 credere
948 876 1199 944 refugiat,
1244 889 1401 930 nemo
1420 874 1531 944 jam
1563 872 1771 927 dubitet
1810 873 1940 941 quin
1976 885 2125 925 mors

560 987 589 1025 a
626 970 845 1026 Christo
880 972 1155 1025 destructa
1202 968 1427 1039 ejusque
1465 966 1738 1035 corruptio
1782 963 2037 1019 dissoluta
2067 971 2123 1018 et

561 1064 735 1118 deleta
780 1063 965 1117 fuerit.

2222 600 2607 670 ὲξησθένησεν,
2655 595 2808 658 ἐκτὸς
2846 595 2895 647 εί
2942 595 3015 666 μή
3060 594 3154 664 τὴν
3198 593 3431 647 διάνοιαν
3464 594 3787 664 ἀπεστράφη

2220 686 2357 756 (72),
2389 687 2483 739 καὶ
2514 686 2631 739 οὐδὲ
2674 686 2771 750 τὰς
2802 686 2894 740 τοῦ
2923 686 3171 758 σώματος
3200 686 3479 756 αἰσθήσεις
3512 684 3787 753 ὑγιαινού-

2223 795 2323 842 σας
2355 778 2487 849 ἕχει.
2536 780 2630 844 Τίς
2656 781 2797 851 γάρ,
2835 780 2927 833 κα)¹
2954 778 3141 833 λέοντα
3176 778 3497 849 παιζόμενον
3532 778 3638 831 ὑπὸ
3671 795 3792 830 παι-

2215 866 2341 919 δίων
2371 867 2535 939 ὁρῶν,
2585 870 2768 938 ἀγνοεῖ
2802 866 2985 922 τοῦτον
3014 869 3046 939 ἢ
3075 868 3264 939 νεκρὸν
3297 868 3587 939 γενόμενον
3615 869 3647 939 ἦ
3686 869 3789 921 πᾶ-

2221 974 2318 1011 σαν
2360 958 2696 1013 ἀπολέσαντα
2745 961 2843 1031 τὴν
2886 959 3078 1013 ἑαυτοῦ
3120 961 3230 1031 (75)
3270 960 3527 1032 δύναμινς
3583 961 3794 1031 ’Ὠσπερ

2215 1044 2307 1103 οῦν
2334 1051 2505 1105 ταῦτα
2524 1052 2694 1124 ἀληθῆ
2720 1047 2856 1105 εἶναι
2904 1056 3013 1116 τοῖς
3041 1052 3337 1124 ὀφθαλμοῖς
3387 1053 3595 1118 ἔξεστιν
3638 1054 3792 1123 ὁρᾷν,

559 1152 702 1206 οὕτω
735 1151 1063 1222 παιζομένου
1106 1152 1200 1205 καὶ
1260 1148 1769 1218 καταφρονουμένου
1813 1144 1906 1198 τοῦ
1951 1142 2180 1197 θανάτου
2220 1138 2323 1191 ὑπὸ
2373 1138 2481 1193 τῶν
2533 1142 2613 1204 εἰς
2649 1142 2879 1212 Χριστὸν
2929 1142 3306 1205 πιστευόντων,
3358 1144 3553 1214 μηκέτι
3602 1144 3794 1213 μηδεὶς

560 1244 965 1314 ἀμφιϐαλλέτω,
1025 1243 1159 1314 μηδὲ
1205 1242 1436 1310 γινέσθω
1465 1259 1548 1306 τις
1601 1241 1847 1304 ἄπιστος,
1903 1238 1984 1291 ὅτι
2036 1233 2140 1288 ὐπὸ
2178 1231 2410 1302 Χριστοῦ
2446 1234 2786 1305 κατήργηται
2849 1234 3149 1299 όθάνατος,
3193 1235 3286 1287 καὶ
3319 1237 3350 1306 ἡ
3383 1236 3573 1289 τούτου
3620 1235 3797 1306 φθορά

558 1337 863 1392 διαλέλυται
900 1338 995 1392 καὶ
1022 1337 1316 1391 πέπαυται.

631 1431 723 1485 50.
760 1430 944 1497 Itaque
985 1440 1211 1485 mortem
1244 1445 1273 1484 a
1306 1430 1524 1485 Christo
1547 1444 1667 1485 esse
1696 1428 2037 1487 exstinctam,
2070 1432 2125 1478 et

559 1535 779 1577 crucem
854 1522 1183 1577 Douiinicam
1221 1523 1402 1591 tropaei
1450 1523 1619 1577 instar
1677 1521 1937 1575 adversus
1978 1517 2120 1572 illam

2300 1420 2387 1474 '50.
2425 1419 2531 1473 Τοῦ
2573 1421 2670 1492 μὲν
2716 1416 2809 1474 οῦν
2856 1422 3230 1492 κατηργῆσθαι
3266 1422 3356 1475 τὸν
3410 1421 3663 1485 θάνατον,
3704 1424 3796 1476 καὶ

2227 1512 2484 1582 τρόπαιον
2515 1507 2652 1566 εἶναι
2692 1513 2810 1566 κατ’
2838 1512 2996 1565 αὐτοῦ
3029 1513 3118 1566 τὸν
3160 1513 3414 1586 κυριακὸν
3445 1514 3698 1585 σταυρὸν,
3733 1517 3793 1568 οὐ

562 1614 731 1669 fuisse
766 1612 1085 1667 collocatam
1124 1628 1227 1666 non
1259 1613 1360 1667 levi
1398 1622 1714 1683 argumento
1740 1619 1864 1665 sunt
1902 1625 1963 1665 ea
2005 1623 2124 1677 qua:

2231 1604 2423 1674 μικρὸς
2465 1603 2681 1674 ἔλεγχος
2727 1603 2796 1657 τά
2830 1604 3218 1676 προειρημένα.
3263 1607 3373 1675 Τῆς
3407 1606 3463 1658 δὲ
3497 1606 3795 1677 γενομένης

563 1704 819 1757 diximus.
863 1703 1012 1768 Quod
1048 1712 1228 1757 autem
1263 1703 1581 1757 immortalis
1607 1700 1849 1770 corporis
1885 1713 2125 1753 resurre-

563 1798 672 1851 ctio
726 1811 755 1850 a
807 1797 1073 1851 communi
1117 1795 1355 1849 omnium
1412 1804 1688 1849 servatore
1740 1793 1990 1854 Christo,
2034 1790 2125 1858 qui

564 1900 693 1940 vera
719 1885 823 1938 vita
859 1895 965 1950 est,
996 1884 1184 1940 effecta
1212 1884 1395 1952 fuerit,
1423 1902 1511 1940 res
1550 1887 1676 1954 ipsa:
1708 1885 1874 1939 multo
1906 1884 2125 1939 eviden-

565 1977 673 2031 tius
712 1992 870 2044 quam
924 1977 1087 2031 verba
1136 1979 1367 2047 probant
1418 1978 1502 2031 his
1562 1977 1770 2031 scilicet
1802 1976 1893 2045 qui
1938 1989 2126 2028 sanum

566 2070 763 2124 habent
818 2069 1014 2123 mentis
1059 2069 1294 2124 oculum.
1334 2068 1389 2123 Si
1444 2069 1609 2132 enim,
1662 2076 1719 2121 ut
1776 2067 2127 2129 ostendimus,

567 2176 715 2215 mors
753 2160 1022 2215 destructa
1058 2171 1161 2225 est,
1211 2176 1438 2229 eamque
1484 2175 1670 2214 omnes
1718 2168 1934 2229 prapter
1973 2158 2131 2213 Chri-

570 2260 712 2307 stum
750 2253 1075 2307 conculcant
1098 2293 1113 2318 ,
1167 2252 1339 2307 multo
1371 2252 1540 2322 magis
1576 2252 1692 2321 ipse
1731 2250 1873 2304 illam
1915 2250 2130 2318 proprio

571 2357 803 2411 corpore
854 2343 1060 2412 primus
1120 2342 1453 2397 conculcavit
1503 2352 1559 2395 et
1616 2342 1903 2395 destruxit.
1959 2340 2131 2394 Morte

570 2449 733 2503 porro
761 2434 829 2487 ab
874 2433 965 2486 illo
996 2433 1316 2502 interempta
1357 2432 1485 2502 quid
1526 2433 1760 2485 restabat
1798 2431 1899 2486 nisi
1926 2442 1985 2485 ut
2014 2448 2131 2486 cor-

567 2539 672 2594 pus
750 2532 1089 2593 resurgeret,
1146 2533 1202 2578 et
1284 2532 1542 2592 tropaeum
1594 2524 1851 2577 adversus
1905 2534 2131 2579 mortem

570 2615 762 2670 ﬂeret?
792 2613 1070 2681 Quomodo
1116 2614 1262 2669 enim
1321 2629 1469 2667 mors
1507 2615 1776 2668 destructa
1832 2627 1950 2667 esse
1984 2615 2132 2669 vide-

570 2715 741 2770 retur,
780 2705 883 2759 nisi
917 2705 1255 2759 Dominicnm
1277 2719 1478 2772 corpus
1513 2704 1935 2758 resurrexisset?
1967 2704 2023 2758 Si
2045 2705 2129 2759 cui

571 2808 749 2851 autem
782 2796 892 2850 haec
930 2796 996 2850 ad
1032 2794 1149 2862 ejus
1191 2797 1641 2851 resurrectionem
1675 2796 2006 2863 probandam
2046 2812 2133 2851 sa-

572 2889 642 2944 tis
670 2902 777 2942 non
816 2887 1033 2953 fuerint,
1057 2888 1246 2942 saltem
1274 2903 1341 2968 ei:
1377 2888 1462 2942 his
1490 2902 1608 2956 quae
1628 2887 1798 2942 oculis
1821 2886 1976 2941 obvia
2005 2897 2131 2943 sunt

2227 1696 2409 1749 λοιπὸν
2436 1696 2703 1750 ἀθανάτου
2729 1697 3071 1761 ἀναστάσεως
3100 1697 3190 1751 τοῦ
3226 1697 3295 1750 σιῖ·
3308 1716 3475 1769 ματος
3516 1699 3670 1770 παρά
3700 1700 3795 1752 τοῦ

2227 1787 2405 1843 κοινοῦ
2458 1790 2670 1843 πάντων
2723 1789 2964 1860 σωτῆρος
3014 1790 3107 1842 καὶ
3161 1788 3302 1861 ζωῆς
3343 1790 3510 1853 ὅντως
3556 1790 3795 1861 Χριστοῦ

2226 1880 2593 1953 ὲναργεστέρα
2617 1880 2721 1934 τῶν
2754 1880 2925 1949 λόγων
2961 1882 2993 1951 ἡ
3028 1880 3116 1934 διά
3150 1880 3258 1934 τῶν
3292 1882 3632 1953 φαινομένων
3665 1883 3799 1936 ἀπό·

2225 1970 2386 2035 δειξίς
2427 1973 2540 2025 ἐστι
2582 1975 2693 2036 τοῖς
2734 1971 2824 2025 τὸν
2852 1971 3126 2042 ὀφθαλμὸν
3164 1973 3262 2042 τῆς
3306 1973 3543 2036 διανοίας
3584 1975 3800 2044 ἔχουσιν

2228 2063 2555 2129 ὑγιαίνοντα.
2594 2063 2657 2115 Εἰ
2688 2065 2795 2135 γάρ
2826 2064 3161 2134 κατήργηται
3200 2065 3228 2116 6
3262 2064 3507 2128 θάνατος,
3538 2065 3615 2128 ὡς
3642 2067 3671 2117 6
3708 2066 3795 2118 λόο

2227 2168 2323 2219 γος
2356 2151 2542 2216 ἔδειξε,
2584 2151 2677 2205 καὶ
2708 2153 2795 2205 διὰ
2826 2153 2919 2206 τὸν
2947 2154 3178 2224 Χριστὸν
3208 2154 3404 2217 πάντες
3432 2155 3595 2207 αὐτὸν
3633 2172 3801 2208 κατα-

2229 2241 2456 2295 πατοῦσι
2477 2258 2490 2272 ⁸
2535 2240 2711 2312 πολλῷ
2739 2242 2895 2295 πλέον
2925 2243 3084 2305 αὐτὸς
3115 2243 3273 2295 αὐτὸν
3304 2243 3518 2314 πρῶτος
3556 2245 3798 2298 κατεπά-

2227 2348 2357 2402 τησε
2393 2330 2470 2402 τῷ
2498 2331 2610 2402 ἰδίῳ
2638 2332 2848 2402 σώματι
2880 2331 2973 2384 καὶ
2999 2332 3338 2403 κατήρτησεν
3372 2332 3554 2385 αὐτόν.
3604 2333 3711 2386 Τοῦ
3742 2334 3801 2386 δὲ

2230 2424 2455 2477 θανάτου
2486 2422 2846 2494 νεκρωθέντος
2881 2423 2971 2477 ὑπ’
3004 2422 3187 2485 αὐτοῦ,
3229 2423 3280 2475 τί
3315 2423 3421 2477 ἔδει
3468 2424 3722 2493 γενέσθαι
3762 2426 3799 2495 ἦ

2229 2512 2289 2565 τὸ
2320 2511 2476 2584 σῶμα
2509 2512 2825 2583 ἀναστῆναι,
2866 2514 2957 2566 καὶ
2986 2509 3141 2567 τοῦτο
3176 2512 3447 2584 δειχθῆναι
3489 2516 3611 2567 κατ’
3636 2514 3801 2567 αὐτοῦ

2229 2602 2485 2671 τρόπαιον
2513 2619 2527 2668 ;
2564 2605 2632 2655 'll
2673 2603 2788 2665 πῶς
2815 2601 2923 2673 γάρ
2947 2601 3011 2656 ἂν
3048 2602 3217 2672 ἐφάνη
3245 2603 3613 2675 καταργηθεὶς
3642 2606 3669 2655 6
3707 2604 3802 2657 θά-

2230 2710 2406 2756 νατος,
2437 2694 2485 2745 εί
2514 2692 2667 2763 μὴτὸ
2702 2694 2860 2763 σῶμα
2884 2694 2944 2746 τὸ
2976 2692 3232 2765 κυριακὸν
3259 2690 3325 2765 ἦν
3357 2694 3627 2760 ἀναστὰν;
3659 2696 3720 2747 Ei
3743 2695 3799 2747 δέ

2228 2804 2305 2857 τῳ
2334 2786 2409 2857 μή
2430 2787 2705 2858 αὐτάρκης
2724 2788 2883 2859 (74)ή
2917 2788 3181 2855 ἀπόδειξις
3207 2789 3342 2861 α’ύτη
3366 2789 3496 2861 περὶ
3530 2791 3631 2861 τῆς
3672 2791 3805 2844 ἀνα-

2234 2876 2473 2940 στάσεως
2507 2876 2694 2942 αὐτοῦ,
2752 2877 2854 2931 κᾶν
2886 2880 2949 2931 ὲκ
2989 2878 3096 2931 τῶν
3128 2881 3183 2931 ὲν
3231 2878 3347 2948 ὄψει
3375 2880 3684 2951 γενομένων
3718 2900 3807 2934 πι-

572 2980 730 3032 fidem
766 2980 924 3033 dictis
957 2978 1172 3033 habeat.
1205 2966 1338 3033 Nam
1375 2979 1419 3033 si
1468 2988 1713 3033 mortuus
1747 2978 1877 3032 nihil
1911 2994 2133 3048 prorsus

2238 2966 2457 3020 στοῦται
2491 2968 2550 3020 τὸ
2578 2968 2887 3040 λεγόμενον.
2924 2970 2986 3021 Εἰ
3020 2969 3125 3040 γάρ
3155 2968 3219 3039 δὴ
3248 2972 3438 3049 νεκρός
3466 2990 3549 3035 τις
3581 2974 3808 3043 γενόμερ

571 3085 731 3139 agere
784 3078 980 3139 potest,
1032 3069 1123 3123 sed
1165 3068 1280 3138 ejus
1339 3069 1594 3123 memoria
1633 3085 1800 3140 usque
1842 3073 1907 3123 ad
1957 3068 2135 3138 sepul-

571 3177 720 3216 crum
752 3162 1013 3214 duutaxat
1054 3160 1214 3231 viget,
1265 3174 1329 3213 ac
1363 3160 1614 3228 deinceps
1646 3159 1839 3215 desinit
1874 3177 1889 3226 ;
1926 3161 1969 3215 si
2011 3175 2136 3215 vero

571 3252 671 3307 soli
703 3252 947 3307 viventes
994 3260 1184 3321 agunt,
1219 3251 1428 3321 solique
1472 3252 1611 3319 apud
1660 3250 1907 3306 homines
1936 3251 2137 3321 aliquid

570 3346 799 3407 possunt
835 3337 1076 3402 ellicere;
1130 3337 1310 3390 videat
1357 3346 1505 3391 certe
1537 3350 1627 3403 qui
1677 3336 1803 3390 velit
1852 3347 1909 3393 et
1937 3352 2004 3392 ex
2052 3339 2137 3393 his

572 3442 693 3496 quae
727 3428 920 3481 viderit
952 3427 1237 3480 veritatem
1279 3427 1455 3494 seipso
1488 3426 1669 3493 judice
1713 3428 1962 3482 fateatur.
2003 3427 2134 3482 Cum

570 3518 715 3571 enim
760 3524 839 3570 tot.
868 3525 922 3570 et
952 3526 1100 3571 tanta
1152 3516 1405 3570 Salvator
1450 3516 1499 3568 in
1552 3516 1863 3570 hominibus
1905 3517 2131 3583 elliciat;

572 3622 694 3660 cum
725 3614 802 3661 tot
827 3606 1063 3675 undique
1110 3604 1311 3660 Graecis
1345 3617 1399 3658 et
1428 3606 1679 3661 barbaris
1716 3606 1926 3661 occulte
1960 3608 2137 3677 quoti-

572 3695 659 3749 die
681 3695 1000 3763 persuadeat
1025 3703 1081 3748 ut
1119 3709 1269 3747 suam
1306 3694 1461 3748 ﬁdem
1492 3694 1911 3764 amplectantur,
1946 3706 2000 3750 et
2025 3712 2136 3752 suae

574 3784 831 3837 doctrina:
867 3797 1056 3838 omnes
1104 3784 1359 3838 obediaut
1411 3799 1426 3838 :
1471 3801 1597 3840 num
1653 3786 1827 3841 adhuc
1874 3788 2137 3842 dubitabit

574 3876 770 3944 aliquis
816 3884 993 3929 utrum
1032 3890 1061 3929 a
1099 3873 1376 3930 Salvatore
1409 3875 1549 3931 facta
1605 3877 1675 3933 sit
1724 3880 2051 3934 resurrectio
2082 3888 2135 3932 et

574 3965 724 4017 vivat
748 3965 1017 4031 Christus,
1046 3966 1155 4021 imo
1181 3980 1309 4021 vero
1338 3967 1449 4037 ipse
1472 3968 1540 4023 sit
1562 3969 1706 4023 vita?
1730 3968 1811 4023 An
1836 3984 1962 4040 ergo
1989 3985 2134 4025 mor-

576 4055 650 4107 tui
681 4062 763 4109 est
791 4063 997 4110 mentes
1028 4056 1305 4110 hominum
1339 4058 1407 4111 ita
1438 4073 1819 4129 compungere,
1859 4073 1915 4114 ut
1948 4061 2136 4129 patriis

575 4144 779 4213 legibus
831 4146 1147 4215 repudiatis,
1197 4149 1396 4203 Christi
1447 4150 1747 4205 doctrinam
1803 4153 2137 4221 sequantur?

572 4232 679 4286 Aut
708 4232 752 4286 si
780 4233 910 4287 nihil
937 4235 1047 4304 agit
1078 4236 1224 4306 (nam
1248 4238 1296 4291 id
1324 4240 1513 4292 mortui
1548 4242 1823 4309 proprium
1852 4243 1980 4310 est),
2007 4258 2136 4311 quo-

574 4324 734 4380 modo
768 4324 881 4394 ipse
931 4339 1152 4396 agentes
1192 4338 1246 4383 et
1281 4331 1521 4386 viventes
1549 4332 1616 4386 ab
1650 4335 1857 4401 agendo
1897 4346 2131 4402 coercet,
2163 4316 2208 4371 Ῑ)

572 4415 644 4469 ita
668 4425 727 4469 ut
752 4416 961 4471 adulter
983 4419 1094 4489 jam
1132 4436 1236 4475 non
1274 4421 1558 4489 adnlterct,
1601 4424 1873 4480 homicida
1908 4441 2012 4480 non
2046 4428 2132 4481 in-

573 4508 822 4572 terficiat,
875 4510 1103 4580 injustus
1157 4514 1425 4567 nemiuem
1484 4513 1720 4581 fraudct,
1772 4526 1826 4571 et
1870 4534 1935 4573 ex
1967 4521 2132 4589 impio

570 4598 691 4668 pius
719 4598 844 4667 quis
882 4601 1111 4653 evadat?
1141 4599 1242 4667 Qui
1283 4601 1396 4655 ﬁeri
1453 4613 1651 4671 potest,
1696 4606 1749 4677 psi
1803 4622 1908 4661 non
1958 4623 2136 4663 resur-

574 4691 734 4755 rexit,
785 4692 878 4745 sed
921 4702 1162 4746 mortuus
1217 4703 1320 4757 est,
1382 4702 1442 4746 ut
1495 4697 1784 4761 dmmones,
1821 4713 1956 4767 quos
2008 4701 2135 4756 deos

573 4782 705 4836 false
736 4784 1005 4852 appellant
1042 4797 1097 4839 et
1135 4796 1466 4840 venerantur
1506 4788 1769 4852 infideles,
1800 4790 1913 4859 ipse
1947 4792 2133 4859 expel-

574 4872 669 4936 lat,
710 4885 1065 4943 persequatur
1117 4887 1172 4931 et
1217 4876 1504 4946 proﬂiget?
1540 4878 1636 4933 Ubi
1688 4880 1830 4933 enim
1884 4880 2135 4936 Christus

571 4964 883 5035 Christique
913 4968 1044 5021 ﬁdes
1080 4969 1415 5034 nominatur,
1463 4970 1584 5022 inde
1627 4972 1803 5024 omnis
1835 4971 2137 5027 idololatria

572 5056 910 5121 exturbatur,
955 5072 1141 5112 omnes
1196 5059 1379 5113 statim
1442 5060 1743 5113 daemonum
1795 5061 2010 5117 fraudes
2066 5078 2130 5119 ac

574 5146 799 5201 fallacite
835 5145 944 5216 59
975 5148 1252 5215 pateﬁunt,
1289 5149 1571 5215 nullusque
1602 5150 1807 5205 dtemon
1852 5152 1934 5204 vel
1968 5154 2137 5221 ipsum

574 5235 747 5290 solum
783 5252 974 5290 nomen
1004 5238 1145 5293 ferre
1180 5249 1378 5306 potest,
1414 5240 1503 5293 Sed
1543 5255 1607 5293 eo
1655 5240 1736 5293 vel
1783 5242 1966 5295 audito
2010 5259 2136 5298 mox

574 5326 783 5396 aufugit
812 5334 868 5382 et
898 5329 1029 5383 abit.
1058 5329 1169 5385 Hoc
1200 5330 1445 5399 profecto
1477 5331 1672 5383 mortui
1716 5347 1821 5385 non
1855 5347 1990 5400 opus
2028 5344 2133 5401 est,

643 5463 758 5533 (72)
789 5463 882 5519 Sic
914 5464 1137 5532 Segucr.
1171 5462 1334 5518 Basil.
1364 5462 1582 5517 Gohler.
1616 5470 1676 5533 el_
1691 5461 1986 5533 Felcka
2040 5479 2131 5521 an.

573 5530 921 5606 Ali‘i_(_:l.et"lli,
948 5530 1295 5606 sesamum.
1338 5534 1617 5606 lbid.mox_
1644 5530 1891 5606 S_cgucr._,
1932 5530 2063 5606 ἔχοι.

645 5602 757 5673 (7'5)
784 5601 905 5675 Sic.
940 5599 1183 5675 Seguer.;
1213 5599 1422 5675 ’ἑαυτοῦ
1451 5605 1576 5675 item
1606 5599 1804 5652 habent
1846 5601 2050 5668 Anglic.
2086 5616 2141 5658 et

578 5669 867 5746 Bas:l_.'Ajii
903 5669 1106 5746 [ero-et
1128 5674 1277 5746 editi,
1311 5672 1476 5746 αὐτοῦ
1508 5672 1646 5746 τήν..

649 5742 759 5805 (Ἶιι
794 5741 884 5796 Sic
913 5742 1036 5806 Scit.
1059 5743 1215 5796 Basil.
1237 5753 1291 5795 et
1322 5742 1527 5809 Anglic.
1557 5738 1647 5806 qui
1672 5745 1987 5809 pgﬁlremus
2010 5738 2139 5792 αὐτ-

582 5804 747 5880 αρκες
772 5812 952 5869 habet.
986 5804 1142 5867 Cobl.
1183 5822 1233 5866 et
1261 5804 1496 5867 Fclck'm.
1526 5811 1549 5863 l
1575 5804 1695 5859 anu
1728 5805 1786 5855 Εἰ
1826 5804 1880 5858 δὲ
1908 5808 2137 5880 οὖτωμὴ

2233 3060 2503 3129 νοςρύδὲν
2527 3059 3026 3132 ὲνεργεῖνκδύναται,
3053 3060 3185 3114 ἀλλὰ
3211 3061 3370 3132 μέχρι
3395 3061 3489 3113 τοῦ
3521 3064 3805 3134 μνήματός

2234 3151 2381 3204 ἐστιν
2410 3150 2556 3222 αὐτῷ
2592 3153 2623 3222 ή
2656 3136 2837 3222 χάρις,
2866 3151 2957 3204 καὶ
2981 3151 3253 3205 πέπαυται
3279 3152 3464 3207 λοιπόν
3489 3172 3503 3184 '
3540 3154 3719 3225 μόνων
3747 3156 3807 3208 δὲ

2233 3243 2341 3296 τῶν
2379 3241 2592 3306 ζώντων
2622 3243 2757 3295 εἰσὶν
2788 3242 3120 3315 αίππράξεις
3150 3243 3244 3296 καὶ
3279 3245 3334 3296 αἱ
3370 3244 3506 3315 πρὸς
3540 3246 3668 3309 τοὺς
3708 3248 3808 3299 ἀν-

2235 3334 2777 3406 θρώπουςένέργειαι
2803 3353 2815 3365 ·
2846 3334 3023 3405 ὁράτω
3058 3336 3121 3406 δὴ
3150 3337 3179 3388 6
3211 3335 3554 3406 βουλόμενος,
3592 3337 3686 3389 καὶ
3713 3353 3807 3403 γε-

2235 3426 2405 3480 νέσθω
2435 3426 2692 3496 δικαστὴς
2726 3428 2790 3479 ὲκ
2831 3416 3248 3499 τῶνόρωμένων
3269 3429 3366 3500 τὴν
3390 3428 3651 3500 ἀλήθειαν
3676 3431 3810 3500 ὁμο-

2234 3515 2426 3583 λογῶν.
2458 3516 2706 3571 Τοσαῦτα
2731 3518 2837 3588 γὰρ
2860 3518 2952 3572 τοῦ
2987 3518 3235 3589 Σωτῆρος
3262 3518 3613 3591 ἐνεργοῦντος
3641 3522 3697 3575 ὲν
3724 3520 3812 3573 ἀν-

2195 3604 2507 3678 χθρώποις,
2553 3608 2646 3661 καὶ
2676 3607 2793 3661 καθ’
2818 3609 3027 3681 ἡμέραν
3058 3609 3389 3678 πανταχόθεν
3434 3611 3544 3663 ἀπό
3594 3629 3657 3664 τε
3702 3611 3813 3665 τῶν

2233 3699 2330 3770 τὴν
2369 3699 2592 3752 Ἐλλάδα
2631 3700 2724 3752 καὶ
2770 3699 2866 3771 τὴν
2919 3700 3188 3772 βάρϐαρον
3224 3699 3515 3753 οἰκούντων
3557 3701 3811 3755 τοσοῦτον

2236 3790 2438 3860 πλῆθος
2463 3790 2707 3861 ἀοράτως
2736 3791 3013 3855 πείθοντος
3038 3794 3116 3855 είς
3138 3784 3235 3864 τὴν
3257 3790 3448 3845 ἑαυτοῦ
3481 3792 3596 3860 (75)
3632 3792 3812 3845 πίστιν

2237 3883 2549 3955 παρελθεῖν,
2578 3884 2672 3937 καὶ
2705 3883 2913 3946 πάντας
2945 3881 3240 3936 ὑπακούειν
3258 3885 3334 3951 τῇ
3363 3881 3529 3935 αὐτοῦ
3554 3882 3811 3936 διδασκα-

2234 3974 2324 4045 λία
2344 3993 2356 4006 ·
2412 3971 2499 4045 ἆρ’
2526 3974 2723 4039 έτιντις
2754 3975 2849 4045 τὴν
2880 3975 3115 4029 διάνοιαν
3146 3973 3588 4053 ἀμφίϐολονηέξει
3629 3976 3677 4028 εί
3718 3976 3812 4045 γέα

2235 4084 2387 4135 γονεν
2419 4069 2706 4130 ἀνάστασις
2729 4068 2832 4121 ὐπὸ
2861 4068 2955 4121 τοῦ
2984 4068 3252 4137 Σωτῆρος,
3289 4068 3382 4120 καὶ
3406 4067 3470 4139 ζῇ
3490 4060 3531 4122 “ὀ
3556 4071 3599 4122 Χ
3610 4069 3809 4141 ριστὺς,

2238 4158 2434 4229 μᾶλλον
2466 4158 2521 4210 δὲ
2554 4157 2713 4221 αὐτός
2743 4158 2889 4211 ἐστιν
2934 4159 2966 4228 ἡ
3002 4158 3147 4227 (toﬁ;
3186 4154 3331 4228 Ἀρα
3362 4158 3423 4211 δὲ
3462 4160 3663 4230 νεκροῦ
3694 4162 3809 4213 ἐστι

2233 4250 2332 4312 τὰς
2377 4248 2474 4318 μὲν
2512 4246 2747 4309 διανοίας
2791 4245 2899 4299 τῶν
2937 4244 3234 4315 ἀνθρώπων
3274 4247 3631 4300 κατανύττειν
3675 4249 3806 4318 (76),

2240 4341 2377 4394 ὥστε
2409 4340 2534 4403 τοὺς
2561 4337 2861 4409 πατρικοὺς
2895 4337 3171 4407 ἀρνεῖσθαι
3207 4339 3421 4407 νόμους,
3455 4339 3555 4408 τὴν
3581 4340 3647 4391 ’δὲ
3675 4342 3809 4407 Χρι-

2241 4430 2365 4486 στοῦ
2416 4430 2761 4486 διδασκαλίαν
2802 4431 3158 4499 προσκυνείνς
3206 4430 3271 4479 Ἢ
3318 4427 3436 4489 πῶς
3460 4467 3475 4491 ,
3513 4428 3673 4499 εἴπερ
3715 4431 3811 4483 οὐκ

2239 4525 2382 4576 ἔστιν
2428 4521 2683 4591 ἐνεργῶν,
2717 4518 2908 4590 νεκροῦ
2950 4518 3057 4589 γάρ
3101 4518 3226 4573 ἴδιόν
3264 4520 3383 4571 ἐστι
3416 4518 3579 4573 τοῦτο
3601 4560 3617 4584 ,
3652 4520 3809 4583 αὐτὸς

2239 4613 2363 4674 τούς
2390 4609 2741 4683 ἐνεργοῦντας
2772 4608 2864 4660 καὶ
2911 4606 3115 4671 ζῶντας
3163 4607 3263 4676 τῆς
3303 4607 3587 4678 ἐνεργείας
3628 4608 3809 4677 παύει,

2240 4704 2380 4756 ὥστε
2410 4703 2498 4756 τὸν
2534 4702 2631 4771 μὲν
2662 4700 2844 4771 μοιχὸν
2876 4699 3069 4769 μηκέτι
3092 4696 3380 4769 μοιχεύειν,
3414 4698 3509 4751 τὸν
3543 4699 3602 4752 δὲ
3628 4688 3855 4771 ἀνδρολχ.

2242 4795 2397 4864 φόνον
2422 4792 2614 4864 μηκέτι
2645 4788 2904 4859 φονεύειν,
2924 4789 3012 4841 τὸν
3024 4788 3078 4840 δὲ
3098 4788 3380 4842 ἀδικοῦντα
3400 4791 3601 4860 μηκέτι
3621 4790 3855 4873 πλεον-

2240 4888 2447 4948 εκτεῖν,
2490 4884 2585 4937 καὶ
2627 4883 2715 4934 τὸν
2753 4881 2923 4951 ἀσεϐῆ
2957 4878 3138 4931 λοιπὸν
3175 4878 3453 4944 εὐσεϐεῖν;
3493 4880 3623 4943 Πῶς
3654 4881 3728 4943 δὲ,
3762 4882 3821 4932 εἴ

2245 4976 2319 5047 μὴ
2347 4974 2564 5044 ἀνέστη,
2608 4971 2743 5025 ἀλλὰ
2774 4970 2964 5040 νεκρός
2997 4970 3133 5029 ἐστι,
3181 4968 3304 5031 τοὺς
3348 4968 3678 5039 λεγομένους
3708 4970 3809 5021 ὐπὸ

2237 5065 2344 5119 τῶν
2395 5065 2636 5117 ἀπίστων
2686 5060 2785 5131 ζῇν
2831 5059 3149 5129 ψευδοθέους
3198 5059 3291 5111 καὶ
3340 5058 3809 5131 θρησκευομένους

2235 5156 2491 5227 δαίμονας
2530 5155 2689 5217 αὐτὸς
2713 5152 3022 5216 ἀπελαύνει,
3050 5152 3145 5204 καὶ
3178 5150 3380 5215 διώκει,
3410 5152 3504 5205 καὶ
3534 5152 3807 5206 καταϐάλ-

2234 5248 2349 5313 λει;
2392 5248 2556 5303 Ἔνθα
2607 5247 2712 5316 γάρ
2755 5244 3079 5315 ὀνομάζεται
3110 5244 3341 5314 Χριστὸς
3389 5244 3483 5296 καὶ
3539 5246 3574 5315 ἡ
3622 5244 3806 5298 τούτου

2236 5340 2435 5404 πίστις,
2472 5339 2678 5391 ἐκεῖθεν
2705 5338 2851 5389 πᾶσα
2881 5336 2977 5405 μὲν
3000 5334 3411 5404 εἰδωλολατρεία
3440 5334 3798 5406 καθαιρείται,

2234 5472 2532 5538 αὐτάρκης.
2563 5469 2661 5522 Alii
2689 5481 2743 5539 et
2779 5468 2903 5539 editi
2925 5506 2944 5539 ,
2972 5467 3033 5539 Εί
3064 5467 3121 5519 δὲ
3148 5468 3310 5537 μήπω
3335 5467 3640 5539 αὐτάρκης.

2300 5535 2419 5619 (75)
2440 5535 2529 5595 Sic
2551 5541 2672 5609 Seg.
2698 5538 2835 5594 Gob.
2857 5537 2968 5593 Fel.
2993 5538 3016 5590 1
3061 5535 3371 5606 ametAng.
3394 5535 3497 5592 Alii
3517 5535 3695 5598 et'ed.,
3712 5535 3799 5589 αὐ-

2236 5628 2420 5745 το(λϐ)
2454 5677 2541 5732 Sic
2565 5676 2785 5743 δείξειεν.
2813 5676 2964 5732 Gobl.
2994 5674 3173 5731 Fclck.
3211 5676 3235 5728 1
3291 5689 3378 5729 an.
3404 5683 3460 5730 et
3496 5674 3650 5745 Angl.
3692 5671 3795 5726 Alii

2240 5760 2289 5804 et
2315 5749 2466 5813 editi,
2500 5747 2857 5815 κατανοίγειν.
