4006 6556
211 461 294 513 H9
1205 450 1464 508 ORATIO
1502 452 1590 508 DE
1631 451 2145 510 INCARNATIONE
2182 453 2406 510 VERBI.
3321 458 3421 514 150

207 578 336 629 πᾶσα
365 572 420 626 δὲ
449 572 726 643 δαιμόνων
771 572 949 640 ἀπάτη
983 569 1293 640 ἐλέγχεται,
1331 570 1440 631 πᾶς
1473 568 1528 620 δὲ
1556 566 1763 637 δαίμων

1866 569 1959 624 sed
1994 569 2226 624 viventis
2277 566 2617 636 maximeque
2670 567 2783 624 Dei.
2826 567 3089 624 Praeterea
3137 569 3418 625 ridiculum

207 666 305 721 οὐδὲ
332 665 387 717 τὸ
416 664 593 733 ὄνομα
626 663 887 735 ὑποφέρει
919 662 1061 733 (77),
1109 661 1242 715 ἀλλὰ
1286 660 1379 713 καὶ
1412 660 1569 729 μόνον
1595 658 1758 712 ἀκού-

1871 659 2032 714 fuerit
2067 661 2310 715 viventes
2338 668 2527 729 putare
2560 660 2830 715 daemones
2867 677 3003 730 quos
3043 663 3131 718 ille
3158 664 3325 731 pellit,
3368 673 3422 719 et

200 776 305 823 σας,
346 756 522 826 φυγὰς
562 756 797 826 οἴχεται.
834 755 999 808 Τοῦτο
1040 753 1097 807 δὲ
1145 752 1204 806 οὑ
1240 752 1431 823 νεκροῦ
1456 750 1533 809 ντὸ
1576 750 1756 821 ἔργον,

1860 751 2000 805 idola
2035 766 2154 820 qua:
2196 752 2447 814 destruit,
2478 765 2600 804 eum
2648 766 2777 804 vero
2818 761 3086 807 mortuum
3126 754 3303 810 dicere
3327 755 3418 823 qui

202 850 315 903 ἀλλὰ
337 848 535 913 ζῶντος
560 848 660 902 καὶ
692 838 919 923 μάλιστα
938 844 1089 900 Θεοῦ.
1121 844 1326 907 Ἄλλως
1348 860 1407 896 τε
1435 842 1528 896 καὶ
1553 842 1758 910 γελοῖον

1862 841 1984 896 illos
2023 842 2191 912 pellit,
2237 853 2291 897 et
2337 857 2431 898 sua
2465 844 2662 897 virtute
2713 843 2872 899 eﬂicit
2920 854 2978 898 ut
3016 861 3082 900 ne
3125 858 3418 916 appareant

203 942 256 995 ἄν
280 942 354 1010 εἴη
402 940 531 1003 τοὺς
583 940 686 1010 μὲν
734 926 1090 1009 διωκομένους
1137 926 1226 989 ὑπ⁴
1263 934 1424 989 αὐτοῦ
1473 934 1748 1005 δαίμονας,

1859 933 2095 1001 quidem,
2129 949 2287 1004 quem
2337 936 2498 991 etiam
2531 935 2630 1007 ipsi
2664 951 2854 993 omnes
2896 936 3136 993 fatentur
3177 954 3296 995 esse
3324 938 3414 994 Fi-

202 1031 277 1083 καὶ
312 1030 375 1083 τὰ
416 1028 848 1100 καταργούμενα
886 1027 1077 1081 εἴδωλα
1120 1026 1298 1094 λέγειν
1350 1025 1557 1090 ζῶντας
1593 1021 1757 1085 εἶναι,
1858 1023 1985 1077 lium
2012 1025 2127 1080 Dei.

200 1125 271 1177 τὸν
298 1121 775 1185 δὲάπελαύνοντα,
806 1120 899 1174 καὶ
929 1123 994 1191 τῇ
1025 1118 1215 1172 ἑαυτοῦ
1282 1117 1505 1187 δυνάμει
1566 1114 1701 1185 μηδὲ
1766 1117 1997 1185 φανῆναι
2058 1117 2315 1173 ποιοῦντα
2366 1120 2605 1187 τούτους,
2655 1121 2789 1176 ἀλλά
2846 1122 2939 1177 καὶ
2990 1123 3416 1199 ὁμολογούμενον

199 1214 283 1267 ὑπὸ
333 1212 550 1268 πάντων
608 1207 752 1265 εἶναι
798 1210 930 1263 Θεοῦ
982 1210 1131 1273 Υίὸν,
1174 1208 1361 1261 τοῦτον
1401 1208 1578 1275 λέγειν
1625 1201 1763 1257 εἶναι
1798 1208 2008 1276 νεκρόν.

250 1308 327 1363 51.
351 1307 543 1375 Μέγαν
572 1306 633 1358 δὲ
670 1305 891 1376 καὶ(78)
933 1304 1055 1359 καθ’
1088 1303 1292 1357 ἑαυτῶν
1325 1303 1415 1357 τὸν
1449 1302 1667 1371 ἔλεγχον
1694 1298 1745 1352 οἱ

1919 1301 2009 1356 51.
2041 1301 2215 1358 Grave
2249 1315 2427 1359 autem
2453 1305 2505 1360 in
2540 1322 2652 1371 eos,
2674 1309 2763 1377 qui
2790 1309 2857 1362 de
2884 1311 3282 1366 resurrectione
3308 1313 3411 1368 du-

197 1397 520 1461 ἀπιστοῦντες
562 1399 633 1467 τῇ
668 1396 958 1450 ἀναστάσει
998 1395 1407 1467 προϐάλλονται,
1445 1395 1491 1446 εἰ
1522 1392 1614 1446 τὸν
1656 1391 1743 1444 λε-

1845 1393 2021 1449 bitant
2043 1437 2059 1462 ,
2099 1396 2239 1450 istud
2270 1396 2431 1451 fuerit
2464 1410 2835 1468 argumentum
2862 1442 2877 1467 ,
2920 1402 2966 1455 si
3025 1417 3217 1473 nempe
3250 1380 3410 1459 ChriQ

196 1493 391 1561 γόμενον
442 1489 581 1560 παρ’
632 1487 815 1542 αὐτῶν
854 1486 1044 1559 νεκρὸν
1094 1487 1184 1541 τὸν
1235 1487 1466 1557 Χριστὸν
1506 1485 1742 1548 ἅπαντες

1847 1496 2185 1557 stum,quem
2215 1499 2482 1544 mortuum
2516 1491 2616 1559 ipsi
2639 1500 2850 1559 putant,
2877 1493 3108 1547 universi
3140 1495 3410 1550 dtemones

196 1586 407 1656 δαίμονες
445 1583 543 1637 καὶ
573 1585 627 1637 οί
663 1582 1122 1653 προσκυνούμενοι
1160 1582 1287 1652 παρ’
1322 1580 1497 1633 αὐτῶν
1539 1578 1649 1630 θεοὶ
1677 1578 1738 1630 ού

1847 1592 1910 1631 ac
1957 1578 2055 1642 dii,
2091 1594 2228 1649 quos
2257 1581 2477 1645 colunt,
2526 1597 2631 1634 non
2670 1594 3082 1653 persequantur,
3110 1586 3205 1641 sed
3233 1589 3410 1655 potius

195 1675 460 1737 διώκουσιν,
492 1672 637 1727 ἀλλά
670 1671 869 1743 μᾶλλον
892 1673 919 1724 6
948 1669 1176 1741 Χριστὸς
1200 1671 1321 1732 τοὺς
1356 1669 1561 1731 πάντας
1592 1667 1740 1735 ἐλέγ-

1847 1668 1960 1736 ipse
1985 1669 2232 1726 Christus
2283 1686 2473 1726 omnes
2513 1672 2633 1727 illos
2662 1681 2901 1728 mortuos
2933 1690 3054 1729 esse
3104 1678 3404 1732 convincat.

195 1782 257 1833 χει
279 1761 512 1833 νεκρούς.
551 1762 617 1813 Εἰ
650 1760 764 1832 γὰρ
810 1759 1003 1830 ἀληθὲς
1034 1759 1123 1811 τὸν
1152 1758 1344 1829 νεκρὸν
1378 1758 1540 1829 μηδὲν
1585 1758 1737 1828 ἐνερ-
1767 1771 1777 1831 ]

1846 1759 1901 1814 Si
1929 1761 2071 1815 enim
2098 1778 2282 1818 verum
2320 1764 2389 1817 sit
2435 1774 2702 1818 mortuum
2733 1766 2864 1819 nihil
2908 1781 3088 1835 agere,
3118 1776 3194 1821 tot
3231 1778 3405 1823 autem

194 1859 300 1923 γεῖν,
346 1855 643 1925 ἐργάζεται
698 1853 756 1906 δὲ
788 1851 1021 1905 τοσαῦτα
1061 1850 1180 1904 καθ’
1215 1850 1425 1921 ἡμέραν
1457 1852 1485 1903 6
1529 1848 1737 1919 Σωτὴρ,

1840 1860 1893 1903 et
1926 1858 2072 1905 tanta
2104 1853 2344 1921 quotidie
2375 1854 2786 1920 agatChristus,
2815 1857 2905 1925 qui
2943 1872 3137 1925 nempe
3162 1858 3406 1913 homines

192 1946 331 1998 ίλκων
378 1945 459 2008 είς
495 1942 808 2005 εὐσέϐειαν,
849 1942 1047 1995 πείθων
1096 1943 1176 2004 εἰς
1224 1941 1443 2011 ἀρετὴν,
1478 1939 1739 1992 διδάσκων

1838 1942 1905 1997 ad
1938 1942 2189 2010 pietatem
2223 1944 2473 2010 attrahit,
2512 1946 2602 2013 qui
2639 1945 2742 1999 illis
2766 1957 2825 2000 ut
2852 1947 3106 2002 virtutem
3132 1958 3407 2003 sectentur

194 2037 293 2105 περὶ
311 2036 632 2098 ἀθανασίας,
660 2037 743 2098 είς
766 2033 927 2087 πόθον
951 2032 1057 2086 τῶν
1085 2032 1348 2104 οὐρανίων
1380 2031 1585 2099 ὲνάγων
1604 2029 1736 2100 (79),

1838 2034 2146 2104 persumiet,
2170 2037 2260 2105 qui
2293 2051 2386 2090 eos
2410 2022 2867 2091 immortalitatem
2903 2040 3081 2103 docet,
3120 2048 3173 2093 et
3223 2054 3402 2093 rerum

191 2126 557 2179 ἀποκαλύπτων
612 2128 717 2197 τὴν
774 2125 901 2196 περὶ
939 2124 1149 2195 Ila-:96;
1185 2124 1405 2191 γνῶσιν,
1452 2123 1550 2192 τὴν
1596 2119 1737 2174 κατὰ

1851 2126 2148 2181 caelestium
2194 2125 2462 2180 desiderio
2503 2124 2800 2181 inflammat
2827 2168 2842 2193 ,
2871 2126 2961 2195 qui
2994 2128 3072 2181 sui
3105 2126 3283 2182 Patris
3312 2144 3399 2182 co-

189 2217 258 2269 τοῦ
282 2217 504 2270 θανάτου
528 2217 769 2286 δύναμιν
797 2216 1066 2286 ἐμπνέων,
1088 2214 1300 2284 ἑκάστῳ
1320 2212 1578 2266 δεικνύων
1608 2212 1735 2263 ἐαυ-

1837 2218 2135 2286 gnitionem
2162 2218 2349 2273 iisdem
2383 2220 2621 2289 impertit
2648 2260 2662 2283 ,
2692 2219 2910 2288 vimque
2940 2231 3125 2274 contra
3169 2229 3398 2275 mortem

188 2310 274 2373 τὸν,
318 2311 408 2363 καὶ
451 2311 556 2381 τὴν
595 2309 838 2363 εἰδώλων
891 2307 1156 2378 ἀθεότητα
1188 2306 1497 2377 καθαιρῶν·
1530 2304 1735 2359 τούτων

1837 2308 2088 2373 infundit,
2115 2310 2204 2379 qui
2252 2310 2485 2380 denique
2513 2309 2737 2380 singulis
2770 2310 3005 2381 seipsum
3049 2311 3302 2379 patefacit
3345 2320 3399 2366 et

187 2401 229 2453 δὲ
251 2402 383 2455 οὐδὲν
400 2401 667 2456 δύνανται
693 2402 744 2454 οί
776 2399 923 2471 παρὰ
949 2402 1061 2463 τοῖς
1087 2400 1331 2462 ἀπίστοις
1359 2399 1469 2452 θεοὶ
1496 2398 1590 2451 καὶ
1622 2397 1736 2451 δαί-

1834 2401 2049 2471 impiam
2087 2401 2348 2456 idolorum
2382 2403 2573 2457 evertit
2601 2404 3034 2472 superstitionem
3062 2420 3079 2468 ;
3117 2420 3236 2460 cum
3266 2422 3396 2460 con-

188 2510 332 2562 μονες,
361 2493 497 2546 ἀλλά
532 2494 746 2565 μᾶλλον
774 2494 839 2562 τῇ
866 2489 1102 2561 Χριστοῦ
1135 2490 1406 2561 παρουσίᾳ
1438 2490 1619 2561 νεκροὶ
1645 2489 1731 2558 γί-

1844 2502 1929 2547 tra
1978 2493 2111 2547 nihil
2161 2494 2338 2548 simile
2386 2492 2594 2548 eﬂicere
2648 2496 2855 2562 possint
2906 2495 3201 2549 infidelium
3234 2496 3306 2550 dii
3341 2506 3397 2551 et

185 2604 346 2648 νονται,
384 2586 573 2658 ἀργὴν
608 2585 825 2655 ἔχοντες
852 2583 944 2636 καὶ⁹
971 2580 1130 2652 κενὴν
1161 2582 1258 2653 τὴν
1291 2582 1587 2652 φαντασίαν
1606 2598 1620 2611 ·
1655 2579 1732 2652 τῷ

1832 2586 2141 2649 dazmones,
2194 2585 2286 2639 sed
2361 2586 2537 2654 potius
2597 2584 2797 2640 Christi
2857 2588 3136 2656 pmsentia
3200 2590 3395 2643 mortui

185 2678 225 2730 δὲ
252 2678 444 2749 σημείῳ
486 2676 594 2731 τοῦ
646 2674 879 2747 σταυροῦ
928 2676 1075 2728 πᾶσα
1113 2673 1210 2744 μὲν
1245 2674 1445 2744 μαγεία
1477 2673 1728 2738 παύεται,

1846 2674 2000 2739 (iant,
2031 2688 2325 2744 eorumque
2355 2675 2632 2745 priestigiae
2668 2676 2834 2730 irritat
2864 2678 3159 2731 reddantur
3185 2695 3201 2742 ;
3231 2680 3394 2748 siqui-

185 2773 301 2824 πάσα
345 2771 398 2823 δὲ
442 2768 779 2840 φαρμακεία
826 2768 1213 2836 καταργεῖται,
1261 2765 1355 2818 καὶ
1402 2766 1579 2819 πάντα
1633 2766 1730 2835 μὲν

1833 2763 1955 2817 dem
1985 2765 2137 2833 signo
2167 2765 2342 2819 erucis
2385 2766 2560 2818 omnis
2593 2780 2682 2819 ars
2715 2767 2921 2834 magica
2959 2768 3177 2833 deficit,
3211 2769 3396 2825 incan-

184 2860 237 2914 τὰ
258 2861 435 2915 εῐδωλα
478 2859 796 2934 ἐρημοῦται
838 2857 932 2911 καὶ
971 2856 1458 2927 καταλιμπάνεται,
1493 2859 1641 2909 πᾶσα
1672 2857 1729 2910 δὲ

1832 2860 2067 2909 tamenta
2099 2854 2278 2907 omnia
2308 2864 2659 2919 evanescunt,
2688 2856 2828 2910 idola
2864 2857 3183 2914 deseruntur
3210 2870 3263 2915 et
3301 2878 3390 2918 re-

183 2955 335 3023 ἄλογος
359 2954 523 3026 ἡδονὴ
566 2951 823 3013 παύεται,
855 2948 949 3001 καὶ
981 2949 1086 3011 πᾶς
1120 2965 1203 3011 τις
1238 2948 1318 3010 είς
1361 2946 1586 3018 οὐρανὸν
1618 2946 1727 3017 (80)

1829 2941 2163 3011 linquuntur,
2215 2943 2538 3013 sedaturque
2582 2944 2771 2998 insana
2818 2956 2872 3001 et
2922 2948 3094 3017 turpis
3120 2950 3389 3021 voluptas,

183 3047 265 3099 ἀπὸ
289 3048 377 3117 γῆς
408 3044 755 3099 ἀποϐλέπει·
799 3041 918 3096 τίνα
949 3040 1013 3095 ἄν
1043 3057 1127 3103 τις
1170 3039 1312 3092 εἴποι
1357 3038 1577 3109 νεκρόν;
1624 3039 1729 3091 Τὸν

1828 3046 1893 3086 ac
1937 3031 2160 3100 quilibet
2201 3030 2312 3099 jam
2341 3049 2371 3087 e
2404 3034 2563 3087 terris
2608 3035 2661 3088 in
2713 3036 2907 3091 etelum
2946 3040 3209 3109 suSpicit;
3245 3043 3388 3110 quis,

182 3138 375 3193 τοσαῦτα
398 3137 780 3210 ἐργαζόμενον
800 3134 1059 3206 Χριστόν;
1093 3132 1232 3185 Ἀλλ’
1255 3132 1355 3184 οὐκ
1380 3131 1507 3184 ἴδιον
1535 3130 1726 3201 νεκροῦ
1755 3130 1764 3176 4

1836 3138 2046 3193 quaaso,
2076 3133 2318 3178 mortuus
2351 3125 2607 3180 dicendus
2629 3128 2753 3182 est?
2780 3127 3100 3186 Christusne
3152 3136 3242 3202 qui
3301 3150 3388 3191 res

183 3232 227 3283 τὸ
251 3231 588 3302 ἐργάζεσθαι.
626 3229 700 3280 Ἦ
734 3227 825 3279 τὸν
859 3225 1101 3297 μηδόλως
1131 3222 1478 3295 ἐνεργοῦντα,
1508 3222 1624 3277 ἀλλ’
1652 3222 1726 3286 ὡς

1828 3227 2005 3273 tantas
2028 3218 2230 3273 efﬁcit?
2260 3220 2421 3289 Atqui
2454 3236 2556 3275 non
2588 3222 2860 3292 pr0prium
2882 3227 3174 3280 estmortui
3205 3240 3383 3295 agere.

184 3322 349 3394 ἄψυχον
391 3324 675 3393 κείμενον,
714 3319 850 3389 ὅπερ
883 3316 1009 3370 ἴδιον
1043 3316 1274 3386 ὑπάρχει
1305 3313 1412 3367 τῶν
1460 3312 1727 3383 δαιμόνων

1824 3309 1909 3364 An
1935 3324 2039 3363 non
2084 3309 2260 3378 potius
2302 3309 2347 3365 is
2382 3311 2471 3378 qui
2504 3312 2636 3366 nihil
2664 3327 2886 3380 prorsus
2930 3315 3082 3384 agit,
3127 3314 3221 3369 sed
3246 3315 3388 3370 velut

183 3414 252 3463 καὶ
276 3412 499 3465 εἰδώλων
539 3409 615 3473 ὡς
662 3406 893 3478 νεκρῶν.
941 3406 998 3459 '0
1032 3406 1129 3476 μὲν
1171 3404 1278 3475 γὰρ
1307 3402 1401 3456 τοῦ
1430 3402 1563 3456 Θεοῦ
1599 3402 1726 3466 Υἱὸς

1823 3399 2091 3455 inanitnus
2120 3400 2281 3469 jacet.
2318 3403 2459 3471 quod
2484 3403 2592 3472 jam
2635 3404 2965 3460 daemonibus
2996 3416 3050 3461 et
3096 3407 3251 3461 idolis
3299 3417 3385 3461 ut-

183 3501 264 3564 ζῶν
301 3504 388 3557 καὶ
432 3501 675 3573 ἐνεργὴς
718 3499 794 3553 ὢν
840 3499 961 3553 καθ’
1020 3498 1228 3569 ἡμέραν
1274 3497 1586 3570 ἐργάζεται,
1633 3494 1725 3549 καὶ

1822 3501 1946 3562 pote
1969 3493 2196 3547 mortuis
2218 3494 2487 3549 convenit.
2513 3494 2584 3548 At
2615 3494 2781 3551 Filius
2811 3496 2901 3552 Dei
2936 3496 3087 3552 rivus
3111 3507 3167 3552 et
3194 3498 3379 3552 ellicax

182 3594 352 3665 ἐνεργεῖ
379 3596 478 3666 τὴν
512 3593 738 3647 πάντων
767 3590 1068 3661 σωτηρίανο
1104 3592 1131 3642 ὁ
1161 3590 1217 3642 δὲ
1251 3589 1476 3652 θάνατος
1510 3586 1727 3657 ἐλέγχε-

1822 3584 2059 3652 quotidie
2105 3584 2216 3653 agit
2253 3594 2308 3640 et
2352 3587 2591 3640 omnium
2645 3587 2872 3643 salutem
2920 3590 3082 3645 ellicit
3130 3607 3145 3644 :
3197 3600 3382 3645 contra

180 3699 247 3735 ται
272 3684 380 3737 καθ’
422 3683 646 3756 ἡμέραν
692 3681 853 3743 αὐτὸς
884 3678 1265 3749 ὲξασθενήσας,
1295 3677 1391 3731 καὶ
1422 3676 1490 3731 τὰ
1534 3675 1725 3729 εἴδωλα

1822 3690 1950 3729 vero
1999 3683 2224 3729 mortem
2262 3678 2431 3746 magis
2476 3677 2527 3730 in
2575 3678 2688 3732 dies
2737 3679 2995 3733 infirmari
3032 3680 3281 3750 idolaque
3332 3690 3385 3735 et

181 3778 251 3829 καὶ
276 3780 319 3830 οἱ
349 3779 610 3849 δαίμονες
644 3774 844 3845 μᾶλλον
884 3774 1065 3844 νεκροὶ
1109 3771 1487 3841 τυγχάνοντες,
1534 3769 1610 3832 ὡς
1659 3770 1725 3822 ἐκ

1822 3767 2096 3821 ἁωωοηθε
2122 3767 2292 3836 magis
2331 3782 2393 3821 ac
2425 3768 2597 3837 magis
2625 3778 2868 3823 mortuos
2896 3769 3008 3824 fieri
3054 3771 3125 3825 ita
3174 3771 3380 3826 clarum

181 3868 331 3922 τούτου
361 3868 570 3941 μηδένα
601 3864 873 3928 διστάζειν
918 3864 999 3917 ἔτι
1035 3863 1164 3934 περὶ
1194 3862 1294 3931 τῆς
1336 3862 1429 3915 τοῦ
1472 3860 1723 3931 σώματος

1821 3870 1925 3922 est,
1964 3868 2021 3914 ut
2055 3874 2210 3913 nemo
2227 3858 2333 3930 jam
2364 3859 2593 3928 amplius
2618 3860 2683 3915 de
2704 3858 2903 3915 Christi
2933 3861 3176 3932 corporis
3203 3877 3383 3915 resur-

180 3963 487 4026 ἀναστάσεως
516 3959 710 4013 αὑτοῦ.
745 3959 928 4010 Ἔοικε
966 3957 1023 4010 δὲ
1048 3958 1076 4008 6
1101 3955 1229 4026 περὶ
1256 3955 1353 4024 τῆς
1380 3952 1723 4015 ἀναστάσεως

1822 3950 2063 4006 rectione
2094 3950 2338 4004 dubitare
2364 3952 2553 4020 possit.
2590 3949 2647 4005 Si
2675 3952 2794 4019 quis
2817 3964 2994 4006 autem
3026 3954 3200 4008 adhuc
3223 3952 3382 4007 fuerit

180 4054 250 4107 τοῦ
276 4053 535 4121 κυριακοῦ
566 4050 822 4121 σώματος
852 4046 1094 4101 ἀπιστῶν
1117 4046 1328 4113 ἀγνοεῖν
1349 4043 1573 4114 δύναμιν
1590 4041 1721 4095 Θεοῦ

1823 4043 1914 4112 qui
1944 4040 2154 4096 Domini
2192 4055 2389 4109 corpus
2425 4041 2786 4094 resurrexisse
2824 4043 3046 4097 credere
3076 4054 3304 4107 renuat,
3336 4045 3381 4099 is

174 4146 325 4213 Λάγον
354 4148 450 4201 καὶ
494 4144 701 4213 Σρφίας
737 4140 871 4211 (8|).
903 4140 964 4191 Εἰ
996 4138 1103 4209 γάρ
1142 4137 1277 4198 ὅλως
1318 4134 1505 4187 ἔλαϐεν
1548 4132 1723 4202 ἐαυτῷ

1824 4149 1957 4189 sane
2001 4133 2093 4187 Dei
2126 4132 2281 4187 Verbi
2312 4143 2365 4187 et
2412 4132 2697 4203 Sapientiae
2727 4134 2829 4186 vim
2863 4134 3112 4204 ignorare
3146 4136 3379 4189 videtur.

182 4237 327 4308 σῶμα,
356 4239 449 4292 καὶ
483 4236 646 4289 τοῦτο
681 4233 1044 4303 ἱδιοποιήσατο
1071 4228 1207 4283 κατά
1228 4230 1326 4299 τὴν
1355 4227 1572 4295 εὔλογον
1594 4227 1721 4279 ἀκο-

1824 4225 1881 4280 Si
1913 4225 2054 4280 enim
2100 4239 2227 4278 vere
2270 4239 2463 4294 corpus
2506 4224 2746 4292 accepit,
2779 4223 3014 4291 illudque
3043 4224 3380 4279 convenienti

180 4326 378 4393 λουθίαν,
409 4330 488 4392 ὡς
519 4328 548 4380 6
572 4327 734 4394 λόγος
756 4321 953 4386 ἔδειξε·
1003 4320 1055 4373 τί
1087 4320 1191 4372 ἔδει
1213 4319 1302 4370 τὸν
1332 4316 1531 4388 Κύριον
1552 4317 1723 4368 ποιεῖν

1828 4317 2039 4372 ratione
2073 4316 2173 4371 sibi
2209 4316 2482 4384 proprium
2518 4314 2787 4379 reddidit,
2822 4323 2879 4367 ut
2910 4327 3091 4367 nostra
3136 4316 3379 4369 oratione

183 4420 281 4491 περὶ
306 4422 527 4483 reticeo;
561 4419 594 4489 ἢ
634 4416 786 4470 ποῖον
819 4414 923 4467 ἔδει
954 4413 1104 4474 τέλος
1131 4410 1379 4478 γενέσθαι
1417 4407 1510 4461 τοῦ
1539 4407 1724 4477 σώμα-
1754 4467 1765 4491 ι

1824 4404 2208 4479 exposuimus;
2232 4402 2360 4471 quid
2388 4440 2404 4464 ,
2430 4416 2632 4471 quteso,
2662 4401 2729 4454 de
2768 4400 2861 4454 illo
2890 4401 3169 4454 Dominum
3203 4401 3380 4458 facere

174 4466 264 4575 fro;
293 4513 435 4579 ἅπαξ
469 4466 761 4569 ὲπιέάντος
792 4505 937 4575 αὐτῷ
959 4504 1049 4557 τοῦ
1076 4502 1282 4570 Λόγους
1316 4497 1720 4575 Μὴᾼάποθανεῖν
1753 4513 1756 4522 ί

1796 4490 1797 4503 ¹
1825 4466 2129 4564 oportebat,
2158 4466 2399 4561 vel-quis
2430 4492 2674 4560 corporis
2699 4491 2821 4543 linis
2847 4504 2965 4544 esse
2989 4490 3193 4555 debuit,
3234 4502 3378 4559 post—

124 4652 127 4653 ,
184 4602 259 4670 μὲν
280 4600 787 4675 γὰρμοὺχὴδύνατο,
813 4597 904 4651 ἅτε
924 4596 987 4667 δὴ
1012 4595 1119 4665 (82)
1144 4592 1337 4672 θνὴξξν
1360 4591 1439 4675 ἓν,
1465 4592 1556 4643 καὶ
1582 4588 1706 4659 ὑπὲρ

1822 4601 1981 4656 quam
2020 4584 2188 4639 semel
2238 4584 2302 4636 ad
2350 4582 2475 4637 illud
2509 4583 2735 4636 accessit
2771 4582 3047 4643 Verbum?
3094 4581 3203 4637 Nec
3232 4584 3375 4638 enim

180 4676 360 4748 πάντων
400 4692 851 4765 προσφερόμενον
895 4690 972 4751 είς
1020 4687 1109 4740 τὸν
1150 4678 1415 4740 θάνατον·
1463 4676 1523 4735 οῦ
1561 4680 1719 4750 χάριν

1822 4687 2032 4747 poterat
2066 4692 2171 4730 non
2205 4675 2361 4738 mori,
2394 4689 2515 4729 cum
2544 4673 2770 4729 mortale
2797 4682 2941 4727 esset
2974 4683 3026 4727 et
3061 4689 3157 4743 pro
3201 4676 3377 4729 omni-

178 4784 252 4834 καὶ
288 4786 312 4836 ὁ
348 4782 543 4853 Σωτὴρ
594 4779 730 4833 αὐτὸ
772 4776 1164 4831 κατεσκεύασεν
1212 4771 1418 4841 ἑαυτῷ*
1456 4773 1631 4841 μεῖναι
1662 4766 1719 4821 δὲ

1822 4771 1921 4823 hus
1952 4767 2105 4821 morti
2151 4765 2452 4831 oﬂerrelur,
2495 4780 2606 4836 qua:
2655 4765 2868 4835 quidem
2916 4781 3078 4820 causa
3130 4768 3227 4821 fuit
3280 4785 3377 4823 cur

179 4876 338 4945 νεκρὸν
364 4876 464 4946 οὐχ
497 4870 611 4927 οἷόν
642 4876 703 4924 τε
729 4866 817 4941 ἦν,
856 4870 944 4923 διὰ
981 4870 1040 4921 τὸ
1070 4868 1213 4937 ζωῆς
1243 4864 1373 4919 αὐτὸ
1403 4862 1526 4918 ναὸν
1557 4877 1715 4929 γεγε-

1822 4859 1925 4915 sibi
1980 4857 2109 4912 illud
2160 4858 2408 4911 Salvator
2459 4857 2723 4926 aptaverit
2769 4872 2784 4911 :
2838 4869 3106 4913 mortuum
3166 4877 3377 4929 quoque

179 4944 361 5032 νῆσθαι.
396 4944 563 5019 Ὅθεν
601 4962 840 5015 ἀπέθανε
877 4960 973 5032 μὲν
1012 4961 1087 5023 ὡς
1131 4958 1352 5029 θνητόνο
1391 4957 1617 5028 ἀνέζησε
1659 4954 1716 5009 δὲ

1822 4960 2040 4999 manere
2072 4960 2178 5000 non
2211 4944 2403 5013 potuit,
2430 4947 2555 5015 quia
2583 4947 2704 4999 vitae
2736 4947 2991 5016 templum
3023 4949 3225 5004 factum
3264 4950 3376 5005 fue-

179 5050 248 5104 διά
282 5055 375 5124 τὴν
412 5056 482 5107 ὲν,
520 5050 671 5120 αὐτῷ
714 5048 877 5121 ζωὴν,
923 5048 1017 5104 καὶ
1060 5047 1160 5118 τῆς
1211 5046 1555 5110 ἀναστάσεως
1599 5048 1714 5100 ἐστι

1820 5047 1925 5093 rat.
1964 5037 2297 5107 Quapropter
2318 5044 2583 5092 mortuum
2623 5039 2835 5109 quidem
2864 5049 2945 5094 est
2970 5079 2985 5105 ,
3018 5049 3075 5094 ut
3105 5043 3332 5098 mortale
3359 5062 3374 5111 ;

179 5143 433 5215 ’[νώρισμα
459 5142 530 5198 τὰ
558 5142 718 5214 ἔργα.

1822 5131 2020 5185 revixit
2054 5144 2183 5185 vero
2209 5169 2225 5195 ,
2278 5130 2400 5197 quia
2449 5130 2613 5183 vitam
2644 5132 2696 5185 in
2727 5147 2786 5187 se
2824 5134 3138 5189 continebat
3162 5177 3178 5202 ,
3225 5135 3376 5205 cujus

1822 5238 1956 5278 sane
1992 5222 2401 5277 resurrectionis
2432 5222 2626 5277 indicia
2664 5224 2777 5292 ipsa
2812 5234 2936 5279 sunt
2967 5241 3151 5295 Opera.

234 5326 312 5380 52.
337 5329 396 5382 Ei
422 5329 488 5390 δ’,
513 5327 599 5382 ὅτι
623 5324 699 5396 μὴ
726 5324 936 5394 ὁρᾶται,
958 5324 1262 5377 ἀπιστεῖται
1290 5324 1382 5377 καὶ
1402 5323 1715 5396 ὲγηγέρθαι,

1890 5314 1981 5369 52.
2022 5313 2171 5381 Quod
2197 5314 2240 5367 si
2268 5314 2387 5368 ideo
2428 5314 2789 5369 resurrexisse
2824 5331 2929 5368 non
2958 5318 3215 5379 creditur,
3250 5316 3371 5385 quia

179 5416 276 5487 ῶρα
300 5420 470 5473 καὶτὸ
499 5416 643 5472 κατὰ
678 5415 838 5485 φύσιν
877 5413 1154 5485 ἀρνεῖσθαι
1184 5415 1308 5478 τοὺς
1337 5413 1712 5477 ἀπιστοῦντας.

1819 5424 1927 5467 non
1953 5408 2193 5471 videtur;
2218 5405 2345 5474 quid
2376 5404 2517 5458 aliud
2565 5415 2809 5475 superest
2859 5420 3019 5474 quam
3065 5416 3123 5459 ut
3153 5421 3215 5461 ea
3254 5421 3373 5474 qua:

238 5529 339 5596 (Π)
368 5529 604 5598 Anglic.,
645 5524 937 5598 ὑποφέρειν
974 5523 1192 5598 δύναται
1230 5522 1361 5598 -Μοχ
1412 5535 1536 5598 ante
1569 5521 1704 5593 οἶχε-

1853 5518 1999 5598 _(80)
2034 5517 2159 5598 Seg.
2197 5514 2448 5598 G'ohlLet
2486 5514 2783 5598 Ejelckmvl
2835 5529 3022 5598 annuli:
3045 5513 3243 5598 ’πίστις
3264 5514 3372 5598 ἀπὸ

181 5582 271 5655 ται,
302 5582 514 5665 Segne}.
546 5582 728 5666 φῦγάς
755 5582 900 5666 addit
931 5610 944 5657 ;
975 5595 1062 5646 alii
1097 5604 1148 5666 et
1177 5594 1307 5666 editi
1332 5582 1653 5666 omittunt."

1816 5582 1916 5666 γῆς
1952 5582 2033 5651 εἰς
2063 5582 2306 5666 ούήρα-νόν.
2342 5585 2479 5666 ῐὺίιξζ
2513 5585 2823 5666 Sequerian.
2864 5582 3172 5635 ἀναϐλέπει.
3208 5584 3367 5666 li‘tlettt

240 5653 341 5733 (78)
368 5653 472 5720 kat
497 5653 649 5720 de'est'
680 5653 735 5717 in
769 5653 983 5734 Goble’r,
1012 5674 1063 5717 et
1098 5662 1344 5734 Felekm._
1376 5664 1401 5716 l
1440 5679 1545 5734 an,
1576 5662 1711 5715 Pau-
1817 5653 2308 5734 Seguer._Gohler_._
2329 5666 2418 5734 et”
2442 5654 2673 5734 Fglclun.
2720 5653 2744 5704 t
2796 5666 3046 5707 auouvm.
3076 5668 3197 5707 ml):
3233 5654 3368 5724 Χρι-

183 5732 224 5784 In
247 5722 614 5816 ᾔρει-δείξων.
644 5736 806 5816 habet
831 5722 896 5816 δεῖ,
937 5732 1025 5785 τὸν
1047 5734 1276 5816 Χριστὸν
1301 5732 1389 5787 τὸν
1426 5733 1707 5803 λεγόμενον

1047 5734 1276 5803 Χριστὸν
1301 5732 1389 5787 τὸν
1426 5733 1707 5803 λεγόμενον
1815 5722 2189 5816 orézll‘ta‘bent,
2223 5726 2308 5779 ubi
2333 5724 2444 5787 alii,
2475 5722 2626 5816 (ξεόν.

183 5792 493 5876 might};
524 5804 717 5876 νεκρὸν
750 5803 802 5876 oi
830 5803 1046 5876 πάντες,
1082 5792 1185 5859 ἑιο.
1490 5792 1508 5799 ”
1529 5792 1567 5803 ”
1667 5875 1671 5876 ν

1033 5843 1046 5867 ν
1082 5792 1185 5859 διε·
1667 5875 1671 5876 ,
1885 5796 1994 5876 (δὲ)
2029 5795 2369 5876 θειειίςεξηιμει
2400 5792 2608 5876 9999‘s?-

244 5859 344 5944 (79)
364 5859 744 5947 Segueriahus,
782 5859 1044 5941 ἀνάγων.”
1666 5875 1673 5883 ι

1890 5859 1999 5937 (8‘2)
2034 5859 2160 5918 "aee
2184 5864 2245 5933 δή
2275 5863 2424 5919 deest
2452 5859 2503 5916 iu
2538 5860 2750 5917 Gobler.
2787 5859 3094 5917 etFelektn.
3122 5860 3146 5916 l
3178 5876 3261 5916 an.
