4006 6506
578 424 669 482 151

1173 422 1229 478 S.
1259 420 1633 478 ATHANASII
1670 417 1837 474 OPP.-
1862 416 2041 473 PARS
2077 414 2119 474 1.
2160 445 2229 457 --
2269 413 2643 470 illSTORlCA
2685 411 2772 466 ET
2813 410 3230 469 DOGMATICA.

3706 412 3814 468 153

573 558 774 605 natura:
820 545 1032 617 propria
1085 554 1209 600 sunt
1242 554 1434 614 negent
1480 542 1784 614 hujusmodi
1842 537 2135 595 homines?

2238 536 2371 589 Θεοῦ
2414 536 2522 607 γὰρ
2558 536 2685 589 ἴδιον
2728 535 2801 605 μὴ
2842 534 3069 605 ὁρᾶσθαι
3118 534 3238 605 μὲν,
3284 537 3349 589 ἐκ
3393 536 3450 589 δὲ
3492 534 3601 588 τῶν
3632 534 3814 605 ἔργων

572 640 845 709 Siquidem
873 637 965 691 Dei
1005 637 1276 706 proprium
1304 643 1409 698 est,
1447 650 1550 689 nou
1584 634 1801 703 quidem
1832 631 2019 697 videri,
2042 634 2134 685 sed

569 748 635 785 ex
669 730 925 798 operibus
979 728 1255 796 cognosci,
1288 728 1362 781 uti
1394 741 1554 796 supra
1584 726 1843 779 diximus.
1872 722 2057 793 Itaque
2089 723 2133 779 si

571 818 767 873 desunt
806 833 994 888 opera,
1027 826 1172 872 recte
1198 819 1245 871 ei
1281 833 1386 872 non
1420 816 1700 887 apparenti
1732 813 1954 871 credere
1979 831 2135 870 recu-

573 918 714 962 sant.
746 908 840 963 Sin
868 918 1045 965 autem
1074 911 1187 979 ipsa
1216 909 1453 964 clamant
1490 924 1653 979 opera
1682 916 1737 964 et
1770 922 1880 963 rem
1911 907 2136 963 manife-

574 1008 657 1053 ste
695 1000 959 1069 probant,
1015 1016 1112 1054 cur
1161 1000 1299 1055 ultro
1341 1008 1447 1054 tam
1492 999 1693 1055 claram
1725 1000 2137 1055 resurrectionis

574 1091 741 1146 vitam
764 1094 1008 1163 negant?
1058 1093 1171 1147 Etsi
1204 1095 1347 1147 enim
1377 1103 1552 1148 mente
1577 1093 1685 1163 sint
1717 1092 1997 1159 obctecati,
2039 1108 2134 1146 ex-

573 1185 747 1240 ternis
780 1193 957 1237 tamen
989 1184 1237 1238 sensibus
1282 1184 1537 1238 invictam
1590 1184 1787 1237 Christi
1841 1184 2133 1252 potentiam

572 1284 626 1329 et
673 1274 1005 1328 divinitatem
1063 1274 1186 1329 licet
1222 1276 1326 1329 illis
1380 1275 1641 1342 aspicere.
1675 1274 1744 1331 Ut
1777 1275 1920 1329 enim
1964 1289 2135 1329 caecus

572 1367 783 1421 tametsi
839 1367 1004 1422 solem
1061 1382 1165 1420 non
1207 1367 1396 1431 videt,
1455 1376 1692 1421 attamen
1742 1367 1921 1421 calore
1973 1380 2133 1434 quem

569 1460 822 1529 producit
851 1468 1127 1528 percepto.
1156 1457 1325 1512 solem
1358 1472 1516 1526 super
1544 1468 1741 1512 terram
1766 1473 1885 1512 esse
1917 1458 2025 1529 60
2055 1457 2136 1509 in-

571 1549 763 1620 telligit
789 1567 804 1604 :
841 1554 911 1603 ita
934 1550 1023 1620 qui
1057 1549 1452 1613 contradicunt,
1479 1548 1726 1617 quamvis
1756 1549 1993 1603 nondum
2019 1562 2133 1601 cre-

570 1642 719 1706 dant,
755 1628 953 1709 quippe
987 1640 1076 1709 qui
1120 1639 1299 1692 adhuc
1324 1638 1467 1692 circa
1507 1638 1787 1691 veritatem
1840 1637 1967 1691 caeci
2002 1638 2133 1703 sint,

569 1733 799 1788 aliorum
841 1731 1027 1785 saltem
1077 1731 1167 1799 qui
1217 1730 1443 1784 credunt
1496 1730 1819 1784 fortitudine
1879 1730 2133 1799 cognita,

571 1827 770 1881 Christi
803 1825 1137 1878 divinitatem
1166 1830 1220 1876 et
1246 1820 1443 1875 factam
1465 1823 1530 1876 ab
1561 1822 1650 1875 illo
1678 1822 2134 1876 resurrectionem

573 1931 768 1987 negare
804 1929 908 1968 non
932 1915 1149 1970 debent.
1183 1913 1314 1966 Nam
1344 1912 1387 1966 si
1417 1911 1665 1966 Christus
1707 1920 1951 1966 mortuus
1989 1910 2139 1979 jace-

573 2016 675 2071 ret,
698 2014 841 2058 certe
863 2004 1133 2057 daemones
1156 2017 1260 2055 non
1304 2000 1534 2069 fugaret.
1562 2015 1663 2054 nec
1697 1998 1837 2054 idola
1871 2002 2140 2071 exspolia-

572 2105 687 2159 ret;
746 2110 843 2149 nec
895 2095 1039 2149 enim
1094 2101 1309 2146 mortuo
1355 2090 1794 2159 obtemperarent
1844 2091 2133 2144 daemones.

572 2187 677 2241 Sed
713 2186 756 2240 si
788 2185 905 2254 ejus
947 2185 1161 2239 nomine
1194 2184 1402 2253 prolato
1435 2182 1607 2252 palam
1643 2181 1902 2251 fugantur
1932 2220 1949 2247 ,
1988 2198 2137 2236 mor-

573 2289 721 2332 tuum
772 2278 915 2331 illum
969 2292 1073 2331 non
1103 2289 1420 2344 permanere
1469 2274 1831 2328 certissimum
1864 2273 1965 2328 hoc
2003 2274 2138 2328 iudi-

570 2371 712 2425 cium
742 2370 933 2431 fuerit;
964 2367 1266 2437 praesertim
1302 2380 1423 2420 cum
1457 2366 1747 2431 daimones,
1772 2366 1860 2435 qui
1892 2381 1978 2430 ea,
2017 2381 2136 2433 quae

571 2462 639 2515 ab
680 2461 896 2515 homine
942 2474 1045 2513 nou
1083 2460 1357 2518 videntur,
1409 2456 1509 2527 ipsi
1558 2458 1778 2521 vident,
1812 2472 2141 2526 cognoscere

574 2552 730 2606 facile
759 2561 978 2621 possent
1000 2591 1015 2613 ,
1081 2566 1147 2603 an
1179 2564 1302 2604 vere
1334 2548 1579 2603 Christus
1624 2558 1864 2604 mortuus
1908 2550 2138 2621 jaceret,

572 2659 672 2697 nec
696 2644 919 2710 proinde
956 2642 1026 2695 illi
1061 2656 1266 2695 morem
1296 2650 1565 2708 gererent.
1595 2640 1746 2696 Nunc
1780 2652 1958 2696 autem
1989 2642 2136 2697 illum

574 2736 783 2802 ipsum.
836 2736 919 2787 cui
971 2733 1120 2804 impii
1164 2749 1266 2788 non
1318 2736 1584 2797 crelunt,
1616 2734 1797 2788 vident
1865 2735 2138 2792 daemones

574 2826 742 2880 Deum
776 2840 897 2879 esse
920 2866 935 2888 ,
974 2835 1203 2894 eamque
1234 2826 1304 2879 ob
1334 2841 1558 2880 causam
1592 2824 1801 2896 fugiunt
1843 2841 1907 2882 ac
1954 2843 2138 2883 coram.

572 2934 638 2973 eo
674 2918 996 2988 procidunt,
1052 2918 1236 2971 eadem
1286 2929 1405 2983 quae
1455 2916 1605 2980 olim,
1656 2931 1777 2970 cum
1830 2917 1881 2970 in
1911 2932 2138 2987 corpore

571 3019 736 3072 esset,
768 3009 1049 3063 dicentes:
1084 3006 1338 3062 Nouimus
1382 3018 1430 3061 te
1467 3009 1582 3076 quis
1617 3009 1710 3072 sis,
1745 3018 1800 3061 tu
1827 3026 1878 3063 es
1907 3008 2137 3065 Sanctus

2235 626 2617 695 γινώσκεσθαι,
2659 627 2907 697 καθάπερ
2940 626 3030 679 καὶ
3072 626 3260 679 ἐπάνω
3302 626 3572 679 λέλεκται.
3615 626 3679 678 El
3713 626 3813 695 μὶν

2236 716 2327 773 οὖν
2370 719 2439 773 τὰ
2488 720 2623 791 ἔργα
2672 720 2744 791 μή
2803 719 2953 782 ἐστι,
3002 718 3182 781 καλῶς
3239 716 3317 787 τῷ
3372 717 3447 789 μὴ
3496 716 3813 787 φαινομένῳ

2235 811 2579 865 ἀπιστοῦσιν·
2612 813 2660 864 εί
2694 811 2751 864 δὲ
2791 809 2858 864 τὰ
2895 811 3030 883 ἔργα
3066 810 3166 881 βοᾷ
3197 810 3290 863 καὶ
3342 810 3615 864 δείκνυσιν
3654 810 3814 882 ἐναρ-

2234 903 2366 973 γῶς,
2407 903 2495 956 διά
2537 902 2587 956 τί
2636 904 2849 967 ἑκόντες
2883 902 3169 974 ἀρνοῦνται
3202 902 3299 973 τὴν
3327 902 3429 973 τῆς
3458 902 3813 967 ἀναστάσεως

2235 994 2375 1050 οὑτω
2430 994 2676 1065 φανερῶς
2732 994 2916 1065 ζωήν;
2976 995 3038 1047 Εἰ
3096 994 3204 1065 γὰρ
3270 995 3363 1047 καὶ
3416 995 3517 1065 τὴν
3567 995 3814 1048 διάνοιαν

2236 1084 2616 1157 ἐπηρώθησαν,
2646 1085 2779 1139 ἀλλά
2814 1086 2915 1138 κᾶν
2942 1087 3057 1149 ταῖς
3085 1084 3284 1149 ἔξωθεν
3317 1085 3631 1156 αἰσθήσεσιν
3679 1085 3815 1156 ὁρᾷν

2236 1179 2351 1231 ἐστι
2379 1179 2478 1249 τὴν
2504 1179 2829 1251 ἀντίρρητον
2856 1176 2948 1231 τοῦ
2978 1177 3215 1249 Χριστοῦ
3249 1177 3473 1247 δύναμιν
3499 1178 3596 1230 καὶ
3621 1176 3816 1248 θεότη-

2234 1289 2301 1325 τα
2324 1290 2337 1302 ·
2373 1272 2495 1324 ἐπεὶ
2519 1272 2610 1325 καί
2638 1271 2854 1340 τυφλὸς,
2890 1270 2982 1324 ἐὰν
3018 1270 3091 1341 μὴ
3142 1270 3311 1343 βλέπῃ
3353 1271 3441 1324 τὸν
3466 1271 3641 1341 ἥλιον,
3677 1269 3815 1323 ἀλλά

2236 1360 2336 1414 κᾶν
2367 1360 2478 1432 (85)
2512 1362 2608 1433 τῆς
2640 1362 2730 1416 ὑπ’
2764 1360 2925 1415 αὑτοῦ
2960 1362 3251 1432 γινομένης
3295 1361 3505 1432 θέρμης
3546 1360 3816 1432 ἀντιλαμ-

2235 1454 2549 1525 ϐανόμενος,
2575 1450 2736 1519 οἶδεν,
2765 1456 2846 1508 ὅτι
2874 1454 3021 1524 ἧλιος
3048 1455 3187 1525 ὑπὲρ
3214 1453 3318 1523 γῆς
3341 1455 3509 1506 ἐστιν.
3533 1453 3693 1507 Οὕτω
3717 1454 3816 1507 καὶ

2235 1547 2283 1598 οἱ
2331 1546 2722 1615 ἀντιλέγοντες,
2759 1548 2806 1599 εἰ
2853 1547 2946 1600 καὶ¹
2996 1546 3165 1617 μήπω
3210 1544 3578 1601 πιστεύουσιν.
3628 1544 3816 1615 ἀκμὴν

2235 1638 2635 1707 τυφλώττοντες
2678 1638 2805 1709 περὶ
2839 1640 2938 1709 τὴν
2969 1637 3248 1707 ἀλήθειαν,
3296 1637 3431 1689 ἀλλά
3473 1636 3577 1689 κᾶν
3609 1637 3817 1707 ἑτέρων

2236 1728 2593 1780 πιστευόντων
2624 1725 2978 1794 γινώσκοντες
3025 1726 3123 1797 τὴν
3142 1725 3387 1796 δύναμιν,
3411 1725 3484 1797 μὴ
3512 1726 3817 1796 ἀρνείσθω-

2238 1837 2336 1873 σαν
2379 1820 2477 1890 τὴν
2506 1818 2599 1872 τοῦ
2638 1817 2871 1891 Χριστοῦ
2916 1818 3161 1888 θεότητι,
3213 1818 3308 1871 καὶ
3354 1818 3453 1889 τὴν
3502 1818 3596 1871 ὑπ’
3646 1818 3817 1872 αὑτοῦ

2241 1912 2532 1981 γενομένην
2566 1910 2876 1963 ἀνάστασιν.
2911 1909 3073 1981 Δῆλον
3097 1908 3225 1981 γὰρ,
3248 1911 3349 1973 ὅτι,
3368 1911 3415 1962 εί
3447 1909 3643 1980 νεκρός
3667 1912 3818 1963 ἐστιν

2239 2004 2266 2054 ὁ
2292 2002 2541 2072 Χριστὸς,
2570 2002 2670 2053 οὑκ
2701 2000 2765 2054 ἂν
2797 2001 2921 2064 τοὺς
2953 2002 3213 2072 δαίμονας
3244 2002 3455 2062 ἐδίωκε,
3503 2002 3601 2055 καί⁵
3628 2001 3697 2054 τὰ
3734 2001 3802 2053 εἶ-

2239 2094 2383 2148 δωλα
2433 2093 2721 2147 ἐσκύλευε·
2782 2094 2960 2164 νεκρῷ
2998 2093 3106 2165 γάρ
3148 2096 3247 2147 οὑκ
3290 2094 3357 2147 ἂν
3400 2094 3725 2164 ὑπήκουσαν
3766 2093 3819 2146 οί

2238 2186 2506 2256 δαίμονες.
2539 2188 2601 2238 Εἰ
2629 2185 2687 2238 δὲ
2719 2184 3003 2239 διώκονται
3031 2186 3276 2257 φανερῶς
3300 2188 3365 2256 τῇ
3396 2186 3589 2238 τούτου
3611 2185 3819 2257 ὀνομα-

2242 2274 2349 2345 σίᾳ,
2384 2275 2542 2345 δῆλον
2571 2274 2636 2329 ἂν
2669 2277 2753 2343 εἵη
2800 2276 2872 2346 μὴ
2919 2271 3057 2330 εἶναι
3088 2275 3275 2329 τοῦτον
3305 2278 3520 2348 νεκρὸν,
3556 2279 3819 2348 μάλιστα,

2239 2368 2318 2419 ὅτι
2345 2366 2615 2438 δαίμονες,
2652 2368 2841 2421 καὶτὰ
2883 2366 2958 2439 μὴ
2999 2367 3301 2439 βλεπόμενα
3342 2371 3454 2432 τοῖς
3502 2366 3820 2441 ἀνθρώποις

2239 2458 2492 2530 ὁρῶντες,
2525 2458 2785 2526 ἠδύναντο
2818 2457 3105 2527 γινώσκειν
3128 2444 3239 2529 (84)
3269 2460 3319 2510 εί
3364 2460 3561 2530 νεκρός
3607 2464 3756 2514 ἐστιν
3790 2464 3829 2529 ὁ,

2240 2551 2492 2622 Χριστὸς,
2521 2551 2614 2604 καὶ
2644 2550 2885 2621 μηδόλως
2920 2550 3214 2604 ὑπακούειν
3246 2551 3411 2622 αὐτῷ.
3444 2552 3561 2605 Νῦν
3587 2555 3647 2607 δέ
3681 2555 3710 2607 ὁ
3742 2555 3819 2625 μὴ

2241 2642 2582 2695 πιστεύουσιν
2631 2640 2867 2705 ἀσεϐεῖς,
2905 2640 3103 2712 ὁρῶσιν
3140 2643 3188 2694 οἱ
3239 2642 3511 2711 δαίμονες,
3563 2644 3649 2696 ὅτι
3685 2644 3821 2708 Θεός

2238 2735 2371 2795 ἐστι,
2395 2735 2487 2787 καὶ
2505 2734 2593 2787 διὰ
2617 2733 2775 2787 τοῦτο
2801 2732 3057 2802 φεύγουσι
3090 2733 3182 2787 καὶ
3210 2733 3646 2804 προσπίπτουσιν
3672 2734 3821 2805 αὐτῷ

2238 2826 2484 2894 λέγοντες
2517 2827 2651 2899 (85),
2689 2826 2724 2880 ἃ
2760 2826 2853 2879 καὶ
2886 2826 2975 2879 ὅτε
3002 2821 3070 2898 ἦν
3108 2829 3164 2880 ἐν
3195 2826 3406 2899 σώματι
3430 2827 3817 2898 -ὲφθέιγξανταο

2242 2921 2498 2990 Οἵδαμέν
2532 2936 2606 2973 σε
2634 2920 2725 2985 τίς
2756 2916 2835 2971 εἴ·
2865 2918 2946 2971 σὺ
2990 2915 3050 2971 εἷ
3072 2923 3103 2973 ό
3132 2919 3296 2989 ἅγιος
3329 2920 3437 2974 τοῦ
3472 2920 3626 2974 Θεοῦ
3645 2940 3660 2952 ο
3700 2922 3818 2985 καὶ,

2242 3015 2372 3079 Ἔα,
2404 3016 2459 3067 τι
2481 3012 2579 3065 σοὶ
2609 3013 2707 3066 καὶ
2738 3011 2902 3079 ἡμῖν,
2942 3010 3037 3065 Υἱὲ
3068 3012 3173 3065 τοῦ
3215 3012 3396 3075 Θεοῦ;
3425 3012 3645 3082 Δέομαί
3676 3029 3819 3080 σου,

571 3101 669 3155 Dei
689 3101 756 3153 ⁷⁷.
781 3100 845 3153 Et
870 3118 883 3153 :
912 3098 1055 3165 Siue,
1073 3099 1199 3169 quid
1225 3100 1316 3151 libi
1338 3108 1389 3153 et
1415 3100 1580 3165 nobis,
1608 3098 1719 3153 Fili
1748 3100 1839 3153 Dei
1864 3103 1889 3157 1
1911 3100 2135 3156 Obsecro

2238 3106 2315 3175 μή
2344 3123 2419 3175 με
2443 3104 2815 3172 βασανίσῃς.
2857 3103 3135 3173 Δαιμόνων
3178 3103 3358 3157 τοίνυν
3408 3104 3822 3175 ὁμολογούντων

572 3201 640 3257 te,
670 3209 834 3246 neme
863 3191 1187 3261 torqueas".
1216 3190 1532 3246 Fateutibus
1565 3192 1745 3261 itaque
1777 3192 2130 3258 daemonibus,

2238 3198 2332 3251 καὶ
2361 3197 2468 3250 τῶν
2500 3196 2676 3268 ἔργων
2702 3196 2969 3266 ὁσημέραι
2997 3195 3436 3267 μαρτυρούντων,
3479 3198 3714 3269 φανερὸν
3753 3198 3822 3251 ἂν

573 3285 838 3353 factisque
868 3284 1108 3353 quotidie
1141 3283 1464 3338 testantibus
1492 3323 1507 3344 ι
1541 3283 1716 3340 nullus
1762 3284 1873 3354 jam
1919 3287 2133 3341 veritati

2238 3288 2345 3361 εἴη,
2377 3290 2472 3342 καὶ
2511 3289 2700 3359 μηδεὶς
2733 3286 3097 3341 ἀναιδευέσθω
3131 3288 3265 3360 πρὸς
3295 3288 3391 3359 τὴν
3426 3288 3710 3359 ἀλήθειαν,
3737 3291 3820 3343 ὅτι

572 3378 911 3446 impudenter
951 3375 1190 3437 resistat,
1223 3376 1317 3429 sed
1369 3389 1553 3428 omnes
1582 3377 1691 3441 fpro
1715 3387 1865 3434 certo
1903 3379 2137 3435 habeant

573 3468 907 3523 Salvatorem
959 3479 1155 3534 corpus
1206 3479 1362 3518 suum
1394 3465 1796 3532 exsuscitasse,
1839 3474 1893 3521 et
1948 3483 2134 3523 verum

571 3572 692 3612 esse
719 3555 918 3610 Filium
952 3556 1065 3618 Dei,
1093 3571 1157 3610 ex
1187 3570 1293 3624 quo
1323 3554 1573 3608 videlicet
1606 3564 1861 3624 tanquam
1890 3573 1954 3612 ex
1978 3557 2137 3616 Patre

572 3643 847 3714 proprium
875 3643 1107 3697 Verbum
1132 3682 1148 3707 ,
1187 3642 1449 3711 sapientia
1479 3652 1534 3697 et
1560 3644 1730 3701 virtus
1756 3646 1966 3703 exsistit
1992 3690 2008 3709 ,
2045 3650 2135 3720 qui

576 3743 789 3805 postea,
858 3732 1049 3787 salutis
1101 3734 1347 3795 omnium
1400 3747 1561 3787 causa
1591 3749 1814 3805 corpore
1842 3750 2134 3807 assumpto,

573 3824 753 3879 Patris
783 3820 1093 3892 cognitione
1151 3823 1406 3877 mundum
1469 3826 1774 3879 universum
1830 3828 2134 3894 illustravit,

574 3924 807 3969 mortem
855 3912 1162 3978 destruxit,
1203 3926 1363 3983 atque
1406 3917 1652 3971 omnibus
1679 3957 1693 3981 ,
1727 3921 2137 3977 resurrectionis

574 4004 936 4072 promissione
960 4043 975 4067 ,
1015 4014 1073 4057 ut
1132 4004 1430 4075 incorrupti
1486 4019 1665 4064 essent
1693 4010 1944 4078 donavit,
1983 4014 2136 4082 cujus

575 4095 839 4165 primitias
888 4095 1161 4164 proprium
1215 4110 1411 4164 corpus
1472 4112 1501 4151 e
1555 4104 1783 4155 mortuis
1841 4106 2134 4171 excitavit,

574 4187 714 4256 quod
741 4198 793 4242 et
822 4188 1112 4256 trophazum
1143 4189 1209 4242 de
1230 4197 1401 4243 morte
1424 4200 1475 4245 et
1523 4191 1640 4261 ejus
1660 4195 2028 4265 corruptione,
2062 4199 2138 4253 si-

576 4295 684 4351 gno
712 4280 912 4346 crucis,
940 4278 1204 4335 exhibuit.

642 4374 731 4429 55.
766 4372 899 4429 Cum
934 4390 1094 4444 porro
1134 4391 1221 4431 res
1258 4375 1327 4430 ita
1363 4390 1420 4430 se
1461 4375 1733 4441 habeant,
1768 4376 2138 4435 manifestum-

570 4479 676 4533 que
727 4465 798 4519 sit
836 4480 1032 4535 corpus
1080 4467 1289 4524 Domini
1343 4468 1705 4523 resurrexisse
1733 4480 1787 4523 et
1817 4480 2044 4526 mortem
2096 4487 2128 4527 a

2235 3398 2294 3434 τε
2325 3380 2585 3449 ἀνέστησε
2614 3379 2674 3431 τὸ
2709 3377 2901 3432 ἐαυτοῦ
2937 3379 3093 3448 σῶμα
3121 3379 3148 3431 ὁ
3179 3378 3387 3449 Σωτὴρ,
3420 3381 3517 3433 καὶ
3560 3381 3644 3433 ὅτι
3681 3380 3820 3434 Θεοῦ

2235 3473 2363 3536 Υἱός
2396 3473 2541 3525 ἐστιν
2572 3470 2839 3541 ἀληθινὸς,
2872 3470 2932 3536 ἐξ
2962 3470 3125 3523 αὑτοῦ
3152 3464 3238 3523 οἶα
3263 3470 3326 3541 δὴ
3356 3473 3420 3525 ἐκ
3442 3473 3660 3543 Πατρδς
3689 3473 3821 3537 ἴδιος

2234 3566 2406 3633 Λόγος
2439 3565 2532 3617 καὶ
2583 3564 2741 3632 σοφία
2784 3563 2878 3616 καὶ
2920 3562 3143 3633 δύναμις
3190 3562 3469 3632 ὑπάρχων,
3509 3562 3572 3626 ὃς
3605 3564 3823 3634 χρόνοις

2237 3655 2460 3726 ὕστερον
2494 3656 2584 3708 ἐπὶ
2620 3654 2860 3726 σωτηρίᾳ
2904 3653 3012 3707 τῶν
3053 3654 3267 3708 πάντων
3299 3654 3457 3706 ἔλασε
3502 3651 3688 3725 σῶμα,
3724 3654 3815 3709 κα)

2234 3745 2334 3815 τὴν
2382 3744 2482 3814 μὲν
2518 3743 2842 3814 οἰκουμένην
2890 3742 3017 3813 περὶ
3071 3742 3286 3813 Πατρὸς
3334 3742 3567 3809 ἐδίδαξε,
3616 3744 3711 3797 τὸν
3760 3744 3819 3797 δὲ

2238 3833 2466 3888 θάνατον
2500 3836 2833 3905 κατήργησε,
2872 3834 3005 3886 πᾶσι
3043 3833 3101 3887 δὲ
3141 3833 3240 3905 τὴν
3288 3832 3600 3904 ἀφθαρσίαν
3634 3835 3819 3906 ὲχαρὶ-
3850 3828 3855 3829 ν

2238 3942 2368 3978 σατο
2404 3924 2491 3978 διά
2517 3926 2615 3995 τῆς
2654 3924 2981 3993 ἐπαγγελίας
3022 3925 3121 3995 τῆς
3150 3925 3518 3989 ἀναστάσεως,
3558 3926 3817 3998 ἀπαρχὴν

2234 4018 2435 4089 ταύτης
2462 4018 2523 4070 τὸ
2552 4018 2681 4071 ἴδιον
2705 4018 2921 4088 ἐγείρας
2947 4018 3125 4089 σῶμα,
3149 4019 3243 4072 καὶ
3266 4018 3525 4090 τρόπαιον
3554 4019 3815 4091 αὑτὺ(86)

2238 4111 2377 4164 κατά
2405 4109 2499 4163 τοῦ
2546 4109 2772 4164 θανάτου
2805 4110 2900 4163 καὶ
2929 4110 3028 4181 τῆς
3074 4109 3261 4163 τούτου
3301 4110 3507 4182 φθορᾶς
3538 4110 3815 4177 ἐπιδειξά-

2239 4219 2396 4272 μενος
2419 4202 2494 4273 τῷ
2524 4202 2734 4272 σημείῳ
2761 4199 2853 4253 τοῦ
2886 4198 3116 4271 σταυροῦ

2308 4384 2393 4437 55.
2438 4379 2650 4435 Τούτων
2674 4381 2730 4434 δὲ
2758 4379 2929 4442 οὕτως
2962 4380 3211 4450 ἐχόντων,
3246 4382 3341 4435 καὶ
3370 4384 3621 4454 φανερᾶς.
3649 4383 3812 4453 οὔσης

2236 4473 2331 4544 τῆς
2359 4468 2681 4534 ἀποδείξεως
2718 4468 2844 4540 περὶ
2884 4468 2983 4539 τῆς
3028 4469 3375 4533 ἀναστάσεως
3408 4469 3504 4523 τοῦ
3536 4471 3812 4542 σώματος,

571 4556 852 4612 Salvatore
881 4556 1051 4613 fuisse
1081 4560 1367 4623 devictam,
1420 4575 1552 4628 age,
1584 4559 1887 4616 Judseorum
1918 4578 2135 4633 quoque

2239 4564 2332 4617 καὶ
2364 4562 2462 4633 τῆς
2495 4564 2635 4614 κατά
2676 4561 2770 4613 τοῦ
2802 4560 3028 4614 θανάτου
3066 4561 3386 4633 γενομένης,
3421 4563 3531 4617 ὑπὸ
3576 4564 3672 4617 τοῦ
3703 4565 3815 4617 Σω-

571 4647 942 4701 infidelitatem
972 4658 1027 4703 et
1055 4650 1294 4716 gentium
1319 4650 1616 4705 cachinnos
1645 4651 2014 4709 retundamus.
2038 4652 2138 4709 Hic

568 4738 711 4791 enim
740 4739 945 4807 pariter
976 4737 1142 4793 Judaei
1182 4755 1286 4793 non
1322 4741 1548 4795 credunt
1577 4749 1632 4795 et
1654 4742 1881 4811 gentiles
1934 4744 2134 4812 rident,

568 4829 658 4896 qui
694 4838 751 4883 et
775 4831 953 4883 crucis
1002 4845 1065 4884 ac
1120 4830 1213 4885 Dei
1245 4830 1403 4885 Verbi
1441 4831 1677 4886 hominis
1711 4822 1839 4887 facti
1873 4832 2133 4903 dedecus,

568 4931 629 4974 ut
660 4921 791 4990 ipsis
828 4923 1043 4989 quidem
1093 4926 1326 4986 videtur,
1352 4926 1727 4980 vehementius
1771 4927 2131 4986 insectantur.

570 5010 771 5065 Verum
808 5013 1051 5081 utrisque
1080 5030 1195 5069 mea
1242 5016 1487 5069 oratione
1520 5030 1807 5072 occurrere
1844 5019 1977 5075 nihil
2007 5037 2134 5087 gra-

567 5103 758 5168 vabor,
785 5104 1019 5158 maxime
1052 5118 1176 5160 cum
1199 5107 1460 5161 adversus
1486 5106 1606 5161 illos
1632 5109 1902 5165 evidentia
1934 5127 2133 5181 suppe-

570 5202 693 5248 tunt
745 5203 1087 5261 argumenta.
1131 5196 1410 5266 Siquidem
1460 5196 1632 5253 Judzei
1684 5214 1794 5255 non
1851 5204 2135 5260 credentes

637 5349 681 5379 "
723 5346 857 5404 Luc.
890 5364 967 5417 tv,
994 5350 1087 5405 54.
1174 5349 1222 5381 ⁷⁸
1250 5349 1419 5405 Marc.
1444 5365 1497 5417 ν,
1522 5350 1577 5404 7.

637 5500 749 5573 (83)
780 5500 1006 5573 Seguer.
1039 5502 1171 5573 xci.
1200 5502 1418 5557 Gobler.
1452 5512 1507 5558 et
1547 5502 1782 5559 Felckm.
1823 5504 1848 5558 i
1879 5519 1995 5571 an.,
2041 5506 2133 5558 καὶ

565 5582 617 5625 et
641 5571 742 5654 κάν
761 5571 1036 5654 onmittunl.
1232 5572 1482 5654 Se_gue_r.,
1510 5575 1826 5654 γενομένηςἶ

640 5640 749 5711 (84)
779 5640 869 5695 Sic
891 5641 1149 5715 Seg.__Alii
1172 5652 1225 5715 et
1245 5640 1373 5715 editi
1398 5640 1995 5715 hwcjverbaﬂédvawo
2045 5664 2132 5715 γι-

566 5706 796 5792 νώσκιειν
824 5706 1236 5792 ¹ροδιῖὶξριστός
1270 5713 1486 5792 habent.
1517 5714 1650 5768 Ibid.
1695 5706 1843 5784 διέβη
1892 5706 2070 5771 αὐτοῦ’
2085 5727 2137 5772 et

567 5780 633 5845 ti»
652 5780 759 5853 ubi
788 5780 881 5853 alii.
907 5790 964 5853 εει
994 5780 1144 5853 editi;
1172 5782 1319 5853 αὐτῷ
1349 5783 1471 5853 ειδ-

643 5848 754 5919 (85)
786 5848 1013 5905 Gobl.el
1036 5850 1183 5906 Felk.
1212 5852 1237 5905 1
1270 5848 1384 5919 am,
1410 5852 1497 5906 διὰ
1528 5850 1683 5906 τοῦτο
1714 5854 2021 5909 πιστεύουσι
2046 5856 2139 5910 καὶ

2238 4658 2402 4727 τῆρος
2444 4656 2617 4727 νίκης,
2644 4656 2795 4727 φέρε,
2832 4656 2924 4709 καὶ¹
2960 4654 3059 4725 τὴν
3101 4655 3359 4709 ἀπιστίαν
3390 4655 3501 4708 τῶν
3538 4658 3812 4712 Ἰουδαίων

2239 4751 2333 4803 καὶ
2374 4749 2473 4820 τὴν
2510 4747 2617 4801 τῶν
2686 4747 2949 4818 Ἐλλήνων
2999 4746 3195 4817 χλεύην
3240 4745 3622 4815 διελέγξωμεν.
3690 4747 3814 4799 Ἐπὶ

2237 4840 2444 4903 τούτοις
2469 4838 2577 4910 γὰρ
2604 4838 2732 4903 ἴσως
2773 4839 3012 4891 Ἰουδαῖοι
3054 4839 3150 4909 μὲν
3182 4838 3522 4905 ἀπιστοῦσιν,
3548 4838 3813 4910 Ἕλληνες
3854 4822 3871 4907 ι’

2238 4932 2294 4986 δὲ
2326 4930 2543 4999 γελῶσι,
2570 4929 2630 4982 τὸ
2658 4930 2901 5001 ἀπρεπὲς
2924 4928 3018 4982 τοῦ
3045 4928 3277 5001 σταυροῦ
3303 4930 3520 5001 καὶτῆς
3540 4930 3813 5001 ὲνανθρω-

2242 5024 2459 5094 πήσεως
2508 5021 2602 5075 τοῦ
2657 5020 2788 5074 Θεοῦ
2838 5021 3011 5089 Λόγου
3051 5020 3422 5092 διασύροντες·
3475 5021 3618 5075 ἀλλά
3671 5020 3813 5075 κατά

2238 5114 2559 5186 ἀμφοτέρων
2599 5116 2627 5167 ὁ
2665 5113 2821 5181 λόγος
2862 5113 2961 5166 οὑκ
2998 5114 3215 5185 ὀκνήσει
3260 5113 3533 5185 χωρῆσαι,
3576 5113 3809 5183 μάλιστα

2237 5208 2357 5259 κατ’
2391 5202 2568 5258 αὐτῶν
2591 5202 2689 5267 τὰς
2716 5203 3015 5269 ἀποδείξεις
3058 5204 3303 5273 ἐναργεῖς
3344 5201 3505 5272 ἔχων.
3570 5202 3809 5257 Ἰουδαῖοι

2234 5508 2494 5630 ἱριεύγουσι
2526 5508 2970 5592 ⁹προσπίπτοντες
3007 5508 3321 5596 λέγοντες...
3365 5510 3699 5595 ἐφθέγξαντο
3724 5516 3805 5569 τό.

2297 5578 2365 5630 id.
2401 5574 2452 5630 εῐ
2478 5595 2542 5647 συ
2579 5579 2731 5632 deest
2761 5595 2811 5633 In
2844 5582 2973 5633 edit.
3002 5581 3290 5643 Lummel.,
3317 5595 3416 5635 nec
3445 5582 3643 5647 legitur
3676 5584 3803 5639 Luc.

2238 5663 2311 5709 Iv,
2351 5647 2449 5712 54;
2478 5643 2529 5700 εἴ
2558 5648 2725 5701 semel
2758 5656 2960 5702 tantum
2989 5659 3070 5702 est
3110 5652 3160 5703 in
3196 5650 3353 5704 Gobi.
3401 5662 3458 5706 et
3498 5643 3740 5709 Felckm.
3776 5654 3799 5707 l

2238 5733 2328 5770 an.
2354 5721 2420 5787 At
2446 5717 2666 5787 Seguer.
2694 5716 2850 5787 h_:ibet
2888 5727 2945 5770 ut
2975 5718 3063 5773 hic
3089 5720 3303 5787 legitur.

2322 5786 2419 5857 :86)
2444 5785 2666 5844 Gobler.
2707 5785 3015 5846 Felckman.
3051 5790 3074 5843 ι
3115 5785 3273 5847 anon.
3310 5796 3366 5845 et
3405 5792 3658 5865 segnem
3704 5795 3800 5850 αὖ.

2239 5874 2315 5927 τῳ
