4006 6498
184 380 269 435 153
1164 376 1419 433 ORATIO
1458 376 1545 431 DE
1583 377 2096 436 INCARNATIONE
2134 380 2361 440 VERBL

3282 386 3387 441 154

182 491 263 560 μὲν
299 484 656 549 ἀπιστοῦντες
690 485 902 555 ἔχουσιν
936 486 1026 555 ἀφ’
1070 479 1145 538 ὧν
1177 485 1606 554 ἀναγινώσκουσι
1634 487 1727 539 καὶ

1832 487 2028 542 habent
2056 490 2195 543 unde
2224 491 2634 556 convincantur,
2665 490 2969 559 Scripturas
3012 492 3263 547 nimirum
3295 508 3385 547 sa-

179 580 307 634 αὐτοὶ
325 577 553 648 Γραφῶν
581 578 673 630 τὸν
700 578 914 648 ἔλεγχον
933 595 947 610 ·
971 580 1080 633 ἄνω
1109 578 1202 632 καὶ
1228 580 1396 641 κάτω,
1431 580 1523 632 καὶ
1547 579 1723 648 πάσης

180 670 340 733 ἁπλῶς
368 668 729 721 θεοπνεύστου
766 669 943 738 βίϐλου
971 670 1099 740 περὶ
1133 668 1335 722 τούτων
1363 667 1571 739 βοὼσης
1590 668 1722 737 (87),

182 764 242 826 ὡς
270 762 356 816 καὶ
386 761 525 814 αὐτὰ
556 760 624 813 τὰ
660 763 880 832 ῥήματα
909 761 1163 832 πρόδηλα.
1190 762 1471 833 Προφῆται.
1501 761 1598 831 μὲν
1620 761 1725 831 γὰρ

134 872 147 891 κ
183 855 358 910 ἀνωθεν
388 855 518 925 περὶ
548 853 642 907 τοῦ
675 855 822 909 κατὰ
860 854 959 926 τὴν
1003 855 1276 929 ῌαρθένον
1306 854 1600 925 θαύματος,
1634 854 1727 907 καὶ

183 946 263 1017 τῆς
288 947 342 1011 ἐξ
369 946 545 1015 αὐτῆς
581 946 879 1017 γενομένης
912 948 1213 1016 γεννήσεως
1246 948 1606 1017 προεμήνυον,
1636 945 1725 997 λέ-

185 1056 372 1107 γοντες·
414 1038 571 1093 Ἰδοὺ
598 1039 637 1107 ἡ
668 1037 962 1107 παρθένος
992 1038 1062 1091 ἐν
1090 1040 1297 1107 γαστρὶ
1334 1038 1456 1103 ἕξει
1494 1039 1592 1091 καὶ
1633 1038 1725 1090 τέ-

186 1132 321 1196 ξεται
353 1131 517 1184 υἱόν·
562 1132 664 1184 καὶ
697 1130 1027 1184 καλέσουσι
1059 1130 1125 1184 τὸ
1164 1130 1348 1199 ὄνομα
1374 1129 1557 1183 αὐτοῦ
1597 1130 1727 1197 Ἐμ-

181 1224 442 1293 μανουὴλ,
469 1222 505 1277 ὅ
529 1224 663 1277 ἐστι
689 1224 1298 1292 μεθερμηνευόμενον,
1322 1224 1450 1291 μεθ’
1485 1220 1651 1291 ἡμῶν
1692 1222 1725 1273 ό

186 1312 317 1377 Θεός.
354 1312 559 1381 Μωσῆς
585 1311 645 1364 δὲ
672 1311 783 1381 (88)
816 1314 843 1364 ὁ
872 1311 946 1382 τῷ
976 1310 1089 1363 bim
1120 1310 1309 1381 μέγας,
1347 1312 1441 1365 καὶ
1468 1309 1596 1380 παρ’
1628 1310 1724 1361 αὑ-

182 1404 268 1465 τοῖς
293 1401 680 1471 πιστευόμενος
720 1400 1111 1472 ἁληθὴς,περ“ι
1134 1400 1233 1469 τῆς
1265 1398 1725 1470 ὲνανθρωπήσεως

181 1492 253 1545 τοῦ
272 1494 511 1565 Σωτῆρος
541 1495 666 1549 ἀντὶ
705 1492 943 1563 μεγάλου
987 1491 1047 1544 τὸ
1079 1492 1240 1563 ῥητὸν
1278 1491 1603 1562 δοκιμάσας,
1634 1490 1727 1543 καὶ

182 1584 344 1655 ἀληθὲς
366 1586 628 1653 ἐπιγνοὺς
652 1584 821 1654 ἔθηκε
857 1583 1028 1651 λέγων
1045 1598 1059 1612 ·
1105 1583 1398 1636 Ἆνατελεῐ
1413 1581 1639 1649 ἄστρον
1657 1580 1725 1645 ἐξ

190 1676 378 1739 Ἰακὼϐ,
416 1675 516 1729 καὶ
564 1676 876 1745 ἄνθρωπος
904 1675 972 1739 ἐξ
1017 1673 1287 1741 Ἰσραὴλ,
1337 1673 1435 1727 καὶ
1484 1673 1726 1740 θραύσει

181 1766 290 1831 τοὺς
317 1765 621 1835 ἀρχηγοὺς
650 1763 833 1818 Manili
846 1780 859 1794 '
894 1763 987 1817 καὶ
1018 1758 1179 1817 πάλιν
1197 1779 1211 1792 ·
1253 1762 1348 1827 Ὠς
1394 1762 1569 1815 καλοί
1610 1775 1725 1815 σου

1828 593 1971 644 cras,
1998 594 2131 647 quas
2162 590 2217 633 et
2248 582 2346 649 ipsi
2390 581 2589 650 legunt.
2613 580 2992 650 Nantquelihri
3030 583 3138 637 Deo
3169 582 3386 638 amante

1826 670 2011 736 scripti
2049 670 2161 724 bme
2191 672 2390 739 passim
2428 673 2591 726 variis
2626 673 2676 726 in
2710 672 2845 727 locis
2881 674 3113 740 docent,
3143 677 3218 727 uti
3252 675 3384 743 ipsis

1824 762 2004 815 verbis
2050 763 2234 832 liquet.
2274 763 2552 832 Propheta:
2587 764 2802 832 quidem
2834 763 2945 833 jam
2983 766 3111 819 olim
3148 764 3387 836 Virginis

1824 860 1878 907 et
1934 852 2097 921 prolis
2152 868 2216 907 ex
2272 869 2333 908 ea
2391 854 2679 908 uasciturm
2718 856 3035 909 miraculum
3077 856 3161 911 his
3206 858 3387 911 verbis

1824 942 2122 1010 praedixere
2164 960 2177 996 :
2217 942 2350 996 Ecce
2384 945 2526 1013 virgo
2568 946 2621 997 in
2656 953 2805 997 utero
2834 945 3044 999 habebit
3073 987 3088 1010 ,
3134 957 3183 1000 et
3218 948 3388 1015 pariet

1824 1032 2013 1100 ﬁlium,
2046 1042 2094 1087 et
2123 1035 2375 1087 vocabunt
2404 1050 2586 1088 nomen
2618 1034 2732 1104 ejus
2769 1036 3102 1103 Emmanuel,
3133 1042 3269 1109 quod
3307 1054 3385 1098 est

1824 1122 2216 1191 interpretatum
2244 1164 2260 1187 ,
2294 1125 2563 1179 nobiscum
2608 1124 2749 1179 Deus
2772 1127 2839 1181 ³⁷⁸.
2882 1126 3141 1183 Similiter
3175 1128 3387 1202 Moyses

1824 1216 1910 1268 vir
1955 1231 2082 1270 vere
2110 1231 2354 1286 magnus,
2396 1234 2554 1286 quem
2589 1230 2643 1274 et
2676 1221 2775 1288 ipsi
2826 1236 3071 1276 veracem
3133 1226 3386 1291 credunt,

1824 1306 1966 1373 quod
2011 1306 2206 1360 dictum
2254 1318 2370 1362 erat
2399 1309 2463 1361 de
2491 1310 2725 1363 humana
2779 1320 2970 1363 natura
3025 1326 3055 1364 ιι
3101 1306 3391 1371 διιινιιιοιὸ

1826 1398 2168 1460 assumenda,
2208 1407 2467 1468 tanquam
2522 1415 2632 1454 rem
2671 1404 2847 1472 magni
2896 1405 3150 1458 momenti
3188 1420 3387 1474 expen-

1825 1488 1922 1551 dit,
1950 1489 2173 1557 ejusque
2206 1492 2475 1559 cognitam
2526 1492 2809 1546 veritatem
2854 1494 2925 1547 ita
2976 1494 3173 1551 litteris
3201 1498 3388 1553 cousi-

1824 1578 2041 1647 gnavit:
2078 1578 2292 1633 Orietur
2332 1582 2485 1635 stella
2513 1598 2579 1636 ex
2604 1582 2796 1648 Iacob,
2830 1594 2878 1637 et
2921 1584 3075 1639 homo
3102 1602 3167 1640 ea:
3184 1586 3383 1656 Israel,

1824 1680 1873 1724 et
1920 1672 2174 1739 percutiet
2200 1673 2355 1726 duces
2389 1670 2546 1726 Moab
2574 1674 2639 1728 ⁸⁰.
2666 1674 2730 1728 Ει
2785 1690 2972 1730 rursus
3012 1692 3025 1729 :
3056 1676 3225 1741 Quam
3268 1680 3387 1746 pul-

1826 1762 1964 1817 chrae
2004 1772 2108 1817 tua:
2145 1764 2351 1826 domus,
2378 1762 2543 1817 Jacob
2566 1782 2585 1829 ;
2625 1766 2963 1819 tabernacula
3003 1778 3128 1834 tua,
3170 1766 3386 1823 Israei!

181 1859 219 1907 cl
241 1832 420 1916 vixet;
440 1832 676 1919 ’Ῐακὼᾶ
710 1857 769 1908 al
802 1855 1023 1921 σκηναί
1064 1869 1202 1918 σου,
1250 1851 1527 1920 Ἰσραήλ]
1565 1852 1720 1907 Ὠσεὶ

1830 1852 1900 1906 Ut
1926 1853 2086 1907 valles
2112 1855 2389 1919 umbrosaz,
2411 1865 2457 1908 et
2488 1866 2541 1908 ut
2562 1856 2700 1909 horti
2728 1858 2885 1925 juxta
2915 1832 3124 1930 ﬂuvios,
3164 1872 3212 1913 et
3241 1872 3292 1912 ut
3314 1872 3391 1913 ta-

180 1947 326 2001 νάπαι
350 1946 734 2013 σκιάζουσαι,
780 1948 878 2001 καὶ
923 1947 1065 2001 ὡσεὶ
1108 1945 1457 2014 παράδεισοι
1495 1945 1591 1998 ἐπὶ
1622 1959 1726 1998 πο-

180 2037 356 2106 ταμῶν,
402 2039 506 2092 καὶ
555 2038 701 2092 ὡσεὶ
749 2036 987 2105 σκηναὶ,
1032 2035 1107 2103 ἃς
1142 2034 1373 2103 ἔπηξεν
1415 2038 1448 2087 ὁ
1485 2036 1723 2102 Κύριος,

177 2130 285 2182 ὡσεὶ
314 2130 514 2199 κέδροι
542 2129 679 2197 παρ’
727 2128 933 2181 ὕδατα.
976 2129 1383 2192 Ἐξελεύσεται
1414 2127 1723 2196 ἅνθρωπος

172 2220 224 2271 ἐκ
255 2219 348 2273 τοῦ
381 2220 741 2289 σπέρματος
788 2218 992 2284 αὐτοῦ,
1040 2219 1137 2272 καὶ
1184 2220 1482 2287 κυριεύσει
1532 2217 1723 2271 ἐθνῶν

171 2310 392 2365 πολλῶν.
456 2312 572 2365 Καὶ
602 2311 767 2365 πάλιν
825 2310 1078 2373 Ἡσαΐας·
1129 2311 1280 2377 Πρὶν
1329 2310 1369 2378 ἢ
1401 2310 1619 2378 γνῶναι
1658 2309 1724 2361 τὸ

172 2400 368 2455 παιδίον
405 2401 638 2455 καλεῖν
688 2398 916 2468 πατέρα
967 2400 1005 2468 ἢ
1042 2400 1287 2470 μητέρα,
1326 2401 1585 2470 λήψεται
1624 2400 1727 2454 δύο

172 2508 311 2560 γαμιν
325 2491 680 2562 Δαμασκοῦ,
708 2491 812 2544 καὶ
838 2491 909 2544 τὰ
940 2492 1141 2545 σκύλα
1166 2492 1495 2559 Σαμαρείας
1525 2490 1727 2544 ἔναντι

169 2583 446 2648 βασιλέως
480 2582 831 2651 Ἀσσυρίων.
862 2582 982 2636 ’Ότι
1006 2583 1103 2653 μὲν
1128 2578 1220 2635 οὖν
1248 2582 1529 2651 ἄνθρωπος
1552 2582 1725 2651 φανή-

176 2688 306 2735 σεται,
335 2675 435 2727 διὰ
465 2673 671 2727 τούτων
712 2673 1271 2745 προκαταγγέλλεται·
1307 2674 1390 2727 ὃτι
1421 2673 1479 2727 δὲ
1524 2672 1729 2743 Κύριος

172 2764 251 2815 τῶν
278 2766 505 2819 πάντων
548 2766 698 2819 ἐστὶν
741 2766 770 2816 ό
804 2765 1113 2836 ἐρχόμενος,
1152 2765 1310 2818 πάλιν
1357 2764 1727 2835 προμηνύουσι

172 2854 374 2923 λέγοντες
400 2875 418 2887 ·
466 2856 621 2910 Ἰδοὺ
660 2857 879 2922 Κύριος
908 2856 1151 2923 κάθηται
1177 2855 1275 2908 ἐπὶ
1304 2854 1563 2924 νεφέλης
1596 2856 1732 2907 κού-

170 2950 389 3013 mgna!
430 2948 565 3012 ἣξει
605 2950 697 3013 εις
741 2947 1063 3012 Αιγυπτον,
1096 2948 1193 2999 καὶ
1234 2946 1619 3012 σεισθήσεται
1658 2948 1730 2999 τὰ

1830 1944 2142 2008 bernacula,
2182 1962 2300 2015 qua:
2353 1947 2469 2015 ﬁxit
2515 1944 2810 2012 Dominus,
2852 1951 3005 2017 quasi
3056 1951 3198 2003 cedri
3242 1967 3388 2004 secus

1828 2052 2013 2105 aquas.
2046 2037 2356 2107 Egredietur
2388 2041 2541 2091 homo
2567 2054 2629 2092 ex
2652 2040 2843 2092 semine
2882 2039 3027 2108 ejus,
3065 2050 3113 2094 et
3150 2042 3390 2095 domina-

1828 2128 1966 2179 bitur
1996 2130 2048 2181 in
2088 2129 2266 2182 multis
2292 2128 2528 2198 gentibus
2558 2129 2623 2182 “.
2651 2128 2711 2182 Et
2748 2130 2939 2184 iterum
2978 2130 3143 2186 Isaias
3188 2150 3202 2188 :
3233 2134 3388 2185 Ante-

1825 2235 1980 2289 quam
2022 2220 2153 2272 sciat
2188 2236 2315 2287 puer
2351 2235 2535 2274 vocare
2562 2232 2759 2289 patrem
2795 2220 2870 2274 vel
2906 2234 3148 2287 matrem,
3186 2224 3387 2292 auferet

1826 2312 2187 2390 fortitudinem
2212 2310 2475 2378 Damasci,
2496 2321 2542 2365 et
2572 2312 2741 2380 spolia
2766 2310 3029 2366 Samarite
3064 2330 3241 2367 coram
3274 2332 3390 2381 rege

1825 2403 2161 2471 Assyriorum
2182 2401 2251 2454 ⁸¹.
2299 2403 2449 2468 Quod
2502 2416 2630 2471 ergo
2672 2402 2832 2456 hoino
2871 2401 3082 2457 futurus
3140 2406 3251 2469 sit,
3305 2406 3389 2459 his

1824 2488 2215 2563 praenuntiatur
2242 2512 2257 2551 :
2285 2495 2427 2564 quod
2452 2505 2629 2550 autem
2676 2496 2722 2550 is
2748 2497 2839 2565 qui
2871 2496 3016 2550 venit
3045 2496 3299 2550 Dominus
3319 2498 3391 2551 sit

1827 2588 2087 2649 omnium,
2114 2588 2391 2655 sequentia
2427 2596 2840 2657 praemonstrant
2890 2590 3049 2642 verha
3076 2606 3090 2642 :
3121 2588 3252 2643 Ecce
3284 2589 3392 2643 Do-

1828 2680 2001 2731 minus
2041 2680 2177 2731 sedet
2220 2679 2274 2733 in
2306 2681 2437 2733 nube
2461 2680 2584 2744 levi,
2615 2689 2664 2733 et
2690 2682 2854 2733 veniet
2885 2681 2939 2733 in
2971 2679 3286 2750 AZgyptum,
3340 2691 3389 2734 et

1829 2770 2186 2822 concutienlur
2220 2771 2500 2823 simulacra
2520 2771 2739 2841 zEgypti
2761 2773 2827 2823 ⁸³.
2851 2770 2979 2824 Nam
3008 2783 3063 2825 et
3094 2773 3216 2826 inde
3241 2773 3388 2825 illum

1830 2854 1991 2909 Pater
2041 2868 2255 2912 revocat
2301 2858 2489 2913 dicens
2518 2875 2532 2912 :
2566 2857 2651 2912 Ea:
2685 2858 2920 2930 zEgyuto
2969 2863 3146 2915 vocavi
3187 2859 3389 2914 Filium

1830 2963 1999 3000 meum
2021 2947 2089 3001 “.

172 3048 525 3112 χειροποίητα
558 3045 883 3113 Αἰγύπτου.
932 3045 1040 3096 Καὶ
1075 3043 1183 3114 γὰρ
1212 3042 1465 3097 κακεῖθεν
1508 3042 1668 3096 αὑτὸν
1692 3043 1721 3094 ὁ
1760 3043 1949 3115 Πατὴρ
1981 3044 2243 3099 ἀνακαλεῖ
2296 3044 2468 3114 λέγων
2489 3060 2502 3075 ·
2563 3045 2665 3110 Ἐξ
2680 3046 2979 3113 Αἰγύπτου
3001 3044 3262 3100 ἐκάλεσα
3286 3046 3391 3099 τὸν

176 3136 282 3190 libr
304 3154 454 3204 μου.

220 3222 295 3283 54.
339 3231 425 3285 Οὐ
479 3226 821 3298 σεσιώπηται
870 3228 926 3282 δὲ
972 3230 1093 3283 οὐδὲ
1146 3232 1175 3283 ό
1222 3229 1412 3283 τούτου
1457 3229 1720 3293 Θάνατος·

1896 3230 2000 3302 61
2032 3227 2120 3283 54.
2156 3226 2341 3298 Neque
2366 3227 2529 3281 etiam
2556 3240 2699 3281 mors
2741 3225 2857 3296 ejus
2881 3225 2977 3280 fuit
3005 3224 3222 3280 silentio
3252 3242 3389 3295 prae-

170 3320 274 3372 tua
312 3324 413 3375 καὶ
450 3321 571 3376 λίαν
604 3322 889 3393 τηλαυγῶς
934 3324 991 3374 ὲν
1036 3325 1153 3385 ταῖς
1184 3320 1355 3384 θείαις
1406 3320 1728 3391 σημαίνεται

172 3414 409 3483 Γῳφαίς·
461 3415 559 3466 καὶ
594 3414 705 3484 γὰρ
740 3414 835 3465 val.
866 3412 962 3483 τὴν
994 3411 1171 3466 αἰτίαν
1216 3412 1310 3464 τοῦ
1359 3410 1610 3473 Θανάτου,
1648 3410 1729 3462 ὃτι.

172 3508 228 3576 μὴ
250 3508 308 3559 δι’
336 3507 558 3569 ἑαυτὸν,
595 3506 711 3560 ἀλλ’
740 3506 877 3576 ὑπὲρ
922 3505 1017 3576 τῆς
1064 3504 1277 3558 πάντων
1304 3502 1599 3565 ἀθανασίας
1638 3502 1731 3554 καὶ

170 3600 423 3669 σωτηρίας
449 3599 739 3668 ὑπομένει,
765 3598 860 3649 καὶ
885 3597 980 3667 τὴν
1017 3595 1281 3648 Ἰουδαίων
1308 3592 1614 3664 ἐπιϐουλὴν,
1636 3593 1731 3646 καὶ

170 3689 248 3752 τὰς
285 3694 364 3754 εἰς
422 3690 588 3744 αὑτὸν
632 3689 923 3759 γινομένας
979 3690 1109 3758 παρ’
1159 3687 1337 3740 αὐτῶν
1388 3686 1573 3758 ὕϐρεις
1631 3687 1731 3739 οὐκ

171 3781 491 3852 ὲψοδήθησαν
531 3784 727 3843 εἰπεῖν,
764 3782 900 3851 πρὸς
933 3780 994 3833 τὸ
1020 3780 1221 3851 μηδένα
1252 3780 1427 3834 αὐτῶν
1454 3781 1562 3833 τῶν
1587 3796 1732 3847 γινο-

173 3888 324 3940 μενων
352 3876 589 3945 ἀνήκοον
628 3870 768 3926 εἶναι
815 3874 908 3945 καὶ
957 3872 1308 3943 πλανηθῆναι.
1345 3873 1481 3925 Φασὶ
1519 3870 1726 3925 τοίνυν·

175 3942 489 4034 Ἀνθρωπος
516 3965 587 4017 ὲν
623 3961 829 4032 πληγῇ
857 3942 959 4029 ὧν,
989 3962 1085 4016 καὶ
1126 3960 1295 4027 εἰδὼς
1321 3961 1521 4029 φέρειν
1543 3964 1733 4029 μαλα-

172 4056 308 4118 ttlor,
340 4057 430 4109 ὅτι
458 4055 876 4122 ἀπέστραπται
907 4054 971 4107 τὸ
1004 4056 1327 4121 πρόσωπον
1351 4052 1557 4115 αὐτοῦ,
1605 4055 1730 4119 ἠτι-

170 4149 368 4217 μάσθη,
410 4149 511 4202 καὶ
552 4150 664 4201 οὐκ
704 4146 1009 4215 ἐλογίσθη.
1046 4142 1234 4210 Οὗτος
1266 4146 1376 4213 (89)
1411 4144 1519 4209 τὰς
1552 4145 1733 4211 ἀμαρ-

172 4243 281 4307 τίας
322 4240 495 4310 ἡμῶν
528 4239 711 4308 φέρει,
764 4238 861 4290 καὶ
908 4237 1041 4305 περὶ
1083 4235 1252 4305 ἡμῶν
1292 4236 1605 4291 όδυνᾶται·
1634 4235 1733 4288 καὶ

175 4333 320 4401 ἡμεῖς
349 4331 755 4403 ἐλογισάμεθα
784 4329 968 4383 αὐτὸν
1010 4326 1161 4381 εἶναι
1192 4329 1263 4381 ἐν
1302 4330 1484 4393 πότῳ,
1527 4328 1621 4381 καὶ
1665 4328 1734 4379 ἐν

176 4424 373 4495 πληγῇ,
406 4424 508 4477 καὶ
537 4424 607 4476 ἐν
644 4421 933 4475 κακώσει·
974 4419 1155 4485 αὐτὸς
1188 4419 1256 4472 δὲ
1298 4420 1731 4488 ἐτραυματίσθη

175 4512 256 4567 διὰ
291 4518 392 4582 τὰς
439 4514 732 4584 ἁμαρτίας
778 4510 965 4581 ἡμῶν,
1007 4512 1105 4565 καὶ
1158 4510 1594 4580 μεμαλάκισται
1637 4510 1735 4562 διὰ

1830 3328 2100 3383 tertnissa,
2137 3320 2231 3375 sed
2269 3319 2418 3373 valde
2447 3328 2632 3387 aperte
2664 3318 2715 3371 in
2749 3318 2945 3371 divinis
2982 3314 3278 3385 Scripturis
3304 3319 3386 3371 in-

1828 3415 2007 3467 dicata
2040 3422 2141 3468 est.
2172 3410 2412 3479 Namque
2437 3419 2495 3464 et
2524 3425 2741 3464 causam
2773 3409 2984 3475 mortis,
3019 3408 3161 3477 quod
3184 3408 3391 3462 scilicet

1832 3522 1937 3558 non
1970 3516 2187 3573 propter
2214 3503 2449 3573 seipsum
2477 3502 2569 3557 sed
2592 3516 2691 3571 pro
2714 3501 2951 3554 omnium
2990 3499 3391 3554 immortalitate

1830 3607 1885 3652 et
1910 3596 2081 3651 salute
2102 3610 2221 3649 eam
2257 3594 2596 3657 susunnerit,
2627 3602 2680 3646 et
2699 3590 3004 3645 Judmorutn
3033 3589 3259 3644 insidias
3287 3604 3387 3643 nec

1832 3703 1935 3742 non
1970 3686 2215 3756 injurias,
2237 3685 2437 3754 quibus
2459 3698 2582 3737 eum
2609 3681 2839 3735 all‘ecere
2860 3720 2875 3745 ,
2914 3692 3138 3733 narrare
3166 3692 3271 3731 non
3310 3694 3391 3732 re-

1832 3778 2210 3842 formidarunt,
2240 3786 2299 3829 ut
2330 3774 2577 3828 videlicet
2620 3785 2776 3827 nemo
2816 3769 2902 3825 bis
2937 3785 3041 3823 non
3066 3768 3269 3849 auditis
3299 3780 3407 3821 er-'

1831 3879 2009 3935 raret;
2041 3868 2119 3923 sic
2149 3882 2277 3937 ergo
2307 3867 2459 3919 aiunt
2486 3882 2499 3919 ι
2547 3863 2718 3917 Homo
2753 3864 2841 3933 qui
2885 3863 2939 3915 in
2970 3860 3176 3915 vulnere
3201 3869 3312 3925 est,
3341 3869 3393 3914 et

1829 3962 1926 4015 scit
1953 3962 2090 4030 ferre
2117 3960 2499 4027 infirmitatem,
2529 3956 2656 4026 quia
2697 3971 2908 4009 aversus
2945 3961 3021 4007 est
3047 3952 3217 4007 vultus
3255 3953 3393 4022 ejus,

1830 4056 2097 4123 despectus
2130 4062 2228 4116 est,
2279 4070 2369 4107 nec
2423 4060 2694 4119 reputatus
2742 4060 2816 4103 est
2855 4065 2873 4102 :
2905 4050 3012 4116 ipse
3044 4048 3143 4115 fert
3183 4058 3393 4114 peccata

1832 4156 2095 4209 nostra,et
2122 4161 2215 4213 pro
2240 4144 2386 4198 nobis
2412 4144 2589 4196 dolore
2619 4144 2880 4211 afficitur;
2903 4151 2951 4194 et
2972 4156 3065 4193 nos
3091 4141 3390 4205 putavimus

1830 4253 1945 4290 eum
1976 4252 2085 4290 esse
2110 4237 2164 4288 in
2186 4234 2384 4293 labore.
2410 4246 2455 4287 et
2481 4235 2536 4285 in
2556 4234 2787 4295 vulnere,
2818 4241 2863 4284 et
2890 4230 2943 4283 in
2970 4229 3260 4298 aﬂlictione.
3281 4227 3396 4293 Ipse

1832 4326 2132 4379 vulneratus
2187 4334 2265 4378 est
2299 4333 2509 4392 promer
2536 4332 2748 4385 peccata
2783 4330 2994 4381 nostra,
3032 4327 3077 4371 et
3111 4317 3395 4385 languidus

1833 4417 2002 4484 factus
2032 4425 2104 4467 est
2133 4425 2342 4481 propter
2378 4412 2683 4480 iniquitates
2706 4418 2914 4461 nostras
2942 4422 2959 4459 :
2983 4406 3263 4473 disciplina
3292 4422 3390 4471 pa-

1834 4510 1911 4561 cis
1934 4518 2127 4560 nostra:
2155 4519 2309 4572 super
2332 4518 2470 4556 eum.
2503 4500 2767 4555 Cicatrice
2814 4498 2928 4567 ejus
2962 4512 3053 4549 nos
3085 4496 3261 4549 sanati
3308 4511 3396 4547 su-

176 4605 266 4670 τὰς
306 4607 561 4676 ἀνομίας
613 4601 803 4672 ἡμῶν.
847 4603 1088 4657 Παιδεία
1133 4602 1376 4671 εἰρήνης
1419 4602 1588 4671 ἡμῶν
1640 4600 1728 4653 ἐπ’

1836 4617 1950 4654 mus
1978 4599 2046 4651 ⁸⁵.
2076 4596 2360 4648 Admirare
2385 4590 2542 4646 Verbi
2577 4604 2704 4657 erga
2740 4586 2986 4642 homines
3012 4599 3275 4651 amorem,
3306 4584 3395 4652 qni

178 4697 371 4759 αὐτὸν,
430 4695 510 4761 τῷ
551 4694 800 4764 μώλωπι
838 4694 1023 4747 αὐτοῦ
1057 4693 1225 4762 ἡμεῖς
1263 4695 1525 4761 ἱάθημεν.
1590 4692 1731 4745 Θαύ-

183 4788 298 4854 μαζε
322 4788 419 4859 τὴν
451 4785 547 4861 τοῦ
573 4786 746 4853 Λόγου
785 4784 1208 4856 φιλανθρωπίαν,
1240 4788 1321 4839 ὅτι
1352 4785 1417 4837 δι’
1446 4786 1591 4855 ἡμᾶς
1616 4785 1732 4835 ἀτι-

184 4881 409 4946 μάζεται,
446 4880 537 4933 ἵνα
562 4881 727 4949 ἡμεῖς
755 4877 866 4946 (90)
902 4876 1107 4947 ἔντιμοι
1154 4876 1455 4947 γενώμεθα.
1504 4874 1731 4942 Πάντες

180 4971 291 5037 γὰρ,
320 4973 504 5041 φησὶν,
544 4971 625 5034 ὠς
652 4970 914 5036 πρόϐατα
938 4966 1385 5036 ὲπλανήθημεν·
1422 4968 1729 5033 ἅνθρωπος

183 5057 243 5125 τῇ
267 5062 374 5127 ὀδῷ
405 5061 593 5115 αὐτοῦ
621 5058 960 5127 ἐπλανήθη·
998 5059 1093 5111 καὶ
1141 5060 1355 5126 Κύριος
1392 5057 1733 5126 παρέδωκεν

184 5153 343 5204 αὑτὸν
378 5152 509 5216 ταῖς
543 5150 860 5218 ἁμαρτίαις
898 5148 1097 5217 ἡμῶν·
1134 5148 1229 5201 καὶ
1279 5147 1481 5213 αὐτὸς,
1528 5147 1625 5200 διὰ
1668 5145 1733 5199 τὸ

242 5289 279 5320 ⁷⁹
314 5290 411 5349 Isa.
458 5305 556 5354 vn,
591 5288 697 5344 M;
734 5284 921 5337 Matth.
956 5300 995 5345 ι,
1023 5283 1118 5354 ‘25.
1208 5283 1254 5316 ⁸⁸
1279 5281 1436 5339 Num.
1466 5296 1615 5347 xxiv,
1644 5280 1732 5333 17.

185 5357 221 5387 ⁸⁸
244 5358 356 5416 Ose.
392 5378 469 5427 ιι,
502 5352 555 5415 1.
633 5358 682 5389 ⁸⁸
704 5355 806 5408 lsa.
830 5369 945 5419 LIII,
974 5352 1097 5407 3-5.

240 5500 339 5585 (8'7)
371 5502 593 5574 Seguer.
628 5498 853 5555 Gohler.
876 5506 948 5563 ,ει
978 5494 1212 5551 Felckm.
1261 5495 1286 5549 1
1348 5507 1535 5558 auom,
1576 5489 1727 5543 διδα-

182 5583 725 5712 Ὕέδῗὲυωθτίωιυε
772 5648 825 5712 et
853 5635 1199 5712 Felckmauui
1235 5635 1262 5687 1
1293 5648 1456 5689 anon.
1480 5672 1495 5697 ,
1527 5628 1731 5699 Μωσῆς

175 5706 221 5763 δέ
244 5706 421 5777 φησιν,
451 5711 671 5768 οιειιετίε
702 5707 939 5761 omissis.

248 5731 260 5748 ’
321 5731 421 5777 σιν,
451 5730 671 5768 canens
702 5730 939 5761 Ullltssls.

232 5730 335 5854 (ἐξ)
355 5786 612 5853 Seguer..
634 5777 817 5840 αὑτός.
838 5776 1048 5846 Anglic.
1066 5773 1225 5831 Basil.
1244 5771 1460 5830 Gobler.
1480 5782 1531 5829 et
1550 5769 1729 5826 Felck.

1837 4686 2154 4758 ignominia,
2184 4683 2351 4737 nostri
2386 4682 2584 4752 gratia,
2632 4678 2857 4734 allectus
2880 4687 2983 4741 est,
3013 4683 3071 4730 ut
3099 4676 3255 4730 nobis
3281 4675 3397 4745 glo-

1840 4784 1974 4835 riam
2003 4785 2361 4846 compararet.
2410 4773 2600 4827 Omnes
2646 4771 2783 4823 enim
2809 4808 2824 4833 ,
2854 4768 3046 4837 inquit,
3080 4768 3233 4838 quasi
3282 4782 3397 4820 oves

1834 4871 2143 4931 erravimus,
2174 4866 2323 4919 homo
2348 4866 2403 4917 in
2425 4865 2506 4916 via
2529 4878 2624 4915 sua
2655 4860 2849 4914 erravit
2881 4874 2899 4911 :
2923 4866 2971 4911 et
3005 4857 3257 4911 Dominus
3282 4865 3395 4909 tra-

1834 4959 1965 5012 didit
1993 4957 2160 5023 ipsum
2182 4954 2406 5019 peccatis
2437 4950 2650 5013 nostris,
2668 4959 2714 5003 et
2744 4949 2850 5016 ipse
2871 4948 2995 5017 quia
3025 4947 3274 5017 afﬂigitur
3292 4964 3394 5001 non

1833 5049 1999 5115 aperit
2031 5062 2087 5098 os
2111 5060 2283 5098 suum.
2323 5042 2596 5113 Tanquam
2630 5041 2738 5095 ovis
2766 5040 2833 5092 ad
2876 5037 3182 5093 occisionem
3208 5040 3395 5092 ductus

1836 5154 1932 5207 est,
1965 5152 2012 5195 et
2044 5143 2175 5193 sicut
2220 5155 2386 5207 agnus
2414 5153 2591 5191 coram
2620 5136 2863 5190 tonde1te
2895 5147 2950 5186 se
2977 5132 3089 5184 sine
3126 5145 3242 5183 voce
3274 5145 3292 5183 :
3326 5128 3399 5182 sic

1831 5278 1875 5310 ⁸¹
1900 5278 2028 5332 ibid.
2063 5277 2117 5341 5,
2144 5276 2200 5342 6,
2231 5277 2315 5333 l9.
2434 5278 2478 5311 ι’
2511 5276 2613 5333 Isa.
2638 5291 2757 5339 vus,
2802 5271 2858 5326 4.
2973 5270 3022 5302 ⁸³
3056 5266 3158 5324 lsa.
3191 5282 3306 5331 six.
3342 5269 3395 5322 1.

2434 5278 2478 5311 ⁸¹
2511 5276 2613 5333 Isa.
2638 5291 2757 5339 vut,
2802 5271 2858 5326 4.

1824 5488 1850 5542 1
1889 5501 2004 5549 an.,
2029 5484 2218 5547 αὐτάς.
2244 5483 2364 5537 Mox
2391 5482 2553 5538 Basil.
2584 5492 2635 5536 el
2661 5482 2867 5549 Anglic.
2898 5479 3038 5549 ὑπὲρ
3064 5476 3241 5548 ἡμῶν.
3259 5476 3396 5531 lbitl.

1824 5557 1921 5642 uel;
1942 5558 2101 5627 ἡμεῖς
2152 5559 2303 5609 abest
2334 5556 2401 5607 ab
2440 5553 2675 5623 Anglic,
2700 5562 2754 5605 et
2787 5567 2816 5603 a
2851 5549 3015 5604 Basil.
3048 5549 3159 5603 sola
3193 5561 3295 5600 vos
3337 5549 3400 5618 ή-

1831 5644 2012 5767 μεὶθθ)
2049 5694 2374 5767 Basiliensis,
2408 5693 2495 5767 ζνα
2523 5689 2813 5759 καὶὴμεῖς.
2841 5687 2983 5743 Idem
3028 5700 3127 5758 pro
3156 5684 3395 5758 ἐπλανή-

1830 5762 2001 5837 θημεν
2038 5766 2195 5821 habet
2224 5762 2597 5831 ἐλογίσθημεν.
