4006 6502
215 393 300 448 157
1202 388 1457 445 ORATIO
1496 388 1581 444 DE
1620 388 2133 445 INCARNATIONE
2168 387 2391 445 VERBI.

3314 387 3419 445 158

212 507 290 556 καὶ
328 501 513 556 Ἰακὼϐ
554 503 617 567 ἐξ
660 502 869 564 Ἰσαάκ;
914 504 1043 573 Οὐχὶ
1083 504 1281 568 Ἰούδας
1310 504 1369 568 ἐξ
1421 503 1633 567 Ἰακὼϐ,
1668 503 1750 557 καὶ

1858 504 2061 567 Achaz,
2092 503 2268 558 Josias
2296 518 2360 555 ex
2394 502 2579 565 Amos,
2625 498 2792 554 Isaias
2820 513 2886 554 ex
2930 499 3113 563 Amos,
3144 497 3419 555 'Jercmias

212 598 423 663 Μωῡσῆς
459 596 552 647 καὶ
591 595 801 666 Ἀαρὼν
846 594 902 658 ἐξ
943 596 1186 666 ’Λμεράμ
1226 596 1376 665 (98);
1410 598 1469 649 ού
1509 597 1758 667 Σαμουὴλ

212 686 286 738 τοῦ
321 687 545 739 Ἐλκανᾱὶ
584 687 829 755 γέγονεν,
859 687 917 740 οὐ
946 687 1106 739 Δαϐὶδ
1130 687 1224 740 τοῦ
1272 688 1486 753 Ἰεσσαὶ,
1513 689 1573 740 ού
1598 689 1758 741 Σολο-

215 777 309 845 μὼν
342 775 431 827 τοῦ
468 778 655 839 Δαϐὶδ,
698 779 798 831 ούκ
851 777 1091 840 Ἐζεκίας
1127 776 1220 829 τοῦ
1270 777 1456 847 Ἀχάζ,
1505 778 1604 831 οὐκ
1650 778 1760 830 Ἰω-

214 866 313 925 σίας
340 864 428 915 τοῦ
468 864 672 933 Ἀμὼς,
720 866 818 935 ούχ
869 867 1091 930 Ἡσαΐας
1128 865 1220 919 τοῦ
1271 866 1450 935 Ἀμὼς
1476 866 1607 937 (99),
1636 866 1755 936 οὐχὶ

219 952 457 1023 Ἱερεμίας
476 953 575 1005 τοῦ
604 956 855 1018 Χελκίου,
882 956 979 1009 οὐκ
1018 956 1272 1027 Ἰεζεκιὴλ
1305 957 1395 1009 τοῦ
1422 957 1579 1021 Βουζί
1604 973 1618 1021 ;
1644 958 1753 1026 Οὐχ

211 1044 408 1106 ἕκαστος
436 1044 560 1113 ἔσχε
586 1045 678 1097 τὸν
705 1046 915 1117 πατέρα
939 1047 1035 1117 τῆς
1061 1048 1325 1115 γενέσεως
1351 1048 1623 1118 άρχηγόν;
1658 1047 1753 1109 Τίς

210 1126 284 1184 οὖν
318 1132 343 1183 ὁ
375 1134 437 1183 ἐκ
478 1134 754 1204 παρθένου
809 1136 971 1205 μόνης
1012 1134 1279 1204 γεγονώς;
1331 1138 1451 1189 Ὅτι
1497 1139 1591 1189 καὶ
1636 1137 1753 1189 λίαν

210 1224 411 1294 ἐμέλησε
434 1223 513 1294 τῷ
552 1226 811 1297 προφήτῃ
840 1226 963 1296 περὶ
986 1227 1084 1297 τῆς
1114 1226 1302 1279 τούτου
1342 1228 1632 1297 σημασίας.
1660 1227 1753 1279 Τί-

210 1333 281 1378 νος
311 1315 361 1367 δὲ
398 1317 499 1386 τῆς
538 1318 811 1386 γενέσεως
841 1318 1172 1389 προέδραμεν
1198 1318 1370 1390 ἀστὴρ
1398 1321 1455 1371 ὲν
1484 1319 1749 1389 οὐρανοῖς,

210 1408 283 1457 καὶ
307 1407 390 1458 τὸν
416 1407 754 1477 γεννηθέντα
778 1410 1013 1479 ὲσήμανε
1053 1412 1118 1480 τῇ
1158 1410 1477 1481 οίκουμένῃ;
1509 1410 1749 1479 Μωῦσῆς

212 1497 290 1566 μὲν
322 1497 423 1567 γὰρ
471 1498 818 1569 γεννώμενος
866 1500 1162 1570 ἐκρύπτετο
1209 1501 1313 1553 ὑπὸ
1356 1501 1466 1553 τῶν
1512 1501 1746 1569 γονέων

209 1586 342 1639 Δαϐὶδ
369 1587 421 1639 δὲ
440 1588 566 1640 οὐδὲ
600 1592 719 1652 τοῖς
746 1590 809 1642 ἐκ
839 1590 1087 1657 γειτόνων
1114 1589 1377 1661 ἠκούσθη,
1410 1592 1606 1659 ὅπουγε
1631 1590 1751 1644 οὐδὲ

205 1680 229 1728 ό
254 1678 406 1747 μέγας
439 1680 704 1750 Σαμουὴλ
729 1680 888 1732 αὑτὸν
916 1681 1207 1749 ἐγίνωσκεν
1225 1723 1238 1746 ,
1264 1682 1378 1734 ἀλλ’
1406 1682 1751 1745 ἐπυνθάνετο,

1856 610 1918 648 ex
1948 593 2124 646 llelcia
2148 633 2163 655 ,
2194 593 2439 646 Ezechiel
2468 607 2533 645 ex
2577 590 2703 643 Buzi
2756 591 2968 658 genitus
3002 591 3125 645 est?
3170 592 3250 645 Au
3310 605 3417 644 non

1856 683 2049 752 singuli
2080 684 2159 737 sui
2190 694 2343 737 ortus
2375 693 2651 735 auctorem
2703 694 2910 751 patrem
2960 680 3240 736 habuere?
3286 681 3419 749 Quis

1854 787 1984 842 ergo
2017 788 2084 827 cx
2108 777 2219 826 sola
2252 772 2463 842 virgine
2502 780 2660 825 natus
2689 771 2817 825 est?
2861 770 3104 840 Namque
3150 772 3311 842 hujus
3340 770 3416 825 rei

1854 865 2065 933 signum
2125 878 2332 934 magna:
2374 878 2518 917 curae
2576 862 2677 917 fuit
2722 862 3018 931 prophetas.
3072 862 3236 931 Cujus
3290 863 3417 917 item

1854 954 2033 1023 partui
2068 954 2216 1008 sidus
2240 955 2291 1007 in
2323 954 2473 1008 ctelis
2507 954 2882 1022 prascucurrit,
2919 964 2975 1007 et
3001 961 3183 1007 natum
3213 953 3415 1006 mundo

1853 1045 2157 1099 indicavit?
2195 1043 2326 1097 Nam
2362 1043 2557 1114 Moysis
2586 1054 2764 1098 ortum
2799 1052 3056 1113 parentes
3079 1044 3414 1099 celaverunt.

1853 1134 2021 1189 David
2051 1141 2227 1189 autem
2264 1149 2330 1188 ne
2354 1135 2542 1188 vicinis
2570 1134 2785 1202 quidem
2822 1142 2981 1188 notus
3032 1144 3183 1199 erat,
3215 1135 3414 1204 quippe

1851 1241 2013 1295 quem
2052 1242 2149 1281 nec
2175 1242 2398 1296 magnus
2434 1226 2653 1281 Samuel
2684 1235 3073 1295 cognosceret,
3098 1228 3191 1281 sed
3221 1227 3418 1282 scisci-

1857 1318 2172 1373 tabatur'an
2215 1318 2351 1371 alius
2403 1330 2547 1373 esset
2580 1319 2717 1372 lilius
2759 1316 2950 1373 Jesse?
2988 1317 3260 1372 Abraham
3288 1332 3419 1373 vero

1851 1408 2073 1477 grandis
2122 1417 2325 1462 tantum
2382 1408 2554 1462 factus
2604 1408 2864 1478 proximis
2919 1411 3135 1477 agnitus
3190 1417 3293 1462 est.
3346 1410 3419 1461 At

1852 1499 2055 1555 Christi
2091 1501 2362 1555 nascentis
2407 1515 2509 1553 non
2562 1500 2723 1554 homo
2775 1500 2925 1568 testis
2953 1499 3085 1564 fuit,
3126 1500 3236 1561 sed
3284 1498 3418 1555 stel-

1854 1589 1905 1645 la
1949 1605 2069 1658 quae
2108 1591 2163 1646 in
2217 1592 2355 1646 ccelo
2401 1591 2542 1647 unde
2594 1602 2649 1647 et
2700 1594 2813 1663 ipse
2857 1593 3205 1648 descenderat
3247 1607 3419 1664 appa-

1856 1682 2013 1736 ruit.‘

207 1773 242 1822 εί
263 1772 330 1824 ἔτι
357 1772 510 1835 ἄλλος
554 1775 705 1826 ἐστὶν
738 1775 848 1837 υίὸς
870 1773 946 1845 τῷ
995 1776 1218 1840 Ἰεσσαί;
1262 1776 1508 1848 Ἀϐραὰμ
1538 1778 1594 1831 δὲ
1631 1776 1813 1831 λοιπὸν
1839 1775 2077 1845 γεγονὼς
2143 1777 2315 1847 μέγας
2376 1775 2622 1847 ἐγνώσθη
2685 1777 2795 1841 τοῖς
2838 1775 3025 1845 ἐγγύς.
3092 1778 3203 1849 Τῆς
3227 1777 3283 1831 δὲ
3326 1779 3421 1834 τοῦ

206 1864 404 1930 Χριστοῦ
429 1865 712 1931 γενέσεως
753 1866 958 1937 μάρτυς
986 1866 1084 1918 οὐκ
1112 1866 1413 1937 ἄνθρωπος,
1438 1868 1552 1921 ἀλλ’
1578 1867 1751 1940 ἀστὴρ
1789 1868 2108 1938 φαινόμενος
2144 1864 2211 1938 ἦν
2244 1870 2301 1922 ἐν
2334 1868 2567 1944 οὐρανῷ,
2594 1868 2713 1922 ὅθεν
2745 1869 2840 1922 καὶ
2870 1869 3207 1924 κατέϐαινεν.

257 1955 331 2009 56.
360 1956 455 2018 Τίς
502 1957 569 2009 δὲ
603 1956 825 2009 πώποτε
854 1956 962 2010 τῶν
998 1955 1300 2027 γενομένων
1332 1958 1593 2027 βασιλέων
1624 1962 1750 2031 πρὶν

1924 1960 2014 2014 56.
2047 1961 2181 2026 Quis
2211 1975 2447 2029 unquam
2492 1975 2675 2028 regum
2704 1998 2720 2026 ,
2752 1970 3040 2029 antequam
3091 1973 3299 2031 patrem
3334 1976 3402 2017 ve

207 2046 386 2115 ἰσχῦσαι
432 2047 632 2100 καλεῖν
667 2048 877 2119 πατέρα
936 2049 970 2119 ἢ
1022 2048 1233 2120 μητέρα
1276 2049 1622 2115 ἐϐασίλευσε,
1663 2053 1755 2105 καὶ

203 2136 403 2206 τρόπαια
437 2137 593 2191 κατὰ
622 2137 734 2190 τῶν
762 2136 970 2207 ἐχθρῶν
1008 2137 1261 2209 εἴληφεν;
1290 2138 1363 2192 Οὐ
1394 2139 1557 2190 Δαϐὶδ
1599 2157 1753 2210 τρια-

203 2229 459 2298 κονταετὴς
498 2227 846 2291 ἐϐασίλευσε,
896 2228 990 2280 καὶ
1040 2228 1287 2299 Σολομὼν
1344 2229 1462 2292 νέος
1519 2229 1755 2298 γεγονὼς

201 2315 556 2382 ἐϐασίλευσεν;
582 2319 699 2370 Οὐκ
740 2315 891 2380 Ἰώας
916 2317 1052 2371 ἐτῶν
1076 2318 1213 2371 ἑπτὰ
1233 2320 1518 2389 γενόμενος
1540 2320 1630 2373 ἐπὶ
1654 2321 1754 2393 τὴν

202 2407 442 2474 βασιλείαν
473 2407 757 2478 παρῆλθε,
786 2408 879 2459 καί⁵
900 2406 928 2457 ὁ
954 2407 1033 2461 ἔτι
1072 2408 1365 2478 κατωτέρω
1402 2409 1609 2473 Ἰωσίας
1652 2427 1753 2463 πε-

200 2496 420 2569 ρὶ(1)έτη
445 2496 703 2567 γεγονὼς
727 2496 865 2549 ἑπτὰ
884 2496 981 2567 τῆς
1001 2498 1172 2569 ἀρχῆς
1196 2497 1514 2551 ἀντελάϐετο
1538 2515 1552 2563 ;
1596 2498 1754 2553 Ἀλλὰ

199 2587 270 2637 καὶ
296 2588 434 2657 ὅμως
449 2581 610 2640 οὗτοι
626 2586 831 2657 ταύτην
850 2585 1072 2654 ἄγοντες
1092 2588 1191 2659 τὴν
1217 2588 1449 2658 ἡλικίαν,
1475 2589 1657 2659 ἴσχυον
1675 2590 1752 2662 (ἓ)

200 2678 352 2731 καλεῖν
378 2679 607 2749 πατέρα
635 2679 667 2748 ἢ
698 2679 926 2750 μητέρα.
956 2678 1051 2742 Τίς
1074 2675 1166 2731 οὖν
1193 2680 1300 2750 άρα
1331 2680 1476 2732 ἐστὶν
1515 2681 1543 2731 ὁ
1570 2682 1752 2750 σχεδὸν

198 2772 301 2843 πρὶν
320 2773 593 2839 γενέσεως
610 2770 928 2841 βασιλεύων,
942 2750 1045 2823 καί
1060 2770 1330 2823 σκυλεύων
1350 2772 1474 2833 τοὺς
1498 2771 1751 2840 ὲχθρούς;

198 2849 338 2926 Τίῖδὲ
358 2852 623 2926 τοιοῦτος
655 2863 843 2931 γέγονε
874 2862 1122 2932 βασιλεὺς
1146 2862 1202 2915 ἐν
1229 2860 1306 2932 τῷ
1343 2861 1553 2932 Ἰσραὴλ
1574 2863 1669 2917 καὶ
1696 2865 1754 2917 ὲν

194 2955 256 3024 τῷ
302 2956 496 3027 Ἰούδα,
544 2956 858 3022 λεγέτωσαν
913 2952 1153 3005 Ἰουδαῖοι
1200 2954 1247 3005 οἱ
1288 2952 1746 3024 διερευνήσαντες,

195 3046 261 3113 ἐφ’
284 3048 335 3100 ὃν
358 3049 431 3100 τὰ
458 3047 593 3116 ἔθνη
627 3047 804 3099 πάντα
830 3044 928 3114 τὴν
958 3043 1146 3096 ἐλπίδα
1171 3042 1439 3096 τέθεινται
1470 3044 1563 3096 καὶ
1607 3042 1755 3115 είρή-

194 3156 271 3209 νην
308 3138 454 3210 εἶχε;
507 3139 623 3191 Καὶ
676 3139 738 3191 ού
785 3137 982 3208 μᾶλλον
1034 3135 1375 3206 ἠναντιοῦντο
1422 3135 1751 3206 πανταχόθεν

194 3232 377 3296 αὺτοῖςς
430 3234 585 3295 Ἕως
626 3230 736 3301 γὰρ
779 3230 1115 3301 συνειστήκει
1154 3230 1185 3298 ἡ
1237 3228 1607 3300 Ἰερουσαλὴμ,
1652 3227 1751 3280 πό-

1854 2060 2076 2104 matrem
2128 2051 2400 2120 appellare
2456 2058 2673 2119 posset,
2718 2051 2960 2119 regnavit
2996 2059 3052 2104 et
3100 2050 3305 2119 palmas
3352 2053 3419 2107 de

1852 2140 2096 2197 hostibus
2128 2142 2355 2196 retulit?
2396 2143 2478 2195 An
2512 2156 2616 2195 non
2647 2140 2813 2193 David
2844 2139 3065 2208 triginta
3114 2156 3286 2195 annos
3313 2156 3413 2194 na-

1853 2243 1957 2294 tus.
1987 2245 2040 2286 et
2071 2233 2324 2286 Salomon
2356 2232 2676 2287 adolescens
2702 2231 2875 2286 factus
2900 2232 3308 2302 regnaverunt?
3335 2234 3414 2287 An

1850 2339 1956 2378 non
1989 2320 2112 2379 Joas
2158 2326 2386 2393 septimo
2431 2324 2608 2379 aetatis
2642 2338 2785 2377 anno
2812 2362 2828 2388 ,
2877 2332 2930 2376 et
2958 2324 3230 2390 posterior
3285 2325 3414 2378 item

1848 2412 2021 2470 Josias
2064 2416 2211 2469 circa
2255 2415 2543 2485 septimum
2590 2430 2791 2468 annum
2838 2414 3124 2482 imperium
3154 2428 3412 2483 suscepe-

1851 2515 1977 2560 runt
2008 2507 2055 2538 ⁹²
2084 2506 2107 2560 ?
2140 2507 2300 2575 Atqui
2326 2507 2415 2575 qui
2446 2507 2547 2560 ista
2575 2515 2730 2559 erant
2758 2512 2935 2568 aetate,
2972 2512 3179 2574 patrem
3227 2507 3414 2575 utique

1850 2598 1936 2651 vel
1982 2607 2212 2653 matrem
2260 2612 2452 2652 vocare
2495 2597 2763 2651 valebant.
2798 2597 2928 2663 Quis
2959 2596 3140 2665 itaque
3186 2596 3275 2651 ille
3322 2598 3414 2666 qui

1852 2689 1962 2744 fere
1994 2700 2279 2759 antequam
2313 2698 2627 2744 nasceretur
2658 2690 2903 2756 regnavit
2933 2697 2987 2743 et
3016 2688 3198 2743 hostes
3223 2703 3416 2758 exspo-

1850 2779 2046 2834 liavit?
2081 2782 2211 2847 Quis
2233 2781 2355 2835 talis
2382 2796 2475 2835 rex
2508 2782 2716 2835 exstitit
2745 2782 2795 2834 in
2828 2782 2989 2836 lsrael
3028 2790 3083 2836 et
3115 2782 3165 2835 in
3191 2779 3327 2835 Juda
3358 2783 3411 2835 in

1851 2886 1958 2940 quo
1986 2886 2173 2926 omnes
2201 2880 2386 2941 gentes
2410 2887 2562 2940 spem
2597 2886 2750 2925 suam
2775 2871 3089 2925 collocarint
3129 2882 3183 2927 et
3222 2888 3410 2942 pacem

1850 2960 2185 3016 habuerint?
2228 2962 2507 3030 lnquirant
2544 2972 2599 3017 et
2633 2960 3025 3015 dicantJndzei.
3060 2963 3142 3014 An
3186 2977 3291 3016 non
3317 2977 3413 3031 po-

1851 3051 1956 3104 tius
1970 3050 2099 3118 ipsis
2116 3051 2347 3117 undique
2369 3054 2555 3117 gentes
2576 3050 3042 3103 adversabantur?
3061 3050 3219 3112 Nam.
3241 3066 3414 3119 quan-

1853 3144 1942 3196 diu
1983 3144 2132 3196 stetit
2166 3140 2463 3195 Jerusalem
2495 3180 2509 3203 ,
2546 3139 2647 3193 fuit
2682 3140 2789 3193 illis
2820 3155 2940 3192 cum
2971 3155 3035 3193 ea
3082 3142 3278 3195 bellum
3314 3142 3417 3195 im-

1853 3233 2136 3303 placabile,
2169 3231 2461 3301 cunctique
2498 3230 2759 3284 adversus
2789 3228 3058 3283 lsraelitas
3076 3231 3412 3300 pugnabant,

192 3322 325 3395 λεμος
352 3322 425 3395 ἦν
454 3322 728 3384 ἄσπονδος
754 3322 954 3384 αὐτοῖς,
989 3321 1083 3373 καὶ
1108 3320 1373 3390 ἐμάχοντο
1400 3320 1597 3381 πάντες
1616 3320 1750 3391 πρὸς

1852 3302 2047 3392 quippe
2076 3336 2211 3390 quos
2232 3319 2442 3389 Assyrii
2476 3328 2821 3388 premerent,
2850 3318 3087 3387 Ᾰῦεγριίἰ
3116 3334 3412 3388 perseque-

192 3414 261 3466 τὸν
294 3415 539 3486 Ἰσραὴλ,
578 3414 851 3484 Ἀσσύριοι
899 3413 994 3483 μὲν
1045 3412 1333 3477 θλίϐοντες,
1365 3412 1653 3480 Αἰγύπτιοι
1692 3410 1750 3464 δὲ

188 3502 473 3566 διώκοντες,
522 3501 856 3555 Βαϐυλώνιοι
900 3503 957 3555 δὲ
1004 3501 1403 3564 ἐπιϐαίνοντες’
1445 3501 1540 3554 καὶ
1588 3500 1649 3553 τό
1687 3517 1750 3568 γε

190 3592 482 3663 θαυμαστὸν
514 3594 599 3646 ὅτι
645 3593 741 3646 καὶ
781 3594 984 3664 Σύρους
1004 3594 1127 3655 τοὺς
1152 3594 1216 3645 ὲκ
1259 3592 1512 3661 γειτόνων
1533 3594 1753 3647 ἀντιπο-

188 3680 466 3753 λεμοῦντας
506 3680 656 3752 εἶχον
685 3683 868 3743 αὐτοῖς
892 3699 904 3711 '
940 3682 972 3751 ἢ
999 3682 1118 3750 οὐχὶ
1142 3683 1303 3735 Δαϐὶδ
1341 3683 1465 3744 τοὺς
1494 3683 1550 3736 ὲν
1578 3680 1751 3735 Μωὰϐ

190 3773 444 3843 ἐπολέμει,
478 3774 579 3825 καὶ
621 3773 750 3834 τοὺς
781 3771 984 3842 Σύρους
1028 3771 1336 3835 ἐξέκοπτεν,
1373 3772 1582 3833 Ἰωσίας
1624 3772 1751 3833 τοὺς

192 3865 391 3936 πλησίον
418 3864 778 3934 ἐφυλάττετο,
818 3864 911 3917 καὶ
960 3863 1203 3933 Ἐζεκίας
1250 3863 1448 3916 ὲδειλία
1484 3862 1582 3934 τὴν
1622 3862 1752 3915 ἁλα-

188 3957 373 4020 ζονείαν
390 3960 491 4012 τοὺ
517 3959 727 4027 Σεναχη
736 3955 883 4027 ρεὶμ,
901 3956 994 4007 καὶ
1012 3956 1234 4009 Μωῦσεῖ
1259 3956 1287 4007 ὁ
1310 3954 1540 4024 Αμαλὴκ
1560 3955 1751 4022 ἐστρα-

189 4050 372 4115 τεύετο,
396 4052 496 4103 καὶ
523 4051 573 4102 οἱ
613 4049 927 4119 Ἀμορραῖοι
955 4045 1319 4115 ἠναντιοῦντο,
1358 4046 1531 4115 Ἰησοῦ
1560 4044 1637 4115 τῷ
1656 4042 1749 4097 τοῦ

188 4140 324 4210 Ναυῆ
350 4144 398 4194 οί
426 4142 529 4211 τὴν
565 4138 777 4211 Ἰεριχὼ
799 4138 1173 4201 κατοικοῦντες
1196 4138 1748 4208 ἀντιπαρετάσσοντο;

190 4233 282 4284 Καὶ
318 4234 451 4295 ὅλως
490 4232 735 4285 ἄσπονδα
775 4227 843 4301 ἦν
874 4234 983 4294 τοῖς
1022 4230 1195 4283 ἔθνεσι
1238 4230 1375 4301 πρὸς
1406 4230 1496 4281 τὸν
1536 4225 1750 4298 Ἰσραὴλ

188 4322 246 4374 τὰ
285 4324 380 4393 τῆς
420 4324 638 4394 φιλίας;
682 4323 777 4385 Τίς
824 4318 915 4374 οὖν
966 4325 1131 4384 ἐστιν,
1170 4322 1248 4383 είς
1286 4322 1343 4373 ὃν
1376 4320 1443 4373 τὰ
1485 4320 1611 4388 ἔθνη
1652 4316 1749 4388 τὴν

190 4415 358 4469 ἐλπίδα
382 4417 615 4476 τίθεται,
651 4414 800 4479 ἄξιον
838 4413 963 4466 ἰδεῖν
986 4429 1001 4443 ο
1058 4410 1196 4464 εἶναι
1244 4412 1352 4482 γὰρ
1385 4410 1482 4473 δεῖ,
1516 4409 1636 4463 ἐπεὶ
1657 4407 1752 4461 καὶ

188 4509 268 4559 τὸν
316 4509 599 4580 προφήτην
638 4506 897 4559 ἀδύνατον
950 4504 1269 4575 ψεύσασθαι.
1326 4504 1477 4564 Τίνος
1533 4502 1590 4554 δὲ
1639 4500 1748 4553 τῶν

192 4598 341 4665 ἁγίων
368 4598 669 4671 προφητῶν
697 4597 728 4666 ἢ
764 4596 872 4649 τῶν
916 4596 1118 4649 ἄνωθεν
1151 4593 1503 4663 πατριαρχῶν
1530 4594 1558 4644 ὁ
1585 4591 1746 4644 θάνα-

1853 3425 2059 3477 rentur,
2090 3412 2365 3482 Babylonii
2411 3410 2811 3465 incursionibus
2841 3418 3139 3465 vexarent:
3171 3421 3223 3465 et
3270 3411 3415 3480 quod

1853 3510 2043 3561 mirum
2078 3516 2200 3567 est,
2230 3506 2437 3557 vicinos
2480 3502 2645 3573 Syros
2698 3504 2879 3557 hostes
2908 3517 3122 3571 quoque
3155 3504 3413 3559 habuere.

1849 3600 1929 3651 An
1963 3612 2063 3650 non
2099 3597 2241 3649 eiiim
2281 3595 2449 3649 David
2483 3594 2678 3647 bellum
2707 3594 2968 3647 adversus
3010 3593 3270 3649 Moabitas
3292 3610 3414 3665 ges-

1850 3692 1942 3755 sit,
1970 3700 2020 3742 et
2055 3688 2217 3759 Syros
2250 3686 2551 3757 proﬂigavit
2575 3686 2597 3739 ‘I
2619 3687 2697 3740 An
2724 3702 2829 3741 non
2849 3684 3024 3741 Josias
3050 3686 3151 3741 sibi
3180 3701 3207 3738 a
3226 3686 3414 3755 proxi-

1851 3781 1952 3835 mis
1990 3781 2232 3844 cavebat,
2292 3790 2347 3833 et
2397 3778 2655 3834 Ezechias
2685 3778 3045 3847 arrogantiam
3100 3778 3417 3833 Sennache-

1851 3874 1932 3927 rib
1971 3871 2338 3927 formidabat?
2389 3870 2470 3923 An
2517 3886 2620 3925 non
2676 3879 2885 3941 contra.
2913 3869 3153 3939 Moysem
3193 3870 3415 3923 Amalec

1848 3964 2002 4019 duxit
2035 3963 2335 4017 exercitum
2358 4003 2374 4029 ,
2400 3963 2558 4031 eique
2580 3960 2880 4016 Amorrhzei
2914 3961 3237 4014 resistebant
3266 3964 3285 4014 ί
3329 3960 3412 4016 Λη

1850 4071 1952 4110 non
1983 4055 2129 4109 cives
2158 4053 2373 4108 Jericho
2393 4069 2515 4108 cum
2546 4051 2671 4108 Jesn
2715 4054 2825 4106 lilio
2860 4051 3007 4105 Nave
3036 4053 3415 4108 dimicabant?

1853 4143 2089 4210 Denique
2112 4142 2253 4195 nulla
2283 4148 2439 4195 erant
2468 4143 2607 4195 inter
2644 4152 2831 4209 gentes
2875 4151 2930 4197 et
2961 4142 3128 4197 lsrael
3163 4142 3415 4196 amicitia:

1848 4233 2069 4289 foedera.
2096 4234 2227 4299 Quis
2251 4236 2433 4301 itaque
2464 4232 2552 4286 ille
2591 4232 2661 4286 sit
2690 4232 2742 4285 in
2783 4247 2890 4299 quo
2918 4242 3107 4299 gentes
3131 4248 3279 4299 spem
3312 4248 3409 4301 po-

1849 4333 2000 4387 Itattl,
2034 4324 2337 4392 disquirere
2382 4336 2558 4390 operae
2614 4322 2847 4390 pretium
2898 4321 3079 4375 fuerit.
3114 4321 3244 4373 Nam
3294 4337 3416 4377 esse

1847 4415 2076 4483 aliquem
2104 4429 2324 4468 necesse
2353 4423 2454 4476 est,
2490 4411 2924 4481 quandoquidem
2954 4411 3069 4465 ﬁeri
3110 4427 3212 4467 non
3237 4422 3415 4481 potest

1847 4516 1903 4559 ut
1956 4507 2214 4575 propheta
2268 4506 2522 4559 mentitus
2577 4505 2667 4558 sit.
2722 4504 2854 4569 Quis
2912 4506 3037 4557 item
3098 4514 3411 4557 sanctorum

1849 4597 2226 4665 prophetarum
2270 4607 2325 4651 et
2371 4606 2615 4649 veterum
2665 4596 3099 4662 patriarcharum
3153 4595 3205 4648 in
3250 4608 3415 4649 cruce

190 4663 268 4753 τος
296 4694 349 4743 ἐν
644 4663 865 4758 γέγονεν
893 4688 1033 4758 ὑπὲρ
1061 4688 1158 4757 τῆς
1193 4686 1407 4738 πάντων
1436 4683 1740 4753 σωτηρίας

1850 4663 1962 4755 pro:
1987 4686 2229 4739 omnium
2282 4684 2454 4739 salute
2510 4682 2705 4736 obiit?
2756 4684 2850 4737 Vel
2894 4684 3015 4752 quis
3072 4697 3235 4753 porro
3288 4696 3413 4737 om-

192 4780 251 4830 Ἢ
276 4779 351 4842 τίς
382 4777 793 4850 ὲτραυματίσθη
837 4776 928 4830 κα)⁸
963 4775 1199 4847 ἀνῃρέθη
1231 4775 1370 4844 ὑπὲρ
1402 4773 1501 4843 τῆς
1528 4772 1742 4825 πάντων

195 4870 386 4937 ὑγείας;
421 4872 519 4935 Τίς
538 4870 595 4923 δὲ
620 4871 728 4922 τῶν
753 4868 973 4921 δικαίων
997 4868 1030 4938 ἢ
1057 4867 1164 4919 τῶν
1189 4864 1452 4935 βασιλέων
1478 4862 1743 4931 κατῆλθεν

194 4963 259 5021 εἰς
285 4963 577 5029 Αἴγυπτον,
610 4961 706 5015 καὶ
738 4963 804 5029 τῇ
836 4958 1023 5011 τούτου
1068 4957 1275 5027 καθόδῳ
1328 4955 1397 5009 τὰ
1427 4956 1537 5008 τῶν
1582 4955 1745 5022 Αἰγυ-

198 5055 427 5121 πὶωνίῦ)
447 5054 643 5107 εἴδωλα
669 5052 989 5115 πέπτωκεν;
1022 5049 1269 5120 Ἀϐραὰμ
1294 5050 1392 5119 μὲν
1418 5047 1525 5120 γὰρ
1550 5046 1746 5100 κατῆλ-

252 5234 293 5263 ⁹⁸
324 5234 383 5286 ιν
412 5233 550 5303 Reg.
584 5247 657 5296 ιι,
692 5230 757 5283 21
787 5248 800 5293 ;
831 5244 970 5294 xxii,
1003 5228 1052 5282 1.

252 5388 353 5457 (98)
380 5388 472 5443 Sic
509 5403 615 5442 ms.
657 5383 867 5457 Anglic.
913 5382 1014 5457 Alii
1062 5398 1189 5457 vero
1219 5391 1273 5436 et
1302 5382 1430 5438 editi
1467 5381 1741 5457 _’A6pa&p..

252 5400 353 5457 (νδ)
380 5400 472 5443 Sic
509 5403 615 5442 ms.
657 5400 867 5505 Auge.
913 5400 1014 5436 Alli
1062 5400 1189 5437 vero
1219 5400 1273 5436 et
1302 5400 1430 5438 eum
1478 5400 1678 5452 Ἀοραα

194 5454 282 5509 Sed
303 5456 743 5529 Ἀμϐρὰιμεψυιί⁸
818 5453 1086 5529 pttiaginta
1116 5452 1435 5529 Interpretes
1465 5452 1679 5529 legitur.

251 5520 462 5595 (99)'Ha':
495 5520 658 5581 v'océs
692 5524 1053 5595 ούχᾼἩσαῖας
1073 5521 1170 5595 τοῦ
1194 5520 1394 5592 Ἀμώς,
1420 5520 1741 5595 quaslegun-

192 5592 343 5649 turin'
373 5598 533 5653 Basil.
583 5595 747 5650 Gobl.
789 5592 1024 5645 Felekm.
1064 5592 1086 5643 l
1142 5607 1301 5646 anon.
1330 5601 1385 5645 et
1432 5592 1655 5659 Segner.
1687 5592 1739 5643 in

189 5665 295 5719 aliis
321 5680 373 5722 et
409 5668 574 5723 editis
618 5662 1015 5717 desiderantur.
1062 5660 1181 5715 Mox
1243 5661 1371 5715 ibid.
1422 5661 1642 5717 Gobler.
1687 5669 1740 5713 et

186 5732 454 5791 Felcka
491 5754 606 5798 an.,
658 5733 893 5786 Ἑλκίου.

245 5807 318 5877 (1)
351 5809 439 5863 Sic
465 5807 697 5877 Seguer.
735 5803 900 5857 Basil.
942 5800 1155 5857 Gobler.
1192 5809 1245 5855 et
1288 5799 1526 5856 Fclckm.
1576 5800 1600 5853 1
1644 5815 1736 5854 an.

1849 4775 1992 4827 nium
2054 4775 2285 4828 sanitate
2352 4772 2661 4826 vulneratus
2710 4782 2764 4828 et
2809 4774 3023 4829 occisus
3078 4773 3215 4829 est?
3282 4773 3415 4839 Quis

1843 4865 2107 4935 justorum
2152 4876 2245 4918 aut
2286 4880 2467 4934 regum
2505 4865 2553 4917 in
2588 4863 2881 4935 Aigyptum
2925 4865 3238 4931 descendit,
3268 4866 3415 4934 ejus-

1848 4972 1950 5024 que
1984 4958 2210 5009 adventu
2235 4955 2613 5026 Aﬂgyptiorum
2662 4958 2801 5011 idola
2844 4969 3164 5013 corruerunt
3187 4959 3209 5013 ?
3232 4959 3413 5012 Abra-

1852 5048 1973 5101 ham
2020 5046 2234 5115 quidem
2292 5047 2417 5102 illuc
2449 5048 2726 5103 descendit
2760 5066 2773 5102 :
2814 5057 2869 5103 at
2902 5049 3251 5106 nihilominus
3295 5049 3412 5104 ido-

1844 5379 1948 5432 Alii
1985 5394 2113 5434 vero
2141 5392 2262 5432 cum
2285 5377 2445 5431 editis
2473 5377 2602 5447 περί
2624 5377 2904 5447 omittunt.

1916 5448 1989 5518 (Ξ)
2029 5448 2488 5518 ϐιιὺιετίιηιυεηοι
2512 5438 2918 5518 F'eleluuanni_l
2946 5455 3233 5518 Διιιιοηγιιρη
3262 5438 3411 5508 ἰσχυ-

1845 5511 2126 5573 σαν.Ἰι›ἰι1.
2162 5519 2369 5583 Anglic.
2416 5517 2580 5570 Basil.
2616 5516 2835 5568 Gobler.
2868 5512 3105 5583 Felckm.
3129 5511 3182 5583 Al
3234 5525 3333 5583 an._
3358 5521 3411 5561 et

1845 5587 2183 5655 Seguerian.,
2222 5576 2429 5654 πατέρα
2459 5586 2512 5655 ἧ.
2552 5586 2655 5639 Alii
2705 5593 2883 5637 autem
2915 5590 2971 5635 et
3010 5580 3161 5643 editi,
3197 5576 3409 5651 πατάρα

1842 5660 1986 5792 milii)
2020 5725 2137 5777 Τῶν
2166 5725 2477 5792 Αἰγυπτίων
2504 5723 2656 5777 abest
2684 5736 2712 5776 a
2737 5718 2899 5777 Basil.
2931 5716 3065 5776 lbid.
3093 5716 3317 5790 Seguer.
3352 5725 3405 5773 et

1838 5797 2032 5862 Basil.,
2064 5794 2357 5849 πέπαυται.
3316 5820 3321 5829 .
