4006 6502
592 374 697 432 159

1150 367 1210 423 S.
1251 362 1627 423 ATHANASII
1665 364 1816 419 OPP.
1870 363 2053 445 PARS
2090 365 2133 418 Ι.
2174 393 2241 403 -
2283 361 2662 418 HISTORICA
2702 360 2790 415 ET
2827 358 3245 415 DOGMATICA.

3730 362 3831 416 160

591 485 803 542 lolatria
857 482 1055 538 ibidem
1088 481 1279 550 viguit.
1326 479 1439 534 lllic
1484 488 1539 533 et
1585 479 1796 549 Moyses
1836 487 1995 535 natus
2028 488 2149 534 est:

2256 476 2367 541 θεν,
2400 474 2541 529 ἀλλά
2581 475 2743 526 πάλιν
2789 472 2863 543 (4)
2899 474 2932 543 ὴ
2975 469 3386 542 εἰδωλολατρεία
3424 474 3566 524 κατά
3612 471 3832 526 πάντων

592 579 685 633 séd
716 576 902 631 eadem
940 587 1060 643 quae
1100 582 1257 626 antea
1294 570 1594 640 permansit
1637 569 1933 624 errantium
1964 583 2155 639 super-

592 667 762 724 stitio.

674 782 766 837 37.
827 780 959 849 Quis
1011 780 1151 834 inter
1198 791 1330 840 eos,
1380 790 1515 845 quos
1580 774 1859 844 Scriptura
1918 791 2155 832 comme-

594 880 814 938 morat,
867 871 1116 927 manibus
1165 879 1219 924 et
1271 868 1495 938 pedibus
1526 867 1805 937 perfossus
1864 868 1949 922 vel
2001 869 2054 923 in
2090 868 2156 921 li-

593 978 699 1037 gno
748 978 1040 1032 suspensus
1069 971 1248 1031 ,atque
1298 960 1351 1014 in
1383 974 1545 1014 cruce
1589 971 1686 1027 pro
1728 958 1967 1012 omnium
2008 959 2155 1013 salu-

595 1070 648 1111 te
722 1067 961 1111 mortuus
1018 1052 1164 1107 est?
1232 1049 1473 1118 Namque
1537 1049 1812 1103 Abraham
1882 1049 1936 1103 in
1993 1048 2155 1103 cubili

592 1146 727 1201 obiit
789 1164 803 1200 :
866 1144 1114 1198 similiter
1173 1139 1327 1195 Isaac
1390 1152 1443 1194 et
1480 1137 1647 1195 Jacob
1698 1139 1922 1209 pedibus
1969 1140 2024 1193 in
2079 1140 2156 1193 ie-

593 1249 680 1290 cto
734 1235 968 1290 extentis
1034 1232 1229 1286 mortui
1282 1217 1426 1285 sunt.
1490 1228 1702 1299 Moyses
1755 1238 1809 1283 et
1862 1231 2039 1284 Aaron
2100 1230 2153 1285 in

589 1326 697 1399 63
734 1335 936 1391 monte,
981 1322 1145 1377 David
1190 1321 1335 1376 domi
1374 1321 1550 1376 nullas
1593 1320 1906 1391 populorum
1935 1320 2156 1376 insidias

592 1431 780 1489 passus
809 1412 1045 1479 interiit;
1073 1411 1198 1467 licet
1221 1410 1363 1466 enim
1386 1428 1413 1464 a
1440 1410 1603 1466 Saule
1623 1411 1688 1463 ad
1718 1424 1901 1464 necem
1933 1411 2156 1479 conqui—

590 1510 724 1564 situs
771 1504 955 1568 fuerit,
995 1512 1173 1556 tamen
1222 1502 1341 1555 sine
1367 1501 1565 1555 damno
1596 1501 1790 1556 evasit.
1838 1501 2029 1556 Sectus
2074 1512 2156 1556 est

589 1595 800 1666 quidem
831 1593 1014 1657 Isaias,
1055 1599 1108 1645 at
1150 1590 1204 1644 in
1240 1590 1381 1660 ligno
1403 1606 1509 1644 non
1536 1590 1635 1644 fuit
1665 1604 1977 1659 suspensus.
2007 1587 2157 1645 εἰει-ε-

592 1686 728 1741 mias
752 1682 1090 1740 contumeliis
1120 1680 1343 1736 aﬂectus
1376 1691 1484 1747 est,
1517 1683 1610 1737 sed
1639 1696 1745 1736 non
1773 1683 2156 1737 condemnatus

2256 568 2617 639 ἐπεκράτησε.
2640 565 2875 634 Μωῦσῆς
2897 565 3014 616 ἐκεῖ
3026 562 3369 633 γεγέννηται,
3387 564 3481 615 καὶ
3496 562 3648 616 οὐδὲν
3673 559 3831 636 ἦττον

2254 654 2322 729 ἦν
2346 661 2461 711 ἐκεῖ
2497 659 2530 729 ή
2566 655 2673 709 τῶν
2704 654 3131 725 πεπλανημένων
3159 652 3443 724 θρησκεία.

2327 750 2415 801 57.
2442 747 2538 809 Τίς
2561 746 2615 798 δὲ
2644 743 2752 797 τῶν
2787 744 2844 797 ἐν
2900 746 2967 814 τῇ
3004 742 3043 794 Γ
3048 745 3193 814 ραφῇ
3250 742 3713 814 μαρτυρουμένων
3759 743 3837 797 δι-

2256 838 2479 911 ωρύχθη
2504 838 2602 901 τὰς
2647 839 2832 907 χεῖρας
2856 836 2950 890 καὶ
2972 836 3097 899 τοὺς
3124 834 3310 899 πόδας,
3335 836 3367 906 ἢ
3396 836 3532 898 ὅλως
3553 837 3648 888 ἐτι)⁵
3678 834 3835 899 ξύλου

2254 932 2647 1004 κεκρέμασται,
2674 930 2766 983 καὶ
2789 926 3005 999 σταυρῷ
3027 927 3370 980 τετελείωται
3401 926 3543 997 ὑπὲρ
3570 928 3669 998 τῆς
3704 928 3837 981 πάν-

2252 1043 2361 1078 των
2390 1024 2700 1095 σωτηρίαςς
2737 1020 2990 1093 Ἀϐραὰμ
3025 1019 3123 1090 μὲν
3162 1018 3271 1089 γὰρ
3305 1020 3398 1071 ἐπὶ¹
3440 1019 3630 1087 κλίνης
3660 1019 3838 1072 ἐκλεί-

2254 1135 2371 1171 πων
2399 1116 2697 1170 ἀπέθανεν·
2741 1113 2925 1168 Ίσαὰκ
2948 1112 3004 1165 δὲ
3026 1112 3119 1165 καὶ
3165 1110 3357 1163 Ἰακὼϐ
3409 1111 3504 1164 καὶ
3544 1111 3701 1165 αὐτοὶ
3750 1108 3839 1175 ἐξ·

2252 1209 2482 1281 ἀραντες
2496 1209 2620 1271 τοὺς
2639 1208 2805 1270 πόδας
2836 1207 2927 1260 ἐπὶ
2952 1204 3136 1275 κλίνης
3161 1202 3446 1257 ἀπέθανον.
3478 1203 3719 1273 Μωῦσῆς
3744 1204 3841 1256 καὶ

2268 1300 2472 1373 Ἀαρὼν
2500 1302 2557 1354 ἐν
2580 1299 2657 1369 τῷ
2694 1300 2831 1369 ὄρει,
2861 1298 3023 1351 Δαϐὶδ
3059 1301 3118 1351 ἐν
3150 1296 3227 1368 τῷ
3254 1296 3388 1368 οἴκῳ
3418 1296 3801 1368 τετελεύτηκεν
3823 1336 3839 1359 ,

2253 1392 2506 1461 οὐδεμίαν
2532 1390 2820 1460 ἐπιϐουλὴν
2844 1389 2948 1442 ὑπὸ
2995 1390 3105 1442 τῶν
3133 1387 3279 1441 λαῶν
3312 1387 3522 1443 παθών.
3553 1389 3617 1443 Ei
3662 1389 3719 1443 δὲ
3748 1391 3843 1443 καὶ

2254 1482 2491 1555 ἐζητήθη
2544 1483 2647 1536 ὑπὸ
2681 1482 2773 1535 τοῦ
2803 1482 2880 1551 (5)
2917 1481 3111 1543 Σαοὺλ,
3165 1479 3277 1533 ἀλλ’
3308 1480 3553 1551 ἀϐλαϐὴς
3581 1481 3839 1544 ἐσώζετο.

2264 1574 2489 1639 Ἡσαΐας
2518 1574 2754 1647 ἐπρίσθη
2787 1574 2903 1643 μὲν,
2940 1573 3054 1626 ἀλλ’
3083 1574 3184 1628 οὐκ
3217 1574 3309 1626 ἐπὶ
3361 1572 3519 1638 ξύλου
3559 1576 3841 1646 κεκρέμαο

2257 1682 2409 1720 σται’
2454 1666 2727 1737 Ἱερεμίας
2782 1664 3031 1737 ὑϐρίσθη,
3069 1665 3185 1719 ἀλλ’
3224 1667 3286 1718 οὐ
3334 1667 3691 1738 κατακριθεὶς
3731 1668 3838 1720 ἀπ-

589 1778 769 1848 periit.
798 1773 1045 1830 Ezechiel
1097 1787 1285 1843 passus
1312 1782 1415 1838 est,
1465 1784 1518 1826 at
1549 1789 1652 1827 non
1691 1788 1786 1842 pro
1814 1773 2027 1842 populo,
2061 1774 2153 1827 sed

2256 1758 2445 1813 ἔθανεν
2467 1776 2481 1790 °
2528 1757 2783 1830 Ἰεζεκιὴλ
2815 1758 3070 1829 ἔπασχεν,
3113 1758 3225 1811 ἀλλ’
3256 1759 3355 1829 οὐχ
3384 1760 3523 1829 ὑπὲρ
3550 1758 3647 1812 τοῦ
3669 1758 3799 1812 λαοῦ
3824 1796 3841 1823 ,

2260 1849 2390 1876 λέλπλὶ.
2417 1850 2483 1876 ..ἓ-
2515 1851 2741 1876 2...1..-.._
2774 1850 2913 1876 .---.ι.
2944 1849 3033 1876 ..-Γῖ
3083 1849 3211 1876 Ἴ..-ῗῖ
3260 1851 3479 1876 ...η-ι-..
3497 1868 3540 1876 ..ι
3608 1852 3839 1876 νιν--.--

591 1871 711 1939 quia
742 1870 972 1923 adversa
991 1867 1187 1937 popqu
1217 1876 1477 1921 eventura
1514 1867 1859 1936 praedicebat.
1891 1864 2152 1920 Praeterea

2256 1849 2393 1904 ἀλλά
2417 1850 2484 1905 τὰ
2513 1851 2745 1921 ἐσόμενα
2774 1850 2915 1904 κατά
2943 1849 3036 1904 τοῦ
3083 1849 3213 1903 λαοῦ
3258 1851 3560 1920 σημαίνων.
3608 1852 3843 1905 Ἔπειτα

590 1962 665 2027 hi,
692 1961 782 2032 qui
816 1961 915 2014 ista
946 1960 1308 2029 patiebantur,
1340 1958 1586 2011 homines
1614 1968 1788 2022 erant,
1822 1957 2006 2026 quales
2035 1966 2159 2011 sunt

588 2065 775 2105 omnes
817 2058 1020 2104 natura).
1063 2047 1439 2103 similitudine.
1476 2049 1646 2116 Quem
1684 2063 1811 2102 vero
1865 2048 2157 2117 Scriptura:

590 2156 686 2212 pro
718 2142 968 2196 omnibus
992 2156 1276 2211 passurqu
1303 2140 1686 2211 praenuntiant,
1709 2155 1816 2194 non
1842 2140 2158 2209 simpliciter

588 2233 770 2299 homo,
800 2235 893 2288 sed
940 2232 1179 2286 omnium
1202 2233 1325 2285 -vita
1366 2231 1584 2295 dicitur,
1615 2230 1826 2285 etiamsi
1858 2232 2154 2285 secundum

588 2334 835 2378 naturam
873 2323 1176 2378 hominibus
1223 2322 1418 2377 similis
1464 2322 1650 2376 inerit.
1697 2321 1952 2375 Videbitis
1994 2323 2153 2387 enim,

589 2417 781 2486 inquit,
805 2417 963 2469 vitam
986 2427 1206 2469 vestram
1224 2417 1528 2484 pendentem
1550 2424 1669 2467 ante
1686 2413 1860 2467 oculos
1885 2424 2073 2467 vestros
2086 2414 2154 2483 ”;

588 2515 664 2568 et,
706 2502 1103 2558 Generationem
1133 2504 1246 2573 ejus
1282 2505 1397 2573 quis
1428 2501 1695 2558 manabit
1744 2502 1831 2557 “i
1882 2503 2156 2572 Siquidem

592 2596 833 2651 omnium
866 2607 1177 2649 sanctorum
1222 2597 1620 2662 generationem
1650 2597 1697 2649 si
1738 2596 1859 2664 quis
1888 2597 2154 2660 didicerit,

590 2702 706 2743 eam
736 2691 803 2743 ab
836 2690 1040 2759 origine
1080 2701 1342 2758 repetere,
1390 2700 1443 2744 et
1480 2692 1619 2745 unde
1644 2691 1873 2761 quisque
1908 2702 2060 2747 ortus
2087 2694 2157 2748 sit

591 2794 848 2833 enarrare
875 2779 1031 2834 facile
1064 2781 1283 2849 poterit.
1307 2782 1374 2834 At
1404 2780 1519 2848 ejus
1549 2781 1639 2851 qui
1666 2782 1772 2836 vita
1806 2792 1891 2838 est
1926 2799 2155 2852 genera-

591 2872 792 2926 tionem
826 2872 1036 2926 narrari
1075 2886 1176 2925 non
1211 2888 1372 2943 posse
1391 2874 1567 2928 divina
1609 2874 1887 2930 declarant
1914 2877 2153 2932 oracula.

591 2960 724 3029 Quis
758 2963 921 3032 igitur
959 2963 1047 3017 ille
1081 2973 1186 3027 eat,
1237 2966 1302 3019 de
1332 2979 1439 3033 quo
1486 2964 1601 3019 base
1633 2964 1928 3033 loquuntur
1961 2969 2156 3025 divinat

590 3052 921 3124 Scripturae?
953 3054 1084 3121 Quis
1112 3064 1292 3109 tantus
1331 3056 1417 3109 ille
1455 3067 1558 3121 est,
1602 3067 1659 3111 ut
1689 3068 1744 3113 et
1784 3060 2057 3129 prophetae
2088 3062 2155 3117 de

592 3145 683 3203 illo
716 3156 861 3201 tanta
907 3148 1424 3218 praenuntiaverint?
1473 3150 1635 3205 Certe
1681 3152 1857 3207 nullus
1901 3153 2040 3209 alius
2098 3155 2149 3209 in
2179 3165 2221 3222 ο

595 3239 891 3309 Scripturis
944 3240 1210 3308 reperitur
1262 3249 1459 3309 prater
1518 3256 1857 3295 communem
1915 3246 2154 3299 omnium

592 3341 920 3386 servatorem
969 3330 1060 3384 Dei
1103 3329 1354 3395 Verbum,
1383 3332 1663 3386 Dominum
1693 3344 1933 3389 nostrum
1973 3334 2153 3389 Jesum

591 3414 885 3472 Christum.
921 3417 1018 3471 ilic
1043 3419 1185 3472 enim
1218 3420 1307 3475 ille
1333 3428 1436 3489 est,
1464 3423 1551 3490 qui
1589 3438 1656 3477 ex
1680 3423 1902 3491 Virgine
1930 3425 2153 3495 prodiit,

592 3521 648 3567 et
670 3513 828 3567 homo
860 3514 911 3565 in
963 3514 1122 3567 terris
1148 3514 1295 3568 visus
1317 3524 1420 3582 est,
1446 3524 1500 3570 et
1531 3516 1681 3585 cujus
1714 3531 1969 3587 corporea
1989 3535 2151 3589 gene-

594 3603 735 3658 ratio
772 3602 1015 3657 enarrari
1048 3605 1237 3673 nequit
1264 3622 1279 3657 :
1304 3605 1567 3675 siquidem
1603 3622 1760 3662 nemo
1795 3618 1897 3673 est,
1926 3613 2013 3679 qui
2038 3609 2155 3676 ejus

593 3702 799 3763 patrem
850 3694 1143 3748 secundum
1203 3708 1421 3750 carnem
1480 3694 1719 3752 indicare
1767 3700 1969 3767 possit,
2031 3717 2153 3756 cum

593 3784 708 3851 ejus
736 3799 932 3854 corpus
968 3800 1071 3838 non
1122 3799 1187 3839 ex
1236 3785 1352 3839 viro
1398 3786 1492 3840 sed
1537 3801 1603 3842 ex
1634 3787 1748 3842 sola
1791 3789 1862 3844 sit
1914 3788 2150 3861 Virgine.

592 3873 1049 3940 Quemadmodum
1088 3890 1215 3944 ergo
1250 3875 1466 3930 Davidis
1492 3885 1546 3931 et
1579 3877 1775 3949 Moysis
1808 3881 2155 3951 omniumque

593 3963 1014 4032 patriarcharum
1047 3974 1228 4033 patres
1264 3966 1534 4020 numerari
1582 3976 1845 4036 possunt:
1881 3968 1952 4022 ita
1998 3984 2155 4023 nemo

592 4064 676 4109 est
704 4056 794 4124 qui
832 4071 1149 4124 corpoream
1180 4057 1479 4114 Salvatoris
1507 4073 1575 4113 ex
1605 4059 1722 4112 viro
1750 4061 2152 4127 generationem

593 4161 817 4203 narrare
845 4159 1024 4217 queat.
1062 4149 1162 4205 Hic
1209 4150 1298 4205 ille
1323 4160 1408 4206 est
1456 4152 1545 4220 qui
1579 4151 1660 4206 sui
1699 4153 1943 4220 corporis
1974 4164 2150 4207 ortum

592 4239 744 4294 stella
788 4243 1203 4297 commonstrari
1241 4244 1431 4298 voluit.
1464 4243 1700 4299 Decebat
1724 4246 1868 4299 enim
1920 4244 2150 4299 Verbum

590 4345 622 4385 e
651 4332 788 4386 coelo
815 4332 1168 4401 descendens,
1192 4350 1222 4389 e
1249 4334 1386 4391 caelo
1405 4350 1622 4405 quoque
1649 4336 1875 4390 indicari
1898 4354 1911 4391 :
1933 4338 2155 4392 decebat

590 4433 797 4480 natura:
827 4440 1005 4495 regem
1030 4427 1401 4494 prodeuntem,
1431 4428 1606 4496 palam
1630 4430 1698 4481 ab
1721 4428 1967 4483 universa
1995 4441 2151 4483 natu-

2255 1934 2420 2007 οῦτοι,
2440 1941 2534 1995 καὶ
2565 1943 2883 2012 πάσχοντες,
2902 1941 3174 2012 ἄνθρωποι
3197 1937 3359 2011 ἦσαν,
3390 1945 3565 1996 ὁποῖοι
3593 1946 3689 1999 καὶ
3714 1944 3844 1997 πάν-

2253 2051 2344 2096 τες
2373 2033 2515 2088 κατά
2564 2034 2662 2103 τὴν
2690 2034 2790 2103 τῆς
2820 2033 3033 2103 φύσεως
3075 2036 3390 2105 ὁμοιότητα.
3438 2036 3497 2089 '0
3540 2036 3599 2089 δέ
3635 2054 3839 2108 σημαι-

2255 2132 2479 2195 νόμενος
2509 2127 2576 2178 ἐκ
2598 2125 2704 2180 τῶν
2752 2125 2981 2195 Γραφῶν
3027 2126 3167 2198 ὑπὲρ
3208 2126 3426 2180 πάντων
3471 2129 3708 2198 πάσχειν
3741 2131 3842 2200 οὺχ

2256 2217 2443 2280 ἁπλῶς
2475 2217 2778 2289 ἄνθρωπος,
2838 2218 2972 2272 ἀλλά
3015 2218 3127 2288 ζωὴ
3176 2220 3393 2273 πάντων
3440 2220 3687 2289 λέγεται,
3738 2221 3841 2274 κᾶν

2254 2310 2438 2380 ὅμοιος
2469 2311 2606 2364 κατὰ
2631 2309 2726 2382 τὴν
2757 2309 2916 2380 φύσιν
2944 2312 3057 2374 τοῖς
3080 2310 3388 2381 ἀνθρώποις
3431 2311 3703 2383 ἐτύγχανε
3730 2314 3829 2382 (6‘.

2261 2403 2518 2469 Ὄψεσθε
2546 2402 2676 2473 γὰρ,
2718 2405 2879 2473 φησὶ,
2912 2400 3025 2470 τὴν
3062 2402 3216 2472 ζωὴν
3261 2404 3429 2473 ὑμῶν
3458 2409 3841 2477 κρεμαμένην

2254 2492 2543 2547 ἀπέναντι
2586 2492 2705 2546 τῶν
2726 2493 3050 2563 ὀφθαλμῶν
3076 2496 3275 2564 ὑμῶν·
3317 2498 3432 2560 καὶ,
3464 2497 3588 2565 Τὴν
3626 2500 3840 2568 γενεὰν

2254 2584 2440 2638 αὐτοῦ
2466 2586 2557 2650 τις
2590 2584 2976 2653 διηγήσεταις
3011 2587 3232 2640 Πάντων
3265 2588 3363 2657 μὲν
3386 2589 3498 2659 γὰρ
3527 2590 3640 2642 τῶν
3667 2591 3839 2658 ἁγίων

2254 2673 2352 2743 τὴν
2384 2675 2575 2741 γενεάν
2619 2691 2703 2737 τις
2737 2672 2944 2745 μαθὼν,
2973 2675 3195 2729 δύναται
3225 2678 3430 2733 ἄνωθεν
3461 2680 3834 2752 διηγήσασθαι

2253 2766 2337 2830 τίς
2365 2768 2458 2820 καὶ
2496 2767 2658 2821 πόθεν
2697 2768 2922 2830 ἕκαστος
2962 2769 3152 2838 γέγονε
3190 2787 3203 2800 ο
3239 2771 3334 2824 τοῦ
3370 2771 3427 2824 δὲ
3470 2774 3838 2843 τυγχάνοντος

2256 2855 2403 2927 ζωῆς
2440 2857 2728 2929 ἀδιήγητον
2752 2857 2848 2929 τὴν
2865 2858 3054 2925 γενεὰν
3073 2860 3122 2912 oi
3151 2859 3281 2913 θεῖοι
3316 2862 3646 2931 σημαίνουσι
3668 2865 3834 2933 λόγοι.

2257 2946 2355 3010 Τίς
2386 2942 2479 2999 οὖν
2506 2948 2643 3011 ἐστι,
2678 2949 2807 3018 περὶ
2833 2940 2895 2999 οὗ
2920 2948 3093 3001 ταῦτα
3125 2948 3371 3017 λέγουσιν
3398 2953 3456 3004 αί
3502 2952 3647 3006 θεῖαι
3698 2955 3838 3026 Γρα-

2256 3039 2399 3109 φαί;
2457 3041 2525 3091 Ἢ
2569 3039 2652 3102 τίς
2698 3038 3043 3109 τηλικοῦτος,
3098 3040 3174 3105 ὡς
3226 3042 3323 3095 καὶ
3369 3044 3498 3107 τοὺς
3545 3048 3838 3117 προφήτας

2254 3132 2385 3201 περὶ
2412 3130 2575 3184 αὑτοῦ
2606 3131 2841 3185 τοσαῦτα
2869 3134 3392 3203 προκαταγγέλλειν;
3430 3135 3592 3191 Ἀλλά
3621 3140 3732 3207 γὰρ
3758 3142 3838 3211 (7)

2255 3224 2428 3288 οὐδεὶς
2456 3223 2612 3288 ἄλλος
2640 3225 2697 3277 ἐν
2730 3228 2847 3289 ταῖς
2890 3226 3135 3296 Γραφαῖς
3180 3227 3492 3298 εὑρίσκεται
3546 3231 3690 3301 πλὴν
3740 3234 3839 3286 τοῦ

2254 3315 2432 3368 κοινοῦ
2460 3316 2672 3384 πάντων
2700 3317 2942 3388 σωτῆρος
2976 3317 3071 3369 τοῦ
3094 3318 3227 3372 Θεοῦ
3256 3321 3452 3388 Λόγου,
3485 3322 3584 3375 τοῦ
3627 3324 3837 3396 Κυρίου

2254 3407 2412 3478 ἡμῶν
2455 3408 2625 3479 Ἰησοῦ
2666 3410 2920 3481 Χριστοῦ.
2947 3404 3115 3475 Οὗτος
3148 3413 3256 3483 γάρ
3299 3416 3445 3467 ἐστιν
3470 3417 3499 3469 ὁ
3528 3416 3861 3489 signa“:

2252 3518 2344 3555 νου
2377 3500 2651 3572 προελθὼν
2673 3503 2765 3555 καλ⁸
2791 3502 3074 3577 ἄνθρωπος
3098 3505 3188 3563 ἐπὶ
3210 3506 3311 3576 γῆς
3336 3508 3544 3575 φανεὶς,
3575 3509 3671 3561 καὶ
3683 3510 3843 3581 ,ᾁᾷιήον

2252 3610 2415 3665 γητον
2446 3594 2521 3665 (8)
2553 3594 2692 3665 ἔχων
2710 3594 2808 3666 τὴν
2835 3596 3183 3667 κατάίσάρκα
3210 3598 3422 3665 γενεάν.
3448 3600 3526 3651 Οὐ
3545 3601 3659 3670 γάρ
3687 3601 3838 3654 ἐστιν

2251 3686 2309 3749 ὃς
2322 3686 2542 3740 δύναται
2565 3687 2655 3740 τὸν
2686 3687 2825 3741 κατά
2851 3688 3029 3753 σάρκα
3051 3690 3262 3761 πατέρα
3288 3690 3479 3744 τούτου
3508 3691 3714 3761 λέγειν,
3734 3694 3836 3746 οὑκ

2251 3774 2400 3839 ὄντος
2426 3776 2518 3830 τοῦ
2550 3777 2796 3848 σώματος
2824 3780 2988 3833 αὐτοῦ
3026 3782 3083 3847 ἐξ
3128 3782 3339 3853 ἀνδρὸς,
3386 3783 3501 3836 ἀλλ’
3532 3786 3599 3839 ἐκ
3629 3787 3836 3857 παρθὲ-

2252 3884 2343 3920 νου
2380 3869 2566 3939 μόνης.
2592 3870 2799 3941 ’Ὠσπερ
2828 3867 2920 3927 οὖν
2944 3872 3040 3926 τοῦ
3077 3875 3378 3940 Δαϐὶδ,·καὶ
3402 3878 3709 3942 Μωῦσέως,
3741 3880 3836 3930 καὶ

2253 3960 2468 4013 πάντων
2496 3962 2602 4014 τῶν
2632 3964 2983 4035 πατριαρχῶν
3008 3966 3136 4029 τοὺς
3168 3967 3413 4038 πατέρας
3451 3985 3539 4031 τις
3578 3972 3832 4038 γενεαλο-

2251 4054 2366 4120 γεῖν
2388 4052 2630 4117 δύναται,
2672 4054 2843 4119 οὕτως
2882 4056 3055 4120 οὐδεὶς
3079 4057 3301 4112 δύναται
3327 4059 3426 4130 τὴν
3459 4062 3609 4115 κατὰ
3654 4065 3835 4135 σάρκα

2251 4144 2443 4211 γενεὰν
2473 4145 2565 4198 τοῦ
2600 4147 2850 4219 Σωτῆρος
2888 4147 2947 4211 ἐξ
2991 4149 3182 4220 ἀνδρὸς
3219 4150 3609 4222 διηγήσασθαι.
3667 4152 3833 4218 Οὗτός

2252 4238 2396 4290 ἐστιν
2427 4240 2455 4290 ὁ
2482 4239 2573 4292 καὶ
2610 4239 2700 4291 τὸν
2728 4240 2933 4311 ἀστέρα
2965 4244 3250 4312 σημαίνειν
3306 4243 3402 4315 τὴν
3432 4245 3530 4299 τοῦ
3579 4246 3833 4318 σώματος

2250 4330 2461 4399 γένεσιν
2505 4334 2731 4403 ποιήσας
2755 4351 2768 4363 ³
2794 4333 2901 4386 ἔδει
2942 4334 3067 4404 γὰρ,
3100 4336 3209 4389 ἀπὸ
3224 4335 3458 4408 οὐρανοῦ
3487 4342 3829 4411 κατερχόμεο

2251 4439 2340 4489 νον
2376 4423 2467 4477 τὸν
2492 4426 2683 4493 Λόγον,
2712 4426 2771 4492 ἐξ
2812 4426 3040 4498 οὐρανοῦ
3080 4429 3173 4481 καὶ
3199 4428 3296 4499 τὴν
3338 4430 3620 4501 σημασίαν
3650 4433 3824 4503 ἔχειν’

591 4531 649 4570 ra
678 4494 915 4588 agnosci.
950 4517 1006 4571 In
1035 4516 1214 4572 Judara
1239 4518 1583 4584 nascebatur,
1608 4531 1663 4573 et
1685 4519 1861 4574 Persas
1894 4535 2015 4574 eum
2056 4522 2150 4575 ad-

2258 4516 2350 4569 καὶ
2384 4515 2490 4568 ἔδει
2513 4517 2606 4569 τὸν
2634 4519 2732 4589 τῆς
2761 4494 2987 4583 κτίσεως
3020 4494 3265 4591 βασιλέα,
3286 4494 3826 4596 προερχόμενονέμ-

589 4607 794 4660 oraturi
846 4606 1153 4663 veniebant.
1200 4607 1299 4663 Hic
1352 4609 1443 4664 ille
1481 4610 1706 4679 estqui,
1742 4613 2054 4679 priusquam
2092 4611 2145 4665 in

590 4711 813 4765 corpore
842 4708 1144 4766 appareret,
1177 4701 1459 4757 victoriam
1492 4702 1559 4756 de
1601 4703 2012 4757 adversantibus
2041 4703 2151 4758 daa-

592 4788 837 4843 monibus
885 4791 1181 4857 reportavit
1223 4806 1287 4847 ac
1333 4792 1401 4848 de
1428 4792 1731 4847 idololatria
1777 4795 2147 4863 triumphavit.

594 4878 725 4934 Hinc
751 4895 879 4949 ergo
909 4896 1092 4938 omnes
1117 4884 1349 4954 undique
1392 4894 1579 4954 gentes
1612 4885 1841 4955 patrium
1871 4900 2073 4940 morem
2099 4895 2152 4940 et

592 4968 852 5023 idolorum
909 4970 1237 5042 impietatem
1272 4975 1542 5037 detestati,
1574 4990 1729 5030 suam
1774 4975 1884 5044 jam
1912 4990 2060 5043 spem
2097 4977 2146 5030 in

589 5058 800 5117 Christo
835 5062 1119 5132 collocant,
1148 5080 1314 5134 seque
1344 5066 1393 5120 ei
1426 5066 1727 5132 adciscunt,
1751 5067 1826 5120 uti
1861 5064 1946 5122 vel
1977 5065 2148 5124 oculis

657 5176 702 5211 “
737 5177 896 5232 Deut.
933 5193 1124 5244 xxvm,
1156 5181 1247 5236 66.
1321 5180 1369 5213 ⁸⁸
1396 5179 1498 5235 lsa.
1541 5197 1659 5246 LIII,
1690 5180 1760 5237 .8.

648 5297 733 5369 (4)
757 5296 1110 5369 Anglicanus,
1141 5297 1487 5369 Basiliensis,
1517 5297 1905 5362 Goblerianus,
1952 5298 2141 5369 Felck-

587 5367 768 5439 manui
793 5367 827 5439 _i
853 5381 1164 5439 anonymns
1188 5406 1204 5427 .
1244 5375 1299 5439 et
1339 5368 1727 5439 Segnerianns,
1775 5368 2008 5439 κατῆλθε
2045 5371 2137 5423 καὶ

588 5436 765 5490 πάλιν.
793 5436 941 5507 ibid:
956 5434 1054 5491 vox
1085 5434 1439 5507 ἐπεκράτησε
1453 5436 1601 5491 deest
1627 5440 1676 5490 in
1708 5434 1919 5491 iisdem.
2013 5499 2018 5502 _

657 5508 732 5575 (5)
768 5506 884 5575 Τοῦ,
909 5503 1134 5572 Seguer.
1168 5503 1364 5571 habet;
1397 5506 1486 5560 alii
1513 5518 1565 5559 et
1588 5508 1716 5561 editi
1741 5509 2017 5562 omittunt.

658 5574 731 5643 (6)
766 5574 1060 5646 Ἐτύγχανε
1108 5576 1257 5629 abest
1306 5578 1374 5630 ab
1420 5577 1751 5646 Anglicano,
1795 5576 2138 5643 Gobleriano,

587 5644 1008 5715 Felekmanui'ﬂ.
1039 5660 1326 5715 anonymo.
1355 5656 1408 5699 et
1441 5644 1793 5715 Segtteriano.

660 5714 735 5784 ('7)
766 5715 1163 5784 deiomittunt
1188 5713 1407 5770 Gobler.
1451 5725 1505 5769 ει
1523 5713 1773 5769 Ἐειειιηι.
1820 5716 1845 5768 1
1885 5730 1974 5770 an.
2018 5715 2140 5770 Mox

591 5779 750 5837 iidem
788 5779 1042 5837 et'Basii.
1087 5794 1141 5840 et
1185 5784 1408 5855 Seguer.
1458 5785 1658 5843 habent
1688 5784 1865 5839 κοινοῦ
1904 5787 2138 5841 πάντων.

2255 4606 2435 4679 φανῶς
2461 4610 2564 4663 ὑπὸ
2590 4612 2767 4681 πάσης
2783 4614 2880 4683 τῆς
2901 4614 3127 4677 κτίσεως
3149 4614 3220 4685 (9)
3248 4616 3637 4683 γινώσκεσθαι.
3670 4620 3828 4690 Ἀμέ-

2254 4701 2333 4754 λει
2356 4704 2412 4754 ἐν
2450 4704 2676 4775 Ἰουδαίᾳ
2691 4706 2961 4772 ἐγεννᾶτο,
2984 4707 3079 4761 καὶ
3098 4710 3147 4761 οἱ
3176 4710 3282 4762 ἀπὸ
3304 4710 3566 4779 Περσίδος
3600 4713 3827 4783 ἤρχοντο

2255 4796 2623 4866 προσκυνῆσαι
2661 4798 2829 4869 αὐτῷ.
2869 4794 3035 4864 Οὗτός
3067 4802 3214 4855 ἐστιν
3250 4803 3277 4855 ό
3310 4804 3402 4855 καὶ
3430 4804 3562 4875 πρὶν
3602 4805 3704 4875 τῆς
3725 4823 3825 4858 σω-

2250 4887 2482 4958 ματικῆς
2514 4888 2829 4958 ἐπιφανείας
2858 4890 3035 4945 λαϐὼν
3066 4892 3163 4964 τὴν
3201 4893 3340 4946 κατά
3366 4894 3476 4948 τῶν
3506 4897 3822 4968 ἀντικειμέ-

2246 4995 2350 5031 νων
2373 4980 2480 5050 (i0)
2497 4982 2763 5052 δαιμόνων
2782 4983 2956 5054 νίκην,
2976 4985 3069 5038 καὶ
3096 4986 3237 5040 κατά
3255 4987 3354 5057 τῆς
3377 4988 3821 5061 είδωλολατρείας

2242 5070 2498 5144 τρόπαια.
2534 5075 2739 5139 Πάντες
2762 5076 2890 5145 γοῦν
2920 5078 3252 5148 πανταχόθεν
3291 5080 3340 5131 oi
3373 5080 3485 5134 ἀπὸ
3514 5082 3626 5135 τῶν
3658 5082 3822 5135 ἐθνῶν

2247 5302 2350 5357 Alii
2377 5310 2427 5356 et
2468 5304 2617 5367 editi,
2642 5304 2879 5359 πάντων.

2314 5374 2391 5441 (8)
2426 5371 2517 5427 Sic
2561 5374 2782 5450 Seguer.
2824 5373 3079 5450 Basiluet
3124 5376 3344 5450 Anglic.
3362 5383 3433 5450 ut
3465 5387 3521 5431 et
3576 5379 3819 5450 legerunt

2244 5444 2585 5520 interpretes.
2607 5444 2710 5499 Alii
2730 5456 2785 5499 et
2804 5446 2966 5500 editio
2981 5443 3266 5510 CommeL,
3292 5443 3816 5520 εὐδιήγητονξωειι-

2246 5514 2641 5723 :iicohler.
2682 5582 2917 5639 Felckm.
2968 5584 2995 5637 1
3047 5598 3209 5640 anon.
3251 5592 3305 5641 et
3336 5583 3599 5655 Seguer.,
3650 5594 3817 5647 almo-

2318 5723 2432 5791 (10)
2465 5719 2577 5799 Vox
2609 5721 3001 5799 ἀντικειμένων
3020 5723 3173 5799 deest
3208 5726 3514 5799 inhAngllc.
3557 5728 3678 5783 Mox
3722 5728 3813 5785 Se—

2248 5807 2402 5863 guer.
2428 5793 2521 5846 καὶ
2548 5794 2688 5849 κατά
2714 5793 2892 5863 habet,
2914 5794 3004 5851 ubi
3020 5793 3111 5850 alii
3131 5805 3187 5853 et
3204 5796 3357 5864 editi,
3374 5793 3471 5853 καὶ
3486 5800 3558 5853 τά
3583 5808 3810 5857 tantum.
