4006 6502
255 367 339 419 161

1265 362 1524 419 ORATIO
1568 361 1654 417 ΒΕ
1692 360 2206 418 INCARNATIONE
2246 363 2469 421 VERBI.

3390 366 3493 421 {6'2

253 478 596 548 ὲξομνύμενοι
628 478 725 549 τὴν
758 477 985 548 πάτριον
1013 477 1300 548 συνήθειαν
1331 480 1424 532 καὶ
1456 478 1554 548 τὴν
1581 476 1799 530 είδώλωπ

1921 479 2045 534 licet
2083 480 2351 550 aspicere.
2378 480 2565 549 Neque
2597 481 2742 535 enim
2768 495 3003 550 unquam
3044 482 3181 536 alias
3203 481 3492 554 Egyptio-

252 570 506 639 ἀθεότητα
542 570 681 641 πρὸς
705 571 795 623 τὸν
828 571 1061 641 Χριστὸν
1082 570 1265 623 λοιπὸν
1292 570 1389 641 τὴν
1424 571 1613 623 ἐλπίδα
1645 571 1816 624 τίθεν-

253 680 351 726 ται,
378 662 469 713 καὶ
523 661 674 731 αὐτῷ
716 664 1157 733 καταγράφουσιν
1191 664 1437 726 ἑαυτοὺς,
1471 662 1546 725 ὡς
1569 665 1665 716 καὶ
1705 666 1817 726 τοῖς

251 752 531 821 ὀφθαλμοῖς
567 753 777 818 ἔξεστιν
810 754 937 805 ἰδεῖν
969 754 1029 806 τὸ
1059 753 1286 809 τοιοῦτο.
1324 754 1457 806 Οὐδὲ
1484 754 1592 825 γὰρ
1627 754 1811 807 ἄλλοτε

252 846 280 912 ἠ
307 843 407 897 τῶν
432 845 752 911 Αἰγυπτίων
778 845 1004 916 ἀθεότης
1034 846 1308 900 πέπαυται
1347 848 1395 899 εὶ
1426 846 1501 917 μὴ
1531 847 1620 901 ὅτε
1649 850 1677 900 6
1702 846 1812 899 Κύ-

254 952 352 1006 ριος
394 935 485 988 τοῦ
522 936 747 1000 παντὸς,
788 937 863 1000 ὼς
911 938 1003 990 ἐπὶ
1033 938 1261 1010 νεφέλης
1307 939 1688 1009 ἐποχούμενος,
1734 939 1813 1009 τῷ

252 1027 443 1097 σώματι
476 1027 752 1100 κατῆλθεν
782 1030 914 1093 ἐκεῖ,
953 1030 1047 1083 καὶ
1082 1030 1182 1101 τὴν
1214 1029 1323 1083 τῶν
1350 1030 1583 1084 εἰδώλων
1610 1032 1814 1102 κατήρ-

249 1134 367 1187 γησε
403 1118 636 1189 πλάνην,
675 1120 883 1183 πάντας
923 1120 980 1172 δὲ
1021 1122 1101 1182 είς
1139 1120 1327 1175 ἐαυτὸν
1369 1123 1463 1173 καὶ
1507 1121 1572 1173 δι’
1618 1121 1811 1174 ἑαυτοῦ

249 1209 367 1280 πρὸς
402 1211 755 1282 τὸντΠατέρα
800 1214 1152 1282 μετήνεγκεν.
1187 1209 1353 1277 Οὗτός
1403 1215 1549 1266 ἐστιν
1586 1214 1614 1264 6
1646 1231 1811 1267 σταυ-

250 1300 419 1371 ρωθεὶς
455 1303 549 1355 ἐπὶ
579 1303 826 1374 μάρτυρι
864 1301 942 1373 τῷ
973 1303 1108 1374 ἡλίῳ
1142 1306 1237 1358 καὶ
1265 1308 1331 1376 τῇ
1365 1306 1541 1358 κτίσει
1576 1307 1811 1368 καὶτοῖς

245 1392 373 1463 αὐτῷ
395 1392 484 1446 τὸν
510 1393 751 1446 θάνατον
779 1393 1188 1465 προσαγαγοῦσι
1207 1412 1220 1425 ·
1271 1396 1365 1448 καὶ
1393 1394 1471 1465 τῷ
1498 1396 1687 1448 τούτου
1713 1394 1811 1448 θα-

1937 587 2052 625 rnm
2093 572 2342 641 impietas
2370 571 2628 625 dissoluta
2663 579 2766 635 est,
2802 570 2904 625 nisi
2932 586 3054 625 cum
3086 571 3348 626 Dominus
3369 590 3487 625 υιη-

1930 663 2077 716 nium
2109 663 2254 717 velut
2283 664 2335 716 in
2368 663 2509 717 nube
2533 672 2740 727 vectus,
2770 676 2996 731 corpore
3026 662 3151 717 illuc
3178 663 3297 726 ivit,
3322 663 3492 716 idolo-

1919 767 2145 822 rumqne
2163 768 2401 808 errorem
2425 756 2641 817 evertit,
2660 763 2919 807 etomnes
2946 755 3012 806 ad
3043 754 3299 820 seipsum,
3325 765 3378 809 et
3398 770 3492 824 per

1919 844 2156 913 seipsum
2196 846 2261 897 ad
2287 844 2500 898 Patrem
2544 844 2832 899 convertit.
2877 843 2974 897 Hic
3001 843 3089 898 ille
3116 855 3217 908 est,
3243 844 3331 914 qui
3355 846 3488 903 sole,

1912 945 2125 999 natura,
2149 945 2311 1003 atque
2331 926 2412 990 his
2437 937 2589 1005 ipsis,
2609 936 2697 1005 qui
2724 951 2843 989 eum
2875 937 3214 997 interfecere,
3241 937 3489 997 testibus.

1917 1026 2209 1081 cruciﬁxus
2241 1037 2324 1081 est
2363 1043 2377 1079 :
2411 1027 2562 1095 cujus
2616 1038 2787 1082 morte
2835 1028 2981 1081 salus
3018 1029 3270 1081 omnibus
3301 1040 3488 1081 exorta

1914 1126 2020 1184 est,
2049 1126 2103 1171 et
2130 1119 2311 1172 omnis
2328 1127 2515 1172 natura
2536 1120 2756 1173 liberata
2775 1129 2878 1175 est.
2902 1119 2999 1175 Hic
3030 1121 3113 1173 ille
3142 1131 3222 1174 est
3246 1122 3488 1175 omnium

1918 1210 2052 1275 vita,
2078 1210 2167 1278 qui
2192 1218 2247 1264 et
2278 1220 2529 1279 tanquam
2557 1212 2676 1265 ovis
2708 1226 2805 1278 pro
2843 1212 3083 1265 omnium
3111 1210 3307 1275 salute,
3333 1226 3488 1264 suum

1912 1317 2111 1369 corpus
2140 1317 2235 1372 pro
2267 1302 2390 1356 aliis
2432 1304 2591 1357 morti
2617 1303 2858 1370 tradidit,
2893 1303 3020 1357 licet
3048 1303 3221 1355 nolint
3262 1301 3488 1357 credere

1910 1393 2101 1448 Judaei.

242 1486 411 1556 νάτῳή
440 1487 692 1559 σωτηρία
708 1487 756 1557 (1
772 1488 820 1557 1)
839 1490 970 1541 πᾶσι
994 1489 1206 1556 γέγονε,
1239 1490 1331 1542 καὶ
1355 1491 1387 1559 ἡ
1411 1490 1585 1552 κτίσις
1616 1491 1764 1543 πᾶσα
1782 1486 2137 1560 λελύτρωται.
2163 1479 2332 1550 Οὗτός
2352 1489 2500 1539 ἐστιν
2533 1488 2566 1558 ἡ
2597 1488 2813 1540 πάντων
2835 1488 2946 1557 ζωὴ
2970 1488 3062 1540 καὶ
3078 1490 3105 1539 ὁ
3124 1487 3197 1549 ὡς
3216 1486 3488 1554 πρόϐατον

242 1580 361 1651 ὑπὲρ
390 1580 487 1650 τῆς
522 1582 755 1635 πάντων
792 1584 1065 1653 σωτηρίας
1084 1583 1375 1653 ἀντίψυχον
1398 1584 1458 1637 τὸ
1496 1584 1691 1639 ἐαυτοῦ
1732 1583 1891 1655 σῶμα
1923 1584 2000 1645 είς
2031 1582 2259 1635 θάνατον
2287 1584 2578 1653 παραδοὺς,
2616 1581 2735 1636 κᾶν-
2762 1579 3005 1633 Ἰουδαῖοι
3028 1577 3103 1647 μὴ
3134 1575 3507 1628 materiem:th

294 1670 373 1724 58.
412 1673 473 1725 Εἰ
509 1672 625 1742 γὰρ
662 1672 741 1742 μὴ
784 1674 1030 1744 αὐτάρκη
1070 1675 1348 1745 νομίζουσι
1387 1676 1582 1739 ταῦτα,
1618 1676 1719 1730 κᾶν
1756 1675 1799 1737 ἐξ

1987 1673 2076 1727 53.
2121 1673 2408 1727 Enimvero
2435 1674 2481 1728 si
2513 1674 2627 1728 haec
2686 1672 2752 1727 ad
2802 1671 3103 1725 faciendam
3154 1670 3310 1720 iidem
3356 1667 3486 1719 satis

238 1762 411 1834 ἐτέρων
445 1763 833 1817 πειθέσθωσαν
862 1765 954 1832 ἀφ’
996 1759 1071 1818 ὧν
1104 1766 1257 1820 αὐτοὶ
1289 1767 1450 1820 πάλιν
1486 1767 1669 1837 ἔχουσι
1715 1768 1801 1819 λο-

237 1869 365 1923 γιων.
398 1859 540 1929 Περὶ
568 1858 719 1921 τίνος
755 1858 864 1930 γὰρ
893 1858 1138 1925 λέγουσιν
1165 1859 1213 1911 οἱ
1258 1858 1555 1928 προφῆται·
1594 1860 1804 1926 Ἐμφα-

235 1949 331 2015 τὴς
352 1950 656 2019 ἐγενόμην
684 1950 810 2015 τοῖς
837 1950 940 2018 ἐμὲ
950 1949 1036 2019 μὴ
1060 1949 1375 2017 ζητοῦσιν·
1392 1950 1647 2018 εὑρέθην
1676 1950 1801 2015 τοῖς

234 2039 319 2108 ἐμὲ
343 2040 419 2109 μὴ
447 2041 842 2109 ἐπερωτῶσιν
863 2058 874 2069 ·
905 2038 1063 2105 εἶπα,
1111 2040 1255 2095 Ἰδού
1294 2044 1433 2111 ειμι,
1459 2040 1540 2107 τῷ
1565 2042 1722 2095 ἔθνει
1745 2040 1802 2093 οἳ

233 2132 323 2183 οὐκ
348 2131 661 2186 ὲκάλεσὰν
682 2150 808 2201 μου
839 2132 904 2186 τὸ
938 2132 1125 2201 ὄνομα
1148 2149 1160 2161 ·
1189 2132 1527 2197 ἐξεπέτασα
1554 2134 1661 2198 τὰς
1683 2133 1801 2202 χεῖ-

231 2222 319 2287 ράς
337 2240 450 2290 μου
484 2224 646 2291 πρὸς
667 2224 827 2277 λαὸν
847 2223 1209 2278 ἀπειθοῦντα
1236 2226 1334 2278 καὶ
1364 2224 1797 2295 ἀντιλέγηοντα;

232 2312 309 2375 Τίς
335 2310 421 2367 οὖν
468 2318 630 2369 ἐστιν
674 2319 702 2369 6
748 2315 995 2387 ἐμφανὴς
1020 2319 1343 2388 γενόμενοςς
1384 2318 1527 2372 εἴποι
1558 2337 1643 2383 τις
1665 2300 1800 2393 πρὸς

240 2403 525 2469 Ἰουδαίους.
563 2407 628 2477 Ei
655 2405 759 2475 μὲν
792 2406 900 2477 γὰρ
927 2408 954 2458 6
982 2409 1266 2479 προφήτης
1298 2410 1436 2473 ἐστὶ,
1492 2409 1800 2478 λεγέτωσαν

228 2495 334 2548 πότε
364 2496 718 2567 ἐκρύπτετο,
770 2498 858 2551 ἵνα
905 2499 998 2551 καὶ
1056 2498 1278 2569 ὕστερον
1324 2504 1505 2572 φανῇς
1554 2503 1714 2566 Ποῑος
1744 2502 1800 2556 δέ

225 2582 353 2653 οὗτός
394 2593 559 2643 ἐστιν
591 2590 621 2641 6
674 2592 959 2663 προφήτης
1006 2594 1035 2645 6
1070 2594 1167 2646 καὶ
1193 2594 1443 2664 ἐμφανὴς
1475 2595 1533 2661 ἐξ
1578 2595 1799 2664 ἀφανῶν

226 2681 519 2751 γενόμενος,
547 2685 646 2734 καὶ
678 2682 777 2745 τὰς
817 2686 1005 2755 χεῖρας
1045 2685 1355 2748 ἐκπετάσας
1387 2687 1480 2738 ἐπὶ
1514 2686 1608 2739 τοῦ
1639 2704 1801 2740 σταυ-

227 2772 330 2841 ροῦ;
368 2774 499 2827 Τῶν
539 2774 643 2844 μὲν
683 2770 779 2827 οὖν
831 2776 1055 2830 δικαίων
1092 2778 1285 2842 οὐδεὶς,
1335 2778 1493 2848 μόνος
1540 2779 1596 2831 δὲ
1631 2779 1659 2830 ό
1706 2778 1798 2831 τοῦ

225 2865 332 2917 Θεοῦ
366 2867 573 2934 Λόγος,
620 2869 650 2919 6
685 2867 974 2937 ἀσώματος
1010 2867 1085 2921 ὢν
1116 2868 1213 2939 τὴν
1240 2869 1400 2938 φύσιν
1432 2870 1525 2922 καὶ
1560 2870 1629 2922 δι’
1655 2871 1801 2941 ἡμᾶς

222 2954 284 3024 τῷ
306 2957 520 3027 σώματι
549 2958 766 3026 φανεὶς,
799 2959 893 3011 καὶ
920 2959 1060 3032 ὑπὲρ
1089 2961 1302 3014 πάντων
1348 2961 1458 3032 (12)
1493 2961 1701 3016 παθών.
1728 2963 1799 3014 ’Ἡ

1904 1778 2023 1819 esse
2068 1780 2172 1818 non
2214 1764 2573 1826 arbitrantur,
2604 1764 2793 1819 Saltem
2829 1777 2894 1817 ex
2922 1762 3061 1818 aliis.
3102 1774 3223 1828 quze
3253 1757 3352 1824 ipsi
3385 1756 3488 1809 ha-

1904 1858 2050 1921 bent,
2072 1858 2311 1912 oraculis
2338 1857 2389 1910 id
2407 1857 2506 1911 sibi
2544 1857 2855 1925 persuaderi
2900 1854 3085 1909 velint.
3122 1854 3193 1905 De
3215 1868 3321 1919 quo
3340 1851 3485 1904 cnim

1903 1948 2091 2003 dicunt
2138 1948 2459 2016 prophetae:
2518 1946 2711 1998 Palam
2759 1945 2984 2014 apparui
3020 1943 3101 1994 his
3134 1942 3223 2010 qui
3250 1955 3331 1993 me
3380 1955 3488 1991 non

1900 2038 2199 2105 qua'rebnnt
2224 2052 2242 2090 :
2266 2038 2501 2090 inventus
2525 2053 2639 2089 sum
2663 2053 2694 2088 a
2735 2053 2837 2089 non
2877 2030 3325 2101 interrogantibus
3357 2046 3435 2082 me
3463 2044 3483 2081 :

1902 2130 2045 2192 dixi,
2073 2128 2203 2181 Ecce
2220 2144 2358 2190 sum,
2382 2129 2522 2196 genti
2540 2143 2657 2197 qua:
2680 2143 2781 2179 non
2800 2126 3052 2178 invocavit
3074 2139 3256 2175 nomen
3275 2136 3447 2173 meum
3463 2134 3482 2171 :

1900 2222 2127 2284 expendi
2158 2236 2343 2273 manus
2371 2236 2512 2272 meas
2559 2220 2627 2271 nd
2653 2217 2901 2286 populum
2928 2232 3029 2269 non
3062 2215 3383 2267 obedientem
3432 2221 3483 2263 ct

1901 2312 2343 2366 contradicente»:
2372 2310 2460 2362 "?
2490 2310 2643 2377 Quis,
2697 2324 2901 2377 quaeso,
2934 2308 3020 2360 ille
3073 2315 3155 2359 est
3178 2304 3269 2374 qni
3304 2303 3480 2372 palam

1902 2400 2186 2469 apparuit?
2208 2400 2403 2454 dixerit
2424 2401 2544 2470 quis
2576 2399 2642 2452 ad
2664 2397 2898 2452 Judaeos.
2929 2395 3063 2449 Nam
3088 2395 3132 2448 si
3156 2392 3479 2462 prophetam

1902 2493 2089 2547 volunt
2133 2508 2275 2557 esse,
2323 2494 2506 2549 dicant
2539 2492 2881 2561 quandonam
2932 2488 3365 2543 abscondebatur
3423 2494 3484 2536 ut

1901 2596 2084 2654 postea
2134 2584 2456 2654 appareret?
2487 2584 2671 2650 Qualis
2696 2583 2830 2638 Vero
2860 2580 2949 2635 ille
2980 2590 3062 2635 est
3090 2579 3353 2649 propheta
3387 2576 3481 2646 qui

1902 2691 1966 2730 ex
2004 2675 2215 2731 occulto
2270 2675 2589 2729 manifestus
2619 2671 2730 2745 64
2755 2672 2931 2726 factus
2971 2679 3076 2736 esl,
3102 2680 3155 2725 et
3186 2684 3379 2722 manus
3426 2668 3479 2720 in

1903 2784 2065 2823 cruce
2097 2769 2374 2822 extendit?
2414 2766 2603 2821 Nullus
2651 2776 2799 2821 certe
2822 2766 3119 2835 justorum,
3162 2762 3254 2816 sed
3306 2759 3479 2815 solum

1903 2860 2005 2916 fuit
2039 2860 2132 2915 Dei
2170 2861 2426 2922 Verbum,
2461 2860 2603 2928 quod
2650 2873 2772 2912 cum
2799 2872 2865 2911 ex
2900 2870 2995 2909 sua
3033 2864 3225 2906 natura
3283 2865 3481 2922 expers

1902 2960 2049 3006 esset
2076 2952 2343 3019 corporis,
2379 2959 2597 3020 propter
2625 2964 2721 3003 nos
2750 2960 2978 3015 corpore
3008 2944 3273 3012 apparuit,
3304 2953 3359 2997 et
3380 2956 3480 3011 pro

211 3047 261 3111 ,εἰ
289 3049 415 3119 μηδὲ
443 3049 608 3102 τοῦτο
636 3048 914 3120 αὔταρκες
936 3050 1141 3114 αὐτοῖς,
1175 3050 1277 3104 κᾶν
1315 3051 1375 3116 ἐξ
1431 3053 1631 3123 ἐτέρων
1663 3053 1790 3106 δυσ-

1905 3043 2152 3096 omnibus
2187 3043 2294 3110 pati
2340 3041 2531 3094 voluit.
2556 3037 2758 3094 Verum
2799 3038 2844 3091 si
2883 3050 3057 3104 neque
3094 3035 3144 3087 id
3187 3034 3293 3087 illis
3344 3034 3479 3086 satis

220 3142 585 3205 ωπείσθωσαν,
604 3141 781 3205 οὓτως
805 3142 1007 3213 ἐναργῆ
1037 3143 1126 3196 τὸν
1148 3143 1365 3214 ἔλεγχον
1387 3144 1637 3215 ὁρῶντες.
1660 3146 1798 3216 Φησὶ

223 3236 355 3309 γὰρὴ
380 3237 583 3308 Γραφή
606 3253 620 3266 °
666 3236 999 3305 Ἰσχύσατε,
1024 3238 1220 3306 χεῖρες
1244 3237 1549 3307 ἀνειμέναι
1570 3240 1669 3291 καὶ
1706 3240 1799 3309 γό-

219 3342 343 3382 νατα
366 3326 853 3395 παραλελυμένα
870 3344 884 3357 ’
919 3324 1381 3396 παρακαλέσατε
1413 3328 1466 3380 οἱ
1511 3328 1798 3396 ὀλιγόψυ-

218 3435 292 3484 χοι
322 3421 437 3491 (15)
464 3418 543 3487 τῇ
572 3418 815 3484 διανοίᾳ
836 3436 847 3447 ·
872 3418 1280 3489 ὶσχύσατε,μὴ
1309 3418 1607 3489 φοϐεῖσθε.
1650 3418 1795 3472 Ἰδοὺ

216 3513 245 3564 ό
264 3514 398 3579 Θεὸς
433 3510 611 3581 ἡμῶν
642 3513 850 3580 κρίσιν
881 3510 1394 3566 ἀνταποδίδωσιν·
1435 3511 1618 3577 αὐτὸς
1664 3510 1797 3577 ἥξει

218 3604 295 3655 καὶ
310 3604 502 3658 σώσει
534 3603 720 3673 ἡμᾶς.
767 3604 902 3657 Τότε
927 3601 1394 3671 ἀναχθήσονται
1422 3606 1476 3657 οἱ
1501 3603 1796 3672 ὀφθαλμοὶ

218 3695 462 3763 τυφλῶν,
490 3695 594 3748 καὶ
629 3690 753 3748 ὦτα
792 3694 1004 3764 κωφῶν
1040 3695 1405 3749 ἀκούσονται
1428 3712 1440 3723 ·
1466 3698 1600 3749 τότε
1631 3695 1794 3748 ἀνιεῖ-

217 3800 292 3839 ται
319 3788 401 3852 ὡς
425 3787 663 3855 ἔλαφος
686 3788 719 3838 ὀ
751 3785 968 3855 χωλὸς,
997 3785 1097 3838 καὶ
1124 3784 1309 3854 τρανὴ
1332 3787 1505 3840 ἔσται
1543 3784 1796 3856 γλῶσσα

214 3878 562 3947 paradle.
600 3877 667 3929 Τί
694 3877 875 3929 τοίνυν
902 3878 994 3929 καὶ
1026 3878 1157 3947 περὶ
1188 3877 1377 3931 τούτου
1414 3878 1670 3932 δύνανται
1709 3878 1796 3931 λέ·-

218 3985 337 4037 γειν,
366 3971 543 4042 ἢπῶς
576 3970 717 4033 ὅλως
752 3969 847 4023 καὶ
873 3970 1009 4041 πρὸς
1042 3971 1201 4023 τοῦτο
1242 3972 1518 4042 τολμῶσιν
1544 3970 1794 4024 ἀντιϐλέ-

219 4077 324 4114 πειν
370 4062 522 4134 (id);
580 4062 646 4114 'H
692 4061 793 4131 μὲν
842 4062 950 4133 γὰρ
1002 4064 1311 4133 προφητεία
1344 4063 1476 4116 Θεὸν
1508 4064 1795 4135 ἐπιδημεῖν

221 4157 487 4226 σημαίνει·
526 4153 601 4207 τὰ
638 4153 696 4205 δὲ
745 4156 944 4223 σημεῖα
979 4155 1074 4208 καὶ
1116 4155 1206 4208 τὸν
1249 4158 1441 4227 χρόνον
1471 4156 1570 4226 τῆς
1598 4172 1796 4226 παρου-

222 4247 323 4311 σίας
351 4247 613 4319 γνωρίζει
661 4245 795 4315 (15).
834 4246 906 4298 Τό
930 4262 991 4298 τε
1016 4247 1126 4319 γὰρ
1174 4248 1413 4316 τυφλοὺς
1442 4246 1791 4310 ἀναϐλέπειν,

222 4341 299 4393 καὶ
321 4340 526 4411 χωλοὺς
555 4338 902 4410 περιπατεῖν,
928 4337 1022 4392 καὶ
1051 4339 1268 4406 κωφοὺς
1284 4338 1529 4401 ἀκούειν,
1557 4336 1651 4390 καὶ
1669 4353 1796 4406 τρα-

223 4433 416 4488 νοῦσθαι
440 4430 753 4505 μογιλάλων
768 4428 865 4500 τὴν
890 4429 1162 4498 γλῶσσαν,
1181 4430 1273 4481 ἐπὶ
1294 4432 1361 4500 τῇ
1393 4427 1651 4498 γινομένῃ
1678 4426 1789 4495 (16)

224 4526 323 4599 θείᾳ
352 4528 630 4599 παρουσίᾳ
660 4525 905 4593 λέγουσι.
942 4525 1078 4576 Πότε
1130 4524 1309 4578 τοίνυν
1341 4523 1532 4591 γέγονε
1567 4520 1787 4573 τοιαῦτα

226 4625 400 4691 σημεῖα
428 4624 483 4675 ἐν
512 4620 595 4691 τῷ
647 4616 900 4687 Ἰσραήλ,
926 4618 959 4686 ἢ
996 4616 1109 4669 ποῦ’
1128 4614 1368 4669 τοιοῦτόν
1393 4632 1444 4667 τι
1473 4614 1693 4681 γέγονεν
1732 4612 1788 4663 ἐν

224 4715 278 4782 τῇ
299 4714 541 4785 Ἰουδαίᾳ,
565 4710 901 4779 λεγέτωσαν.
931 4708 1143 4779 Λεπρὸς
1171 4702 1506 4776 ἐκαθαρίσθη
1533 4700 1784 4771 Νααμάν·

228 4804 319 4857 ἀλλ’
352 4808 411 4859 οὐ
444 4804 633 4875 κωφὸς
684 4803 937 4874 ἤκουσεν,
993 4800 1113 4853 οὐδὲ
1168 4796 1339 4868 χωλὸς
1392 4792 1787 4863 περιεπάτησε.

230 4893 409 4967 Νεκρὸν
434 4898 659 4968 ῆγειρεν
704 4891 891 4953 Ἠλίας
923 4890 1018 4943 καὶ
1072 4887 1403 4950 Ἐλισσαῖος⁸
1447 4881 1562 4936 ἀλλ’
1595 4881 1697 4934 οὐκ
1726 4882 1791 4933 ἐκ

228 4987 421 5057 γενετῆς
450 4984 721 5053 ἀνέϐλεψε
743 4981 961 5049 τυφλός.
992 4979 1151 5044 Μέγα
1179 4978 1276 5047 μὲν
1309 4973 1417 5045 γὰρ
1438 4972 1534 5026 καὶ
1561 4972 1622 5024 τὸ
1652 4972 1792 5038 ἐγεῖ-

231 5093 301 5145 ραι
329 5079 519 5149 νεκρὸν
542 5076 786 5147 ἀληθῶς,
819 5073 932 5125 ἀλλ’
968 5073 1029 5124 οὺ
1062 5067 1323 5131 τοιοῦτον,
1348 5066 1529 5118 ὁποῖον
1559 5061 1620 5113 τὸ
1642 5059 1793 5130 παρά

228 5172 302 5223 τοῦ
336 5173 584 5243 Σωτῆρος
611 5168 820 5237 θαῦμα.
848 5164 993 5237 Πλὴν
1022 5166 1072 5217 εἰ
1104 5163 1164 5216 τὸ
1193 5163 1321 5232 περὶ
1344 5158 1437 5212 τοῦ
1470 5152 1672 5226 λεπροῦ
1700 5152 1794 5206 καὶ

281 5313 319 5341 ’⁸
353 5313 451 5366 Isa.
485 5327 617 5374 va,
644 5311 699 5375 1,
727 5308 781 5360 2.
858 5308 925 5338 ’δ’
961 5305 1061 5359 lsa.
1090 5320 1253 5366 xxxv,
1282 5302 1398 5357 3-6.

282 5447 384 5514 lll)
410 5447 501 5500 Sic
526 5443 744 5513 Anglic.
788 5439 1194 5514 Basi_|_.‘Gohl_er.
1227 5434 1465 5514 Felckut.
1487 5434 1520 5512 1
1553 5447 1713 5514 anon.
1739 5440 1794 5484 et

225 5502 429 5576 Seritur.
459 5516 565 5570 Alii
602 5502 735 5566 vero
763 5521 820 5565 et
853 5511 1018 5574 editi,
1051 5508 1131 5579 τῷ
1165 5505 1390 5576 τοιούτῳ
1421 5502 1515 5557 τοῦ
1562 5502 1791 5557 θανάτου

220 5589 386 5657 srrith
414 5590 448 5656 ἠ
478 5583 749 5655 σωτηρία.

283 5648 387 5725 (ιῖ)
421 5648 817 5729 Seguerianus,
849 5648 1028 5729 ημῶν.

281 5719 388 5795 (l5)
418 5719 817 5796 Seéuerianus,
844 5719 1198 5796 ὀλιγόπιστοι.

284 5786 392 5868 (li)
422 5786 523 5852 Sit?
549 5794 907 5863 Anglicanus,
934 5788 1267 5850 Basiliensis,
1298 5786 1665 5858 chttcrianus
1692 5803 1704 5837 :
1736 5792 1790 5837 at

568 5891 847 5950 Ρλτιιοι..
891 5885 1008 5946 Gn.
1058 5883 1260 5945 XXV.

1903 3132 2088 3198 fuerit,
2121 3148 2185 3185 ex
2213 3133 2335 3187 aliis
2360 3132 2549 3186 saltem
2581 3132 2992 3190 convincantur,
3013 3129 3103 3195 qui
3126 3137 3232 3179 tam
3255 3126 3476 3179 evidens

1899 3231 2274 3293 argumentum
2328 3222 2399 3276 ob
2449 3221 2638 3276 oculos
2690 3221 2910 3283 habent,
2948 3218 3036 3272 ubi
3095 3231 3287 3285 nempe
3342 3215 3477 3269 dicit

1901 3315 2181 3384 Scriptura
2237 3333 2250 3370 :
2304 3313 2667 3377 Roboramini,
2717 3328 2903 3366 manus
2956 3309 3184 3362 remissa:
3217 3319 3263 3361 et
3303 3321 3475 3376 genus

1898 3408 2155 3462 dissoluta
2184 3421 2203 3459 :
2225 3406 2595 3471 consolamini,
2630 3405 2717 3475 qui
2755 3403 2945 3470 pusillo
2985 3401 3162 3454 animo
3186 3401 3309 3453 estis
3344 3414 3361 3453 :
3387 3416 3476 3451 ro-

1899 3501 2177 3565 borumini,
2216 3499 2535 3553 nontimete.
2568 3496 2703 3550 Ecce
2728 3493 2867 3549 Deus
2896 3505 3071 3547 noster
3096 3492 3359 3562 judicium
3394 3506 3476 3543 re—

1901 3589 2121 3642 tribuit:
2150 3591 2258 3657 ipse
2288 3589 2454 3642 veniet
2497 3596 2546 3641 et
2589 3587 2814 3640 saluauit
2839 3601 2953 3639 nos.
2992 3582 3136 3637 Tunc
3175 3583 3477 3650 aperientur

1899 3681 2036 3733 oculi
2061 3697 2353 3746 ctccorum,
2377 3690 2424 3734 et
2448 3696 2604 3734 aures
2625 3677 2911 3732 surdorum
2952 3676 3188 3729 audient.
3216 3673 3361 3727 Tunc
3390 3690 3479 3726 sa-

1898 3770 1985 3823 liet
2035 3772 2168 3823 sicut
2205 3786 2387 3823 cervus
2430 3769 2689 3833 claudus,
2745 3777 2793 3821 et
2850 3766 3095 3835 expedita
3143 3766 3240 3818 erit
3295 3762 3479 3833 lingua

1898 3862 2168 3915 bulborum
2186 3864 2277 3916 "2
2309 3860 2445 3928 Quid
2477 3876 2605 3930 ergo
2637 3860 2710 3915 illi
2741 3860 2806 3915 de
2838 3857 3137 3927 hujusmodi
3169 3857 3479 3911 testimonio

1897 3964 2124 4025 possunt
2151 3954 2352 4019 dicere,
2385 3964 2479 4007 aut
2504 3954 2776 4025 quomodo
2801 3951 2882 4005 vel
2920 3951 3109 4005 oculos
3145 3958 3334 4005 contra
3360 3949 3473 4001 eri-

1897 4066 2024 4119 gere
2060 4046 2280 4102 ausint?
2305 4045 2583 4115 Siquidem
2606 4043 2893 4114 prophetia
2913 4043 3001 4095 Dei
3033 4042 3322 4095 adventum
3347 4053 3480 4108 prae-

1899 4141 2132 4202 nuntiat,
2187 4137 2343 4207 cnjus
2399 4135 2662 4190 adventus
2717 4142 2932 4202 tempus
2972 4131 3123 4201 signa
3175 4129 3475 4185 declarant.

1897 4234 2107 4301 Nempe
2145 4230 2331 4284 divino
2368 4228 2454 4282 illo
2484 4228 2714 4280 adventu
2762 4238 2937 4279 carros
2989 4223 3200 4285 videre,
3257 4220 3479 4275 claudes

1903 4323 2203 4387 ambulare,
2235 4319 2429 4375 surdos
2462 4319 2671 4380 audire,
2701 4324 2759 4370 et
2803 4315 3081 4369 bulborum
3112 4312 3346 4382 linguam
3379 4328 3478 4365 ex-

1898 4415 2067 4486 pediri
2123 4416 2339 4468 docent.
2391 4409 2616 4477 Quando
2670 4408 2834 4477 igitur
2883 4405 3188 4474 hujnsmodi
3235 4404 3387 4473 signa
3422 4405 3475 4457 in

1897 4510 2060 4566 Israel
2089 4510 2199 4563 visa
2246 4516 2400 4571 sunt,
2434 4504 2514 4558 vel
2545 4504 2632 4558 ubi
2665 4503 2769 4555 tale
2802 4501 2931 4569 quid
2966 4501 3018 4553 in
3055 4498 3236 4553 Judzea
3274 4498 3473 4550 factum

1898 4603 1990 4666 sit,
2025 4601 2182 4655 nobis
2202 4599 2405 4651 dicant.
2435 4595 2712 4663 Leprosus
2732 4592 2946 4661 quidem
2978 4590 3219 4644 Naatnan
3244 4589 3478 4643 mundus

1898 4694 2075 4748 factus
2098 4701 2203 4755 est,
2237 4692 2331 4744 sed
2380 4688 2575 4743 surdus
2600 4702 2703 4741 non
2733 4685 2939 4739 audivit
2960 4699 3059 4739 nec
3098 4683 3323 4739 claudus
3356 4699 3476 4737 am-

1899 4784 2126 4840 bulavit.
2155 4782 2419 4837 Mortnutn
2445 4779 2699 4832 excitavit
2735 4777 2882 4831 Elias
2904 4786 2956 4831 et
2986 4775 3228 4837 Elisa-us,
3253 4776 3346 4828 sed
3368 4789 3475 4827 non

1895 4877 2032 4929 vidit
2059 4890 2235 4929 carens
2264 4882 2441 4927 natus.
2466 4871 2715 4939 Magnum
2751 4869 2964 4939 quidem
2990 4883 3176 4924 revera
3201 4877 3307 4932 est,
3333 4883 3478 4921 mor-

1900 4978 2047 5022 tnum
2080 4966 2321 5019 excitare
2353 4980 2367 5016 :
2406 4963 2501 5017 sed
2538 4976 2642 5015 non
2673 4960 2776 5016 tale
2805 4960 2905 5015 fuit
2946 4960 3289 5025 miraculum,
3318 4960 3480 5027 quale

1902 5059 2154 5114 Salvator
2188 5057 2375 5111 edidit.
2412 5053 2548 5108 Nam
2580 5053 2718 5108 side
2753 5055 2969 5121 leproso
3010 5062 3068 5109 et
3086 5052 3263 5107 viduae
3285 5049 3477 5105 dehin-

1902 5166 1993 5209 clo
2024 5153 2134 5208 lilio
2182 5168 2288 5207 non
2328 5152 2493 5206 tacuit
2540 5150 2847 5219 Scriptura,
2880 5148 2924 5204 si
2955 5148 3142 5216 utique
3186 5145 3478 5201 accidisset

1899 5425 2289 5487 Coblerlanns,
2331 5432 2385 5477 et
2425 5420 2774 5477 Fclckmanni
2829 5420 2853 5473 1
2894 5428 3233 5487 anonymus,
3268 5413 3479 5465 ἀντιλέ-

1900 5515 2039 5567 γειν.
2067 5496 2168 5567 Alii
2199 5493 2364 5567 et_ed.
2393 5492 2679 5567 Contmel.,
2701 5490 3050 5567 ἀποϐλέπειν.

1971 5567 2086 5637 (15)
2116 5564 2207 5621 Sic
2240 5563 2463 5632 Seguer.
2492 5557 2738 5637 qniihid.
2767 5571 2821 5613 et
2844 5561 3059 5637 Anglic.
3086 5557 3312 5637 verbum
3335 5570 3478 5637 γνωτ

1903 5624 2043 5711 ρίξει
2067 5624 2351 5711 omittunt:
2380 5624 2523 5711 quod
2547 5632 2633 5684 hic
2666 5632 2857 5711 iterum
2887 5629 3086 5683 habent
3120 5626 3211 5681 alii
3250 5638 3307 5682 et
3345 5624 3477 5680 editi

1900 5698 2004 5765 hoc
2034 5708 2192 5761 modo
2226 5722 2239 5757 :
2282 5698 2414 5756 Τότε
2441 5701 2548 5770 γὰρ
2575 5698 2851 5770 γνωρίζει.

1973 5778 2085 5851 (16)
2117 5774 2501 5844 chuerianus,
2526 5770 2814 5841 γενομένη.

3080 5866 3119 5924 6
