4006 6514
598 419 696 472 167

1158 412 1212 465 S.
1255 408 1628 466 ATIIANASH
1669 408 1822 463 OPI’.
1866 408 2050 463 PARS
2091 407 2132 464 1.

2270 405 2641 463 HISTORICA
2689 405 2775 459 ΕΤ
2817 402 3236 459 ΠΟΕΜᾹΤΙΠΑ.

3742 402 3846 456 168

594 550 745 588 suum
784 540 832 584 et
867 530 1066 582 sanavit
1105 532 1263 594 eos”;
1304 539 1354 581 et
1394 542 1604 589 rursus,
1645 523 1765 579 Non
1793 527 2014 595 legatus,
2054 543 2138 579 nor

2258 520 2410 577 εἶπεν
2442 526 2475 594 ή
2501 524 2690 594 Γραφή
2754 524 2968 589 Κύριος
3001 524 3032 573 ό
3058 521 3198 586 Θεὸς
3224 519 3526 589 exigar-er
3546 520 3716 589 ἡμῖν’
3754 522 3846 573 καὶ

594 624 826 692 angelus,
850 622 939 674 sed
974 622 1080 685 ipse
1114 620 1367 674 Dominus
1407 620 1573 672 salvos
1598 619 1714 671 illos
1744 618 1951 686 fecit“?
1998 618 2157 674 Certe

592 714 765 768 simile
807 711 878 765 illi
919 725 1079 780 agere
1130 710 1259 763 mihi
1308 707 1596 771 videnlur,
1629 723 1692 761 ac
1732 708 1775 761 si
1828 709 1950 777 quis
1978 716 2157 761 mente

591 800 867 871 perculsus
895 808 1094 853 terram
1127 814 1155 851 a
1198 797 1311 852 sole
1333 799 1443 869 66
1472 797 1830 850 illuminatam
1867 798 2151 866 aspiciens,

588 891 755 947 solent
784 907 814 944 a
847 907 953 961 quo
995 890 1289 945 illuminata
1319 900 1401 943 est
1443 889 1741 959 negaverit.
1769 890 1969 958 Ecquid
2012 889 2153 943 enim

588 988 819 1057 amplius
849 986 897 1041 ei
945 999 1104 1054 quem
1134 984 1205 1037 illi
1240 990 1555 1051 exspectant
1610 982 1913 1036 faciendum
1951 982 2156 1035 restat?

585 1078 668 1131 An
697 1087 754 1130 ut
793 1085 978 1146 gentes
1022 1072 1217 1129 vocet?
1244 1074 1337 1127 sed
1368 1070 1493 1141 'jam
1538 1082 1739 1127 vocata:
1793 1083 1935 1125 sunt.
1964 1075 2042 1124 An
2099 1082 2154 1125 ιιι

585 1170 923 1239 prephetam,
976 1181 1156 1236 regem
1214 1175 1267 1219 et
1307 1166 1565 1219 visionem
1615 1163 1863 1216 auferat?
1916 1165 2007 1217 sed
2052 1164 2155 1217 hoc

585 1262 714 1315 item
746 1260 856 1329 jam
884 1258 1084 1313 factum
1120 1265 1224 1312 est.
1255 1259 1333 1310 An
1385 1266 1443 1309 ut
1494 1256 1758 1310 idolorum
1822 1252 2150 1322 impietatem

582 1352 903 1408 convincat?
930 1352 1173 1407 convicta
1208 1358 1262 1404 et
1285 1348 1585 1417 proscripta
1627 1356 1708 1401 est
1762 1348 1840 1399 An
1900 1358 1957 1399 ut
2006 1361 2151 1399 mor-

584 1453 690 1497 tem
714 1442 999 1497 destruat?
1037 1442 1307 1494 destructa
1339 1449 1443 1493 est.
1477 1439 1612 1505 Quid
1657 1453 1784 1507 ergo
1816 1452 1919 1490 tmu
1954 1440 2150 1490 factum

579 1547 666 1591 est
687 1537 828 1605 quod
868 1534 1141 1589 Christum
1168 1532 1346 1586 facere
1374 1532 1633 1600 oportuit,
1660 1530 1739 1582 vel
1777 1529 1905 1598 quid
1940 1530 2150 1582 tandem

579 1637 846 1699 superest,
875 1626 1014 1695 quod
1042 1623 1278 1680 nondum
1303 1622 1576 1693 impletum
1609 1621 1728 1685 fuit,
1758 1636 1814 1674 ut
1843 1622 2001 1675 modo
2030 1635 2153 1689 gau-

580 1720 744 1772 deant
791 1716 996 1782 Judzei,
1030 1725 1085 1769 et
1135 1728 1356 1768 causam
1412 1729 1516 1767 non
1569 1712 1825 1768 credendi
1882 1710 2151 1765 habeant?

576 1807 830 1863 Profecto
864 1807 933 1872 si,
988 1806 1441 1876 quemadmodum
1492 1806 1679 1874 utique
1742 1805 2011 1867 videmus,
2050 1820 2149 1858 nec

2258 618 2449 671 πάλιν·
2487 615 2898 680 Ἑξαπέστειλε
2927 616 3034 667 τὸν
3052 615 3247 683 Λόγον
3276 615 3459 667 animi:
3495 615 3591 666 καὶ
3632 612 3847 666 ἰάσατο

2257 710 2507 775 αὐτούς’
2541 709 2637 761 καὶ
2689 708 2879 761 πάλιν·
2935 710 3018 761 Οὐ
3064 707 3348 775 πρέσϐυς.
3394 709 3505 759 οὐκ
3562 706 3842 775 ἄγγελος,

2257 802 2393 854 ἀλλ’
2416 800 2597 866 αὐτὸς
2644 804 2676 854 ό
2725 801 2941 868 Κύριος
2968 799 3205 851 ἔσωσεν
3229 799 3487 863 αὑτούς;
3514 799 3745 866 Ὅμοιον
3786 794 3844 848 δὲ

2257 891 2574 959 πάσχουσιν,
2633 889 2708 952 ὡς
2759 888 2813 940 εί
2849 905 2932 952 τις
2974 887 3417 959 παραπεπληγὼς
3441 886 3541 957 τὴν
3582 885 3839 949 διάνοιαν,

2255 983 2355 1053 τὴν
2389 984 2486 1053 μὲν
2514 983 2617 1052 γῆν
2655 980 3029 1054 φωτιζομένην
3051 982 3155 1035 ὑπὸ
3185 982 3278 1035 τοῦ
3315 982 3465 1052 ήλίου
3490 980 3679 1051 βλέπει
3709 980 3834 1049 (32),

2254 1075 2348 1127 τὸν
2386 1074 2441 1127 δὲ
2466 1074 2668 1145 ταύτην
2704 1075 3004 1144 φωτίζοντα
3036 1074 3187 1147 ήλιον
3219 1076 3482 1144 ἀρνεῖται.
3518 1072 3584 1124 Τί
3609 1071 3720 1138 γὰρ
3754 1072 3847 1122 καὶ

2256 1168 2436 1221 πλεῖον
2495 1166 2663 1223 ἐλθὼν
2720 1169 2749 1221 ὀ
2803 1166 3249 1239 προσδοκώμενος
3306 1168 3435 1236 παρ’
3493 1164 3678 1226 αὐτοῖς
3731 1162 3845 1231 ἔχει

2256 1259 2505 1328 ποιῆσαι;
2532 1258 2770 1312 Καλέσαι
2802 1259 2871 1312 τὰ
2918 1258 3079 1329 ἕθνη;
3117 1255 3255 1309 Ἀλλ’
3298 1256 3410 1325 (55)
3460 1253 3664 1324 ἔφθασε
3708 1252 3846 1322 κλη-

2256 1349 2430 1421 θῆναι.
2474 1352 2634 1406 Ἀλλά
2687 1351 2894 1405 παῦσαι
2950 1352 3258 1421 προφήτην,
3315 1348 3409 1401 καὶ
3452 1348 3696 1418 βασιλέα,
3748 1346 3848 1398 καὶ

2252 1446 2439 1515 ὅρασιν
2460 1461 2473 1509 ;
2495 1444 2716 1513 Γέγονεν
2732 1444 2831 1515 ήδη
2854 1444 2947 1496 καὶ
2973 1441 3149 1495 τοῦτο.
3184 1441 3294 1511 Τὴν
3322 1438 3554 1493 εἰδώλων
3573 1438 3847 1509 ἀθεότητα

2252 1536 2546 1605 διελέγξαις
2600 1536 2907 1607 Διηλέγχθη
2956 1534 3058 1605 ήδη
3095 1534 3188 1587 καὶ
3231 1530 3609 1600 κατεγνώσθη.
3678 1527 3843 1581 Ἀλλὰ

2251 1629 2341 1681 τὸν
2370 1628 2595 1682 θάνατον
2630 1628 2975 1699 καταργῆσαι
3000 1643 3015 1691 ;
3040 1626 3395 1696 Κατήργηται
3423 1622 3550 1693 ήδη.
3576 1621 3644 1673 Τί
3661 1621 3844 1672 τοίνυν

2250 1722 2309 1775 ού
2356 1722 2599 1790 γέγονεν,
2627 1722 2655 1774 ό
2686 1720 2767 1773 δεῖ
2802 1720 2891 1773 τὸν
2945 1718 3179 1787 Χριστὸν
3212 1717 3462 1787 ποιῆσαις
3501 1714 3571 1766 Ἦ
3598 1714 3652 1766 τί
3685 1730 3844 1785 περι-

2250 1811 2516 1876 λείπεται,
2571 1812 2600 1864 ὂ
2653 1811 2727 1882 μὴ
2763 1810 3137 1881 πεπλήρωται,
3192 1809 3277 1860 ἵνα
3326 1806 3419 1858 νῦν
3476 1804 3744 1875 χαίρωσιν
3789 1805 3844 1856 oi.

577 1915 757 1969 regem
788 1913 885 1953 nec
906 1899 1222 1968 prophetam
1252 1897 1364 1966 jam
1390 1897 1609 1961 habent,
1636 1898 1678 1951 si
1700 1912 1799 1951 uec
1824 1895 2138 1960 Jerusalem,

2264 1903 2509 1955 Ἰουδαῖοι
2535 1904 2629 1956 καὶ
2654 1877 2992 1964 ἀπιστῶσινς
3025 1901 3087 1953 Εἰ
3122 1898 3229 1969 γὰρ
3252 1898 3338 1969 δή,
3372 1897 3562 1968 ῶσπερ
3590 1890 3688 1948 οῦν
3728 1894 3839 1964 (34)

575 2007 677 2046 nec
724 1992 1198 2053 sacrificium,nec
1254 1990 1393 2044 visio
1445 1990 1586 2057 apud
1637 1990 1757 2042 illos
1810 2000 2009 2054 manet,
2052 1990 2143 2042 sed

575 2084 756 2138 omnis
788 2092 930 2137 terra
969 2082 1059 2135 Dei
1117 2081 1423 2151 cognitione
1475 2080 1679 2148 repleta
1708 2090 1821 2146 est,
1853 2089 1907 2133 et
1958 2089 2147 2149 gentes

575 2178 861 2247 impietate
889 2176 1109 2244 reiecta,
1129 2177 1241 2243 jam
1284 2175 1349 2227 ad
1380 2173 1548 2227 Deum
1575 2173 1845 2226 Abraham
1886 2187 1981 2241 per
2010 2168 2144 2227 Ver-

573 2270 728 2333 bum,
760 2268 958 2338 quiest
987 2268 1239 2320 Dominus
1272 2275 1457 2319 noster
1483 2262 1639 2318 Jesus
1681 2262 1929 2317 Christus
1954 2304 1968 2326 ,
2015 2278 2145 2317 con-

575 2362 789 2430 fugiunt
830 2376 843 2412 :
879 2371 1029 2414 certe
1055 2358 1137 2411 vel
1168 2356 1648 2427 impudentissimis
1683 2355 2021 2424 perspicuum
2059 2357 2141 2410 in-

574 2454 642 2507 de
672 2452 855 2515 fuerit,
886 2450 1161 2504 Christum
1200 2448 1438 2511 venisse,
1485 2460 1717 2515 eumque
1746 2460 1935 2500 omnes
1966 2448 2141 2502 omni-

572 2559 645 2598 uo
673 2560 769 2596 sua
828 2543 946 2596 luce
975 2542 1299 2602 illustrasse,
1335 2548 1389 2592 et
1444 2553 1573 2592 vera
1623 2553 1687 2591 ac
1718 2538 1899 2592 divina
1941 2540 2007 2595 de
2040 2544 2137 2595 s'uo

572 2633 733 2686 Patre
757 2631 1005 2685 doctrina
1046 2628 1389 2683 informasse.
1424 2626 1500 2681 Ex
1534 2627 1615 2681 his
1650 2626 1832 2696 itaque
1866 2626 2140 2696 pluribus-

571 2741 679 2793 que
709 2724 850 2789 aliis,
892 2739 1009 2792 quae
1036 2737 1101 2776 ex
1169 2721 1364 2774 divinis
1392 2718 1613 2773 Litteris
1657 2718 1782 2773 licet
1828 2734 2136 2789 excerpere,

567 2817 787 2872 Judteos
821 2833 924 2869 non
958 2816 1141 2884 inepte
1167 2828 1452 2885 possumus
1477 2810 1776 2865 confutare.

2253 1995 2347 2048 καὶ
2390 1995 2626 2066 ὁρῶμεν,
2680 1993 2801 2047 οὔτε
2850 1992 3123 2063 βασιλεὺς,
3177 1990 3299 2043 οῦτε
3356 1988 3669 2060 προφήτης,
3714 1983 3841 2038 οὔτε

2263 2086 2635 2157 Ἰερουσαλὴμ,
2670 2087 2793 2139 οῦτε
2826 2084 3008 2146 θυσία,
3041 2084 3162 2137 οῦτε
3195 2083 3382 2154 ὅρασίς
3427 2082 3543 2133 ἐστι
3578 2080 3711 2149 παρ’
3742 2078 3843 2130 αύ-

2249 2182 2382 2243 τοῖς,
2419 2180 2554 2233 ἀλλά
2582 2179 2676 2232 καὶ
2709 2180 2858 2231 πᾶσα
2897 2175 3252 2245 πεπλήρωται
3280 2175 3313 2245 ἡ
3343 2172 3417 2242 γῆ
3449 2172 3549 2242 τῆς
3578 2170 3841 2238 γνώσεως

2247 2271 2341 2323 τοῦ
2386 2272 2541 2337 Θεοῦ,
2602 2271 2693 2326 καὶ
2735 2273 2781 2324 oi
2832 2270 2939 2325 ἀπὸ
2970 2270 3076 2322 τῶν
3112 2268 3279 2322 ὲθνῶν
3328 2263 3840 2333 καταλιμπάνοντες

2238 2362 2337 2433 τὴν
2393 2363 2659 2435 ἀθεότητα
2687 2363 2868 2415 λοιπὸν
2901 2362 3038 2433 πρὸς
3084 2361 3173 2413 τὸν
3220 2358 3351 2412 Θεὸν
3392 2355 3647 2429 Ἀϐραὰμ
3668 2372 3841 2407 κατα-

2242 2454 2501 2524 φεύγουσι
2546 2456 2641 2517 διά,
2668 2455 2781 2529 ¹τοῦ
2826 2457 3000 2525 Λόγου
3051 2452 3144 2507 τοῦ
3195 2450 3401 2522 Κυρίου
3442 2449 3603 2520 ήμῶν
3658 2447 3839 2518 ζωοῦ

2243 2548 2516 2617 Χριστοῦο
2547 2548 2704 2618 δῆλον
2739 2548 2805 2601 ἂν
2830 2549 2912 2617 εἴη
2951 2547 3045 2599 καὶ
3077 2548 3188 2604 τοῖς
3229 2544 3347 2597 λίαν
3381 2538 3841 2611 ἀναισχυντοῦσιν

2246 2638 2561 2708 ἐληλυθέναι
2594 2641 2682 2693 τὸν
2706 2639 2956 2711 Χριστὸν,
2983 2638 3077 2691 καὶ
3107 2635 3265 2689 αὑτὸν
3295 2636 3503 2697 πάντας
3539 2632 3730 2694 ἁπλῶς
3753 2631 3841 2700 τῷ

2245 2730 2441 2783 ἑαυτοῦ
2475 2731 2611 2801 φωτὶ
2642 2731 3093 2801 καταλάμψαντα,
3124 2727 3218 2782 καὶ
3248 2727 3535 2791 διδάξαντα
3573 2726 3705 2796 περὶ
3736 2722 3838 2776 τοῦ

2243 2821 2438 2876 ἑαυτοῦ
2485 2823 2694 2894 Πατρὸς
2731 2822 2827 2894 τὴν
2873 2823 3046 2895 ἀληθῆ
3094 2821 3188 2874 καὶ
3228 2819 3379 2873 θείαν
3426 2818 3537 2888 (55)
3573 2817 3835 2869 διδασκα-

569 2910 709 2963 λίαν.
758 2905 1041 2969 Ἰουδαίους
1066 2904 1163 2976 μὲν
1190 2898 1285 2957 οῦν
1330 2900 1395 2956 ἐκ
1444 2900 1649 2956 τούτων
1703 2902 1798 2955 καὶ
1854 2902 1962 2955 τῶν
2013 2904 2277 2965 πλειόνων
2332 2916 2484 2988 παρὰ
2536 2914 2643 2967 τῶν
2695 2912 2852 2967 θείων
2901 2914 3129 2984 Γραφῶν
3190 2914 3414 2974 εἰκότως
3451 2909 3520 2964 ἄν
3550 2927 3639 2962 τι-
3680 2910 3839 2976 ελεγ.

568 3004 736 3069 ξειεν.

645 3095 738 3148 41.
772 3092 897 3163 ³3111.
922 3091 1064 3161 quod
1106 3088 1333 3161 gentiles
1367 3096 1599 3157 spectat.
1636 3089 1765 3142 satis
1816 3088 2001 3143 mirari
2040 3107 2143 3145 non

2318 3093 2407 3149 41.
2439 3092 2701 3162 Ἕλληνας
2723 3092 2777 3145 δὲ
2809 3092 2901 3145 καὶ
2934 3093 3072 3146 πάνυ
3104 3107 3185 3154 τις
3218 3089 3521 3159 θαυμάσειε
3554 3087 3837 3156 γελῶντας

558 3202 727 3256 queo,
756 3184 897 3255 quod
942 3199 1005 3236 ea
1040 3196 1157 3252 qua:
1189 3179 1411 3236 minime
1457 3179 1678 3235 ridenda
1736 3189 1863 3234 sunt
1905 3181 2138 3247 rideant,

2250 3189 2347 3257 μὲν
2372 3190 2441 3241 τὰ
2474 3184 2800 3259 ἁχλεύαστα,
2840 3182 3346 3254 πεπηρωμένουςδὲ
3376 3181 3580 3243 αὐτοὺς
3602 3180 3836 3249 (Minari.

565 3278 778 3346 ipsique
812 3275 1029 3330 interim
1058 3274 1109 3327 in
1145 3287 1241 3328 sua
1282 3273 1615 3342 turpitudine
1660 3273 1918 3328 obcaecati
1947 3290 2129 3345 perse-

2238 3282 2303 3350 τῇ
2326 3279 2534 3332 ἑαυτῶν
2554 3280 2801 3350 αἰσχύνῃ,
2820 3276 2885 3346 ἦν
2914 3277 2970 3327 ὲν
3000 3274 3176 3341 ξύλοις
3206 3274 3300 3327 καὶ
3332 3272 3503 3336 λίθοις
3532 3271 3836 3333 ἀναθέντες

560 3380 775 3432 vereut,
805 3383 966 3437 quam
996 3366 1205 3420 scilicet
1236 3378 1295 3419 se
1322 3365 1373 3419 iu
1423 3364 1583 3433 lignis
1616 3374 1669 3418 et
1710 3364 1978 3434 lapidibus
2006 3382 2136 3421 con-

2245 3372 2335 3443 οὺχ
2360 3372 2549 3443 όρῶσι.
2586 3373 2733 3445 Πλὴν
2761 3374 2861 3426 οὐκ
2912 3367 3240 3439 ἀποροῦντος
3281 3369 3339 3419 ὲν
3389 3366 3703 3433 ἀποδείξεσι
3726 3367 3832 3420 τοῦ

564 3463 795 3518 stituere
820 3473 1161 3528 nequaquam
1196 3456 1500 3511 attendunt.
1551 3456 1748 3511 Verum
1803 3459 2138 3528 quandoqui-

2245 3462 2366 3534 παρ’
2397 3465 2528 3533 ἡμῖν
2568 3464 2760 3533 Λόγου,
2802 3463 2934 3535 φέρε
2966 3460 3061 3516 καὶ
3093 3458 3314 3521 τούτους
3349 3460 3414 3510 ὲκ
3444 3458 3555 3511 τῶν
3587 3458 3833 3527 εὐλόγων

564 3555 689 3606 dem
722 3552 890 3605 firma:
917 3548 1069 3603 nobis
1095 3562 1200 3601 non
1230 3547 1423 3600 desunt
1446 3547 1681 3602 rationes
1710 3550 1905 3616 quibus
1940 3565 2137 3606 nostra:

2245 3554 2662 3626 δυσωπήσωμεν,
2698 3554 2927 3625 μάλιστα
2956 3556 3047 3625 ἀφ’
3084 3559 3157 3608 ὡν
3183 3552 3275 3608 καὶ
3321 3552 3475 3604 αὐτοὶ
3497 3553 3662 3621 ἡμεῖς
3689 3550 3833 3622 ὁρῶ.

564 3644 829 3699 doctrinae
880 3643 1163 3696 veritatem
1208 3648 1493 3703 tueantur,
1528 3653 1659 3709 age,
1707 3641 1752 3695 si
1786 3642 1979 3711 placet,
2015 3642 2137 3697 illos

2245 3661 2359 3716 μεν.
2392 3645 2457 3697 Τί
2491 3646 2600 3716 γὰρ
2629 3647 2846 3710 ἄτοπον,
2878 3645 2911 3715 ἢ
2939 3646 2993 3698 τί
3031 3646 3226 3717 χλεύης
3261 3647 3388 3719 παρ’
3424 3646 3558 3719 ἡμῖν
3587 3648 3763 3712 ἀξιον,
3791 3642 3827 3717 ἦ

562 3750 785 3806 quoque
812 3735 954 3802 aptis
989 3730 1327 3799 argumentis
1359 3730 1691 3794 refellamus,
1727 3733 1960 3789 maxime
2009 3750 2135 3792 vero

2245 3736 2451 3800 πάντως
2475 3738 2554 3791 ὃτι
2583 3737 2673 3791 τὸν
2698 3738 2867 3805 Λόγον
2900 3738 2958 3789 ὲν
2991 3737 3199 3809 σώματι
3229 3739 3651 3809 πεφανερῶσθαι
3669 3740 3831 3809 λέγο-

560 3845 626 3882 ex
679 3828 765 3882 his
812 3826 947 3896 ipsis
999 3839 1119 3893 qua:
1177 3823 1494 3891 nosmetipsi
1553 3823 1940 3894 conspicimus.
1994 3826 2132 3894 Quid

2245 3844 2369 3898 μεν;
2412 3826 2572 3881 Ἀλλά
2623 3828 2781 3881 τοῦτο
2822 3828 2917 3883 καὶ
2985 3830 3138 3885 αὐτοὶ
3189 3832 3688 3901 συνομολογήσουσι
3746 3832 3826 3903 μὴ

560 3920 706 3974 enim
742 3917 882 3971 aliud
912 3916 1206 3970 absurdum
1240 3922 1294 3967 et
1336 3911 1619 3971 ridiculum
1650 3915 1789 3983 apud
1847 3930 1946 3969 nos
1990 3932 2135 3985 repe-

562 4012 730 4074 riunt,
775 4020 937 4075 quam
971 4005 1115 4073 quod
1149 4000 1384 4058 Verbum
1434 4003 1487 4057 in
1542 4019 1768 4075 corpore
1816 4007 2133 4074 apparuisse

560 4100 836 4156 dicimus?
898 4099 1059 4168 Atqui
1121 4100 1221 4152 hoc
1274 4098 1449 4167 ipsum
1512 4113 1619 4153 non
1661 4099 1895 4152 absurde
1924 4098 2129 4152 factum

558 4198 730 4250 fuisse
786 4194 888 4265 ipsi
953 4193 1114 4247 etiam
1180 4192 1556 4257 consentient,
1595 4192 1638 4245 si
1672 4192 1829 4248 modo
1885 4192 2132 4246 veritatis

558 4298 830 4343 amatores
858 4299 978 4340 esse
1002 4285 1201 4339 volent.
1235 4284 1521 4339 Enimvero
1546 4282 1590 4337 si
1623 4283 1854 4338 Verbum
1889 4282 1980 4336 Dei
2010 4296 2133 4338 esse

553 4382 717 4451 plane
750 4380 1078 4441 inficiantur,
1112 4377 1301 4429 inscite
1331 4383 1621 4445 nugantur,
1654 4372 1780 4425 dum
1805 4373 1870 4427 de
1900 4374 1983 4428 his
2010 4389 2131 4443 qua:

556 4473 809 4528 nesciunt
837 4471 1033 4523 rident.
1072 4466 1176 4521 Sed
1205 4466 1251 4519 si
1280 4464 1515 4520 Verbum
1545 4462 1639 4518 Dei
1668 4479 1789 4518 esse
1804 4466 2127 4530 concedunt,

2233 3917 2447 3982 ἀτόπως
2480 3920 2840 3990 γεγενῆσθαι,
2873 3910 3074 3994 ἐάνπερ
3122 3921 3221 3992 τῆς
3255 3922 3513 3993 ἀληθείας
3553 3924 3824 3992 γένωνται

2234 4009 2397 4078 φίλοι.
2428 4010 2490 4064 El
2520 4012 2616 4082 μὲν
2644 4008 2737 4065 οῦν
2770 4013 2907 4077 ὅλως
2939 4014 3223 4085 ἀρνοῦνται
3258 4014 3430 4081 Λόγον
3460 4010 3604 4069 εἶναι
3657 4015 3820 4079 Θεοῦ,

2235 4100 2502 4171 περιττῶς
2526 4102 2757 4165 ποιοῦσι,
2810 4105 2938 4173 περὶ
2969 4099 3029 4157 οὗ
3062 4104 3134 4175 μὴ
3168 4105 3313 4157 ἴσασι
3341 4104 3732 4174 χλευάζοντεςο
3769 4106 3819 4157 εί

2230 4190 2289 4244 δὲ
2310 4192 2629 4262 ὁμολογοῦσι
2662 4195 2832 4262 Λόγον
2866 4192 3002 4248 εἶναι
3035 4196 3189 4261 Θεοῦ,
3226 4196 3320 4249 καὶ
3346 4196 3538 4249 τοῦτον
3567 4195 3819 4267 ἡγεμόνα

2229 4282 2324 4337 τοῦ
2356 4285 2571 4349 παντὸς,
2626 4286 2720 4339 καὶ
2753 4288 2810 4339 ὲν
2844 4286 2991 4357 αὐτῷ
3038 4289 3128 4341 τὸν
3154 4289 3377 4359 Πατέρα
3408 4288 3817 4359 δεδημιουργη-

2230 4376 2388 4431 κέναι
2412 4378 2510 4449 τὴν
2545 4378 2743 4443 κτίσιν,
2778 4380 2872 4432 καὶ
2904 4383 2969 4449 τῇ
3000 4379 3186 4431 τούτου
3221 4379 3452 4450 προνοίᾳ
3480 4380 3550 4433 τά
3578 4379 3672 4433 ὅλα
3698 4399 3820 4450 φω-

2229 4469 2494 4533 τίζεσθαι,
2515 4472 2607 4523 καὶ
2623 4468 3023 4539 ζωογονεῖσθαι,
3050 4471 3144 4523 καὶ
3167 4466 3325 4534 εἶναι,
3355 4473 3450 4523 καὶ
3471 4472 3566 4525 ἐπὶ
3593 4474 3817 4525 πάντων

552 4566 839 4634 ipsumque
873 4559 1108 4614 universi
1133 4568 1396 4613 rectorem
1427 4570 1547 4610 esse
1570 4597 1584 4621 ,
1608 4567 1664 4609 et
1704 4556 1757 4608 iu
1796 4555 1885 4610 illo
1914 4554 2128 4609 Patre-tu

2245 4560 2393 4613 ιύτὸν
2453 4560 2774 4631 βασιλεύειν,
2814 4563 2888 4625 ὡς
2934 4566 2997 4615 ἐκ
3050 4560 3156 4616 τῶν
3191 4560 3367 4631 ἔργων
3400 4562 3501 4631 τῆς
3551 4564 3815 4642 προκρίῆ

554 4658 813 4711 mundum
844 4667 1081 4716 creasse,
1109 4651 1295 4706 omnia
1343 4648 1574 4717 denique
1614 4649 1733 4717 ejus
1786 4649 2123 4716 providentia

557 4745 874 4807 illuminari,
908 4746 1091 4798 vivere
1127 4752 1180 4794 et
1218 4755 1357 4800 esse,
1387 4754 1449 4793 ac
1485 4738 1600 4804 ejus
1639 4739 1870 4807 imperio
1911 4739 2121 4808 subjici,

556 4843 629 4894 ita
650 4846 713 4891 ut
747 4851 811 4891 ex
846 4834 1195 4904 providentia:
1220 4831 1501 4887 ell'ectihus
1555 4840 1611 4885 et
1656 4831 1831 4901 ipsum
1891 4829 2120 4887 Verbum

557 4935 932 4999 cognoscatur,
961 4933 1013 4980 et
1075 4941 1171 4994 per
1223 4924 1457 4987 Verbum
1502 4922 1702 4978 Pater:
1752 4922 1895 4983 vide,
1920 4935 2120 4988 quazso,

554 5036 623 5076 an
662 5035 765 5075 non
793 5018 973 5089 potius
1009 5017 1109 5086 ipsi
1141 5017 1310 5070 risum
1350 5017 1612 5068 adversus
1671 5012 1882 5080 seipsos
1918 5010 2136 5083 impru-_

552 5118 745 5170 dcuter
767 5112 1059 5166 concitent.
1098 5109 1372 5169 Mundum.
1416 5125 1672 5178 maguum
1696 5107 1967 5176 quoddam
2004 5121 2125 5159 cor-

550 5222 650 5277 pus
676 5220 795 5259 esse
822 5203 1015 5258 docent
1047 5204 1276 5272 gentiles
1307 5200 1606 5270 philosophi
1634 5239 1651 5265 ,
1686 5213 1786 5254 nec
1817 5198 1904 5252 hic
1940 5213 1971 5250 a
1998 5212 2123 5252 vero

621 5323 641 5353 ³
668 5319 817 5373 Psal.
853 5334 1015 5374 cxvii.
1045 5316 1136 5372 20.
1216 5316 1236 5347 ⁸
1270 5316 1367 5368 lsa.
1398 5330 1551 5376 ωιιιι.
1584 5315 1638 5370 9.

622 5416 733 5485 (Si)
759 5412 850 5468 Sic
888 5410 1237 5485 Anglicanus,
1266 5406 1656 5485 fioblelriauus.‘
1677 5406 2121 5485 et‘ii‘elrkmanui

554 5488 576 5540 ι
617 5475 1182 5554 ιιιιοήγιιιιιεηᾏΙίί-ει
1225 5476 1704 5554 editio_Cnn_iuie|.,
1730 5477 1948 5554 βλέποι.
2001 5475 2123 5554 Mox

549 5557 712 5610 ﬁdem
734 5547 788 5608 εἰ
823 5549 1135 5605 Basiliensis
1161 5548 1360 5600 habent
1391 5547 1658 5616 ἀρνεῖται,
1692 5548 1778 5599 ubi
1806 5548 1894 5598 alii
1927 5554 1982 5597 et
2005 5548 2122 5598 edi-

553 5627 627 5678 tio
667 5622 954 5685 Commel.,
998 5620 1057 5671 οὐ
1102 5616 1308 5687 βλέποι.
1341 5616 1678 5669 Omnibonus
1721 5626 1774 5667 et
1808 5616 2125 5669 Ambrosius

552 5693 979 5748 (Zamnlduleusis
1002 5687 1539 5757 ιεεειηιιιιηάρνεῖται.

626 5764 734 5830 (55)
763 5761 925 5813 una
959 5752 1200 5830 deest_in
1240 5752 1659 5830 Go’lill-riauqet
1708 5752 2049 5830 I'Zelrkmauni
2094 5754 2117 5807 1

563 5822 853 5903 αηοιιῂιιισ.
882 5830 1081 5885 Ibidem
1117 5824 1479 5893 Segueriauus
1510 5825 1690 5889 habet,
1725 5822 1983 5892 ἔφθαςαν.

2231 4652 2590 4721 γινώσκεσθαι
2620 4656 2801 4717 αὑτὸν,
2853 4657 2948 4708 καὶ
2979 4656 3045 4708 δι’
3070 4654 3233 4709 αὑτοῦ
3278 4655 3369 4708 τὸν
3392 4656 3647 4726 Πατέρα·
3684 4658 3818 4710 σκό-

2231 4761 2341 4807 πει,
2368 4744 2684 4815 παρακαλῶ,
2710 4747 2755 4797 εί
2782 4744 2854 4815 μὴ
2875 4746 2971 4816 τὴν
2993 4744 3188 4816 χλεύην
3212 4746 3333 4799 καθ’
3355 4746 3569 4798 ἑαυτῶν
3593 4746 3816 4801 κινοῦνο

2228 4854 2318 4900 τες
2345 4837 2616 4905 ἀγνοοῦσι.
2654 4838 2757 4891 Τὸν
2784 4838 2983 4909 κόσμον
3020 4836 3177 4908 σῶμα
3211 4836 3351 4908 μέγα
3381 4839 3548 4907 φασὶν
3578 4834 3717 4893 εἶναι
3760 4843 3817 4893 οἱ

2227 4928 2334 4980 τῶν
2360 4927 2638 4999 Ἑλλήνων
2690 4930 2991 4999 φιλόσοφοι,
3027 4930 3123 4983 καὶ
3156 4929 3479 5001 ἀληθεύουσι
3530 4929 3812 4998 λέγοντες

2226 5019 2441 5090 ὁρῶμεν
2479 5019 2586 5091 γὰρ
2617 5021 2778 5074 αὐτὸν
2832 5022 2926 5076 καὶ
2957 5021 3027 5075 τὰ
3063 5020 3250 5075 τούτου
3284 5023 3425 5094 μέρη
3458 5025 3581 5086 ταῖς
3613 5022 3816 5093 αἰσθή-

2230 5126 2378 5164 σεσιν
2421 5110 2810 5165 ὑποπίπτοντα.
2842 5112 2904 5165 Εί
2930 5112 3107 5166 τοίνυν
3144 5111 3203 5165 ὲν
3241 5110 3318 5181 τῷ
3362 5112 3555 5183 κόσμῳ
3588 5112 3812 5182 σώματι

2198 5186 2340 5253 ’ὄντι
2366 5202 2396 5254 ὁ
2422 5200 2517 5255 τοῦ
2558 5201 2697 5255 θεοῦ
2738 5202 2909 5269 Λόγος
2946 5200 3086 5269 ἐστὶ,
3135 5200 3232 5256 καὶ
3262 5202 3320 5254 ὲν
3359 5202 3505 5265 ὅλοις
3550 5206 3643 5257 καὶ
3686 5206 3815 5266 τοῖς

2293 5406 2407 5477 (δι)
2437 5401 2542 5460 Οὗν
2575 5406 2663 5461 hic
2703 5405 2903 5459 habent
2931 5400 3719 5477 Seguerianus.“Basiliepsts,
3754 5413 3817 5453 et

2220 5472 2598 5545 Anglicanus;
2621 5478 2879 5528 omittunt
2911 5490 3041 5545 vero
3058 5473 3177 5545 _alii_
3194 5484 3245 5527 et
3272 5475 3439 5545 editi._
3458 5472 3626 5524 Paulo
3652 5484 3811 5539 post.

2220 5542 2325 5614 pro
2348 5544 2530 5608 θυσία,
2563 5542 2921 5599 Goblerianus
2943 5554 2998 5599 et
3033 5542 3385 5597 Felcktuanui
3420 5542 3443 5594 i
3491 5556 3818 5611 auouytttus

2219 5617 2420 5671 habent
2448 5614 2647 5667 θυσίαι.

2292 5686 2404 5753 (55)
2434 5684 2781 5751 Anglicanus,
2819 5683 3055 5753 εὐθεῖαν.

2291 5746 2404 5821 (56)
2436 5746 2640 5816 Λύτούς
2666 5754 2817 5824 dei-st
2842 5756 2892 5808 in
2924 5752 3146 5824 Seguer.
3173 5761 3227 5807 ct
3257 5751 3494 5820 Anglic;
3514 5746 3677 5802 Basil.
3707 5763 3817 5802 ve-

2220 5842 2279 5881 ro
2315 5827 2471 5881 habet
2507 5822 2749 5878 ἑαυτούς,
