4006 6500
234 384 321 438 169

1214 375 1477 433 ORATIO
1513 376 1601 431 DE
1642 376 2165 436 INCARNAT'IONE
2207 374 2434 431 νείκει.

3358 374 3466 434 1Ἶο

228 501 347 556 κατά
378 499 541 570 μέρος
571 498 750 553 αὐτῶν
785 501 949 553 πᾶσιν
976 498 1270 569 ἐπιϐέϐηκε
1290 516 1305 533 ο
1335 499 1389 552 τί
1416 499 1725 570 θαυμαστὸν
1746 502 1779 570 ἢ

1895 502 2163 557 aberrant.
2188 500 2448 556 Mundum
2497 498 2640 553 enim
2706 498 2933 568 ejusque
2977 508 3158 569 partes
3214 503 3465 556 sensibus

226 594 268 645 τί
292 593 495 653 ἄτοπον,
525 591 575 643 εί
607 590 703 645 καὶ
742 594 799 645 ὲν
823 589 1092 663 ἀνθρώπῳ
1118 591 1301 661 φαμὲν
1330 590 1493 644 αὑτὸν
1518 590 1779 662 ἐπιϐεϐη-

228 683 389 749 κέναι;
434 683 496 735 Εἰ
537 682 645 754 γὰρ
684 683 883 737 ἄτοπον
920 683 1055 747 ὅλως
1082 686 1139 736 ὲν
1185 683 1397 754 σώματι
1436 684 1596 737 αὐτὸν
1629 684 1781 752 γενέ-

230 776 350 837 σθαι,
386 775 583 829 ἄτοπον
625 775 693 829 ἂν
724 776 807 846 εἴη
850 778 942 829 καὶ
980 779 1037 829 ἐν
1072 776 1149 846 τῷ
1182 776 1343 828 παντὶ
1371 775 1559 829 τοῦτον
1596 776 1780 828 ἐπιϐε-

229 867 448 935 6ηκέναι,
484 868 578 919 καὶ
608 867 679 919 τὰ
720 868 899 921 πάντα
930 867 1481 941 τῇκπρονοίᾳέαυτοῦ
1524 866 1780 935 φωτίζειν

228 959 305 1012 καὶ
330 962 516 1012 κινείψ
551 958 712 1029 σῶμα
730 960 838 1031 γάρ
871 961 984 1013 ἐστι
1018 961 1111 1013 καὶ
1132 961 1191 1013 τὸ
1224 959 1362 1016 ὅλον.
1399 960 1464 1013 El.
1497 958 1554 1012 δὲ
1585 959 1663 1030 τῷ
1690 960 1781 1012 κό-

229 1067 329 1120 σμῳ
360 1051 541 1103 τοῦτον
568 1052 873 1105 ἐπιϐαίνειν
898 1054 991 1105 καὶ
1008 1055 1062 1106 ἒν
1086 1052 1191 1123 ὅλῳ
1220 1052 1386 1107 αὑτὸν
1411 1049 1773 1123 γνωρίζεσθαι

228 1142 419 1211 πρέπει,
458 1143 661 1213 πρέποι
708 1142 775 1197 ἄν
811 1146 901 1197 καὶ
929 1146 985 1196 ὲν
1016 1144 1337 1215 ἀνθρωπίνῳ
1379 1142 1591 1213 σώματι
1619 1144 1780 1198 αὑτὸν

227 1233 595 1300 ἔπιφαίνὲσθαι,
649 1237 749 1289 καὶ
785 1238 887 1290 ὑπὸ
920 1236 1082 1289 αὑτοῦ
1116 1235 1273 1289 τοῦτο
1311 1235 1641 1303 φωτίζεσθαι
1686 1236 1782 1288 καὶ

226 1326 455 1395 ἐνεργεῖν.
486 1327 674 1398 Μέρος
696 1328 805 1400 γὰρ
843 1328 936 1381 τοῦ
977 1317 1177 1391 παντὸς
1206 1328 1300 1381 καὶ
1327 1328 1388 1379 τὸ
1426 1325 1537 1379 τῶν
1574 1324 1782 1397 ἀνθρώ-

227 1432 321 1466 πων
365 1416 479 1467 ἐστὶ
524 1418 710 1485 γένος.
768 1419 878 1471 Kal
932 1420 980 1471 εί
1030 1419 1093 1471 τὸ
1152 1418 1315 1488 μέρος
1354 1417 1603 1487 ἀπρεπές
1632 1418 1782 1469 ἐστιν

226 1507 427 1577 ὄργανον
455 1509 625 1562 αὐτοῦ
675 1511 923 1579 γίνεσθαι
958 1511 1093 1581 πρὸς
1120 1510 1217 1581 τὴν
1244 1511 1343 1580 τῆς
1365 1509 1618 1579 θεότητος
1641 1508 1784 1578 γνῶ-

226 1617 308 1663 σιν,
339 1600 687 1655 ἀτοπώτατον
711 1602 776 1656 ἂν
804 1605 886 1674 εἴη
914 1605 1007 1657 καὶ
1034 1602 1100 1656 δι’
1120 1602 1241 1656 ὅλου
1276 1602 1370 1654 τοῦ
1407 1601 1610 1671 κόσμου
1643 1619 1784 1670 γνω-

223 1692 439 1762 ρίζεσθαι
456 1694 655 1748 τοῦτον
679 1696 817 1764 (57).

1885 589 2077 657 subjici
2113 590 2377 644 videmus.
2407 587 2463 644 Si
2496 589 2658 657 igitur
2687 585 2739 641 in
2769 590 2987 655 mundo,
3024 591 3115 659 qui
3141 605 3336 660 corpus
3356 603 3461 651 est.

1889 681 1983 736 Dei
2017 682 2249 737 Verbum
2274 690 2377 744 est,
2414 680 2459 735 si
2512 681 2562 735 in
2612 682 2864 735 omnibus
2916 690 2971 734 et
3025 682 3253 752 singulis
3295 684 3462 737 rebus

1887 774 2142 839 exsistit;
2180 774 2308 843 quid
2360 774 2676 828 incredibile
2713 773 2793 827 vel
2824 773 2951 842 quid
2978 772 3272 827 absurdum
3313 775 3462 827 vidc-

1890 874 1999 926 tur,
2025 865 2069 919 si
2115 866 2291 934 ipsum
2325 880 2540 935 quoque
2580 866 2633 919 in
2691 864 2907 919 homine
2962 878 3080 919 esse
3124 865 3464 921 asserimus?

1889 955 2023 1009 Nam
2075 956 2119 1011 si
2183 954 2413 1011 Verbum
2468 958 2520 1011 in
2579 971 2806 1026 corpore
2843 957 3107 1011 exsistere
3156 957 3457 1027 generatim

1889 1048 2180 1102 absurdum
2233 1056 2338 1114 est,
2399 1050 2689 1103 absurdum
2739 1063 2955 1117 quoque
2990 1048 3153 1103 fuerit
3202 1049 3375 1119 ipsum
3404 1049 3457 1103 in

1886 1138 2140 1193 universo
2179 1140 2380 1193 mundo
2415 1140 2680 1193 exsistere
2706 1140 2996 1209 omniaque
3046 1155 3139 1193 sua
3173 1140 3461 1209 provideri.

1886 1230 1959 1283 tia
1987 1230 2257 1283 illustrare
2287 1240 2341 1283 et
2365 1245 2615 1297 movere;
2642 1231 2905 1299 siquidem
2943 1246 3141 1301 corpus
3164 1243 3246 1287 est
3276 1247 3457 1285 rerum

1888 1321 2236 1377 universitas.
2274 1320 2369 1374 Sin
2406 1330 2582 1375 autem
2614 1321 2842 1377 Verbum
2882 1322 2934 1376 in
2963 1322 3162 1377 mundo
3192 1324 3458 1379 exsiStcrc

1887 1422 1941 1469 et
1980 1415 2032 1467 in
2064 1412 2316 1466 universo
2341 1420 2525 1466 notum
2558 1411 2673 1465 ﬁeri
2730 1412 2963 1466 maxime
3012 1413 3293 1479 convenit,
3358 1429 3459 1467 nec

1885 1505 2052 1560 etiam
2076 1503 2462 1558 inconveniens
2494 1503 2601 1557 erit
2632 1502 2807 1573 ipsum
2852 1502 2905 1557 in
2943 1506 3182 1559 humano
3228 1520 3459 1575 corpore

1883 1610 2165 1666 apparere,
2191 1594 2433 1664 illudque
2465 1595 2532 1648 ab
2563 1609 2628 1649 eo
2664 1594 2960 1649 illuminari
3005 1606 3058 1649 et
3113 1596 3220 1651 vim
3267 1597 3456 1667 agendi

1882 1686 2115 1741 habere:
2161 1701 2286 1754 pars
2326 1686 2471 1739 enim
2514 1684 2751 1741 universi
2808 1696 2891 1740 est
2943 1687 3218 1741 hominum
3268 1701 3455 1756 genus.

226 1782 352 1837 Unde
372 1785 415 1839 si
462 1797 709 1855 partem,
741 1788 858 1856 ejus
912 1786 1329 1842 instrumentum
1384 1785 1450 1840 ad
1494 1783 1789 1839 divinitatis
1826 1777 2245 1849 patefactionem
2301 1776 2419 1830 fieri
2488 1776 2732 1841 dedecet,
2764 1786 2910 1833 certe
2936 1778 3329 1848 perabsurdum
3383 1780 3457 1833 si-

226 1875 397 1928 militer
418 1876 590 1930 fuerit
652 1878 829 1948 ipsum
867 1894 960 1947 per
1025 1880 1334 1934 universum
1385 1882 1641 1934 mundum
1688 1874 1963 1946 cognosci.
1997 1924 2009 1938 ,

276 1967 353 2021 ιε.
384 1969 603 2042 ’Ὠσπερ
643 1971 777 2043 γὰρ,
819 1971 940 2024 ὃ)ου
979 1971 1070 2025 τοῦ
1118 1971 1367 2043 σώματος
1406 1975 1510 2027 ὑπὸ
1552 1972 1645 2026 τοῦ
1691 1974 1783 2026 ἁν-

1956 1968 2046 2022 42.
2079 1963 2148 2022 Ut
2179 1968 2323 2022 enim
2356 1965 2593 2023 insulsus
2620 1966 2707 2023 ille
2732 1982 2836 2022 non
2870 1968 3141 2024 immerito
3170 1970 3456 2026 haberetur

221 2056 407 2127 θρώπου
452 2063 860 2133 ἐνεργουμένου
908 2065 1001 2117 καὶ
1043 2064 1431 2135 φωτιζομένου,
1481 2065 1535 2117 εί
1570 2082 1651 2128 τις
1694 2064 1783 2116 λέ-

220 2166 289 2216 τοι
335 2152 539 2206 ἄτοπον
574 2150 720 2206 εἶναι
754 2155 848 2207 καὶ
882 2157 939 2207 ἐν
973 2154 1048 2225 τῷ
1075 2155 1321 2227 δακτύλῳ
1366 2155 1460 2209 τοῦ
1490 2156 1646 2219 ποδὸς
1684 2155 1785 2226 τὴν

218 2241 416 2313 δύναμιν
445 2241 598 2298 εἶναι
653 2245 751 2298 τοῦ
799 2246 1107 2317 ἀνθρώπου,
1135 2248 1358 2318 ἀνόητος
1389 2247 1453 2301 ἂν
1483 2246 1783 2317 νομισθείη,

218 2332 302 2394 ὅτι,
328 2334 506 2399 διδοὺς
531 2337 592 2388 ὲν
624 2335 704 2406 τῷ
729 2336 834 2407 ὅλῳ
862 2338 1021 2390 αὑτὸν
1050 2338 1367 2391 διῖκνεῖσθαι
1398 2339 1489 2390 καὶ
1522 2340 1783 2409 ἐνεργεῖν,

218 2423 385 2478 κωλύει
408 2427 512 2479 καὶ
542 2429 601 2479 ὲν
624 2428 706 2495 τῷ
735 2427 891 2498 μέρει
937 2429 1096 2482 αὐτὸν
1147 2426 1305 2482 εἶναι’
1356 2428 1525 2492 οὕτως
1559 2430 1599 2480 ὀί
1614 2428 1789 2491 διδοὺς

218 2515 295 2566 καὶ
321 2518 622 2579 πιστεύων,
652 2517 745 2570 τὸν
778 2518 871 2570 τοῦ
904 2518 1038 2571 Θεοῦ
1078 2519 1248 2587 Λόγον
1295 2519 1405 2588 (58)
1432 2521 1489 2571 ὲν
1521 2518 1599 2588 τῷ
1628 2519 1789 2571 παντὶ

218 2601 349 2669 εἶναι,
394 2611 497 2662 καὶ
543 2609 606 2661 τὸ
664 2611 772 2662 πᾶν
805 2610 894 2662 ὑπ’
931 2610 1094 2675 αὑτοῦ
1129 2609 1454 2679 φωτίζεσθαι
1496 2613 1589 2664 καὶ
1626 2613 1789 2663 κινεῖ-

220 2697 337 2761 σθαι,
358 2701 462 2754 οὐκ
485 2700 697 2753 ἄτοπον
729 2699 796 2753 ἂν
820 2702 1110 2771 ἡγήσηται,
1147 2702 1240 2756 καὶ
1274 2701 1432 2773 σῶμα
1456 2702 1513 2755 ἒν
1551 2702 1656 2771 ('59)
1693 2705 1785 2755 ἀν-

218 2788 464 2859 θρώπινον
503 2793 598 2845 ὑπ’
633 2790 798 2845 αὐτοῦ
834 2792 1096 2845 κινεῖσθαι
1128 2793 1221 2845 καὶ
1256 2794 1601 2862 φωτίζεσθαι.
1635 2794 1785 2858 Εἱδὲ,

216 2881 278 2934 ὃτι
312 2884 547 2955 γενητόν
582 2888 724 2948 ἐστι,
760 2886 852 2939 καὶ
878 2886 935 2949 ἐξ
967 2888 1065 2939 οὐκ
1084 2888 1252 2940 ὅντων
1285 2888 1472 2955 γέγονε
1502 2888 1562 2939 τὸ
1582 2887 1676 2940 ἀνο
1688 2887 1789 2958 ρώ-

218 2989 344 3027 πινον
365 2977 557 3043 γένος,
585 2976 676 3029 διὰ
706 2975 861 3029 τοῦτο
880 2977 980 3029 οὐκ
1007 2977 1255 3047 εὐπρεπῆ
1288 2977 1595 3047 νομίζουσιν
1643 2979 1790 3047 ἡμᾶς

214 3061 361 3132 λέγειν
387 3068 497 3138 τὴν
530 3068 589 3119 ἐν
613 3065 886 3137 ἀνθρώπῳ
908 3066 1002 3120 τοῦ
1036 3068 1283 3137 Σωτῆρος
1316 3067 1652 3135 ἐπιφάνειαν·
1672 3066 1790 3137 ὦρα

216 3158 290 3208 καὶ
313 3159 416 3225 τῆς
450 3158 689 3220 κτίσεως
710 3158 905 3221 αὐτοὺς
923 3158 1079 3211 αὑτὸν
1099 3158 1399 3211 ὲκϐἀλλειψ
1441 3158 1534 3211 καὶ
1564 3158 1672 3229 γὰρ
1698 3158 1790 3211 καὶ

217 3246 331 3319 αῦτη
365 3251 442 3301 ἐκ
465 3247 562 3300 τοῦ
600 3248 675 3319 μὴ
707 3246 858 3310 ὄντος
880 3249 963 3310 εἰς
1006 3248 1064 3300 τ’)
1095 3244 1231 3301 εἶναι
1259 3248 1346 3301 διὰ
1374 3247 1465 3301 τοῦ
1490 3247 1665 3315 Λόγου
1692 3246 1787 3315 γέ-

1884 2057 1999 2129 qui.
2035 2073 2155 2112 cum
2181 2064 2347 2110 totum
2372 2071 2567 2123 corpus
2612 2059 2680 2111 ab
2720 2058 2937 2113 homine
2960 2070 3242 2115 moveatur
3260 2072 3316 2115 et
3338 2060 3458 2115 illu-

1889 2148 2125 2202 minetur
2150 2147 2280 2218 67,
2310 2147 2600 2202 absurdum
2628 2164 2750 2204 esse
2780 2150 2982 2205 diceret
3013 2150 3064 2205 in
3102 2152 3253 2222 pedis
3289 2153 3457 2222 digito

1886 2241 2138 2295 virtutem
2170 2240 2403 2295 hominis
2428 2241 2711 2306 exsistere,
2731 2241 2857 2311 quia
2882 2244 3088 2299 scilicet
3109 2260 3230 2299 cum
3262 2260 3459 2299 conce-

1887 2331 1967 2387 dit
1996 2334 2171 2401 ipsum
2208 2334 2259 2386 in
2298 2342 2414 2388 toto
2436 2349 2664 2403 corpore
2686 2350 2806 2388 esse
2831 2347 2885 2390 et
2914 2353 3093 2404 agere,
3117 2352 3237 2391 eum
3274 2348 3453 2391 tamen

1895 2423 1950 2478 in
1980 2434 2135 2494 parte
2157 2439 2283 2479 esse
2314 2441 2420 2480 non
2444 2428 2555 2481 vult
2587 2444 2600 2479 :
2636 2430 2707 2483 ita
2736 2430 2823 2499 qui
2857 2430 3054 2483 fatetur
3084 2438 3137 2484 et
3156 2431 3330 2485 credit
3360 2429 3453 2484 Dei

1890 2514 2125 2570 Verbum
2158 2515 2210 2568 in
2240 2517 2495 2572 universo
2519 2534 2660 2584 esse,
2695 2529 2973 2590 totumque
3005 2521 3258 2574 mundum
3285 2522 3353 2576 ab
3392 2538 3455 2577 eo

1891 2607 2185 2662 illuminari
2218 2618 2273 2663 et
2320 2612 2550 2675 moveri,
2599 2612 2723 2667 huic
2772 2628 2901 2667 sane
2946 2613 3242 2667 absurdum
3285 2612 3455 2668 videri

1889 2714 1994 2753 non
2045 2700 2227 2765 debet,
2282 2702 2326 2755 si
2371 2718 2533 2755 unum
2581 2718 2777 2772 corpus
2814 2705 3105 2758 humanum
3151 2705 3217 2757 ab
3269 2704 3456 2758 eodem

1889 2801 2174 2847 moveatur
2206 2802 2259 2847 et
2286 2793 2639 2849 illuminetur.
2668 2794 2820 2861 Quod
2852 2796 2896 2849 si
2924 2796 3047 2863 quia
3081 2796 3278 2849 factum
3302 2805 3357 2849 et
3390 2810 3457 2849 ex

1890 2883 2059 2937 nihilo
2091 2895 2331 2939 creatum
2381 2883 2482 2938 fuit
2534 2885 2830 2939 humanum
2876 2901 3063 2955 genus,
3116 2886 3319 2940 idcirco
3358 2901 3457 2939 nos

1891 2974 1959 3028 ab
1987 2989 2051 3028 eo
2078 2974 2219 3043 quod
2252 2977 2509 3029 decorum
2543 2985 2627 3029 est
2673 2976 2926 3031 recedere
2960 2975 3291 3039 existimant,
3333 2993 3455 3030 cum

1892 3063 2231 3119 Salvatorem
2260 3066 2310 3118 in
2333 3066 2572 3120 humano
2598 3081 2825 3135 corpore
2850 3068 3165 3136 apparuisse
3186 3068 3418 3120 dicimus
3441 3086 3453 3119 :

1892 3170 2016 3211 eum
2050 3172 2263 3226 quoque
2299 3158 2414 3226 pari
2465 3159 2671 3213 ratione
2700 3175 2761 3212 ex
2798 3159 2994 3211 mundo
3028 3157 3320 3212 excludere
3364 3158 3459 3211 dc-

1895 3251 2041 3312 bent,
2080 3250 2275 3319 quippe
2317 3250 2429 3319 qui,
2463 3260 2522 3302 ut
2549 3260 2714 3315 esset,
2761 3265 2829 3305 ex-
2877 3249 3048 3304 nihilo
3090 3264 3185 3318 per
3223 3247 3457 3304 Verbum

214 3355 367 3404 γονεν.
404 3340 575 3403 Είδὲ,
634 3340 731 3392 καὶ
787 3339 1017 3409 τενητῆς
1066 3339 1231 3410 οῢ⁴σης
1257 3341 1355 3411 τῆς
1390 3340 1637 3403 κτίσεως,
1692 3341 1791 3393 οὐκ

1897 3338 2074 3394 factus
2107 3342 2197 3393 sit.
2234 3342 2335 3394 Sed
2366 3341 2409 3394 si
2438 3342 2686 3410 quamvis
2717 3341 2946 3396 mundus
2990 3339 3161 3394 factus
3190 3350 3293 3404 est,
3321 3337 3457 3391 Ver-

214 3432 398 3485 ἀτοπον
426 3434 485 3484 ὲν
517 3432 657 3501 αὐτῇ
688 3431 782 3483 τὸν
813 3432 981 3500 Λόγον
1016 3427 1174 3496 εἶναι,
1205 3432 1305 3484 οὐκ
1327 3432 1433 3502 ἄρα
1462 3432 1579 3484 οὐδὲ
1614 3434 1669 3484 ὲν
1702 3434 1795 3484 ἀν-

214 3521 404 3593 θρὼπῳ
457 3522 621 3574 αὐτον
647 3516 789 3574 εἶναι
812 3522 1029 3575 ἄτοπον.
1070 3523 1259 3575 Ὀποῖα
1282 3526 1389 3593 γὰρ
1434 3521 1498 3576 ἂν
1526 3523 1654 3593 περὶ
1700 3522 1793 3575 τοῦ

214 3613 316 3666 ὅλου
382 3615 661 3684 νοήσειαν,
698 3613 1173 3699 τοιαῦταηάνάγκη
1224 3616 1322 3673 ,καὶ
1379 3612 1491 3684 (40)
1529 3615 1653 3684 περὶ
1699 3612 1794 3666 τοῦ

217 3705 407 3775 μέρους
439 3706 640 3769 αὐτοὺς
664 3704 1033 3773 ἐνθυμεῖσθαι’
1077 3705 1240 3776 μέρος
1273 3704 1399 3775 γὰρ,
1418 3706 1493 3768 ὼς
1514 3707 1793 3775 προεῖπον,

214 3796 293 3848 τοῦ
334 3797 466 3851 ὅλου
496 3798 593 3853 καὶ
626 3798 655 3849 ό
711 3795 996 3867 ἄνθρωπός
1047 3797 1213 3848 ἐστιν.
1272 3796 1481 3849 Οὐκοῦν
1518 3796 1653 3859 ὅλως
1700 3798 1797 3848 οὐκ

220 3887 457 3957 ἀπρεπὲς
486 3888 550 3939 τὸ
581 3889 640 3939 ὲν
673 3884 947 3957 ἀνθρώπῳ
976 3881 1112 3939 εἶναι
1153 3885 1243 3939 τὸν
1270 3886 1460 3955 Λόγον,
1490 3886 1585 3938 καὶ
1625 3885 1799 3938 πάντα

212 3980 298 4031 ὑπ’
338 3979 507 4033 αὑτοῦ
553 3980 651 4032 καὶ
694 3979 757 4030 ἐν
781 3976 931 4047 αὑτῷ
972 3976 1319 4046 φωτίζεσθαι,
1356 3977 1449 4031 καὶ
1512 3977 1796 4041 κινεῖσθαι,

218 4071 307 4123 καὶ
340 4070 459 4141 ζῇν,
510 4068 695 4131 καθὼς
737 4067 831 4141 καλ.
876 4069 1080 4138 οἰ-παρ’
1111 4068 1293 4129 αὐτοῖς
1346 4070 1677 4135 συγγραφεῖς
1707 4084 1801 4134 φα-

224 4178 322 4225 σιν,
345 4138 445 4215 ὅτι·
477 4163 577 4214 Ἐν
591 4158 754 4225 αὐτῷ
778 4138 987 4228 (tuter,
1006 4159 1099 4211 καὶ
1115 4160 1450 4226 κινούμεθα,
1469 4158 1568 4212 καὶ
1590 4157 1797 4226 ἐσμέν.

223 4255 281 4306 Τί
310 4254 491 4307 λοιπὸν
516 4253 715 4324 χλεύης
732 4249 882 4315 ἀξιον
899 4250 1148 4320 λέγομεν,
1170 4252 1216 4302 εἰ
1246 4252 1303 4302 ὲν
1328 4242 1372 4316 ᾧ
1388 4252 1533 4302 ἐστιν
1560 4253 1588 4302 ὁ
1609 4250 1797 4318 Λόγος,

223 4346 386 4417 τούτῳ
418 4347 559 4419 πρὸς
580 4345 888 4415 φανέρωσιν
914 4342 988 4405 ὼς
1016 4342 1229 4413 ὀργάνῳ
1258 4341 1518 4413 κέχρηται
1545 4344 1572 4393 ό
1595 4342 1797 4410 Λόγος;

228 4438 284 4491 Εἰ
317 4439 411 4508 μὲν
468 4437 580 4509 γὰρ
611 4438 713 4489 οὐκ
736 4430 804 4504 ἦν
840 4436 894 4486 ἐν
912 4432 1080 4503 αὐτῷ,
1105 4432 1225 4485 οὐδὲ
1251 4430 1567 4502 χρήσασθαι
1589 4432 1652 4485 ἂν
1675 4433 1805 4502 ἡδυ-

227 4528 350 4600 νὴθη
374 4530 593 4599 τούτων
618 4528 668 4579 εἰ
695 4526 751 4578 δὲ
784 4522 1308 4596 προαποδεδώκαμεν
1346 4526 1400 4575 ὲν
1428 4523 1507 4593 τῷ
1531 4524 1803 4576 παντὶκαὶ

231 4623 281 4672 ὲν
311 4624 418 4682 τοῖς
437 4618 583 4671 κατά
620 4618 785 4687 μέρος
823 4610 961 4667 εἶναι
982 4613 1187 4676 τοῦτον,
1223 4614 1272 4665 τί
1302 4614 1526 4666 ἄπιστον
1560 4615 1608 4665 εἰ
1640 4616 1695 4666 ὲν
1720 4608 1801 4676 οἷς

231 4710 379 4773 ἐστὶν,
413 4710 472 4762 ὲν
498 4707 713 4769 τούτοις
746 4704 936 4758 ἑαυτὸν
969 4705 1063 4757 καὶ
1089 4703 1396 4771 ὲπιφαίνει;
1431 4704 1640 4774 Ὥσπερ
1696 4703 1804 4773 γὰρ

231 4805 333 4865 ταῖς
363 4798 563 4854 ἑαυτοῦ
585 4797 883 4859 δυνάμεσιν
912 4796 1030 4858 ὅλος
1061 4794 1169 4865 (41)
1206 4796 1261 4845 ὲν
1280 4795 1490 4863 ἑκάστῳ
1520 4795 1613 4847 καὶ
1642 4798 1805 4847 πᾶσιν

233 4892 539 4954 ἐπιϐαίνων,
593 4889 690 4943 καὶ
754 4888 931 4940 πάντα
962 4885 1272 4955 διακοσμῶν
1318 4884 1583 4953 ἀφθόνως,
1612 4887 1660 4937 εἰ
1695 4886 1804 4953 (42)

234 4980 398 5047 ἡθελε,
446 4981 539 5035 διὰ
588 4981 767 5051 ἡλίου,
795 4978 829 5047 ἦ
866 4977 1113 5049 σελήνης,
1160 4975 1477 5047 ἢούρανώ,
1515 4975 1549 5044 ἢ
1598 4976 1720 5046 γῆς,
1771 4977 1802 5046 ἢ

235 5071 445 5137 ὑδάτων,
514 5073 547 5143 ἢ
610 5070 805 5142 πυρὸς,
843 5070 941 5123 οὐκ
975 5069 1039 5122 ἀν
1073 5085 1157 5131 τις
1194 5066 1409 5129 ἀτόπως
1446 5066 1607 5119 αὐτὸν
1655 5072 1804 5139 φωνῇ

301 5166 322 5197 ⁸
345 5170 463 5223 Act.
501 5182 637 5228 xvtr.
667 5166 762 5235 28.

297 5264 413 5332 (5⁸1)
433 5263 528 5317 Sic
553 5258 951 5332 Segueriamts,
980 5255 1344 5332 Gobleriantts
1371 5263 1423 5308 et
1448 5253 1794 5332 Felckmnnui

238 5333 255 5381 l
296 5326 619 5402 anonymus.
636 5326 725 5382 Ἀι
754 5328 1067 5402 Basiliensis
1094 5326 1515 5402 etAuincauus,
1559 5326 1807 5379 τοιοῦτον

236 5396 470 5473 ποιητήν.
508 5401 616 5457 ΔΙῘί
655 5412 786 5473 vero
823 5398 1055 5473 etAetliti‘.
1096 5396 1329 5473 ποιητήν
1361 5406 1589 5449 tantum.

300 5465 415 5541 nisi
436 5470 836 5543 Segneriauus,
866 5465 1152 5543 8&2???“
1185 5465 1373 5543 MYO‘."

302 5536 408 5597 (59)
439 5536 541 5597 Sic
550 5552 747 5595 omnes
777 5552 905 5591 mss.
937 5537 1073 5590 Editi
1102 5551 1249 5606 vero,
1284 5536 1403 5606 μέν.

302 5613 405 5681 (40)
442 5607 922 5682 Seguerianusltic
956 5606 1112 5682 addi_t_
1271 5602 1368 5682 Alii
1404 5614 1454 5657 et
1490 5602 1615 5659 editi
1644 5606 1803 5656 omit-

239 5674 364 5736 tunt.
391 5674 559 5738 Paul?)
587 5688 731 5749 post,
750 5676 969 5749 Gohler.
997 5684 1050 5749 et
1072 5674 1307 5749 Felckm.
1336 5676 1352 5728 l
1378 5690 1540 5729 anon.
1567 5684 1687 5745 post.
1714 5692 1804 5727 νυ-

233 5768 339 5803 ιιιξτιι
374 5745 689 5824 ἄνθρωπος,
729 5748 985 5824 omittunt
1010 5745 1173 5797 ἐστίν.

322 5825 410 5892 ιιι)
442 5818 834 5893 δέςυετὶιιηυε,
860 5818 1017 5877 ὅλως.

1895 3431 2020 3485 bum
2051 3433 2103 3484 in
2137 3447 2202 3486 eo
2232 3446 2481 3486 essenon
2520 3440 2603 3486 est
2628 3430 2913 3486 absurdtun
2955 3451 2969 3485 :
3004 3446 3101 3485 nec
3139 3446 3265 3499 ergo
3296 3431 3458 3484 etiam

1896 3525 2184 3579 absurdum
2218 3535 2301 3579 est
2332 3524 2502 3592 ipsum
2540 3524 2590 3577 in
2627 3524 2840 3579 homine
2864 3539 3002 3579 esse.
3029 3522 3292 3592 Quidquid
3316 3523 3459 3577 enim

1897 3618 1963 3671 de
1991 3627 2101 3671 toto
2156 3618 2355 3670 tnumlo
2393 3617 2773 3685 cogitaverint,
2822 3631 3041 3670 necesse
3084 3628 3165 3671 est
3214 3616 3352 3668 idem
3397 3617 3463 3669 de

1896 3718 2049 3777 parte
2077 3707 2379 3774 intelligere
2413 3724 2426 3761 :
2458 3708 2722 3775 siquidem
2781 3708 2976 3767 homo.
3030 3716 3087 3761 ut
3115 3716 3273 3760 antea
3320 3707 3462 3768 dixr,

1900 3813 2025 3865 pars
2055 3806 2136 3851 est
2188 3800 2351 3852 totius
2395 3799 2599 3852 mundi.
2648 3797 2805 3875 Nullo
2856 3798 3017 3867 igitur
3060 3800 3217 3851 modo
3245 3799 3467 3851 dedcct-t

1900 3887 2136 3943 Verbum
2178 3888 2231 3943 in
2264 3889 2483 3943 homine
2510 3904 2650 3955 esse,
2684 3898 2984 3958 cunclaque
3009 3890 3075 3944 ab
3104 3890 3192 3943 illo
3224 3900 3276 3942 et
3300 3889 3351 3942 in
3378 3889 3468 3943 illo

1900 3979 2220 4046 illuminari,
2259 3981 2461 4036 moveri
2512 3993 2563 4036 et
2607 3985 2820 4045 vivere,
2858 3982 3015 4036 sicuti
3064 3983 3298 4052 ipsorum
3339 3998 3470 4050 quo-

1900 4083 2006 4138 que
2051 4070 2346 4138 scriptores
2376 4079 2682 4125 testantur:
2719 4070 2781 4125 In
2817 4071 2926 4139 ipso
2957 4072 3193 4135 vivimus,
3215 4081 3262 4126 et
3296 4086 3468 4124 moue-

1901 4177 2048 4224 mur,
2090 4169 2137 4213 et
2173 4177 2354 4214 sumus
2373 4160 2415 4213 ’⁵.
2450 4160 2586 4227 Quid
2620 4162 2803 4229 itaque
2844 4163 2952 4214 risu
2980 4162 3194 4230 dignum
3217 4162 3470 4224 dicimus,

1907 4252 1953 4307 si
1990 4251 2221 4307 Verbum
2268 4268 2519 4321 corpore,
2567 4253 2621 4306 in
2668 4268 2775 4321 quo
2809 4262 2913 4318 est,
2964 4263 3215 4320 tanquam
3267 4252 3469 4305 instrn-

1901 4354 2086 4397 mento
2120 4344 2187 4396 ad
2219 4342 2301 4397 sui
2339 4342 2755 4411 patefactionetn
2786 4358 2938 4396 usum
2959 4340 3297 4395 fueritiNisi
3327 4341 3468 4394 enim

1903 4434 1955 4488 in
1991 4434 2078 4488 illo
2107 4434 2318 4499 fuisset,
2365 4449 2431 4488 eo
2464 4434 2648 4502 utique
2686 4433 2762 4485 uti
2813 4448 2933 4486 non
2964 4432 3247 4502 potuisset.
3300 4430 3472 4485 Porro

1904 4526 1949 4581 si
1987 4541 2146 4595 supra
2180 4540 2492 4579 concessum
2521 4534 2602 4579 est
2639 4524 2871 4578 Verbum
2902 4525 2953 4577 in
2987 4524 3246 4577 universo
3263 4530 3316 4577 ει
3359 4524 3472 4576 sin-

1904 4617 2041 4686 gulis
2082 4617 2198 4685 ejus
2239 4617 2481 4686 partibus
2519 4632 2669 4681 esse,
2721 4616 2848 4684 quid
2895 4615 3206 4669 incredibile
3238 4615 3471 4678 videtur,

1906 4709 1950 4762 si
1986 4709 2038 4761 in
2069 4710 2262 4777 quibus
2298 4710 2530 4774 exsistit,
2575 4712 2626 4762 in
2670 4708 2755 4762 his
2784 4723 2842 4762 se
2883 4707 3168 4762 videndum
3196 4707 3476 4777 praebeat?

1908 4798 2374 4864 Quemadmodum
2404 4800 2545 4852 cnim
2589 4798 2679 4852 ille
2718 4797 2858 4852 idem
2887 4797 2976 4866 qui
3017 4798 3235 4868 propria
3271 4798 3476 4853 virtute

1906 4890 1959 4943 in
1988 4888 2214 4956 singulis
2244 4897 2301 4943 et
2324 4890 2579 4943 omnibus
2612 4889 2773 4943 rebus
2815 4898 2922 4952 est,
2954 4896 3256 4958 cunctaque
3292 4888 3476 4958 splen-

1910 4980 2037 5034 dide
2064 4979 2433 5045 administrat,
2464 4980 2508 5033 si
2547 4979 2677 5035 solis
2704 4988 2797 5033 aut
2834 4978 2994 5044 lunae,
3026 4978 3148 5034 caeli
3182 4978 3265 5033 vel
3298 4989 3475 5042 terra,

1914 5084 2180 5139 aquarum
2208 5078 2302 5123 aut
2343 5069 2482 5139 ignis
2506 5069 2808 5124 ministerio
2844 5069 2920 5124 uti
2962 5068 3145 5132 vellet,
3180 5069 3246 5122 ad
3288 5083 3476 5123 vocem

1977 5252 2342 5325 (7.2)‘Seguer.
2375 5254 2422 5305 εἰ
2444 5251 2663 5305 omittit.
2696 5251 2791 5307 Hic
2824 5252 3167 5325 antem‘ordo
3187 5249 3476 5325 verborum

1907 5321 2124 5378 videtur
2159 5324 2319 5389 paulo
2363 5340 2483 5376 esse
2535 5326 2912 5390 perturbatus,
2954 5321 3183 5386 talisque
3221 5321 3478 5390 constitui

1909 5396 2128 5455 debere,
2157 5384 2235 5444 uti
2272 5402 2454 5444 nostra
2502 5384 2753 5446 versione
2792 5384 3205 5458 expressimus:
3246 5384 3479 5458 eiﬁﬁeie

1880 5464 1997 5519 τδιά
2025 5453 2199 5533 ἡλίου,
2226 5462 2509 5533 ειετῂφωνῇ
2542 5453 2965 5533 χρήσασθαικαὶ
3003 5453 3479 5533 γνωρίσαιιέαιέτὸν

1910 5535 2003 5587 καὶ
2032 5522 2121 5585 τὸν
2153 5522 2343 5584 ἑαυτοῦ
2363 5522 2599 5601 Πατέρα,
2626 5522 2726 5583 of»:
2743 5530 2811 5601 ἀν
2832 5522 3156 5601 τιςᾼάτόιπως
3176 5523 3337 5601 αὐτὸν
3360 5522 3483 5601 ἔφης

1914 5602 2377 5676 σενπεποιηκέναι,
2410 5591 2700 5676 ἀπάξεις.
2741 5598 2880 5676 Ιὺὶιιἱ
2914 5596 3131 5673 Gultlet'.
3183 5592 3421 5676 Felckm.
3453 5591 3475 5643 1

1911 5690 2070 5727 aunn.
2130 5668 2194 5725 ρι’
2218 5670 2476 5741 ὃεςιυοικ,
2510 5668 2673 5721 αὑτοῦ
2719 5682 2816 5733 pro
2862 5668 3079 5728 ἑαυτοῦ,
3101 5675 3155 5719 ει
3185 5668 3361 5716 πάντα
3390 5680 3485 5730 pro

1916 5760 2150 5797 απαντα.
