4006 6520
500 370 595 424 171

1066 374 1126 431 S.
1168 373 1547 431 ATHANASII
1587 375 1737 433 OPP.
1778 375 1958 433 PARS
1999 376 2043 429 l.
2080 402 2148 413 -ρ
2190 370 2553 428 HISTORICA
2600 371 2684 427 ET
2728 370 3143 426 DUGMATICA.

3644 378 3745 431 1ῗί

490 486 750 539 edendam
779 503 842 541 ac
871 501 931 540 se
965 496 1021 541 et
1048 503 1204 542 suum
1241 489 1457 547 Patrem
1502 503 1687 549 notum
1727 493 2057 557 faciendum,

2165 487 2465 557 χρήσασθαι
2498 487 2592 539 καὶ
2623 487 2885 557 γνωρίσαι
2932 486 3122 539 ἑαυτὸν
3155 489 3247 540 καὶ
3282 488 3372 541 τὸν
3400 490 3597 544 ἑαυτοῦ
3634 492 3747 545 Πα-

492 592 648 631 nemo
673 594 801 633 eum
828 579 1062 637 absurde
1095 593 1150 636 et
1187 584 1363 654 iucpte
1396 586 1571 656 egisse
1594 588 1775 641 dicere
1808 588 2053 653 auderet,

492 671 688 740 quippe
712 687 836 726 cum
882 672 1130 728 universa
1170 674 1283 745 jam
1313 677 1428 745 ipse
1456 691 1612 732 antea
1643 678 1968 743 contineret,
2003 685 2058 732 et

489 779 611 816 cum
641 764 891 819 omnibus
917 781 983 821 ac
1014 767 1068 821 in
1104 769 1216 837 ipsa
1253 768 1340 823 illa
1377 778 1530 836 parte
1555 772 1865 836 exsisteret,
1888 786 2056 839 seque

489 856 701 910 occulte
733 859 1037 914 ostenderet
1072 878 1086 914 :
1121 864 1189 915 ita
1218 862 1336 916 sine
1360 863 1523 915 dubio
1550 863 1844 917 absurdum
1882 863 2053 917 videri

494 958 596 998 non
623 945 814 1012 debet,
840 948 884 1002 si
911 948 1007 1003 ille.
1029 950 1119 1019 qui
1150 966 1234 1005 res
1256 950 1535 1006 universas
1561 952 1825 1021 gubernat
1863 961 1917 1004 et
1946 952 2055 1005 vita

493 1035 680 1101 donat,
716 1052 814 1107 per
845 1040 1089 1094 homines
1125 1056 1184 1096 se
1234 1050 1417 1095 notum
1462 1040 1642 1097 facere
1686 1043 1927 1112 cupiens,
1957 1044 2050 1097 bno

493 1144 658 1184 mane
681 1145 909 1201 corpore
931 1133 1077 1187 velut
1106 1133 1469 1189 instrumento
1500 1150 1628 1189 usus
1657 1136 1748 1198 sit,
1774 1151 1882 1203 quo
1901 1135 2056 1191 nobis

496 1231 550 1275 et
581 1222 867 1276 veritatem
900 1222 1249 1293 patefaceret,
1272 1236 1323 1279 et
1351 1222 1529 1281 Patris
1559 1226 1918 1296 cognitionem
1955 1225 2055 1278 im-

490 1313 734 1380 pertiret.
769 1311 1011 1367 Humana
1058 1316 1321 1385 siquidem
1370 1326 1558 1371 natura
1601 1332 1725 1385 pars
1769 1326 1853 1373 est
1892 1316 2057 1371 totius

493 1403 751 1457 universi.
786 1402 935 1459 Unde
975 1406 1425 1475 quemadmodum
1461 1423 1612 1463 mens
1644 1407 1900 1469 humana,
1939 1422 2056 1475 quae

490 1494 545 1547 in
580 1505 691 1550 toto
741 1498 957 1552 homine
1003 1508 1104 1558 est.
1157 1500 1335 1569 aliqua
1359 1511 1522 1570 parte
1563 1500 1829 1570 corporis,
1874 1499 2055 1566 lingua

493 1585 763 1649 videlicet,
783 1597 1037 1656 tauquam
1067 1591 1146 1642 sui
1171 1591 1326 1659 signo
1352 1591 1540 1653 utitur,
1574 1605 1674 1644 nec
1703 1599 1880 1642 tamen
1907 1602 2051 1641 men-

496 1676 566 1731 tis
597 1688 842 1733 naturam
882 1680 1084 1734 idcirco
1125 1680 1370 1734 imminui
1407 1680 1676 1749 quispiam
1700 1677 1897 1733 dixerit
1933 1694 1947 1729 :
1982 1675 2054 1729 ita

492 1768 536 1820 si
602 1769 835 1823 Verbum
891 1770 943 1824 in
990 1772 1242 1825 omnibus
1304 1772 1464 1826 rebus
1509 1772 1779 1825 exsistens
1821 1770 2057 1825 humano

2166 575 2317 646 τέρα.
2350 574 2516 645 ἔφησε
2552 575 2930 646 πεποιηκέναι,
2957 575 3103 641 ἅπαξ
3157 576 3370 630 ἅπαντα
3400 580 3566 634 αὑτοῦ
3628 599 3748 635 συν-

2168 667 2398 737 έχοντος,
2429 666 2522 721 καὶ
2541 668 2675 739 μετὰ
2701 669 2916 722 πάντων
2950 668 3042 722 καὶ
3068 672 3125 723 ὲν
3147 672 3292 742 αὐτῷ
3319 674 3396 744 τῷ
3420 674 3577 744 μέρει
3609 693 3743 743 τυγ-

2165 760 2415 831 χάνοντος
2457 761 2552 814 καὶ
2580 760 2824 832 ἀοράτως
2876 760 3064 814 ἑαυτὸν
3092 761 3417 827 δεικνύντος·
3441 764 3616 828 οὕτως
3641 767 3743 820 οὐκ

2164 852 2363 906 ἄτοπον
2398 852 2463 905 ἂν
2490 851 2573 923 εἴη
2602 851 3001 923 διακοσμοῦντα.
3038 853 3201 907 αὑτὸν
3225 854 3293 906 τὰ
3324 854 3503 907 πάντα
3538 858 3635 909 καὶ
3672 857 3745 911 τὰ

2162 944 2258 998 ὅλα
2312 943 2696 1007 ζωσποιοῦντα,
2732 947 2825 999 καὶ
2876 944 3177 1015 θελήσαντα
3207 946 3318 1017 (43)
3346 947 3413 999 δι’
3443 946 3747 1019 ἀνθρώπων

2161 1036 2442 1106 γνωρίσαι,
2467 1036 2516 1089 εί
2544 1038 2758 1108 ὀργάνῳ
2783 1037 3046 1110 κέχρηται
3061 1038 3347 1109 ἀνθρώπου
3378 1039 3590 1109 σώματι
3611 1040 3747 1110 πρὸς

2163 1128 2468 1200 φανέρωσιν
2501 1130 2752 1201 ἀληθείας
2806 1133 2899 1185 καὶ
2927 1131 3127 1199 γνῶσιν
3159 1130 3252 1183 τοῦ
3302 1132 3534 1203 Πατρός.
3566 1132 3747 1204 Μέρος

2161 1220 2269 1293 γὰρ
2302 1221 2394 1275 τοῦ
2418 1222 2541 1276 ὅλου
2568 1224 2658 1277 καὶ
2687 1223 3093 1295 ήὰνθρωπότης
3117 1224 3393 1293 τυγχάνει.
3412 1225 3531 1277 Καὶ
3555 1224 3749 1295 ὥσπερ

2160 1313 2189 1364 ὀ
2221 1313 2363 1377 νοῦς,
2399 1314 2465 1367 δι’
2488 1314 2611 1367 ὅλου
2644 1314 2738 1367 τοῦ
2771 1314 3061 1384 ἀνθρώπου
3097 1314 3195 1378 ῶν,
3231 1316 3340 1368 ἀπὺ
3385 1315 3587 1386 μέρους
3652 1313 3745 1368 τοῦ

2164 1402 2435 1473 σώματος,
2452 1405 2549 1475 τῆς
2573 1404 2816 1476 γλώττης
2849 1405 3014 1471 λέγω.
3050 1405 3393 1475 σημαίνεται,
3430 1405 3524 1459 καὶ
3547 1406 3610 1458 ού
3649 1405 3747 1476 δή·-

2164 1510 2264 1545 πσυ
2296 1510 2377 1556 τις
2402 1494 2750 1548 ἐλαττοῦσθαι
2782 1494 2878 1566 τὴν
2899 1494 3088 1547 οὐσίαν
3108 1495 3202 1548 τοῦ
3229 1496 3319 1549 νοῦ
3352 1494 3441 1548 διὰ
3464 1495 3627 1549 τοῦτο
3656 1495 3745 1550 λέ-

2163 1600 2268 1652 γει’
2297 1583 2470 1649 οὕτως
2500 1588 2528 1639 ὁ
2567 1586 2756 1654 Λόγος,
2792 1586 2879 1639 διὰ
2926 1587 3143 1640 πάντων
3189 1586 3283 1651 ὣν,
3329 1588 3378 1639 εἰ
3421 1586 3747 1657 ἀνθρωπίνῳ

2164 1676 2425 1748 κέχρηται
2475 1677 2711 1747 ὀργάνῳ,
2748 1678 2847 1730 οὐκ
2908 1678 3158 1748 ἀπρεπὲς
3195 1677 3261 1731 ἂν
3299 1677 3543 1747 φαίνοιτο
3565 1676 3745 1731 τοῦτο.

2164 1768 2225 1819 Εἰ
2251 1767 2377 1839 γὰρ,
2435 1769 2508 1831 ὡς
2562 1773 2840 1840 προεῖπον,
2888 1769 3133 1840 ἀπρεπὲς
3182 1768 3397 1840 ὀργάνῳ
3440 1767 3748 1839 χρήσασθαι

493 1858 853 1912 instrumento
898 1874 1052 1912 usum
1106 1870 1211 1926 est,
1271 1861 1585 1915 indecorum
1635 1859 1837 1914 nemini
1897 1859 2053 1912 debet

2165 1856 2389 1927 σώματι,
2425 1860 2671 1931 ἀπρεπὲς
2720 1862 2812 1914 καὶ
2868 1862 2925 1913 ὲν
2974 1859 3049 1930 τῷ
3107 1860 3211 1931 ὅλῳ
3251 1862 3411 1915 αὐτὸν
3439 1856 3602 1915 εἶναι.

490 1950 690 2005 videri.
716 1950 970 2019 Alioquin
1031 1953 1097 2017 si,
1127 1955 1202 2007 uti
1231 1952 1345 2022 jam
1376 1954 1510 2019 dixi,
1538 1955 1714 2024 ipsum
1752 1968 1982 2023 corpore
2041 1951 2189 2006 velut
2251 1952 2614 2009 instrumento
2672 1956 2764 2009 -uti
2802 1972 2907 2011 non
2946 1956 3156 2019 decuit,
3199 1972 3297 2011 nec
3336 1958 3497 2010 etiam
3545 1958 3598 2011 in
3634 1967 3745 2013 toto

493 2048 745 2102 universo
768 2047 911 2102 idem
938 2064 1057 2105 esse
1087 2051 1286 2105 decuit.

560 2140 651 2194 45.
691 2143 845 2209 Quod
892 2144 937 2197 si
972 2144 1267 2214 inquirant,
1308 2162 1406 2201 cur
1444 2147 1607 2215 igitur
1643 2162 1749 2201 non
1795 2161 1893 2215 per
1927 2145 2060 2199 alias

492 2233 831 2300 pulchriores
850 2236 1035 2290 mundi
1056 2245 1237 2305 partes
1259 2239 1589 2306 apparuerit,
1615 2253 1714 2293 nec
1732 2237 2061 2307 Splendidio-

495 2324 536 2374 ri
593 2324 980 2390 instrumento,
1021 2327 1171 2381 verbi
1223 2328 1419 2398 gratia,
1476 2328 1612 2393 sole,
1665 2329 1815 2391 luna,
1872 2328 2056 2387 astris,

493 2413 617 2482 igne
656 2415 742 2469 vel
785 2416 1008 2483 aethere,
1036 2418 1129 2471 sed
1164 2420 1383 2474 homine
1420 2430 1626 2474 tantum
1671 2435 1829 2473 usum
1864 2419 2058 2472 fuerit?

491 2505 709 2559 discant
753 2506 828 2559 illi
860 2507 1147 2564 Dominum
1182 2526 1288 2565 non
1322 2511 1539 2565 venisse
1568 2520 1625 2565 ut
1652 2527 1711 2567 se
1738 2520 2056 2571 ostentaret.

492 2597 585 2649 sed
622 2607 678 2652 ut
714 2613 812 2653 nos
841 2599 1086 2656 inllrmos
1115 2601 1272 2656 simul
1308 2612 1363 2658 et
1395 2604 1616 2669 ignaros
1636 2612 1853 2658 curaret
1878 2612 1931 2656 et
1959 2603 2056 2656 duo

493 2697 662 2743 reret.
713 2686 1059 2745 Ostentantis
1098 2691 1243 2745 enim
1284 2691 1491 2758 fuisset,
1523 2693 1860 2748 solummodo
1903 2710 2062 2762 appa-

492 2792 634 2861 rere,
661 2789 716 2832 et
743 2790 1047 2849 spectantes
1090 2793 1310 2853 stupore
1353 2785 1681 2852 percellere:
1726 2793 1781 2837 at
1816 2786 2062 2839 sanantis

488 2879 544 2923 et
574 2871 817 2927 docentis
851 2885 989 2936 erat,
1034 2892 1139 2930 nou
1191 2886 1394 2932 tantum
1438 2878 1732 2943 advenire,
1779 2878 1872 2932 sed
1917 2877 2057 2931 iudi-

489 2964 730 3031 gentium
779 2968 1064 3022 commodo
1113 2970 1449 3039 prospicere.
1498 2979 1659 3039 atque
1702 2979 1761 3023 ut
1797 2970 1870 3023 illi
1920 2969 2060 3023 l'erre

492 3064 717 3121 possent
755 3071 1054 3127 apparere;
1112 3073 1179 3113 ne
1225 3061 1268 3114 si
1315 3061 1504 3115 tnodns
1550 3061 1661 3130 ipse
1698 3061 2056 3115 laborantium

492 3149 873 3205 necessitatem
915 3153 1227 3216 excederet,
1272 3153 1389 3206 illos
1420 3153 1598 3222 potius
1621 3154 1734 3224 68
1770 3154 2058 3223 perturba-

492 3248 597 3301 ret,
620 3248 782 3307 atque
811 3242 884 3295 ita
910 3240 1162 3297 Numinis
1187 3244 1450 3298 adventus
1475 3245 1606 3313 ipsis
1648 3247 1802 3298 lieret
1830 3245 2058 3299 inutilis.

490 3328 646 3383 Nulla
686 3329 932 3399 proiecto
958 3331 1060 3384 alia
1094 3346 1273 3385 rerum
1305 3340 1613 3415 creatarutu
1656 3341 1850 3401 pratter
1883 3331 2055 3387 solum

2233 2142 2323 2195 45.
2370 2139 2471 2192 Διὰ
2491 2141 2543 2193 τί
2567 2136 2678 2202 οὖν,
2706 2140 2802 2193 ἐὰν
2830 2140 3082 2209 λέγωσιν,
3113 2141 3233 2211 οὐχὶ
3259 2140 3325 2194 δι’
3354 2141 3532 2196 ἄλλων
3564 2141 3747 2213 μερῶν

2160 2232 2452 2287 καλλιόνων
2482 2232 2578 2302 τῆς
2622 2233 2849 2295 κτίσεως
2875 2233 3071 2303 ἐφάνη,
3108 2234 3201 2287 καὶ
3237 2233 3476 2287 καλλίονι
3505 2234 3746 2304 ὀργάνῳ,

2158 2318 2269 2377 οἷον
2305 2323 2463 2393 ἡλίῳ,
2488 2324 2520 2394 ἢ
2550 2322 2763 2395 σελήνῃ,
2787 2323 2821 2393 ἢ
2870 2324 3107 2395 ἄστροις,
3132 2324 3166 2394 ἢ
3214 2326 3370 2395 πυρὶ,
3394 2326 3427 2394 ἢ
3471 2324 3653 2397 αἰθέρι
3682 2326 3744 2377 οῦ

2159 2416 2445 2487 κέχρηται,
2489 2415 2624 2468 ἀλλὰ
2667 2415 2939 2487 ἀνθρώπῳ
2989 2416 3167 2487 μόνῳς
3197 2418 3720 2485 γινωσκέτωσαν,ὃτ

2140 2506 2679 2573 κοῦκκὲπιδείξασθςιι»
2706 2502 2869 2576 ἦλθεν
2906 2509 2936 2559 ὀ
2980 2506 3199 2578 Κύριος,
3232 2508 3366 2562 ἀλλὰ
3404 2508 3745 2581 θεραπεῦσαι

2159 2600 2251 2652 καὶ
2272 2598 2478 2665 διδάξαι
2502 2600 2625 2661 τοὺς
2651 2600 2975 2669 πάσχοντας.
3006 2600 3305 2653 Ἐπιδεικνυ
3314 2601 3476 2671 μένου
3514 2602 3615 2673 μὲν
3635 2601 3745 2673 γὰρ

2158 2685 2226 2759 ἦν
2255 2689 2415 2759 μόνον
2449 2689 2775 2759 ἐπιφανῆναι
2801 2690 2894 2742 καὶ
2930 2690 3272 2760 καταπλῆξαι
3311 2692 3435 2754 τοὺς
3473 2692 3738 2763 ὁρῶντας⁹

2162 2778 2552 2851 θεραπεύοντος
2573 2781 2629 2833 δὲ
2671 2781 2762 2834 καὶ
2798 2780 3136 2844 διδάσκοντός
3170 2783 3285 2834 ὲστι
3309 2782 3384 2853 μὴ
3411 2782 3603 2846 ἁπλῶς
3630 2785 3743 2838 ἐπι-

2161 2872 2421 2943 δημῆσαι,
2450 2873 2562 2927 ἀλλ’
2595 2874 2682 2927 ἐπ’
2719 2873 2954 2944 ὠφελείᾳ
3013 2874 3117 2926 τῶν
3146 2874 3414 2945 δεομένων
3463 2876 3741 2943 γενέσθαι,

2162 2965 2274 3029 καὶ,
2309 2966 2385 3029 ὠς
2402 2966 2689 3038 χρῄζοντες
2722 2965 2974 3037 φέρουσιν
3007 2965 3135 3035 (44),
3170 2966 3521 3036 ἐπιφανῆναι·
3552 2967 3641 3021 ἵνα
3667 2969 3742 3039 μὴ

2161 3057 2239 3129 τῷ
2269 3058 2655 3128 ὑπερϐάλλοντι
2687 3058 2785 3125 τὴν
2813 3057 2998 3129 χρείαν
3034 3056 3143 3110 τῶν
3190 3057 3509 3127 πασχόντων
3538 3060 3743 3123 αὐτοὺς

2162 3149 2285 3210 τοὺς
2315 3147 2598 3216 δεομένους
2627 3145 2858 3216 ταράξῃ.
2889 3147 2985 3199 καὶ
3008 3146 3289 3215 ἀνωφελὴς
3316 3145 3529 3210 τούτοις
3553 3150 3586 3216 ἡ
3620 3150 3743 3200 ὲπι-

2164 3238 2359 3307 φάνεια
2390 3236 2482 3290 τοῦ
2530 3235 2663 3289 Θεοῦ
2712 3234 2821 3306 (45)
2871 3234 3111 3305 γένηται.
3142 3236 3310 3289 Οὐδὲν
3343 3237 3522 3289 τοίνυν
3543 3236 3654 3288 τῶν
3684 3237 3744 3288 ἂν

2162 3332 2229 3401 τῇ
2271 3329 2443 3382 κτίσει
2473 3326 2883 3398 πεπλανημένον
2899 3322 2967 3397 ἦν
2984 3327 3062 3389 είς
3084 3326 3181 3391 τὰς
3202 3327 3328 3398 περὶ⁵
3348 3326 3484 3381 Θεοῦ
3511 3327 3741 3391 ἐννοίας,

489 3419 767 3473 hominem
792 3419 936 3474 circa
966 3419 1062 3474 Dei
1091 3410 1462 3489 cognitionem
1495 3417 1732 3472 errabat.
1777 3417 2053 3487 Siquidem

2165 3422 2209 3473 εί
2235 3420 2309 3491 μὴ
2343 3420 2499 3489 μόνον
2532 3420 2560 3473 ὀ
2588 3417 2890 3490 ἄνθρωπος.
2930 3418 3145 3488 Ἀμέλει
3176 3419 3465 3502 οὑχῆἒος)
3492 3420 3553 3472 οὐ
3588 3419 3744 3491 σελή-

489 3525 597 3564 nou
645 3509 747 3573 sol,
791 3525 899 3564 non
953 3510 1101 3575 luna,
1156 3525 1261 3564 non
1311 3508 1532 3573 caelum,
1582 3524 1687 3562 nou
1740 3518 1911 3569 astra,
1950 3527 2054 3564 nett

492 3618 653 3673 aqua,
688 3617 795 3656 non
823 3603 991 3656 aether
1019 3617 1174 3656 suum
1213 3602 1455 3656 ordinem
1503 3602 1923 3669 perturbarunt,
1963 3603 2056 3657 sed

492 3708 650 3747 suum
684 3693 933 3763 opiﬁcem
966 3708 1028 3747 ac
1068 3693 1453 3762 imperatorem
1490 3693 1725 3747 Verbum
1758 3708 2059 3765 agnosceuo

494 3796 597 3851 tes,
633 3795 852 3839 manent
877 3786 951 3838 uti
984 3784 1138 3838 initio
1169 3784 1325 3839 factae
1351 3796 1500 3839 sunt.
1532 3784 1644 3838 Soli
1670 3796 1850 3839 autem
1886 3786 2059 3839 bomio

491 3892 591 3932 nes
614 3877 814 3931 bonum
851 3876 1108 3940 aversati,
1133 3891 1194 3931 ea
1225 3876 1589 3945 postmodum,
1629 3892 1747 3946 qua!
1775 3893 1881 3932 non
1905 3888 2055 3945 sunt,

493 3984 595 4038 pro
629 3968 861 4022 veritate
885 3977 1013 4022 sunt
1045 3967 1359 4031 commenti,
1408 3982 1471 4022 ac
1517 3967 1609 4021 Dei
1638 3968 1841 4021 cultum
1872 3978 1927 4024 et
1959 3985 2058 4023 no-

493 4060 696 4114 tionem
732 4058 1067 4114 dtemonibus
1098 4069 1153 4112 et
1180 4058 1487 4113 hominibus
1524 4060 1577 4112 in
1627 4058 1854 4128 lapideis
1891 4060 2059 4114 simu-

490 4150 657 4205 lacris
682 4150 1065 4205 attribuerunt.
1095 4149 1231 4208 Hinc
1254 4167 1374 4204 cum
1409 4159 1617 4207 tantam
1650 4154 2057 4220 perversitatem

492 4241 762 4312 negligere
811 4242 1005 4296 divina
1050 4242 1307 4297 bonitatis
1359 4242 1632 4314 indignum
1688 4254 1878 4307 esset,
1934 4260 2057 4298 cum

491 4335 623 4388 item
653 4350 775 4388 eum
799 4335 978 4389 omnia
1009 4335 1063 4389 in
1088 4335 1344 4391 universo
1367 4336 1836 4390 administrantem
1875 4351 1938 4391 ac
1969 4353 2060 4391 re-

490 4436 711 4499 gentem
746 4427 991 4481 homines
1027 4442 1131 4482 non
1175 4428 1479 4497 potuissent
1509 4441 1860 4498 cognoscere,
1892 4428 2060 4483 meri-

493 4530 548 4572 to
575 4519 779 4573 idcirco
814 4529 1021 4588 partem
1051 4519 1313 4584 universi,
1357 4533 1555 4588 corpus
1584 4519 1841 4575 videlicet
1871 4520 2061 4573 buma-

488 4626 638 4676 num,
667 4618 917 4680 tanquam
943 4611 1357 4665 instrumentum
1379 4610 1479 4665 sibi
1503 4610 1601 4679 ipsi
1630 4609 1882 4675 assumit,
1905 4610 2062 4664 illud-

488 4716 594 4771 que
627 4701 949 4769 ingreditur,
980 4712 1062 4766 ut,
1089 4703 1344 4770 quoniam
1384 4716 1507 4755 eum
1548 4703 1600 4756 itt
1654 4712 1765 4757 toto
1806 4702 2062 4757 universo

486 4806 784 4861 agnoscere
815 4807 922 4844 tton
953 4800 1261 4861 potuerant,
1298 4790 1487 4845 saltem
1533 4791 1587 4845 in
1622 4801 1774 4860 parte
1813 4791 2061 4847 residen-

491 4897 602 4937 tem
633 4897 739 4937 non
765 4883 1103 4952 ignorarent,
1126 4891 1181 4938 et
1203 4882 1292 4951 qui
1324 4884 1432 4936 vim
1458 4883 1573 4953 ejus
1604 4882 1927 4939 invisibilem
1955 4899 2059 4937 non

488 4982 784 5043 potuerant
812 4976 1150 5044 conspicere,
1195 4977 1385 5030 saltem
1421 4990 1489 5031 ex
1535 4974 1892 5031 similitudine
1937 4991 2060 5031 eum

490 5065 799 5135 intelligere
840 5074 897 5120 et
931 5066 1288 5137 contemplari
1318 5076 1561 5135 possent.
1593 5066 1728 5121 Cum
1774 5067 1919 5121 enim
1953 5067 2064 5121 sint

489 5154 761 5221 homines,
811 5154 938 5211 hinc
990 5171 1085 5225 per
1132 5156 1311 5211 simile
1356 5172 1553 5226 corpus
1603 5172 1667 5212 ac
1713 5158 1892 5211 divina
1946 5174 2066 5227 qum.

489 5260 587 5313 per
609 5261 732 5300 eum
768 5245 1002 5301 eduntur
1041 5264 1230 5323 opera,
1272 5250 1438 5304 citius
1474 5259 1530 5304 et
1575 5252 1795 5320 propius
1824 5249 1940 5319 ejus
1970 5251 2065 5304 Pa-

500 5345 638 5391 trem
668 5348 895 5407 possunt
920 5354 1274 5409 cognoscere,
1299 5340 1343 5394 si
1369 5339 1582 5396 scilicet
1608 5342 1947 5411 perpendere
1973 5356 2060 5397 ve-

559 5513 668 5575 (45)
702 5514 913 5572 anler.
937 5516 1245 5572 etFelckm.
1283 5518 1303 5570 l
1337 5532 1524 5583 anon.,
1549 5516 1938 5581 ζωοποιοῦντος
1967 5518 2060 5576 καὶ

489 5583 613 5651 θελή
622 5599 830 5648 σαντος.

560 5650 794 5725 ί-ῑᾷὶδὶε
823 5655 1049 5725 Sogucr.
1098 5657 1318 5712 Gobler.
1355 5656 1588 5711 Feb-km.
1629 5659 1650 5711 l
1697 5673 1862 5712 anon.
1889 5666 1936 5711 et
1962 5656 2059 5709 Ba-

492 5723 577 5777 sil.
612 5723 739 5799 Ali.i_
755 5740 880 5799 vero
905 5723 955 5779 et
976 5729 1140 5799 editi,
1166 5727 1436 5799 χαίρουσι.
1466 5725 1580 5799 Mox
1625 5744 1721 5797 pro
1746 5726 1843 5799 τὴν
1874 5727 2061 5797 χρείαν

493 5805 545 5847 et
572 5793 801 5866 ταράξῃ,
839 5797 1041 5864 Anglic.
1079 5793 1235 5852 habet
1261 5793 1357 5866 τῆς
1380 5796 1565 5867 χρείας
1593 5793 1647 5852 et
1674 5793 1913 5867 ταράξοι.

2162 3529 2249 3582 νη,
2284 3510 2648 3583 ούκρύριᾳνὸς,
2676 3510 2736 3562 ού
2780 3508 2848 3562 τά
2891 3509 3085 3586 ἄρτρα,
3117 3510 3216 3580 οὐχ
3246 3509 3411 3581 ὕδωρ,
3436 3512 3537 3565 οὐκ
3576 3509 3745 3581 αἰθήρ

2163 3600 2511 3674 παρήλλαξαν
2542 3602 2639 3672 τήν
2676 3599 2851 3667 τάξιν,
2894 3600 3007 3654 ἀλλ’
3041 3601 3235 3665 ειδότες
3264 3601 3354 3654 τὸν
3388 3601 3601 3657 ἑαυτῶν
3646 3602 3745 3671 δης-

2165 3696 2421 3768 μιουργὸν
2449 3696 2541 3748 καὶ
2579 3694 2798 3766 βασιλέα
2827 3695 3019 3762 Λόγον,
3050 3696 3299 3779 μένουσιν
3428 3695 3741 3769 γεγόνασιν·

2163 3788 2437 3859 ἄνθρωποι
2493 3787 2549 3840 δὲ
2581 3788 2740 3859 μόνον
2776 3786 2886 3857 (46)
2956 3787 3395 3859 άποστραφέντες
3453 3789 3513 3842 τὸ
3558 3787 3747 3848 καλὸν,

2162 3881 2346 3934 λοιπὸν
2371 3880 2438 3933 τὰ
2460 3872 2731 3957 signa
2747 3878 2867 3931 ἀντὶ
2893 3878 2993 3948 τῆς
3022 3876 3276 3950 ἀληθείας
3291 3878 3621 3945 ἑπλάσαντο,
3650 3881 3746 3934 καὶ⁸

2162 3973 2360 4044 τὴνείς
2388 3954 2714 4043 Θεδνίτιμὴν
2763 3972 2860 4026 καὶ⁸
2908 3971 3005 4042 τὴν
3041 3970 3168 4042 περὶ
3202 3971 3367 4024 αὑτοῦ
3400 3972 3605 4040 γνῶσιν
3639 3972 3747 4026 δαίο

2167 4082 2291 4135 μοσι
2340 4063 2432 4116 καὶ
2457 4062 2762 4134 ἀνθρώποις
2792 4065 2848 4116 ὲν
2898 4062 3066 4125 λίθοις
3102 4062 3539 4117 ἀνατεθείκασιν.
3582 4062 3746 4116 Ὅθεν

2164 4154 2409 4218 εἰκότως,
2441 4152 2629 4224 ἐπειδὴ
2658 4153 2899 4225 παριδεῖν
2931 4153 2992 4206 τὸ
3023 4151 3337 4223 τηλικοῦτον
3361 4155 3462 4206 οὐκ
3504 4154 3655 4218 ἄξιον
3676 4151 3745 4224 ἦν

2163 4247 2260 4316 τῆς
2294 4244 2387 4298 τοῦ
2425 4244 2560 4298 Θεοῦ
2602 4244 2956 4313 άγαθότητος,
2984 4244 3118 4298 ἀλλὰ
3150 4245 3244 4298 καὶ
3265 4248 3322 4298 ὲν
3349 4244 3427 4316 τῷ
3454 4245 3563 4315 ὅλῳ
3583 4246 3745 4299 αὐτὸν

2162 4337 2411 4391 διέποντα
2445 4339 2538 4390 καὶ
2578 4336 2978 4408 ἡγεμονεύοντα
3022 4338 3123 4390 οὐκ
3148 4337 3494 4409 ἠδυνήθησαν
3539 4338 3746 4407 γνῶναι

2162 4431 2213 4483 οἱ
2243 4429 2540 4501 ἄνθρωποι,
2590 4429 2753 4501 μέρος
2814 4427 2908 4481 τοῦ
2943 4426 3062 4481 ὅλου
3115 4427 3378 4499 λαμϐάνει
3422 4429 3604 4498 ἐαυτῷ
3649 4429 3747 4499 ὀρ-

2163 4539 2325 4590 γανον
2351 4522 2411 4574 τὸ
2435 4519 2773 4592 ἀνθρώπινον
2803 4520 2982 4591 σῶμα,
3001 4520 3094 4573 καὶ
3119 4520 3385 4573 ἐπιϐαίνει
3420 4520 3619 4592 τούτῳ,
3655 4522 3745 4583 ἶν’,

2166 4611 2353 4681 ἐπειδὴ
2386 4612 2443 4664 ἐν
2468 4610 2546 4681 τῷ
2575 4610 2681 4680 ὅλῳ
2713 4609 2873 4664 αὑτὸν
2888 4610 2988 4662 οὐκ
3020 4608 3358 4681 ἠδυνήθησαν
3382 4610 3607 4677 γνῶναι,
3642 4609 3747 4662 κᾶν

2166 4706 2223 4756 ἐν
2254 4702 2331 4772 τῷ
2376 4703 2530 4774 μέρει
2563 4701 2637 4772 μὴ
2666 4702 3005 4771 ἁγνοήσωσιν
3053 4700 3236 4761 αὑτὸν,
3268 4701 3363 4754 καὶ
3394 4702 3585 4771 ἐπειδὴ
3634 4701 3744 4771 (47)

2168 4792 2463 4861 ἀναϐλέψαι
2507 4792 2607 4844 οὐκ
2634 4789 2971 4861 ἠδυνήθησαν
3017 4790 3097 4852 εἰς
3150 4788 3248 4859 τὴν
3300 4789 3530 4859 ἀόρατον
3579 4789 3747 4842 αὑτοῦ

2167 4883 2414 4955 δύναμιν,
2440 4884 2542 4937 κᾶν
2558 4883 2622 4934 ὲκ
2649 4880 2754 4934 τῶν
2770 4880 2970 4951 ὁμοίων
2993 4879 3309 4947 λογίσασθαι
3340 4881 3433 4933 καὶ
3466 4880 3748 4952 θεωρῆσαι

2168 4975 2465 5046 δυνηθῶσιν
2496 4974 2676 5029 αὐτόν.
2722 4973 3029 5044 ΙἌνθρωποι
3052 4973 3162 5043 γάρ
3186 4972 3356 5035 ὄντες,
3379 4974 3469 5027 διὰ
3496 4973 3593 5027 τοῦ
3618 4991 3751 5029 κατ-

2169 5068 2397 5138 αλλήλου
2447 5067 2696 5138 σώματος
2743 5067 2837 5119 καὶ
2890 5064 2995 5118 τῶν
3033 5065 3101 5117 δι’
3138 5064 3301 5118 αὑτοῦ
3362 5064 3522 5119 θείων
3570 5066 3753 5138 ἔργων

2164 5156 2459 5228 ταχύτερον
2495 5156 2588 5209 καὶ
2634 5153 2927 5226 ἐγγύτερον
2960 5154 3050 5207 τὸν
3098 5154 3290 5207 τούτου
3341 5155 3567 5232 Πατέρα
3594 5156 3751 5225 γινω-

2166 5265 2314 5301 σκειν
2336 5248 2677 5319 δυνήσονται,
2730 5247 3131 5317 συγκρίνοντες,
3173 5246 3248 5309 ὡς
3275 5246 3377 5299 οὐκ
3404 5247 3745 5317 ἀνθρώπινα,

2163 5341 2298 5401 ἀλλὰ
2323 5341 2456 5394 Θεοῦ
2502 5340 2641 5408 ἔργα
2685 5339 2802 5393 ἐστὶ
2846 5340 2913 5385 τὰ
2960 5340 3051 5391 ὑπ’
3111 5339 3276 5392 αὑτοῦ
3297 5338 3583 5407 γινόιιενα.
3640 5342 3751 5395 Kal.

2238 5518 2347 5586 (45)
2381 5517 2625 5586 Seguer.,
2647 5515 2820 5570 Θείου.
2841 5515 2976 5569 Idem
2997 5516 3157 5583 paulo
3173 5526 3311 5580 post,
3334 5524 3383 5586 et
3414 5516 3627 5583 Anglic.
3648 5514 3747 5570 Go-

2166 5588 2299 5641 bler.
2325 5584 2376 5640 et
2411 5584 2642 5641 Felrktu.
2670 5590 2693 5640 1
2726 5603 2884 5638 aunu.
2932 5600 3027 5653 pro
3076 5586 3260 5655 μόνου,
3289 5584 3446 5653 μόνος
3472 5588 3689 5640 habent.

2237 5658 2347 5715 (itit
2373 5657 2755 5725 Segueristnus,
2778 5656 2950 5725 μόνοι.

2168 5796 2215 5851 L1
2240 5722 2604 5809 (17.).Go'blct'.
2636 5737 2689 5781 ct
2721 5722 2954 5781 Felcltm.
2995 5722 3011 5774 l
3066 5741 3224 5779 illlttll.
3260 5726 3470 5782 addunt;
3508 5728 3746 5794 partim.

2190 5814 2270 5851 'Itt
2312 5809 2390 5851 οε.

2190 5814 2270 5852 aut
2312 5798 2391 5853 δέ.
