4006 6526
537 412 644 469 175

1106 412 1163 466 S.
1204 411 1584 467 ATHANASH
1623 410 1775 467 ΟΡΡ.
1814 410 1991 464 PARS
2029 408 2102 462 l.‘

2210 406 2574 473 HISTORICA
2619 409 2706 465 ΕΤ
2744 411 3163 467 υΟΟΜΔῊΟΑ.

3667 416 3773 468 176

533 533 698 585 vitam
746 530 846 600 ipsi
880 545 977 599 pro
1014 530 1362 599 corruptione
1407 531 1690 592 inhatrere,
1737 536 1795 583 ut
1843 528 2097 597 quem-adv

2203 528 2616 600 πῳσπλακῆναι
2653 529 2785 599 (52),
2816 530 2900 584 ῐνα
2957 530 3147 601 ὥσπερ
3189 532 3245 583 ἐν
3297 529 3375 601 τῷ
3434 532 3649 604 σώματι
3688 536 3759 603 γέ

534 624 749 677 modum
783 635 927 675 mors
956 622 1005 674 in
1034 636 1260 688 corpore
1291 622 1545 690 producta
1577 622 1772 686 fuerat,
1806 621 1876 674 ita
1907 628 1960 673 et
1993 620 2100 674 vita

533 714 586 765 in
612 712 802 766 eodem
830 712 1234 779 produceretur.
1265 705 1448 780 Itaque
1476 714 1522 767 si
1555 727 1700 767 mors
1726 720 1878 766 extra
1902 726 2100 779 corpus

530 801 757 867 fuisset,
799 816 951 856 extra
1005 803 1176 871 ipsum
1227 820 1441 873 quoque
1482 806 1591 859 vita
1637 819 1755 859 esse
1800 805 2096 860 debuisset.

534 893 638 947 Sed
682 896 725 948 si
768 908 912 948 mors
953 893 1005 948 in
1053 909 1275 962 corpore
1320 894 1644 958 inhaerebat,
1689 910 1859 963 eoque
1904 896 2102 950 idcirco

533 985 728 1039 fortior
763 996 882 1039 erat
918 1004 932 1037 :
985 985 1223 1053 profecto
1259 1000 1483 1039 necesse
1530 998 1747 1054 quoque
1786 985 1887 1040 fuit
1931 987 2098 1041 vitam

534 1075 747 1144 corpori
782 1076 1063 1139 inhaerere,
1094 1085 1153 1130 ut
1185 1090 1381 1143 corpus
1417 1078 1523 1130 vita
1561 1076 1677 1130 loco
1710 1077 1897 1132 mortis
1943 1079 2102 1131 indu-
2135 1103 2139 1106 ~

537 1178 670 1232 tum,
701 1171 1099 1236 corruptionem
1142 1168 1418 1233 abjiceret.
1449 1169 1750 1237 Czetcroqui
1790 1170 1832 1223 si
1865 1169 2098 1224 Verlrn‘m

530 1269 685 1333 extra
718 1274 911 1327 corpus
935 1271 989 1314 et
1018 1276 1120 1313 non
1153 1261 1203 1313 iu
1236 1261 1353 1328 ipso
1382 1275 1608 1329 corpore
1637 1274 1756 1314 esse
1794 1259 2051 1314 voluisset
2078 1301 2093 1325 ,

536 1366 681 1405 mors
706 1353 921 1419 quidem
968 1352 1119 1406 valde
1165 1352 1483 1407 naturaliter
1508 1352 1576 1405 ab
1607 1367 1673 1405 eo
1716 1352 1903 1406 fuisset
1937 1350 2098 1417 victa,

532 1444 729 1514 quippe
772 1459 892 1512 qua:
938 1445 1059 1498 vitae
1097 1446 1350 1499 resistere
1398 1459 1502 1498 non
1550 1452 1714 1513 queat
1753 1461 1766 1497 :
1807 1453 1861 1498 at
1899 1442 2098 1497 nihilo-

533 1537 711 1591 minus
755 1546 941 1591 exorta
992 1537 1267 1606 corruptio
1313 1537 1365 1589 in
1416 1550 1643 1606 corpore
1694 1534 2095 1604 permansisset.

531 1629 794 1696 Quocirca
832 1629 985 1683 valde
1038 1638 1392 1698 congruenter
1439 1643 1633 1698 corpus
1686 1626 1859 1681 induit
1907 1624 2099 1681 Salva-

534 1728 638 1783 tor,
666 1729 723 1772 ut
751 1734 945 1787 corpus
976 1718 1095 1772 vita:
1134 1718 1402 1772 inhmreus
1429 1732 1536 1772 non
1575 1716 1806 1785 amplius
1838 1717 1891 1770 in
1927 1723 2101 1770 morte

533 1821 790 1879 tanquam
834 1809 1055 1863 mortale
1107 1818 1448 1878 permaneret
1489 1809 1632 1864 :sed
1684 1816 1743 1862 ut
1778 1805 2098 1862 immortali-

534 1912 697 1956 tatem
737 1903 898 1958 veluti
952 1902 1212 1963 induens,
1268 1901 1610 1971 postmodum
1661 1912 1948 1969 resurgens
1995 1897 2094 1950 imo

532 1993 760 2048 mortale
822 2002 1104 2062 perstaret.
1159 1992 1339 2048 Semel
1400 1992 1544 2047 enim
1604 1991 1847 2045 indutum
1908 2004 2099 2044 corru-

532 2085 731 2151 ptioue,
772 2098 1051 2153 resurgere
1080 2100 1355 2154 nunquam
1388 2085 1670 2153 potuisset,
1701 2081 1808 2136 nisi
1851 2081 2101 2136 similiter

532 2174 691 2227 vitam
742 2174 1024 2229 induisset.
1056 2174 1317 2230 Praeterea
1372 2192 1517 2231 mors
1567 2192 1661 2244 per
1708 2176 1938 2243 seipsam
1991 2188 2097 2227 non

531 2267 634 2321 nisi
701 2267 754 2321 in
808 2282 1036 2338 corpore
1084 2284 1344 2337 apparere
1409 2279 1588 2337 potest
1631 2285 1645 2319 :
1699 2270 1840 2322 unde
1900 2267 2099 2322 idcirco

529 2374 724 2427 corpus
773 2359 979 2423 induit,
1026 2372 1083 2413 ttt
1118 2369 1343 2413 mortem
1392 2376 1550 2427 quam
1595 2360 1645 2413 in
1680 2373 1909 2428 corpore
1950 2357 2099 2413 inve-

531 2456 692 2500 nerat
720 2446 946 2501 deleret.
987 2447 1279 2500 Enimvero
1310 2462 1542 2516 quonam
1575 2456 1731 2517 pacto
1760 2447 2097 2516 perspicuum

528 2541 722 2596 ruisset
750 2541 1039 2595 Dominum
1070 2542 1234 2594 vitam
1262 2556 1403 2605 esse,
1433 2542 1532 2595 nisi
1563 2542 1702 2611 quod
1733 2540 1957 2595 mortale
1980 2550 2101 2595 erat

533 2632 639 2688 vita
688 2633 985 2688 donasset?
1038 2632 1256 2688 Scilicet
1301 2634 1753 2703 quemadmodum
1803 2633 1849 2688 si
1898 2634 2019 2703 quis
2067 2648 2097 2687 a

530 2722 756 2792 stipula,
802 2739 920 2792 qua:
950 2724 1018 2778 ab
1056 2724 1178 2793 igne
1227 2740 1324 2794 pro
1372 2734 1560 2779 natura
1604 2741 1698 2779 sua
1740 2726 2092 2789 consumitur,

533 2813 710 2882 ignem
748 2815 1056 2881 removerit,
1101 2816 1321 2871 minime
1368 2817 1583 2886 quidem
1620 2818 1705 2871 illa
1739 2816 2093 2881 comburitur,

530 2907 626 2961 sed
658 2917 834 2961 tamen
866 2923 1080 2976 semper
1108 2909 1305 2977 stipula
1341 2920 1539 2976 manet,
1583 2910 1799 2979 vimque
1837 2909 1974 2980 ignis
2000 2924 2094 2963 ex-

533 2998 766 3051 timescit
790 3038 806 3059 ,
837 3014 864 3051 a
900 3013 1007 3067 quo
1040 3015 1232 3069 nempe
1278 3000 1595 3054 naturaliter
1640 3001 1961 3064 assumitur;
1996 2999 2091 3055 sed

527 3092 571 3141 si
604 3091 727 3158 quis
758 3090 989 3158 plurimo
1023 3093 1284 3157 atniauto,
1313 3092 1402 3161 qui
1437 3092 1544 3161 igni
1582 3093 1840 3147 resistere
1873 3092 2090 3157 dicitur,

2125 1867 2172 1927 Β

2200 636 2356 688 γονεν
2384 621 2411 671 6
2447 620 2691 683 θάνατος,
2720 620 2891 684 οὕτως
2933 624 2992 674 ἐν
3021 622 3172 692 αὐτῷ
3203 624 3425 693 γένηται
3453 626 3546 678 καὶ
3574 627 3608 695 ἠ
3640 624 3773 696 ζωή.

2199 712 2261 763 Εἰ
2290 712 2388 782 μὲν
2413 707 2504 765 οὖν
2539 711 2732 776 ἔξωθεν
2751 709 2818 783 ἦν
2843 714 2871 763 6
2898 711 3125 777 Θάνατος
3153 714 3247 767 τοῦ
3283 715 3550 786 σώματος,
3580 702 3789 781 ἔξωθεν

2201 802 2307 855 ἔδει
2335 804 2427 856 καὶ
2453 803 2551 873 τὴν
2580 802 2723 875 ζωὴν
2748 804 2913 859 αὐτοῦ
2963 807 3264 874 γεγονέναι·
3296 810 3345 860 si
3384 808 3439 861 δὲ
3477 810 3537 862 ὲν
3564 808 3776 880 σώματι

2201 892 2507 964 συνεπλάκη
2529 896 2556 946 6
2583 894 2826 960 θάνατος,
2855 896 2947 949 καὶ
2974 898 3047 960 ὼς
3073 897 3247 950 συνὼν
3270 898 3416 970 αύτῷ
3448 901 3777 971 κατεκράτει

2200 985 2408 1037 τούτουο
2442 986 2651 1056 ἀνάγκη
2683 988 2775 1039 καὶ
2804 986 2902 1058 τὴν
2926 985 3067 1058 ζωὴν
3099 989 3482 1061 συμπλακῆναι
3498 993 3575 1062 τῷ
3594 991 3760 1061 σῶμα⁴

2200 1095 2272 1137 τι,
2309 1077 2394 1128 ἵνα
2422 1076 2735 1130 ἀντενδυθέν
2772 1077 2832 1129 τὸ
2860 1077 3020 1148 σῶμα
3048 1078 3145 1149 τὴν
3180 1079 3342 1148 ζωὴν,
3369 1080 3620 1152 ἀποϐάλῃ
3680 1082 3777 1153 τὴν

2201 1170 2423 1241 φθοράν.
2457 1170 2665 1233 Ἀλλως
2687 1187 2767 1233 τε,
2794 1171 2842 1222 εἱ
2871 1170 2965 1223 καὶ
2987 1171 3229 1238 ἐγεγόνει
3258 1170 3359 1235 ἔξω
3404 1171 3499 1224 τοῦ
3522 1172 3777 1243 σώματος

2199 1265 2226 1315 ὁ
2250 1262 2438 1331 Λόγος,
2471 1263 2562 1315 καὶ
2599 1262 2672 1333 μὴ
2723 1264 2781 1315 ἐν
2811 1260 2978 1330 αὐτῷ.
3010 1263 3038 1314 ὁ
3068 1261 3167 1330 μὲν
3201 1260 3429 1325 θάνατος
3454 1265 3655 1333 ἡττᾶτο
3686 1266 3775 1316 ὑπ’

2200 1354 2361 1407 αὑτοῦ
2396 1352 2766 1422 φυσικώτατα,
2793 1352 2887 1405 ἅτε
2920 1351 2983 1422 δὴ
3010 1350 3083 1422 μὴ
3123 1352 3394 1421 ἰσχύοντος
3416 1354 3509 1406 τοῦ
3542 1353 3775 1408 θανάτου

2200 1446 2337 1498 κατὰ
2376 1447 2475 1516 τῆς
2520 1445 2683 1515 ζωῆς·
2718 1444 2868 1496 οὐδὲν
2896 1439 3057 1514 ἦττον
3110 1443 3166 1497 δὲ
3216 1444 3328 1511 (55)
3366 1444 3557 1514 ἔμενεν
3591 1446 3651 1497 ἐν
3697 1445 3777 1516 τῷ

2202 1535 2410 1607 σώματι
2455 1540 2487 1607 ἡ
2532 1537 2939 1607 προσγενομένη
2985 1535 3179 1607 φθορά·
3234 1536 3322 1589 διά
3363 1536 3523 1590 τοῦτο
3551 1538 3779 1601 εἰκότως

2199 1628 2479 1682 ἐνεδύσατο
2524 1629 2681 1695 σῶμα
2733 1629 2761 1680 6
2813 1626 3022 1698 Σωτὴρ,
3049 1627 3159 1693 ἴνα,
3208 1628 3621 1697 συμπλακέντος
3680 1629 3776 1681 τοῦ

2202 1715 2449 1787 σώματος
2476 1719 2537 1786 τῇ
2576 1717 2710 1786 ζωῇ,
2740 1716 2932 1786 μηκέτι
2964 1714 3039 1778 ὼς
3069 1714 3255 1786 θνητὸν
3294 1717 3567 1789 άπομείνῃ
3594 1720 3651 1770 ἐν
3698 1717 3780 1788 τῷ

2201 1807 2434 1879 θανάτῳ,
2464 1808 2575 1861 ἀλλ’
2603 1808 2680 1870 ὡς
2722 1808 3085 1879 ἐνδυσάμενον
3105 1807 3202 1878 τὴν
3228 1807 3548 1871 ἀθανασίαν,
3592 1808 3780 1861 λοιπὸν

2199 1878 2433 1953 ἀναστάν
2466 1900 2729 1953 ἀθάνατον
2768 1878 3275 1971 διαμείνῃβἪᾹπαξ
3327 1898 3436 1970 γὰρ
3481 1900 3782 1971 ἐνδυσάμεο

2199 2008 2286 2043 νον
2333 1990 2446 2061 (54)
2487 1989 2693 2063 φθοράν
2726 1991 2825 2045 οὐκ
2850 1990 2914 2045 ἂν
2937 1991 3154 2061 ἀνέστη,
3190 1991 3333 2062 εἰμὴ
3360 1991 3648 2046 ἐνεδύσατο
3678 1993 3780 2061 τὴν

2202 2083 2363 2155 ζωήν·
2382 2084 2475 2137 καὶ
2499 2084 2659 2138 πάλιν
2694 2082 2921 2146 θάνατος
2966 2079 3087 2135 ἔξιθ’
3110 2082 3298 2136 ἑαυτὸν
3334 2084 3435 2135 οὐκ
3462 2082 3529 2137 ἂν
3552 2084 3778 2155 φανείη,

2201 2176 2250 2227 εἰ
2279 2175 2353 2245 μὴ
2390 2178 2447 2229 ἐν
2474 2174 2554 2244 τῷ
2579 2173 2807 2245 σώματι·
2840 2172 2929 2226 διά
2951 2173 3108 2226 τοῦτο
3134 2173 3421 2226 ἐνεδύσατο
3455 2173 3640 2244 σῶμα,
3692 2175 3780 2227 ἵνα

2152 2278 2157 2283 ‘
2197 2264 2287 2317 τὸν
2313 2264 2540 2318 θάνατον
2568 2267 2625 2318 ἐν
2649 2264 2726 2334 τῷ
2758 2262 2968 2334 σώματι
2997 2262 3170 2336 εὑρὼν
3194 2264 3491 2339 ἀπαλείψῃ.
3521 2266 3647 2328 Πῶς
3671 2266 3781 2337 γάρ

2197 2356 2262 2411 ἂν
2281 2356 2417 2420 ὅλως
2447 2359 2475 2410 6
2508 2357 2710 2428 Κύριος
2731 2355 2941 2425 ἐδείχθη
2972 2353 3103 2426 ζωὴ,
3133 2358 3273 2429 εἰμὴ
3306 2357 3365 2409 τὸ
3385 2356 3579 2426 θνητὸν
3614 2354 3783 2419 ἐζωο-

2198 2449 2427 2519 ποίησε;
2477 2447 2587 2501 Καὶ
2619 2446 2808 2518 ὥσπερ
2833 2446 2933 2516 τῆς
2962 2446 3211 2517 καλάμης
3244 2447 3348 2501 ὑπὸ
3386 2446 3558 2518 πυρὸς
3620 2446 3780 2514 φύσει

2198 2539 2573 2610 φθειρομένης,
2601 2538 2648 2590 εἰ
2675 2536 2869 2591 κωλύει
2897 2553 2980 2599 τις
3013 2537 3123 2609 πῦρ
3152 2538 3258 2591 ἀπὸ
3286 2538 3386 2608 τῆς
3410 2537 3687 2609 καλάμης,
3717 2538 3780 2591 οὐ

2197 2632 2412 2686 καίεται
2444 2631 2542 2701 μὲν
2572 2632 2604 2700 ἡ
2634 2629 2874 2700 καλάμη,
2936 2630 3084 2700 μένει
3118 2631 3173 2683 δὲ
3205 2630 3342 2693 ὅλως
3366 2630 3527 2684 πάλιν
3554 2630 3779 2701 καλάμη

2195 2724 2227 2791 ή
2254 2721 2474 2792 καλάμη
2496 2721 2875 2794 ὑποπτεύουσα
2896 2722 2994 2792 τὴν
3015 2721 3107 2775 τοῦ
3130 2722 3302 2792 πυρὸς
3331 2721 3583 2793 ἀπειλήν
3619 2722 3781 2790 φύσει

2196 2814 2302 2885 γὰρ
2341 2813 2665 2869 άναλωτικόν
2718 2816 2864 2867 ἐστιν
2899 2814 3010 2885 (55)
3048 2814 3213 2884 αὐτῆς
3244 2814 3306 2866 τὸ
3334 2811 3446 2885 πῦρ
3469 2832 3483 2845 ο
3517 2816 3567 2866 εἰ
3594 2814 3651 2867 δέ
3696 2831 3781 2877 τις

2197 2905 2490 2958 ἐνδιδύσκοι
2510 2904 2619 2976 «τὴν
2646 2905 2893 2975 καλάμην
2924 2905 3170 2976 ἀμιάντῳ
3200 2905 3445 2976 πολλῷ,δ
3466 2906 3531 2977 δὴ
3564 2906 3780 2973 λέγεται
3834 2940 3845 2945 -

2196 2997 2493 3060 ἀντιπαθὲς
2515 2991 2657 3049 εἶναι
2693 2996 2785 3050 τοῦ
2817 2998 2986 3068 πυρός
3017 2995 3149 3067 (56)’
3185 2997 3283 3049 ούκ
3317 2995 3398 3048 ἔτι
3427 2996 3489 3048 τὸ
3519 2995 3632 3068 πῦρ
3684 3013 3783 3065 φο-

2195 3091 2370 3141 ὅεῖται
2426 3089 2458 3158 ἡ
2494 3086 2739 3157 καλάμη,
2775 3085 2972 3157 ἔχουσα
2997 3090 3095 3159 τὴν
3128 3086 3427 3158 ἀσφάλειαν
3456 3086 3522 3138 ἐκ
3541 3085 3637 3138 τοῦ
3694 3088 3782 3159 ὲν-

529 3181 782 3249 stipnlam
825 3184 1100 3247 munierit,
1140 3184 1225 3237 illa
1265 3183 1565 3251 huiusmodi
1611 3184 1862 3250 praesidio
1902 3198 2089 3239 secura

2201 3180 2429 3250 δύματος
2451 3157 2548 3231 τοῦ
2579 3178 2872 3233 ἀκαύστουο
2904 3180 2992 3233 τὸν
3027 3157 3188 3234 αὑτὸν
3217 3157 3293 3252 δὴ
3310 3176 3514 3253 τρόπον
3549 3179 3646 3230 καὶ
3684 3157 3780 3231 ἐπὶ

528 3271 660 3325 nihil
690 3272 921 3342 amplius
955 3273 1024 3328 ab
1063 3274 1185 3344 igne
1231 3274 1525 3327 timendum
1564 3274 1764 3329 habet:
1798 3273 1934 3327 idem
1966 3289 2096 3328 sane

528 3366 594 3416 de
630 3378 857 3431 corpore
902 3374 958 3419 et
1004 3365 1069 3419 de
1108 3374 1279 3417 morte
1324 3363 1449 3417 licet
1492 3364 1691 3418 dicere.
1744 3364 2008 3421 Nimirum
2051 3364 2097 3421 si

530 3470 674 3507 mors
707 3455 821 3508 solo
848 3456 1000 3524 jussu
1031 3472 1059 3508 a
1090 3470 1312 3522 corpore
1344 3455 1532 3509 fuisset
1571 3456 1858 3526 prohibita,
1898 3459 2096 3513 nihilo-
2132 3488 2141 3496 -

2196 3270 2289 3327 τοῦ
2328 3270 2575 3343 σώματος
2622 3274 2716 3327 καὶ
2755 3273 2848 3326 ἐπὶ
2878 3272 2971 3326 τοῦ
3008 3273 3236 3327 θανάτου
3267 3275 3332 3328 ἄν
3360 3294 3445 3339 τις
3478 3273 3645 3330 εἷπον
3672 3273 3775 3331 ὅτι.

2197 3367 2245 3419 si
2284 3365 2573 3436 προστάξει
2604 3365 2763 3435 μόνον
2791 3364 3051 3429 κωλυθεὶς
3070 3362 3137 3436 ἦν
3166 3368 3194 3419 6
3223 3366 3452 3432 θάνατος
3469 3369 3565 3421 ὑπ’
3590 3365 3777 3434 αὐτοῦ,

2196 3458 2346 3511 οὐδὲν
2367 3453 2525 3528 ἧττον
2552 3456 2713 3509 πάλιν
2744 3450 2812 3528 ἦν
2838 3455 3029 3527 θνητὸν
3061 3457 3155 3509 καὶ
3207 3458 3445 3531 φθαρτὸν
3484 3459 3629 3512 κατά
3685 3460 3780 3512 τὸν

531 3534 709 3599 minus
754 3547 977 3600 mortale
1020 3556 1071 3600 et
1133 3546 1459 3615 corruptioni
1508 3548 1799 3602 obnoxium
1848 3566 1944 3617 pro
1996 3568 2095 3604 na-

2201 3546 2303 3599 τῶν
2357 3545 2621 3614 σωμάτων
2666 3545 2841 3612 λόγον.
2903 3545 3041 3598 Ἀλλ’
3095 3546 3181 3598 ἴνα
3230 3547 3301 3617 μὴ
3335 3547 3497 3600 τοῦτο
3530 3550 3777 3619 γένηται,

532 3648 650 3690 tnra
692 3651 978 3706 corporum
1016 3639 1334 3702 mansisset;
1392 3639 1532 3707 quod
1586 3653 1650 3693 ne
1690 3641 1976 3705 accideret,
2013 3642 2098 3695 in-

529 3744 849 3797 corporeum
887 3730 977 3782 Dei
1009 3729 1242 3797 Vel-bum
1276 3732 1467 3795 induit,
1498 3740 1658 3801 atque
1689 3733 1761 3787 ita
1803 3749 1901 3789 nec
1949 3749 2096 3788 mor-

534 3830 637 3874 tem
670 3834 765 3873 nec
792 3820 1188 3888 corruptionem
1222 3821 1475 3888 deinceps
1503 3832 1723 3887 metuet,
1753 3824 1948 3893 quippe
1972 3840 2097 3879 cum

530 3913 697 3965 vitam
741 3912 1111 3965 indumentum
1148 3911 1361 3977 habeat,
1391 3921 1444 3966 et
1470 3915 1745 3990 corruptio
1790 3914 1844 3968 in
1878 3927 1942 3969 eo
1972 3929 2102 3969 eva-

530 4011 734 4056 3.8801“.

599 4094 691 4148 45.
735 4092 899 4148 Valde
930 4094 1088 4164 igitur
1110 4095 1495 4149 convenienter
1518 4095 1609 4148 Dei
1637 4094 1873 4149 Verbum
1902 4109 2099 4164 corpus
2122 4086 2159 4114 ’³

531 4187 825 4255 assumpsit
862 4195 918 4240 et
956 4186 1187 4239 lmmano
1219 4199 1372 4238 usum
1399 4192 1483 4238 est
1532 4185 2018 4248 instrumentowut
2046 4192 2102 4239 et

531 4280 745 4348 corpori
804 4278 967 4331 vitam
1037 4277 1372 4345 impertiret,
1421 4284 1476 4330 et
1531 4274 1986 4345 quemadmodum
2044 4276 2098 4329 in

532 4372 730 4425 mundo
770 4385 836 4423 ex
872 4369 1126 4434 operibus
1170 4369 1534 4437 cognoscitur,
1582 4369 1653 4422 ita
1701 4369 1865 4422 etiam
1910 4368 1965 4422 in
1995 4368 2167 4422 ho-

530 4465 673 4518 mine
698 4470 881 4531 ageret
909 4474 963 4516 et
996 4462 1229 4530 seipsutn
1262 4462 1459 4530 ubique
1484 4459 1832 4529 patefaceret,
1858 4462 2099 4524 nittttquc

2199 3637 2481 3692 ἐνεδύσατο
2510 3637 2602 3689 τὸν
2635 3635 2922 3706 ἀσώματον
2954 3636 3044 3689 τοῦ
3088 3637 3222 3690 Θεοῦ
3268 3637 3458 3706 Λόγον·
3490 3641 3586 3692 καὶ
3610 3640 3783 3703 οὕτως

2196 3732 2296 3785 οὐκ
2335 3728 2521 3799 ἕτιτὺν
2548 3728 2773 3782 θάνατον
2796 3728 2915 3781 οὐδὲ
2947 3730 3046 3799 τὴν
3087 3730 3293 3802 φθορὰν
3353 3731 3622 3800 φοϐεῖται,
3660 3733 3783 3802 ἕχον

2198 3824 2399 3893 ἔνδυμα
2435 3802 2538 3895 θτὴν
2585 3819 2752 3892 ζωὴν,
2808 3822 2902 3874 καὶ
2934 3824 2992 3875 ἐν
3038 3822 3184 3893 αὐτῷ
3223 3824 3633 3893 ἀφανιζομένης
3684 3826 3784 3896 τῆς

2198 3914 2423 3985 φθορᾶς.

2267 4096 2356 4150 45.
2405 4094 2612 4149 Οὐκοῦν
2673 4092 2979 4156 ἀκολούθως
3023 4094 3052 4145 6
3095 4092 3189 4146 τοῦ
3234 4093 3370 4146 Θεοῦ
3403 4093 3579 4161 Λόγος
3621 4094 3778 4163 σῶμα

2198 4186 2449 4251 ἀνέλαϐε,
2474 4188 2569 4240 καὶ
2591 4186 2914 4257 ἀνθρωπίνῳ
2946 4185 3161 4256 ὀργάνῳ
3191 4184 3476 4257 κέχρηται,
3540 4187 3628 4239 ἵνα
3686 4188 3779 4240 καὶ

2200 4280 2510 4353 ζωοποιήσῃ
2530 4280 2589 4332 τὸ
2624 4279 2803 4348 σῶμα,
2840 4278 2934 4332 καὶ
2968 4278 3057 4342 ἵν’,
3089 4277 3275 4349 ὥσπερ
3303 4279 3361 4330 ἐν
3391 4282 3456 4348 τῇ
3492 4279 3670 4331 κτίσει
3693 4280 3781 4330 διὰ

2200 4370 2303 4423 τῶν
2327 4370 2501 4435 ἔργων
2537 4369 2864 4440 γνωρίζηται
2887 4369 3019 4439 (57),
3043 4368 3293 4422 οὕτωκαὶ
3318 4368 3376 4421 ἐν
3399 4368 3677 4439 ἀνθρώπῳ
3700 4371 3782 4440 ἐρ-

2213 4477 2456 4531 γάσηται,
2478 4461 2571 4514 καὶ
2600 4460 2747 4532 δείξῃ
2783 4461 2973 4514 ἑαυτὸν
2998 4459 3289 4530 πανταχοῦ,
3342 4462 3510 4531 μηδὲν
3580 4462 3782 4535 ἔρημον

531 4573 627 4611 sua
676 4554 961 4610 divinitate
1006 4562 1059 4607 et
1112 4553 1420 4621 cognitione
1472 4567 1697 4605 vacuum
1749 4550 2097 4619 relinqueret.

2206 4554 2303 4623 τῆς
2342 4552 2536 4606 ἐαυτοῦ
2591 4552 2863 4620 θειότητος
2906 4554 2998 4605 καί
3034 4550 3287 4619 γνώσεως
3326 4550 3777 4620 γαταλιμπάνων.

533 4648 630 4701 llic
660 4646 804 4702 enim
832 4646 1018 4699 eadem
1046 4659 1166 4713 qua:
1194 4659 1353 4714 supra
1386 4643 1615 4697 tractavi
1656 4650 1861 4710 repeto,
1893 4642 2102 4696 scilicet

532 4738 864 4792 Salvatorem
921 4735 991 4789 ita
1042 4735 1255 4803 egisse,
1303 4741 1361 4784 ut
1411 4731 1861 4800 quemadmodum
1918 4731 2101 4785 omnia

534 4829 733 4897 ubith
764 4841 1004 4897 prazsens
1038 4824 1249 4894 implet,
1298 4822 1370 4877 ita
1404 4837 1619 4893 quoque
1662 4824 1839 4877 omnia
1884 4823 1967 4878 sui
2006 4838 2101 4877 co-

533 4919 774 4985 gnitione
824 4916 1089 4985 repleret,
1141 4917 1215 4969 uti
1256 4916 1435 4969 divina
1491 4914 1768 4985 Scriptura
1824 4922 2098 4967 testatur:

535 5008 745 5077 Repleta
773 5017 845 5061 est
880 5007 1119 5061 universa
1159 5017 1300 5061 terra
1329 5006 1623 5077 cognitione
1658 5003 1869 5069 DJbtini
1895 5006 1937 5057 ⁸.
1980 5005 2105 5060 Sive

604 5123 625 5153 '
667 5122 769 5176 lsa.
798 5137 877 5184 Il,
908 5121 963 5175 9.

607 5216 718 5290 (δε)
749 5216 1103 5290 Anglicanus,
1130 5216 1477 5290 πῳσλαὸεῖν.
1510 5216 1626 5271 Mox
1658 5218 1796 5273 idem
1823 5231 1921 5286 pro
1947 5216 2105 5283 γέγο-

531 5286 837 5370 vegllt‘a'bet
860 5286 1201 5370 γεγέννηται.
1381 5356 1413 5370 Α
1589 5357 1601 5368 ⁸
1843 5358 1874 5370 Α.
1946 5308 1965 5370 ⁸.

604 5356 717 5429 (53)
732 5355 1060 5429 Particulatn
1078 5355 1141 5409 δέ
1169 5374 1232 5412 ex
1258 5372 1357 5411 ms.
1381 5356 1712 5427 Segueriano
1746 5358 2103 5413 reslituimus.

534 5427 588 5483 lu
615 5427 737 5483 aliis
750 5437 805 5482 et
829 5429 989 5483 editis
1016 5428 1189 5481 deest.
1376 5446 1411 5485 .'

605 5498 719 5566 (54)
775 5494 856 5551 ita
919 5513 986 5551 ex
1049 5514 1183 5566 mss.
1245 5495 1410 5549 Basil.
1475 5496 1685 5564 Anglic.
1745 5508 1800 5551 et
1875 5498 2100 5560 Segner.

533 5564 965 5623 emendavimtts.
1023 5564 1157 5622 Nam
1210 5567 1305 5620 alii
1361 5576 1416 5619 et
1461 5567 1588 5621 editi
1639 5566 1838 5621 habent
1891 5567 2112 5620 ἐνδυσά-

539 5654 721 5774 μεῖἓὲ)
758 5716 867 5760 von
914 5706 1061 5759 ἐστίν
1117 5707 1269 5761 abest
1321 5722 1349 5758 a
1415 5706 1635 5762 Gobler.
1668 5717 1721 5760 et
1783 5705 2016 5761 Felckm-
2071 5707 2093 5759 1

544 5790 729 5915 ῃῃὲὶξ)
777 5843 868 5899 Sic
901 5844 1147 5914 Segnen.
1198 5844 1460 5935 Basil..et
1498 5846 1708 5916 Anglic.
1772 5846 1875 5902 Alii
1929 5854 2107 5900 autem

2207 4644 2373 4696 Πάλιν
2395 4644 2506 4715 γὰρ
2538 4643 2597 4696 τὸ
2628 4642 2759 4696 αὐτό
2806 4660 2947 4713 φημι
2996 4646 3106 4706 τοῖς
3134 4642 3397 4713 πρότερον
3435 4642 3549 4713 (58)
3584 4645 3783 4696 ἐπαναα

2205 4734 2515 4805 λαμϐάνωνο
2550 4736 2632 4788 δτι
2653 4732 2809 4788 τοῦτο
2836 4733 3131 4804 πεποίηκεν
3160 4736 3188 4787 6
3213 4733 3422 4805 Σωτὴρ,
3453 4735 3565 4797 ἵνα,
3597 4734 3780 4805 ὥσπερ

2205 4829 2272 4880 τά
2305 4827 2483 4880 πάντα
2524 4827 2854 4897 πανταχόθεν
2904 4825 3103 4897 πληροῖ
3133 4825 3341 4899 παρὼν,
3376 4825 3522 4880 οὕτω
3571 4828 3666 4880 καὶ
3716 4825 3779 4877 τὰ

2208 4919 2383 4972 πάντα
2407 4919 2505 4987 τῆς
2532 4919 2656 4991 περὶ
2675 4919 2835 4972 αὐτοῦ
2856 4916 3109 4986 γνώσεως
3139 4918 3252 4984 (59)
3283 4914 3625 4991 πληρώσῃ,ᾖ
3655 4934 3780 4987 φησι

2208 5010 2359 5080 καὶὴ
2400 5010 2519 5064 θεία
2557 5010 2765 5083 Γραφή·
2810 5009 3146 5078 Ἐπληρώθη
3172 5011 3210 5078 ἡ
3236 5011 3536 5078 σύμπασα
3562 5008 3640 5080 γῆ
3680 5006 3781 5062 τοῦ

2212 5226 2268 5272 et
2316 5217 2467 5277 editi,
2525 5216 2602 5275 ὃς.
2635 5230 2940 5285 quanquam
2981 5227 3164 5285 vocem
3227 5213 3437 5285 ἀπαθές
3494 5214 3776 5285 retineant.

2285 5285 2396 5351 (57)
2428 5285 2523 5338 Ms.
2565 5282 2811 5354 Seguer.,
2842 5282 3190 5355 γνωρίζεται.
3223 5284 3324 5336 Alii
3370 5300 3500 5337 vero
3538 5294 3597 5336 et
3633 5282 3778 5343 editi,

2211 5355 2564 5433 γνωρίζηται.
2833 5423 2844 5433 .

2283 5426 2702 5510 (538)-anglic.et
2729 5422 2889 5477 Basd.
2917 5424 3226 5495 προτέροις.
3269 5421 3400 5477 Ibid.
3425 5421 3656 5490 Segtter.
3692 5423 3782 5473 ἐπ·

2212 5495 2510 5549 αναλαδών.

2291 5565 2401 5631 (59)
2424 5563 2641 5617 Gottler.
2673 5573 2723 5614 et
2746 5561 2983 5615 Peli-Iun.
3016 5564 3039 5614 l
3092 5576 3253 5631 anon.
3276 5561 3359 5613 bal
3382 5570 3496 5617 ent.
3517 5559 3779 5631 γενέσεως

2219 5626 2311 5687 καὶ
2344 5626 2613 5702 γνώσεως.
2650 5633 2807 5702 Iidem
2838 5648 2956 5683 mox
2990 5647 3085 5702 pro
3119 5626 3174 5702 ᾖ,
3205 5632 3425 5702 habent,
3447 5626 3602 5702 φησι
3616 5630 3721 5702 γὰρ
3748 5628 3776 5694 ἡ

2220 5698 2430 5775 Γραιρή.
2450 5701 2581 5775 Ibid.
2608 5717 2703 5755 vox
2736 5701 2973 5775 rﬁabest
2994 5700 3063 5752 ab
3094 5698 3298 5769 Anglic.
3339 5698 3529 5767 Basil.,
3563 5698 3777 5753 Gubler.

2220 5770 2452 5829 Fi-lrknt.
2491 5773 2510 5827 1
2542 5788 2698 5827 anon.
2733 5770 3028 5840 ct'Srgner.
