4006 6540
250 433 351 491 ’17⁸1

1265 429 1523 485 ORATIO
1562 429 1649 484 DE
1690 430 2199 489 INCABNATIONE
2236 432 2455 488 VERBI.

3374 431 3478 490 1⁸73

250 549 453 620 γνῶναι
475 546 585 599 τόν
620 548 854 615 Κύριον.
886 549 1007 601 Εἴτε
1024 548 1132 618 γάρ
1150 565 1231 612 τις
1261 549 1586 602 ἀναϐλέπειν
1614 551 1695 613 εἰς
1722 551 1787 604 τὸε

1914 552 2059 606 enim
2106 552 2157 605 in
2197 552 2395 607 caelum
2434 551 2706 620 suspicere
2742 552 2865 620 quis
2898 551 3048 614 velit.
3072 551 3190 621 ejus
3220 561 3475 606 ornatum

244 638 453 709 οὐρανὸν
480 637 751 707 βούλεται,
796 642 896 711 ὁρᾷ
918 640 1014 710 τὴν
1042 640 1229 692 τούτου
1278 640 1651 711 διακόσμησινο
1698 640 1809 694 εἴτε

243 732 291 782 of;
332 730 549 783 δύναται
595 730 693 800 μὲν
736 732 815 794 εἰς
860 732 949 783 τὸν
996 731 1239 802 ούρανδν,
1272 731 1352 793 εἰς
1388 730 1706 802 ἀνθρώπους
1752 730 1808 783 δὲ

244 822 384 893 μόνον
412 820 743 882 ἀνακύπτει,
771 823 874 892 ὁρᾷ
922 822 1020 891 τὴν
1051 822 1138 876 διὰ
1178 822 1285 874 τῶν
1328 822 1502 893 ἔργων
1543 823 1807 893 ἀσύγκρι-

240 931 319 965 τον
361 912 524 966 αὐτοῦ
572 914 712 985 πρὸς
745 913 1064 985 ἀνθρώπους
1108 913 1353 984 δύναμιν,
1399 914 1493 967 καὶ
1545 912 1808 982 γινώσκει

238 998 406 1052 τοῦτον
440 1002 498 1052 ἐν
531 1000 847 1071 ἀνθρώποις
900 1002 1054 1072 μόνον
1088 1002 1217 1055 Θεὸν
1260 1004 1428 1070 Λόγον
1450 1002 1580 1073 (60)·
1612 1002 1721 1056 εἴτε
1749 1005 1807 1056 ἐν

239 1091 437 1159 δαίμοσί
476 1093 959 1167 τις-ἀπεστράφη,
992 1096 1081 1146 καὶ
1112 1095 1239 1166 περὶ
1268 1095 1488 1158 τούτους
1518 1095 1802 1166 ἐπτόηται,

234 1182 323 1250 ὁρᾷ
348 1180 537 1233 τοῦτον
549 1166 1126 1253 (ἐλαύνοντακσούτους,
1160 1184 1254 1237 καὶ
1286 1183 1457 1253 κρίνει
1499 1184 1685 1237 τοῦτον
1711 1186 1807 1237 αύο

236 1272 329 1322 τῶν
359 1267 497 1324 εἶναι
529 1267 821 1343 δεσῗὸἕῆνῖ
842 1268 968 1326 ἐἴτε
1020 1277 1099 1338 εἰς
1145 1275 1242 1347 τὴν
1272 1276 1377 1328 τῶν
1405 1276 1609 1330 ὑδάτων
1644 1277 1801 1346 βεὸύ-

235 1361 396 1414 θισται
430 1363 619 1431 φύσιν,
662 1366 759 1417 καὶ
790 1365 1000 1435 νομίξει
1045 1366 1215 1419 ταῦτα
1263 1368 1394 1421 Θεὸν
1433 1366 1801 1439 εἶναι,ώσπερ

233 1450 501 1517 Αἰγύπτιοι
538 1453 763 1507 σέϐουσι
817 1455 877 1507 τὸ
902 1454 1061 1528 ὕδωρ·
1110 1458 1213 1528 ὁρᾷ
1243 1456 1443 1527 ταύτην
1475 1456 1802 1528 μεταϐαλλο-

236 1540 386 1613 μένην
407 1544 501 1595 ὑπ’
526 1544 722 1605 αὐτοῦ.
771 1547 861 1599 καὶ
884 1547 1137 1615 γινώσκει
1166 1550 1368 1602 τούτων
1398 1546 1534 1602 εἷναι
1580 1548 1801 1620 κτίστην

230 1634 306 1685 τὸν
329 1634 553 1704 Κύριον.
604 1638 668 1689 Εί
691 1638 749 1690 δὲ
782 1640 875 1692 καὶ
908 1641 986 1702 εἰς
1019 1639 1153 1711 ᾅδην
1181 1658 1266 1703 τις
1289 1640 1514 1711 κατέὁη,
1540 1641 1635 1693 καὶ
1665 1640 1801 1710 πρὸς

228 1727 337 1788 τοὺς
368 1728 486 1779 ἐκεῖ
535 1728 901 1792 κατελθόντας
964 1731 1148 1800 ἥρωας
1203 1731 1459 1801 ἐπτόηται
1502 1731 1576 1794 ώς
1622 1730 1797 1793 θεούς·

228 1817 324 1868 ἀλλ’
347 1819 450 1889 ὁρᾷ
489 1819 593 1889 τὴν
645 1820 838 1874 τούτου
881 1822 1179 1893 γενομένην
1222 1824 1514 1878 ἀνάστασιν
1557 1825 1650 1877 καὶ
1702 1822 1798 1893 τὴν

228 1910 352 1963 κατὰ
378 1910 474 1964 τοῦ
504 1912 746 1966 θανάτου
781 1913 957 1983 νίκην,
994 1915 1087 1968 καὶ
1140 1914 1409 1982 λογίζεται
1444 1916 1537 1968 καὶ
1585 1914 1695 1985 (61)
1736 1916 1792 1968 ἐν
1824 1897 1868 1952 Β

212 2002 437 2071 ιἐκείνοις
490 2002 660 2077 μόνον
692 2000 833 2057 εἶναι
877 2004 968 2056 τὸν
1020 2004 1253 2075 Χριστὸν
1284 2003 1531 2075 ἀληθινὸν
1591 2003 1793 2074 Κύριον

501 2076 740 2149 Πάντων
766 2095 874 2166 γὰρ
892 2095 998 2149 τῶν
1025 2096 1125 2165 τῆς
1151 2095 1377 2159 κτίσεως
1409 2096 1589 2166 μερῶν
1617 2096 1793 2167 ἥψατο

219 2183 472 2255 ὁΚύριος,
511 2186 621 2238 καὶ
649 2186 721 2238 τά
773 2184 882 2254 (62)
904 2185 1081 2239 πάντα
1111 2186 1289 2257 πάσης
1320 2186 1532 2254 ἀπάτης
1566 2184 1790 2254 ἠλευθέ-

224 2292 344 2344 ρωσε
370 2278 464 2329 καὶ
492 2276 757 2347 ἤλεγξεν,
786 2277 861 2340 ὡς
891 2276 1102 2341 Παῦλος
1142 2294 1323 2347 φησιν’
1364 2276 1793 2345 Ἀπεκὸυσάμε-

221 2383 310 2431 νος
336 2368 438 2434 τὰς
458 2368 670 2436 ἀρχὰς
696 2368 795 2421 καί
832 2368 937 2434 τὰς
956 2368 1239 2435 ἐξουσίας
1257 2368 1681 2437 ἐθριάμϐευσεν
1722 2369 1792 2421 ἐν

220 2456 285 2521 τῷ
316 2459 587 2525 σταυρῷσ
621 2459 709 2513 ἵνα
731 2460 928 2530 μηκέτι
948 2477 1031 2522 τις
1051 2460 1392 2530 ἀπατηθῆναι
1413 2459 1632 2531 δυνηθῇ,
1656 2458 1790 2513 ἀλλά

221 2549 472 2619 πανταχοῦ
506 2550 611 2602 τὸν
640 2549 894 2619 ἀληθινὸν
923 2551 1016 2603 τοῦ
1054 2551 1186 2604 Θεοῦ
1214 2553 1384 2619 Λόγον
1417 2551 1575 2622 εὖρῃ.·
1635 2550 1789 2605 Οῦτω

219 2641 310 2712 γὰρ
333 2641 683 2712 πανταχόθεν
707 2641 821 2711 (65)
848 2643 1259 2713 συγκλειόμενος
1291 2647 1319 2697 6
1344 2643 1645 2715 ἄνθρωπος,
1694 2643 1788 2697 καὶ

222 2732 500 2804 πανταχοῦ,
525 2734 830 2796 τουτέστιν,
852 2736 909 2785 ὲν
925 2734 1156 2805 οὐρανῷ,
1176 2739 1234 2789 ὲν
1246 2735 1394 2806 ᾅδου,
1415 2737 1473 2788 ὲν
1495 2735 1589 2789 ἀνθ
1599 2735 1783 2807 ρώπῳ,

220 2824 296 2875 ἐπὶ
320 2825 417 2895 γῆς
442 2824 792 2895 ήπλωμένην
822 2823 921 2895 τὴν
939 2825 1032 2878 τοῦ
1062 2826 1232 2894 Λόγου
1266 2825 1516 2895 θειότητα
1554 2826 1783 2896 βλέπων,

218 2913 404 2966 οὐκέτι
436 2917 552 2985 μὲν
603 2916 882 2969 ἀπατᾶται
944 2917 1072 2986 περὶ
1105 2917 1259 2977 Θεοῦ,
1312 2918 1468 2987 μόνον
1514 2918 1570 2971 δὲ
1595 2917 1785 2970 τοῦτον

220 3009 523 3075 προσκυνεῖ,
550 3007 646 3059 καὶ
663 3006 730 3059 δι’
760 3007 924 3060 αὑτοῦ
960 3008 1137 3073 καλῶς
1151 3010 1241 3061 τὸν
1270 3010 1488 3079 Πατέρα
1505 3008 1780 3077 γινώσκει.

218 3095 413 3161 Τούτοις
449 3098 564 3169 μὲν
600 3095 694 3152 οὖν
716 3099 812 3151 καί⁸
845 3100 1098 3172 ’Έλληνες
1116 3102 1338 3164 εἰκότως
1369 3100 1786 3172 δυσωπηθήσον-

216 3203 289 3239 ται
307 3190 428 3260 παρ’
497 3188 662 3259 ἡμῶν
692 3192 757 3243 ὲκ
790 3190 899 3244 τῶν
927 3192 1180 3260 εὐλόγων·
1221 3195 1267 3246 εἰ
1297 3192 1353 3246 δὲ
1387 3192 1459 3264 μὴ
1487 3194 1783 3263 αὐτάρκεις

217 3272 467 3344 εἶναιτοὺς
502 3281 699 3349 λόγους
728 3282 984 3352 ἡγοῦνται
1006 3284 1140 3354 πρὸς
1169 3286 1427 3354 αἰσχύνην
1460 3283 1657 3346 αὐτῶν,
1686 3284 1786 3338 κᾶν

216 3371 267 3423 ἐκ
298 3374 399 3426 τῶν
428 3376 531 3427 ἐπ’
553 3373 711 3443 ὂψεσι
750 3374 967 3445 πάντων
1010 3376 1347 3446 φαινομένων
1378 3376 1787 3430 πιστούσθωσαν

216 3464 269 3515 τὰ
296 3464 589 3536 λεγόμενα.

270 3556 349 3610 46.
384 3558 536 3610 Πότε
560 3557 659 3627 τὴν
692 3557 801 3611 τῶν
826 3558 1061 3612 εἰδώλων
1100 3559 1395 3629 θρησκείαν
1429 3560 1662 3629 ἤρξαντο
1687 3578 1785 3613 κα-

215 3645 559 3716 ταλιμπάνειν
612 3649 663 3701 οἰ
718 3648 1014 3721 ἄνθρωποι,
1054 3651 1103 3702 εἰ
1162 3650 1234 3719 μὴ
1266 3652 1356 3719 ἀφ’
1387 3645 1448 3702 οῦ
1487 3651 1705 3720 γέγονεν
1755 3654 1783 3704 6

214 3735 439 3815 ἀληθινὸς
475 3735 578 3803 τοῦ
614 3739 750 3805 Θεοῦ
786 3740 917 3804 Θεὸς
960 3739 1068 3811 (64)
1115 3741 1282 3811 Λόγος
1334 3744 1390 3794 ὲν
1442 3742 1779 3814 άνθρώποις;

218 3814 528 3883 Πότῖδὲντὰ
568 3832 699 3901 παρ’
738 3832 962 3901 Ἕλλησι
996 3833 1090 3885 καὶ
1116 3833 1389 3903 πανταχοῦ
1420 3838 1647 3904 μαντεῖα
1680 3837 1779 3888 πέ-

214 3934 392 3972 παυται
412 3921 519 3974 ut
537 3922 858 3985 κεκένωται,
899 3924 948 3975 εἰ
991 3922 1065 3993 μὴ
1093 3924 1180 3976 ὅτε
1230 3925 1389 3995 μέχρι
1419 3925 1521 3995 γῆς
1549 3927 1781 3995 πεφανέ-

216 4026 365 4077 ρωκεν
401 4012 608 4065 ἑαυτὸν
653 4013 683 4065 ὁ
728 4015 948 4084 Σωτήρ;
1003 4015 1137 4068 Πότε
1181 4016 1236 4068 δὲ
1278 4017 1778 4086 καταγινώσκεσθαι

212 4094 433 4170 lapsana.
450 4105 507 4156 οί
540 4103 696 4174 παρὰ
721 4108 972 4175 ποιηταῖς
997 4105 1276 4176 λεγόμενοι
1293 4108 1403 4161 θεοί
1430 4109 1520 4162 καὶ
1579 4110 1774 4180 ἥρωες,

210 4189 272 4253 ὡς
299 4198 459 4262 μόνον
493 4195 650 4257 ὄντες
674 4194 947 4267 ἄνθρωποι
981 4196 1183 4267 θνητοὶ,
1212 4201 1260 4251 εί
1301 4200 1375 4270 μὴ
1408 4202 1500 4269 ἀφ’
1529 4198 1589 4255 οὗ
1613 4206 1641 4255 ὁ
1666 4202 1775 4255 Κύ-

213 4296 307 4348 ριος
352 4286 413 4337 τὸ
445 4284 596 4338 κατά
621 4286 716 4337 τοῦ
751 4285 983 4340 θανάτου
1026 4290 1284 4359 τρόπαιον
1322 4293 1631 4363 εἰργάσατο,
1683 4294 1776 4347 καὶ

208 4374 324 4447 ὅπερ
370 4377 540 4430 ἑλαϐε
598 4377 758 4447 σῶμα
801 4383 1104 4450 τετήρηκεν
1141 4380 1434 4454 ἄφθαρτον,
1472 4384 1777 4454 ἀναστήσας

208 4467 321 4521 αὐτὸ
352 4473 420 4523 ὲκ
443 4470 553 4523 τῶν
579 4470 791 4541 νεκρῶν
810 4488 825 4535 ;
846 4472 982 4524 Πότε
1006 4473 1060 4525 δὲ
1086 4477 1119 4543 ἡ
1153 4473 1420 4545 δαιμόνων
1444 4477 1624 4549 ἀπάτη
1684 4480 1776 4531 καὶ

1912 653 1967 696 et
1998 642 2449 711 pulchritudinem
2498 644 2756 697 intuetur.
2786 644 2881 698 Sin
2920 656 3096 699 autem
3129 646 3321 699 emtum
3351 658 3475 696 con-

1912 733 2155 802 templari
2202 750 2305 789 non
2336 744 2530 804 queat,
2576 734 2864 789 dummodo
2893 736 3078 789 oculos
3118 735 3183 788 ad
3227 734 3474 788 homines

1910 836 2228 891 convertat,
2272 842 2336 882 ex
2374 828 2626 898 operibus
2673 828 2933 881 inﬁnitam
2976 828 3093 897 ejus
3138 844 3244 896 pra:
3290 828 3467 881 humi--

1911 918 2068 971 nibus
2129 921 2421 986 potentiam
2480 930 2768 990 agnoscet,
2816 921 3095 988 solumque
3137 920 3281 973 illum
3328 920 3471 973 inter

1910 1004 2157 1060 homines
2199 1007 2363 1060 Deum
2409 1007 2638 1063 Verbum
2670 1023 2789 1064 esse
2835 1011 3107 1064 fatebitur.
3152 1009 3301 1075 Quod
3348 1008 3395 1061 si
3437 1023 3467 1061 a

1908 1094 2240 1148 daemonibus
2276 1097 2513 1160 delusus,
2540 1098 2649 1167 7ο
2670 1113 2854 1153 eorum
2891 1099 2994 1152 vim
3026 1099 3343 1161 admiretur,
3374 1112 3469 1151 eos

1906 1184 1975 1237 ah
2009 1183 2097 1236 illo
2129 1185 2249 1251 pelli
2285 1188 2443 1249 videt,
2472 1203 2536 1241 ac
2561 1189 2785 1256 proinde
2813 1189 3019 1243 illorum
3044 1205 3165 1243 esse
3192 1188 3466 1243 dominum

1908 1289 2011 1327 non
2057 1274 2345 1331 dilliciliter
2400 1278 2587 1331 credit.
2639 1278 2695 1332 Si
2747 1294 2872 1332 vero
2913 1280 2961 1334 in
3007 1296 3266 1348 aquarum
3308 1290 3467 1332 natu-

1909 1378 2020 1416 ram
2053 1364 2362 1428 immersus,
2382 1380 2475 1419 cas
2499 1365 2662 1420 Deum
2690 1382 2810 1422 esse
2833 1368 3125 1435 existimet,
3151 1379 3207 1420 nt
3232 1368 3464 1439 [Egyptii

1906 1455 1996 1522 qui
2037 1469 2228 1524 aquam
2264 1467 2614 1522 venerantur;
2650 1474 2767 1512 eam
2804 1462 2870 1513 ab
2910 1459 2999 1512 illo
3042 1469 3298 1513 mutatam
3346 1477 3465 1513 eer-

1906 1560 2069 1606 nens.
2128 1547 2408 1600 Dominum
2456 1564 2715 1616 aquarum
2764 1560 3061 1604 creatorem
3118 1566 3237 1605 esse
3282 1552 3462 1605 statim

1904 1636 2190 1691 concludit.
2218 1638 2355 1705 Quin
2384 1640 2594 1695 etiamsi
2626 1642 2690 1694 ad
2729 1644 2874 1710 ipsos
2906 1658 3076 1711 usque
3111 1641 3311 1697 biferos
3342 1658 3468 1711 per-

1900 1727 2130 1792 venerit.
2159 1741 2212 1785 et
2247 1732 2461 1797 heroas,
2493 1734 2583 1799 qui
2622 1733 2746 1787 illuc
2778 1733 3194 1799 descenderunt,
3242 1734 3463 1788 totidem

1903 1819 2063 1874 veluti
2111 1824 2238 1876 deos
2276 1839 2396 1879 esse
2430 1825 2689 1879 attonitus
2718 1825 3040 1888 arbitretur;
3090 1825 3236 1879 illum
3284 1840 3439 1879 resur

1899 1912 2107 1967 rexisse
2127 1924 2179 1967 et
2208 1926 2432 1968 rrmrtern
2471 1915 2768 1970 debellasse
2794 1916 3083 1985 aSpiciens,
3116 1931 3221 1969 non
3253 1916 3461 1969 dubitat

1899 2003 2026 2069 quin
2060 2004 2205 2059 solus
2249 2004 2502 2061 Christus
2547 2007 2686 2060 inter
2736 2005 2855 2059 illos
2902 2020 3061 2060 verus
3113 2005 3367 2059 Dominus
3409 2015 3463 2059 et

1900 2090 2040 2145 Dens
2087 2092 2364 2149 habendus
2390 2095 2479 2149 sit.
2524 2094 2799 2163 Siquidem
2830 2108 3018 2148 omnes
3050 2094 3232 2147 mundi
3275 2103 3459 2163 partes

1897 2183 2071 2252 attigit
2100 2185 2377 2249 Dominus,
2408 2201 2506 2240 nec
2536 2203 2644 2240 non
2671 2187 2736 2241 ab
2763 2187 2908 2242 omni
2946 2201 3130 2239 errore
3162 2185 3381 2253 eripuit.
3405 2196 3460 2240 et

1897 2278 2171 2347 coarguit,
2192 2280 2265 2331 uti
2285 2276 2483 2332 Paulus
2501 2279 2607 2332 ait:
2646 2279 2967 2349 Exspatiata
2984 2280 3359 2349 principatibus
3396 2296 3459 2333 ac

1895 2368 2259 2433 potestatibus,
2311 2369 2645 2439 triumphavit
2680 2373 2733 2425 in
2781 2387 2933 2424 cruce
2962 2372 3014 2435 ';
3053 2386 3120 2424 ne
3152 2370 3271 2439 quis
3303 2370 3456 2424 dein-

1896 2472 2022 2525 ceps
2048 2468 2226 2526 posset
2257 2460 2465 2527 decipi,
2507 2461 2600 2514 sed
2633 2460 2829 2529 ubique
2858 2477 3043 2514 verum
3084 2462 3173 2514 Dei
3220 2460 3451 2515 Verbum

1896 2550 2179 2604 inveniret.
2227 2550 2302 2604 lta
2353 2552 2496 2605 enim
2544 2553 2702 2607 homo
2751 2553 2984 2622 undique
3016 2554 3358 2614 constrictus,
3402 2566 3459 2607 et

1895 2641 2113 2708 ubique,
2166 2643 2264 2696 hoc
2301 2651 2405 2706 est,
2454 2644 2506 2696 iu
2555 2643 2726 2707 Ctelis,
2774 2644 2825 2696 in
2873 2643 3075 2703 inferis.
3126 2646 3176 2698 in
3240 2645 3457 2698 homine

1894 2739 2056 2796 atque
2093 2730 2146 2783 in
2185 2731 2341 2784 terris
2367 2772 2383 2796 ,
2410 2732 2728 2800 explicatam
2758 2746 2984 2787 cernens
3017 2729 3170 2786 Verbi
3204 2732 3455 2786 divinitao

1896 2830 2023 2884 tem,
2067 2838 2170 2876 non
2214 2822 2442 2888 amplius
2486 2823 2539 2877 in
2591 2824 2960 2892 cognoscendo
3012 2824 3117 2878 Deo
3159 2824 3444 2893 decipitur,

1891 2914 1985 2966 sed
2034 2914 2206 2967 solum
2256 2912 2488 2968 Verbum
2526 2916 2739 2979 adorat,
2765 2926 2820 2969 et
2864 2931 2956 2983 per
2992 2913 3221 2971 Verbum
3271 2919 3454 2987 cogni-

1894 3004 2091 3058 tionem
2134 3005 2307 3059 Patris
2342 3007 2598 3073 prazclare
2629 3007 2955 3075 assequitur.
2986 3006 3080 3060 His
3119 3008 3281 3074 igitur
3322 3023 3452 3062 con-

1891 3098 2169 3151 sentaneis
2203 3098 2500 3150 rationibus
2535 3096 2764 3165 gentiles
2796 3112 2897 3151 non
2953 3098 3090 3151 male
3125 3096 3447 3163 refellemus,

1890 3202 2025 3257 quas
2055 3188 2099 3242 si
2133 3186 2377 3241 sulIicere
2401 3202 2504 3243 non
2538 3198 2724 3256 putant
2756 3198 2812 3241 nt
2841 3189 3046 3255 pudore
3077 3189 3174 3256 ipsi
3211 3188 3447 3243 allician-

1891 3290 2018 3336 tur:
2052 3279 2240 3334 saltem
2271 3293 2336 3333 ex
2371 3279 2473 3346 bis,
2501 3294 2624 3349 quatI
2656 3281 2707 3334 iu
2750 3281 2987 3334 omnium
3036 3290 3327 3350 conspectu
3360 3296 3452 3351 ap-

1888 3378 2103 3436 parent,
2139 3385 2260 3423 vera
2299 3384 2363 3424 ea
2399 3384 2519 3425 esse
2550 3385 2667 3439 quat
2711 3371 2946 3426 diximus
2985 3387 3301 3442 persuasum
3325 3373 3447 3445 Mha-

1886 3458 2064 3515 beant.
3326 3444 3381 3472 γ’*

1953 3548 2042 3603 46.
2084 3549 2371 3604 Enimvero
2398 3551 2739 3619 quandouam
2775 3551 3022 3606 homines
3065 3553 3326 3609 idolorum
3362 3570 3450 3609 su-

1883 3641 2249 3708 perstitionem
2297 3642 2549 3697 deserere
2593 3654 2897 3712 coeperunt.
2944 3646 3043 3699 nisi
3081 3661 3109 3699 a
3153 3661 3261 3715 quo
3292 3662 3450 3701 verus

1888 3732 2027 3788 Deus
2067 3732 2158 3787 Dei
2214 3733 2444 3788 Verbum
2496 3734 2656 3789 homo
2692 3735 2892 3790 factum
2930 3738 3049 3790 est?
3098 3738 3446 3804 Quandonam

1881 3823 2188 3880 Craacorum
2220 3834 2275 3879 et
2309 3826 2469 3880 totius
2502 3826 2650 3881 orbis
2677 3828 2892 3882 oracula
2920 3843 3200 3884 cessavere
3228 3839 3282 3884 et
3323 3844 3450 3882 eva-

1881 3931 2068 3980 nuere,
2118 3917 2215 3970 nisi
2265 3932 2545 3987 pomquam
2592 3919 2843 3974 Salvator
2888 3936 2949 3975 se
2988 3922 3040 3974 in
3082 3922 3239 3975 terris
3294 3932 3443 3991 pate-
3546 3922 3566 3945 '

1881 4007 2045 4061 fecit?
2072 4008 2432 4074 Quandonam
2468 4020 2742 4079 poetarum
2774 4013 2846 4065 dii
2877 4023 2928 4066 et
2959 4012 3172 4075 heroes,
3206 4014 3448 4069 homines

1882 4109 2088 4153 tantum
2114 4113 2233 4152 esse
2258 4099 2579 4167 deprehendi
2610 4117 2674 4156 ac
2704 4104 2976 4157 contemni
3008 4112 3310 4173 coeperunt,
3344 4105 3444 4159 nisi

1879 4192 1967 4246 ubi
1999 4192 2255 4248 Dominus
2292 4204 2548 4261 tropmum
2590 4192 2657 4247 de
2699 4204 2871 4247 morte
2892 4194 3147 4258 confecit,
3172 4206 3225 4249 et
3253 4210 3449 4264 corpus

1877 4285 2018 4352 quod
2066 4296 2349 4354 acceperat
2396 4299 2424 4336 a
2477 4285 2705 4338 mortuis
2752 4285 3027 4347 excitans,
3077 4286 3443 4353 incorruptum

1878 4376 2570 4441 scrvavit?_Qnandonam
2628 4375 2775 4429 fraus
2825 4386 2880 4430 et
2937 4378 3082 4430 furor
3144 4377 3442 4431 daemonum

1877 4471 2043 4540 cmpit
2085 4469 2320 4538 despici,
2356 4469 2455 4521 nisi
2506 4482 2627 4520 cum
2662 4468 2920 4531 Verbum,
2968 4469 3058 4521 Dei
3091 4468 3281 4530 virtus,
3327 4482 3445 4521 om-

210 4561 353 4625 μανία
394 4560 507 4631 (65)
564 4562 968 4634 κατεφρονήθη,
1003 4566 1050 4616 εἰ
1078 4566 1150 4636 μὴ
1175 4567 1261 4619 ὅτε
1287 4569 1319 4639 ἡ
1345 4567 1438 4621 τοῦ
1460 4569 1593 4622 Θεοῦ
1620 4569 1776 4622 δύνα-

1891 4566 2026 4618 nium
2068 4577 2169 4615 nec
2201 4575 2307 4614 non
2344 4560 2554 4613 illorum
2600 4559 2879 4620 Dominus,
2910 4559 3184 4612 hominum
3219 4559 3446 4612 infirmi-

209 4666 303 4716 μις,
322 4652 352 4703 ὁ
376 4654 573 4720 Λόγος,
610 4654 639 4704 ὁ
658 4651 878 4705 πάντων
910 4655 1002 4707 καὶ
1032 4654 1234 4710 τούτων
1259 4658 1546 4730 δεσπότης,
1569 4658 1657 4712 διὰ
1677 4660 1776 4729 τὴν

204 4739 297 4793 τῶν
332 4742 644 4814 ἀνθρώπων
668 4743 952 4798 ἀσθένειαν
988 4748 1357 4815 συγκαταϐὰς,
1404 4751 1496 4802 ἐπὶ
1522 4750 1623 4820 γῆς
1648 4751 1780 4817 ἐφά-

204 4849 292 4903 νη;
326 4835 465 4887 Πότε
495 4834 553 4887 δὲ
581 4834 685 4904 τῆς
714 4836 996 4906 μαγείαςή
1028 4837 1188 4907 τέχνη
1216 4840 1310 4892 καὶ
1333 4839 1401 4893 τὰ
1432 4839 1777 4893 διδασκαλεῖα

201 4923 418 4989 ἤρξαντο
471 4926 928 4991 καταπατεῖσθαι,
957 4929 1005 4979 εἰ
1034 4928 1108 4999 μὴ
1136 4929 1224 4981 ὅτε
1271 4930 1339 4983 τὰ
1372 4930 1629 4999 θεοφάνια
1678 4931 1771 4984 τοῦ

202 5010 357 5078 Λόγου
386 5015 611 5082 γέγονεν
630 5016 688 5067 ὲν
710 5016 806 5068 ἀνθ
816 5016 1048 5084 ρώποις;
1084 5017 1192 5071 Καὶ
1216 5020 1352 5083 ὅλως
1377 5020 1487 5090 (66)
1505 5021 1634 5074 πότε
1664 5023 1771 5076 τῶν

210 5099 462 5171 Ἑλλήνων
498 5107 531 5174 ἡ
572 5104 735 5173 σοφία
783 5106 1157 5178 μεμώρανται,
1184 5112 1233 5162 εἰ
1263 5110 1337 5182 μὴ
1365 5113 1453 5165 ὅτε
1485 5115 1518 5183 ἡ
1567 5113 1772 5187 ἀληθὴς

311 5196 515 5249 Coloss.
545 5211 605 5255 ιι,
636 5198 723 5252 15.

261 5282 364 5349 (60)
383 5284 474 5338 Sic
494 5286 705 5354 Anglic.
740 5284 900 5341 Basil.
930 5286 1140 5341 Gobler.
1172 5287 1410 5342 Felrkm.
1451 5291 1473 5344 1
1508 5306 1667 5349 anon.
1710 5302 1765 5347 et

202 5350 407 5431 Seguer.
468 5350 607 5431 alii:
634 5371 764 5409 vero
812 5367 873 5431 e_t_
914 5357 1044 5431 editi
1096 5357 1230 5431 Θεοῦ
1267 5359 1457 5427 Λόγον.
1495 5360 1609 5415 Mox
1666 5379 1762 5431 pro

200 5419 425 5486 τούτους.
472 5425 696 5479 GobIer.
745 5436 798 5477 et
836 5424 1072 5481 Felekut.
1110 5429 1133 5481 1
1176 5419 1577 5484 οη()ιι.Ἰιειι›θιιι
1633 5419 1759 5484 τού-

198 5504 301 5558 του.
330 5494 479 5546 Iidem
510 5495 731 5548 Gubler.
758 5508 803 5546 et
838 5494 1078 5550 Fclekm.
1108 5497 1132 5549 ’1
1170 5513 1333 5551 anon.
1367 5510 1471 5553 art.
1506 5500 1614 5553 τῶν
1633 5514 1759 5558 ante

200 5556 389 5615 ὑδάτων
419 5565 705 5631 paulopost
737 5567 1016 5618 omittunt.

285 5633 365 5706 ﬁt)
391 5633 658 5706 Par‘ticula
683 5635 777 5688 καί
810 5637 958 5706 deest
991 5638 1040 5688 in
1075 5634 1298 5706 Seguer.

286 5699 365 5769 6?.)
387 5703 555 5757 Artic.
584 5704 655 5756 τά
687 5707 837 5758 abest
868 5722 895 5756 a
920 5699 1215 5760 Goblerfet
1248 5707 1460 5761 Felcktr
1534 5710 1555 5762 1
1591 5725 1752 5763 anon.

266 5771 366 5843 (155)
412 5774 622 5840 Anglic.
660 5774 823 5828 Basil.
880 5785 928 5829 et
987 5776 1207 5843 Segner.
1243 5794 1425 5831 vni-em
1450 5778 1637 5831 λοιπόν
1671 5781 1756 5833 hic

207 5838 404 5902 addunt.
438 5838 552 5897 Mox
572 5845 663 5898 καὶ
682 5846 957 5915 πανταχοῦ
974 5838 1126 5902 omit.
1149 5846 1304 5901 Gobl.
1335 5846 1491 5904 Fclttk
1515 5851 1558 5903 .l
1593 5866 1751 5903 anon.

1888 4667 2048 4712 tatem
2080 4654 2384 4713 miseratus,
2416 4651 2466 4704 in
2499 4659 2639 4702 terra
2665 4648 2949 4717 apparuit?
2980 4648 3326 4713 Quandonam
3356 4665 3446 4702 ars

1877 4760 1933 4805 et
1962 4745 2161 4802 schola:
2196 4743 2417 4813 magica:
2456 4740 2782 4796 conculcata:
2820 4750 2969 4804 sunt,
3007 4740 3109 4794 nisi
3146 4749 3267 4809 post
3306 4740 3444 4794 divi-

1876 4854 2007 4896 num
2073 4836 2232 4891 Verbi
2297 4834 2437 4902 apud
2505 4832 2748 4887 homines
2808 4831 3136 4886 adventum?
3203 4832 3442 4902 Denique

1874 4928 2213 5000 qnandonam
2246 4926 2523 4996 gentilium
2549 4924 2811 4993 sapientia
2841 4923 3005 4977 stulta
3035 4923 3173 4979 facta
3197 4931 3299 4989 est,
3335 4924 3438 4980 nisi

1871 5037 1993 5075 cum
2044 5033 2167 5071 vera
2212 5017 2305 5071 Dei
2356 5015 2616 5084 sapientia
2671 5015 2902 5084 seipsam
2947 5014 2997 5067 in
3055 5014 3212 5068 terris
3255 5025 3435 5068 notam

1871 5108 2138 5168 reddidit?
2164 5107 2302 5163 Olim
2345 5106 2609 5175 siquidem
2644 5105 2885 5160 homines
2918 5120 3013 5173 per
3049 5114 3215 5159 totum
3260 5115 3433 5159 terra-

1942 5290 2054 5355 (64)
2086 5290 2279 5343 Vorem
2313 5289 2446 5352 Θεός
2469 5305 2573 5342 non
2600 5289 2749 5342 habet
2787 5304 2887 5343 ms.
2922 5288 3144 5355 Seguer.
3192 5300 3288 5340 nec
3316 5301 3434 5341 eam

1868 5362 2178 5430 exprimunt
2208 5360 2556 5430 interpretes.
2588 5359 2753 5412 Paulo
2781 5369 2900 5426 post
2919 5366 3138 5430 Segner.
3174 5355 3431 5430 Basilien-

1868 5424 1966 5491 εἰς’,
2022 5429 2230 5497 Anglic.
2263 5440 2315 5481 et
2354 5424 2590 5483 Felckm.
2625 5430 2659 5482 2
2706 5424 2864 5482 anon.
2903 5428 3131 5497 μαντεῖα
3179 5424 3380 5478 habent
3417 5444 3431 5479 :

1867 5501 1954 5556 alii
1987 5510 2041 5553 et
2067 5501 2232 5553 editio
2265 5499 2525 5555 Commel.
2556 5498 2801 5568 μαντεία.

1938 5568 2048 5640 (65)
2069 5568 2158 5640 Sic
2186 5570 2411 5640 Seguer.
2444 5561 2649 5640 Anglic.
2672 5568 2833 5621 Basil.
2854 5579 2911 5640 et»
2943 5561 3429 5640 Felrkmﬂnanon”

1869 5651 1921 5695 et
1945 5631 2039 5696 'ita'
2081 5631 2324 5708 legerunt
2349 5631 2681 5708 Omnib'onus
2712 5648 2766 5690 et
2797 5635 3146 5690 Ambrosius:
3177 5631 3266 5685 alii
3304 5646 3430 5686 vero

1865 5721 1917 5765 et
1946 5709 2109 5763 editio
2138 5706 2398 5762 Commel.
2436 5706 2655 5777 μαγεία,

1936 5778 2045 5847 (66)
2092 5779 2200 5832 Καὶ
2240 5779 2375 5840 ὅλως
2424 5771 2533 5832 nou
2569 5777 2763 5830 habent
2809 5773 3021 5829 Gubler.
3071 5782 3117 5827 et
3161 5771 3338 5829 Felck.
3396 5772 3418 5826 1

1863 5865 2024 5903 311011.
