4006 6514
539 392 643 447 l79

1140 391 1200 445 3.
1239 389 1609 445 ΑἸἹΙΛΝΛΞΙΙ
1649 389 1802 445 υιοι».
1845 388 2024 445 PARS
2067 388 2108 442 l.
2148 420 2219 431 -—
2260 387 2636 443 HlSTUlilCA
2678 386 2764 441 ΕΤ
2801 386 3215 442 DOCMATICA.

3694 386 3791 442 1)έο

537 526 657 562 rum
704 509 889 563 orbem
934 524 999 563 ac
1041 523 1138 575 per
1178 526 1367 564 omnes
1426 510 1675 579 regiones
1713 509 1977 562 idolorum
2019 526 2110 562 suc

2216 508 2306 561 τοῦ
2358 508 2495 561 Θεοῦ
2550 507 2710 577 σοφία
2730 509 2822 561 ἐπὶ
2851 511 2953 576 γῆς
2991 507 3187 577 ἑαυτὴν
3235 505 3540 576 ἑφανέρωσε
3568 522 3582 568 ς
3616 506 3789 559 Πάλαι

538 599 853 670 perstitione
900 600 1083 668 illigati
1129 600 1418 657 errabant.
1472 600 1755 667 nullosque
1802 599 1936 653 alios
1976 600 2106 655 deos

539 702 733 763 pmter
775 692 913 746 idola
953 693 1356 761 agumcebaut:
1399 708 1538 746 nunc
1588 708 1719 745 vero
1762 708 1858 759 per
1890 694 2104 746 univer-

537 798 653 838 sam
682 796 879 838 terram
913 800 1053 839 vano
1083 784 1345 838 idolorum
1386 786 1531 838 cultu
1578 784 1790 847 relicto,
1837 786 1903 838 ad
1948 786 2105 840 Chrio

540 882 683 927 stum
734 873 1069 943 confugiunt,
1118 890 1276 943 quem
1318 885 1375 928 et
1412 874 1575 927 Deum
1621 887 1964 943 venerantes,
2012 895 2107 947 per

539 978 662 1018 eum
708 965 773 1018 ad
830 964 1005 1020 Patris
1054 981 1211 1035 quem
1266 980 1370 1019 non
1428 977 1692 1021 noverant
1743 970 2103 1038 cognitionem

540 1056 884 1123 perveniunt.
934 1056 1197 1125 Quodque
1248 1057 1299 1109 in
1348 1057 1535 1126 primis
1584 1058 1779 1113 mirum
1826 1069 1940 1124 est,
1984 1076 2104 1114 cum

541 1146 704 1200 varia!
738 1156 794 1201 et
826 1162 988 1216 prope
1024 1148 1244 1201 inlinitze
1279 1148 1386 1202 sint
1427 1148 1746 1215 religiones,
1801 1152 2105 1221 proprium-

540 1254 646 1306 que
680 1238 876 1293 idolum
920 1238 1143 1307 singula:
1191 1241 1434 1309 regiones
1483 1244 1750 1306 habeant,
1794 1258 1891 1298 nec
1936 1246 2106 1311 possit

544 1331 608 1393 is,
652 1346 810 1398 quem
866 1331 1026 1385 Deum
1074 1335 1385 1401 appellant,
1441 1336 1743 1403 proximum
1803 1337 2103 1405 transgredi

543 1421 741 1486 locum,
770 1432 827 1475 ut
856 1422 1062 1476 vicinos
1101 1426 1167 1478 ad
1216 1440 1273 1479 se
1301 1428 1583 1478 colendum
1633 1427 1866 1491 alliciat,
1909 1429 2107 1497 quippe

542 1513 633 1578 qui
680 1512 765 1565 vix
818 1512 957 1565 intra
1008 1515 1253 1582 proprios
1296 1518 1429 1569 lines
1468 1516 1678 1569 colatur
1724 1516 1913 1587 (nemo
1961 1519 2105 1573 enim

542 1601 707 1655 vicini
746 1600 905 1657 deum
952 1603 1195 1669 colebat,
1239 1606 1331 1660 sed
1374 1610 1644 1677 proprium
1690 1610 1883 1679 singuli
1924 1626 2110 1665 serva-

544 1693 675 1748 bant
705 1694 922 1755 idolum.
957 1698 1098 1764 quod
1140 1706 1197 1750 et
1236 1700 1474 1752 omnium
1518 1715 1637 1754 esse
1682 1700 1961 1755 Dominum
1991 1704 2105 1756 exi-

544 1784 896 1855 stimabant);
956 1786 1102 1841 solus
1124 1787 1371 1842 Christus
1398 1801 1453 1843 et
1481 1808 1619 1846 unus
1656 1803 1711 1846 et
1739 1793 1935 1862 ubique
1968 1795 2105 1848 idem

2215 594 2315 671 μὲν
2334 602 2444 672 γὰρ
2469 602 2619 652 πᾶσα
2637 601 2670 668 ἡ
2691 601 2979 670 οἰκουμένη
3000 600 3093 652 καί⁸
3120 601 3227 663 πᾶς
3253 599 3414 661 τόπος
3440 601 3505 668 τῇ
3524 598 3790 669 θρησκεία

2210 692 2321 745 τῶν
2353 691 2590 745 εἰδώλων
2620 691 2905 755 ἐπλανᾶτο,
2955 694 3048 744 καὶ
3079 690 3231 743 οῦδὲν
3258 690 3382 744 ἄλλο
3412 690 3445 760 ἢ
3475 690 3546 742 τὰ
3598 690 3789 743 εῐδωλα

2213 781 2368 845 θεοὺς
2402 782 2651 851 ἐνόμιζον
2675 784 2723 835 οἰ
2752 781 3047 852 ἄνθρωπον
3094 780 3190 834 νῦν
3236 781 3293 833 δὲ
3318 780 3458 833 κατά
3486 782 3667 833 πᾶσαν
3691 782 3788 849 τὴν

2211 874 2538 944 οἰκουμένην
2576 873 2675 943 τὴν
2721 874 2817 943 μὲν
2850 873 2955 927 τῶν
2982 873 3213 926 εἰδώλων
3239 872 3661 942 δεισιδαιμονίαν
3694 888 3790 923 κα-

2211 964 2645 1034 ταλιμπάνουσιν
2682 965 2731 1017 οί
2764 964 3059 1035 ἄνθρωποι,
3095 963 3261 1017 ἐπὶδέ
3304 963 3394 1016 τὸν
3426 962 3662 1033 Χριστὸν
3693 980 3788 1014 καο

2212 1058 2564 1127 ταφεύγουσι,
2599 1060 2693 1112 καὶ
2722 1059 2852 1113 Θεὸν
2872 1060 3031 1112 αὑτὸν
3058 1058 3505 1129 προσκυνοῦντες,
3531 1058 3598 1110 δι’
3624 1057 3788 1110 αύτοῦ

2213 1154 2308 1205 κα)⁸
2344 1153 2402 1206 ὃν
2434 1153 2535 1205 οὐκ
2560 1151 2778 1222 ᾔδεισαν
2822 1151 3037 1222 Πατέρα
3064 1148 3409 1218 γινώσκουσι.
3451 1149 3561 1202 Καὶ
3607 1148 3670 1201 τό
3720 1165 3783 1216 γε

2212 1244 2544 1314 θαυμαστὸν,
2566 1244 2839 1314 διαφόρων
2862 1242 3027 1296 ὄντων
3048 1243 3141 1296 καὶ
3166 1241 3373 1313 μυρίων
3407 1241 3789 1311 σεϐασμάτων.

2212 1339 2307 1390 καὶ
2330 1337 2559 1391 ἑκάστου
2584 1338 2749 1390 τόπου
2783 1336 2845 1389 τὸ
2879 1337 3005 1388 ἴδιον
3063 1336 3281 1404 ἔχοντος
3322 1333 3559 1396 εἴδωλον,
3588 1333 3682 1386 καὶ
3715 1333 3789 1403 μὴ

2217 1424 2491 1495 ἰσχύοντος
2518 1425 2613 1478 τοῦ
2656 1425 2787 1496 παρ’
2820 1426 3001 1488 αὐτοῖς
3033 1424 3323 1494 λεγομένου
3358 1422 3492 1476 Θεοῦ
3528 1422 3621 1476 τὸν
3658 1422 3793 1492 πλη-

2215 1516 2327 1569 σίον
2371 1516 2674 1588 ὑπερϐῆναι
2727 1516 2909 1578 τόπον,
2953 1516 3092 1568 ὥστε
3138 1517 3229 1569 καὶ
3265 1516 3389 1578 τοὺς
3424 1516 3490 1568 ἐκ
3532 1514 3792 1582 γειτόνων

2215 1611 2396 1661 πεῖσαι
2449 1608 2629 1661 σέϐειν
2655 1609 2836 1671 αὑτὸν,
2867 1607 2999 1662 ἀλλά
3041 1608 3192 1678 μόλις
3242 1608 3335 1661 κα)⁵
3363 1609 3421 1660 ἐν
3473 1610 3587 1670 τοῖς
3644 1607 3796 1670 ἰδίοις

2215 1698 2652 1771 θρησκευομένου
2690 1700 2884 1765 (οὐδεὶς
2924 1700 3034 1772 γὰρ
3076 1700 3231 1763 ἄλλος
3280 1698 3370 1752 τὸν
3395 1697 3491 1751 τοῦ
3550 1698 3794 1765 γείτονος

2215 1792 2431 1845 ἐσέϐετο
2456 1791 2576 1845 θεὸν
2594 1831 2610 1856 ,
2633 1792 2746 1846 ἀλλ’
2763 1792 2989 1855 ἕκαστος
3006 1792 3067 1845 τὸ
3092 1792 3220 1845 ἴδιον
3236 1790 3531 1859 ἐφύλαττεν
3551 1789 3793 1854 εἴδωλον,

545 1878 686 1946 apud
715 1894 904 1933 omnes
933 1881 1211 1943 adoratur,
1245 1892 1407 1951 atque
1440 1885 1509 1936 ita
1543 1885 1685 1951 quod
1736 1886 2001 1939 idolorum
2034 1888 2111 1940 in-

2218 1882 2452 1954 νομίζων
2476 1884 2584 1937 τῶν
2615 1884 2830 1937 πάντων
2876 1884 3007 1937 αὐτὸ
3044 1883 3231 1955 κύριον
3263 1882 3374 1953 (67)
3405 1878 3597 1950 εἰναι)’
3634 1883 3796 1951 μόνος

550 1970 777 2024 ﬁrmitas
804 1968 1015 2026 edicere
1052 1974 1369 2041 nequiverat
1398 1985 1456 2029 ut
1494 1975 1685 2030 saltem
1720 1978 1997 2045 proximos
2031 1993 2116 2033 ac-

545 2061 690 2115 colas
734 2062 800 2116 ad
830 2077 886 2115 se
932 2062 1294 2131 adducerent,
1342 2067 1595 2122 Christus
1642 2068 1693 2122 id
1744 2068 1859 2137 ipse
1905 2070 2113 2141 ell'ecil,

545 2152 637 2221 qui
691 2168 797 2208 non
852 2154 1054 2209 vicinis
1105 2166 1309 2211 tantum
1349 2161 1442 2214 sed
1493 2160 1747 2216 universo
1792 2165 1949 2231 plane
1996 2164 2113 2218 orbi

544 2245 812 2312 persuasit
876 2256 934 2299 ut
994 2260 1053 2300 se
1101 2248 1204 2317 71
1268 2265 1432 2305 unum
1494 2266 1557 2305 ac
1616 2252 1863 2307 eumdem
1931 2254 2112 2308 Domi-

547 2350 709 2397 num,
751 2345 803 2389 et
844 2351 941 2405 per
1000 2339 1208 2408 ipsum,
1266 2340 1433 2396 Deum
1493 2358 1648 2397 suum
1708 2343 1921 2401 Patrem
1968 2345 2119 2401 cole-

546 2439 639 2479 reu
649 2434 688 2479 ι.

614 2608 700 2662 Π.
725 2606 788 2661 Ει
826 2623 953 2662 vero
985 2609 1111 2665 olim
1138 2614 1353 2682 quidem
1386 2615 1563 2669 omnia
1608 2616 1743 2671 dolis
1774 2619 2113 2674 oraculorum

547 2698 701 2767 plena
733 2709 908 2761 erant,
943 2700 1188 2772 falsaque
1245 2704 1520 2758 hominum
1573 2706 1848 2775 Opinione.
1884 2708 2115 2777 Delpho-

548 2806 687 2856 rum,
732 2790 997 2861 Dodouaz,
1033 2794 1272 2856 Boeotia.
1322 2796 1517 2867 Lyciae.
1549 2798 1760 2871 Libyae,
1800 2800 2012 2873 £gypti
2060 2812 2115 2858 et

545 2880 858 2938 Cabirorum
883 2886 1121 2948 oracula,
1155 2903 1256 2943 nec
1294 2904 1399 2943 non
1433 2889 1634 2961 Pythiae
1665 2894 1914 2948 omnibus
1940 2895 2112 2949 admi-

547 2974 742 3030 rationi
785 2986 977 3032 erant:
1012 2994 1156 3034 nunc
1186 2988 1363 3036 autem
1399 2996 1465 3035 ex
1490 2998 1596 3051 quo
1632 2983 1883 3039 Christus
1916 2985 2113 3056 ubique

546 3068 825 3135 praedicari
883 3071 1069 3139 coepit,
1115 3072 1329 3142 penitus
1381 3074 1577 3129 deiecit
1615 3074 1827 3130 illorum
1876 3075 2108 3141 insania,

547 3172 650 3210 nec
691 3158 829 3213 ullus
857 3159 1087 3228 amplius
1132 3161 1274 3216 inter
1320 3178 1415 3218 eos
1458 3175 1610 3219 vates
1650 3167 1931 3236 reperitur.
1968 3167 2106 3223 Olim

545 3248 819 3328 daemones
858 3251 1022 3306 variis
1054 3254 1283 3321 spectris
1314 3253 1593 3309 hominum
1624 3266 1833 3312 mentes
1873 3258 2109 3328 decipie-

545 3326 1070 3484 b‘ﬁiﬂusque
1106 3350 1160 3393 et
1187 3340 1385 3405 ﬂuviis,
1405 3342 1567 3412 lignis
1599 3354 1689 3398 aut
1726 3326 2006 3415 lapidibus
2030 3348 2114 3403 in-

546 3429 609 3483 sit
760 3445 809 3484 s.
855 3431 1050 3484 stultos
1101 3433 1358 3484 mortales
1386 3434 1678 3484 nrazstitziis
1713 3439 2107 3484 nernellelmnl:

546 3429 809 3494 sid'Mes,
855 3431 1050 3485 stultos
1101 3433 1358 3487 mortales
1386 3434 1678 3503 praestigiis
1713 3439 2109 3505 percellebant:

544 3520 652 3589 jam
676 3536 805 3576 vero
833 3532 951 3590 post
982 3522 1218 3576 divinum
1244 3522 1405 3579 Verbi
1440 3524 1749 3594 adventum,
1780 3540 2115 3585 evanuerunt

548 3610 857 3679 huiusmodi
893 3611 1140 3667 fallacia.
1183 3613 1459 3681 Siquidem
1490 3616 1604 3670 solo
1635 3619 1813 3674 crucis
1840 3620 1992 3689 signo
2014 3623 2113 3676 ad-

548 3702 721 3756 hibito
759 3717 951 3757 omnes
984 3703 1086 3758 illte
1129 3703 1435 3761 daemonum
1482 3706 1701 3764 fraudes
1759 3711 2111 3780 repelluntur.

548 3792 687 3848 Olim
710 3793 837 3847 carci
867 3794 1133 3858 homines,
1155 3795 1365 3863 Jovem,
1389 3799 1703 3866 Saturnum,
1730 3803 2031 3872 Apollinem
2060 3818 2115 3862 et

553 3884 746 3938 heroas
787 3886 926 3953 apud
985 3896 1169 3956 poetas
1208 3889 1342 3944 adeo
1379 3891 1676 3949 celebratos
1721 3897 1848 3952 deos
1879 3914 1998 3954 esse
2032 3917 2116 3954 ar-

552 3976 913 4043 bitrabantur,
949 3993 1148 4049 eosque
1179 3982 1483 4041 miserando
1511 4002 1698 4044 errore
1742 3990 1986 4045 colebant
2016 4010 2029 4045 :
2060 4002 2115 4048 at

552 4068 641 4121 ubi
672 4068 923 4125 Salvator
948 4071 1090 4127 inter
1120 4073 1368 4130 homines
1400 4081 1670 4149 apparuit.
1712 4081 1830 4137 illos
1860 4086 2115 4142 mortales

552 4159 797 4215 homines
818 4178 942 4218 esse
966 4166 1164 4221 amotis
1192 4166 1482 4225 involucris
1524 4172 1811 4228 manifeste
1845 4178 2036 4245 patuit,
2061 4187 2116 4231 et

550 4251 700 4305 solus
736 4250 983 4310 Christus
1038 4272 1103 4311 ex
1143 4262 1355 4315 eunetis
1406 4262 1718 4321 hominibus
1754 4266 1892 4321 Deus
1932 4283 2113 4333 verus,

550 4340 644 4397 Dei
683 4342 824 4398 Deus
878 4342 1109 4402 Verbum
1150 4352 1364 4419 agnitus
1408 4363 1510 4408 est.
1553 4354 1691 4421 Quid
1726 4372 1852 4411 vero
1894 4361 1959 4413 de
2000 4368 2116 4413 arte

551 4434 778 4505 magica,
809 4451 971 4504 quam
1022 4437 1096 4493 illi
1138 4447 1417 4510 tantopere
1442 4446 1800 4512 demirantur,
1833 4450 2118 4506 dicemus?

549 4522 750 4596 Nempe
773 4526 859 4581 illa
885 4529 1101 4597 quidem
1125 4542 1254 4589 ante
1276 4534 1432 4590 Verbi
1456 4538 1764 4605 adventum,
1784 4543 1922 4613 apud
1947 4544 2115 4616 Egy-

550 4619 711 4707 ptios,
739 4618 1018 4675 Chaldzeos
1049 4631 1103 4676 et
1159 4622 1317 4680 ludos
1355 4629 1587 4684 maxime
1621 4632 1833 4688 valebat
1869 4646 1923 4689 et
1969 4636 2113 4707 vige-

549 4706 662 4770 bat,
693 4720 1106 4781 spectantesque
1138 4715 1276 4769 miro
1316 4717 1585 4773 alliciebat
1622 4731 1843 4792 stupore
1873 4744 1887 4779 :
1928 4706 2110 4781 verum

548 4798 794 4851 veritatis
839 4803 1123 4867 praesentia
1163 4814 1217 4857 et
1266 4803 1427 4860 Verbi
1476 4808 1710 4863 adventu
1748 4811 1861 4879 ipsa
1902 4829 2114 4884 quoque

547 4889 793 4943 convicta
841 4905 906 4946 ac
934 4908 1152 4961 prorsus
1196 4896 1467 4953 destructa
1490 4908 1594 4955 est.
1642 4902 1791 4968 Quod
1827 4914 2004 4959 autem
2046 4908 2115 4961 ad

622 5094 853 5170 (θυείᾳ
878 5114 941 5170 ex
965 5116 1065 5155 ms.
1108 5100 1329 5170 Seguer.
1364 5103 1720 5159 correximus.
1754 5103 1855 5155 Alii
1882 5102 2024 5155 enim
2064 5110 2115 5155 ct

548 5166 678 5220 editi
704 5167 864 5220 αὐτόν
895 5169 1115 5223 habent.

618 5236 730 5312 (68)
760 5235 1093 5312 ligncverba,
1126 5238 1266 5293 ὥστε
1298 5240 1398 5294 κᾶν
1428 5242 1551 5304 τοὺς
1578 5242 1799 5312 πλησιον
1833 5242 2114 5312 οἰκοῦντας

548 5308 755 5431 fciant,
780 5307 1162 5364 desiderantur
1195 5312 1244 5363 in
1287 5312 1511 5376 Seguer.
1548 5307 1768 5366 Goblor.
1794 5324 1848 5364 et
1871 5311 2106 5365 Feb-km.

614 5392 776 5431 anon.

621 5413 985 5517 (ίξξῖὲραυεν.
1018 5449 1107 5502 hic.
1142 5449 1310 5503 addit.
1348 5460 1451 5503 art.
1482 5451 1594 5505 τόν.

610 5516 983 5636 1{10)Go’hler.
1041 5517 1276 5573 Felckm.
1327 5520 1347 5572 l
1413 5537 1577 5575 anon.
1637 5521 1899 5575 omittuut
1937 5520 1995 5571 ἐν
2022 5520 2121 5571 a6-

547 5601 611 5637 το
635 5603 683 5647 ς.

624 5654 737 5773 (71)
767 5656 878 5707 Καὶ
927 5656 1115 5726 ἥρωας
1166 5657 1365 5712 habent
1400 5660 1589 5725 Anglic
1646 5657 1836 5738 Basil.,
1875 5657 2118 5719 Golden,

551 5721 1051 5845 ι(Πρίνου.
1085 5727 1335 5795 Segncr.,
1368 5740 1424 5781 et
1464 5730 1713 5797 lege-runt
1749 5737 2070 5796 luterprclcs
2106 5744 2117 5791 ;

556 5802 643 5847 alll
675 5802 947 5847 Ulllllllllll.

2216 1977 2244 2027 6
2270 1976 2503 2046 Χριστὸς
2544 1975 2692 2047 παρά
2754 1977 2916 2029 πᾶσιν
2965 1973 3045 2039 εἷς
3097 1976 3190 2029 καὶ
3223 1973 3499 2045 πανταχοῦ
3547 1975 3577 2025 ό
3630 1973 3795 2035 αὐτὸς

2216 2069 2619 2137 προσκυνεῖταιο
2676 2066 2769 2120 καὶ
2826 2067 2855 2119 6
2898 2066 2972 2137 μὴ
3017 2065 3297 2136 δεδύνηται
3341 2064 3452 2118 τῶν
3493 2064 3732 2118 εἰδώλων
3759 2067 3794 2134 ὴ

2214 2156 2467 2211 ἀσθένεια
2516 2157 2754 2227 ποιῆσαι,
2787 2157 2925 2210 ὥστε
2973 2157 3078 2210 κᾶν
3106 2157 3229 2220 τοὺς
3254 2156 3479 2226 πλησίον
3505 2155 3795 2217 οἰκοῦντας

2215 2249 2399 2299 πεῖσαι
2452 2246 2583 2316 ((58),
2621 2247 2779 2300 τοῦτο
2815 2250 2844 2302 6
2890 2248 3121 2319 Χριστὸς
3168 2248 3488 2319 πεποίηκεν,
3523 2248 3586 2300 of.
3635 2248 3797 2318 μόνον.⁸

2212 2339 2338 2401 τοὺς
2363 2338 2607 2410 πλησίον,
2640 2337 2773 2393 ἀλλὰ
2795 2340 2888 2393 καὶ
2922 2341 3101 2393 πᾶσαν
3130 2339 3315 2403 ἀπλῶς
3339 2342 3442 2410 τὴν
3471 2340 3797 2410 οἰκουμένην

2215 2429 2407 2494 πείσας
2430 2431 2522 2483 ἕνα
2549 2432 2642 2484 καὶ
2672 2433 2763 2485 τὸν
2794 2433 2953 2486 αὑτὸν
2974 2432 3177 2503 Κύριον
3199 2432 3393 2495 σέϐειν,
3427 2432 3522 2485 καὶ
3541 2432 3609 2484 δι’
3632 2430 3799 2485 αὑτοῦ

2211 2522 2343 2575 Θεὸν
2378 2522 2488 2593 (69)
2513 2524 2603 2576 τὸν
2634 2524 2798 2577 αὐτοῦ
2838 2524 3073 2595 Πατέρα.

2281 2613 2369 2667 47.
2396 2615 2504 2667 Καὶ
2550 2614 2715 2667 πάλαι
2748 2616 2846 2684 μὲν
2882 2614 2953 2667 τὰ
2980 2614 3256 2684 πανταχοῦ
3311 2615 3409 2684 τῆς
3436 2616 3659 2685 ἀπάτης
3691 2614 3803 2667 τῶν

2216 2705 2481 2774 μαντείων
2509 2705 2881 2777 ἐπεπλήρωτο,
2915 2707 3008 2758 καί
3027 2706 3097 2760 τὰ
3124 2707 3181 2759 ἐν
3206 2706 3429 2774 Δελφοῖς
3450 2707 3544 2758 καὶ
3568 2703 3802 2776 Δωδώνῃ

2213 2798 2306 2850 καὶ
2346 2797 2573 2869 Βοιωτίᾳ
2605 2798 2701 2851 καὶ
2734 2797 2909 2868 Λυκία
2961 2798 3055 2851 καὶ
3079 2797 3252 2871 Λιϐύῃ
3280 2799 3374 2850 καὶ
3406 2796 3672 2868 Αἰγύπτῳ
3704 2797 3801 2850 καὶ

2212 2888 2503 2960 Καϐείροις
2544 2888 2897 2959 μαντεύματα
2929 2890 3019 2941 καί⁵
3051 2890 3084 2959 ἡ
3127 2889 3299 2941 Πυθία
3332 2886 3708 2958 ἐθαυμάζοντο
3729 2891 3799 2957 τῇ

2212 2980 2479 3053 φαντασίᾳ
2497 2981 2605 3035 τῶν
2630 2979 2956 3051 ἀνθρώπων⁸
2982 2979 3076 3034 νῦν
3109 2981 3165 3033 δὲ
3189 2981 3280 3049 ἀφ’
3302 2973 3363 3033 οὗ
3396 2979 3636 3050 Χριστὸς
3666 2996 3798 3032 κατ-

2209 3075 2524 3145 αγγέλλεται
2557 3074 2850 3146 πανταχοῦ.
2886 3075 3157 3129 πέπαυται
3181 3075 3274 3128 καὶ
3308 3073 3514 3128 τούτων
3542 3076 3577 3145 ὴ
3602 3075 3793 3144 μανία,

2212 3168 2307 3221 καὶ
2337 3167 2436 3220 οὐκ
2456 3167 2601 3220 ἔστιν
2628 3166 2708 3219 ἔτι
2740 3165 2925 3219 λοιπὸν
2952 3166 3008 3219 ἐν
3038 3167 3219 3228 αὐτοῖς
3253 3164 3363 3235 (70)
3383 3165 3414 3217 ό
3460 3166 3801 3237 μαντευόμε-

2215 3276 2323 3323 νος.
2362 3259 2470 3313 Καὶ
2509 3258 2675 3313 πάλαι
2709 3258 2808 3328 μὲν
2849 3257 3100 3328 δαίμονες
3148 3258 3649 3326 ἐφαντασιοκόπουν
3679 3260 3808 3320 τοὺς

2212 3351 2551 3422 ἀνθρώπους,
2584 3351 3197 3422 προκαταλαμϐάνοντες
3227 3350 3410 3419 πηγὰς
3457 3349 3491 3419 ἢ
3522 3350 3807 3419 ποταμοὺς

2214 3443 2247 3513 ἢ
2274 3442 2407 3506 ξύλα
2436 3442 2468 3512 ἦ
2496 3442 2697 3505 λίθους,
2727 3442 2821 3495 καὶ
2848 3442 2991 3494 οὕτω
3017 3445 3135 3503 ταῖς
3162 3440 3516 3510 μαγγανείαις
3542 3439 3808 3506 ἐξέπλητ.

2208 3551 2300 3586 τον
2328 3534 2453 3596 τοὺς
2490 3532 2759 3601 ἄφρονας·
2792 3533 2887 3588 νῦν
2944 3533 3001 3585 δὲ
3032 3533 3129 3603 τῆς
3161 3531 3310 3593 θείας
3339 3531 3669 3599 ἐπιφανείας
3703 3531 3804 3584 τοῦ

2212 3624 2388 3692 Λόγου
2430 3624 2807 3695 γεγενημένης
2863 3623 3137 3677 πέπαυται
3177 3623 3381 3675 τούτων
3412 3624 3445 3691 ἡ
3508 3622 3803 3689 ςαντασία.

2211 3713 2302 3784 Τῷ
2349 3717 2457 3784 γὰρ
2485 3714 2692 3785 σημείῳ
2718 3714 2812 3768 τοῦ
2842 3713 3073 3784 σταυροῦ
3104 3714 3196 3766 καὶ
3255 3712 3415 3782 μόνον
3450 3714 3480 3765 6
3514 3711 3805 3780 ἄνθρωπος

2212 3804 2512 3875 χρώμενος,
2546 3804 2838 3859 ἀπελαύνει
2863 3804 3068 3858 τούτων
3095 3804 3190 3867 τὰς
3221 3804 3452 3865 ἀπάτας.
3488 3803 3602 3854 Καὶ
3634 3802 3805 3855 πάλαι

2216 3898 2314 3968 μὲν
2343 3900 2469 3961 τοὺς
2510 3897 2658 3968 παρὰ
2688 3898 2941 3968 ποιηταῖς
2984 3896 3308 3966 λεγομένους
3342 3894 3439 3947 Δία
3469 3896 3564 3947 καὶ
3595 3894 3802 3965 Κρόνον

2211 3990 2306 4043 καὶ
2350 3988 2656 4041 Ἀπόλλωνα
2683 3988 2775 4040 καὶ
2802 3988 2985 4058 ἥρωας
3020 3986 3127 4057 (71)
3154 3984 3401 4055 ἐνόμιζον
3434 3986 3485 4037 οἰ
3525 3984 3803 4055 ἄνθρωποι

2215 4082 2388 4143 θεοὺς,
2422 4082 2516 4133 καὶ
2539 4080 2761 4143 τούτους
2789 4078 3094 4132 ἐπλανῶντο
3124 4076 3369 4140 σέϐοντες
3391 4090 3407 4107 ⁸
3438 4074 3567 4147 ἄρτι
3590 4076 3672 4138 δέ,
3705 4071 3798 4127 τοῦ

2214 4173 2464 4244 Σωτῆρος
2482 4174 2538 4225 ἐν
2567 4170 2873 4242 ἀνθρώποις
2903 4168 3178 4240 φανέντος,
3204 4170 3399 4221 ἐκεῖνοι
3422 4168 3523 4238 μέν
3553 4167 3802 4237 ἐγυμνὼ-

2216 4265 2386 4336 θησαν
2421 4264 2530 4335 (72)
2574 4264 2727 4328 ὅντες
2763 4263 3035 4334 ἄνθρωποι
3078 4261 3279 4333 θνητοὶ,
3316 4259 3475 4330 μόνος
3503 4261 3562 4314 δὲ
3600 4262 3630 4314 6
3658 4262 3800 4330 Χριο

2216 4355 2338 4418 στὸς
2360 4356 2417 4408 ἐν
2437 4353 2742 4426 ἀνθρώποις
2758 4353 3058 4424 ἐγνωρίσθη
3080 4352 3210 4414 Θεὸς
3232 4348 3485 4421 ἀληθινὸς
3507 4349 3647 4403 Θεοῦ
3669 4350 3801 4411 Θεὸς

2215 4448 2407 4518 Λόγος.
2439 4446 2504 4500 Τί
2529 4446 2586 4499 δέ
2617 4444 2863 4517 περὶτῆς
2893 4442 3307 4514 θαυμαζομένης
3330 4441 3462 4511 παρ’
3487 4442 3675 4504 αὐτοῖς
3695 4458 3803 4517 μα-

2215 4540 2367 4607 γείας
2410 4539 2476 4593 ἀν
2506 4554 2591 4601 τις
2633 4537 2804 4600 εἴποι;
2840 4535 2961 4587 Ὅτι
3014 4535 3143 4604 πρὶν
3190 4532 3287 4601 μὲν
3332 4532 3673 4601 ἐπιδημῆσαι
3711 4531 3801 4583 τὸν

2219 4631 2410 4699 Λόγον,
2449 4630 2601 4700 ἴσχυε
2633 4629 2725 4682 καὶ
2761 4628 2981 4697 ἐνήργει
3018 4625 3147 4695 παρ’
3176 4623 3496 4691 Αἰγυπτίοις
3527 4625 3626 4677 καὶ
3654 4624 3797 4676 Χαλ-

2216 4722 2386 4785 δαίοις
2411 4724 2505 4775 καὶ
2546 4721 2724 4782 Ἰνδοῖς
2752 4718 2910 4788 αῦτη,
2938 4718 3031 4771 καὶ
3051 4714 3341 4783 ἐξέπληττε
3370 4715 3499 4777 τοὺς
3523 4714 3794 4785 ὁρῶνταςο

2216 4817 2282 4885 τῇ
2313 4814 2369 4867 δὲ
2394 4814 2505 4884 (75)
2548 4812 2827 4883 παρουσία
2857 4810 2955 4881 τῆς
2981 4807 3237 4878 ἀληθείας
3264 4806 3358 4858 καὶ
3407 4809 3476 4876 τῇ
3507 4806 3798 4874 ἐρίῳ-χρείᾳ

2217 4906 2313 4960 τοῦ
2347 4908 2517 4974 Λόγου
2543 4903 2832 4974 διηλέγχθη
2864 4902 2955 4955 καὶ
2987 4901 3145 4969 αῦτη,
3177 4898 3270 4951 καὶ
3308 4896 3634 4968 κατηργήθη
3666 4913 3797 4950 παν-

2294 5101 2404 5171 (72)
2434 5100 2525 5155 Sic
2559 5099 2766 5171 Seguer
2803 5096 3040 5171 _Gobler-
3078 5110 3131 5171 et
3168 5098 3350 5171 Feb-lt.
3379 5099 3410 5171 _l
3470 5113 3637 5154 anon.
3692 5098 3790 5153 Alii

2222 5167 2349 5223 vero
2367 5167 2420 5226 et
2439 5172 2594 5229 mliti,
2615 5167 2983 5237 ἐγνώσθησαν.
3007 5167 3169 5221 Paulo
3186 5180 3304 5237 post
3320 5169 3482 5222 iidem
3499 5180 3557 5224 et
3583 5171 3786 5233 Anglic.

2224 5242 2422 5310 habent
2468 5238 2790 5309 ἐγνωρίσθη.
2834 5238 2922 5310 n_bi
2962 5238 3076 5299 alii,
3106 5238 3371 5310 ἐγνώσθη.
3407 5239 3541 5310 Ibid.
3574 5239 3785 5310 Golden

2221 5308 2457 5365 Feleluu.
2497 5312 2518 5363 1
2566 5307 2726 5361 anon.
2760 5317 2813 5360 et
2849 5308 3072 5374 Seguer.
3109 5307 3501 5372 ΙιοιὶιθηιζΘεὸς
3542 5308 3788 5375 ἀληθινὸς

2219 5380 2352 5432 Θεοῦ
2398 5379 2527 5442 Θεὸς
2578 5378 2767 5445 Λόγος.
2809 5376 3013 5443 Anglic.
3052 5377 3181 5441 Θεὸς
3206 5377 3459 5445 ἀληθινοῦ
3495 5378 3633 5432 Θεοῦ
3664 5377 3788 5439 Θεὸς

2219 5451 2409 5517 Λόγος.
2450 5416 2549 5502 Αὖί
2574 5458 2629 5501 et
2659 5416 2812 5510 editi,
2837 5416 2968 5510 Θὲὸς
2998 5416 3249 5517 ἀληθίῦοῦ
3278 5416 3413 5500 Θεοῦ
3440 5448 3634 5515 Λόγος.
3662 5416 3785 5501 οηιῖ

2223 5516 2455 5573 nihonns
2481 5518 2661 5578 vertit,
2694 5516 2830 5569 Deus
2847 5521 2947 5568 veri
2975 5516 3071 5570 Dei
3090 5516 3236 5572 Deus
3264 5520 3431 5583 filius.
3466 5517 3787 5571 Ambrosius

2220 5587 2462 5640 Camald.
2504 5587 2641 5639 Deus
2680 5602 2848 5645 verus,
2891 5584 3083 5653 Deique
3110 5586 3275 5654 ﬁlius.

2295 5656 2517 5726 {75)Sic
2544 5656 2768 5723 Seguer.
2807 5664 2859 5705 ut
2895 5666 2949 5705 et
2967 5654 3155 5723 legisse
3179 5656 3428 5710 videntur
3451 5655 3785 5726 Omnibonus

2222 5737 2273 5777 et
2305 5724 2551 5781 Anibros.
2583 5726 2681 5777 Alii
2718 5732 2931 5795 veroet
2957 5726 3085 5778 editi
3121 5740 3218 5793 pro
3250 5726 3512 5795 particula
3546 5724 3626 5788 δέ,
3656 5724 3786 5778 arti-

2225 5796 2398 5849 culum
2439 5795 2531 5847 τοῦ
2567 5794 2815 5849 mendose
2852 5793 3074 5849 habent.
