4006 6540
532 423 636 477 183

1132 419 1190 475 S.
1228 418 1604 474 ATHANASII
1645 414 1795 473 OPP.
1838 412 2017 469 PARS
2057 408 2096 464 Ι.
2136 439 2204 449 -—-
2242 406 2605 463 HISTORICA
2651 405 2738 459 ET
2778 402 3200 460 DOGMATICA.

3676 398 3779 452 ISL

534 534 907 604 prioribusque
976 535 1276 589 rationibus
1335 545 1589 605 poterunt
1647 532 1938 589 confutari.
1997 530 2098 595 Qui

2230 524 2418 597 ίλεύην,
2457 524 2618 580 πάλιν
2655 525 2775 586 ταῖς
2836 518 3126 593 προτέραις
3166 516 3469 580 ἀποδείξεσι
3514 515 3784 605 δυσωπεῖ⁶

533 629 677 681 enim
701 626 814 680 ﬁeri
853 635 1027 696 potest
1051 635 1110 679 ut
1153 627 1240 681 ille
1275 630 1344 683 sit
1378 630 1607 692 (lmirion,
1636 627 1725 697 qui
1758 627 1871 696 ipse
1904 626 2104 679 daemo-

536 733 629 769 nes
658 718 923 785 expellit?
964 716 1207 788 Namque
1238 720 1284 775 si
1334 721 1545 790 aliquos
1581 730 1782 775 tantum
1834 720 2105 773 dammnes

535 808 795 874 abigeret,
834 817 976 863 recte
1002 825 1125 863 eum
1152 810 1202 863 in
1235 811 1475 881 principe
1520 810 1905 864 daemoniorum
1940 819 2103 865 eiete-

538 893 615 945 ris
644 892 989 947 inferioribus
1015 894 1296 950 fortiorem
1334 898 1500 952 fuisse
1527 899 1949 961 arbitrarentur,
1963 898 2105 967 quod

539 990 589 1033 et
640 982 813 1036 eidem
869 984 994 1037 olim
1031 983 1200 1039 Judaei
1246 986 1634 1040 contumeliose
1684 984 2102 1055 exprobrabant.

538 1069 737 1126 Verum
785 1074 829 1127 si
862 1075 1038 1130 omnis
1077 1075 1379 1130 daemonum
1425 1077 1575 1131 furor
1601 1077 1716 1147 ejus
1763 1077 1976 1130 nomine
2019 1090 2105 1129 re-

542 1163 786 1217 tunditur
832 1180 894 1219 ac
930 1166 1248 1233 repellitur,
1280 1184 1437 1223 nemo
1491 1180 1638 1224 certe
1686 1183 1791 1222 non
1837 1167 1980 1221 videt
2020 1167 2105 1222 hic

541 1254 661 1307 illos
695 1255 858 1309 etiam
886 1271 1091 1324 errare,
1127 1272 1225 1311 nec
1248 1257 1531 1312 Dominum
1562 1268 1802 1313 nostrum
1829 1268 1885 1312 et
1920 1256 2106 1312 Salva-

543 1356 710 1398 torem
750 1345 1025 1399 Christum
1072 1348 1327 1416 aliquam,
1386 1356 1444 1401 ut
1494 1359 1722 1416 putant,
1755 1348 2104 1402 daemonicam

541 1438 796 1493 virtutem
824 1452 966 1493 esse.
1018 1439 1279 1505 Quocirca
1317 1441 1359 1493 si
1388 1438 1639 1494 Salvator
1667 1454 1766 1495 nec
1796 1454 1977 1494 merus
2010 1440 2107 1494 bo-

542 1546 648 1593 mo,
681 1546 779 1585 nec
808 1547 1016 1599 magus,
1045 1546 1144 1585 nec
1174 1531 1369 1599 aliquis
1424 1530 1630 1585 diemon
1677 1540 1779 1596 est,
1806 1530 1896 1585 sed
1931 1539 2107 1585 tamen

541 1632 596 1676 et
629 1632 908 1691 poetarum
965 1633 1270 1678 commenta
1313 1633 1369 1678 et
1425 1624 1722 1677 daemonum
1758 1622 2015 1687 fallacias,
2046 1637 2110 1675 ac:

543 1714 827 1782 gentilium
875 1716 1198 1783 sapientiam
1252 1732 1350 1770 sua
1395 1715 1671 1770 divinitate
1703 1699 1897 1769 evertit
1930 1724 1984 1770 et
2016 1714 2110 1769 ob-

544 1806 786 1860 scuravit
819 1824 833 1859 :
867 1822 935 1860 an
978 1823 1085 1861 non
1134 1809 1354 1863 evidens
1402 1817 1485 1861 est
1527 1818 1690 1877 atque
1738 1808 1879 1861 inter
1921 1821 2109 1861 omnes

2204 617 2325 671 σθαι
2350 618 2655 688 δυνάμενοι.
2691 614 2815 679 Πῶς
2842 612 2950 685 γάρ
2984 607 3093 664 οἷόν
3116 610 3177 662 τέ
3227 612 3342 662 ἐστι
3380 608 3613 677 δαίμονα
3648 602 3787 658 εἷναι

2203 710 2291 763 τὸν
2328 710 2455 773 τοὺς
2506 708 2766 778 δαίμονας
2792 702 3191 766 άπελαύνοντα;
3220 703 3282 754 Εἰ
3326 701 3423 771 μὲν
3455 699 3566 770 γὰρ
3601 697 3788 760 ἁπλῶς

2202 802 2461 870 δαίμονας
2506 802 2725 871 ἤλαυνε,
2753 796 2933 861 καλῶς
2954 796 3018 850 ἂν
3053 793 3311 865 ἐνομίσθη
3333 790 3412 863 τῷ
3432 791 3658 863 ἄρχοντι
3681 787 3790 841 τῶν

2203 893 2470 964 δαιμόνων
2519 892 2628 963 (81)
2684 890 2885 960 ἰσχύειν
2928 888 3089 942 αὐτὸν
3130 884 3274 940 κατὰ
3317 885 3424 938 τῶν
3465 880 3790 945 ἐλαττόνων,

2202 986 2363 1037 ὁποῖα
2390 982 2482 1035 καὶ
2504 983 2551 1035 οἱ
2588 981 2828 1055 ’ξουδαζοι
2863 979 3103 1041 θέλοντες
3127 976 3366 1047 ὑϐρίζειν
3394 975 3580 1043 ἔλεγον
3607 968 3805 1047 αὐτῷῄ

2205 1078 2253 1129 εἰ
2285 1075 2343 1128 δὲ
2370 1077 2521 1129 πᾶσα
2548 1075 2654 1128 τῶν
2691 1072 2958 1143 δαιμόνων
3014 1071 3178 1143 μανία
3207 1069 3482 1137 ἐξίσταται
3512 1070 3581 1139 τῇ
3603 1065 3794 1119 τούτου

2204 1168 2469 1239 ὀνομασίᾳ
2497 1166 2589 1220 καὶ
2630 1165 2907 1228 διώκεται,
2941 1162 3171 1235 φανερὸν
3213 1162 3278 1215 ἂν
3305 1162 3391 1232 εἴη
3419 1161 3513 1213 καὶ¹
3534 1161 3594 1211 ἐν
3620 1158 3797 1227 τούτῳ

2205 1260 2505 1314 πλανᾶσθαι
2535 1258 2752 1324 αὐτοὺς,
2776 1258 2871 1311 καὶ
2901 1258 2973 1328 μὴ
3002 1253 3160 1320 εἶναι,
3183 1255 3257 1317 ὠς
3278 1253 3579 1324 νομίζουσι,
3606 1252 3798 1320 δαιμο-

2208 1354 2363 1424 νικήν
2416 1368 2536 1405 τινα
2589 1349 2818 1421 δύναμιν
2868 1349 2960 1402 τὸν
2990 1346 3196 1419 Κύριον
3230 1343 3387 1416 ἡμῶν
3442 1342 3537 1396 καὶ
3567 1341 3799 1411 Σωτῆρα

2207 1443 2443 1515 Χριστόν
2468 1442 2601 1512 (82).
2636 1440 2843 1494 Οὐκοῦν
2870 1441 2917 1493 εί
2938 1440 3081 1510 μήτε
3104 1437 3387 1507 ἄνθρωπος
3413 1432 3629 1503 άπλξρς,
3664 1433 3800 1503 μήτε

2209 1536 2403 1606 μάγος,
2437 1535 2574 1605 μήτε
2600 1532 2810 1603 δαίμων
2836 1532 2920 1595 τίς
2951 1533 3099 1583 ἐστιν
3119 1531 3147 1581 ὁ
3173 1527 3387 1599 Σωτὴρ,
3418 1526 3556 1579 ἀλλὰ
3579 1522 3676 1576 καὶ
3703 1522 3800 1592 τὴν

2209 1627 2359 1699 παρὰ
2386 1628 2636 1697 ποιηταῖς
2672 1624 2925 1678 ὑπόνοιαν
2948 1622 3041 1675 καὶ
3068 1621 3337 1691 δαιμόνων
3370 1616 3676 1689 φαντασίαν

2217 1687 2711 1790 ἙλλήνωνΙσοφήίαν
2746 1718 2812 1787 τῇ
2863 1713 3052 1768 ἑαυτοῦ
3101 1687 3338 1783 θειότητι
3362 1687 3685 1781 κατήργησε
3711 1687 3801 1760 καὶ

2212 1809 2509 1861 ὲπεσκίασε
2527 1824 2541 1836 ·
2588 1805 2817 1875 φανερὸν
2846 1802 2910 1856 ἂν
2944 1802 3027 1873 εἴη
3054 1801 3148 1854 καὶ
3174 1799 3326 1870 παρὰ
3346 1800 3512 1851 πᾶσιν
3534 1794 3805 1866 ὁμολογη-

544 1908 796 1953 constare
830 1900 1009 1962 debet,
1060 1914 1186 1954 vere
1214 1899 1357 1953 illum
1406 1900 1495 1954 Dei
1528 1898 1742 1964 Filium,
1770 1909 1823 1952 et
1852 1897 2113 1961 Verbum,

2230 1900 2465 1971 θήσεται,
2491 1901 2572 1953 ὅτι
2599 1890 2761 1969 οὗτος
2774 1894 2985 1975 άληθῷς
3013 1891 3157 1979 θεῷ
3178 1892 3307 1955 Υἱός
3339 1894 3477 1963 ἔστι,
3510 1890 3686 1958 Λόγος
3711 1887 3807 1941 καὶ

544 1991 973 2061 sapientiamque
1010 2006 1074 2045 ac
1114 1991 1360 2045 virtutem
1397 1990 1576 2046 Patris
1615 1990 1770 2046 esse?
1801 1990 1933 2047 Hine
1979 1991 2120 2043 enim

548 2097 650 2135 non
687 2081 917 2135 humana
952 2083 1044 2137 sed
1081 2099 1242 2151 supra
1277 2084 1553 2138 hominum
1601 2082 1962 2138 conditionem
2004 2081 2122 2151 ejus

544 2182 670 2226 sunt
691 2188 875 2242 opera,
896 2189 1126 2244 vereque
1158 2177 1249 2231 Dei
1284 2177 1369 2231 illa
1396 2192 1514 2232 esse
1536 2176 1700 2247 liquet
1724 2192 1846 2232 cum
1867 2191 1934 2230 ex
1966 2176 2123 2231 rebus

547 2265 699 2335 ipsis,
742 2275 852 2321 tum
897 2268 942 2323 si
973 2284 1094 2323 cum
1130 2268 1291 2325 factis
1324 2270 1597 2324 hominum
1631 2278 2031 2339 comparentur.

620 2445 710 2501 49.
742 2445 878 2513 Quis
912 2446 1057 2499 enim
1081 2447 1323 2500 omnium
1357 2461 1593 2515 unquam
1626 2446 1901 2499 hominum
1931 2461 2127 2516 corpus

549 2551 615 2589 ex
642 2535 753 2589 sola
773 2536 981 2606 virgine
1003 2535 1106 2590 sibi
1140 2537 1236 2605 ipsi
1266 2535 1605 2604 composuit?
1637 2534 1769 2602 Quis
1790 2552 1855 2590 ex
1891 2536 2125 2591 homini-

553 2628 653 2681 bus
694 2627 829 2682 tales
861 2642 1098 2695 unquam
1140 2627 1355 2682 sanavit
1395 2627 1634 2689 morbos,
1667 2627 1854 2696 quales
1886 2643 2128 2683 commuv

554 2719 639 2773 nis
677 2720 917 2773 omnium
972 2720 1231 2774 Dominus
1270 2720 1293 2773 ?
1326 2720 1457 2787 Quis
1494 2731 1702 2774 natura:
1741 2720 2008 2774 defectum
2036 2736 2131 2774 ex-

543 2792 741 2879 plevit,
770 2818 826 2864 et
872 2827 1018 2866 ωσι)
1075 2821 1200 2867 nato
1254 2813 1425 2867 visum
1472 2811 1745 2865 restituit?
1787 2811 2130 2882 Esculapius

554 2902 774 2970 quidem
808 2903 949 2957 inter
981 2906 1113 2959 deos
1163 2904 1232 2958 ab
1273 2904 1379 2958 illis
1424 2904 1624 2959 relatus
1661 2914 1761 2970 est,
1784 2903 1927 2973 quod
1958 2904 2131 2957 medi-

554 2995 733 3061 cinam
767 2996 1104 3060 exermterit,
1156 2994 1457 3065 herbasque
1491 2997 1649 3065 aegris
1677 2997 1993 3065 corporibus
2016 3012 2132 3065 per-

556 3086 717 3140 utiles
742 3087 1013 3143 iuvenerit
1040 3103 1054 3151 ;
1091 3103 1189 3142 nec
1214 3089 1355 3142 enim
1395 3104 1487 3143 eas
1519 3091 1632 3157 ipse
1662 3103 1726 3143 ex
1754 3099 1894 3144 terra
1932 3090 2131 3143 forma-

2224 1993 2401 2063 σοφία,
2432 1992 2528 2046 καὶ
2555 1991 2782 2062 δύναμις
2813 1988 2905 2042 τοῦ
2956 1972 3168 2059 Πατρός
3200 1982 3485 2057 ὗπάρχων.
3529 1982 3631 2035 Διὰ
3654 1981 3810 2034 τοῦτο

2222 2086 2331 2158 γὰρ
2357 2085 2475 2139 ούδὲ
2506 2080 2824 2154 ἀνθρώπινά
2865 2082 3012 2133 ἐστιν
3041 2077 3207 2132 αὑτοῦ
3238 2076 3307 2131 τὰ
3337 2076 3497 2148 ἔργα,
3530 2073 3647 2127 ἀλλ’
3671 2073 3808 2144 ὑπὲρ

2223 2177 2506 2250 ἄνθρωπον
2525 2193 2539 2206 ·
2582 2176 2677 2229 καὶ
2708 2173 2843 2249 Θεοῦ
2882 2170 2958 2242 τῷ
2982 2171 3096 2224 όντι
3147 2168 3477 2238 γινώσκεται
3508 2165 3688 2220 ταῦτα
3719 2165 3810 2218 καὶ

2222 2273 2316 2326 ἀπ’
2347 2269 2525 2323 αὐτῶν
2545 2269 2652 2322 τῶν
2681 2265 3035 2337 φαινομένων,
3066 2261 3161 2316 καὶ
3186 2262 3295 2315 ἀπὸ
3318 2260 3417 2332 τῆς
3438 2258 3577 2331 πρὸς
3605 2255 3811 2330 άνθρὼ-

2224 2381 2360 2427 πους
2390 2360 2751 2432 συγκρίσεως.
2800 2354 2803 2357 ’

2292 2454 2384 2508 49.
2416 2453 2510 2516 Τίς
2539 2451 2648 2523 γὰρ
2678 2451 2789 2504 τῶν
2815 2448 3033 2503 πώποτε
3071 2445 3380 2516 γενομένων
3413 2439 3722 2515 ἀνθρώπων
3751 2440 3815 2493 ὲκ

2224 2545 2495 2617 παρθένου
2553 2544 2720 2616 μόνης
2751 2540 2929 2611 ἐαυτῷ
2962 2539 3327 2609 συνεστήσατο
3383 2533 3583 2604 σῶμα;
3621 2532 3691 2584 Ἦ
3734 2530 3816 2592 τίς

2227 2636 2446 2690 πώποτε
2467 2634 2767 2701 ἀνθρώπων
2794 2632 3045 2694 τοιαύτας
3072 2631 3261 2692 νόσους
3284 2625 3678 2697 ἐθεράπευσεν,
3701 2622 3815 2685 οἵας

2226 2729 2254 2781 ὁ
2282 2726 2458 2789 κοινὸς
2492 2724 2707 2778 πάντων
2734 2722 2935 2789 Κύριος
2959 2737 2973 2785 ;
3009 2720 3106 2782 Τίς
3129 2718 3186 2771 δὲ
3211 2717 3273 2770 τὸ
3298 2719 3367 2787 τῇ
3397 2715 3614 2785 γενέσει
3651 2711 3815 2765 ἐλλεῖ-

2229 2835 2327 2870 πον
2355 2816 2678 2877 άποδέδωκε,
2709 2813 2803 2865 καὶ⁹
2848 2813 2911 2864 ὲκ
2934 2810 3161 2879 γενετῆς
3193 2806 3306 2877 (85)
3352 2805 3554 2875 τυφλὸν
3599 2803 3816 2872 ἐποίησε

2231 2909 2445 2981 βλέπειν
2470 2925 2484 2974 ;
2533 2902 2865 2983 Ἀσκληπιός
2878 2900 3202 2972 ὲθεοτιοιήθη
3227 2901 3360 2971 παρ’
3386 2900 3597 2966 αὐτοῖς,
3628 2896 3711 2949 ὅτι
3727 2895 3819 2964 τὴ]

2235 3001 2483 3073 ἰατρικὴν
2508 3000 2737 3071 ἤσκησε,
2767 2998 2860 3049 καὶ
2891 2995 3120 3065 βοτάνας
3146 2990 3282 3065 πρὸς
3308 2992 3377 3046 τὰ
3407 2992 3692 3061 πάσχοντα
3718 2987 3825 3041 τῶν

2235 3092 2500 3163 σωμάτων
2550 3089 2779 3153 ἐπενόει,
2817 3087 2917 3141 οὐκ
2963 3086 3124 3149 αὐτὸς
3156 3082 3359 3146 ταύτας
3405 3082 3664 3135 πλάττων
3722 3078 3827 3132 άπὸ

557 3180 845 3241 verat,.sed
873 3180 1101 3233 naturali
1131 3180 1355 3234 scientia
1382 3190 1591 3235 tantum
1616 3192 1908 3251 repererat.
1937 3181 2128 3236 Verum

2234 3185 2360 3254 γῆς,
2393 3182 2530 3236 ἀλλά
2568 3185 2633 3252 τῇ
2664 3184 2727 3261 ἐκ
2783 3179 2999 3250 φύσεως
3029 3178 3308 3259 ἐπιστήμῃ
3346 3173 3554 3237 ταύτας
3607 3170 3825 3275 ἐφευρί-

556 3269 685 3339 qnid
720 3268 860 3322 istud
891 3269 936 3322 si
980 3284 1101 3323 cum
1158 3269 1452 3325 Salvatoris
1494 3270 1639 3326 facto
1674 3273 2017 3342 conferatur,
2042 3277 2129 3346 qui

2239 3289 2404 3326 σκων.
2434 3272 2498 3323 Τί
2516 3270 2572 3324 δὲ
2598 3269 2733 3341 πρὸς
2756 3269 2817 3322 τὸ
2854 3266 2957 3322 ύπδ
2985 3267 3079 3321 τοῦ
3108 3266 3359 3337 Σωτῆρος
3398 3264 3715 3335 γενόμενον,
3748 3262 3827 3313 ὅτι

560 3376 752 3429 nempe
784 3376 888 3415 non
929 3362 1121 3417 vulnus
1167 3366 1471 3424 curaverit.
1506 3367 1599 3419 sed
1655 3376 1900 3422 naturam
1935 3368 2135 3423 forma-

560 3454 739 3518 verit,
767 3464 824 3507 et
861 3470 1059 3521 corpus
1089 3456 1390 3510 restituerit
1420 3455 1748 3512 ?Herculem
1772 3475 1986 3528 quoque
2021 3471 2138 3515 tan-

563 3560 725 3610 quam
783 3546 943 3599 deum
981 3547 1210 3614 gentiles
1251 3545 1519 3615 adorant,
1556 3550 1683 3618 quia
1737 3566 1862 3606 cum
1923 3554 2141 3620 paribus

566 3636 875 3692 hominibus
926 3638 1244 3708 pugnaverit
1287 3647 1342 3693 et
1391 3638 1538 3695 feras
1585 3642 1707 3698 dolo
1735 3644 2019 3710 occiderit;
2046 3647 2139 3701 sed

566 3727 700 3797 quid
726 3730 840 3784 haec
867 3730 911 3783 si
954 3744 1017 3783 ea
1044 3746 1168 3784 cum
1197 3730 1362 3787 Verbi
1393 3733 1673 3787 miraculis
1706 3749 2012 3805 compares,
2041 3752 2139 3792 cu-

560 3835 651 3889 jus
673 3823 885 3879 scilicet
909 3823 1081 3877 virtus
1101 3824 1345 3888 morbos,
1372 3824 1663 3888 daemones,
1690 3825 1967 3897 ipsamque
1996 3845 2142 3883 mor-

571 3926 677 3967 tem
708 3914 777 3968 ab
809 3914 1116 3969 hominibus
1145 3915 1337 3983 repulit
1357 3916 1682 3986 ?Dionysius
1710 3916 1835 3971 item
1865 3918 1977 3973 sive
2005 3919 2142 3974 Bac-

569 4006 706 4061 ebus
745 4004 885 4074 apud
920 4019 1016 4060 eos
1066 4005 1286 4071 colitur,
1329 4006 1454 4075 quia
1503 4007 1815 4063 hominibus
1857 4009 2029 4066 factus
2064 4021 2146 4067 est

569 4095 849 4149 ebrietatis
906 4095 1171 4163 magister
1201 4112 1214 4146 :
1244 4109 1366 4148 cum
1401 4094 1619 4148 interim
1670 4095 1910 4149 omnium
1960 4112 2144 4152 revera

569 4189 830 4250 Servator
867 4194 918 4241 et
953 4187 1209 4240 Dominus
1258 4185 1326 4240 ab
1364 4186 1553 4241 iisdem
1584 4188 1911 4245 derideatur.
1949 4188 2143 4245 Verum

571 4281 688 4335 haec
714 4280 786 4333 ita
816 4279 923 4333 sint
950 4294 1046 4348 per
1090 4295 1177 4334 me
1202 4272 1355 4335 licet.
1397 4279 1533 4346 Quid
1563 4291 1743 4336 autem
1778 4280 1975 4337 habent
2006 4285 2146 4353 quod

570 4370 693 4424 aliis
728 4370 844 4437 ejus
887 4370 1186 4425 divinitatis
1235 4372 1512 4425 miraculis
1555 4382 1826 4441 opponant
1854 4372 1877 4425 ?
1905 4372 2147 4440 Quonam

571 4463 791 4518 homine
827 4463 1093 4518 moriente
1127 4462 1206 4517 sol
1245 4464 1563 4518 obscuratus
1582 4475 1666 4519 est
1694 4472 1747 4519 et
1774 4480 2037 4521 concussa
2061 4475 2148 4521 est

2235 3366 2297 3418 ού
2355 3363 2574 3434 τραῦμα
2617 3362 3001 3434 ἐθεράπευσεν,
3041 3358 3176 3413 ἀλλὰ
3222 3359 3437 3427 γένεσιν
3492 3356 3701 3409 ἔπλασε
3736 3353 3827 3406 καὶ

2236 3454 2646 3525 ἀποκατέστησε
2677 3452 2738 3506 τὸ
2758 3452 2916 3523 σῶμα
2941 3451 3051 3522 (84)
3074 3467 3088 3515 ;
3141 3449 3401 3522 Ηρακλῆς
3426 3449 3504 3512 ὠς
3525 3448 3650 3510 θεὸς
3674 3462 3831 3517 προσ-

2238 3552 2479 3603 κυνεῖται
2509 3547 2641 3619 παρ’
2671 3545 2949 3615 Ἕλλησιν,
2997 3544 3079 3597 ὅτι
3113 3541 3251 3613 πρὸς
3304 3540 3455 3604 ἴσους
3509 3537 3830 3609 ἀνθρώπους

2238 3640 2666 3712 άντεμαχέσατο,
2715 3636 2809 3691 καὶ
2839 3636 3004 3707 Θηρία
3033 3632 3203 3699 δόλοις
3230 3632 3440 3687 άνεῖλεο
3496 3631 3550 3684 τί
3583 3630 3725 3699 πρὸς
3765 3627 3833 3680 τά

2241 3733 2346 3787 ὑπὸ
2364 3732 2458 3785 τοῦ
2482 3731 2654 3799 Λόγου
2680 3729 2967 3800 γενόμενα,
2997 3728 3081 3781 ὅτι
3103 3725 3290 3790 νόσους
3313 3726 3409 3778 καὶ
3434 3724 3700 3795 δαίμονας

2239 3826 2334 3879 καὶ
2382 3825 2474 3878 τὸν
2513 3823 2741 3885 θάνατον
2797 3821 2960 3876 αὐτὸν
3007 3820 3285 3891 ἀπήλαυνε
3334 3818 3445 3872 τῶν
3490 3815 3829 3889 άνθρώπων;

2241 3917 2490 3982 Διόνυσος
2523 3914 2886 3990 θρησκεύεται
2928 3914 3055 3985 παρ’
3087 3914 3290 3977 αὐτοῖς,
3326 3914 3407 3965 ὅτι
3433 3896 3609 3981 μέθης
3647 3908 3833 3979 γέγονε

2241 4008 2559 4071 διδάσκαλος
2602 4011 2715 4070 τοῖς
2743 4004 3080 4078 ἀνθρὼποις’
3128 4007 3156 4057 ὁ
3179 4003 3236 4057 δὲ
3265 4004 3462 4074 Σωτὴρ
3490 4001 3571 4072 τῷ
3608 4002 3725 4054 ὄντι
3748 3998 3834 4052 καὶ

2243 4099 2447 4169 Κύριος
2470 4098 2565 4151 τοῦ
2612 4098 2831 4161 παντὸς,
2866 4094 3218 4167 σωφροσύνην
3238 4094 3478 4158 διδάξας,
3510 4091 3835 4163 χλευάζεται

2244 4193 2375 4262 παρ’
2404 4191 2648 4245 ἐκείνων.
2689 4188 2830 4241 Ἀλλ’
2853 4187 3001 4241 ἔστων
3015 4185 3208 4241 ταῦτα.
3246 4185 3310 4238 Τί
3338 4186 3434 4238 καί
3466 4185 3612 4256 πρὸς
3636 4184 3706 4238 τὰ
3726 4183 3837 4235 ἓτε-

2249 4302 2316 4356 ρα
2336 4282 2590 4353 θαύματα
2604 4280 2703 4350 τῆς
2727 4280 2977 4349 θεότητος
2999 4278 3164 4331 αὐτοῦ
3188 4295 3202 4342 ;
3226 4277 3383 4340 Τίνος
3402 4276 3836 4348 ἀποθνήσκοντος

2246 4374 2554 4447 ἀνθρώπου,
2596 4376 2624 4426 ὁ
2654 4373 2750 4443 μὲν
2790 4371 2939 4442 ἥλιος
2977 4368 3290 4439 ἐσκοτίσθη,
3328 4369 3442 4440 ἡδὲ
3481 4370 3556 4439 γῆ
3599 4369 3834 4423 ὲσείετοζ

2252 4466 2359 4519 ἰδοὺ
2394 4466 2555 4536 μέχρι
2578 4463 2674 4517 νῦν
2714 4462 3146 4532 ἀποθνήσκουσιν
3188 4460 3490 4531 ἄνθρωποι,
3516 4460 3618 4513 καὶ
3640 4459 3835 4513 άπέΘαο

573 4564 714 4605 terra
751 4551 959 4606 7Certe
988 4554 1053 4607 ad
1102 4552 1203 4608 hoc
1248 4570 1418 4623 usque
1461 4564 1679 4622 tempus
1712 4556 2017 4610 moriuntur
2050 4556 2129 4610 ho-

2249 4575 2339 4611 vov
2364 4557 2445 4609 ἔτι
2470 4554 2674 4611 ἄνωθεν
2700 4554 2810 4624 (86)
2834 4570 2847 4583 ·
2893 4552 3022 4606 πότε
3062 4571 3115 4607 τι
3143 4552 3385 4606 τοιοῦτον
3417 4552 3507 4605 ἐπ’
3544 4553 3730 4616 αὐτοῖς
3755 4552 3837 4620 γέ-

570 4643 743 4696 miues
774 4641 1012 4711 olimque
1053 4643 1249 4697 mortui
1278 4652 1405 4698 sunt
1433 4662 1449 4698 :
1483 4645 1807 4714 quibusnam
1840 4644 2003 4715 igitur
2040 4644 2129 4699 tale

2250 4665 2375 4717 γονε
2403 4648 2587 4719 θαῦμα
2614 4664 2630 4713 ;
2693 4648 2787 4713 Ἢ,

568 4732 697 4803 quid
751 4748 986 4802 unquam
1027 4733 1255 4803 contigit
1299 4734 1599 4804 prodigium
1635 4735 1659 4789 ?
1690 4734 1802 4801 Vel,
1832 4746 1886 4789 ut
1918 4749 1978 4788 ea
2024 4750 2142 4804 quae

569 4841 799 4896 corpore
847 4827 955 4896 egit
995 4828 1433 4896 prsetermittam,
1471 4829 1576 4899 73
1624 4829 1846 4899 solaque
1893 4829 1978 4883 illa
2024 4844 2144 4899 quae

574 4919 693 4986 ejus
744 4920 990 4989 corporis
1038 4921 1489 4975 resurrectionem
1518 4932 1704 4977 secuta
1747 4931 1873 4976 sunt
1909 4937 2147 4977 comme-

574 5025 782 5064 morem
819 5030 832 5064 :
870 5012 1154 5080 cujusnam
1197 5015 1438 5067 omnimn
1487 5015 1577 5083 qui
1624 5015 1882 5070 hactenus
1933 5015 2150 5069 fuerunt

577 5103 856 5158 hominum
894 5103 1140 5158 doctrina
1171 5121 1275 5160 una
1302 5107 1599 5176 eademque
1648 5122 1744 5177 per
1777 5117 1945 5163 totum
1973 5118 2148 5164 terra-

579 5211 697 5251 rum
734 5196 918 5251 orbem
951 5205 1157 5250 tantum
1181 5197 1383 5263 valuit,
1415 5208 1471 5252 ut
1503 5197 1621 5267 ejus
1643 5199 1817 5254 cultus
1848 5200 1901 5254 in
1934 5215 2148 5255 omnem

576 5373 816 5431 Felekm.
847 5375 873 5429 l
909 5389 1069 5429 anon.
1087 5375 1314 5445 Segner.
1335 5374 1544 5445 Anglic.
1564 5382 1617 5429 et
1634 5374 1795 5429 Basil.
1816 5392 1998 5431 vocem
2018 5378 2154 5430 ἁπο-

576 5446 796 5513 δείξεσι,
824 5463 943 5517 quze
962 5447 1016 5499 in
1044 5444 1179 5500 aliis
1193 5454 1247 5517 et
1267 5444 1427 5517 editis
1451 5445 1622 5510 deest,
1650 5446 2011 5502 restituimus.

650 5512 764 5585 (8|)
797 5512 1181 5587 Séguerianus,
1207 5512 1520 5587 δαιμονίων.

2843 4646 2931 4700 ἵνα
2977 4644 3075 4709 τὰς
3102 4643 3192 4698 διὰ
3242 4643 3336 4697 τοῦ
3386 4643 3648 4715 σώματος
3686 4642 3836 4697 αὐτοῦ

2250 4741 2493 4812 πράξεις
2513 4754 2580 4792 π.
2598 4739 2834 4812 ραλίπω,
2861 4734 2957 4791 καὶ
2980 4736 3078 4801 τὰς
3119 4736 3256 4808 μετὰ
3283 4736 3383 4806 τὴν
3424 4736 3728 4789 ἀνάστασιν
3754 4733 3837 4788 τοῦ

2252 4834 2502 4904 σώματος
2534 4833 2705 4885 αἰηου
2734 4828 3108 4904 μνημονεύσω,
3136 4827 3279 4891 τίνος
3311 4826 3535 4880 πώποτε
3564 4845 3676 4881 των
3705 4844 3842 4895 γενςο

2255 4926 2432 4996 μένων
2452 4924 2756 4998 ἀνθρώπων
2788 4927 2825 4997 ἠ
2854 4920 3169 4976 διδασκαλία
3201 4920 3308 4973 άπὸ
3336 4920 3598 4992 περάτων
3619 4920 3726 4983 ἕως
3754 4935 3843 4969 1::-

2259 5018 2435 5089 ράτων
2456 5018 2562 5087 γῆς
2589 5018 2685 5087 μία
2718 5017 2812 5071 καὶ
2844 5018 2877 5087 ή
2908 5014 3046 5086 αὐτὴ
3075 5014 3139 5066 δι’
3163 5013 3298 5066 ὅλων
3321 5012 3567 5083 ἴσχυσεν,
3594 5012 3735 5066 ὥστε
3763 5010 3841 5063 διὰ

2258 5110 2438 5181 πάσης
2461 5110 2565 5180 γῆς
2604 5109 2667 5162 τὸ
2689 5108 2853 5170 σέϐας
2886 5103 3051 5166 αὐτοῦ
3090 5104 3409 5174 διαπτῆναις
3446 5105 3518 5157 Ἦ
3553 5103 3737 5168 διὰτί,
3774 5102 3844 5156 εί-

2262 5217 2369 5272 περ
2404 5198 2693 5271 ἅνθρωπός
2744 5201 2890 5253 ἐστιν
2927 5198 2959 5250 ὁ
2997 5196 3255 5268 Χριστὸς,
3290 5194 3395 5248 και
3432 5195 3493 5248 ού
3553 5194 3690 5257 Θεὸς
3746 5191 3842 5248 Λό-

2260 5392 2453 5446 ντιτης.

2337 5446 2448 5518 (84)
2471 5446 2859 5518 Seguerianns,
2891 5443 3135 5518 πλάσμα.

2347 5507 2450 5589 [85}
2510 5507 2621 5571 Κάὶ
2651 5516 2913 5586 δαίμονας
2945 5507 3147 5567 addunt
3195 5525 3324 5589 mss.
3349 5519 3676 5589 _ontnes,;et
3712 5507 3842 5589 lege:

656 5576 766 5657 (32)
806 5576 999 5650 Basil.,
1029 5587 1124 5658 κοςι
1154 5576 1385 5657 Σωτῆρα
1422 5586 1640 5658 Ἰησοῦν
1672 5584 1929 5658 Χριστόν.
1966 5588 2035 5639 At
2095 5602 2129 5640 ea

2268 5576 2395 5643 runt
2427 5576 2758 5658 interpretes
2791 5604 2806 5641 :
2843 5576 2964 5638 uuae
3009 5597 3169 5638 voces
3198 5580 3251 5634 in
3295 5580 3543 5635 editione
3588 5576 3841 5635 Commcl.

584 5653 764 5709 omnia
794 5661 984 5712 absunt
1021 5674 1047 5709 a
1072 5653 1400 5712 Gobleriauo
1422 5665 1475 5711 et
1500 5653 1681 5711 Felt‘k.
1716 5653 1738 5709 1
1770 5672 2064 5727 anonymo,
2104 5668 2163 5712 ut
2268 5661 2487 5715 desunt.

586 5736 641 5777 et
664 5740 782 5808 [nos
810 5729 1013 5808 voces}?
1034 5728 1245 5808 Σωτήρ.

661 5792 775 5867 (85)
829 5794 918 5867 Sic
975 5792 1381 5867 Seguerianus.
1438 5797 1799 5853 Gobleriaeus
1856 5806 1909 5850 et
1968 5796 2163 5853 Felek-

593 5865 778 5917 manui
834 5866 857 5917 1
911 5865 1231 5937 anonymus.
1297 5869 1399 5921 Alii
1460 5878 1636 5922 autent
1694 5878 1751 5925 et
1803 5868 1971 5933 editi,
2037 5884 2162 5939 γεν-

2344 5728 2456 5853 (SS6)
2488 5728 2729 5784 Ἀνωθεν
2754 5726 3012 5783 omittunt
3050 5720 3271 5779 Gobler.
3304 5718 3551 5776 Fclckm.
3602 5721 3625 5773 ἱ
3687 5734 3836 5773 anon.

2391 5816 2571 5853 cauer.

2273 5809 2325 5855 et
2351 5809 2571 5869 Segucr.
