4006 6552
260 441 352 495 183

1246 440 1501 496 ORATIO
1538 442 1623 496 DE
1664 441 2170 499 INCARNATIONE
2209 443 2428 501 VERBI.

3393 456 3495 509 1811

257 577 343 628 γος
365 557 474 629 (b7)
495 558 624 610 κατ’
644 556 859 619 αὐτοὺς,
876 557 934 609 οὐ
953 556 1216 610 κωλύεται
1238 558 1341 610 ὑπὸ
1361 558 1469 611 τῶν
1492 562 1619 629 παρ’
1642 560 1812 622 αὐτοῖς

1926 575 2195 628 regionem
2252 557 2611 630 pervolaverit
2660 556 2813 614 ?Vel
2873 574 3042 629 quare
3093 561 3137 615 si
3197 564 3492 616 secitndum

257 652 404 713 θεῶν,
437 650 517 713 εἰς
541 650 643 719 τὴν
686 649 853 719 αὐτὴν
882 646 1083 719 χώραν,
1116 648 1240 701 ἔνθα
1274 650 1398 713 εἰσὶ,
1434 651 1495 701 τὸ
1523 650 1712 703 τούτου
1747 651 1829 702 σέ-

257 744 345 807 ϐας
372 742 630 811 διαϐῆναι
657 759 673 772 ⁸
708 740 843 794 ἀλλὰ
874 740 1070 810 μᾶλλον
1106 741 1268 804 αὐτὸς
1291 744 1320 794 6
1351 743 1521 811 Λόγος
1547 743 1825 813 ἐπιδημῶν

253 840 309 906 τῇ
336 833 657 904 διδασκαλίᾳ
709 832 905 886 ἐαυτοῦ
938 832 1035 902 τὴν
1064 833 1284 884 ἐκείνων
1309 831 1604 904 θρησκείαν
1638 832 1821 897 παύει,

252 928 337 982 καὶ
361 926 457 996 τὴν
484 925 795 993 φαντασίαν
828 924 1005 978 αὐτῶν
1038 924 1419 994 καταισχύνει;

312 1101 396 1156 50.
427 1100 626 1153 Πολλοὶ
677 1101 786 1170 πρὸ
840 1100 1028 1154 τούτου
1060 1102 1312 1170 γεγόνασι
1351 1100 1585 1170 βασιλεῖς
1616 1102 1709 1155 καὶ
1731 1105 1825 1155 τύ-

252 1212 419 1267 ραννοι
454 1194 563 1265 γῆς
582 1210 597 1223 ο
644 1193 834 1247 πολλοὶ
860 1193 1006 1263 παρὰ
1032 1193 1315 1256 Χαλδαίοις
1368 1192 1701 1265 ἱστοροῦνται
1730 1194 1824 1247 καὶ

250 1290 365 1359 παρ’
402 1288 732 1355 Αἰγυπτίοις
761 1285 855 1340 καὶ
889 1286 1066 1350 Ἰνδοῖς
1112 1286 1389 1356 γενόμενοι
1423 1285 1574 1354 σοφοὶ
1596 1286 1690 1338 καὶ
1722 1285 1823 1355 μά-

250 1397 353 1449 γοι·
401 1380 487 1443 τίς
509 1380 727 1434 τούτων
782 1379 932 1441 ποτὲ,
970 1378 1029 1430 οὑ
1049 1378 1191 1446 λέγω
1248 1376 1382 1447 μετὰ
1416 1377 1663 1439 θάνατον,
1688 1376 1822 1430 ἀλλὰ

249 1474 330 1527 καὶ
351 1472 430 1525 ἐτι
456 1472 570 1535 ζῶν
593 1472 836 1542 ἠδυνήθη
858 1470 1106 1524 τοσοῦτον
1134 1471 1367 1540 ἰσχῦσαι,
1400 1469 1538 1523 ὥστε
1567 1469 1665 1539 τὴν
1688 1469 1823 1539 σύμ-

248 1582 411 1618 πασαν
442 1565 613 1618 αὑτὸν
662 1566 766 1635 γῆν
800 1563 1075 1635 πληρῶσαι
1120 1563 1220 1633 τῆς
1250 1563 1414 1616 αὐτοῦ
1454 1561 1819 1628 διδασκαλίας,

246 1658 328 1711 καὶ
362 1656 624 1710 τοσοῦτον
657 1656 860 1727 πλῆθος
892 1654 1177 1708 παιδεῦσαι
1197 1655 1304 1708 ἀπὸ
1335 1656 1431 1725 τῆς
1456 1655 1563 1707 τῶν
1590 1654 1820 1708 εἰδώλων

244 1750 678 1820 δεισιδαιμονίας,
715 1751 869 1812 ὅσους
913 1752 942 1802 6
978 1748 1248 1818 ἡμέτερος
1282 1747 1469 1818 Σωτὴρ
1521 1748 1601 1809 είς
1633 1748 1820 1802 ἐαυτὸν

244 1843 337 1894 ἀπὸ
355 1842 463 1895 τῶν
484 1841 730 1894 εἰδώλων
768 1841 1127 1912 μετήνεγκεν;
1171 1839 1434 1911 Ἐλλήνων
1459 1841 1507 1892 οἱ
1545 1839 1819 1910 φιλόσοφοι

1928 652 2045 705 illos
2074 652 2320 707 Christus
2341 653 2501 707 homo
2526 661 2631 716 est,
2664 662 2716 707 et
2749 667 2852 706 non
2881 653 3021 708 Deus
3051 654 3297 714 Verbum.
3323 672 3353 709 a
3392 658 3493 710 diis

1926 757 2061 811 quos
2088 747 2273 797 colunt.
2294 758 2399 798 non
2435 744 2722 812 impeditus
2755 746 3041 812 quominus
3066 746 3183 815 ejus
3213 746 3402 814 religio
3440 749 3490 801 in

1923 832 2164 885 eamdem
2201 834 2468 900 regionem
2518 846 2675 901 quam
2715 842 2981 901 occupant
3021 837 3300 903 perveniat
3336 851 3350 886 :
3396 838 3490 890 sed

1928 923 2101 989 potius
2132 922 2301 991 ipsum
2348 922 2580 977 Verbum
2621 939 2718 980 suo
2768 927 2999 978 adventu
3039 941 3104 978 ac
3148 928 3391 980 doctrina
3430 926 3492 978 il-

1926 1014 2095 1067 lorum
2124 1014 2323 1068 cultum
2354 1017 2619 1084 antiquat,
2644 1026 2697 1070 et
2722 1017 2958 1073 fallacias
2991 1018 3263 1085 dispellit?

1993 1104 2082 1161 50.
2113 1104 2260 1158 Multi
2306 1107 2520 1167 quidem
2566 1118 2687 1162 ante
2711 1110 2981 1165 Christum
3030 1119 3187 1164 terra:
3230 1125 3384 1179 reges
3434 1122 3488 1164 et

1923 1198 2138 1265 tyranni
2161 1197 2417 1251 exstitere
2453 1217 2467 1252 :
2496 1200 2645 1253 multi
2677 1202 2817 1268 apud
2860 1201 3173 1264 Chaldaeos,
3203 1201 3488 1271 Egyptios

1923 1297 1978 1340 et
2008 1288 2164 1343 ludos
2204 1289 2474 1357 sapientes
2518 1302 2573 1345 et
2602 1292 2743 1360 magi
2794 1301 3285 1346 commemorantur
3316 1308 3331 1344 :
3363 1296 3488 1361 quis

1923 1393 2051 1448 ergo
2095 1379 2340 1443 illorum,
2389 1394 2493 1433 non
2551 1391 2670 1448 post
2720 1392 2943 1435 mortem
2984 1383 3125 1447 dico,
3183 1386 3277 1438 sed
3320 1386 3485 1438 etiam

1925 1470 1975 1523 in
2008 1470 2116 1522 vita
2148 1480 2354 1524 tantum
2384 1472 2579 1540 potuit,
2616 1484 2673 1526 ut
2697 1477 3002 1528 universam
3031 1486 3230 1528 terram
3269 1492 3365 1529 sua
3391 1480 3487 1529 do-

1922 1563 2094 1614 ctrina
2134 1562 2397 1630 impleret,
2430 1573 2741 1634 tantamque
2768 1565 3044 1619 hominum
3087 1566 3483 1621 multitudinem

1922 1654 1989 1706 ab
2019 1652 2281 1708 idolorum
2316 1658 2705 1724 superstitione
2734 1666 3040 1719 revocaret,
3071 1668 3328 1727 quantam
3366 1657 3488 1712 Sal-

1922 1754 2076 1796 vator
2112 1755 2295 1799 noster
2323 1746 2391 1799 ab
2435 1748 2594 1802 idolis
2626 1749 2692 1802 ad
2730 1749 2965 1817 Seipsum
3006 1750 3310 1804 convertit?
3343 1745 3487 1807 Geu-

1924 1832 2045 1885 tiles
2082 1832 2374 1901 philosophi
2405 1837 2661 1904 plnrituos
2691 1835 2854 1890 libros
2889 1837 3050 1890 multa
3079 1855 3200 1891 cum
3226 1839 3487 1907 eloquen-

245 1935 343 2005 (88)
383 1935 522 2003 μετὰ
556 1907 917 2006 πιθανότητος
952 1907 1042 1988 καὶ
1069 1935 1263 2005 τέχνης
1294 1907 1464 2003 λόγων
1491 1907 1662 1987 πολλὰ
1692 1907 1812 1989 σῦν-

1926 1926 1995 1976 tia
2023 1934 2078 1978 et
2120 1936 2237 1979 arte
2281 1929 2652 1995 conscripsere
2689 1946 2701 1981 :
2753 1943 2937 1981 verum
2979 1930 3109 1997 quid
3166 1931 3341 1985 simile
3398 1932 3483 1985 his

244 2029 501 2096 έγραψαν·
541 2028 596 2080 τί
631 2025 727 2082 οὖν
756 2028 1004 2082 τοσοῦτον
1026 2028 1148 2081 ὅσον
1180 2030 1209 2080 6
1252 2027 1344 2079 τοῦ
1384 2027 1618 2097 Χριστοῦ
1658 2044 1817 2081 σταυ-

246 2121 323 2189 ρὸς
348 2119 704 2185 ἐπεδείξαντο
729 2137 743 2185 ;
775 2121 933 2191 Ἀχρι
968 2121 1074 2191 γὰρ
1100 2119 1356 2189 τελευτῆς
1387 2119 1565 2173 αὐτῶν
1592 2118 1659 2171 τὰ
1703 2120 1812 2190 (89)

243 2215 353 2283 παρ’
390 2213 579 2266 αὐτῶν
610 2213 921 2284 σοφίσματα
948 2213 1007 2266 τὺ
1038 2212 1259 2265 πιθανὸν
1288 2211 1443 2281 ἔσχεν
1469 2229 1483 2241 ·
1516 2211 1649 2265 ἀλλὰ
1673 2213 1766 2265 καὶ
1788 2213 1815 2264 ὃ

239 2305 404 2369 ἔδοξαν
432 2304 647 2368 ζῶντες
669 2305 892 2375 ἰσχύειν,
923 2306 981 2357 ἐν
1010 2305 1255 2375 ἀλλήλοις
1275 2304 1427 2374 ἔσχεν
1445 2305 1541 2374 τὴν
1565 2305 1813 2375 ἅμιλλαν,

240 2399 319 2449 καὶ
354 2398 469 2451 κατ’
498 2398 757 2468 ἀλλήλων
785 2397 1108 2468 μελετῶντες
1132 2398 1511 2467 ἐφιλονείκουν.
1548 2394 1607 2450 Ὀ
1638 2398 1695 2450 δὲ
1721 2396 1813 2449 τοῦ

238 2488 355 2541 Θεοῦ
383 2489 586 2556 Λόγος,
611 2488 671 2541 τὸ
708 2488 1152 2559 παραδοξότατον,
1186 2487 1552 2559 πτωχοτέραις
1575 2492 1693 2551 ταῖς
1724 2489 1813 2541 λέ-

239 2580 335 2645 ξεσι
355 2580 603 2644 διδάξας,
634 2580 764 2642 τοὺς
790 2580 927 2632 πάνυ
963 2579 1218 2649 σοφιστὰς
1248 2580 1554 2643 ἐπεσκίασε,
1586 2582 1679 2633 καὶ
1714 2581 1813 2645 τὰς

242 2670 323 2739 μὲν
367 2671 606 2723 ἐκείνων
643 2670 991 2734 διδασκαλίας
1032 2672 1367 2742 κατήργησε,
1402 2671 1611 2735 πάντας
1639 2672 1812 2723 ἐλκων

239 2762 357 2833 πρὸς
387 2763 615 2825 ἐαυτὸν,
645 2763 748 2826 τὰς
789 2762 843 2815 δὲ
876 2761 1069 2816 ἐαυτοῦ
1126 2763 1417 2833 ἐκκλησίας
1443 2763 1772 2834 πεπλήρωκε
1794 2780 1806 2792 ·

239 2857 317 2906 καὶ
334 2856 391 2907 τό
411 2872 477 2923 γε
517 2854 859 2925 θαυμαστὸν,
888 2855 989 2919 ὅτι,
1019 2854 1094 2918 ὡς
1122 2854 1403 2925 ἄνθρωπος
1428 2856 1507 2917 είς
1529 2854 1619 2907 τὸν
1650 2853 1812 2906 θάνα-

238 2960 315 2997 τον
344 2926 624 3010 καταϐάς,
660 2943 759 3014 τὴν
787 2944 894 2996 τῶν
926 2943 1103 3012 σοφῶν
1140 2943 1547 3014 μεγαλοφωνίαν
1581 2945 1707 3013 περὶ
1731 2946 1809 2995 εί-

237 3034 398 3088 δὼλων
433 3030 785 3105 κατήργησε.
820 3034 972 3097 Τίνος
998 3035 1106 3105 γάρ
1145 3051 1275 3087 ποτε
1307 3033 1533 3097 θάνατος
1565 3035 1809 3104 ἀπήλασε

237 3123 525 3195 δαίμονας;
556 3126 626 3177 Ἦ
666 3124 809 3188 τίνος
849 3124 977 3176 ποτέ
1011 3123 1235 3177 θάνατον
1262 3124 1600 3195 ἐφοϐήθησαν
1625 3124 1810 3195 δαίμο-

238 3234 312 3280 νες
331 3218 403 3281 ὡς
425 3216 531 3269 τοῦ
561 3209 855 3286 Χριστοῦτ
873 3216 1038 3270 Ἔνθα
1077 3216 1185 3287 γὰρ
1210 3216 1528 3286 ὀνομάζεται
1552 3215 1612 3268 τὸ
1642 3216 1810 3287 ὄνομα
1836 3249 1877 3303 C

238 3302 317 3354 τοῦ
349 3305 632 3374 Σωτῆρος,
678 3303 885 3356 ἐκεῖθεν
914 3306 1021 3367 πᾶς
1049 3304 1255 3374 δαίμων
1294 3304 1671 3358 ἀπελαύνεται.
1713 3306 1807 3368 Τίς

236 3394 283 3447 δὲ
306 3396 446 3449 οὕτω
495 3395 809 3466 τὰίψυχικὰ
864 3395 1008 3465 πάθη
1062 3396 1299 3466 περιεῖλε
1342 3395 1451 3448 τῶν
1483 3396 1804 3466 ἀνθρώπων,

237 3484 363 3539 ὣστε
386 3489 522 3549 τοὺς
675 3450 904 3557 πόρνους
936 3450 1249 3556 σωφρονεῖν,
1292 3488 1418 3550 τοὺς
1450 3487 1507 3540 δέ
1548 3450 1807 3559 ἀνδροφ6;

236 3593 342 3639 γους
382 3578 588 3650 μηκέτι
621 3577 805 3645 ξίφους
834 3576 942 3647 (90)
970 3581 1208 3648 κρατεῖν,
1240 3579 1366 3641 τοὺς
1401 3578 1457 3631 δὲ
1479 3578 1648 3650 δειλίᾳ
1677 3597 1809 3651 προ-

237 3669 619 3737 κατεχομένους
664 3666 1040 3737 ὀωδρίζεσθαη
1090 3668 1197 3719 Καὶ
1229 3667 1364 3730 ὅλως
1384 3668 1467 3730 τίς
1497 3669 1621 3732 τοὺς
1650 3669 1801 3742 παρὰ

239 3756 526 3829 βαρϐάροις
568 3758 664 3811 καὶ
698 3758 825 3820 τοὺς
879 3760 1020 3810 κατὰ
1052 3758 1213 3811 τόπον
1244 3758 1353 3811 τῶν
1391 3758 1560 3812 ἐθνῶν
1593 3760 1807 3814 ἔπεισεν

236 3846 543 3918 ἀνθρώπους
586 3846 897 3921 ἀποθέσθαι
926 3847 1025 3918 μὲν
1077 3850 1175 3918 τὴν
1233 3849 1447 3920 μανίαν,
1486 3851 1705 3920 εἰρήνην
1749 3850 1806 3903 δέ

238 3943 460 4011 φρονεῖι,
499 3942 549 3991 εί
586 3940 659 4009 μὴ
684 3940 719 4009 ή
754 3940 847 3991 τοῦ
869 3938 1102 4009 Χριστοῦ
1134 3939 1313 4002 πίστις
1331 3940 1424 3992 καὶ
1446 3940 1506 3993 τὸ
1530 3940 1622 3993 τοῦ
1646 3958 1808 3994 σταυ·

241 4032 322 4102 ροῦ
362 4035 630 4102 σημεῖονς
670 4032 767 4093 Τίς
813 4031 868 4083 δὲ
918 4032 1075 4095 ἄλλος
1117 4033 1243 4103 περὶ
1288 4031 1585 4097 ἀθανασίας
1634 4034 1806 4098 οὕτως

237 4123 727 4185 ἐπιστώσατο“¹τοὺς
761 4121 1097 4193 ἀνθρώπους,
1128 4123 1201 4185 ὡς
1218 4126 1245 4176 6
1270 4123 1363 4176 τοῦ
1388 4125 1618 4195 Χριστοῦ
1644 4142 1807 4180 σταυ-

240 4216 339 4286 ρὸς,
372 4216 465 4268 καὶ
495 4218 529 4285 ή
565 4213 663 4266 τοῦ
716 4213 961 4283 σώματος
992 4214 1285 4275 ἀνάστασις
1330 4214 1528 4279 αὐτοῦς
1590 4216 1805 4287 Καίπερ

237 4302 331 4374 γὰρ
357 4306 422 4357 τὰ
446 4306 626 4358 πάντα
653 4302 982 4371 ψευσάμενοι
1015 4302 1291 4371 ’Έλληνεςη
1315 4305 1460 4373 ὅμως
1485 4305 1584 4356 οὐκ
1615 4305 1807 4377 ἠδ’)νὴ

238 4394 392 4465 θησαν
422 4386 723 4447 ἀνάστασιν
737 4393 847 4447 τῶν,
870 4392 1076 4445 ἑαυτῶν
1095 4393 1324 4446 εἰδώλων
1356 4394 1679 4459 πλάσασθαι,
1708 4397 1806 4449 οὐκ

239 4486 624 4559 ἐνθυμούμενοι
652 4486 716 4538 τὸ
746 4484 979 4550 σύνολον,
1011 4488 1058 4539 εί
1083 4486 1217 4548 ὅλως
1242 4486 1463 4539 δυνατὸν
1491 4489 1626 4557 μετὰ
1651 4488 1805 4541 θάναο

1919 2025 2037 2080 qua:
2069 2026 2204 2066 crux
2241 2012 2437 2067 Christi
2482 2016 2685 2083 peregit
2716 2015 3056 2071 elIecernnt?
3106 2019 3320 2073 lllorunt
3362 2023 3482 2090 qui-

1918 2108 2039 2160 dem
2088 2108 2453 2177 sophismata,
2499 2110 2732 2177 quandin
2800 2112 3080 2175 vixerunt,
3136 2112 3421 2167 valuerunt
3462 2130 3476 2166 :

1919 2198 2028 2251 imo
2061 2198 2185 2251 dum
2220 2200 2381 2251 etiam
2412 2200 2690 2264 viverent,
2736 2201 2790 2254 id
2845 2207 2987 2269 quod
3039 2203 3146 2257 illis
3192 2206 3480 2258 auctorita-

1920 2297 2023 2341 tem
2071 2289 2361 2343 conciliare
2398 2291 2711 2355 videbatur,
2767 2304 2980 2348 mutuas
3038 2295 3179 2348 inter
3220 2311 3313 2349 eos
3345 2310 3474 2349 con-

1916 2382 2239 2435 certationes
2270 2382 2583 2445 suscitavit,
2615 2384 2850 2453 ipsisque
2888 2387 3042 2448 inter.
3063 2402 3123 2441 se
3150 2388 3473 2457 digladiandi

1918 2469 2017 2523 fuit
2045 2474 2277 2526 occasio.
2309 2474 2378 2526 At
2408 2474 2496 2527 Dei
2532 2473 2789 2541 Verbum,
2839 2479 2981 2544 quod
3034 2494 3168 2533 sane
3218 2494 3473 2548 perquam

1917 2563 2109 2615 tnirutn
2145 2574 2258 2626 est,
2293 2565 2563 2619 lmmiliori
2598 2568 2737 2636 ston
2780 2577 2935 2622 utens
2957 2608 2971 2631 ,
3007 2569 3088 2622 vel
3131 2572 3477 2627 acutissimus

1914 2655 2182 2721 sopbistas
2226 2655 2561 2721 obscuravit,
2606 2669 2935 2728 cunctosque
2964 2659 3028 2712 ad
3071 2662 3306 2730 seipsunt
3353 2664 3473 2716 al|i~

1912 2748 2083 2807 ciens,
2125 2745 2335 2799 illorum
2367 2748 2667 2802 doctrinam
2697 2753 2914 2817 evertit,
2966 2764 3022 2805 et
3066 2767 3192 2806 suas
3220 2754 3476 2807 ecclesias

1912 2837 2217 2905 complevit.
2260 2836 2390 2892 lllud
2432 2857 2647 2910 quoque
2695 2844 3050 2897 admiratione
3097 2847 3318 2914 dignum
3369 2858 3472 2908 est,

1911 2929 2052 2994 quod
2087 2938 2308 2982 mortem
2332 2941 2389 2981 ut
2421 2933 2580 2985 homo
2602 2934 2911 3002 perferens,
2948 2951 3141 2990 vanam
3166 2942 3472 3006 sapientum

1881 3017 1977 3069 ade
2030 3018 2185 3072 idolis
2232 3022 2744 3090 magniloquentiam
2796 3023 3076 3093 dejecerit.
3132 3028 3263 3081 Nam
3318 3032 3474 3095 cujus

1911 3125 2143 3178 unquam
2186 3126 2330 3165 mors
2380 3116 2648 3169 daemones
2712 3114 2955 3185 fugavit?
3015 3116 3182 3184 Cujus
3235 3134 3468 3188 unquam

1910 3202 2045 3255 alius
2067 3218 2224 3271 quam
2240 3200 2440 3258 Christi
2472 3216 2698 3259 mortem
2724 3209 3144 3262 rel'ormidaruut
3165 3211 3472 3264 dan-ones?

1914 3290 2009 3345 Ubi
2045 3294 2187 3346 enim
2210 3293 2411 3349 Christi
2437 3310 2629 3349 nomen
2660 3296 2932 3364 profertur
2952 3338 2967 3364 ,
2998 3302 3121 3353 inde
3152 3302 3330 3368 quivis
3363 3304 3471 3354 dae-

1908 3401 2031 3438 ntou
2062 3387 2368 3453 expellitur.
2397 3386 2528 3453 Quis
2551 3402 2679 3441 vero
2706 3404 2899 3456 pravas
2924 3390 3196 3445 hominum
3236 3392 3471 3446 aliectio-

1908 3490 2003 3529 nes
2039 3477 2109 3529 ita
2139 3478 2408 3542 abscidit,
2446 3488 2503 3530 ιιι
2534 3480 2789 3548 impudici
2832 3482 3141 3550 pudicitiam
3172 3494 3468 3548 sectentur,

1908 3567 2114 3636 gladios
2146 3569 2430 3636 ,ahjiciant
2478 3570 2799 3638 homicidae,
2846 3582 2901 3625 et
2951 3574 3122 3626 timidi
3184 3572 3311 3629 lorti
3360 3576 3472 3629 siut

1907 3657 2414 3727 auimo?Denique,
2456 3661 2578 3729 quis
2615 3661 2743 3715 fecit
2775 3673 2831 3715 ut
2857 3665 3098 3717 barbarae
3141 3675 3197 3718 et
3238 3667 3468 3719 diversae

1908 3750 2154 3805 nationes
2201 3750 2385 3806 furore
2440 3754 2687 3821 deposito
2752 3768 2938 3822 pacein
2989 3756 3467 3824 amplecterentur,

1909 3840 2012 3894 nisi
2040 3841 2241 3896 Christi
2272 3843 2404 3897 tides
2428 3853 2482 3897 et
2505 3849 2680 3899 crucis
2718 3847 2969 3915 signum?
3002 3847 3135 3913 Quis
3176 3848 3316 3903 alius
3367 3850 3468 3903 ho-

1907 3931 2079 3986 mines
2118 3933 2190 3986 ita
2251 3945 2431 3989 certos
2487 3936 2555 3989 de
2610 3936 3018 3991 immortalitate
3080 3939 3345 4007 reddidit,
3412 3952 3471 3996 ut

1906 4020 2106 4078 Christi
2152 4040 2284 4078 crux
2338 4025 2563 4095 ejusque
2615 4030 2858 4097 corporis
2916 4030 3282 4085 resurrectio?
3332 4030 3466 4084 Nam

1906 4114 2005 4167 etsi
2030 4116 2257 4183 gentiles
2276 4116 2457 4170 omnia
2484 4127 2608 4170 sunt
2635 4120 2948 4183 c0ntmenti,
2980 4131 3159 4175 tamen
3202 4122 3465 4175 idolorum

1907 4206 2355 4259 resurrectionem
2399 4208 2604 4274 ﬁngere
2633 4225 2736 4263 non
2785 4222 3111 4281 pomerunt,
3145 4215 3342 4280 quippe
3373 4215 3465 4281 qui

1909 4309 1975 4347 ne
1998 4296 2350 4363 cogitaverim
2377 4298 2616 4366 quidem,
2648 4311 2825 4352 utrum
2856 4316 3051 4368 corpus
3083 4311 3204 4369 post
3235 4310 3460 4355 mortem

1907 4388 2075 4455 possit
2112 4388 2287 4441 denuo
2339 4392 2624 4444 exsistere.
2687 4391 2793 4445 Sed
2834 4394 2884 4445 in
2941 4408 3007 4446 eo
3057 4394 3185 4445 mihi
3237 4393 3470 4447 maxime

1906 4481 2233 4545 approbandi
2270 4480 2548 4544 videntur;
2587 4482 2688 4535 hoc
2722 4482 2863 4535 enim
2897 4484 2999 4536 sibi
3044 4484 3114 4536 ita
3149 4486 3467 4551 persuaden-

238 4594 318 4629 τον
349 4576 486 4632 εἶναι
516 4579 682 4631 πάλιν
733 4576 794 4629 τὸ
829 4577 1017 4647 σῶμα·
1053 4579 1137 4645 ἐφ’
1170 4572 1213 4644 ᾧ
1244 4580 1334 4629 καὶ
1357 4578 1587 4647 μάλιστα
1630 4580 1694 4632 ἄν
1727 4595 1809 4642 τις

1916 4578 2015 4630 tes,
2047 4582 2159 4622 sua:
2195 4568 2411 4635 quidem
2459 4569 2775 4622 idololatriae
2822 4571 3242 4625 imbecillitatem
3277 4588 3469 4641 argue-

240 4670 419 4734 αὺτοίις
469 4669 800 4737 ἀποδέξηται
848 4667 977 4737 (91),
1020 4669 1122 4731 ὄτι,
1181 4668 1402 4721 τοιαῦτα
1442 4669 1802 4738 λογισάμενοι,

236 4756 326 4827 τὴν
350 4759 444 4827 μὲν
466 4756 751 4811 ἀσθένειαν
766 4756 1082 4826 τῆςέαυτῶν
1101 4757 1532 4827 εἰδωλολατρείας
1558 4758 1805 4828 ήλεγξαν,

238 4848 295 4898 τὸ
328 4848 380 4900 δὲ
411 4849 636 4902 δυνατὸν
668 4848 747 4917 τῷ
778 4846 996 4917 Χριστῷ
1033 4847 1453 4919 παρεχώρησαν,
1494 4849 1578 4900 ἵνα
1611 4851 1704 4902 καὶ
1741 4853 1804 4903 ἐκ

239 4944 412 4997 τούτου
444 4941 726 5015 γνωρισθῇ
752 4942 901 5011 παρὰ
926 4942 1057 4993 πᾶσι
1087 4940 1179 4992 τοῦ
1203 4939 1337 4992 Θεοῦ
1374 4940 1522 5003 Υἱός.

306 5035 385 5090 51.
419 5037 515 5098 Τίς
543 5031 638 5088 οὖν
680 5031 979 5105 ἀνθρώπων
1011 5031 1147 5102 μετὰ
1177 5031 1401 5085 θάνατον
1430 5032 1463 5103 ἢ
1490 5032 1661 5096 ἄλλως
1695 5033 1804 5096 ζῶν

242 5130 359 5196 περὶ
384 5116 680 5200 παρθενίας
707 5123 933 5190 ἐδίδαξε,
975 5126 1067 5178 καὶ
1097 5125 1195 5177 οὐκ
1232 5124 1492 5178 ἀδύνατον
1537 5122 1671 5178 εἶναι
1706 5124 1804 5196 τὴν

446 5228 511 5239 *νη-4

311 5285 415 5355 (87)
442 5286 537 5340 Sic
565 5284 788 5339 Gobler.
823 5282 1055 5355 Felckm.
1109 5284 1134 5336 1
1179 5299 1339 5339 anon.
1375 5294 1431 5339 et
1465 5284 1691 5355 Segucr.
1743 5294 1804 5340 ut

247 5366 295 5424 et
341 5360 676 5409 Omnibonus
733 5356 880 5421 legit.
936 5354 1270 5424 Basiliensis,
1335 5354 1685 5424 Anglicanus,
1747 5370 1800 5410 et

249 5423 465 5479 Fielckm.
496 5425 531 5478 ‘2
568 5424 961 5493 anonymus,06
992 5423 1083 5476 τοῦ
1106 5423 1239 5477 Θεοῦ
1264 5423 1452 5492 Λόγος.
1482 5428 1619 5493 quod
1637 5427 1797 5479 etiam

249 5509 540 5560 exprimunt
593 5495 912 5547 Ambrosius
961 5504 1015 5548 et
1059 5493 1319 5549 Nannius.
1368 5497 1421 5547 lu
1476 5496 1712 5550 Felcktn.
1764 5495 1799 5547 '2

251 5582 393 5620 anon.
420 5578 524 5619 art.
553 5563 648 5616 τοῦ
687 5566 855 5616 deest.

310 5636 414 5703 (88)
476 5634 839 5689 Gublerianus
886 5643 942 5687 et
992 5632 1225 5688 Felckm.
1270 5636 1294 5686 1
1338 5650 1654 5703 anouyutus,
1706 5652 1796 5686 σο-

313 5773 418 5841 (89)
441 5774 532 5826 Sic
563 5771 925 5841 Seguerianus
951 5787 965 5823 :
1000 5772 1087 5825 alii
1128 5786 1258 5826 vero
1288 5782 1342 5826 et
1366 5774 1519 5836 editi,
1548 5776 1707 5829 artic.
1733 5774 1802 5828 τά

255 5847 512 5896 omittunt.
552 5843 696 5895 ldetn
720 5857 841 5896 mox
878 5858 972 5910 pro
1007 5841 1182 5911 ἔσχεν.
1211 5842 1366 5911 ἔσχον
1395 5846 1552 5898 habet
1576 5858 1803 5912 utroque

1913 4666 2059 4720 runt,
2096 4657 2235 4710 hanc
2259 4667 2437 4711 autetu
2468 4669 2787 4726 potestatem
2817 4660 3032 4715 Christo
3067 4675 3470 4731 concesserunt,

1915 4764 2021 4816 quo
2056 4750 2148 4803 Dei
2180 4749 2345 4804 Filius
2373 4754 2514 4820 apud
2535 4768 2725 4807 omnes
2751 4764 2909 4808 notus
2944 4754 3059 4807 ﬁeri
3100 4767 3298 4823 posset.

1984 5028 2071 5081 5|.
2105 5026 2237 5094 Quis
2262 5028 2422 5098 igitur
2451 5027 2726 5082 hominum
2764 5041 2885 5097 post
2914 5042 3139 5086 mortem
3175 5034 3255 5087 vel
3306 5037 3469 5089 etiam

1915 5137 2009 5191 per
2035 5123 2197 5175 vitam
2227 5122 2587 5189 virginitatem
2614 5124 2830 5189 docuit,
2878 5140 2942 5179 ac
2981 5142 3084 5180 non
3119 5137 3295 5196 potus
3331 5128 3472 5182 hanc

1902 5289 1955 5340 in
1988 5285 2124 5340 loco.
2152 5283 2351 5339 Ibidem
2378 5299 2477 5355 pro
2518 5284 2785 5358 ἀλλήλοις,
2823 5286 2987 5342 Basil.
3030 5300 3081 5343 et
3113 5290 3323 5357 Anglic.
3374 5290 3468 5342 ha-

1902 5357 2028 5411 bent
2052 5354 2251 5411 ἄλλοις.

1941 5368 2028 5410 ent
2052 5368 2251 5418 ᾱΛΑοις.

1972 5426 2262 5496 (90)ιι..ειι.
2285 5424 2500 5479 Gohler.
2530 5426 2771 5484 Feb-km.
2798 5430 2821 5481 1
2851 5443 3013 5480 anon.
3042 5438 3094 5480 et
3131 5429 3352 5496 Seguer.
3386 5427 3467 5491 ξί-

1902 5495 2019 5566 φος.
2052 5496 2173 5549 Mox
2204 5498 2295 5548 xui.
2332 5496 2466 5559 ὅλως
2501 5497 2835 5559 Busiliensis,
2863 5498 3235 5556 Cublerianus,
3283 5495 3389 5547 lt‘ch
3410 5496 3468 5548 li-

1903 5568 2081 5636 tnauui
2114 5574 2128 5620 ι
2185 5582 2482 5636 auouyntns
2507 5569 2780 5636 omittunt.
2818 5567 2982 5619 l‘aulo
3014 5577 3258 5636 postpru
3314 5567 3467 5635 εἰρήο

1903 5655 2020 5707 νην,
2055 5634 2444 5700 Guhlet'iantts,
2485 5635 2720 5688 Felcknt.
2773 5636 2796 5687 1
2843 5650 3004 5686 anon.
3028 5646 3082 5686 et
3116 5634 3341 5700 Segttet‘.
3370 5634 3469 5687 tta-

1907 5711 2030 5761 bent
2052 5708 2317 5775 εἰρηναῖα.

1979 5770 2458 5845 (91)”Αιιειις;ιιιιιε,
2485 5772 2861 5845 Gohleriauus,
2885 5770 3227 5829 Felt-kmanui
3280 5778 3296 5826 l
3346 5789 3471 5827 atto-

1910 5842 2121 5915 uyinus,
2146 5842 2603 5913 ct'b'rguerianus,
2632 5842 2965 5905 ἀποδέξεται.
