4006 6498
231 417 318 469 189

1166 405 1425 462 ORATIO
1465 405 1549 458 DE
1589 403 2099 461 lNCAl‘lNATlONE
2138 399 2361 458 V'ERBI.

3346 394 3448 444 tuo

222 530 424 590 θύοντες
447 525 581 596 παρ’
606 526 788 588 αὐτοῖς
812 522 1067 587 εἰδώλοις,
1090 522 1367 591 μαίνονται
1388 523 1505 574 κατ’
1527 520 1787 592 ἀλλήλων,

1894 524 2068 575 adhuc
2095 520 2393 583 immolant,
2420 526 2604 572 mutuo
2639 516 2689 570 in
2721 530 2779 572 se
2808 516 3039 570 invicem
3072 514 3257 568 lurore
3285 527 3448 567 exaro

224 602 306 671 καὶ
349 617 517 687 χωρὶς
577 615 745 684 ξιφῶν
784 614 1035 689 οὐδεμίαν
1072 611 1220 683 ὥραν
1268 613 1546 682 ἀνέχονται
1581 614 1788 684 μένειν·

223 712 297 762 ὅτε
327 709 379 760 δὲ
429 708 531 777 τῆς
558 705 653 758 τοῦ
708 704 943 777 Χριστοῦ
989 703 1333 766 διδασκαλίας
1367 704 1675 766 ἀκούουσιν,
1705 703 1795 756 εύι

223 801 345 860 ego;
364 799 482 850 ἀντὶ
515 797 615 867 μὲν
642 796 891 866 πολέμων
924 798 1003 859 είς
1025 796 1294 865 γεωργίαν
1328 796 1637 866 τρέπονται,
1670 796 1790 849 ἀντὶ

221 891 269 944 δὲ
306 890 394 942 τοῦ
442 889 624 959 ξίφεσι
651 889 752 952 τάς
778 892 963 959 χεῖρας
1015 887 1278 950 ὁπλίζειν,
1312 891 1390 950 είς
1424 887 1587 956 εὐχὰς
1619 887 1791 939 ἐκτεί-

223 996 385 1032 νουσιο
444 981 541 1033 καὶ
592 981 737 1042 ὅλως
782 980 902 1033 ἀντὶ
931 980 1025 1031 τοῦ
1059 980 1317 1049 πολεμεῖν
1355 979 1491 1049 πρὸς
1543 980 1788 1043 ἑαυτοὺς,

223 1072 386 1125 λοιπὸν
402 1073 545 1125 κατὰ
564 1071 814 1125 διαϐόλου
839 1072 931 1125 καὶ
960 1070 1070 1142 (99)
1098 1072 1237 1124 κατὰ
1252 1070 1521 1141 δαιμόνων
1550 1070 1792 1135 ὁπλίζον-

224 1178 315 1223 ται,
342 1161 668 1233 σωφροσύνῃ
697 1163 791 1215 καὶ
815 1161 993 1230 ψυχῆς
1027 1162 1197 1231 ἀρετῇ
1224 1159 1444 1223 τούτους
1487 1160 1803 1213 καταπολε-“

227 1250 449 1321 μοῦντες.
485 1251 659 1304 Τοῦτο
707 1252 766 1305 δὲ
804 1253 902 1322 τῆς
958 1251 1056 1319 μὲν
1106 1251 1375 1320 θειότητος
1416 1249 1513 1304 τοῦ
1542 1251 1791 1322 Σωτῆρός

223 1346 322 1395 ἐστι
365 1342 697 1413 γνώρισμα·
736 1346 819 1397 ὅτι
866 1344 894 1396 δ
949 1343 1023 1413 μὴ
1073 1343 1382 1414 δεδύνηνται
1435 1344 1492 1395 ὲν
1555 1341 1789 1404 εἰδώλοις

225 1434 391 1502 μαθεῖν
431 1436 480 1485 οί
514 1434 820 1505 ἄνθρωποι,
861 1434 1017 1488 τοῦτο
1040 1437 1168 1506 παρ’
1203 1435 1368 1487 αὐτοῦ
1404 1434 1785 1505 μεμαθήκασι·

221 1526 301 1595 τῆς
326 1526 375 1577 δὲ
403 1526 683 1597 δαιμόνων
712 1528 804 1579 καὶ
833 1526 1066 1579 εἰδώλων
1088 1526 1371 1589 ἀσθενείας
1403 1528 1497 1580 καὶ
1519 1525 1788 1589 ούθενεω

220 1615 414 1684 ἔλεγχος
459 1617 564 1669 ούκ
606 1617 792 1685 ὀλίγος
819 1617 964 1669 ἐστὶν
989 1613 1163 1679 οὗτος.
1206 1617 1418 1680 Εἱδότες
1440 1618 1546 1687 γάρ
1582 1617 1788 1669 ἑαυτῶν

219 1705 444 1773 δαίμονες
498 1706 601 1777 τὴν
637 1707 947 1768 ἀσθένειαν,
988 1707 1075 1760 διὰ
1106 1706 1262 1759 τοῦτο
1297 1707 1587 1761 συνέϐαλον
1619 1708 1788 1760 πάλαι

218 1797 324 1859 τοὺς
354 1797 682 1868 ἀνθρώπους
706 1797 826 1849 καθ’
863 1798 1068 1851 ἑαυτῶν
1091 1798 1367 1868 πολεμεῖν,
1400 1798 1487 1850 ῖνα
1519 1798 1613 1870 μὴ.
1648 1816 1787 1852 παυ-

1894 612 2136 672 descunt,
2169 624 2269 664 nec
2294 608 2456 663 ullam
2476 608 2664 662 horam
2688 607 2803 660 sine
2831 621 2959 660 ense
2983 620 3104 661 esse
3127 607 3406 675 patiuntur
3434 623 3447 658 ;

1893 712 1947 753 at
1982 701 2068 753 ubi
2098 700 2296 754 Christi
2326 699 2628 753 doctrinam
2660 696 2963 756 audierint.
2998 696 3183 749 statim
3236 711 3265 749 a
3310 696 3454 749 bello

1893 790 1956 843 ad
1989 789 2372 858 agriculturam
2400 803 2459 843 se
2485 796 2831 851 convertunt,
2863 786 3087 856 necjam
3119 803 3307 841 manus
3338 788 3455 854 gla-

1891 881 1994 934 diis
2021 888 2255 944 armant,
2286 879 2378 933 sed
2406 893 2501 933 eas
2528 879 2595 931 ad
2633 879 2961 947 precandum
2996 878 3311 931 extendunt.
3350 879 3453 931 De-

1892 974 2053 1041 nique
2092 971 2230 1024 inter
2260 985 2319 1025 se
2345 970 2562 1040 quidem
2604 984 2843 1040 pugnare
2875 970 3133 1024 desinunt
3153 1005 3172 1034 ,
3207 971 3299 1024 sed
3326 984 3453 1023 eou.

1893 1075 1971 1116 tra
2003 1063 2272 1116 diabolum
2303 1072 2358 1117 et
2388 1063 2659 1116 daemones
2686 1071 3001 1127 armantur,
3042 1075 3180 1130 quos
3219 1073 3272 1115 et
3299 1064 3456 1131 pndi-

1888 1156 2014 1209 citia
2043 1156 2349 1223 virtuteque
2386 1157 2578 1208 aniuue
2603 1154 2890 1209 debellauit.
2916 1153 2972 1208 ιιι
3006 1163 3158 1219 certe
3199 1155 3457 1209 divinita—

1892 1247 1960 1301 tis
1997 1246 2299 1301 Salvatoris
2336 1263 2440 1300 non
2475 1248 2755 1301 minimmu
2783 1258 2863 1301 est
2888 1256 3264 1315 argumentmu
3286 1287 3303 1311 ,
3334 1248 3458 1303 illos

1889 1340 1958 1393 ah
1985 1355 2049 1394 eo
2078 1339 2336 1394 didicisse
2371 1340 2515 1409 quod
2540 1339 2678 1407 apud
2715 1340 2854 1393 idola
2892 1339 3072 1393 doceri
3121 1354 3227 1392 non
3258 1350 3454 1408 potue-

1893 1441 2061 1485 rant:
2102 1432 2395 1501 itidemque
2444 1433 2806 1486 certissimum
2852 1434 2991 1486 idem
3039 1443 3123 1487 est
3154 1434 3454 1488 daemonum

1888 1536 1939 1577 et
1973 1523 2234 1577 idolorum
2274 1523 2659 1577 imbecillitatis
2700 1524 3030 1593 vilitatisque
3058 1525 3335 1580 indicium.
3368 1528 3455 1581 Si-

1889 1613 2104 1681 quidem
2139 1612 2414 1667 dzemones
2440 1627 2550 1666 suae
2575 1611 2907 1666 infirmitatis
2944 1628 3048 1665 non
3083 1612 3275 1682 ignari,
3323 1614 3453 1668 olim

1891 1704 2092 1758 idcirco
2122 1704 2369 1758 homines
2399 1703 2465 1757 ad
2493 1702 2629 1757 bella
2673 1703 2814 1757 inter
2847 1718 2905 1757 se
2934 1705 3232 1757 exercenda
3258 1702 3458 1758 inﬂam-

1889 1796 2125 1858 mahaut,
2151 1809 2217 1848 ne
2250 1795 2292 1846 si
2322 1793 2578 1846 adversus
2604 1793 2832 1847 invicem
2860 1793 3116 1861 congredi
3154 1805 3454 1859 cessarent,

220 1886 416 1955 σάμενοι
447 1888 555 1958 τῆς
583 1888 710 1941 κατ’
744 1887 985 1959 ἀλλήλων
1018 1888 1212 1960 ἔριδος,
1246 1889 1327 1952 είς
1372 1888 1469 1959 τὴν
1507 1890 1648 1942 κατά
1673 1889 1787 1942 δαι-

1888 1885 2081 1939 bellum
2135 1884 2467 1938 daemonibus
2522 1883 2838 1938 indicerent.
2912 1884 3198 1938 Enimvero
3251 1884 3454 1938 Christi

221 1978 372 2049 μόνων
397 1982 585 2050 μάχην
613 1980 1035 2051 ἐπιστρέψωσιν.
1084 1981 1300 2050 Ἀμέλει
1326 1980 1400 2052 μὴ
1430 1980 1788 2052 πολεμοῦντες

216 2065 332 2136 πρὸς
355 2069 590 2130 ἑαυτοὺς
622 2070 675 2119 οί
704 2067 921 2139 Χριστῷ
952 2069 1399 2140 μαθητευόμενοι,
1423 2071 1564 2124 κατὰ
1599 2070 1788 2141 δαιμό-

217 2173 304 2208 νων
324 2159 432 2220 τοῖς
469 2158 705 2228 τρόποις
738 2158 830 2211 καὶ
865 2162 984 2222 ταῖς
1010 2160 1127 2213 κατ’
1161 2161 1362 2231 ἀρετὴν
1389 2161 1651 2232 πράξεσιν
1687 2163 1785 2214 άν-

215 2245 724 2313 τιπαρατάσσονται,
780 2246 871 2299 καὶ
900 2246 1117 2311 τούτους
1156 2250 1253 2319 μὲν
1296 2249 1573 2313 διώκουσι,
1612 2251 1701 2303 τὸν
1729 2251 1785 2304 δὲ

216 2332 390 2387 τούτων
444 2335 702 2406 ἀρχηγὸν
746 2336 987 2391 διάϐολον
1034 2338 1482 2404 καταπαίξουσιν,
1531 2340 1673 2394 ὥστε
1727 2342 1785 2393 ὲν

221 2424 404 2494 νεότητι
437 2427 548 2497 μὲν
589 2431 906 2496 σωφρονεῖν.
938 2430 994 2482 ὲν
1028 2435 1351 2503 πειρασμοῖς
1381 2433 1438 2486 δὲ
1471 2434 1782 2503 ὑπομένειν,

216 2520 264 2571 ὲν
288 2522 467 2586 πόνοις
505 2522 563 2575 δὲ
594 2526 903 2593 καρτερεῖν.
942 2526 1031 2578 καὶ
1059 2525 1445 2597 ὑϐριζομένους
1473 2528 1568 2598 μὲν
1596 2524 1784 2598 άνὲχε-

213 2612 333 2675 σθαι,
355 2613 879 2685 ἀποστερουμένους
908 2614 963 2666 δὲ
992 2620 1353 2687 καταφρονεῖν
1378 2618 1482 2687 (1)·
1520 2620 1614 2672 καὶ
1634 2619 1695 2672 τό
1720 2636 1782 2687 γε

211 2701 533 2773 θαυμαστὸν,
567 2706 650 2757 ὅτι
672 2705 767 2757 καὶ
787 2703 1013 2758 Θανάτου
1042 2708 1464 2779 καταφρονοῦσι,
1487 2712 1578 2764 κα).
1611 2709 1785 2779 γίνον-

210 2807 281 2843 ται
309 2795 597 2865 μάρτυρες
628 2795 675 2846 Χ
682 2794 890 2864 ριστοῦ.

266 2883 345 2937 55.
395 2884 512 2936 Καὶ
543 2886 631 2937 ἵνα
660 2884 738 2947 ἓν,
762 2885 790 2938 ὃ
827 2884 919 2938 καὶ
960 2885 1100 2938 πάνυ
1127 2884 1437 2956 θαυμαστόν
1477 2888 1593 2941 ἐστι
1641 2891 1783 2958 γνὼο

212 2988 357 3042 ρισμα
388 2974 502 3043 τῆς
546 2974 821 3045 θειότητος
862 2974 954 3028 τοῦ
1003 2976 1252 3047 Σωτῆρος
1276 3016 1289 3039 ,
1319 2977 1460 3030 εἴπω
1497 2996 1510 3009 ·
1553 2980 1635 3043 τίς
1667 2982 1782 3034 πώ·-

210 3079 318 3116 ποτε
351 3065 651 3136 ἄνθρωπος
685 3066 870 3130 ἁπλῶς
901 3068 932 3137 ἢ
971 3069 1164 3137 μάγος,
1190 3067 1223 3138 ἢ
1249 3068 1528 3139 τύραννος,
1559 3070 1593 3141 ἢ
1629 3071 1782 3141 βασι-

209 3154 343 3221 λεὺς,
391 3157 480 3225 ἐφ’
532 3157 731 3210 ἑαυτοῦ
766 3158 1037 3221 τοσούτοις
1068 3159 1143 3229 (2)
1175 3158 1416 3231 ἠδυνήθη
1461 3161 1775 3231 συμϐαλεῖν,

212 3249 289 3300 καὶ
324 3251 454 3304 καθ’
496 3251 626 3322 ὅλης
679 3251 779 3320 τῆς
826 3251 1265 3323 εἰδωλολατρείας
1313 3228 1413 3305 καί
1435 3228 1616 3325 πάσης
1663 3228 1796 3310 διίι-Γ

211 3342 430 3412 μωικῆς
461 3343 726 3412 στρατιᾶς
752 3381 763 3402 ,
798 3343 891 3394 καὶ
936 3342 1114 3411 πάσης
1155 3344 1387 3411 μαγείας
1410 3383 1426 3406 ,
1459 3344 1556 3397 καὶ
1598 3346 1791 3435 πάσηςὶ

215 3432 390 3500 σοφίας
438 3432 710 3502 Ἑλλήνιον
735 3432 983 3485 τοσοῦτον
1022 3432 1311 3504 ἰσχυόντων
1345 3435 1439 3487 καὶ
1473 3434 1554 3487 ἔτι
1599 3432 1780 3506 άκμαέ

214 3520 403 3582 ζόντων
447 3525 541 3576 καὶ
598 3522 1008 3592 ὲκπληττόντων
1080 3525 1285 3589 πάντας
1307 3564 1322 3589 ,
1384 3526 1781 3597 άντιμάχεσθαι

216 3616 297 3667 καὶ
332 3618 433 3687 μιᾷ
468 3619 608 3687 ῥοπῇ
639 3616 782 3669 κατὰ
815 3616 1031 3668 πάντων
1063 3617 1394 3688 ἀντιστῆναι,
1421 3617 1495 3681 ὡς
1523 3620 1551 3670 ὁ
1582 3619 1779 3689 ἡμέτε,

218 3722 296 3777 ρος
324 3707 531 3778 Κύριος
553 3710 582 3760 ὁ
628 3706 726 3759 τοῦ
756 3707 887 3759 Θεοῦ
936 3707 1135 3779 ἀληθὴς
1176 3710 1376 3777 Λόγος,
1404 3709 1495 3776 ὃς,
1538 3710 1812 3800 ἀοράτωςδ

216 3798 433 3852 ἑκάστου
480 3798 579 3869 τὴν
629 3797 836 3867 πλάνην
886 3798 1141 3868 ἐλέγχων,
1190 3799 1348 3869 μόνος
1380 3800 1530 3871 παρὰ
1566 3797 1809 3877 πάντωνξ

217 3891 329 3952 τοὺς
356 3890 566 3953 πάντας
608 3888 933 3959 ἀνθρώπους
959 3889 1243 3956 σκυλεύει,
1270 3891 1410 3946 ὥστε
1435 3893 1559 3956 τοὺς
1587 3892 1682 3963 μὲν
1714 3892 1784 3946 τὰ

220 3978 400 4035 εἴδωλα
450 3979 900 4053 προσκυνοῦντας
951 3982 1139 4034 λοιπὸν
1216 3983 1357 4036 αὐτὰ
1424 3988 1778 4047 καταπατεῖν,

219 4071 409 4133 τοὺςδὲ
462 4071 724 4141 μαγείαις
781 4069 1190 4141 θαυμασθέντας
1219 4072 1318 4136 τὰς
1358 4073 1569 4143 βίϐλους
1616 4093 1782 4128 κατα-

222 4163 378 4213 καίειν
398 4201 413 4225 ,
444 4164 572 4223 τοὺς
601 4161 659 4213 δὲ
696 4162 886 4229 σοφοὺς
908 4162 1004 4230 τὴν
1029 4162 1135 4214 τῶν
1169 4162 1514 4231 Εύαγγελίων
1550 4166 1780 4237 προκρί-
1826 4162 1833 4170 ’

223 4268 320 4304 νειν
344 4252 562 4306 πάντων
596 4252 891 4321 ἑρμηνείαν
916 4268 930 4315 ;
958 4251 1065 4315 υῦς
1108 4252 1205 4321 μὲν
1243 4254 1351 4324 γὰρ
1393 4256 1779 4325 προσεκύνουν,

222 4343 425 4406 τούτους
458 4342 969 4411 καταλιμπάνουσιν
991 4359 1003 4370 ⁸
1031 4343 1089 4395 ὃν
1113 4344 1185 4413 (5)
1206 4344 1263 4396 δὲ
1283 4345 1571 4414 ἐχλεύαζον
1599 4349 1784 4399 ἐσταυ-

230 4438 472 4506 ρωμένον,
516 4435 711 4489 τοῦτον
756 4435 1117 4505 προσκυνοῦσι
1161 4437 1410 4508 Χριστὸν,
1462 4438 1593 4491 Θεὸν
1622 4440 1789 4493 αὑτὸν

1805 3207 1848 3264 C

1885 1975 2161 2043 diScipuli,
2211 1975 2301 2043 qui
2349 1973 2493 2028 inter
2537 1989 2596 2028 se
2639 1975 2772 2028 nihil
2824 1974 3187 2029 contentionis
3230 1974 3453 2037 habent,

1885 2077 2075 2120 contra
2104 2067 2375 2119 daemones
2402 2080 2611 2119 mormn
2638 2065 2946 2135 integritate
2978 2075 3032 2120 et
3056 2064 3211 2119 bonis
3234 2067 3448 2119 actibus

1884 2167 2147 2228 pugnant,
2182 2172 2319 2227 quos
2358 2166 2413 2210 et
2458 2157 2700 2211 animose
2738 2157 3125 2226 insequuntur,
3155 2170 3454 2223 eorumque

1884 2250 2075 2303 ducem
2106 2248 2378 2302 diabolum
2413 2247 2770 2315 vilipeuduut,
2812 2249 2946 2302 adeo
2970 2255 3027 2300 ut
3052 2247 3103 2300 iu
3134 2244 3452 2299 adolescen-

1887 2340 1958 2392 tia
1992 2340 2128 2392 casti
2165 2354 2228 2391 ac
2256 2339 2435 2407 pudici
2473 2338 2602 2403 sint,
2641 2338 2693 2391 in
2727 2336 3116 2391 tentatiouibus
3164 2334 3450 2403 patientes.

1886 2431 1937 2484 in
1964 2429 2237 2484 laboribus
2268 2429 2470 2493 fortes,
2497 2430 2549 2482 in
2582 2429 2873 2484 tolerandis
2912 2428 3123 2498 injuriis
3171 2428 3346 2489 mites,
3398 2428 3455 2480 in

1885 2520 2148 2576 bonorqu
2177 2520 2570 2590 direptionibus
2601 2520 2898 2590 tranquilli.
2929 2518 3262 2588 Quinetiam,
3308 2519 3453 2587 quod

1883 2592 2142 2680 singulari
2170 2610 2525 2666 admiratione
2548 2611 2766 2680 dignum
2797 2610 2904 2681 75
2924 2621 3026 2676 est,
3062 2622 3288 2664 mortem
3318 2624 3451 2662 con-

1885 2711 2128 2758 temnunt
2151 2712 2204 2758 et
2228 2702 2427 2758 Christi
2456 2716 2723 2773 martyres
2757 2706 2909 2758 liuut.

1953 2880 2044 2937 63.
2072 2879 2151 2935 Ne
2183 2888 2360 2935 autem
2388 2896 2576 2946 unum,
2609 2883 2753 2949 quod
2810 2880 2863 2935 in
2891 2881 3083 2950 primis
3126 2882 3333 2953 insigne
3368 2893 3454 2935 est

1883 2972 2182 3028 divinitatis
2216 2971 2511 3026 Salvatoris
2536 2972 2811 3035 indicium,
2837 2974 3243 3040 pretermittam
3273 2995 3288 3028 :
3326 2975 3450 3042 quis

1850 3067 1854 3070 ‘
1884 3078 2119 3134 unquam
2149 3062 2232 3116 vel
2262 3063 2424 3117 homo
2448 3071 2674 3127 tantum,
2704 3061 2787 3115 vel
2812 3076 3016 3131 magus,
3050 3062 3130 3116 vel
3166 3072 3450 3132 tyrannus,

1884 3157 1964 3213 vel
1996 3172 2087 3211 rex
2116 3172 2212 3225 per
2235 3170 2293 3209 se
2318 3156 2490 3226 ipstnu
2521 3169 2643 3207 cum
2680 3163 2824 3207 tanta
2854 3154 3088 3224 gentium
3113 3154 3451 3208 multitudine

1881 3249 2131 3319 congredi
2182 3248 2372 3318 potuit,
2433 3256 2595 3316 atque
2643 3254 2831 3300 contra
2885 3247 3189 3301 universam
3232 3248 3451 3302 idolola-

1880 3342 2061 3404 triam,
2094 3348 2281 3395 contra
2305 3339 2547 3393 omnium
2592 3339 2893 3394 daemonum
2919 3342 3233 3403 exercitum,
3262 3349 3449 3395 contra

1880 3448 2092 3486 omnem
2132 3432 2394 3500 magicam
2435 3444 2631 3498 artem,
2659 3442 2844 3486 contra
2875 3441 3036 3486 totam
3064 3432 3340 3500 gentilium
3362 3447 3451 3487 sa—

1882 3528 2159 3594 pientiam,
2186 3541 2412 3597 quorum
2438 3537 2583 3582 tanta
2629 3528 2804 3582 adhuc
2840 3531 3131 3583 auctoritas
3161 3540 3215 3583 et
3243 3531 3448 3599 pondus

1886 3626 2023 3681 erat,
2058 3627 2117 3670 ut
2168 3631 2355 3671 omnes
2410 3618 2463 3671 in
2522 3618 2927 3673 admirationem
2965 3631 3248 3686 raperent;
3305 3621 3449 3688 quis,

1895 3708 2135 3777 inquam,
2194 3719 2384 3763 contra
2411 3724 2599 3765 omnes
2640 3711 2757 3765 illos
2789 3714 3114 3765 contendere
3142 3725 3194 3766 et
3220 3729 3327 3766 uno
3356 3731 3452 3766 co-

1891 3801 2119 3871 demque
2147 3802 2346 3871 impetu
2386 3800 2637 3857 resistere
2666 3803 2856 3873 potuit,
2889 3802 3047 3857 sicuti
3076 3802 3330 3857 Dominus
3356 3821 3452 3860 no-

1881 3904 2012 3959 ster,
2066 3910 2252 3950 verum
2301 3895 2396 3950 Dei
2424 3893 2681 3958 Verbum,
2725 3896 2815 3964 qui
2858 3894 3068 3950 occulte
3121 3894 3450 3963 singulorum

1881 4003 2096 4043 errores
2119 3986 2466 4048 convincenti,
2497 4001 2685 4040 omnes
2710 3987 2955 4040 homines
2984 3986 3050 4039 ab
3073 3988 3322 4040 omnibus
3352 3986 3453 4038 ab-

1881 4080 2052 4145 duxit,
2086 4082 2154 4134 ita
2188 4080 2359 4148 utqui
2398 4082 2545 4148 prius
2580 4081 2715 4133 idola
2756 4080 3070 4139 adorabunt.
3096 4095 3156 4134 ea
3181 4081 3291 4147 jam
3319 4094 3450 4132 con-

1884 4173 2098 4226 culccnt
2127 4188 2142 4237 ;
2170 4182 2224 4224 et
2259 4173 2348 4240 qui
2401 4173 2639 4239 magicas
2678 4171 2977 4241 mastigiae
3022 4171 3449 4231 admirabantur,

1883 4264 2120 4334 scriptos
2147 4265 2213 4318 de
2243 4263 2331 4317 illa
2360 4275 2475 4316 arte
2523 4264 2689 4316 libros
2717 4266 3039 4316 comlutrant
3066 4278 3079 4320 ;
3112 4275 3171 4314 ac
3223 4262 3456 4328 denith

1885 4354 1986 4422 ipsi
2015 4354 2285 4422 sapientes
2324 4363 2377 4404 et
2411 4351 2713 4420 philosophi
2747 4349 3158 4417 Evangeliormn
3187 4348 3451 4417 interpre—

1888 4438 2146 4492 tationem
2170 4438 2422 4492 omnibus
2475 4436 2831 4507 ante-ponant?
2863 4436 3103 4505 Namque
3135 4450 3268 4504 quos
3294 4447 3450 4489 antea

226 4529 613 4597 ὁμολογοῦντες.
654 4528 761 4579 Καὶ
785 4528 832 4578 οί
869 4526 967 4596 μὲν
1002 4529 1131 4597 παρ’
1160 4528 1339 4591 αὐτοῖς
1360 4530 1639 4599 λεγόμενοι
1670 4529 1781 4584 θεοὶ

1885 4531 2210 4593 adorabant,
2255 4529 2325 4583 ab
2357 4529 2439 4582 his
2471 4528 2751 4582 discedunt
2792 4545 2804 4579 :
2838 4528 3110 4581 Christum
3139 4542 3269 4581 Vero
3294 4541 3452 4596 quem

227 4618 289 4686 τῷ
311 4620 518 4689 σημείῳ
546 4617 641 4670 τοῦ
672 4616 903 4686 σταυροῦ
945 4617 1227 4671 διώκονται
1252 4633 1266 4647 ν
1293 4619 1321 4669 ὁ
1354 4618 1409 4670 δὲ
1449 4619 1783 4690 σταυρωθεὶς

231 4707 393 4779 Σωτὴρ
424 4711 481 4761 ὲν
511 4708 666 4780 πάσῃ
703 4710 768 4779 τῇ
799 4708 1086 4781 οἰκουμένῃ
1112 4708 1242 4771 Θεὸς
1260 4708 1652 4779 ἀναγορεύεται
1686 4710 1782 4763 καὶ

230 4797 343 4849 Θεοῦ
377 4799 525 4861 Υἱός.
563 4798 675 4851 Καὶ
698 4799 747 4849 οἱ
781 4798 878 4867 μὲν
907 4799 1034 4870 παρ’
1065 4799 1287 4870 Ἕλλησι
1320 4799 1783 4871 προσκυνούμενοι

232 4887 323 4941 θεοὶ
345 4890 417 4953 ὡς
440 4890 659 4962 αἰσχροὶ
704 4889 1071 4944 διαϐάλλονται
1111 4891 1240 4962 παρ’
1270 4890 1448 4944 αὐτῶν
1470 4909 1482 4922 ·
1523 4896 1570 4945 οἱ
1600 4893 1655 4947 δὲ
1680 4895 1781 4965 τὴν

231 4979 443 5050 Χριστοῦ
498 4981 870 5053 λαμϐάνοντες
939 4982 1280 5037 διδασκαλίαν
1347 4985 1781 5057 σωφρονέστερον

231 5070 425 5126 ἐκείνων
440 5074 637 5145 έχουσι
678 5074 769 5128 τὸν
815 5074 947 5144 βίον.
982 5076 1164 5129 Ταῦτα
1203 5073 1293 5130 οῦν
1335 5078 1428 5131 καὶ
1460 5079 1522 5131 τά
1556 5078 1779 5133 τοιαῦτα

229 5163 269 5212 εί
302 5164 392 5233 μὲν
421 5166 740 5236 ἀνθρώπινά
789 5167 925 5230 ἐστι,
973 5168 1233 5221 δεικνύτω
1259 5186 1344 5233 τις
1387 5172 1415 5223 ὁ
1461 5149 1780 5243 βίυλόμενος

287 5336 389 5409 (99)
446 5338 536 5393 Ha:
572 5353 758 5405 voces,
817 5340 1000 5393 λοιπὸν
1055 5340 1194 5394 κατὰ
1242 5342 1487 5396 διαϐόλου
1522 5343 1651 5409 καί,
1690 5344 1782 5399 de-

227 5413 419 5483 suntiti
437 5408 792 5483 Gohleriano,
833 5411 1256 5483 et_l"olt-kmanui
1294 5417 1314 5465 1
1357 5408 1650 5483 anonymo.

286 5477 354 5546 (Ι)
384 5480 763 5553 Golileriauus,
792 5479 1110 5553 etiFelckni.
1144 5484 1163 5533 l
1209 5477 1528 5553 aunnymus',
1563 5500 1780 5553 στερου-

227 5545 402 5624 μένους
435 5550 733 5624 ύπερορᾷν,
786 5552 879 5624 κα).
916 5550 1140 5604 θάνατον
1189 5545 1566 5624 καταςρρονεῖν.
1615 5545 1779 5608 Iidem

223 5618 304 5667 καί
336 5631 455 5673 ante
486 5618 578 5673 ἵνα
608 5618 733 5673 mox
766 5622 1041 5674 omittunt.

281 5688 351 5757 (2)
385 5693 616 5757 Seguer.
674 5702 729 5743 et
780 5690 989 5757 Anglic.
1041 5688 1311 5745 τοσοῦτον.
1338 5690 1475 5745 Ibid.
1521 5693 1681 5746 iidem
1726 5703 1779 5746 et

218 5755 421 5828 Cnbler.
454 5755 645 5813 Felck.
696 5760 716 5811 l
774 5755 937 5813 anon.
976 5760 1176 5828 βαλεῖν.
1227 5763 1332 5814 Καί
1368 5763 1498 5815 ihid.
1544 5764 1695 5816 abest
1749 5780 1777 5815 ιι

216 5826 353 5883 (ἶυὺΙ.
386 5830 563 5887 Felrk.
601 5832 617 5883 ι
648 5845 807 5883 anon.

1884 4620 2201 4676 cruciﬁxum
2228 4619 2562 4682 deridebant,
2594 4620 2818 4671 adorant
2845 4630 2899 4672 et
2941 4617 3104 4671 Deum
3135 4632 3255 4671 esse
3282 4618 3453 4673 t-onli-

1887 4726 2094 4770 tentur.
2137 4713 2362 4782 Insuper
2410 4712 2568 4765 iidem
2604 4711 2698 4775 illi,
2738 4722 2796 4763 ut
2847 4709 3138 4780 appellant,
3176 4710 3269 4774 dii,
3302 4709 3455 4778 signo

1884 4809 2063 4861 crucis
2108 4804 2361 4873 fugantur
2413 4825 2425 4858 :
2472 4813 2527 4855 at
2557 4804 2849 4858 cruciﬁxus
2883 4801 3152 4866 Salvator,
3210 4811 3266 4855 et
3317 4801 3457 4855 Dens

1883 4908 1939 4950 et
1973 4896 2063 4950 Dei
2100 4895 2268 4949 Filius
2295 4895 2492 4963 ubique
2545 4903 2811 4948 terrarum
2840 4894 3182 4963 praedicatur.
3216 4893 3461 4963 Denique

1882 4987 1979 5047 dii,
2005 5002 2141 5053 quos
2167 4986 2392 5053 gentiles
2420 4986 2625 5049 colunt,
2668 4996 2724 5040 ut
2750 4996 2933 5057 turpes
2958 4985 3027 5040 ab
3061 4987 3247 5042 iisdem
3272 5002 3451 5056 reprec

1884 5076 2234 5131 henduntur:
2267 5078 2358 5145 qui
2382 5088 2562 5132 autem
2591 5092 2650 5132 se
2673 5078 2724 5131 in
2759 5078 2957 5133 Christi
2980 5077 3317 5148 disciplinam
3344 5088 3457 5132 tra-

1884 5169 2088 5235 didere,
2120 5168 2404 5223 castiorem
2444 5169 2550 5224 illis
2590 5168 2754 5224 vitam
2783 5172 3000 5227 ducunt.
3056 5170 3241 5241 Itaque
3270 5171 3315 5225 si
3340 5171 3457 5223 him:

1953 5344 2029 5415 (3)
2043 5343 2199 5401 Gobl.
2216 5356 2269 5401 ct
2288 5345 2466 5402 Felck.
2494 5348 2516 5401 l
2555 5363 2718 5401 anon.
2732 5364 2791 5402 ea
2805 5364 2924 5415 qua:
2942 5349 3026 5401 hic
3047 5347 3376 5414 leguntnrah
3392 5346 3454 5396 ὃν

1880 5429 2052 5487 nsque
2068 5420 2133 5487 ad
2154 5415 2388 5487 Χριστόν
2407 5421 2687 5487 omittunt.
2717 5418 2881 5469 l’nnln
2903 5427 3024 5485 post
3048 5432 3112 5470 ex
3136 5432 3263 5468 mss.
3289 5416 3447 5482 Angl.

1880 5482 2042 5538 Basil.
2081 5482 2301 5541 Gohler.
2336 5486 2519 5541 Felck.
2554 5488 2691 5540 lnn.
2724 5498 2778 5539 et
2807 5482 3057 5554 St'gtier.,
3096 5499 3192 5537 nec
3223 5501 3327 5536 nou
3380 5502 3446 5536 rx

1881 5557 2128 5609 versione
2167 5557 2452 5611 Omniboni
2508 5567 2565 5610 et
2600 5553 3147 5609 Anthrosii’Camald.
3211 5553 3449 5608 restitui-

1880 5641 1998 5677 mus
2027 5642 2092 5695 ea
2122 5641 2253 5695 quas
2275 5636 2574 5695 sequuntur
2603 5641 2640 5695 ra
2670 5638 2798 5695 voce
2824 5622 2901 5693 τῷ
2935 5621 3145 5692 σημείῳ
3174 5624 3240 5695 ad
3278 5638 3449 5693 1tde-

1878 5693 2197 5813 κυόθούμενοι
2237 5693 2367 5749 Θεοίζ
2418 5696 2550 5749 Ibid.
2588 5693 2796 5761 Anglic.
2851 5708 2946 5761 pro
2979 5694 3234 5765 αἰσχροί,
3287 5698 3449 5750 habet

1878 5781 1937 5813 ΞῚ
1981 5781 2081 5813 οοι.

1877 5781 1969 5834 εχυ
1979 5781 2081 5835 ροι.
