4006 6510
545 395 639 450 191

1141 391 1199 445 S.
1239 388 1614 445 ATHANASII
1654 387 1805 443 OPP.
1848 387 2027 442 PARS
2068 388 2108 442 ι.
2146 420 2214 428 -
2253 386 2619 441 HISTORICA
2656 384 2742 439 ET
2787 380 3207 439 DOGMATICA.

3680 388 3785 443 199.

543 521 597 562 et
649 509 842 564 similia
877 508 1111 563 humana
1144 509 1253 562 sint
1288 524 1303 562 :
1348 508 1598 564 ostendat
1651 508 1741 577 qui
1789 509 2015 561 voluerit
2055 516 2111 560 et

2217 510 2303 561 καὶ
2337 506 2444 559 τῶν
2476 505 2758 578 προτέρων
2790 503 3014 556 τοιαῦτα
3034 541 3049 567 ,
3091 504 3185 557 καὶ
3232 503 3483 558 πειθέτω.
3518 504 3582 557 Εἰ
3610 503 3667 556 ὂέ
3714 508 3787 575 μὴ

544 600 731 668 probet
760 598 1005 652 homines
1031 597 1332 667 superioris
1353 598 1528 651 atatis
1551 597 1741 651 eadem
1775 595 1990 651 fecisse.
2014 595 2109 650 Sin

544 696 724 744 autem
762 704 865 741 non
918 688 1192 741 hominum
1221 688 1313 741 sed
1342 687 1433 740 Dei
1476 696 1525 740 et
1560 686 1809 739 videnlur
1842 696 1897 739 et
1928 699 2111 739 revera

545 789 673 833 sunt
695 794 857 848 opera
886 819 903 845 ,
934 779 1059 847 quid
1101 779 1235 831 adeo
1259 776 1405 845 impii
1436 787 1561 831 sunt
1592 776 1856 841 infideles,
1906 787 1963 831 ut
1993 777 2113 831 illo-

546 888 664 925 rum
697 883 970 926 auctorem
1003 871 1287 924 Dominum
1316 888 1417 926 non
1436 872 1765 940 agnoscant?
1794 871 1935 925 idem
1968 872 2110 925 enim

545 979 767 1032 prorsus
804 976 888 1018 est
914 979 977 1017 ac
1006 963 1048 1017 si
1074 965 1193 1031 quis
1219 978 1284 1017 ex
1314 964 1494 1018 nnmdi
1520 964 1771 1033 operibus
1807 964 1970 1017 Deum
1996 964 2112 1032 ejus

548 1055 795 1124 opiﬁcem
832 1071 935 1109 non
965 1066 1330 1125 cognosceret.
1375 1055 1585 1109 Etenim
1613 1055 1657 1109 si
1689 1069 1753 1108 ex
1783 1055 1979 1108 virtute
2005 1069 2111 1123 qua

548 1146 727 1201 Omnia
759 1148 916 1215 regit,
942 1146 1058 1213 ejus
1087 1147 1426 1201 divinitatem
1467 1155 1838 1216 agnoscerent,
1869 1145 2112 1215 profecto

548 1250 654 1289 non
689 1236 1001 1303 ignorarent
1027 1250 1111 1300 ea,
1164 1250 1285 1304 qua:
1313 1236 1556 1290 Christus
1586 1251 1682 1305 per
1705 1250 1898 1304 corpus
1930 1234 2108 1297 edicit,

548 1341 652 1379 non
683 1327 939 1387 humana,
972 1327 1065 1381 sed
1092 1326 1183 1382 Dei
1217 1328 1369 1382 Verbi
1394 1330 1629 1381 omnium
1656 1328 2108 1383 ServatoriseSse.

546 1419 697 1484 Quod
730 1419 773 1472 si
824 1420 1221 1489 cognovissent,
1269 1420 1718 1488 quemadmodum
1774 1419 1969 1475 Paulus
2010 1422 2109 1485 ait,

544 1526 811 1578 nunquam
842 1508 1122 1562 Dominum
1152 1509 1333 1578 gloria:
1356 1511 1735 1577 cruciﬁxissent
1765 1512 1804 1565 ⁸.

613 1598 706 1653 54.
737 1598 1198 1665 Quemadmodum
1260 1601 1425 1669 igitur
1452 1603 1497 1655 si
1540 1604 1659 1672 quis
1689 1603 1876 1665 Deum,
1924 1602 2011 1671 qui
2044 1617 2110 1656 ex

545 1698 739 1742 natura
792 1689 1075 1743 invisibilis
1105 1700 1208 1753 est,
1262 1706 1359 1745 nec
1383 1691 1490 1746 ullo
1516 1696 1675 1746 modo
1715 1693 1881 1747 videri
1914 1701 2108 1762 potest,

548 1779 745 1833 intueri
776 1779 924 1844 velit,
956 1793 1077 1833 eum
1124 1795 1190 1833 ex
1222 1782 1476 1847 Operibus
1509 1783 1755 1854 intelligit
1787 1793 1841 1837 et
1862 1798 2109 1853 compre-

546 1870 735 1925 hendit
767 1890 782 1927 :
836 1872 905 1926 ita
941 1872 1031 1941 qui
1064 1870 1338 1926 Christum
1368 1885 1547 1928 mente
1578 1851 1701 1930 nonv
1726 1876 1890 1941 videt,
1923 1851 2108 1932 saltem
2142 1851 2185 1909 Β

545 1975 611 2014 ex
638 1962 719 2015 bis
748 1977 865 2029 quae
895 1978 989 2029 per
1016 1976 1212 2030 corpus
1242 1963 1489 2031 agiteum
1513 1966 1795 2035 intelligat.
1825 1968 2116 2036 expendat-

546 2067 653 2120 que
679 2063 856 2106 utrum
893 2052 979 2106 illa
1021 2055 1252 2109 ltutnana
1285 2058 1415 2122 sint,
1462 2072 1528 2110 an
1569 2056 1663 2111 Dei
1691 2074 1853 2127 opera
1888 2072 2112 2127 :eaque,

547 2144 592 2197 si
630 2144 843 2212 quidem
898 2144 1129 2198 humana
1162 2145 1290 2209 sint,
1326 2148 1546 2201 irrideat
1600 2162 1694 2216 per
1754 2164 1839 2203 me
1874 2149 1999 2203 licet
2029 2170 2041 2204 :
2071 2150 2113 2204 si

546 2249 676 2288 vero
700 2248 802 2287 non
837 2236 1066 2287 humana
1123 2237 1216 2289 sed
1252 2236 1342 2291 Dei
1399 2239 1527 2302 sint,
1562 2239 1890 2293 assentiatur
1931 2239 2114 2310 igitur,

546 2339 647 2378 nec
679 2340 802 2394 quae
828 2325 1044 2379 ridenda
1077 2341 1182 2378 non
1214 2336 1340 2380 sunt
1399 2329 1575 2384 ridere
1604 2331 1799 2384 audeat
1854 2349 1867 2384 :
1900 2332 1993 2386 sed
2022 2346 2117 2401 po-

550 2416 657 2468 tius
688 2418 1004 2480 admiretur,
1035 2420 1172 2485 quod
1204 2434 1298 2488 per
1326 2435 1435 2474 rem
1467 2422 1601 2477 adeo
1630 2423 1788 2477 vilem
1813 2438 1898 2478 res
1926 2425 2118 2478 divina:

552 2507 706 2561 nobis
738 2506 1016 2575 patefactae
1047 2508 1268 2575 fuerint,
1297 2521 1351 2565 et
1373 2528 1468 2582 per
1491 2524 1714 2568 mortem
1745 2516 2117 2571 immortalitas

549 2600 615 2652 ad
643 2614 831 2653 omnes
889 2604 1218 2669 pervenerit,
1256 2618 1318 2658 ac
1362 2606 1592 2674 denique
1624 2622 1721 2676 per
1755 2608 1989 2663 Verbum
2023 2612 2119 2663 ho-

552 2691 751 2745 minem
782 2689 1003 2758 faclum,
1033 2710 1210 2747 rerum
1242 2696 1481 2750 otnnium
1511 2699 1844 2767 providentia
1895 2699 2117 2771 ejusque

550 2782 957 2837 administrator
1004 2794 1059 2839 et
1103 2796 1291 2840 auctor
1319 2788 1411 2841 Dei
1450 2789 1678 2844 Verbum
1708 2792 1980 2859 cognitum
2024 2794 2111 2846 sit.

548 2873 669 2941 lpse
712 2874 974 2942 siquidem
1006 2878 1165 2930 homo
1208 2876 1383 2932 factus
1410 2888 1511 2944 est,
1540 2891 1599 2932 ut
1638 2895 1735 2935 nos
1775 2882 1846 2935 dii
1878 2882 2116 2938 ellicere-

552 2981 673 3019 mur
703 2983 718 3019 :
754 2967 867 3034 ipse
902 2968 1137 3036 seipsum
1169 2985 1264 3038 per
1296 2986 1494 3041 corpus
1529 2972 1818 3028 videndum
1851 2976 2112 3041 exhibuit,

549 3067 607 3108 ut
640 3072 736 3112 nos
766 3058 1051 3112 invisibilis
1081 3058 1255 3114 Patris
1294 3064 1658 3133 cognitionem
1693 3068 2064 3135 acciperemus
2095 3086 2111 3122 :

2214 596 2534 669 ἀνθρώπων,
2560 597 2695 649 ἀλλὰ
2717 594 2851 648 Θεοῦ
2878 594 3013 666 ἔργα
3040 594 3209 648 ταῦτα
3241 595 3492 662 φαίνεται
3520 596 3619 648 καὶ
3660 596 3785 661 εἰσὶ,

2213 690 2301 743 διὰ
2342 690 2395 743 τί
2444 690 2695 743 τοσοῦτον
2742 688 3030 741 ἀσεϐοῦσιν
3060 689 3108 740 οἱ
3151 688 3388 751 ἄπιστοι,
3423 688 3498 759 μὴ
3528 686 3789 755 ἐπιγινώ-

2216 799 2435 845 σκοντες
2481 782 2572 835 τὸν
2621 782 2771 834 ταῦτ’
2822 780 3193 851 ἐργασάμενον
3222 780 3534 849 Δεσπότην;
3563 782 3790 850 Ὅμοιον

2214 871 2321 944 γάρ
2360 872 2677 941 πάσχουσιν,
2701 872 2776 934 ὡς
2802 872 2855 924 εί
2880 889 2961 934 τις
2983 871 3047 923 ἐκ
3077 871 3184 923 τῶν
3209 871 3385 941 ἔργων
3414 871 3514 940 τῆς
3559 871 3791 933 κτίσεως

2218 962 2291 1032 μὴ
2314 962 2570 1030 γινώσκοι
2616 963 2706 1014 τὸν
2748 963 2950 1016 τούτων
2990 963 3319 1034 δημιουργὸν
3364 963 3519 1017 Θεόν.
3568 965 3633 1016 Εἰ
3684 964 3792 1035 γὰρ

2214 1054 2279 1106 ἐκ
2306 1054 2403 1123 τῆς
2431 1056 2511 1117 είς
2533 1053 2601 1107 τὰ
2634 1054 2731 1108 ὅλα
2770 1054 2937 1109 αὑτοῦ
2959 1056 3241 1127 δυνάμεως
3288 1056 3583 1123 ἐγίνωσκον
3626 1057 3791 1109 αὑτοῦ

2213 1144 2310 1216 τὴν
2350 1144 2597 1215 θεότητα,
2633 1144 2871 1213 ἔγνωσαν
2894 1145 2981 1210 ἂν,
3010 1148 3089 1200 ὅτι
3117 1147 3214 1200 καὶ
3250 1147 3317 1200 τὰ
3344 1146 3433 1199 διὰ
3473 1144 3566 1199 τοῦ
3603 1144 3797 1215 σώμαι

2213 1256 2302 1301 τος
2335 1240 2471 1309 ἔργα
2521 1238 2615 1291 τοῦ
2662 1238 2896 1310 Χριστοῦ
2943 1240 3041 1292 οὐκ
3093 1238 3442 1310 ἀνθρώπινα,
3505 1237 3644 1291 ἀλλά
3697 1238 3792 1290 τοῦ

2214 1332 2428 1385 πάντων
2476 1332 2723 1402 Σωτῆρός
2760 1333 2875 1384 ἐστι
2908 1332 2999 1384 τοῦ
3029 1332 3162 1385 Θεοῦ
3205 1331 3396 1399 Λόγου.
3428 1330 3794 1394 Γινώσκοντες

2211 1422 2267 1475 δὲ
2315 1422 2487 1487 οῦτω,
2528 1424 2776 1494 καθάπερ
2827 1421 2978 1477 εἶπεν
3027 1427 3054 1478 ὁ
3096 1424 3308 1488 Παῦλος
3330 1462 3345 1487 ,
3392 1426 3505 1479 οὐκ
3556 1424 3637 1478 ἂν
3685 1425 3795 1479 τὸν

2210 1515 2427 1583 Κύριον
2464 1514 2573 1583 τῆς
2602 1515 2786 1582 δόξης
2827 1518 3243 1583 ἐσταύρωσαν.

2220 1660 2225 1663 .
2284 1607 2365 1661 54.
2411 1609 2620 1679 Ὥσπερ
2645 1605 2737 1662 οῦν
2764 1609 2818 1661 εἴ
2836 1627 2921 1673 τις
2956 1611 3187 1682 ἀόρατον
3221 1612 3350 1665 ὅντα
3392 1614 3458 1682 τῇ
3499 1610 3663 1680 φύσει
3701 1611 3795 1663 τὸν

2211 1700 2341 1754 Θεὸν
2358 1702 2449 1754 καὶ
2475 1701 2597 1771 μηδ’
2624 1701 2761 1765 ὅλως
2780 1702 3053 1774 ὁρώμενον
3083 1703 3258 1757 ἐθέλοι
3284 1707 3416 1776 ὁρᾷν
3435 1745 3449 1769 ,
3468 1707 3533 1757 ἐκ
3562 1704 3674 1758 τῶν
3707 1702 3795 1775 ἐρ-

2210 1809 2324 1861 γων
2358 1792 2521 1846 αὑτὸν
2542 1793 2795 1861 γινώσκει
2824 1795 2917 1848 καὶ
2956 1796 3363 1867 καταλαμϐάνει
3387 1813 3401 1827 ο
3449 1795 3625 1859 οὕτως
3653 1797 3682 1847 ὁ
3718 1797 3794 1866 μὴ

2213 1883 2354 1955 ὁρῶν
2378 1887 2445 1954 τῇ
2469 1883 2676 1955 διανοίᾳ
2703 1886 2795 1938 τὸν
2823 1887 3076 1956 Χριστὸν,
3122 1886 3225 1940 κᾶν
3262 1887 3338 1957 (4)
3364 1889 3429 1949 ἐκ
3473 1887 3584 1940 τῶν
3616 1886 3795 1958 ἔργων
3830 1958 3831 1961 η

2214 1973 2306 2028 τοῦ
2355 1974 2608 2044 σώματος
2660 1976 3124 2047 καταλαμϐανέτω
3158 1976 3364 2039 τοῦτον,
3424 1980 3521 2031 καὶ
3572 1977 3795 2047 δοκιμα-

2216 2066 2358 2130 ζέτω
2395 2068 2444 2120 εἰ
2473 2067 2788 2140 ἀνθρώπινά
2820 2070 3025 2139 ἐστινῆ
3066 2068 3242 2132 Θεοῦ;
3278 2070 3372 2122 καὶ
3410 2068 3505 2122 ἐὰν
3553 2069 3654 2139 μὲν
3700 2070 3796 2122 ἀν-

2216 2157 2463 2228 θρώπινα
2488 2156 2545 2231 ᾖ,
2577 2159 2881 2230 χλευαζὲτω
2903 2178 2914 2189 ·
2962 2162 3009 2212 εί
3040 2161 3096 2212 δὲ
3144 2160 3216 2231 μὴ
3260 2159 3582 2231 ἀνθρώπινά
3623 2163 3792 2222 ἐστιν,

2215 2251 2351 2305 ἀλλά
2381 2253 2538 2317 Θεοῦ,
2573 2252 2884 2320 γινωσκέτω
2922 2254 3017 2305 καὶ
3037 2254 3109 2323 μὴ
3136 2253 3349 2321 γελάτω
3370 2253 3444 2321 (5)
3468 2253 3535 2305 τά
3559 2252 3796 2322 ἀχλεύα-

2218 2360 2316 2397 στα
2336 2361 2349 2374 ⁸
2383 2343 2518 2397 ἀλλὰ
2549 2345 2746 2414 μᾶλλον
2778 2344 3123 2414 θαυμαζέτω,
3150 2345 3230 2397 ὅτι
3255 2344 3341 2397 διὰ
3373 2344 3617 2398 τοιούτου
3655 2346 3798 2415 πρά-

2216 2454 2423 2507 γματος
2478 2436 2728 2500 εὐτελοῦς
2785 2437 2853 2490 τὰ
2896 2436 3015 2490 θεῖα
3050 2439 3184 2507 ἡμῖν
3237 2437 3648 2509 πεφανέρωται,
3702 2438 3798 2489 καὶ

2215 2529 2303 2583 διὰ
2321 2531 2414 2583 τοῦ
2447 2530 2735 2601 θανάτουή
2769 2530 3037 2584 ἀθανασία
3064 2532 3142 2594 είς
3183 2531 3391 2594 πάντας
3430 2530 3665 2599 ἔφθασε,
3701 2530 3797 2581 καὶ

2215 2622 2301 2675 διὰ
2328 2621 2937 2694 ἧςιένανθρωπήσεως
2983 2620 3075 2674 τοῦ
3116 2622 3287 2690 Λόγου
3340 2623 3372 2691 ἡ
3418 2621 3528 2673 τῶν
3575 2621 3796 2673 πάντων

2216 2688 2739 2785 ἐγνώσθηλπρνόχέια,
2754 2688 2844 2766 καὶ
2875 2715 2904 2766 ὁ
2933 2712 3134 2784 ταύτης
3158 2688 3390 2783 χορηγὸς
3420 2710 3516 2763 καὶ
3535 2710 3797 2779 δημιουρ-

2215 2804 2310 2873 γὸς
2337 2804 2495 2867 αὐτὸς
2528 2805 2556 2856 ό
2580 2804 2672 2857 τοῦ
2696 2803 2828 2857 Θεοῦ
2865 2804 3053 2874 Λόγος.
3084 2803 3255 2865 Αὐτὸς
3282 2801 3393 2874 γὰρ
3433 2801 3795 2873 ὲνηνθρὼπη-
3828 2862 3877 2879 ηε

2218 2914 2327 2961 σεν,
2364 2896 2451 2950 ἵνα
2483 2899 2640 2967 ἡμεῖς
2677 2896 3128 2985 θεῳποιηθῶμεν·
3171 2895 3265 2948 καί
3312 2894 3474 2957 αὐτὸς
3516 2894 3796 2964 ἐφανέρω-
3852 2912 3895 2957 ‘3

2218 3006 2307 3041 σεν
2338 2988 2524 3041 ἑαυτὸν
2556 2988 2642 3041 διὰ
2666 2987 2913 3057 σώματος
2933 3026 2947 3051 ,
2980 2988 3064 3040 ἵνα
3095 2987 3252 3057 ἡμεῖς
3287 2986 3380 3038 τοῦ
3407 2985 3646 3057 ἀοράτου
3681 2987 3795 3037 Πα-

2213 3080 2340 3151 τρὸς
2365 3080 2573 3133 ἔννοιαν
2592 3079 2841 3149 λάϐωμεν
2860 3096 2874 3110 ⁸
2911 3080 3003 3132 καὶ
3030 3079 3192 3142 αὐτὸς
3235 3078 3496 3148 ὑπέμεινε
3535 3078 3636 3149 τὴν
3666 3078 3795 3146 παρ’

548 3145 665 3211 ipse
712 3144 939 3211 injurias
967 3147 1066 3200 sibi
1117 3146 1185 3201 ab
1212 3149 1516 3205 hominibus
1545 3152 1721 3206 illatas
1747 3156 2023 3223 sustinuit,
2057 3168 2114 3211 ιιι

2217 3144 2514 3243 ἀνθρώπων
2537 3171 2611 3243 (6)
2644 3144 2831 3242 ὓϐριν,
2863 3172 2947 3223 ἵνα
2991 3173 3151 3241 ἡμεῖς
3196 3144 3495 3223 ἀθανασίαν
3535 3144 3799 3251 11399;):-

552 3250 653 3289 nos
683 3235 1103 3293 immortalitatis
1142 3240 1382 3295 haeredes
1420 3243 1843 3300 institueremur.
1870 3246 2001 3302 Nam
2028 3249 2115 3305 ille

549 3327 767 3395 quidem
802 3329 933 3382 nihil
963 3330 1278 3398 lsedebatur,
1309 3335 1505 3403 quippe
1537 3338 1628 3405 qui
1652 3352 1751 3391 nec
1782 3339 1892 3407 pati
1918 3340 2119 3410 aliquid

552 3431 650 3472 nec
680 3420 950 3489 corrumpi
1008 3433 1210 3489 posset,
1246 3426 1340 3479 sed
1381 3427 1552 3495 ipsum
1591 3426 1823 3484 Verbum
1871 3441 1925 3486 et
1978 3432 2120 3489 Deus

551 3518 695 3562 esset
731 3527 745 3563 :
778 3522 831 3563 at
861 3512 1001 3565 male
1034 3513 1257 3570 allectos
1306 3518 1570 3583 homines,
1636 3533 1856 3591 propter
1902 3540 2037 3595 quos
2064 3537 2120 3582 et

551 3600 653 3652 ista
682 3602 1010 3670 perferebat,
1041 3604 1093 3658 iu
1127 3622 1246 3670 sua,
1275 3618 1340 3661 ut
1363 3610 1433 3663 ita
1458 3611 1658 3677 dicam,
1691 3614 2120 3685 impossibilitate

552 3692 662 3763 76
686 3695 1026 3749 custodiebat
1050 3707 1104 3750 et
1130 3703 1508 3757 conservabat.
1558 3706 1775 3761 Demnm
1815 3720 1893 3765 tot
1917 3723 1970 3765 et
2004 3724 2121 3767 tau-

552 3795 604 3837 ta
638 3796 784 3849 sunt,
821 3802 942 3856 quae
975 3789 1244 3859 Salvator,
1310 3793 1539 3849 humana
1593 3810 1783 3854 natura
1824 3817 2116 3874 assumpta,

552 3875 810 3942 praeclare
854 3880 1042 3947 gessit,
1080 3892 1136 3934 ut
1168 3885 1209 3936 si
1256 3885 1375 3952 quis
1396 3902 1456 3940 ea
1487 3903 1743 3946 enarrare
1779 3894 1956 3960 vellet,
1981 3897 2117 3952 idem

556 3967 799 4036 profecto
821 3980 1006 4038 ageret
1032 3987 1096 4026 ac
1128 3974 1172 4027 si
1204 3976 1326 4044 quis
1358 3981 1521 4033 maris
1545 3982 1958 4041 imtnensitatem
1985 4005 2118 4043 con-

554 4069 734 4123 tuens.
769 4060 884 4128 ejus
911 4063 1103 4118 ﬂuctus
1138 4067 1295 4121 vellet
1321 4086 1623 4127 numerare.
1663 4074 1729 4128 Ut
1757 4080 1899 4137 enim
1931 4095 2120 4135 omnes

551 4150 720 4203 maris
747 4149 937 4205 ﬂuctus
956 4154 1127 4208 oculis
1154 4171 1258 4210 non
1293 4170 1515 4226 possunt
1543 4166 1946 4233 comprehendi,
1976 4172 2118 4239 quod

551 4240 675 4292 novi
708 4240 812 4294 sibi
837 4256 1049 4311 semper
1076 4250 1427 4305 succedentes
1478 4268 1693 4308 sensum
1742 4256 1860 4324 ejus
1882 4261 1971 4328 qui
2004 4262 2120 4317 illos

551 4344 838 4387 numerare
885 4348 1174 4389 conaretur
1227 4338 1432 4407 fugiant
1486 4360 1499 4396 :
1556 4344 1626 4397 ita
1656 4348 1745 4414 qui
1793 4352 1972 4403 omnia
2001 4367 2120 4420 qua:

550 4420 797 4477 Christus
825 4425 877 4478 in
923 4441 1151 4497 corpore
1181 4429 1307 4485 fecit
1336 4435 1616 4501 percipere
1652 4444 2025 4505 contenderet,
2054 4460 2120 4499 ne

2222 3187 2514 3243 ανυρωπων
2537 3187 2611 3243 (ο)
2644 3187 2831 3242 υοριν,
2866 3188 2947 3223 ινα
2991 3187 3151 3241 ημεις
3196 3187 3495 3223 αυανασιαν
3535 3187 3823 3293 κλῃρῃζ

2222 3268 2496 3335 μήσωμεν.
2537 3263 2860 3317 Ἐϐλάπτετο
2900 3263 2997 3334 μὲν
3024 3262 3132 3333 γάρ
3156 3262 3318 3325 αὐτὸς
3346 3262 3533 3327 οὐδὲν,
3560 3250 3799 3335 ﬁnes;
3824 3294 3829 3321 ε

2222 3312 2496 3335 r't'"r""
2553 3312 2855 3317 —""'"""
2900 3312 3123 3345 ι-τν-,ο--ιί
3160 3312 3315 3325 ἠν-υ
3356 3312 3489 3327 ""r
3517 3312 3533 3325 ν
3584 3312 3611 3314 -ί

2218 3358 2314 3409 καὶ
2364 3355 2638 3427 ἄφθαρτος
2686 3356 2777 3408 καὶ
2814 3355 3127 3423 Αὐτολόγος
3157 3355 3231 3407 ὢν
3259 3356 3350 3407 καὶ
3386 3354 3520 3417 Θεὸς
3540 3312 3799 3417 ’Έῦῗδξ

2220 3448 2523 3518 πάσχοντας
2548 3445 2884 3525 ἀνθρώπους,
2919 3445 2985 3498 δι’
3019 3445 3111 3508 οὒς
3143 3447 3233 3498 καὶ
3277 3444 3447 3498 ταῦτα
3479 3446 3798 3515 ὑπέμεινεν,

2219 3541 2277 3593 ἐν
2306 3544 2372 3610 τῇ
2405 3526 3068 3615 ἐαυτοῦξάπαθείᾷᾐτὴρει
3100 3538 3193 3591 καὶ
3232 3537 3477 3601 διέσωζε.
3516 3538 3631 3591 Καὶ
3662 3538 3802 3601 ὅλως

2217 3632 2284 3685 τά
2320 3622 3115 3703 κατορθώματίαντοῦΣωτῆρος
3150 3629 3220 3681 τά
3253 3630 3341 3682 διὰ
3381 3631 3482 3701 τῆς
3518 3631 3799 3703 ἐνανθρω-

2220 3723 2437 3791 πήσεως
2464 3721 2624 3774 αὑτοῦ
2650 3719 2913 3789 γενόμενα
2954 3719 3174 3772 τοιαῦτα
3215 3720 3310 3773 καὶ
3346 3720 3592 3774 τοσαῦτά
3627 3723 3801 3781 ἐστιν,

2218 3810 2254 3864 ἀ
2278 3812 2325 3863 εί
2356 3809 2717 3880 διηγήσασθαί
2745 3826 2827 3868 τις
2854 3808 3182 3880 ἐθελήσειεν,
3207 3810 3346 3862 ἔοικε
3377 3813 3491 3873 τοῖς
3518 3812 3801 3883 ἀφορῶσιν

2219 3906 2297 3966 εἰς
2319 3903 2377 3955 τὸ
2409 3904 2643 3971 πέλαγος
2667 3905 2764 3973 τῆς
2790 3901 3063 3972 θαλάσσης
3083 3942 3096 3964 ,
3128 3904 3221 3955 καὶ
3264 3902 3505 3957 θέλουσιν
3540 3905 3801 3975 ἀριθμεῖν

2218 3996 2286 4049 τά
2324 3997 2541 4066 κύματα
2575 3997 2762 4066 αὐτῆς.
2812 3996 2900 4058 Ὠς
2936 3995 3044 4066 γὰρ
3083 3996 3144 4047 οὐ
3179 3995 3402 4049 δύναται
3440 4000 3555 4059 τοῖς
3595 3997 3798 4066 ὀφθαλ-

2224 4092 2342 4159 μοῖς
2379 4088 2689 4159 περιλαϐεῖν
2718 4089 2787 4141 τὰ
2833 4088 2930 4141 ὅλα
2965 4087 3216 4159 κύματα,
3264 4089 3373 4141 τῶν
3412 4091 3801 4161 ἐπερχομένων

2221 4181 2527 4251 παριόντων
2568 4181 2645 4250 (7)
2684 4181 2781 4251 τὴν
2815 4180 3064 4254 αἴσθησιν
3106 4180 3197 4233 τοῦ
3235 4180 3625 4253 πειράζοντος·
3658 4184 3799 4236 οὕτω

2224 4272 2318 4325 καὶ
2343 4272 2422 4343 τῷ
2453 4272 2757 4343 βουλομένῳ
2788 4275 2962 4325 πάντα
2988 4274 3055 4326 τὰ
3094 4275 3149 4325 ἐν
3179 4272 3388 4343 σώματι
3426 4275 3523 4327 τοῦ
3560 4276 3797 4347 Χριστοῦ

2221 4362 2616 4434 κατορθώματα
2650 4364 2959 4435 περιλαϐεῖν
2982 4364 3237 4417 ἀδύνατον
3258 4365 3323 4418 τὰ
3356 4365 3451 4417 ὅλα
3477 4366 3585 4419 κᾶν
3614 4368 3691 4437 τῷ
3714 4366 3800 4419 lo-

2220 4453 2400 4523 γισμῷ
2415 4453 2686 4519 δέξασθαι,
2703 4454 2961 4508 πλειόνων
2977 4456 3144 4508 ὄντων
3169 4456 3277 4507 τῶν
3295 4458 3605 4526 παριόντων
3634 4458 3797 4511 αὑτοῦ

548 4517 873 4581 cogitatione
914 4522 1126 4589 quidem
1158 4540 1220 4579 ea
1269 4539 1448 4595 posset
1477 4531 1782 4600 complecti,
1817 4550 1938 4588 cum
1968 4536 2116 4605 plura

2224 4517 2425 4615 (8)
2453 4517 2768 4616 ἐνθύμησιν,
2804 4540 2880 4599 ὧν
2911 4546 3073 4609 αὐτὸς
3101 4546 3310 4617 νομίζει
3358 4517 3794 4621 περιειληφέναι.

552 4620 786 4664 mentem
815 4612 930 4681 ejus
969 4619 1307 4684 przeterirent
1335 4637 1496 4690 quam
1523 4639 1644 4693 quae
1668 4627 2004 4683 intellexisse
2030 4645 2116 4684 ar-

551 4701 862 4758 bitraretur.
901 4707 1085 4763 Satius
1137 4722 1218 4764 est
1265 4713 1427 4783 igitur
1452 4732 1556 4771 non
1606 4720 1671 4774 de
1700 4722 1949 4777 omnibus
1974 4723 2117 4780 velle

551 4791 730 4882 dicere
755 4808 981 4861 quorum
1017 4813 1081 4852 ne
1101 4815 1224 4868 pars
1245 4806 1456 4871 quidem
1481 4808 1639 4876 digne
1659 4820 1834 4878 potest
1864 4814 2112 4882 exprimi.

549 4880 887 5030 Qqulrtépter
918 4889 1076 4944 unius
1104 4892 1279 4949 adhuc
1312 4898 1621 4955 meminisse
1677 4901 1879 4972 tibique
1918 4880 2113 4959 cuncta

787 4993 868 5030 or.
908 4994 968 5030 ιι.
993 4982 1048 5030 8-

787 4993 868 5032 or.
908 4994 968 5044 ll,
993 4982 1048 5036 8.

623 5066 834 5152 (4)”Sic
870 5071 1035 5152 Basil.
1067 5082 1121 5152 et
1149 5072 1375 5152 Seguerh.
1409 5087 1570 5152 atque
1599 5078 1856 5152 itanetiam
1876 5081 2122 5152 legerunt

549 5137 1576 5219 Ortinibonus_e.t_Antbrosins_Camald.
1595 5148 1697 5200 Alii
1733 5165 1859 5206 vero
1889 5137 2120 5219 etuediti,

546 5207 673 5271 ⁸καί.
722 5210 834 5289 Mos
881 5212 1011 5289 ibid.
1051 5229 1146 5282 pro
1168 5215 1653 5286 καταλαμϐανέτω,
1691 5220 1918 5289 Seguer.
1962 5207 2124 5279 habet

553 5294 691 5331 κατα
699 5281 1033 5349 μανθανέτω.

623 5348 705 5428 (5)
734 5350 1112 5428 Cotjlerianys,
1157 5362 1211 5428 et
1253 5352 1614 5428 Felckmanni
1648 5358 1672 5411 l
1713 5373 2036 5428 anonymus,
2076 5366 2124 5417 el

547 5418 720 5495 deos,
757 5420 891 5474 ἀλλὰ
905 5421 1039 5495 Θεοῦ
1069 5423 1411 5491 γινώσκεται,
1440 5426 1514 5495 μὴ
1540 5426 1750 5492 γελάτω
1778 5418 1881 5482 ειοῖ
1923 5418 2121 5487 Ibidem

552 5488 846 5567 quiante
899 5488 1106 5567 μᾶλλονΔ
1135 5488 1469 5567 τεειίριιιιιιιὶι
1504 5488 1581 5549 ex
1612 5513 1770 5567 intss.
1804 5499 2120 5567 Attglieano,

556 5510 686 5542 αΑΛα
720 5510 846 5544 aute
942 5510 1097 5546 αΑΛον
1135 5510 1469 5548 resututnttts
1515 5510 1581 5549 ex
1639 5513 1770 5554 mss.
1804 5510 2120 5567 Atlgltcattn,

556 5558 856 5637 llasiliensi,
893 5510 1237 5626 Eobleriano,
1276 5563 1622 5620 Felckmanni
1665 5566 1717 5632 l,
1751 5584 2041 5637 anonymo,
2068 5585 2121 5626 et

555 5629 902 5695 Segneriano.

626 5697 813 5765 t6)Sic
840 5698 1222 5771 Segnerianus.
1264 5701 1639 5767 Coblerlantts,
1667 5714 1721 5759 et
1770 5706 2114 5771 Felckmanni

556 5766 581 5819 l
619 5780 935 5834 auonymus.
966 5770 1065 5822 Alii
1102 5786 1227 5824 vero
1254 5783 1306 5826 et
1333 5774 1497 5829 editio
1518 5766 1776 5830 Contine].
1807 5768 2117 5851 ιιειιιυιιιτὴν

2222 4634 2453 4688 Κάλλιον
2477 4633 2568 4689 οὖν
2602 4637 2675 4707 μὴ
2724 4636 2859 4707 πρὸς
2896 4637 2964 4689 τά
3007 4638 3105 4691 ὅλα
3140 4638 3213 4706 (9)
3254 4640 3547 4710 ἀφορῶντα
3598 4643 3795 4710 λέγειν,

2221 4719 2295 4779 ὧν
2343 4726 2460 4781 οὐδὲ
2516 4728 2680 4799 μέρος
2710 4728 2939 4795 ἐξειπεῖν
2985 4747 3068 4792 τις
3112 4729 3349 4792 δύναται,
3397 4732 3513 4784 ἀλλ’
3552 4734 3633 4786 ἔτι
3683 4736 3797 4796 ἐνὸς

2224 4818 2524 4890 μνησθῆναι
2579 4822 2673 4873 καὶ⁸
2722 4821 2803 4874 σοὶ
2851 4822 3167 4875 καταλιπεῖν
3211 4823 3278 4875 τά
3325 4824 3422 4876 ὅλα
3470 4824 3797 4896 θαυμάζειν.

2219 4908 2401 4963 Πάντα
2426 4911 2533 4983 γὰρ
2572 4911 2767 4981 ἐπίσης
2798 4911 2908 4982 ἔχει
2936 4913 2996 4965 τὸ
3023 4913 3228 4984 θαῦμα,
3268 4915 3360 4967 καὶ
3397 4916 3520 4969 ὅποι
3546 4917 3592 4970 δ’
3623 4920 3688 4971 ἄν
3717 4933 3795 4979 tt;

2226 5090 2465 5153 πάντων,
2502 5102 2560 5145 ιιι
2604 5102 2657 5145 et
2688 5094 2930 5157 legerunt
2977 5092 3313 5151 Omnibonus
3365 5107 3420 5150 et
3452 5098 3795 5156 Ambrosius.

2226 5159 2343 5246 M'ox
2410 5178 2506 5229 pro
2565 5163 2862 5217 ἀθανασίαν
2946 5168 3308 5235 Segueriauns
3358 5169 3524 5222 habet
3589 5171 3799 5243 ἀφθαρ-

2229 5247 2368 5283 σιαν.

2302 5301 2377 5369 (7)
2410 5301 2757 5370 Anglicanus.
2792 5303 3136 5358 πλανώντων.

2303 5372 2378 5445 (8)
2429 5372 2517 5424 Sic
2550 5372 2908 5445 Anglicanus.
2950 5374 3263 5429 Basiliensis
3311 5386 3366 5430 et
3404 5376 3792 5445 Seguerianus.

2228 5441 2486 5514 Aliivero
2512 5441 2744 5514 etpediti,
2774 5442 2941 5514 αὐτῷ.

2302 5510 2375 5577 (9)
2424 5510 2786 5587 Sic__(_lo_bler.
2821 5510 3021 5587 ,r‘enk.
3059 5515 3083 5567 1
3120 5530 3282 5587 anon.
3335 5526 3389 5569 et
3428 5516 3658 5587 St‘gllt‘l‘.
3688 5521 3787 5572 Alii

2228 5594 2354 5633 vero
2382 5589 2430 5631 et
2460 5581 2614 5643 editi,
2640 5582 2788 5636 ὄντα.
2819 5583 2977 5638 Iidem
3018 5601 3144 5639 mss.
3191 5585 3406 5641 Gobler.
3473 5581 3713 5643 Peli-km.
3773 5591 3787 5641 l

2227 5664 2389 5702 anon.
2428 5660 2496 5728 et_
2514 5652 2735 5720 Seguer.
2764 5655 2918 5727 paulo
2939 5664 3083 5723 post,
3110 5672 3205 5725 pro
3225 5658 3562 5727 μνησθῆναι,
3600 5662 3795 5714 habent

2228 5735 2613 5789 μνημονευσαι.
