4006 6502
218 351 308 407 196
1202 337 1463 396 ORATIO
1500 336 1588 392 DE
1624 333 2143 394 INCARNATIONE
2182 333 2407 391 VERBI.
3342 333 3445 389 IN

214 460 494 531 ἀποϐλέψῃ,
518 458 732 513 ἐκεῖθεν
754 458 848 513 τοῦ
881 459 1050 527 Λόγου
1076 456 1171 528 τὴν
1200 456 1451 526 θειότητα
1500 454 1612 525 (10)
1645 454 1762 524 βλέο
1792 509 1796 520 η

1866 465 2062 509 caetera
2105 455 2422 508 admiranda
2452 452 2758 522 relinquere
2784 463 3073 509 contentus
3102 468 3215 509 ero.
3256 453 3442 524 Siqui-

220 572 320 607 πων
347 551 868 623 ὑπερεκπλήττεται.

1868 547 1988 600 dem
2013 546 2193 600 omnia
2225 544 2344 613 pari
2377 545 2734 598 admiratione
2766 545 2923 613 digna
2951 554 3099 614 sunt,
3132 556 3185 600 et
3208 562 3445 625 quocun-

220 661 311 715 que
333 645 449 712 quis
479 657 539 697 se
565 644 920 709 converterit,
952 642 1111 697 Verbi
1149 642 1481 697 divinitatem
1530 640 1602 695 ibi
1656 639 1988 712 perspiciens
2012 655 2116 694 non
2146 648 2319 708 petest
2347 638 2476 709 quin
2502 639 2866 708 Obstupescat.

272 802 352 857 55.
392 801 560 854 Τοῦτο
591 799 688 856 οὗν
724 802 863 873 μετὰ
906 805 973 857 τὰ
1025 805 1393 876 προειρημένα
1429 807 1766 876 καταμαθεῖν

1939 803 2027 858 55.
2060 804 2202 858 Istud
2228 803 2390 871 igitur
2414 814 2533 874 post
2552 821 2613 859 ea
2645 820 2762 873 qua:
2788 805 3132 876 exposuimus
3157 816 3207 861 te
3236 808 3440 864 discere

219 896 311 964 (ll)
345 912 399 946 σε
434 894 584 959 ἄξιόν
628 897 749 947 ἐστι
790 898 882 949 καὶ
927 897 1001 961 ὡς
1055 897 1225 968 ἀρχὴν
1265 897 1373 950 τῶν
1414 898 1511 970 ήδη
1551 898 1768 968 λεχθέν-

1868 897 2142 963 convenit,
2178 905 2338 965 atque
2370 906 2428 951 ut
2458 908 2614 966 caput
2636 899 2873 952 omnium
2912 914 3031 968 qua:
3066 899 3323 956 hactenus
3356 903 3440 957 di-

218 999 307 1034 των
334 982 513 1034 θέσθαι
539 1021 554 1045 ,
588 984 687 1035 καὶ
728 984 1001 1054 Θαυμάσαι
1029 984 1149 1038 λίαν
1168 1027 1183 1049 ,
1218 986 1300 1038 ὅτι
1326 1025 1340 1048 ,
1380 986 1474 1038 τοῦ
1509 987 1764 1057 Σωτῆρος

1868 994 1952 1039 cta
1976 996 2100 1038 sunt
2132 985 2351 1048 habere,
2396 1001 2459 1041 ac
2512 988 2856 1041 vehementer
2902 988 3109 1053 mirari,
3138 991 3277 1053 quod
3325 1002 3446 1059 post

217 1075 644 1143 ἐπιδημήσαντος,
674 1075 773 1127 ούκ
799 1074 876 1126 ἐτι
901 1075 999 1144 μὲν
1020 1073 1254 1145 ηὔξησεν
1276 1079 1308 1147 ἡ
1334 1076 1762 1146 εἰδωλολατρεία,

1874 1076 2170 1131 Salvatoris
2217 1078 2503 1130 adventum
2539 1093 2644 1131 non
2684 1078 2910 1147 amplius
2952 1080 3183 1133 creverit
3230 1080 3444 1136 idolola-

216 1165 295 1217 καὶ
320 1166 348 1235 ή
378 1160 510 1217 οὖσα
526 1165 583 1217 δὲ
608 1164 950 1227 ἐλαττοῦται,
972 1165 1064 1217 καὶ
1090 1164 1197 1235 (12)
1227 1167 1343 1217 κατ’
1370 1166 1549 1233 ὀλίγον
1596 1165 1767 1219 παύε-

1874 1167 1976 1221 tria
2026 1166 2165 1220 :sed
2194 1181 2313 1235 qua:
2354 1178 2488 1233 erat,
2535 1169 2774 1223 imminui
2823 1170 3048 1236 cmperit
3079 1186 3141 1225 ac
3184 1172 3441 1241 paulatim

217 1273 316 1309 ται·
346 1258 433 1308 xai
460 1257 562 1308 οῦκ
587 1256 671 1309 ἔτι
727 1257 822 1325 μὲν
852 1259 884 1328 ἡ
921 1257 1184 1327 Ἐλλήνων
1242 1259 1401 1326 σοφία
1446 1260 1762 1330 προκόπτει,

1874 1259 2115 1313 deﬁciat.
2158 1257 2347 1313 Nullos
2372 1258 2495 1312 item
2526 1261 2751 1328 amplius
2790 1276 3105 1330 progressus
3134 1264 3291 1337 habet
3321 1279 3445 1332 gen-

216 1350 293 1401 καὶ
321 1350 351 1418 ή
393 1346 523 1403 οὖσα
550 1351 611 1403 δὲ
643 1349 830 1404 λοιπὸν
878 1350 1196 1419 ἀφανίζεται
1220 1366 1235 1381 ⁶
1265 1352 1359 1404 καὶ
1390 1352 1641 1421 δαίμονες
1672 1354 1771 1423 μὲν

1874 1349 2046 1403 tilium
2078 1349 2341 1419 sapientia
2372 1368 2385 1403 :
2414 1351 2506 1403 sed
2538 1351 2732 1419 potius,
2758 1367 2876 1420 qua:
2898 1360 3053 1405 antea
3082 1364 3217 1417 erat,
3240 1356 3441 1409 sensim

213 1443 292 1494 οὐκ
311 1442 380 1493 ἔτι
407 1443 741 1511 φαντασίαις
774 1443 866 1494 καὶ
894 1441 1171 1512 μαντείαις
1203 1445 1297 1497 καὶ
1337 1444 1591 1514 μαγείαις
1630 1445 1767 1498 ἀπα-

1875 1441 2175 1495 evanescit.
2210 1439 2488 1495 Neminem
2526 1456 2739 1510 quoque
2766 1441 2876 1509 jam
2919 1445 3191 1499 da‘mones
3234 1446 3444 1515 praesti-

212 1532 342 1594 τῶσι,
400 1532 567 1603 μόνον
632 1533 691 1586 δὲ
730 1531 1033 1602 τολμῶντες
1071 1534 1165 1587 καὶ
1196 1532 1595 1603 ἐπιχειροῦντες
1636 1550 1772 1586 κατ-

1874 1532 1997 1598 giis,
2038 1532 2277 1585 oraculis
2308 1541 2400 1585 aut
2436 1534 2853 1587 incantamentis
2881 1534 3151 1602 decipiunt
3183 1554 3197 1589 :
3229 1539 3321 1590 sed
3354 1537 3438 1592 vel

210 1624 537 1693 αισχύνονται
568 1624 650 1696 τῷ
682 1626 893 1695 σημείῳ
920 1626 1012 1678 τοῦ
1054 1624 1305 1696 σταυροῦ.
1332 1626 1441 1677 Καὶ
1475 1624 1792 1696 συλλήϐδηνΙ

1876 1624 1927 1677 id
1981 1624 2153 1676 solum
2208 1632 2480 1677 tentantes
2521 1632 2577 1676 et
2637 1626 3033 1693 aggredientes.
3074 1626 3225 1693 signo
3266 1629 3444 1683 crucis

210 1718 375 1778 είπεῖν,
408 1716 615 1787 θεώρει
662 1716 782 1780 πῶς
821 1719 854 1785 ἡ
902 1718 999 1787 μὲν
1040 1716 1135 1769 τοῦ
1174 1716 1423 1788 Σωτῆρος
1456 1697 1792 1769 διδασκαλία)

1874 1713 2297 1768 confunduntur.
2347 1715 2429 1779 Et,
2488 1723 2545 1767 ut
2596 1717 2903 1768 summatim
2971 1715 3166 1784 dicam,
3232 1720 3446 1775 attende

190 1801 453 1876 ’πανταχοῦ
504 1806 695 1871 αὔξει·
746 1809 891 1861 πᾶσα
944 1808 1000 1861 δὲ
1050 1808 1458 1881 εἰδωλολατρεία
1490 1810 1584 1861 καὶ
1632 1808 1770 1861 πάν-

1875 1803 2145 1872 quomodo
2199 1801 2497 1857 Salvatoris
2560 1806 2775 1873 quidem
2837 1805 3081 1859 doctrina
3128 1823 3226 1876 per
3275 1818 3442 1863 totum

209 1913 262 1948 τα
280 1898 339 1949 τὰ
368 1898 769 1969 ἐναντιούμενα
809 1902 875 1970 τῇ
905 1900 1139 1971 Χριστοῦ
1184 1901 1363 1954 πίστει
1404 1901 1525 1955 καθ’
1556 1903 1769 1973 ἡμέραν

1876 1903 2141 1948 terrarum
2176 1896 2359 1949 orbem
2389 1894 2719 1949 dilI'undatnr
2747 1914 2761 1951 :
2792 1909 2981 1951 contra
3005 1904 3207 1964 autem,
3238 1900 3448 1955 univer-

209 1990 499 2045 ἐλαττοῦται
525 1994 623 2045 xai
654 1992 930 2059 ἐξασθενεῖ
951 1994 1044 2045 καὶ
1067 1993 1271 2045 πίπτει.
1298 1993 1452 2046 Οῦτω
1474 1993 1531 2046 δὲ
1551 1993 1770 2065 θεωρῶν

1872 2000 1931 2039 sa
1984 1985 2282 2040 idololatria
2310 1994 2363 2041 et
2387 1987 2647 2056 quidquid
2680 1988 2883 2042 Christi
2936 1991 3056 2044 ﬁdei
3100 1991 3442 2057 adversatur,

210 2083 478 2152 προσκύνει
535 2083 637 2152 μὲν
683 2083 777 2135 τὸν
833 2084 925 2136 ἐπὶ
972 2083 1186 2136 πάντων
1224 2084 1451 2153 Σωτῆρα
1490 2086 1584 2139 καὶ
1614 2084 1771 2138 δυνα-

1872 2077 2113 2143 quotidie
2140 2078 2860 2149 decrescatdebiliteturque
2882 2087 2937 2133 et
2958 2081 3136 2135 cadat.
3169 2082 3297 2149 Qua:
3320 2098 3442 2138 cum

207 2173 280 2226 τὸν
300 2176 424 2229 Θεὸν
460 2177 644 2244 Λόγον
665 2193 679 2206 ·
712 2176 1083 2243 καταγίνωσκε
1127 2176 1185 2227 δὲ
1233 2176 1339 2229 τῶν
1366 2176 1770 2247 ἐλαττουμένων

1871 2169 2045 2233 vides,
2070 2167 2402 2222 Salvatorem
2461 2170 2701 2223 omnium
2727 2169 3010 2224 Dominum
3048 2182 3102 2226 et
3131 2176 3443 2243 potentissi-

210 2268 284 2320 καὶ
314 2269 734 2339 ἀφανιζομένων
769 2269 859 2320 ὑπ’
885 2268 1068 2321 αὑτοῦ.
1112 2268 1197 2331 Ὠς
1226 2268 1333 2338 γάρ
1369 2269 1522 2340 ήλίου
1563 2268 1769 2338 παῴν-

1872 2275 2017 2313 mum
2051 2260 2143 2314 Dei
2175 2258 2427 2343 Verbum,
2459 2262 2623 2315 adora
2654 2280 2667 2316 :
2697 2277 2789 2318 eos
2832 2273 3008 2317 autem
3033 2280 3168 2333 quos
3196 2266 3283 2319 ille
3310 2267 3445 2321 deli-

208 2376 278 2421 τος
303 2361 393 2412 ούκ
439 2362 532 2412 ἔτι
582 2359 644 2412 τὸ
688 2360 876 2422 σκότος
903 2359 1095 2427 ἰσχύει,
1130 2359 1268 2412 ἀλλὰ
1309 2360 1402 2412 καὶ
1430 2360 1484 2411 εἴ
1530 2360 1630 2412 πού
1657 2362 1770 2413 ἐστι

1873 2364 1996 2403 cere
2020 2358 2076 2403 et
2120 2364 2444 2404 evanescere
2478 2351 2621 2419 cogit
2677 2367 2870 2421 sperne
2896 2368 2958 2407 ac
2984 2354 3166 2423 rejice.
3206 2355 3274 2410 Ut
3298 2357 3441 2412 enim

208 2450 643 2519 περιλειπόμενον
687 2448 1081 2502 ἀπελαύνεται·
1129 2448 1301 2512 οὕτως
1360 2449 1620 2520 ἐλθούσης
1672 2450 1771 2521 τῆς

1872 2442 1985 2497 sole
2017 2452 2302 2512 praesente,
2346 2442 2488 2495 nulla
2519 2443 2750 2511 amplius
2776 2444 2855 2497 vis
2887 2454 2967 2498 est
2988 2446 3243 2512 tenebris,
3275 2449 3367 2503 sed
3396 2450 3441 2504 si

207 2537 332 2603 θείας
356 2540 691 2609 ἐπιφανείας
710 2540 803 2593 τοῦ
828 2539 961 2593 Θεοῦ
996 2540 1189 2608 Λόγου,
1218 2542 1315 2593 ούκ
1353 2541 1432 2593 ἔτι
1464 2542 1562 2611 μὲν
1600 2540 1771 2610 ἰσχύει

1874 2549 1993 2602 qua:
2020 2533 2386 2603 Super-fuerint
2424 2534 2799 2603 expelluntur:
2836 2536 2907 2589 ita
2940 2534 3125 2589 divino
3159 2537 3249 2590 Dei
3287 2536 3439 2593 Verbi

205 2631 253 2683 τὸ
274 2632 371 2686 τῶν
393 2633 641 2686 εἰδώλων
668 2633 886 2695 σκότος,
930 2633 1102 2686 πάντα
1150 2634 1206 2686 δὲ
1245 2634 1312 2687 τὰ
1354 2632 1628 2703 πανταχοῦ
1675 2633 1772 2703 τῆς

1874 2627 2111 2679 adventu
2146 2625 2249 2677 vim
2278 2625 2475 2677 nullam
2506 2626 2738 2681 retinent
2766 2614 3030 2682 idolorum
3066 2628 3320 2694 tenebrm,
3349 2632 3440 2686 sed

204 2724 518 2797 οἰκουμένης
550 2726 694 2797 μέρη
737 2728 803 2796 τῇ
841 2724 1028 2779 τούτου
1059 2726 1373 2798 διδασκαλία
1417 2727 1773 2797 καταλάμπε-

1874 2732 2063 2771 onmes
2086 2716 2305 2770 omnino
2338 2716 2499 2770 totius
2528 2717 2676 2771 orbis
2699 2726 2963 2771 terrarum
2992 2728 3171 2788 partes
3200 2722 3314 2787 ejus
3349 2721 3441 2774 do-

205 2834 291 2871 ται.
326 2820 446 2872 Καὶ
480 2818 677 2888 ὥσπερ
704 2817 1075 2888 βασιλεύοντὸς
1098 2837 1243 2883 τινος
1273 2822 1367 2873 καὶ
1408 2821 1481 2891 μὴ
1514 2820 1773 2890 φαινομέ-

1875 2810 2050 2862 ctrina
2092 2808 2993 2879 illuminantur.,Quemadmodum
3026 2811 3154 2865 item
3182 2812 3227 2866 si
3261 2813 3312 2866 in
3338 2813 3439 2867 illis

206 2926 281 2963 νου
311 2911 363 2963 ἐν
390 2929 505 2964 τινι
534 2911 712 2983 χώρα,
742 2910 854 2964 ἀλλ’
909 2910 1053 2965 ἔνδον
1082 2911 1234 2975 ὄντος
1266 2914 1323 2964 ἐν
1362 2912 1440 2981 τῶ
1473 2911 1663 2964 ἑαυτοῦ
1697 2912 1775 2964 οἷο

1874 2900 2204 2969 regionibns,
2234 2900 2321 2953 uhi
2348 2916 2437 2953 rex
2463 2916 2520 2955 se
2564 2901 2737 2970 palam
2778 2902 3065 2955 videndum
3092 2919 3193 2957 non
3222 2905 3437 2973 praebet,

205 3021 290 3071 κῳ,
315 3005 584 3067 πολλάκις
610 3004 754 3067 τινὲς
790 3005 1030 3069 ἄτακτοι,
1058 3002 1470 3076 καταχρώμενοι
1490 3006 1555 3075 τῇ
1580 3002 1771 3056 τούτου

1876 2992 1971 3046 sed
2016 2992 2157 3044 domi
2206 2991 2446 3045 occultus
2480 3001 2693 3059 ,manet,
2747 2992 2965 3061 quidam
3004 2996 3293 3050 turbulenti
3325 2997 3442 3067 ejus

206 3094 563 3167 ἀναχωρήσει,
593 3096 821 3159 ἑαυτοὺς
846 3095 1253 3166 ἀναγορεύουσι,
1287 3097 1381 3150 καὶ
1403 3096 1633 3158 ἕκαστος
1674 3114 1774 3150 κα-

1880 3082 2119 3138 absentia
2156 3084 2460 3145 abutentes,
2508 3084 2710 3151 seipsos
2768 3099 2920 3153 reges
2964 3100 3084 3140 esse
3128 3087 3439 3155 pradicent,

205 3189 748 3261 τασχηματισάμενος
805 3190 930 3252 τοὺς
976 3190 1266 3261 ἀκεραίους
1317 3192 1773 3258 φαντασιοσκοπεῖ

1876 3173 2184 3242 singulique
2223 3174 2445 3227 mentito
2490 3172 2673 3226 habitu
2714 3170 3087 3242 simpliciores,
3137 3174 3291 3243 quasi
3332 3177 3438 3230 veri

208 3282 299 3351 (l3)
325 3284 407 3347 ὡς
440 3282 721 3353 βασιλεὺς,
759 3282 849 3334 καὶ
879 3280 1021 3334 οὕτω
1068 3282 1373 3336 πλανῶνται
1408 3284 1456 3335 οἱ
1500 3282 1773 3353 ἄνθρωποι

1879 3281 2032 3336 reges
2068 3274 2268 3328 essent,
2302 3265 2731 3319 circumveniant
2796 3281 2811 3319 :
2863 3266 3057 3319 accidit
3108 3266 3326 3336 quidem
3383 3276 3442 3321 ut

204 3373 267 3443 τῷ
292 3351 555 3446 ὀνόματι,
579 3374 871 3437 ἀκούοντες
906 3375 1005 3444 μὲν
1031 3370 1168 3428 εἶναι
1200 3375 1451 3445 βασιλέα,
1482 3376 1579 3445 οὐχ
1606 3351 1775 3447 όρῶν-

1877 3355 2021 3424 regis
2072 3354 2290 3408 nomine
2347 3351 2544 3406 subditi
2575 3352 2627 3405 in
2663 3365 2902 3406 errorem
2947 3354 3285 3421 inducantur,
3318 3370 3440 3410 cum

206 3482 280 3527 τες
308 3469 365 3521 δὲ
401 3468 585 3531 αὑτὸν,
623 3468 715 3521 διὰ
748 3468 808 3520 τὸ
854 3467 1085 3537 μάλιστα
1114 3467 1249 3537 μηδὲ
1290 3467 1549 3520 δύνασθαι
1578 3468 1774 3530 αὐτοὺς

1877 3460 2063 3513 regem
2090 3459 2210 3499 esse
2232 3444 2474 3505 audiunt,
2505 3456 2668 3513 quem
2703 3451 2877 3498 tamen
2903 3459 3008 3498 non
3040 3444 3239 3511 vident,
3272 3446 3444 3499 maxi-

205 3556 300 3609 εσω
325 3558 423 3611 τοῦ
472 3560 625 3611 οἴκου
685 3534 965 3629 χωρῆσαν
1015 3534 1233 3611 ἐπειδάν
1265 3558 1322 3610 δὲ
1366 3560 1394 3611 ό
1423 3557 1639 3628 ἀληθῶς
1665 3555 1772 3625 (14)

1877 3552 1963 3590 me
1986 3536 2117 3606 quia
2151 3536 2205 3589 in
2234 3534 2351 3604 ejus
2374 3535 2549 3589 aulam
2580 3550 2687 3589 non
2712 3536 2835 3590 licet
2861 3534 3095 3605 ingredi.
3130 3534 3324 3590 Verum
3354 3538 3442 3592 ubi

208 3647 448 3716 βασιλεὺς
476 3625 719 3721 προέλθῇ
758 3625 850 3702 xui
882 3652 1058 3719 φανῇ,
1088 3649 1207 3702 τότε
1245 3650 1293 3702 οἱ
1331 3649 1427 3720 μὲν
1459 3625 1775 3710 ἀπατῶντες

1878 3642 1974 3679 rex
2000 3641 2159 3679 verus
2188 3626 2448 3693 prodierit
2493 3641 2556 3679 ac
2578 3626 2968 3693 comparuerit.
3002 3625 3184 3680 statim
3226 3637 3443 3694 pertur-

205 3738 414 3792 ἄτακτοι
456 3739 775 3807 ἐλέγχονται
812 3740 876 3809 τῇ
925 3737 1112 3791 τούτου
1160 3737 1449 3808 παρουσίᾳ,
1488 3739 1535 3789 oi
1580 3737 1636 3789 δὲ
1684 3736 1776 3789 ἀν-

1876 3718 1985 3772 hati
2016 3718 2091 3772 illi
2127 3718 2381 3788 improbi,
2411 3718 2529 3788 ejus
2563 3718 2847 3789 praesentia
2874 3717 3031 3773 facile
3058 3719 3441 3773 internoscan-

209 3826 421 3897 θρωποι,
446 3828 684 3898 ὁρῶντες
710 3827 801 3879 τὸν
830 3807 1041 3898 ἀληθῶς
1065 3826 1306 3897 βασιλέα,
1333 3807 1777 3897 καταλιμπάνου-

1878 3817 1967 3862 tur
2011 3818 2064 3861 et
2118 3808 2548 3875 convincuntur;
2593 3807 2737 3862 unde
2786 3817 3050 3877 quotquot
3097 3807 3444 3878 deceperant,

211 3935 257 3971 σι
286 3922 407 3983 τοὺς
435 3920 605 3972 πάλαι
661 3916 980 3980 πλανῶντας
1020 3918 1241 3979 αὐτούς·
1292 3916 1434 3970 οὕτω
1476 3919 1568 3971 καὶ
1608 3916 1776 3969 πάλαι

1876 3912 2006 3953 vero
2029 3914 2153 3967 rege
2177 3908 2487 3969 conspecto,
2517 3914 2612 3954 eos
2637 3901 2839 3968 absque
2871 3914 3023 3953 mora
3054 3899 3326 3954 deserunt.
3352 3898 3447 3954 Sic

213 4012 301 4081 μὲν
342 4014 568 4082 ὴπάτων
608 4014 657 4064 οἱ
686 4010 937 4080 δαίμονες
963 4012 1087 4073 τοὺς
1125 4008 1444 4080 ἀνθρώπους
1472 4010 1606 4082 (15),
1642 4007 1774 4061 Θεοῦ

1877 3992 2005 4045 olim
2025 3992 2299 4046 dmmones
2338 3992 2532 4045 divinis
2568 3993 2866 4045 honoribus
2907 3992 3181 4059 usurpatis
3208 3991 3447 4047 miseros

208 4081 594 4175 τιμὴνέαυτοῖς
617 4104 989 4174 περιτιθέντες
1008 4120 1020 4131 ·
1056 4104 1144 4155 ὅτε
1169 4102 1226 4155 δὲ
1254 4103 1428 4173 ἐφάνη
1452 4104 1479 4154 ό
1510 4100 1604 4154 τοῦ
1639 4099 1773 4152 Θεοῦ

1879 4085 2124 4143 homines
2157 4083 2483 4137 deludebant
2511 4101 2523 4136 :
2556 4092 2614 4137 at
2639 4084 2726 4137 ubi
2768 4082 2859 4137 Dei
2890 4081 3120 4137 Verbum
3147 4082 3448 4151 incorpore

213 4172 372 4264 Λόγος
408 4198 468 4250 ἐν
511 4172 749 4266 σώματι,
800 4194 895 4247 καὶ
943 4192 1236 4264 ἐγνώρισεν
1277 4172 1423 4265 ἡμῖν
1456 4193 1547 4247 τὸν
1580 4190 1774 4245 ἐαυτοῦ

1879 4176 2147 4245 apparuit,
2182 4184 2234 4229 et
2274 4191 2429 4229 suum
2463 4174 2679 4229 Satrem
2716 4185 2901 4229 notum
2939 4174 3097 4229 nobis
3139 4172 3289 4236 fecit,
3322 4182 3449 4226 tunc

213 4287 445 4359 Πατέρα·
479 4264 607 4341 τότε
634 4286 699 4355 δὴ
728 4287 761 4356 ἡ
798 4286 895 4355 μὲν
926 4284 1032 4337 τῶν
1074 4264 1341 4354 δαιμόνων
1378 4283 1562 4351 ἀπάτη
1587 4281 1779 4348 ἀφανί-

1879 4268 2179 4320 da'monum
2231 4267 2448 4335 quidem
2487 4265 2712 4319 fallaciae
2740 4280 3066 4319 evanescere
3111 4272 3165 4318 et
3204 4264 3449 4318 desinere

216 4378 352 4441 ζεται
377 4380 468 4432 καὶ
514 4377 771 4439 παύεται,
817 4376 866 4428 οἱ
918 4376 975 4428 δέ
1003 4375 1307 4444 ἀνθρωττοι,
1354 4374 1664 4444 ἀφορῶντες
1697 4373 1776 4435 είς

1877 4366 2178 4426 coeperunt,
2208 4357 2452 4410 homines
2480 4368 2659 4410 autent
2700 4371 2887 4413 verum
2924 4355 3097 4409 Patris
3119 4355 3286 4409 Deum
3316 4354 3450 4410 Ver-

218 4470 299 4521 τὶν
336 4469 583 4540 ἀληθινὸν
621 4467 718 4521 τοῦ
752 4467 964 4537 Πατρὸς
1005 4466 1136 4519 Θεὸν
1169 4466 1358 4535 Λόγον,
1426 4465 1774 4535 καταλιμπά-

1879 4450 2005 4503 bum
2059 4446 2353 4509 intuentes,
2401 4447 2539 4500 idola
2583 4447 2917 4515 relinquunt,
2956 4462 3019 4499 ac
3049 4460 3234 4498 verum
3282 4444 3448 4497 Deum

228 4505 298 4521 ,π
336 4505 581 4540 “qv...”
633 4505 717 4521 ..νυ
753 4505 961 4537 “mp...
1007 4505 1133 4519 νυν.
1169 4505 1358 4535 μην,
1429 4505 1745 4535 ...........,......

216 4577 352 4613 νουσι
382 4561 449 4614 τὰ
472 4560 691 4623 εἴδωλα,
723 4560 816 4612 xai
840 4559 1021 4611 λοιπὸν
1058 4557 1476 4626 ἐπιγινώσκωσι
1522 4558 1613 4610 τον
1641 4556 1774 4626 ἀλη-

1883 4550 2208 4611 agnoscunt.
2241 4538 2299 4592 Id
2322 4555 2482 4609 porro
2509 4550 2660 4593 certo
2690 4538 2889 4591 indicio
2924 4545 3008 4590 est
3039 4535 3310 4589 Christum
3342 4534 3448 4604 77

220 4650 348 4703 θινὸν
371 4653 521 4706 Θεόν.
547 4652 721 4705 Τοῦτο
745 4651 800 4705 δὲ
822 4650 1106 4721 γνώρισμα
1130 4650 1225 4702 τοῦ
1253 4648 1390 4702 εἶναι
1421 4650 1511 4701 τὸν
1540 4650 1773 4719 Χριστὸν

1883 4636 2048 4688 Deum
2078 4631 2313 4686 Verbum
2342 4639 2395 4685 et
2428 4629 2519 4683 Dei
2553 4633 2799 4683 virtutem
2829 4642 2967 4681 esse.
3000 4627 3133 4681 Cum
3159 4626 3300 4679 enim
3330 4642 3451 4680 ces-

220 4740 337 4793 Θεδν
362 4744 527 4813 Λόγον
558 4745 653 4797 καὶ
682 4743 817 4795 Θεοῦ
843 4719 1067 4813 δύναμίν
1102 4745 1235 4795 ἐστι.
1267 4742 1387 4795 Τῶν
1434 4742 1540 4813 γὰρ
1567 4741 1773 4811 ἀνθρω-

1880 4733 2001 4779 sent
2031 4738 2149 4791 qua:
2172 4723 2409 4777 humana
2451 4732 2598 4785 sunt,
2636 4732 2692 4775 et
2716 4719 2915 4774 Christi
2947 4719 3172 4773 verbum
3202 4728 3454 4772 constan-

223 4834 373 4888 πίνων
425 4838 771 4907 παυομένων,
824 4836 914 4889 καὶ
969 4836 1219 4905 μένοντος
1262 4833 1355 4885 τοῦ
1391 4834 1633 4903 ῥήματος
1676 4832 1768 4884 τοῦ

1881 4825 1961 4867 ter
1980 4822 2312 4883 perseveret,
2378 4826 2538 4865 nemo
2588 4826 2692 4865 non
2727 4811 2865 4863 videt
2895 4824 2955 4863 ea
3003 4824 3122 4877 quae
3153 4808 3311 4862 linem
3352 4809 3446 4863 ha-

224 4926 456 4995 Χριστοῦ,
492 4902 653 5000 δῆλόν
704 4930 819 4980 ἐστι
871 4902 1019 4998 παρά
1048 4929 1181 4980 πᾶσι
1232 4928 1301 4979 τὰ
1348 4902 1444 4995 μὲν
1488 4925 1771 4995 παυόμενα

1880 4906 2007 4959 bent
2038 4904 2352 4973 temporalia
2385 4918 2524 4966 esse,
2548 4918 2670 4955 eum
2705 4912 2881 4956 autem
2908 4902 2997 4966 qui
3040 4912 3296 4970 perpetuo
3329 4916 3448 4969 per-

226 5014 344 5071 εἶναι
400 5022 737 5092 πρόσκαιρα,
794 5020 883 5073 τὸν
939 5020 993 5072 δὲ
1030 5021 1257 5090 μένοντα
1312 5015 1447 5071 εἷναι
1500 5017 1632 5070 Θεὸν
1681 5018 1774 5070 καὶ

1882 5006 2059 5049 manet
2090 4995 2255 5048 Deum
2287 4993 2485 5063 Deique
2514 4992 2705 5049 Filium
2741 5010 2925 5049 verum
2965 4995 3299 5063 unigenitum
3329 4993 3450 5046 Ver-

226 5110 339 5162 Θεοῦ
376 5088 497 5165 Υἱόν
536 5088 790 5184 ἀληθινὸν
822 5088 1081 5183 μονογενῆ
1116 5114 1305 5181 Λόγον.
1882 5088 2007 5141 imm
2036 5100 2177 5140 (⁵⁸⁸⁸·

287 5202 361 5255 56.
391 5204 572 5258 Ταῦτα
628 5204 728 5277 μέν
775 5222 853 5257 σοι
901 5205 1029 5276 παρ’
1079 5206 1233 5277 ήμῶν
1268 5206 1334 5259 δι’
1388 5202 1617 5273 ὀλίγων,
1652 5204 1774 5257 ὅσον

1955 5199 2045 5256 56.
2081 5200 2207 5254 Ilmc
2234 5200 2447 5269 quidem
2486 5214 2605 5269 quae
2641 5200 2827 5268 paucis
2858 5200 3229 5264 tractavimus,
3262 5212 3436 5265 quau-

284 5384 382 5455 (IO)
430 5389 643 5458 Anglic.
697 5388 909 5442 Gobler.
938 5388 1177 5443 Felckm.
1224 5391 1247 5443 I
1282 5406 1466 5454 anon.,
1500 5389 1767 5443 θειότατα.

1544 5390 1767 5443 ειότατα.
1881 5382 2275 5458 Segtt_er._lhid.
2314 5400 2410 5453 pro
2436 5383 2558 5458 ἧῇη,
2590 5383 2816 5458 _Segucr.
2851 5384 2923 5453 μή
2946 5380 3126 5458 habet.

227 5447 376 5529 Iidem,
400 5447 613 5512 ibidfet
641 5459 768 5527 Si-g.
809 5459 1011 5512 addunt
1033 5460 1267 5528 βλέπων,
1295 5447 1518 5529 quodin
1566 5463 1686 5514 aliis
1716 5472 1769 5513 et
1950 5447 2060 5523 (12)
2093 5447 2327 5529 Gohler:
2359 5464 2412 5506 et
2442 5447 2699 5529 _Fe'_l_ckm'.
2831 5447 3017 5514 anum,
3050 5447 3443 5501 ﬂumineae

225 5526 362 5577 editis
390 5529 560 5583 deest.
718 5522 743 5527 ’
1034 5522 1045 5528 ⁷
1312 5522 1327 5529 ’
1708 5536 1709 5539 ‘
1877 5528 1991 5587 καί,
2016 5522 2120 5578 etc.
2156 5525 2267 5588 καί,
2296 5540 2410 5591 seq.
2441 5525 2491 5575 in
2528 5524 2712 5574 iisdem
2742 5522 2912 5573 deest.

286 5597 387 5663 (Η)
416 5597 571 5651 Gobl.
606 5597 869 5670 ethFelck.
917 5600 942 5653 l
992 5615 1181 5670 a_non.,
1220 5599 1427 5669 μαθεῖν.
1486 5597 1617 5670 Ibid.
1677 5614 1772 5666 pro

1486 5597 1617 5670 Ibid.
1677 5614 1772 5666 pro
1948 5598 2058 5670 (l3)
2087 5597 2333 5670 ﬁeguer”
2358 5593 2796 5670 φαντασιοκοπεῖ.
2981 5657 3018 5670 Η

226 5657 302 5740 σε,
333 5657 385 5718 ut
413 5671 611 5721 habent
641 5667 865 5740 Gohler.
894 5678 949 5722 et
997 5657 1180 5725 Felck:
1220 5657 1255 5722 ’1
1294 5686 1484 5740 anon.,
1540 5657 1767 5736 Segu'er.

1616 5657 1767 5736 gll't‘l'.
2088 5657 2656 5740 βώμιοι-,Διίξὐιςιξριι..
2685 5660 2713 5740 ’ί
2752 5674 2936 5740 auom,
2970 5657 3193 5740 ἀληθής.

224 5733 367 5788 habet
400 5754 499 5791 σοι.
536 5741 669 5790 Item
705 5738 831 5795 ibid.
861 5740 1177 5807 particulam
1214 5739 1303 5791 καί
1339 5742 1389 5790 in
1419 5728 1576 5792 editis
1603 5728 1772 5792 o'mis-
1948 5728 2058 5806 (15)
2080 5736 2292 5807 Anglic.
2312 5732 2526 5807 Golden
2556 5728 2777 5807 Felelle
2808 5740 3049 5807 :itli‘ottzet
3070 5728 3448 5807 Segner.,6at_-

221 5816 325 5858 sam
358 5810 695 5861 restituimus
729 5822 795 5861 ex
830 5796 955 5863 niss.
983 5808 1202 5865 anler.
1237 5808 1414 5865 Felck.
1445 5810 1467 5863 1
1499 5825 1661 5863 anon.
1716 5819 1771 5864 et

1879 5796 2054 5878 μονές’
2093 5796 2300 5857 τε”κα“ι
2344 5800 2634 5881 ἄνθρωποι.
2695 5796 2815 5851 Mox
2849 5796 3067 5853 Goblcr.
3117 5796 3355 5855 l'clckut.
3408 5800 3435 5861 ί

534 5905 811 5963 Parnm“
858 5904 973 5962 Gn.
1021 5903 1225 5962 XXV.
3094 5891 3130 5949 7
