4006 6504
578 395 685 455 199
1143 392 1201 449 S.
1247 392 1622 450 ATHANASII
1660 392 1811 450 OPP.
1852 391 2034 449 PARS
2064 394 2107 449 1.
2148 424 2213 434 -—
2252 390 2618 448 lilSTORlCA
2657 389 2747 446 ΕΤ
2786 388 3213 447 DOGMATICA.
3721 391 3824 447 200

569 506 672 562 ἀπ’
700 505 873 575 ἐμοῦ
914 505 1018 558 ἀπ’
1045 504 1305 574 ἐμαυτοῦ
1334 504 1529 573 αὐτὴν
1571 507 1797 575 τίθημιυ
1820 506 2111 570 ἐξουσίαν
2150 506 2268 576 ἔχω
2303 506 2488 560 θεῖναι
2528 504 2755 574 αὐτὴν,
2800 507 2898 561 καὶ
2924 506 3112 562 mitur
3146 507 3434 572 ἐξουσίαν
3456 507 3576 576 ἔχω
3620 510 3824 565 λαϐεῖν

570 594 785 662 αὑτήν.
820 592 878 649 Id
905 604 1024 650 est:
1056 613 1074 646 σ
1098 595 1304 649 Accidit
1328 605 1383 649 ut
1415 594 1653 650 Lazarus
1681 596 1869 651 morbo
1893 597 2173 652 confectus
2202 606 2536 652 moreretur:
2557 607 2613 653 at
2639 598 2944 652 Dominicus
2969 598 3125 652 homo
3156 616 3258 654 non
3282 601 3331 655 vi
3354 601 3527 657 morbi
3560 617 3662 656 nec
3694 604 3823 658 invi-

572 702 661 749 tus
693 704 772 748 est
809 700 1080 756 mortuus,
1129 691 1223 746 sed
1253 706 1347 746 sua
1372 702 1564 759 sponte
1589 692 1738 745 venit
1769 695 1833 744 ad
1866 694 2056 747 mortis
2083 693 2583 762 dispensationem,
2613 695 3001 750 corroboratus
3038 711 3067 749 a
3106 695 3216 750 Deo
3244 695 3421 752 Verbo
3446 698 3500 751 in
3534 698 3655 767 ipso
3712 714 3822 752 ma-

573 795 736 840 nente
773 785 862 853 qui
902 784 1039 837 dixit
1070 801 1083 837 :
1118 782 1288 836 Nemo
1313 783 1447 835 tollit
1470 784 1701 835 animant
1742 799 1909 836 meam
1948 801 1979 836 a
2014 800 2114 846 me,
2147 784 2239 839 sed
2275 800 2371 854 ego
2402 802 2537 851 pono
2566 802 2681 839 eam
2717 801 2737 839 :
2769 796 3079 857 potestatem
3112 788 3274 841 habeo
3313 789 3540 857 ponendi
3574 806 3717 856 eam,
3781 800 3825 844 et

572 894 760 932 rursus
800 885 1101 946 potestatem
1137 875 1299 928 habeo
1330 876 1569 928 sumendi
1624 891 1739 929 eam
1765 875 1828 928 ⁸³.
1868 893 1889 928 ι
1918 874 2042 932 Haec
2073 878 2183 944 ibi,
2218 892 2336 946 qum
2366 877 2578 932 nonnisi
2616 877 2774 946 paulo
2820 880 2992 948 major
3024 890 3108 935 est
3144 880 3431 949 explicatio
3475 897 3669 936 eorum
3710 897 3826 951 qum

576 975 631 1026 in
672 970 919 1040 sequenti
950 969 1285 1038 expositione
1314 983 1541 1024 numero
1573 970 1592 1023 ι
1652 969 1921 1039 leguntur.
1958 971 2033 1025 Ex
2062 973 2162 1026 hac
2185 987 2401 1042 quoque
2431 973 2551 1027 ﬁdei
2581 972 2918 1042 expositione
2957 975 3296 1042 excerpsisse
3327 975 3541 1029 videtur
3573 975 3825 1043 Augusti-

576 1078 681 1118 nus
716 1067 830 1117 haac
861 1078 979 1132 qua:
1004 1062 1096 1117 lib.
1143 1079 1179 1116 ιι
1221 1061 1297 1117 De
1320 1062 1570 1119 Sermone
1602 1066 1810 1121 Domini
1838 1069 1892 1121 in
1925 1080 2097 1122 monte
2124 1068 2304 1133 habet,
2326 1083 2377 1123 c.
2416 1066 2471 1131 6,
2506 1084 2562 1123 n.
2600 1066 2694 1122 20.
2729 1085 2749 1120 ι
2778 1065 2917 1120 Nulli
2957 1065 3140 1122 licebit
3168 1070 3417 1138 ignorare
3449 1068 3545 1124 Dei
3572 1086 3822 1140 regnum,

582 1170 704 1211 cum
739 1155 858 1225 ejus
894 1156 1214 1226 Unigenitus
1236 1172 1340 1210 non
1385 1158 1555 1213 solum
1594 1160 1999 1232 intelligibiliter
2040 1166 2133 1216 sed
2166 1164 2329 1218 etiam
2373 1162 2657 1218 visibililer
2706 1162 2759 1217 in
2787 1162 2993 1215 homine
3020 1160 3297 1214 Dominico
3339 1161 3405 1215 de
3445 1161 3586 1215 coelo
3617 1166 3826 1219 venerit

572 1244 916 1317 iudicaturus
961 1248 1109 1301 vivos
1137 1257 1192 1301 et
1225 1256 1483 1301 mortuos.
1524 1265 1542 1298 ι
1582 1247 1706 1304 Ηειξο
1729 1252 1872 1303 enim
1898 1261 2171 1319 postrema
2202 1253 2360 1307 verba
2382 1293 2396 1318 ,
2426 1253 2482 1305 in
2505 1253 2713 1305 homine
2755 1250 3028 1305 Dominico
3047 1251 3399 1318 judicaturus
3424 1253 3561 1307 vivos
3602 1263 3652 1307 et
3683 1270 3826 1307 mor.

585 1349 725 1403 tuos,
761 1340 1026 1394 habentur
1058 1341 1109 1393 in
1150 1340 1338 1393 eadem
1371 1338 1727 1408 expositione,
1758 1358 1905 1397 num.
1936 1344 1987 1405 1,
2021 1345 2217 1410 quibus
2249 1344 2473 1399 vocibus
2519 1358 2577 1397 se
2613 1359 2767 1398 nsum
2808 1358 2927 1398 esse
2963 1343 3421 1414 aitAugustinus,
3455 1347 3582 1416 quia
3623 1362 3720 1402 eas
3755 1348 3826 1404 Ie-

577 1441 730 1501 gerat
760 1430 899 1502 apud
957 1432 1251 1487 catholicos
1289 1444 1538 1490 auctores
1571 1453 1586 1491 :
1621 1436 1699 1492 sie
1730 1439 1873 1493 enim
1910 1440 2118 1501 scribit.
2152 1440 2245 1494 lib.
2279 1458 2293 1495 t
2333 1439 2586 1507 Retract.,
2621 1456 2672 1495 c.
2705 1441 2793 1507 19,
2836 1458 2892 1497 n.
2918 1440 2991 1496 8:
3032 1459 3051 1494 ι
3096 1443 3207 1499 Hoc
3239 1446 3456 1515 quidem
3483 1457 3540 1500 ut
3563 1448 3826 1515 dicerent,

577 1528 719 1595 apud
751 1528 1009 1596 quosdam
1041 1528 1144 1598 legi
1174 1540 1493 1588 tractatores
1521 1533 1817 1591 catholicos
1840 1535 2141 1590 divinorum
2172 1536 2564 1606 eloquiorum.»
2598 1538 2797 1593 Deinde
2832 1540 2979 1594 addit
3004 1555 3057 1591 τε
3091 1538 3196 1594 Sed
3232 1539 3537 1608 ubicunque
3573 1539 3679 1593 hoc
3697 1540 3829 1605 dixi,

579 1622 786 1678 dixisse
843 1637 930 1677 me
968 1623 1163 1678 nollem
1203 1644 1219 1677 :
1260 1638 1441 1695 postea
1468 1631 1661 1699 quippe
1710 1631 1819 1686 vidi
1871 1647 1976 1685 non
2008 1647 2128 1686 esse
2162 1634 2467 1695 dicendum.
2517 1636 2763 1705 quamvis
2802 1636 3052 1690 nonnulla
3097 1636 3267 1705 possit
3296 1636 3505 1691 ratione
3533 1635 3773 1691 defendi.
3804 1656 3824 1689 ι

583 1719 747 1773 Itatin
770 1730 948 1774 autem
974 1736 1073 1776 cur
1096 1722 1210 1778 haec
1242 1726 1404 1779 verba
1444 1727 1819 1794 reprehendat,
1858 1727 1999 1782 hanc
2028 1728 2140 1798 ipse
2171 1728 2367 1783 ibidem
2402 1728 2556 1784 aliert
2602 1748 2614 1784 :
2662 1749 2680 1781 ι
2706 1729 2819 1784 Non
2853 1731 3005 1785 video
3032 1739 3211 1785 utrum
3253 1738 3398 1783 recte
3434 1728 3648 1782 dicatur
3678 1728 3828 1781 homo

580 1810 886 1866 Dominicus
912 1812 1001 1882 qui
1049 1822 1133 1868 est
1189 1816 1452 1869 mediator
1477 1814 1567 1870 Dei
1612 1824 1666 1869 et
1696 1815 1972 1871 hominum
2022 1818 2181 1872 homo
2215 1818 2460 1875 Christus
2494 1819 2685 1885 Jesus,
2720 1837 2839 1876 cum
2871 1821 2941 1875 sit
2966 1821 3151 1891 utique
3197 1820 3474 1875 Dominus.
3514 1818 3825 1874 Dominicu"

576 1917 763 1962 autem
790 1910 954 1965 homo
981 1910 1101 1980 quis
1150 1910 1201 1964 in
1233 1909 1350 1978 ejus
1385 1920 1570 1965 sancta
1604 1909 1806 1967 familia
1842 1928 1942 1967 non
1970 1923 2145 1983 potest
2173 1915 2321 1969 dici?
2343 1935 2360 1967 ι
2412 1916 2651 1986 Denique
2688 1917 2972 1972 Facundus
2997 1914 3405 1971 llermianensis
3441 1912 3582 1967 libro
3617 1928 3669 1965 ιι
3736 1928 3825 1980 ιιι-ι.

583 1998 897 2055 defensione
930 2001 1089 2054 trium
1140 2000 1520 2069 capitulorum,
1556 2018 1607 2055 c.
1656 2003 1711 2065 2,
1746 2004 1846 2057 tria
1892 2003 2005 2058 loca
2041 2019 2106 2058 ex
2146 2002 2246 2060 hac
2292 2006 2413 2059 tidei
2462 2007 2803 2074 expositione
2838 2006 2897 2061 S.
2939 2003 3224 2061 Athanasii
3269 2001 3495 2072 profert,
3531 2001 3677 2055 inter
3714 2015 3828 2069 qua,

578 2105 723 2143 unus
746 2091 895 2145 locus
924 2102 1028 2155 est,
1063 2092 1150 2147 ubi
1199 2094 1281 2147 hae
1328 2091 1455 2161 ipsa:
1481 2107 1641 2148 voces
1683 2094 1837 2147 homo
1872 2094 2176 2149 Dominicus
2214 2096 2482 2166 leguntur.
2511 2095 2685 2152 Verba
2720 2098 2834 2168 ipsa
2867 2099 3005 2152 infra
3056 2102 3121 2155 ad
3174 2100 3389 2169 propria
3433 2097 3549 2152 loca
3602 2098 3655 2150 in
3694 2097 3830 2152 netis

576 2180 889 2238 atl'eremus.
918 2183 992 2237 Ex
1041 2184 1123 2240 his
1157 2184 1319 2254 igitur
1357 2188 1577 2243 evidens
1624 2198 1708 2242 est
1753 2188 1899 2243 nullo
1950 2190 2110 2244 modo
2154 2205 2313 2259 posse
2366 2194 2417 2246 iu
2468 2193 2685 2247 dubium
2743 2195 3004 2260 revocari,
3057 2206 3236 2250 utrum
3278 2198 3336 2251 S.
3395 2196 3734 2251 Athanasius
3766 2197 3828 2251 sit

583 2287 773 2333 auctor
807 2278 968 2348 hujus
1018 2282 1369 2349 expositionis
1399 2283 1543 2338 ﬁdei.
1574 2282 1683 2339 Nec
1712 2299 1839 2338 vero
1870 2285 1983 2338 haec
2033 2284 2231 2340 locutio
2264 2288 2314 2340 in
2356 2287 2651 2341 Athanasio
2676 2287 2937 2356 culpanda
2977 2296 3088 2352 est,
3124 2303 3282 2357 quam
3326 2302 3525 2356 nempe
3578 2286 3721 2356 ipse,
3772 2302 3829 2341 ac

588 2378 712 2438 post.
741 2387 863 2425 eum
892 2372 1220 2440 Epiphanius
1252 2375 1305 2428 in
1332 2377 1615 2441 Ancorato,
1656 2375 1685 2448 ᾗ
1723 2377 1812 2441 95,
1841 2385 1895 2431 et
1938 2376 2232 2432 Cassianus
2270 2378 2461 2434 Collat.
2496 2394 2640 2445 x1,c.
2683 2380 2772 2443 15,
2811 2389 2864 2435 et
2890 2379 2966 2433 De
3000 2380 3362 2434 incarnatione
3396 2378 3487 2433 lib.
3522 2395 3578 2442 ν,
3611 2395 3661 2433 c.
3693 2380 3746 2446 5,
3782 2389 3829 2433 et

588 2467 687 2520 lib.
721 2482 809 2531 vt,
859 2484 917 2523 c.
961 2469 1052 2534 22,
1086 2469 1334 2538 lorteque
1368 2472 1455 2526 alii
1481 2473 1746 2527 catholice
1782 2482 2110 2541 usurparunt
2149 2489 2161 2526 :
2204 2474 2343 2529 unde
2373 2473 2486 2543 ipse
2513 2475 2859 2545 Augustinus,
2894 2476 2981 2546 qui
3010 2491 3126 2529 eam
3160 2473 3454 2541 redarguit,
3489 2484 3548 2526 nt
3579 2472 3829 2538 vidimus,

587 2562 841 2616 nonnulla
892 2573 1071 2618 tamen
1100 2580 1257 2634 posse
1288 2569 1494 2623 ratione
1525 2567 1734 2622 defendi
1774 2567 1990 2622 fatetur.
2024 2567 2087 2622 Hi
2128 2568 2333 2623 scilicet
2370 2584 2507 2638 quos
2543 2571 2702 2625 modo
2750 2570 3193 2632 men'toravitnus,‘
3224 2582 3321 2638 per
3348 2566 3618 2620 hominem
3656 2564 3807 2618 Domi

587 2651 764 2705 nicum
793 2654 927 2708 nihil
962 2657 1107 2711 aliud
1141 2659 1466 2730 intelligunt,
1493 2675 1653 2728 quam
1687 2662 1977 2714 humanam
2006 2659 2203 2714 Christi
2236 2666 2507 2725 naturam,
2536 2661 2991 2730 quemadmodum
3031 2670 3181 2716 certe
3208 2676 3329 2715 cum
3380 2659 3545 2714 iidem
3588 2668 3645 2711 et
3686 2658 3773 2711 alii
3800 2671 3829 2711 e

550 2737 836 2798 -Patribus
867 2744 1124 2801 hominem
1160 2764 1188 2800 a
1235 2747 1409 2805 Verbo
1455 2762 1791 2820 assumptum
1840 2762 1949 2805 tam
1991 2752 2183 2806 crebro
2236 2751 2460 2817 dicunt,
2504 2753 2792 2806 humanam
2848 2761 3055 2806 tantum
3113 2765 3361 2807 naturam
3413 2752 3703 2813 indicant,
3732 2765 3828 2804 non

587 2832 896 2889 distinctam
926 2852 1235 2907 personam.
1266 2839 1403 2897 Hinc
1433 2814 1723 2898 Cassianus
1750 2844 1803 2898 in
1827 2845 1913 2898 bis
1948 2843 2078 2912 ipsis
2103 2842 2256 2907 locis,
2288 2843 2378 2898 ubi
2412 2842 2721 2900 Nestorium
2760 2843 2896 2899 duas
2930 2846 2981 2899 in
3016 2843 3235 2900 Christo
3273 2858 3543 2914 personas
3575 2843 3829 2897 inducen-

586 2936 694 2986 tem
729 2931 948 3000 refellit,
982 2934 1175 2992 iisdem
1213 2936 1321 2994 illis
1352 2938 1579 2994 vocibus
1605 2939 1679 2993 uti
1710 2940 1929 3019 minime
1965 2935 2185 3006 refugit.

1323 3249 1550 3335 ΤΟΥ
1612 3251 1755 3335 ΕΝ
1810 3250 2172 3337 ΑΓΙΟΙΣ
2244 3250 2676 3339 ΙΙΑΤΡΟΣ
2748 3251 3076 3342 ΗΜΩΝ

1719 3443 2703 3584 ΑΘΑΝΑΣΙΟΥ

966 3686 2252 3808 ΑΡΧΙΕΠΙΣΚῡΠΟΥ
2305 3683 3457 3813 ΑΛΕΞΑΝΔΡΕΙΑΣ

1088 3915 2079 4092 ΕΚΘΕΣΙΣ
2158 3917 3326 4093 ΠΙΣΤΕΩΣΨἾ

1477 4373 1608 4503 s.
1676 4376 1812 4500 P.
1878 4377 2026 4500 N.
2092 4337 2965 4506 ATHANASII

1154 4625 2243 4721 ARCHIEPISCOPI
2336 4626 3282 4720 ALEXANDRIAE

1583 4838 2355 4954 EXPOSITIO
2412 4841 2844 4956 FIDEI.

671 5212 780 5285 79
814 5211 862 5264 i.
891 5207 1176 5265 Credimus
1231 5209 1285 5264 in
1329 5224 1495 5263 unum
1542 5224 1644 5264 non
1674 5208 1913 5279 genitum
1971 5209 2161 5275 Deum,
2196 5218 2240 5276 Α

2341 5215 2393 5267 1.
2428 5214 2761 5287 Πιστεύομεν
2804 5217 2884 5279 εἰς
2923 5216 3016 5269 ἕνα
3068 5216 3361 5287 ἀγέννητον
3419 5219 3574 5283 Θεὸν,
3632 5218 3832 5288 Πατέρα

597 5307 813 5363 Patrem
847 5305 1297 5373 omnipotentem,
1338 5305 1581 5358 omnium
1631 5304 1942 5359 ellectorem
1972 5305 2161 5360 visibi~

2268 5302 2705 5375 παντοκράτορα,
2743 5305 2959 5358 πάντων
2984 5306 3211 5378 ποιητὴν
3238 5307 3449 5379 ὁρατῶν
3479 5328 3537 5362 τε
3568 5312 3658 5364 καὶ
3682 5309 3827 5379 ἀορά-

597 5403 725 5456 liunt
754 5409 807 5455 et
833 5399 1203 5460 invisibiliutn,
1236 5398 1328 5468 qui
1357 5414 1385 5451 a
1421 5413 1478 5453 se
1505 5400 1621 5467 ipso
1652 5397 1814 5451 habet
1853 5406 1910 5451 ut
1950 5399 2055 5452 sit:
2110 5407 2166 5452 et

2266 5411 2394 5459 των,
2422 5395 2513 5447 τὸν
2535 5395 2724 5466 ἔχοντα
2755 5398 2845 5465 ἀφ’
2880 5398 3072 5451 ἑαυτοῦ
3093 5400 3152 5452 τὸ
3177 5395 3316 5453 εἶναι
3336 5419 3349 5431 ·
3396 5405 3491 5457 καὶ
3527 5408 3601 5469 εἰς
3635 5406 3721 5456 ἕνα
3746 5420 3824 5473 μο-

596 5494 652 5547 in
685 5507 847 5544 unum
899 5490 1234 5560 unigenitum
1271 5490 1525 5555 Verbum,
1553 5487 1909 5557 Sapientiam,
1938 5487 2160 5553 Filium,

2268 5486 2459 5556 νογενῆ
2496 5487 2686 5555 Λόγον,
2714 5489 2933 5558 Σοφίαν,
2960 5492 3108 5557 Υἱὸν,
3141 5495 3203 5545 ἐκ
3234 5493 3328 5545 τοῦ
3363 5497 3577 5569 [ἰατρὸς
3601 5498 3831 5567 ἀνάρχως

671 5650 715 5681 ³³
748 5648 904 5703 Joan.
958 5665 1012 5716 ι,
1044 5650 1130 5704 l7.

1400 5762 1426 5773 ορ

692 5762 783 5829 ‘25)
816 5763 1087 5831 Segucr.,'
1116 5764 1208 5817 τοῦ
1264 5762 1454 5833 α’ὒτοῦη
1484 5762 1695 5826 Exilia;
1748 5762 2000 5826 πίστεως.
2060 5765 2274 5836 Regius,

2250 5780 2280 5833 ς,
2310 5762 2401 5816 τοῦ
2459 5761 2623 5814 αὐτοῦ
2680 5758 2894 5821 ἔκθεσις
2968 5760 3209 5828 μεγάλου
3244 5759 3564 5814 Ἀϐανασξου
3592 5760 3832 5817 πίστεως.
