4006 6504
557 418 663 471 ⁸2υό

1136 422 1193 475 S.
1236 422 1611 478 ATHANASII
1654 422 1805 478 OPP.
1848 422 2032 480 PARS
2070 426 2110 481 l.
2152 459 2224 484 —.-
2263 428 2633 484 HlSTOlilCA
2676 429 2764 483 ET
2802 429 3241 489 DOGMATICA..

554 532 672 583 uiso
700 531 767 594 ’⁸,
800 530 851 583 ἰιι
885 548 1044 601 quem
1082 537 1245 590 etiam
1282 538 1527 593 introivit
1550 540 1661 608 ipse
1689 541 1909 598 Paulus.
1937 546 2114 600 Ascens

2241 547 2431 619 ριακὸς
2462 547 2557 601 ἄνθ
2567 564 2767 619 ρωπος,
2792 550 2849 602 ἐν
2872 566 2916 617 ῳ
2937 549 3119 619 μέλλει
3155 551 3361 619 κρίνειν
3382 552 3589 619 ζῶντας
3617 558 3711 610 καὶ
3733 578 3812 614 νε-
3898 574 3907 581 ³

3710 442 3812 498 204

556 637 673 674 sum
712 639 928 692 quoque
955 627 1006 679 in
1046 630 1242 682 omium
1260 631 1413 684 nobis
1435 633 1795 703 paravit,quo
1827 651 2131 703 przecursor
2235 636 2421 707 κρούς.

557 728 656 779 pro
688 715 846 769 nobis
877 717 1102 771 intravit
1136 721 1449 779 Dominicus
1494 724 1677 790 homo,
1720 725 1772 779 in
1819 742 1927 796 quo
1980 728 2129 784 vivos

553 810 608 853 et
637 814 879 858 mortuos
911 816 994 860 est
1015 796 1375 875 iudicaturus.

568 896 578 907 '
623 892 736 962 80
770 892 825 948 ἓ.
856 892 1140 952 Credimus
1164 900 1415 956 similiter
1446 902 1498 956 in
1536 902 1799 973 Spiritum
1829 920 2078 963 sanctum
2108 951 2123 974 ,

552 983 644 1051 qui
676 985 858 1039 omnia
890 997 1163 1044 scrutatur
1181 992 1342 1045 etiam
1377 994 1639 1063 profunda
1666 997 1756 1051 Dei
1793 1000 1861 1051 ’1.
1897 1000 2124 1070 Dogma-

554 1076 625 1131 tis
653 1085 836 1132 autem
877 1081 1128 1135 omnibus
1177 1098 1298 1151 qua:
1322 1084 1407 1138 liis
1431 1089 1705 1141 contraria
1743 1089 1963 1154 fuerint,
1994 1106 2126 1144 ana.

555 1168 737 1223 thema
766 1171 1019 1226 dicimus.
1049 1172 1235 1243 Neque
1269 1176 1412 1230 enim
1445 1178 1584 1233 Filio
1625 1179 1841 1235 Patrem
1872 1184 2125 1253 agnosci-

550 1276 698 1325 mus,
728 1262 816 1330 qui
850 1264 1007 1318 unius
1035 1266 1103 1319 sit
1128 1268 1463 1335 substantiae,
1491 1286 1596 1325 non
1620 1288 1751 1328 vero
1770 1277 2124 1331 consubstan-

553 1350 719 1415 tialis,
765 1360 823 1406 ut
869 1353 1053 1408 volunt
1088 1356 1409 1425 Sabelliani,
1452 1361 1545 1430 qui
1611 1362 1715 1418 hoc
1743 1376 1900 1434 pacto
1925 1366 2121 1422 Filium

548 1443 766 1511 penitus
795 1444 1013 1500 tollunt.
1046 1447 1233 1518 Neque
1273 1452 1436 1505 etiam
1462 1454 1687 1523 patihile
1726 1470 1943 1525 corpus,
1978 1459 2121 1527 quod

548 1545 774 1605 propter
803 1538 971 1593 totius
1006 1543 1190 1595 mundi
1221 1544 1448 1598 salutem
1482 1548 1734 1617 gestavit,
1771 1551 2120 1606 attribuimus

546 1624 696 1678 Patri
729 1644 743 1680 :
775 1642 952 1696 neque
988 1638 1099 1685 tres
1133 1632 1454 1703 hypostases
1508 1652 1605 1706 per
1636 1640 1841 1708 seipsas
1872 1641 2072 1696 divisas
2100 1682 2117 1709 ,

542 1714 687 1779 utin
720 1716 1032 1774 hominibus
1062 1736 1160 1791 pro
1200 1732 1390 1778 natura
1423 1740 1716 1794 corporum
1759 1730 1977 1794 accidit,
2039 1732 2119 1787 fas

545 1817 634 1861 est
656 1807 709 1862 in
736 1808 847 1864 Deo
870 1813 1132 1882 cogitare,
1163 1828 1250 1881 ne,
1278 1826 1337 1871 ut
1372 1829 1581 1887 gentes,
1607 1822 1829 1876 deorum
1869 1823 2115 1879 mullitu-

2299 902 2355 957 2.
2390 902 2728 973 Πιστεύομεν
2779 888 3119 976 ὁμοίωςνκαὶ
3144 908 3250 979 (54)
3292 891 3389 974 είς-
3406 911 3466 965 τὸ
3498 913 3725 985 Πνεῦμα
3758 915 3813 969 τό

2235 994 2388 1063 ἂγιον
2421 996 2481 1049 τὸ
2512 996 2691 1051 πάντα
2724 999 2959 1070 ἐρευνῶν
2992 1000 3087 1053 καὶ
3111 1001 3180 1054 τά
3214 1002 3350 1074 βάθη
3374 1003 3465 1058 τοῦ
3495 1005 3649 1069 Θεοῦ,
3682 1008 3810 1060 ἁνα-

2229 1088 2615 1159 θεματίζοντες
2635 1088 2704 1143 τὰ
2729 1091 2879 1160 παρὰ
2905 1091 3062 1145 τοῦτο
3091 1092 3201 1164 (55)
3225 1094 3523 1166 φρονοῦντα
3544 1097 3808 1167 δόγματα.

2228 1178 2362 1231 Οὔτε
2407 1178 2514 1250 γὰρ
2559 1180 2855 1250 υἱοπάτορα
2883 1181 3210 1253 φρονοῦμεν,
3247 1184 3322 1247 ὡς
3347 1185 3396 1237 οἱ
3421 1186 3700 1239 Σαεέλλιοι
3729 1187 3814 1241 λέ-

2224 1289 2411 1340 γοντες
2448 1272 2758 1342 μονοούσιον
2790 1274 2881 1326 καὶ
2912 1276 3007 1345 οὐχ
3038 1274 3341 1344 ὀμοούσιον,
3380 1278 3474 1330 καὶ
3526 1281 3584 1331 ὲν
3638 1279 3811 1350 τούτῳ

2223 1352 2572 1435 ἀναιροῦντες
2606 1366 2665 1417 τὸ
2686 1361 2822 1419 εἶναι
2858 1367 3013 1419 Υίόν⁸
3050 1366 3173 1420 οὔτε
3199 1368 3260 1421 τὸ
3292 1370 3531 1441 παθητὸν
3560 1370 3741 1442 σῶμα,
3781 1371 3809 1426 6

2220 1456 2444 1527 ἐφόρεσε
2468 1457 2555 1510 διὰ
2580 1457 2676 1530 τὴν
2700 1458 2794 1511 τοῦ
2828 1460 3028 1524 παντὸς
3053 1461 3258 1532 κόσμου
3291 1462 3586 1533 σωτηρίαν,
3619 1463 3805 1516 ἀνατί-

2220 1548 2383 1620 θεμεν
2408 1549 2485 1620 τῷ
2510 1552 2704 1622 Πατρί·
2723 1550 2845 1631 οῦτε
2872 1556 3020 1622 τρεῖς
3042 1554 3366 1617 ὑποστάσεις
3395 1555 3823 1631 μεμερισμένας

2219 1639 2342 1693 καθ’
2366 1641 2581 1705 ἑαυτὰς,
2616 1630 2804 1714 ὥσπερ
2829 1644 3200 1713 σωματοφυῶς
3224 1644 3309 1697 ἐπ’
3337 1634 3666 1714 ἀνθρώπων,
3692 1645 3808 1698 ἔστι

2218 1731 2556 1800 λογίσασθαι,
2587 1732 2673 1785 ἵνα
2699 1732 2773 1803 μὴ
2808 1732 3096 1807 πολυθεῖαν
3128 1734 3261 1805 (56),
3293 1734 3367 1799 ὡς
3400 1733 3467 1787 τὰ
3489 1734 3642 1804 ἔθνη,
3677 1751 3809 1803 φρο-

2218 1824 2470 1893 νήσωμεν
2490 1839 2503 1852 ·
2534 1821 2649 1877 ἀλλ’
2678 1821 2865 1893 ὥσπερ
2890 1824 2953 1875 ὲκ
2984 1824 3166 1894 πηγῆς
3187 1823 3429 1893 ποταμὸς
3464 1824 3806 1893 γεγεννημέ-

547 1899 729 1954 dinem
769 1900 1131 1973 inducamus;
1167 1909 1263 1963 sed
1317 1909 1456 1964 sicut
1484 1910 1703 1979 ﬂuvius,
1734 1915 1824 1984 qui
1855 1932 1918 1972 ex
1968 1918 2114 1973 fonte

2219 1933 2305 1979 vo;
2326 1916 2387 1968 οὑ
2422 1915 2671 1987 διῃρέθη,
2704 1917 2878 1970 καίτοι
2909 1916 3000 1969 δύο
3027 1919 3279 1986 σχήματα
3311 1917 3406 1970 καὶ
3436 1916 3530 1969 δύο
3562 1916 3808 1987 ὀνόματα.

546 1990 780 2058 genitus,
804 1994 873 2047 ab
904 1997 1092 2051 eodem
1122 2015 1227 2053 non
1252 2011 1555 2071 separatur,
1584 2006 1832 2073 quamvis
1863 2008 1979 2063 duae
2008 2010 2114 2065 sint

2219 2007 2566 2078 τυγχάνοντα.
2598 2008 2734 2062 Οὔτε
2772 2009 2881 2081 γὰρ
2934 2010 2962 2061 6
3006 2009 3193 2080 Πατὴρ
3243 2010 3373 2072 Υἱός
3422 2012 3593 2076 ἐστιν,
3621 2007 3746 2063 οὔτε
3778 2011 3809 2063 6

546 2082 759 2137 illorum
792 2084 979 2155 ﬁgura:
1006 2089 1181 2146 duove
1213 2094 1455 2149 nomina.
1489 2095 1767 2165 Siquidem
1802 2115 1977 2170 neque
2009 2101 2114 2155 Pa-

2219 2101 2341 2164 Υἱὸς
2392 2102 2581 2173 Πατήρ
2617 2102 2793 2153 ἐστιν’
2844 2103 2872 2155 6
2915 2100 3024 2172 γὰρ
3058 2102 3267 2173 Πατὴρ,
3310 2099 3441 2153 Υίοῦ
3472 2102 3667 2173 Πατήρ
3690 2103 3807 2155 ἐστι

547 2184 630 2229 ter
655 2186 739 2232 est
768 2178 963 2245 Filius,
996 2197 1171 2253 neque
1219 2185 1391 2241 Filius
1415 2197 1498 2243 est
1550 2187 1740 2254 Pater;
1776 2209 1898 2247 nam
1935 2194 2112 2257 Pater.

2219 2194 2357 2263 (δην
2392 2193 2486 2247 καὶ
2531 2195 2559 2247 6
2606 2193 2753 2257 Υἱὸς,
2787 2193 2999 2265 Πατρός
3031 2192 3159 2257 Υἱός
3202 2194 3370 2246 ἐστιν.
3420 2194 3510 2257 Ὡς
3557 2193 3671 2266 γὰρ
3704 2194 3805 2247 οὐκ

545 2267 666 2324 Filii
701 2269 864 2327 Pater
893 2282 996 2338 est,
1027 2287 1080 2331 et
1109 2276 1299 2343 Filius,
1324 2279 1503 2335 Patris
1541 2292 1626 2337 est
1659 2283 1847 2339 Filius.
1881 2283 1951 2339 Ut
1971 2286 2113 2341 enim

2219 2285 2416 2357 ἔστινὴ
2458 2284 2608 2356 πηγὴ
2639 2288 2902 2356 ποταμὸς,
2937 2285 3057 2338 οὐδὲ
3088 2287 3116 2337 6
3140 2285 3384 2356 ποταμὸς
3415 2286 3595 2356 πηγὴ,
3626 2287 3805 2356 ἀμφόο

544 2362 667 2419 fons
701 2380 806 2420 non
862 2377 948 2422 est
995 2368 1210 2434 ﬂuvius.
1257 2388 1432 2443 neque
1491 2374 1689 2431 ﬂuvius
1723 2388 1807 2432 est
1832 2378 1971 2443 fons.
2020 2380 2114 2435 sed

2219 2396 2343 2449 τερα
2368 2379 2425 2432 δὲ
2449 2378 2505 2433 ἓν
2530 2380 2625 2433 καὶ
2646 2379 2840 2432 ταύτόν
2865 2381 3012 2432 ἐστιν
3040 2378 3184 2449 ὕδωρ
3211 2378 3273 2431 τὸ
3296 2379 3361 2431 ὲκ
3380 2378 3483 2448 τῆς
3514 2379 3704 2448 πηγῆς
3725 2382 3807 2443 εἰς

544 2462 772 2523 uterque
794 2474 898 2511 una
931 2470 986 2515 et
1032 2463 1216 2518 eadem
1253 2475 1335 2520 est
1362 2482 1522 2535 aqua,
1548 2484 1667 2539 qure
1710 2486 1777 2526 ex
1824 2472 1970 2527 fonte
2001 2489 2114 2543 per-

2219 2469 2303 2522 τὸν
2336 2472 2579 2542 ποταμὸν
2613 2472 3127 2542 μετοχετευόμενον·
3166 2470 3339 2533 οὕτως
3454 2471 3519 2522 ὲκ
3556 2470 3654 2523 τοῦ
3691 2472 3805 2523 Πα-

542 2558 728 2600 manat
756 2548 807 2602 in
844 2550 1099 2619 ﬂuvium;
1143 2557 1225 2611 sic
1264 2557 1522 2613 divinitas
1552 2578 1616 2615 ex
1653 2562 1815 2618 Patre
1840 2566 1889 2618 in
1918 2565 2109 2620 Filium

2219 2562 2338 2635 πρὸς
2380 2565 2459 2627 εἰς
2498 2564 2587 2618 τὸν
2614 2564 2742 2617 Υίὸν
2772 2564 2960 2633 θεότης
2993 2564 3305 2635 ἀρῤεύστως
3351 2564 3446 2617 καὶ
3476 2563 3807 2634 άδιαιρέτως

543 2638 746 2705 alisque
771 2637 1009 2697 ﬂuxione
1035 2653 1088 2697 et
1118 2639 1384 2702 divisione
1417 2648 1759 2708 diﬂ‘unditur.
1791 2652 1930 2709 Hinc
1983 2656 2113 2712 dicit

2219 2655 2465 2724 τυγχάνει
2500 2653 2633 2725 (58).
2667 2655 2803 2724 Φησὶ
2833 2654 2940 2725 γὰρ
2969 2657 2997 2708 6
3023 2654 3254 2725 Κύριος·
3294 2655 3390 2707 Ἐκ
3430 2652 3541 2706 τοῦ
3571 2654 3806 2721 Πατρός

543 2724 803 2783 Dominus
835 2747 849 2784 :
883 2729 967 2785 Ex
997 2731 1158 2789 Palre
1181 2737 1317 2791 exivi
1357 2748 1404 2792 et
1441 2740 1586 2794 venio
1618 2742 1684 2795 ”.
1715 2744 1867 2812 Apud
1896 2744 2109 2800 Patrem

2219 2743 2471 2813 ἐξῆλθον
2493 2724 2590 2799 καὶ
2628 2746 2774 2815 ἥκω.
2799 2724 2958 2818 Παρὰ
2985 2746 3041 2798 δὲ
3074 2724 3152 2815 τῷ
3186 2745 3360 2816 Πατρί
3380 2745 3531 2798 ἐστιν
3561 2746 3651 2798 ἀεὶ
3678 2747 3706 2797 ό
3725 2744 3803 2799 ὣν

542 2828 724 2873 autem
775 2836 992 2893 semper
1034 2826 1078 2881 is
1106 2839 1207 2894 est,
1249 2833 1340 2899 qui
1372 2843 1454 2888 est
1491 2834 1547 2898 in,
1582 2836 1702 2890 sinu
1736 2837 1913 2893 Patris
1944 2857 1957 2893 :
2012 2855 2111 2895 nec

2219 2837 2289 2898 εἰς
2323 2836 2413 2888 τὸν
2444 2834 2644 2888 κόλπον
2686 2834 2778 2887 τοῦ
2820 2834 3065 2906 Πατρός·
3096 2832 3347 2885 οὐδέποτε
3400 2832 3458 2884 δὲ
3497 2830 3743 2901 ὲκενώθη
3776 2831 3806 2881 6

542 2926 781 2981 unquam
815 2915 964 2972 sinus
995 2917 1173 2975 Patris
1197 2921 1316 2978 Filii
1347 2924 1634 2982 divinitate
1670 2937 1753 2984 est
1778 2920 2105 2995 exinanitu's,

2219 2928 2405 2991 κόλπος
2427 2926 2517 2980 τοῦ
2548 2926 2761 2997 Πατρὸς
2784 2926 2881 2995 τῆς
2904 2924 2997 2978 τοῦ
3030 2923 3156 2977 Υίοῦ
3191 2923 3443 2991 θεότητος
3464 2965 3477 2988 ,
3502 2923 3639 2993 φησὶ
3661 2923 3770 2992 γάρ
3785 2937 3802 2953 ⁸

540 3019 776 3076 namque
820 3009 896 3063 ait
940 3029 955 3066 :
1008 3010 1119 3081 Ego
1145 3030 1290 3068 eram
1345 3017 1486 3083 apud
1537 3034 1653 3072 eum
1701 3036 2008 3089 componens
2038 3024 2104 3080 ³³.

2219 3016 2366 3086 Ἐγὼ
2388 3015 2549 3085 ἤμην
2573 3017 2707 3084 παρ’
2732 3013 2892 3080 αὐτῷ
2918 3012 3272 3083 ἁρμόζουσα.
3305 3013 3377 3065 Οὐ
3407 3012 3716 3083 φρονοῦμεν
3744 3012 3802 3065 δὲ

538 3093 651 3150 Nec
682 3112 813 3154 vero
860 3102 1125 3159 sentimus
1175 3115 1419 3162 creatum
1446 3118 1502 3163 ut
1542 3110 1767 3177 factum,
1802 3123 1895 3168 aut
1923 3130 1989 3170 ex
2020 3117 2104 3171 ni-

2219 3107 2414 3177 κτίσμα
2450 3106 2558 3177 (59)
2594 3106 2627 3176 ἢ
2664 3106 2874 3177 ποίημα
2930 3105 2963 3176 ἢ
2994 3104 3051 3171 ἐξ
3090 3104 3189 3157 οὐκ
3219 3102 3384 3156 ὄντων
3412 3104 3505 3157 τὸν
3532 3104 3628 3157 τοῦ
3666 3122 3804 3158 παν-

538 3184 650 3241 ιιίεΙο
673 3201 795 3243 esse
828 3204 1007 3245 rerum
1037 3195 1278 3249 omnium
1308 3208 1606 3255 creatorem
1636 3201 1826 3269 Deum,
1882 3204 1975 3259 Dei
2005 3206 2097 3261 Fi-

2219 3200 2297 3262 κὸς
2325 3199 2551 3268 κτίστην
2591 3198 2724 3252 Θεὸν
2754 3197 2844 3251 τὸν
2878 3196 2972 3250 τοῦ
3007 3195 3140 3249 Θεοῦ
3174 3195 3322 3258 Υίὸν,
3360 3196 3452 3248 τὸν
3480 3198 3548 3249 ὲκ
3574 3196 3671 3250 τοῦ
3707 3197 3801 3251 δν-

537 3270 693 3339 lium,
732 3290 800 3332 ex
828 3280 1122 3337 exsistente
1146 3286 1524 3353 exsistentem,
1550 3306 1615 3346 ex
1648 3293 1763 3348 solo
1793 3295 1988 3361 solum,
2017 3298 2102 3352 cui

2219 3307 2296 3353 τος
2322 3289 2468 3353 ὄντα,
2499 3288 2591 3342 τὸν
2615 3290 2679 3343 ὲκ
2701 3289 2794 3342 τοῦ
2831 3288 2991 3360 μόνου
3023 3288 3201 3359 μόνον,
3230 3289 3305 3351 ὡς
3334 3286 3445 3355 (40)
3471 3304 3805 3356 συναπεγεν-

537 3364 607 3417 ah
636 3369 941 3425 aeternitate
979 3387 1045 3427 ex
1074 3372 1236 3430 Patre
1266 3392 1363 3447 par
1408 3381 1577 3450 gloria
1632 3393 1686 3439 et
1733 3387 1906 3442 virtus
1942 3390 2103 3445 simul

2219 3382 2343 3455 νήθη
2366 3384 2431 3436 ὲκ
2456 3382 2549 3436 τοῦ
2572 3382 2786 3453 Πατρός
2811 3381 2994 3444 ἀϊδίως
3022 3383 3055 3451 ἡ
3087 3380 3247 3451 ὁμοία
3268 3376 3395 3443 δόξα
3421 3379 3519 3431 κα)⁵
3543 3379 3799 3450 δύναμιςο

538 3454 777 3524 ingenita
806 3468 932 3515 est:
992 3478 1117 3517 nam
1168 3468 1259 3535 qui
1296 3470 1443 3525 videt
1472 3472 1692 3539 Filium,
1726 3477 1871 3533 videt
1920 3490 1973 3535 et
2001 3480 2104 3535 Pa-

2219 3454 2373 3547 5γὰρ
2407 3474 2667 3547 ἑωρακὼς
2696 3476 2788 3528 τὸν
2829 3475 2955 3527 Υἱὸν
3004 3473 3097 3528 καὶ
3146 3471 3237 3526 τὸν
3288 3472 3513 3543 Πατέρα
3557 3470 3799 3543 ἑώρακε.

537 3554 676 3601 trem
703 3548 771 3606 “.
803 3549 1006 3623 Nempe
1028 3557 1209 3611 omnia
1238 3574 1335 3628 per
1364 3560 1555 3617 Filium
1598 3575 1778 3621 creata
1832 3579 1958 3623 sunt
1985 3588 1999 3625 :
2048 3580 2105 3626 at

2219 3567 2291 3620 Τὰ
2321 3568 2497 3622 πάντα
2530 3568 2770 3639 δηλονότι
2814 3567 2901 3620 διὰ
2939 3566 3031 3619 τοῦ
3083 3564 3215 3619 Υἱοῦ
3269 3563 3635 3634 ἐκτίσθησαν·
3681 3563 3803 3615 ἀλλ’

538 3654 644 3693 non
678 3640 791 3708 ipse
826 3659 913 3698 res
944 3657 1029 3700 est
1054 3651 1348 3714 creata,uti
1374 3652 1458 3707 his
1481 3654 1660 3710 verbis
1685 3658 1841 3712 docet
1866 3659 2099 3717 Paulus:

2219 3659 2308 3712 οὐκ
2332 3659 2476 3713 ἔστιν
2499 3659 2662 3723 αὐτὸς
2694 3660 2917 3730 κτίσμα,
2942 3659 3015 3722 ὣς
3048 3674 3210 3727 φησιν
3240 3658 3268 3710 6
3300 3655 3515 3718 Παῦλος
3542 3656 3672 3725 περὶ
3704 3655 3801 3709 τοῦ

541 3729 683 3795 Quia
729 3735 782 3788 in
833 3736 945 3804 ipso
988 3748 1165 3794 creata
1216 3752 1337 3794 sunt
1397 3746 1593 3809 omnia,
1645 3758 1692 3800 et
1728 3748 1837 3817 ipse
1876 3760 1951 3803 est
1984 3762 2104 3806 ante

2219 3752 2415 3821 Κυρίου
2442 3770 2456 3783 ·
2496 3753 2615 3805 Ὅτι
2634 3752 2703 3805 ἐν
2729 3729 2887 3816 αὐτῷ
2919 3751 3162 3818 ἐκτίσθη
3192 3750 3262 3803 τὰ
3290 3748 3509 3811 πάντα,
3542 3748 3643 3800 καὶ
3688 3749 3801 3801 αὑ-

2210 3843 2311 3907 τός
2338 3843 2467 3895 ἐστι
2492 3843 2605 3911 πρὸ
2634 3842 2892 3897 πάντων.
2926 3843 2999 3895 Οὐ
3032 3841 3197 3909 λέγει,
3228 3840 3282 3892 δὲ
3314 3840 3396 3892 ὅτι
3438 3839 3547 3910 πρὸ
3576 3838 3798 3891 πάντων

2211 3934 2456 4006 ἐκτίσθη,
2497 3934 2611 3987 ἀλλ’
2642 3936 2722 3988 ὅτι
2754 3935 2859 4006 πρὸ
2892 3933 3107 3987 πάντων
3131 3931 3267 3985 ἐστί’
3299 3931 3359 3984 τὺ
3386 3930 3518 3999 γοῦν
3546 3929 3795 3982 ἐκτίσθαι

2211 4026 2304 4078 ἐπὶ
2333 4027 2549 4080 πάντων
2582 4030 2789 4080 κεῖται·
2809 4026 2868 4080 τὸ
2894 4027 2973 4091 δὲ,
3003 4025 3114 4078 ἐστι
3138 4023 3243 4096 πρὸ
3272 4024 3512 4087 πάντων,
3545 4022 3692 4093 μόνῳ
3716 4020 3798 4092 τῷ

2212 4117 2326 4189 Υίῷ
2351 4118 2630 4189 ἁρμόττει.

2276 4211 2329 4264 5.
2360 4210 2610 4282 Γέννημα
2636 4210 2815 4263 τοίνυν
2861 4208 3002 4263 κατὰ
3036 4208 3195 4278 φύσιν
3239 4210 3304 4262 ἐκ
3340 4208 3552 4262 τελείου
3585 4208 3796 4262 τέλειόν

2206 4302 2343 4366 ἐστι,
2395 4302 2501 4373 πρὸ
2536 4302 2753 4357 πάντων
2795 4300 2997 4371 βουνῶν
3050 4300 3340 4372 γεννηθὲν,
3383 4301 3635 4354 τουτέστι
3684 4298 3796 4370 πρὸ

2207 4393 2388 4464 πάσης
2433 4393 2655 4464 λογικῆς
2690 4394 2784 4447 καὶ
2832 4395 3022 4467 νοερᾶς
3052 4393 3257 4458 οὐσίας,
3297 4393 3372 4457 ὡς
3406 4395 3500 4447 καὶ
3534 4396 3592 4449 ἐν
3619 4395 3794 4465 ἑτέρῳ

2196 4486 2356 4559 ητόπῳ
2381 4487 2545 4557 φησὶν
2568 4488 2730 4542 αὑτὸν
2751 4489 2781 4543 6
2804 4488 3014 4553 Παῦλος
3038 4488 3148 4559 (41)
3173 4488 3556 4557 πρωτότοκον
3586 4486 3793 4553 πάσης

540 3824 714 3878 omnia
745 3826 813 3883 ³⁸.
848 3827 961 3882 Non
992 3839 1171 3884 autem
1205 3833 1335 3886 dicit
1356 3849 1475 3887 eum
1499 3847 1624 3890 ante
1645 3842 1826 3895 omnia
1862 3857 2100 3898 creatmn

538 3924 682 3977 esse,
710 3915 803 3968 sed
824 3930 943 3971 esse
966 3929 1091 3973 ante
1120 3922 1321 3978 omnia.
1354 3924 1465 3979 Hoc
1490 3927 1650 3997 igitur
1683 3934 1925 4000 verbum,
1955 3951 2101 3991 crea-

540 4012 655 4057 tum
690 4020 830 4068 esse,
850 4008 917 4062 de
939 4012 1191 4066 omnibus
1213 4015 1427 4083 quidem
1451 4020 1647 4074 dicitur
1669 4041 1682 4078 :
1715 4025 1807 4080 sed
1833 4040 1951 4082 esse
1977 4042 2105 4086 ante

536 4093 716 4148 omnia
740 4095 839 4150 soli
876 4098 1059 4167 utique
1088 4099 1224 4156 Filio
1263 4108 1529 4168 congruit.

607 4182 665 4239 5.
695 4184 998 4255 llleitaque
1030 4188 1171 4244 fetus
1193 4202 1275 4245 est
1300 4202 1493 4249 natura
1540 4196 1809 4266 perfectus
1838 4217 1901 4257 ex
1927 4203 2105 4273 perfe-

535 4283 649 4339 cto,
677 4287 802 4332 ante
828 4292 1017 4335 omnes
1047 4281 1213 4337 colles
1229 4284 1462 4354 genitus,
1483 4288 1585 4343 hoc
1604 4299 1707 4357 est,
1736 4302 1861 4348 ante
1884 4309 2101 4349 omnem

538 4377 785 4426 naturam
818 4373 1029 4429 ratione
1061 4386 1116 4430 et
1170 4376 1523 4449 intelligentia
1578 4384 1880 4453 prmditam,
1916 4402 2105 4456 quem-

536 4462 824 4519 admodum
845 4465 968 4522 alibi
993 4467 1189 4525 Paulus
1206 4486 1326 4525 eum
1352 4486 1503 4527 vocat
1519 4476 1920 4547 primogenitum
1934 4481 2104 4536 omnis

605 4698 673 4821 ῖἱῖ
690 4696 820 4752 Luc.
858 4715 1014 4765 χχιιι,
1045 4700 1135 4758 45.
1211 4703 1255 4733 ’ί
1282 4700 1448 4758 lCor.
1481 4719 1542 4769 ιι,
1572 4703 1651 4760 10.

535 4783 577 4822 ι.
678 4803 695 4820 .

562 4804 577 4832 ,
614 4803 695 4821 IV.

1762 4709 1807 4740 "
1828 4705 1987 4762 Joan.
2015 4707 2237 4776 “1,28.
2335 4710 2380 4742 ”
2411 4709 2571 4773 Prov.
2604 4726 2718 4776 vnn,
2743 4712 2833 4767 30.
2934 4714 2981 4744 "
3006 4712 3163 4766 Joan.
3194 4726 3309 4774 xiv,
3336 4709 3391 4764 9.
3502 4712 3550 4743 "
3576 4712 3788 4767 Coloss.

605 4921 717 4991 (54)
758 4922 867 4975 Καί
896 4924 1049 4981 abest
1104 4940 1133 4980 a
1178 4926 1645 4994 Seguer.Gobler.
1691 4941 1747 4985 et
1782 4930 2021 4985 Feli-km.
2072 4934 2095 4986 1
2138 4936 2180 4988 D
2211 4948 2343 5007 cum
2369 4933 2577 4989 reddit:
2623 4936 2709 4987 cui
2742 4943 2799 4987 ut
2825 4935 2889 5007 ob
2916 4947 3205 5007 attenta};
3250 4936 3409 4992 Parre
3453 4942 3632 5007 genito
3689 4960 3789 5007 par
3900 4996 3903 4997 ν

534 5006 698 5045 anon.

607 5061 720 5139 (εδ)
785 5062 1001 5139 Gobler.
1059 5074 1113 5139 et
1168 5060 1504 5139 Fclckman.,
1539 5068 1731 5122 ταῦτα.
1788 5069 1906 5124 Mox
1970 5070 2103 5139 Reg.

533 5143 599 5207 et
636 5133 865 5207 Seguer.
908 5133 1218 5207 Υίοπάτορα
1256 5136 1499 5191 habent:
1549 5138 1638 5192 alii
1686 5154 1814 5194 vero
1863 5150 1919 5195 et
1950 5133 2105 5207 editi,

537 5202 773 5256 Υίοπατέ
783 5219 869 5272 pa.

749 5272 971 5351 ‘S_egu_e_r.
1000 5274 1305 5351 πολυθείαν,
1330 5277 1404 5335 Id.
1441 5294 1582 5351 mox,
1617 5280 2000 5351 γεγενημένος.

607 5343 720 5410 ('57)
751 5344 894 5398 Ἑστί
923 5347 1009 5399 hic
1026 5356 1079 5399 et
1107 5363 1232 5400 mox
1258 5350 1414 5402 abest
1442 5364 1471 5401 a
1497 5343 2105 5407 Cubleriano'ethltk—

2211 5002 2377 5092 gioria
2518 5004 3060 5092 potea‘tosgwAIniortle
3098 5000 3143 5074 ᾧ
3170 5023 3266 5073 pro
3285 5008 3371 5092 t'o;
3409 5000 3639 5072 legerit?
3677 5000 3785 5092 Nos

2213 5074 2283 5125 ita
2316 5074 2575 5149 vertimus
2602 5075 2757 5142 quasi
2784 5074 2828 5141 ᾧ
2847 5075 3123 5143 legendum
3156 5089 3332 5131 esset:
3374 5096 3498 5132 nam
3526 5097 3593 5135 ex
3622 5084 3785 5149 parti-

2212 5142 2333 5194 cula
2360 5142 2435 5214 ὡς
2464 5142 2641 5197 nullus
2670 5153 2849 5214 rectus
2876 5142 3087 5206 sensus.
3114 5156 3171 5198 ut
3206 5149 3361 5201 nobis
3392 5142 3786 5214 quidem'vide-

2216 5221 2322 5274 tur,
2350 5213 2469 5267 elici
2508 5223 2705 5281 potest.
2738 5213 2983 5268 Nostram
3034 5226 3211 5268 autem
3254 5213 3626 5283 conjecturam
3675 5237 3777 5273 non

2214 5296 2423 5361 parum_
2450 5284 2772 5361 confirmant
2794 5299 2914 5351 qua:
2952 5285 3316 5361 subjiciuntur
3340 5291 3529 5361 verba,
3584 5291 3642 5344 Ὀ
3674 5290 3783 5361 γὰρ

2213 5351 2473 5423 ἑωρακὼς
2506 5352 2594 5423 τόν
2622 5354 2769 5415 Υίόν,
2813 5363 2917 5407 etc.
2948 5352 3087 5406 Nam
3114 5357 3202 5422 qui
3236 5356 3368 5409 videt
3389 5351 3619 5423 Filium,
3649 5351 3780 5413 villi!

536 5413 720 5465 manui
753 5415 773 5468 ι
801 5429 1089 5486 anonymo.
2208 5430 2257 5473 ct
2281 5413 2664 5495 Iintreriulnde
2686 5413 3053 5495 enimclarum
3088 5413 3275 5478 estliic
3301 5413 3622 5495 signiﬁcari,
3647 5428 3783 5483 Filio

627 5482 716 5548 58)
752 5482 908 5553 Reg,
938 5482 1119 5554 τυχόν,
1154 5488 1428 5543 mendose.
1876 5560 1883 5562 Α
2204 5507 2269 5544 ex
2308 5491 2462 5544 Patre
2495 5494 2723 5545 similem
2760 5493 2892 5547 adeo
2916 5493 3141 5562 gloriam
3165 5504 3219 5547 et
3248 5482 3503 5551 virtutem
3545 5482 3670 5553 esse
3712 5498 3783 5550 ab

627 5483 716 5548 58)
752 5483 908 5553 Reg,
938 5483 1119 5554 τυχόν,
1154 5488 1428 5543 mendose.
2204 5507 2269 5544 ex
2308 5491 2462 5568 Patre
2495 5494 2723 5545 similem
2760 5493 2892 5547 adeo
2916 5493 3141 5575 gloriam
3165 5504 3219 5547 et
3237 5483 3503 5579 virtutem
3545 5483 3670 5580 esse
3712 5498 3781 5577 ab

606 5483 723 5624 (59)
755 5554 807 5607 In
833 5570 961 5608 mss.
996 5556 1126 5621 Reg.
1166 5565 1218 5608 et
1247 5556 1471 5625 Seguer.
1504 5562 1761 5629 particula
1794 5560 1908 5624 καί,
1938 5576 2097 5627 quam
2203 5571 2506 5635 :thernitate
2540 5565 2800 5631 genitam,
2829 5573 2887 5617 ut
2938 5566 3031 5633 qui
3084 5565 3277 5618 νιάετιι
3308 5564 3532 5635 Filium,
3584 5570 3781 5623 Viderit

537 5620 627 5691 hic
654 5622 743 5691 alii
772 5634 825 5675 et
855 5626 982 5678 editi
1011 5620 1234 5691 addunt,
1259 5620 1401 5682 nulla
1433 5620 1536 5686 est.
1894 5620 1903 5624 ⁷
1958 5620 1967 5627 ’
2200 5631 2357 5683 simul
2378 5642 2429 5685 et
2455 5620 2685 5685 Patrem.

609 5688 833 5771 (40)Si_c
863 5688 1249 5771 mssLSeguer.
1297 5709 1355 5752 et
1385 5699 1515 5769 Reg.
1549 5717 1681 5768 quos
1708 5700 1809 5771 ipsi
1845 5700 2096 5771 vidimus,

2275 5700 2389 5768 (41)
2414 5703 2582 5757 Αὑτὸν
2608 5705 2636 5756 ὁ
2660 5701 2868 5766 Παῦλος
2897 5703 3051 5760 abest
3075 5720 3103 5761 a
3131 5704 3346 5763 Goblcr.
3381 5718 3437 5764 et
3480 5706 3715 5765 Felckm.
3744 5706 3773 5766 1

539 5771 703 5837 atque
741 5761 902 5837 etiam
929 5764 1083 5837 edi_ti._
1110 5761 1317 5837 Nullam
1367 5761 1579 5837 quoque
1621 5772 1706 5825 hic
1730 5761 1863 5826 inss.
1895 5761 2099 5824 discreL
2201 5761 2360 5825 alien.

540 5828 783 5896 pantiam
812 5828 967 5889 aﬂert
993 5828 1407 5897 Felckmannus'.
1437 5828 1678 5896 Nannius
1716 5842 1793 5899 sic
1830 5842 1971 5898 hunc
2021 5840 2097 5899 lu-
