4006 6502
523 406 633 465 207
1115 411 1172 466 S.
1219 413 1587 472 ATIIANASII
1626 417 1777 475 OPP.
1817 418 1997 477 PARS
2034 422 2077 476 1.
2119 453 2187 463 -
2228 425 2598 482 HISTORICA
2641 426 2731 479 ET
2770 427 3186 485 DOGMATICA.
3666 433 3771 489 908

524 521 666 578 facta
702 535 756 578 et
782 536 957 582 creata
984 537 1070 583 est
1098 546 1313 600 corpus,
1356 533 1495 602 quod
1527 544 1745 604 propter
1775 551 1875 591 nos
1907 546 2090 604 gesta-

2193 540 2484 609 ἐγεννήθη
2516 542 2678 610 ἡμῖν,
2707 542 2782 606 ὥς
2816 562 2979 613 φησιν
3015 546 3045 596 ὁ
3077 543 3307 609 Παῦλος,
3342 547 3457 600 ἀπὸ
3488 547 3637 601 Θεοῦ
3672 565 3775 602 σου

525 619 599 673 vit
641 620 1091 686 Dominus,Quod
1126 626 1356 692 genitum
1383 627 1528 678 nobis
1552 636 1646 689 est,
1671 637 1729 679 ut
1759 628 1835 681 ait
1872 627 2090 693 Paulus,

2193 632 2300 699 φίιῑ
2332 633 2427 685 καὶ
2463 632 2753 702 ἁγιασμὸς
2777 635 2873 686 καὶ
2899 634 3250 703 δικαιοσύνη
3296 637 3391 690 καὶ
3427 638 3772 706 ἀπολύτρω-

521 727 552 762 a
590 708 694 762 Deo
726 713 986 779 sapientia
1016 724 1063 767 et
1092 718 1447 783 sanctiﬁcatio
1483 728 1528 771 et
1562 716 1774 787 justitia
1807 732 1855 773 ct
1887 724 2091 775 redem-

2191 738 2291 787 σις
2313 738 2326 751 ·
2362 723 2563 792 καίπερ
2592 724 2697 794 πρὸ
2720 723 2874 793 ἡμῶν
2906 725 2999 777 καὶ
3025 726 3204 796 πάσης
3231 725 3457 787 κτίσεως
3488 726 3651 794 σοφία
3678 726 3772 779 τοῦ

517 805 622 871 ptio
642 802 717 869 ³ος
742 804 989 873 quamvis
1020 819 1145 861 ante
1171 798 1451 878 nos‘atqne
1487 827 1595 864 rem
1623 814 1918 881 quamlibet
1940 831 2091 868 crea-

2193 809 2403 880 Πατρδς
2457 806 2525 880 ἦν
2559 813 2587 863 ὁ
2625 812 2795 878 Λόγος
2828 812 2920 863 καὶ
2952 811 3089 864 ἔστι.
3155 813 3226 864 Τὸ
3254 813 3309 865 δὲ
3336 814 3490 881 ἅγιον
3519 814 3767 884 Πνεῦμα,

521 904 626 948 lant
666 908 718 950 et
754 896 919 952 fuerit
957 909 1010 954 et
1039 900 1110 954 sit
1138 899 1393 966 Verbum,
1449 901 1630 956 Patris
1661 904 1920 972 sapientia
1954 905 2088 976 (5i).

2190 900 2504 969 ἐκπόρευμα
2532 900 2589 953 ὃν
2610 902 2702 954 τοῦ
2729 903 2839 954 lla:
2851 902 2959 972 ρὺς,
2988 902 3075 954 ἀεί
3096 904 3239 955 ἐστιν
3267 905 3324 956 ἐν
3351 907 3470 966 ταῖς
3494 905 3653 975 χερσὶ
3673 905 3768 957 τοῦ

522 988 760 1044 Sanctus
794 1001 973 1045 autem
1012 990 1248 1061 Spiritus
1274 993 1365 1063 qui
1401 1009 1429 1047 a
1454 992 1615 1049 Patre
1642 996 1905 1064 procedit,
1940 1011 2086 1050 sem-

2190 992 2501 1062 πέμποντος
2526 994 2736 1063 Πατρὸς
2771 995 2864 1047 καὶ¹
2925 994 3019 1047 τοῦ
3072 995 3325 1067 φέροντος
3379 995 3512 1049 Υἱοῦ
3538 1035 3552 1059 ,
3602 995 3668 1049 δι’
3707 993 3768 1052 οὗ

520 1096 617 1148 per
668 1092 751 1134 est
801 1082 855 1135 in
910 1085 1160 1138 manibus
1204 1083 1382 1140 Patris
1440 1088 1724 1151 mittentis,
1765 1096 1821 1142 et
1863 1086 2087 1143 ferentis

2188 1081 2473 1153 ἐπλήρωσε
2506 1083 2573 1136 τὰ
2608 1084 2801 1138 πάντα.
2837 1086 2893 1137 '0
2924 1086 3133 1157 Πατὴρ,
3162 1087 3399 1157 συνέχων
3421 1086 3532 1159 (59.)
3553 1087 3612 1151 ἐξ
3649 1089 3768 1140 ἑαυ-

518 1172 660 1236 Filii,
695 1190 789 1243 per
822 1190 979 1243 quem
1016 1175 1223 1230 scilicet
1254 1178 1433 1231 omnia
1461 1178 1706 1246 replevit.
1737 1178 1899 1233 Pater
1924 1180 2088 1249 igitur

2187 1174 2280 1227 τοῦ
2304 1176 2366 1227 τὸ
2386 1171 2542 1239 εἶναι,
2578 1177 2833 1247 ἐγέννησε
2864 1177 2955 1230 τὸν
2988 1178 3135 1239 Υἱὸν,
3177 1178 3252 1241 ὡς
3286 1179 3515 1250 ἔφαμεν,
3539 1180 3635 1231 καὶ
3667 1181 3769 1233 οὐκ

515 1264 607 1330 qni
638 1279 702 1317 ex
730 1266 908 1334 seipso
936 1282 1076 1329 csse,
1108 1278 1164 1321 ut
1195 1270 1265 1323 ita
1298 1270 1511 1337 loquar,
1547 1270 1810 1335 continet,
1864 1270 2082 1335 Filium,

2186 1266 2419 1332 ἔκτισεν,
2451 1268 2527 1331 ὡς
2556 1270 2798 1341 ποταμὸν
2826 1270 2931 1323 ἀπὸ
2954 1272 3156 1342 πηγῆς,
3181 1270 3273 1322 καὶ
3307 1270 3381 1333 ὼς
3405 1270 3633 1340 βλαστὸν
3660 1270 3768 1323 ἀπὸ

517 1358 590 1411 nti
631 1357 886 1419 diximus,
926 1360 1128 1428 genuit,
1163 1377 1268 1415 non
1299 1363 1529 1423 creavit,
1566 1378 1672 1415 non
1710 1376 1866 1416 secus
1897 1375 1959 1415 ac
1987 1360 2085 1413 llu-

2187 1358 2362 1431 ρξζης,
2425 1360 2521 1413 καὶ
2580 1362 2654 1425 ὡς
2710 1362 3050 1432 ἀπαύγασμα
3108 1363 3215 1415 ἀπὸ
3246 1362 3442 1429 φωτὸς,
3487 1361 3525 1415 ἃ
3556 1356 3697 1413 οἶδεν
3730 1363 3766 1431 ἡ

511 1449 659 1502 vium
704 1464 772 1503 ex
825 1448 995 1513 fonte,
1040 1465 1260 1521 germen
1308 1468 1374 1507 ex
1418 1453 1622 1516 radice,
1656 1463 1711 1508 et
1742 1454 2080 1522 splendorem

2185 1451 2345 1518 φύσις
2376 1451 2683 1523 ἀδιαίρεταο
2717 1454 2784 1506 δι’
2826 1446 2887 1506 οὗ
2918 1453 2994 1524 τῷ
3018 1455 3192 1531 llas-pl.
3223 1453 3368 1518 δόξα,
3404 1453 3632 1523 κράτος,
3669 1470 3764 1523 με-

510 1554 577 1591 ex
615 1538 753 1601 luce,
787 1554 908 1608 quze
947 1541 1220 1595 individua
1251 1557 1390 1607 esse,
1425 1554 1617 1597 natura
1658 1545 1770 1611 ipsa
1816 1545 2078 1612 agnoscit.

2185 1543 2451 1614 γαλοσύνη
2486 1545 2592 1616 πρὸ
2623 1545 2840 1598 πάντων
2870 1545 2978 1598 τῶν
3000 1546 3209 1598 αἰώνων
3244 1545 3356 1615 (55)
3373 1586 3387 1610 ,
3415 1546 3512 1597 καὶ
3530 1546 3612 1608 εἰς
3640 1544 3767 1608 τοὺς

511 1628 616 1682 Per
647 1631 822 1699 ipsum
853 1640 1032 1686 autem
1074 1634 1144 1687 sit
1195 1632 1341 1687 Patri
1388 1633 1578 1703 gloria,
1612 1644 1854 1703 potestas
1883 1646 1935 1687 et
1970 1650 2084 1687 ma-

1783 1647 1854 1687 ias
1883 1646 1935 1687 et
1970 1650 2084 1687 ma-
2186 1634 2509 1707 σύμπαντας
2538 1637 2738 1701 αἰῶνας
2770 1636 2878 1691 τῶν
2903 1636 3134 1691 αἰώνων.
3173 1638 3365 1707 ’Λμήν.

512 1723 682 1791 iestas
726 1734 851 1779 ante
898 1727 1079 1780 omnia
1130 1727 1346 1793 saecula,
1374 1738 1429 1782 et
1460 1728 1511 1781 in
1545 1728 1727 1782 omnia
1755 1728 1947 1783 szecula
1984 1745 2082 1784 sa:-

513 1815 783 1871 eulorum.
818 1818 989 1873 Amen

569 1976 728 1988 .—

1264 2112 1750 2176 ADMONITIO
1795 2114 1893 2175 IN
1923 2114 2446 2189 SEQL’ENTEM
2480 2116 3005 2183 TRACTATL’M.

582 2439 640 2494 In
672 2438 926 2493 Tractatu
958 2435 1202 2506 sequenti
1238 2448 1457 2502 pravam
1491 2433 1704 2488 Eusebii
1736 2433 2269 2503 Eusebianorumque
2300 2435 2798 2503 interpretationem
2839 2438 2888 2490 in
2934 2437 3048 2493 hsce
3086 2440 3283 2494 Christi
3324 2441 3537 2497 Domini
3576 2446 3767 2513 verba,

514 2532 705 2588 Omnia
736 2532 861 2584 mihi
898 2531 1092 2583 tradita
1121 2538 1235 2588 sunt
1267 2544 1299 2579 a
1340 2526 1498 2579 Patre
1526 2543 1638 2580 meo
1663 2527 1728 2593 ",
1777 2526 1974 2582 refellit
1998 2539 2219 2582 sanctus
2260 2528 2617 2583 Athanasius.
2671 2529 2747 2583 ΙΙΙί
2798 2532 2941 2584 enim
2989 2547 3053 2585 ex
3097 2531 3180 2585 bis
3211 2533 3391 2587 verbis
3442 2533 3641 2588 Filium
3670 2536 3763 2591 Dei

512 2637 614 2678 nec
643 2634 904 2677 :etcrnum
937 2637 1036 2675 nec
1073 2638 1137 2677 ex
1172 2622 1331 2676 Patre
1358 2636 1480 2676 esse
1508 2622 1952 2677 concludebant:
2008 2623 2102 2677 sed
2150 2623 2340 2677 falsam
2379 2625 2756 2679 haereticorum
2791 2631 3302 2682 commentationem
3358 2645 3481 2684 esse
3524 2633 3763 2686 ostendit

511 2726 737 2771 Sanctus
769 2716 980 2779 doctor,
1012 2728 1111 2769 nec
1146 2716 1259 2770 haec
1294 2715 1453 2769 verba
1486 2729 1644 2782 posse
1676 2714 1927 2785 intelligi,
1962 2715 2065 2768 nisi
2096 2716 2163 2769 de
2196 2716 2358 2770 Verbi
2407 2717 2574 2770 divini
2630 2718 3022 2783 incarnatione,
3080 2720 3131 2773 in
3185 2735 3289 2790 qua
3322 2721 3538 2775 scilicet
3572 2724 3762 2776 huma‘

512 2824 641 2861 num
675 2823 844 2879 genus
874 2820 1098 2877 peccato
1124 2807 1283 2877 primi
1318 2808 1557 2877 parentis
1590 2807 1891 2862 sauciatam
1940 2816 1993 2861 et
2033 2816 2370 2874 corruptum,
2411 2808 2486 2862 illi
2529 2817 2586 2862 ut
2631 2810 2857 2871 mediro,
2914 2819 2971 2862 ut
3020 2811 3165 2876 vitae,
3208 2823 3264 2865 ut
3308 2813 3433 2878 luci,
3468 2823 3527 2866 ut
3565 2812 3760 2867 rationi

510 2907 810 2958 sanandum
851 2905 1105 2957 traditum
1135 2916 1241 2967 est,
1269 2912 1329 2956 ut
1364 2902 1619 2957 nimirum
1649 2902 2106 2973 quemadmodum
2137 2904 2321 2956 omnia
2351 2920 2447 2973 per
2484 2904 2656 2972 ipsum
2688 2903 2830 2958 facta
2861 2902 3098 2966 fuerant,
3130 2903 3210 2956 sic
3251 2904 3303 2957 in
3337 2902 3455 2972 ipso
3482 2903 3759 2957 instaura-

510 3009 700 3053 rentur
746 3015 811 3054 ac
853 3001 1227 3053 reficerentur.
1268 2999 1459 3053 Postea
1491 2999 1735 3069 ejusdem
1771 2997 1931 3051 Verbi
1961 3014 2082 3052 cum
2114 2998 2279 3052 Patre
2323 3000 2586 3053 unitatem
2616 2999 2810 3067 prohat
2848 3012 2911 3052 ex
2951 2998 3035 3051 his
3068 2997 3246 3051 verbis
3271 2995 3502 3051 Joannis
3529 3012 3641 3059 xw,
3673 2997 3762 3059 15,

510 3090 701 3144 Omnia
739 3107 1060 3161 quwcunque
1090 3091 1241 3144 habet
1280 3090 1459 3156 Pater,
1508 3108 1621 3143 mea
1651 3100 1772 3143 sunt
1800 3106 1818 3143 :
1851 3091 1976 3144 inde
2008 3091 2155 3145 enim
2197 3093 2349 3160 sequi
2404 3093 2615 3154 omnia,
2658 3106 2777 3160 qua:
2813 3102 2939 3143 sunt
2991 3091 3043 3142 in
3094 3087 3275 3152 Patre,
3308 3102 3427 3141 esse
3461 3103 3680 3156 quoque
3708 3087 3760 3140 in

508 3183 683 3239 Filio:
714 3200 777 3239 ac
804 3185 1030 3255 proinde
1064 3198 1183 3238 cum
1214 3193 1448 3240 mteruus
1476 3186 1548 3240 sit
1578 3184 1753 3249 Pater,
1781 3195 2041 3239 aeternum
2076 3201 2287 3254 quoque
2318 3202 2438 3241 esse
2470 3186 2660 3239 Filium
2696 3205 2707 3239 :
2742 3195 2796 3239 et
2846 3196 2904 3239 ut
2940 3186 3005 3239 de
3039 3183 3195 3237 Patre
3245 3199 3349 3239 non
3401 3194 3579 3252 potest
3634 3184 3760 3248 dici,

507 3276 609 3331 fuit
653 3276 942 3346 aliquando
992 3283 1204 3342 tempus
1245 3290 1364 3327 cum
1402 3289 1505 3327 non
1530 3287 1697 3337 esset,
1732 3276 1811 3327 vel
1850 3290 1913 3329 ex
1949 3276 2137 3340 nihilo,
2176 3277 2247 3330 ita
2275 3292 2376 3331 nec
2420 3277 2533 3331 haec
2575 3277 2641 3331 de
2686 3275 2824 3330 Filio
2872 3276 2951 3330 fas
2983 3290 3104 3330 esse
3133 3276 3419 3344 suspicari.
3456 3275 3760 3330 Addit-Do-

507 3372 714 3424 minum
745 3381 899 3425 caute
935 3369 1158 3431 dixisse,
1184 3384 1504 3438 qua'cunque
1537 3371 1688 3422 habet
1728 3368 1912 3430 Pater,
1949 3385 2017 3424 ne
2057 3370 2308 3425 videlicet
2358 3372 2499 3440 ipse,
2534 3372 2699 3427 Pater
2739 3386 2860 3426 esse
2905 3372 3239 3435 crederetur,
3292 3381 3456 3438 atque
3495 3371 3635 3424 adeo
3676 3371 3761 3424 his

509 3466 671 3518 etiam
706 3466 889 3519 verbis
917 3463 1137 3518 Sabellii
1168 3477 1411 3517 errorem
1449 3460 1737 3515 manifeste
1770 3465 1963 3516 everti.
1995 3464 2279 3519 Postremo
2310 3466 2455 3519 aliud
2486 3466 2808 3520 Arianorum
2833 3474 3197 3518 commentum
3231 3462 3479 3515 dissolvit
3513 3462 3758 3513 Athana—

509 3555 646 3609 sius.
673 3555 750 3609 illi
794 3572 987 3627 nempe
1016 3566 1076 3611 ut
1106 3571 1256 3612 suam
1301 3558 1552 3612 haeresim
1593 3558 1925 3622 stabilirent,
1956 3560 2227 3630 ﬁngebant
2256 3563 2537 3617 cherubim
2574 3572 2628 3617 et
2655 3563 2928 3629 seraphim
2960 3571 3041 3615 ter
3067 3574 3251 3613 vocem
3289 3556 3519 3612 Sanctus
3550 3558 3765 3612 diverse

507 3649 772 3720 proferre,
814 3651 983 3721 prima
1010 3652 1219 3707 scilicet
1246 3652 1387 3714 vice,
1423 3648 1617 3721 magna
1647 3665 1799 3716 voce,
1826 3662 1883 3705 ut
1918 3652 2198 3707 Domintim
2228 3654 2533 3711 indicarent
2559 3675 2573 3723 ;
2613 3658 2845 3711 secunda
2870 3656 3047 3708 minus
3076 3652 3241 3713 clara,
3275 3658 3331 3704 ut
3368 3650 3758 3717 subiectionem

515 3746 752 3815 aliquam
788 3745 1199 3817 signiﬁcarent,
1232 3751 1465 3821 denique
1523 3751 1687 3806 tertia
1724 3752 1864 3817 vice,
1900 3767 2032 3807 voce
2074 3754 2365 3819 submissa,
2418 3767 2475 3810 ut
2526 3756 2838 3811 inferiorem
2890 3751 3067 3806 adhuc
3113 3747 3360 3800 ordinem
3413 3746 3761 3802 denotarent.

514 3838 715 3893 Verum
749 3840 890 3895 hanc
944 3841 1440 3910 interpretationem
1491 3844 1916 3897 commentitiam
1965 3858 2086 3899 esse
2135 3847 2406 3902 convincit
2460 3858 2682 3903 sanctus
2714 3847 2920 3907 doctor,
2965 3843 3224 3905 docetque
3272 3836 3413 3889 trina
3477 3835 3566 3888 illa
3612 3837 3761 3890 vocis

512 3927 745 3983 Sanctus
775 3930 1094 3985 iterationes
1124 3941 1232 3985 tres
1270 3932 1542 3999 periectas
1572 3932 1931 3986 sanctissima:
1961 3932 2245 3988 Trinitatis
2272 3938 2591 4006 hypostases
2629 3934 2945 4006 significari,
2976 3943 3077 3984 una
3121 3937 3297 3979 autem
3327 3928 3476 3979 vocis
3510 3926 3763 3980 Dominus

511 4020 948 4086 pronuntiatione
974 4036 1149 4075 unam
1166 4022 1402 4091 eiusdem
1437 4022 1708 4092 designari
1739 4022 2118 4077 substantiam.
2151 4023 2319 4079 Porro
2354 4027 2465 4081 haec
2492 4026 2675 4080 eadem
2700 4026 2834 4087 loca,
2867 4022 3058 4076 Omnia
3088 4017 3213 4070 mihi
3241 4017 3439 4070 tradita
3456 4018 3569 4087 82
3587 4030 3707 4071 sunt
3729 4036 3761 4073 α

511 4109 695 4175 Patre,
736 4119 813 4175 et,
843 4112 1021 4164 omnia
1057 4126 1379 4180 quwcunque
1418 4112 1571 4164 habet
1604 4110 1784 4181 Pater,
1814 4128 1928 4165 mea
1955 4122 2096 4179 sunt,
2127 4114 2314 4167 eodem
2354 4128 2511 4168 sensu
2540 4114 2833 4180 iisdemque
2859 4110 2970 4165 fere
2998 4112 3175 4166 verbis
3217 4112 3451 4179 eXplicat
3492 4111 3754 4166 Oratione

511 4206 692 4271 tertia,
720 4206 851 4259 alias
880 4215 1089 4275 quarta,
1119 4214 1305 4259 contra
1333 4204 1586 4261 Arianos.

582 4299 657 4354 De
688 4310 930 4369 tempore
961 4314 1066 4369 qup
1104 4292 1337 4368 scriptus
1374 4301 1443 4356 sit
1488 4302 1591 4357 iste
1623 4310 1911 4365 tractatus,
1946 4303 2049 4356 hoc
2079 4317 2242 4355 unum
2282 4310 2491 4355 certum
2526 4299 2807 4363 habemus,
2835 4309 2959 4352 ante
2988 4299 3192 4352 obitum
3236 4296 3452 4351 Eusebii
3504 4295 3755 4350 Nicome-

508 4397 733 4460 diensis,
788 4398 838 4451 id
886 4407 967 4452 est
1000 4408 1122 4452 ante
1170 4413 1371 4452 annum
1403 4398 1508 4454 545
1535 4400 1703 4455 fuisse
1744 4401 2104 4467 compositura
2135 4416 2149 4452 :
2193 4397 2459 4467 siquidem
2502 4413 2567 4451 eo
2605 4397 2780 4450 adhuc
2805 4397 3018 4450 vivente
3045 4408 3164 4447 esse
3192 4391 3396 4444 editum
3442 4401 3657 4443 constat
3687 4405 3753 4445 ei:

510 4494 625 4561 ipso
654 4491 899 4548 exordio.
926 4492 1005 4546 An
1038 4493 1164 4545 item
1194 4492 1403 4563 integer
1428 4495 1519 4559 sit,
1553 4494 1689 4547 forte
1710 4496 1882 4563 possit
1904 4494 2026 4563 quis
2072 4494 2128 4548 in
2174 4493 2396 4547 dubium
2437 4506 2633 4546 vocare
2673 4506 2739 4545 ex
2789 4491 2872 4546 his
2909 4488 3097 4561 primis
3152 4485 3351 4546 verbis,
3381 4484 3479 4536 καὶ
3511 4485 3674 4538 τοῦτο
3696 4485 3757 4539 οὐ

506 4585 823 4656 νοήσαντες,
864 4594 996 4648 etc.,
1030 4599 1149 4654 qua:
1183 4584 1463 4648 nimirum,
1494 4583 1601 4639 alia
1637 4585 1881 4652 quaedam
1909 4583 2020 4652 jam
2050 4582 2329 4652 prmmissa
2354 4581 2604 4635 videntur
2652 4595 2974 4648 snpponere.
3023 4582 3287 4637 Praeterea
3334 4581 3509 4649 prima
3544 4591 3748 4635 tantum

504 4690 628 4744 pars
656 4676 759 4731 loci
793 4677 1051 4746 propositi
1083 4678 1170 4734 hic
1198 4678 1522 4747 esplicatur,
1549 4677 1794 4745 nihilque
1824 4677 2047 4731 omnino
2081 4674 2278 4729 dicitur
2318 4674 2384 4728 de
2411 4674 2515 4728 alia
2545 4673 2787 4742 ejusdem
2830 4684 3003 4742 parte,
3036 4676 3281 4746 quamvis
3324 4685 3469 4731 totus
3508 4676 3662 4731 locus
3701 4676 3751 4728 io

504 4765 657 4820 titulo
687 4766 853 4821 veluti
889 4768 1239 4838 explicandus
1269 4780 1618 4840 proponatur.
1641 4768 1838 4824 Verum
1880 4768 1947 4823 ad
1974 4768 2086 4821 haec
2113 4767 2431 4835 responderi
2462 4776 2638 4836 potest
2668 4768 2843 4836 ipsum
2872 4782 2934 4821 ex
2966 4767 3256 4838 Evangelio
3284 4766 3521 4820 Matth:ei
3552 4767 3750 4833 locum,

503 4876 667 4928 quem
696 4866 1073 4932 exponendum
1104 4868 1329 4935 suscipit
1359 4874 1578 4920 sanctus
1612 4866 1967 4929 Athanasius,
2002 4864 2173 4918 instar
2219 4863 2428 4918 exordii
2459 4878 2600 4923 esse.
2630 4878 2693 4916 ac
2716 4863 2941 4931 proinde
2965 4878 3086 4918 eum
3118 4872 3266 4917 recte
3300 4862 3544 4917 exordiri
3579 4872 3639 4916 ut
3671 4863 3756 4916 hic

504 4954 775 5011 habetur:
809 4957 1005 5011 deinde
1040 4960 1311 5029 integrum
1351 4964 1473 5016 licet
1499 4965 1549 5016 in
1581 4962 1735 5017 titulo
1758 4962 1939 5016 locum
1970 4960 2239 5027 retulerit,
2270 4960 2395 5030 quia
2447 4976 2639 5030 nempe
2676 4970 2843 5014 totum
2892 4961 2941 5013 id
2978 4970 3095 5015 erat
3124 4958 3442 5028 capitulum,
3492 4973 3600 5013 non
3641 4959 3759 5013 inde

426 5060 433 5073 ·
504 5053 684 5101 tamen
726 5047 879 5117 sequi
929 5059 1097 5105 totum
1144 5068 1358 5123 quoque
1397 5055 1653 5109 debuisse
1696 5053 1998 5124 explicare.
2037 5050 2175 5106 llinc
2215 5052 2333 5122 ipse
2365 5054 2418 5107 in
2448 5052 2677 5108 exordio
2705 5050 2875 5106 solam
2921 5052 3149 5120 primam
3184 5058 3391 5116 partem
3434 5048 3541 5103 sibi
3574 5059 3757 5104 contra

504 5138 737 5195 Arianos
756 5140 1130 5212 explicandam
1160 5147 1405 5204 assumit.

1108 5364 1175 5419 IN
1217 5363 1421 5422 ILLUD
1450 5384 1467 5420 :
2115 5382 2157 5422 ιι

2115 5382 2157 5422 l2
2850 5366 2960 5421 ΕΙΣ
2999 5367 3085 5421 ΤΟ

1108 5382 1172 5419 ια
1217 5382 1467 5422 ILLUD:

504 5456 701 5510 Umnia
736 5457 864 5509 mihi
891 5458 1087 5510 tradita
1126 5467 1247 5510 sunt
1274 5474 1307 5509 a
1344 5456 1502 5511 Patre
1529 5474 1664 5516 meo.
1704 5470 1750 5511 et
1789 5474 1937 5512 nemo
1973 5474 2069 5511 no-

2851 5382 2960 5421 taui
3000 5382 3086 5421 't‘u

2177 5456 2380 5510 Πάντα
2424 5474 2527 5525 μοι
2567 5455 2861 5525 παρεδόθη
2893 5457 3014 5510 ὑπὸ
3068 5407 3173 5510 ἑοῦ
3210 5456 3443 5525 Πατρός
3475 5473 3627 5525 μου,
3663 5453 3754 5509 καὶ

578 5552 624 5584 ³⁸
650 5552 667 5605 1
696 5552 823 5608 (lor.
856 5568 895 5615 ι,
927 5553 1015 5608 50,
1093 5552 1135 5583 ⁸¹
1160 5553 1349 5605 Matth.
1382 5568 1459 5615 λοι,
1488 5552 1577 5604 ‘27.

557 5644 965 5728 ⁸(51)..8ἰωὶιὶεδ
1029 5646 1297 5701 habentur
1349 5645 1400 5697 in
1436 5644 1659 5714 epistola
1696 5645 1761 5698 de
1802 5644 2070 5698 sententia

557 5732 766 5761 ιηιινςιι-

828 5646 965 5701 milia
1029 5646 1297 5701 habentur
1349 5645 1400 5697 in
1436 5644 1659 5714 epistola
1696 5645 1761 5698 de
1802 5644 2070 5698 sententia
2180 5640 2410 5761 ἕφῖλὲἒῗν.

506 5702 767 5789 Dionysii.
915 5785 927 5789 Δ
1079 5784 1089 5789 Α
1274 5784 1412 5789 ____
1469 5702 1515 5789 '_
1701 5782 1713 5789 ι
1868 5782 1893 5789 _
2224 5702 2663 5789 '_(35)”Gubl..et
2700 5704 2957 5789 'Felf-km.
3016 5705 3374 5789 l-anonqu
3424 5703 3631 5789 _xpa_-:o_;
3652 5702 3749 5789 uel;

458 5800 471 5830 ι
580 5772 690 5852 (δέ)
721 5787 874 5850 lteg.,
906 5785 934 5836 ὁ
967 5784 1225 5854 συνέχων.
1274 5784 1450 5837 Edilio
1477 5782 1737 5837 Commel.
1773 5792 1826 5834 et
1863 5782 1895 5834 6
1936 5796 2040 5854 mss

2177 5772 2303 5854 τοῦς
2326 5772 2541 5843 αἰῶνας.
2585 5777 2773 5848 Ἀμήν.
2804 5776 2860 5830 ιιι
2893 5774 2998 5831 ﬁne
3026 5774 3134 5828 τῶν
3166 5772 3377 5829 αἰώνων
3405 5772 3558 5830 deest
3584 5772 3748 5830 inﬂe-

510 5851 745 5913 Felckm.
774 5858 1026 5910 mendose
1058 5851 1276 5922 habent,
1300 5854 1540 5923 συνέχον.
1576 5854 1695 5909 Mox
1732 5854 1977 5924 Segner,
1997 5852 2071 5916 ὡς

806 5858 1026 5910 tendose
1058 5851 1276 5922 habent,
1300 5854 1540 5923 συνέχον.
1576 5854 1695 5909 Mox
1732 5852 2071 5924 Seguer.,di;
2178 5851 2264 5922 gio
2289 5866 2388 5906 ms.
