4006 6498
187 431 276 486 209
1002 425 1070 480 IN
1111 425 1336 489 ILLUD,
1378 425 1596 480 OMNIA
1638 426 1786 480 MIHI
1825 425 2131 481 TBADITA
2173 425 2378 490 SUNT,
2420 426 2572 482 ETC.

243 541 425 619 οιῗιδεξς
455 541 752 619 επινῴονςειΔ
771 541 912 612 (54),
941 545 1033 610 τίς
1063 546 1233 619 ἐστιν
1261 551 1293 600 ὀ
1334 549 1464 619 Υἰὸς
1502 551 1556 601 εὶ
1581 547 1669 616 μὴ
1711 568 1728 602 ι

1907 545 1984 602 ὐίι
2024 551 2145 619 quis
2169 551 2238 602 sit
2268 547 2464 608 Filius.
2514 550 2616 619 nisi
2655 545 2834 619 Pater,
2875 559 2924 605 et

243 614 469 686 ﬁdem):
492 613 588 686 καὶ
616 615 709 678 τίς
729 615 897 686 ἐστιν
921 619 952 668 ὀ
977 616 1177 683 Πατὴρ
1204 620 1254 670 εἰ
1275 617 1359 686 μὴ
1393 623 1425 672 ὁ
1459 613 1611 684 Υίὸξ,
1634 613 1734 674 καὶ

244 677 284 749 ᾧ
308 677 409 735 ἑὰί·
425 677 724 750 βούληται
745 687 778 737 ὁ
809 685 938 750 ἴῖὶὸς
954 677 1380 754 ,ἁποκῖιλῦψαὶ.

247 776 292 832 l.
319 776 420 828 Καὶ
442 774 600 828 τοῦτο
625 777 688 829 οὐ
716 778 1004 847 νοήσαντες
1027 780 1074 830 οἱ
1098 779 1194 848 τῆς
1223 780 1487 850 αἱρέσεως
1525 779 1734 851 Ἀρείου

187 867 411 931 Εὗσέϐιὸς
439 885 499 920 τε
532 867 628 920 καὶ
661 869 709 920 οἱ
745 869 838 921 σὺν
876 868 1044 940 αὐτῷ,
1076 869 1358 923 ἀσεϐοῦσιν
1392 873 1470 934 εἰς
1499 872 1591 925 τὸν
1621 871 1735 926 Κύ-

179 978 280 1042 ριον
301 977 314 990 ·
347 961 474 1029 φασὶ
498 961 636 1031 γάρ·
673 961 736 1013 Et
764 959 835 1013 τὰ
866 961 1040 1016 πάντα
1090 963 1358 1034 παρεδόθη
1402 963 1618 1032 (πάντα
1648 963 1736 1017 λέ·-

185 1066 342 1117 γοντες
394 1049 491 1119 τὴν
546 1049 845 1120 κυριότητα
899 1051 994 1121 τῆς
1041 1053 1328 1122 κτίσεως),
1363 1050 1432 1125 ἦν
1460 1073 1613 1121 ποτε,
1645 1056 1733 1109 ὅτε

183 1143 264 1196 οὐκ
284 1137 416 1211 εἶχεν
435 1143 595 1197 αὐτὰ.
632 1143 694 1196 Ei
718 1142 774 1196 δὲ
797 1143 896 1196 οὐκ
923 1140 1086 1215 εἶχεν,
1111 1145 1211 1199 οὐκ
1245 1148 1389 1200 ἔστιν
1407 1149 1470 1200 ὲκ
1495 1149 1589 1202 τοῦ
1622 1150 1733 1201 Πα-

183 1235 285 1305 τρός
303 1251 315 1264 ’
342 1235 400 1287 El
432 1234 542 1307 γὰρ
571 1230 662 1306 ἦν,
693 1229 836 1304 εἶχεν
858 1235 922 1288 ἂν
949 1237 1088 1290 αὐτὰ
1119 1239 1204 1291 ἀεὶ
1238 1239 1296 1306 ἐξ
1327 1239 1490 1292 αὐτοῦ
1515 1239 1610 1302 ὢν,
1638 1241 1732 1294 καὶ

183 1323 340 1394 χρείαν
374 1324 470 1377 οὑκ
505 1321 624 1396 εἶχε
659 1326 756 1380 τοῦ
795 1326 978 1382 λαϐεῖν
1007 1328 1164 1382 αὑτά.
1207 1329 1366 1382 Ἀλλὰ
1402 1331 1494 1384 καὶ
1524 1330 1633 1403 (55)
1666 1333 1730 1384 ὲκ

182 1415 340 1468 τούτου
394 1416 599 1488 μᾶλλον
649 1418 684 1488 ἡ
733 1417 889 1472 ἄνοια
943 1419 1124 1474 αὐτῶν
1193 1420 1600 1492 ἐλεγχθήσεται.
1654 1422 1728 1476 Οὐ

181 1507 266 1579 γὰρ
304 1507 394 1560 τοῦ
437 1509 636 1579 ἄρχειν
707 1509 808 1580 τῆς
861 1510 1113 1574 κτίσεως,
1183 1510 1217 1583 ἢ
1266 1511 1359 1564 τοῦ
1418 1513 1730 1567 ἐπιστατεῖν

179 1600 265 1652 τῶν
285 1601 623 1672 ποιημάτων,
657 1603 987 1673 σημαντικόν
1025 1607 1138 1658 ἐστι
1172 1603 1232 1657 τὸ
1266 1603 1448 1676 ῥητὸν,
1484 1604 1620 1659 ἀλλά
1649 1623 1731 1658 τι-

180 1707 230 1744 να
253 1691 848 1774 νοῦνητῆε-ρνξκονομίας
880 1694 1116 1768 δηλῶσαι
1170 1695 1333 1750 θέλει.
1376 1699 1440 1751 Εἰ
1475 1698 1603 1768 γὰρ.
1639 1699 1729 1752 ὅτε

179 1773 625 1857 ἔλεγέξὼρεδόθη
655 1785 823 1856 αὐτῷ,
863 1787 1022 1857 δῆλον
1066 1788 1147 1841 ὅτι
1165 1787 1277 1859 (56)
1305 1788 1411 1860 πρὸ
1438 1788 1533 1842 τοῦ
1562 1789 1724 1862 λάϐῃ,

3295 429 3409 486 210

2757 565 2834 621 er,
2875 559 2924 605 et
2968 551 3085 620 quis
3114 551 3181 605 sit
3223 546 3409 617 Pater,

1914 618 2255 688 nisi’lt'ilius,
2283 631 2331 674 et
2364 620 2449 673 cui
2478 618 2698 675 voluerit
2727 618 2901 676 Filius
2937 618 3167 677 revelare
3190 623 3260 675 ³³.

1913 776 1965 831 Ι.
1999 777 2055 831 ld
2079 792 2292 848 quoque
2324 793 2427 832 non
2457 778 2815 848 intelligentes
2836 780 2948 834 Arii
2980 781 3203 838 hazresis
3231 794 3409 840 secta-

1841 878 1990 924 tores
2021 857 2289 944 Eusebius
2339 870 2564 940 ejusque
2610 871 2881 942 gregales,
2933 873 3096 943 impie
3131 875 3182 928 in
3225 874 3410 928 Domi-

1841 979 1971 1017 num
2029 973 2214 1031 agunt.
2253 963 2526 1033 Siquidem
2569 964 2642 1018 illi
2676 964 2776 1019 hae
2819 979 2951 1019 voce
2998 967 3174 1018 omnia
3225 980 3408 1019 rerum

1839 1062 2146 1106 creatarum
2192 1052 2538 1108 dominatum
2589 1054 3138 1123 comprehendenles.
3166 1055 3232 1108 ad
3266 1054 3411 1108 hunc

1842 1145 2058 1197 modum
2089 1151 2536 1211 argumentantur
2565 1160 2578 1195 :
2612 1141 2670 1196 Si
2704 1143 2885 1196 omnia
2923 1142 2972 1196 ei
3009 1142 3206 1196 tradita
3255 1148 3407 1204 sunt,

1839 1235 1940 1290 fuit
1964 1251 2091 1305 ergo
2115 1234 2407 1304 aliquando
2439 1243 2670 1303 tempus.
2698 1249 2821 1289 cum
2857 1235 2945 1288 illa
2989 1249 3094 1288 non
3130 1233 3405 1287 habuerit.

1836 1326 1992 1394 Quod
2033 1328 2091 1382 ‘si
2137 1326 2431 1396 aliquando
2477 1343 2582 1381 non
2618 1327 2829 1392 habuit,
2861 1343 2966 1382 non
3003 1339 3088 1384 est
3121 1343 3188 1382 ex
3223 1327 3406 1381 Patre.

1838 1416 1971 1472 Nam
2001 1419 2046 1472 si
2082 1433 2145 1472 ex
2177 1417 2338 1472 Patre
2366 1426 2532 1484 esset,
2561 1417 2652 1472 illa
2682 1418 2926 1486 profecto
2952 1434 3165 1489 semper
3195 1419 3408 1474 habuis-

1839 1519 1948 1574 set,
1975 1509 2172 1579 quippe
2204 1509 2293 1578 qui
2344 1519 2488 1566 esset
2522 1524 2588 1562 ex
2619 1507 2800 1576 Patre,
2833 1523 2932 1564 nec
2958 1508 3186 1578 proinde
3217 1523 3279 1564 ea
3307 1523 3404 1564 ac-

1837 1601 2020 1671 cipere
2049 1601 2122 1654 illi
2148 1599 2344 1656 fuisset
2375 1615 2623 1656 necesse.
2656 1599 2856 1654 Verum
2903 1600 3028 1657 inde
3056 1602 3219 1656 etiam
3272 1601 3409 1656 faei-

1836 1694 1942 1749 lius
1985 1708 2174 1748 eorum
2231 1693 2589 1762 insipientiam
2641 1693 2966 1746 convincere
3019 1692 3220 1746 licebit.
3290 1692 3406 1749 Nec

1836 1787 1978 1842 enim
2011 1800 2196 1840 rerum
2227 1793 2536 1839 creatarum
2577 1785 2691 1840 sive
2742 1786 3007 1839 factarum
3057 1784 3398 1840 dominatum

179 1876 281 1947 κενὴ
309 1873 370 1949 ἦν
398 1880 430 1949 ἡ
459 1879 648 1942 κτίσις
679 1879 772 1932 τοῦ
796 1880 990 1948 Λόγου.
1028 1880 1139 1933 Καὶ
1173 1881 1276 1934 ποῦ
1306 1883 1386 1944 τὸ,
1427 1881 1504 1935 Τὰ
1533 1881 1728 1938 πάντα

1833 1887 1888 1932 et
1917 1876 2276 1948 principatum
2307 1877 2526 1931 denotat
2552 1891 2653 1930 vox
2680 1875 2790 1940 illa,
2836 1876 2928 1930 sed
2958 1880 3244 1946 quemdam
3288 1877 3406 1933 dis-

174 1969 247 2022 ἐπ’
272 1971 417 2037 αὐτῷ
443 1971 877 2040 συνέστηκεν;
911 1974 972 2026 Εἰ
996 1973 1073 2039 δὲ,
1103 1973 1220 2046 ἅμα
1243 1974 1318 2045 τῷ
1344 1974 1595 2043 γενέσθαι
1633 1975 1731 2047 τὴν

175 2063 335 2130 κτίσιν,
366 2065 650 2136 παρεδόθη
675 2064 824 2136 αὐτῷ
854 2067 1001 2119 πᾶσα
1032 2066 1143 2138 (57)
1168 2083 1181 2097 ο
1224 2067 1381 2139 χρεία
1407 2068 1506 2120 οὐκ
1533 2063 1600 2138 ἦν
1623 2086 1730 2121 πα-

175 2157 435 2226 ραδόσεωςο
475 2157 663 2211 πάντα
700 2157 810 2229 γὰρ
836 2157 904 2212 δι’
942 2157 1104 2212 αὐτοῦ
1139 2159 1377 2226 ἐγένετο,
1427 2159 1519 2213 καὶ
1547 2175 1733 2230 περιτ-

172 2248 241 2300 τὸν
265 2249 317 2302 τὸ
339 2250 735 2320 παραδίδοσθαι
775 2249 851 2320 τῷ
878 2251 1069 2322 Κυρίῳ
1087 2250 1282 2316 ταῦτα,
1315 2243 1391 2304 ὧν
1417 2251 1579 2314 αὐτὸς
1615 2251 1730 2304 ἐστι

170 2339 486 2413 δημιουργός.
542 2342 753 2412 Κύριος
796 2341 906 2414 γὰρ
958 2338 1025 2414 ἦν
1068 2341 1176 2397 τῶν
1217 2342 1512 2413 γινομένων
1558 2343 1614 2394 ὲν
1653 2341 1732 2414 τῷ

171 2437 306 2486 ποιεῖν
318 2437 479 2488 αὑτά.
501 2435 666 2488 Ἀλλὰ
683 2436 776 2488 καὶ
788 2434 957 2505 εί(58)
975 2434 1111 2504 μετὰ
1121 2435 1180 2486 τὸ
1196 2435 1446 2503 γενέσθαι
1461 2433 1728 2506 παρεδόθη

170 2527 302 2597 αὐτῷ,
329 2529 529 2583 σκόπει
561 2528 625 2580 τὸ
658 2526 882 2580 ἄτοπον.
919 2526 984 2578 Εἰ
1014 2523 1122 2596 γὰρ
1156 2525 1449 2596 παρεδόθη,
1479 2526 1573 2578 καὶ
1605 2525 1729 2577 ἀνε-

169 2619 376 2690 χώρησεν
399 2623 430 2674 ὁ
453 2619 656 2690 Πατὴρ
689 2617 947 2680 λαϐόντος
977 2617 1194 2670 τούτου·
1226 2619 1321 2671 καὶ
1350 2615 1730 2686 κινδυνεύομεν

168 2712 228 2771 εἷς
244 2712 326 2777 τάς
345 2729 513 2766 τινων
551 2710 879 2784 μυθολογίας
901 2712 1182 2781 ἐμπεσεῖν,
1217 2711 1320 2776 ὅτι,
1349 2709 1523 2780 τούτῳ
1555 2724 1732 2779 παρα-

166 2798 278 2869 δοὺς,
313 2807 481 2867 αὐτὸς
520 2805 761 2874 ἀπέστη.
787 2805 858 2856 Ἢ
889 2804 1052 2856 εἰτοῦ
1085 2803 1214 2856 Υίοῧ
1239 2802 1472 2873 ἔχοντος,
1503 2799 1730 2872 ἔχεικαὶ

165 2897 387 2969 ὀΠατὴρ,
435 2897 549 2950 ἔδει
588 2897 667 2968 μὴ
701 2897 898 2959 εἰπεῖν,
934 2894 1256 2964 παρεδόθη,
1300 2895 1416 2948 ἀλλ’
1439 2895 1522 2946 ὅτι
1562 2909 1732 2964 προσ-

166 2986 350 3042 ελάϐετο
397 2988 690 3052 κοινωνὸν,
735 2987 812 3050 ὡς
845 2987 1059 3050 Παῦλος
1091 2987 1181 3039 τὸν
1218 2985 1527 3039 Σιλουανόν.
1571 2982 1731 3037 Ἀλλὰ

166 3079 450 3148 καὶμᾶλλον
488 3080 694 3133 ἄτοπον
726 3077 916 3130 τοῦτο’
947 3077 1006 3130 οὑ
1039 3077 1146 3148 γὰρ
1173 3076 1354 3148 ἐνδεὴς
1387 3078 1416 3130 6
1447 3076 1600 3139 Θεὸς,
1629 3075 1724 3127 ου-

163 3169 206 3222 δὲ
242 3173 318 3227 διὶι
359 3173 560 3244 χρείαν
609 3169 978 3243 προσελάϐετο
1021 3169 1112 3222 τὸν
1153 3168 1279 3222 Υίὸν
1318 3170 1397 3233 είς
1441 3167 1727 3239 βοήθειανο

1833 1969 2165 2039 pensationis
2215 1983 2433 2022 sensum
2486 1967 2734 2022 includit.
2788 1965 2844 2022 Si
2891 1967 3036 2021 enim
3072 1981 3193 2022 cum
3235 1967 3401 2023 verba

1834 2061 1923 2116 illa
1963 2059 2209 2130 protulit,
2242 2060 2432 2114 omnia
2471 2069 2596 2113 tunc
2623 2059 2670 2113 ei
2708 2067 2836 2112 sunt
2885 2059 3088 2112 tradita
3113 2098 3130 2125 ,
3172 2059 3403 2115 manife-

1831 2162 1972 2206 stum
2016 2162 2100 2207 est
2150 2152 2311 2207 Verbi
2357 2152 2602 2206 inulilem
2651 2152 2818 2208 fuisse
2858 2152 3209 2216 creationem,
3247 2159 3401 2206 ante-

1832 2261 1996 2315 quam
2047 2261 2112 2302 ea
2162 2247 2456 2316 acciperet.
2499 2248 2650 2312 Quod
2704 2249 2749 2302 si
2794 2248 2868 2302 ita
2909 2256 3034 2312 est,
3080 2245 3171 2315 qui
3210 2258 3399 2298 verum

1831 2347 2007 2407 potest
2034 2353 2174 2404 esse,
2201 2339 2344 2408 quod
2374 2339 2439 2392 de
2465 2339 2555 2391 illo
2582 2339 2778 2393 dicitur
2798 2358 2810 2394 :
2834 2337 3023 2393 Omnia
3051 2339 3106 2392 in
3136 2337 3247 2406 ipso
3271 2352 3402 2390 con-

1829 2440 1974 2484 stant
2010 2429 2096 2483 ³³2
2145 2430 2190 2485 si
2252 2444 2383 2484 vero
2444 2439 2570 2482 tunc
2617 2446 2737 2482 cum
2787 2430 2992 2486 ﬁebant
3041 2445 3129 2483 res
3179 2437 3400 2490 creatae,

1830 2537 2020 2576 Omnes
2049 2521 2122 2575 illi
2153 2521 2386 2575 traditas
2407 2518 2576 2574 fuisse
2609 2521 2841 2586 dicatur,
2899 2522 2952 2576 id
3003 2536 3136 2576 sane
3168 2535 3273 2574 non
3308 2534 3404 2574 ne-

1831 2630 1982 2668 cesse
2017 2615 2135 2679 fuit,
2179 2615 2448 2683 siquidem
2480 2615 2658 2669 omnia
2693 2629 2788 2683 per
2841 2615 3017 2682 ipsum
3051 2613 3195 2667 facta
3232 2622 3400 2678 sunt;

1829 2720 1892 2758 ac
1921 2696 2147 2775 pruinde
2185 2720 2652 2774 supervacanemn
2706 2705 2804 2760 fuit
2849 2704 2937 2758 illa
2973 2703 3203 2757 Domino
3240 2703 3405 2766 tradi,

1831 2811 2059 2864 quorum
2094 2796 2207 2862 ipse
2246 2805 2365 2850 erat
2415 2797 2619 2864 opifex.
2668 2793 2802 2847 Nam
2862 2809 2988 2850 vere
3029 2809 3230 2858 rerum,
3282 2807 3404 2863 quae

1833 2884 2052 2949 ﬁebant,
2105 2885 2361 2939 Durnith
2394 2897 2510 2938 erat
2546 2901 2668 2939 cum
2701 2901 2794 2937 eas
2837 2885 2949 2954 ipse
2977 2884 3199 2938 faceret.
3247 2883 3402 2951 Quod

1831 2977 1874 3030 si
1918 2975 2038 3030 illas
2083 2987 2365 3045 postquam
2420 2974 2575 3028 facta:
2611 2984 2743 3028 sunt
2783 2973 3010 3026 traditas
3035 2973 3084 3026 ei
3122 2988 3242 3026 esse
3271 2988 3403 3026 con-

1837 3070 2088 3133 tendant,
2115 3068 2237 3121 vide
2267 3083 2427 3136 quam
2483 3068 2532 3120 id
2577 3067 2647 3120 sit
2687 3067 3010 3119 absurdum.
3048 3065 3103 3117 Si
3140 3065 3284 3117 enim
3326 3063 3400 3116 illi

1836 3158 2047 3212 traditae
2085 3166 2230 3220 sunt,
2263 3171 2438 3226 eoque
2467 3156 2766 3224 accipiente
2807 3154 3034 3208 recessit
3071 3153 3251 3214 Pater,
3311 3167 3404 3222 pe-

165 3267 286 3331 me,
321 3267 519 3339 Πατὴρ
553 3266 629 3319 ὣν
669 3265 764 3318 τοῦ
793 3265 990 3332 Λόγου,
1043 3265 1220 3319 πάντα
1259 3264 1327 3318 δι’
1361 3262 1526 3316 αὑτοῦ
1564 3266 1728 3326 ποιεῖ,

1837 3253 2063 3306 riculum
2095 3265 2225 3305 sane
2253 3260 2336 3304 est
2370 3265 2437 3304 ne
2470 3249 2522 3302 in
2557 3247 2913 3316 quorumdam
2943 3243 3151 3298 fabulas
3185 3243 3397 3297 incida-

164 3359 235 3410 καὶ
261 3360 313 3411 οὐ
345 3357 727 3428 παραδίδωσιν
762 3354 908 3426 αὐτῷ
946 3355 1141 3418 κτίσιν,
1171 3355 1308 3407 ἀλλὰ
1341 3355 1407 3407 δι’
1443 3351 1606 3406 αὐτοῦ
1635 3354 1729 3407 καὶ

163 3451 208 3500 ἐν
227 3452 360 3521 αὐτῷ
388 3451 494 3521 τῆς
526 3449 763 3510 κτίσεως
807 3449 1042 3518 προνοεῖ,
1074 3446 1213 3498 ὥστε
1260 3445 1394 3517 μηδὲ
1445 3445 1726 3516 στρουθίον

163 3541 263 3595 ἄνευ
289 3545 384 3597 τοῦ
410 3543 631 3612 Πατρὸς
657 3545 846 3594 πεσεῖν
873 3543 953 3604 εἰς
979 3540 1076 3612 τὴν
1100 3539 1226 3608 γῆν,
1265 3538 1398 3609 μηδὲ
1423 3537 1514 3589 τὸν
1537 3536 1727 3606 χόρτον

163 3635 539 3703 ἀμφιέννυσθαι
579 3635 710 3689 ἄνευ
750 3633 843 3686 τοῦ
875 3632 1031 3696 Θεοῦ,
1068 3630 1206 3685 ἀλλὰ
1231 3630 1326 3682 κα).
1353 3626 1724 3701 ἐργαζομένου

161 3726 234 3778 τοῦ
263 3728 497 3800 Πατρὸς,
522 3725 854 3798 ἐργάζεσθαι
885 3723 976 3777 καὶ
1011 3723 1100 3776 τὸν
1135 3721 1264 3775 Υίὸν
1289 3721 1393 3784 ἕως
1415 3720 1559 3791 ἄρτι.
1588 3718 1726 3771 Οὐκ-

162 3817 236 3872 οῦν
252 3820 355 3873 τῶν
374 3819 594 3873 ἀσεϐῶν
625 3819 687 3870 τὸ
709 3820 965 3888 φρόνημα
998 3813 1244 3885 μάταιον.
1271 3813 1345 3866 Οὐ
1380 3812 1510 3882 γὰρ,
1540 3811 1616 3874 ὼς
1639 3828 1725 3864 νο-

139 3911 304 3980 ξοῦσιν,
351 3913 524 3975 ἐστιν,
572 3909 710 3965 ἀλλὰ
741 3909 841 3980 τῆς
870 3907 1009 3962 κατὰ
1051 3906 1228 3976 σάρκα
1265 3904 1574 3976 οἰκονομίας
1607 3899 1722 3956 ἐστὶ

141 3957 428 4074 ιδηλωτικὸν
460 3957 524 4058 τδ
546 4005 733 4076 ῥητόν.

1837 3359 1974 3410 Inus,
2019 3353 2074 3396 ut
2103 3343 2312 3397 scilicet
2343 3349 2593 3410 putemus
2623 3339 2839 3392 Patrem
2859 3376 2873 3401 ,
2900 3347 3184 3406 postquam
3213 3331 3396 3388 omnia

1838 3436 2010 3490 Verbo
2048 3435 2293 3498 tradidit,
2324 3435 2391 3486 ah
2426 3432 2616 3486 iisdem
2647 3431 2821 3500 ipsum
2851 3429 3191 3483 discessisse.
3223 3425 3316 3480 Vel
3352 3425 3398 3480 si

1836 3531 2066 3585 habente
2092 3529 2252 3596 Filio,
2286 3529 2451 3582 habet
2475 3540 2689 3596 quoque
2723 3523 2883 3578 Pater
2912 3562 2928 3584 ,
2968 3537 3072 3576 non
3107 3522 3396 3576 dicendum

1831 3633 1967 3688 erat,
2016 3621 2236 3675 Tradita
2282 3629 2442 3674 sunt:
2473 3619 2566 3673 sed
2610 3617 2752 3687 quod
2807 3614 3002 3670 Filium
3051 3615 3258 3668 socium
3316 3627 3401 3668 as-

1829 3717 2078 3785 sumpsit,
2111 3714 2188 3769 uti
2247 3712 2444 3767 Paulus
2491 3710 2789 3765 Silvanum.
2842 3708 3041 3763 Verum
3084 3707 3186 3762 hoc
3232 3705 3396 3759 etiam

1833 3801 2006 3875 magis
2041 3807 2334 3860 absurdum
2389 3816 2514 3869 est,
2569 3817 2669 3858 nec
2721 3802 2866 3856 enim
2921 3801 3028 3855 ulla
3084 3815 3142 3854 re
3194 3801 3400 3868 indiget

1831 3899 2004 3963 Deus,
2035 3912 2132 3952 nec
2165 3895 2358 3964 inopiae
2397 3910 2560 3949 causa
2587 3893 2780 3948 Filium
2826 3892 3030 3947 socium
3062 3891 3166 3946 sibi
3195 3901 3246 3946 et
3300 3891 3396 3944 ad-

1822 3989 2055 4060 jutorem
2091 3988 2340 4058 adiunxit
2376 4003 2390 4041 :
2431 3987 2524 4040 sed
2574 3987 2698 4055 quia
2738 3984 2900 4040 Pater
2934 3982 3091 4036 Verbi
3119 3993 3203 4038 est
3227 4022 3241 4045 ,
3271 3997 3394 4037 om-

162 4097 236 4150 nia
265 4115 357 4169 per
387 4074 569 4168 ipsum
607 4074 755 4150 iacit
787 4109 802 4159 ;
846 4107 1023 4162 neque
1055 4090 1129 4145 illi
1169 4104 1260 4146 res
1288 4099 1499 4147 creatas
1534 4087 1716 4154 tradit,
1760 4088 1853 4139 sed
1913 4099 2007 4154 per
2065 4084 2242 4153 ipsum
2279 4080 2411 4134 etin
2445 4079 2560 4149 ipso
2600 4079 2763 4134 rebus
2794 4078 2998 4132 creatis
3024 4075 3287 4169 providet,
3321 4074 3397 4129 ita

162 4206 211 4248 ut
253 4168 348 4251 nec
397 4193 750 4266 passerculus
793 4192 910 4246 sine
961 4190 1144 4244 Patre’
1169 4189 1329 4242 cadat
1383 4201 1548 4257 super
1602 4196 1802 4237 terram
1837 4181 1904 4246 ³⁸,
1973 4195 2073 4234 nec
2141 4177 2323 4232 fenum
2380 4177 2499 4230 sine
2571 4174 2678 4228 Deo
2747 4173 3011 4227 vestiatur
3039 4171 3106 4236 ³⁸,
3139 4179 3193 4223 et
3236 4168 3398 4223 Patre

162 4262 413 4358 operante:
448 4291 622 4346 Filius
673 4302 890 4357 quoque
937 4299 1107 4354 usque
1162 4285 1323 4338 modo
1353 4291 1604 4353 aperetur
1645 4280 1710 4333 ³⁸.
1757 4277 1902 4331 Vana
1949 4276 2132 4344 itaque
2158 4283 2214 4328 et
2275 4272 2444 4326 futilis
2505 4279 2589 4325 est
2639 4269 2924 4337 impiormn
2999 4262 3396 4332 interpretatio.

164 4357 254 4444 Nec
294 4390 434 4444 enim
481 4388 650 4443 verba
695 4385 761 4439 de
812 4383 1007 4470 quibus
1038 4381 1237 4450 agitur,
1272 4381 1498 4451 perinde
1563 4388 1621 4432 ut
1692 4375 1792 4446 ipsi
1827 4373 2124 4442 explicant,
2177 4369 2378 4424 debent
2425 4365 2678 4435 intelligi,
2740 4362 2832 4418 sed
2885 4361 3175 4414 humanam
3235 4357 3394 4412 Verbi

163 4482 602 4549 dispensationem
631 4477 966 4549 significant.

217 4579 269 4633 2.
315 4579 532 4649 Ἐπειδὴ
592 4575 703 4647 γὰρ
766 4575 982 4644 ἥμαρτε
1040 4571 1134 4625 κα).
1197 4571 1487 4624 πέπτωκεν
1547 4569 1576 4622 6
1632 4565 1726 4618 ἄν·
1759 4569 1803 4622 D

165 4669 374 4741 θρωπος,
425 4675 522 4725 καὶ
579 4668 838 4731 πεσόντος
891 4663 1057 4719 αὐτοῦ
1119 4663 1188 4716 τὰ
1253 4663 1431 4716 πάντα
1492 4658 1726 4727 τετάρα-

163 4777 294 4828 κται,
351 4767 378 4818 6
436 4763 670 4823 θάνατος
734 4759 914 4828 ἴσχυεν
974 4755 1081 4809 ἀπὸ
1133 4753 1303 4823 Ἀδὰμ
1364 4753 1523 4824 μέχρι
1547 4750 1714 4803 Merli-

165 4853 285 4915 σέως
327 4854 456 4924 (59),
506 4856 540 4922 ἡ
591 4853 662 4920 γῆ
717 4849 1108 4918 κεκατήραται,
1163 4845 1190 4896 6
1245 4844 1373 4914 ᾇδης
1431 4841 1646 4910 ἠνοίγη.
1697 4838 1727 4890 6

164 4946 464 5016 παράδεισος
516 4941 794 5010 ἐκλείσθη,
846 4942 873 4992 6
913 4937 1137 5010 οὐρανὸς
1183 4933 1463 5005 ἐθυμώθη,
1496 4931 1589 4984 καὶ
1635 4929 1726 4982 τέ-

162 5035 239 5100 λος
278 5038 481 5110 ἐφθάρη
540 5037 570 5088 6
615 5032 903 5103 ἄνθρωπος
959 5029 1056 5082 καὶ
1122 5021 1509 5096 ἀπεκτηνώθη,
1579 5020 1608 5072 ὁ
1668 5019 1724 5072 δὲ

226 5149 264 5178 ⁸⁸
289 5149 469 5202 Matth.
499 5162 580 5210 xl,
603 5144 697 5201 27.
773 5142 818 5174 ⁸³
851 5141 1057 5197 Coloss.
1084 5154 1122 5203 ι,
1155 5139 1243 5194 l7.
1319 5136 1365 5168 “
1388 5133 1578 5189 Matth.
1605 5149 1663 5197 χ,
1687 5131 1728 5184 21

1857 5131 1904 5164 ³⁸
1936 5130 2127 5186 Matth.
2152 5145 2224 5194 vt,
2250 5129 2339 5183 50.

165 5215 202 5247 ³⁸
221 5217 342 5272 Psal.
365 5234 554 5282 XLVIII,
584 5215 671 5268 15.

225 5335 322 5405 (5i)
359 5337 450 5391 Sic
482 5335 618 5405 Reg.
653 5331 877 5405 Seguer.
904 5337 960 5405 et
989 5324 1291 5405 Basil._l\lii
1323 5334 1379 5377 et
1407 5320 1712 5405 etiilil,‘.é7t:°

166 5389 411 5470 γινώσκει,
435 5389 536 5459 lid.
560 5389 686 5457 iiiox
726 5389 818 5454 καί
849 5400 1078 5463 habent;
1118 5397 1205 5470 alii
1239 5409 1371 5470 _vero
1399 5405 1452 5470 et
1481 5391 1608 5470 editi
1655 5389 1710 5468 ﬂ:

169 5463 403 5529 l’neterea
429 5477 482 5529 in
532 5475 698 5528 editis
742 5479 1028 5524 Consuelus
1050 5466 1344 5535 praefigit!"
1377 5463 1584 5525 ιίῑυίυδν
1617 5463 1712 5512 τοι)

169 5483 403 5529 Praeterea
429 5483 482 5529 in
532 5483 698 5528 editis
742 5483 1344 5591 consuetuslpraauguur
1377 5483 1584 5525 murus,
1617 5483 1712 5512 του

166 5546 216 5596 ἐν
234 5546 410 5612 ἁγίοις,
443 5558 576 5607 etc.,
596 5558 720 5612 quae
751 5541 946 5614 ah_snnt
971 5554 999 5590 a
1074 5551 1168 5614 _cg.
1199 5535 1500 5614 etSeguer,
1535 5603 1545 5613 _
1704 5598 1716 5614 '

229 5603 327 5685 (53)
360 5603 451 5671 Sic
500 5603 641 5683 Reg.
690 5621 744 5666 et
802 5608 1026 5680 Seguer.
1072 5603 1137 5661 1.;
1176 5607 1297 5658 aliis
1335 5616 1390 5658 et
1420 5603 1580 5657 editis
1624 5603 1717 5653 καί

169 5686 315 5738 deest.

227 5757 322 5824 (56)
390 5757 483 5811 Sic
545 5753 774 5823 Segner.
853 5747 964 5824 Alii
1023 5746 1213 5824 'autem
1258 5751 1327 5824 _et
1363 5740 1557 5824 "editi.-
1620 5739 1720 5824 δη-

227 5779 322 5824 ὶῧυ)
391 5779 483 5811 DIC
546 5779 774 5823 arguet.
853 5779 957 5802 nm
1035 5779 1213 5830 Il‘lltglll
1277 5779 1327 5797 υ.
1363 5779 1556 5822 ἰιιιιιο
1622 5779 1713 5844 ..ἐκ

168 5820 336 5905 λονότι.
378 5826 546 5884 Paulo
577 5832 702 5895 post
741 5836 839 5892 pro
878 5817 964 5872 ἐπ’
1022 5833 1204 5888 αυτῳ,
1258 5812 1421 5870 Basxl.
1474 5813 1634 5868 habet
1663 5826 1719 5861 ..ν

170 5908 290 5964 αυτῳ
297 5935 311 5948 .

1901 4561 1958 4616 9..
1995 4560 2189 4613 Postea
2221 4555 2365 4608 enim
2418 4565 2583 4620 quam
2635 4547 2961 4618 peccavit'et
2994 4542 3186 4598 cecidit
3214 4542 3397 4607 homo,

1827 4667 1998 4722 eoque
2045 4648 2272 4702 cadente
2319 4643 2497 4697 omnia
2557 4649 2681 4695 sunt
2745 4635 3076 4708 perturbata,
3138 4647 3284 4686 mors
3332 4633 3401 4685 ab

1829 4746 2002 4799 Adam
2032 4753 2203 4806 usque
2244 4737 2311 4791 ad
2355 4734 2591 4803 Moysen]
2622 4731 2847 4785 invaluit
2887 4729 2954 4794 ³⁷,
2996 4727 3279 4781 maledicta
3317 4736 3401 4778 est

1838 4849 2001 4898 terra,
2058 4831 2218 4884 inferi
2273 4829 2442 4897 aperti
2490 4835 2644 4889 sunt,
2711 4823 2927 4877 clausus
2978 4830 3063 4876 est
3092 4819 3397 4889 paradisus.

1829 4927 1952 4982 οωιὶ
1989 4923 2179 4978 infensi
2219 4920 2373 4975 nobis
2401 4928 2527 4974 sunt
2573 4915 2720 4976 facti.
2749 4931 2814 4969 ac
2845 4914 3079 4982 denique
3110 4918 3398 4978 corruptus

1830 5027 1911 5070 est
1939 5018 2098 5070 homo
2121 5023 2172 5068 et
2190 5011 2451 5082 iumentis
2475 5008 2666 5064 similis
2685 5006 2793 5078 83
2819 5005 3042 5060 eil‘ectus
3070 5014 3152 5058 est
3177 5003 3246 5067 ³⁸,
3277 5016 3397 5070 quae

2447 5127 2493 5161 ‘°
2516 5125 2670 5183 Joan.
2710 5141 2760 5191 ν,
2794 5124 2884 5180 17.
2960 5122 3006 5154 ⁸⁷
3034 5123 3189 5176 Rom.
3217 5136 3267 5185 ν,
3303 5118 3389 5175 id.

1891 5315 2002 5381 (5'7)
2040 5315 2130 5370 Sic
2159 5313 2288 5382 Reg.
2329 5311 2550 5381 Seguer.
2585 5318 2639 5365 et
2666 5305 2834 5363 Basil.
2867 5305 2970 5360 Alii
3006 5318 3135 5358 vero
3159 5309 3214 5354 et
3238 5297 3391 5364 editi,

1820 5387 1994 5441 πάντα
2005 5425 2017 5437 .

1892 5458 2002 5528 (58)
2036 5455 2199 5510 Basil.
2230 5451 2322 5504 καί
2351 5461 2470 5522 post
2499 5451 2548 5503 εἰ
2572 5445 2719 5502 addit
2743 5464 2756 5500 :
2791 5446 2920 5514 Reg.
2946 5452 3001 5498 ct
3029 5441 3390 5509 Seguer.anto

1820 5529 2010 5668 εἰ’(59)
2063 5593 2349 5668 SieReg.
2381 5591 2701 5668 Seguelraet
2751 5583 3030 5668 basilnvut
3074 5575 3390 5668 et_ha.l:)ett_rr

1827 5644 2008 5723 Rtiiit'.’
2042 5644 2352 5727 mliti—Alii
2395 5644 2484 5713 et"
2504 5657 2627 5711 editi
2689 5644 3386 5727 habentMXpts‘ro-b.iidem

2022 5713 2491 5807 fok'is—s‘lnibidem
2534 5728 2781 5791 habent;
2838 5719 2926 5778 alii
2980 5713 3036 5776 ὁι
3095 5717 3248 5786 editi,
3304 5713 3382 5770 ῐσι

1827 5825 1973 5878 χυεν.
