4006 6482
554 418 661 476 ιιι

1128 411 1193 471 s.
1229 411 1607 470 ATHANASII
1643 411 1800 482 opp.
1839 410 2020 468 rans
2055 411 2097 468 ι.
2136 445 2153 456 -

2257 402 2615 492 ιιιετοιιιιῖιι
2652 410 2742 467 ET
2785 397 3197 470 uocantes

3702 417 3820 475 τις

562 536 781 609 quidem
807 534 1026 592 diabolo
1050 549 1213 592 causa
1244 534 1372 600 iuit,
1425 550 1523 590 cur
1549 535 1703 589 nobis
1745 534 1999 604 deinceps
2042 535 2127 589 in-

2257 535 2342 604 60)
2366 535 2608 599 διάϐολος
2649 535 2900 605 ἐνήλλετο
2932 533 3052 588 καθ’
3095 533 3268 605 ἡμῶν.
3315 535 3449 588 Τότε
3491 535 3556 607 δὴ
3596 537 3627 590 6
3681 537 3819 602 Θεὸς

565 625 809 682 sultaret.
838 625 990 680 Tunc
1024 641 1158 697 ergo
1183 627 1448 695 benignus
1480 625 1619 679 Deus
1651 625 1918 680 hominem
1954 626 2020 680 ad
2049 626 2132 680 sui

567 716 857 786 imaginem
885 725 1125 772 creatum
1159 717 1339 784 perire
1381 715 1569 769 nolens
1597 716 1774 770 dixit:
1815 716 1979 782 Quem
2015 717 2136 770 mit-

565 815 698 873 tam,
737 818 785 863 et
819 807 937 876 quis
969 809 1114 864 ibit?
1157 808 1382 862 Cunctis
1433 817 1608 859 autem
1661 809 1964 863 tacentibus
2001 809 2138 862 dixit

566 898 778 954 Filius:
825 899 956 954 Ecce
1010 917 1124 969 ego,
1171 902 1316 951 mitte
1365 914 1445 950 me
1485 897 1550 949 ”.
1597 897 1732 951 Tum
1791 897 1971 962 Pater,
2007 900 2137 954 vade

569 989 776 1057 dicens,
805 991 1072 1045 hominem
1103 990 1239 1044 Filio
1267 991 1508 1053 tradidit,
1542 999 1596 1042 ut
1628 990 1830 1044 scilicet
1860 992 1972 1060 ipse
2009 1007 2137 1046 caro

572 1079 748 1144 ﬂeret,
795 1091 849 1135 et
887 1089 1214 1151 assumptam
1264 1096 1480 1135 carnem
1517 1092 1681 1136 totam
1734 1083 1945 1151 penitus
1979 1097 2136 1136 reno-

570 1181 742 1226 varet.
767 1169 868 1234 lll'i.
904 1175 1144 1240 inquam,
1178 1173 1342 1227 homo
1371 1174 1600 1228 traditus
1625 1185 1708 1229 est
1738 1183 1995 1244 tanquam
2027 1191 2140 1230 tne-

574 1262 716 1326 dico,
749 1275 809 1318 ut
847 1278 1086 1318 morsum
1119 1279 1277 1332 quem
1333 1265 1434 1335 ipsi
1467 1281 1693 1336 serpens
1725 1267 2016 1330 inﬂixerat,
2045 1283 2140 1320 cu-

569 1363 751 1408 raret:
787 1364 1039 1424 tauquam
1087 1355 1231 1418 vitae,
1280 1365 1340 1409 ut
1387 1368 1658 1410 mortuum
1686 1358 1991 1412 excitaret:
2023 1366 2141 1410 tan-

573 1460 734 1515 quam
765 1445 893 1512 luci,
926 1455 984 1500 ttt
1011 1446 1129 1514 ejus
1165 1449 1422 1502 tenebras
1476 1448 1799 1503 illuminaret
1827 1467 1842 1504 ε
1886 1457 2137 1518 tanquam

575 1537 799 1602 rationi,
825 1547 883 1592 ut
903 1539 1142 1609 ejusdem
1174 1541 1438 1595 rationem
1477 1542 1808 1596 restitueret.
1861 1539 1930 1596 Ut
1976 1541 2140 1612 igitur

573 1637 770 1684 cuncta
797 1629 848 1683 ei
875 1639 1002 1686 sunt
1043 1632 1240 1686 tradita
1291 1642 1347 1686 et
1394 1633 1571 1688 factus
1613 1644 1696 1688 est
1739 1633 1919 1699 homo,
1959 1632 2137 1688 omnia

573 1721 768 1775 statim
797 1722 1079 1779 emendata
1111 1732 1164 1777 et
1201 1727 1438 1793 perfecta
1463 1735 1608 1780 sunt.
1652 1725 1818 1779 Terra
1843 1740 1941 1794 pro
1969 1723 2139 1778 male-

577 1813 819 1870 dictione
863 1815 1298 1871 benedictionem
1341 1818 1570 1886 accepit,
1619 1817 1815 1871 latroni
1867 1825 2140 1871 reseratus

2236 627 2612 702 φιλάνθρωπος
2651 625 2725 681 ὢν
2766 627 2858 680 καὶ
2896 627 2971 698 μὴ
3017 627 3183 680 θέλων
3215 625 3511 680 ἀπολέσθαι
3553 626 3647 680 τὸν
3695 627 3820 681 κατ’
3877 638 3888 654 ’⁷

2235 720 2417 773 εἰκόνα
2448 719 2750 790 ἄνθρωπον,
2787 719 2936 788 ἔλεγε
2955 735 2966 749 ·
3013 717 3156 772 Τίνα
3186 717 3534 778 ἀποστελῶ,
3576 718 3675 771 καὶ
3725 719 3820 784 τίς

2237 812 2627 879 exoptatius-rat;
2663 811 2884 865 Πάντων
2919 827 2977 862 τε
3005 809 3354 874 σιωπώντων,
3381 812 3410 863 6
3438 811 3568 873 Υἱδς
3595 809 3782 877 ἔλεγεν
3799 827 3816 841 ·

2250 902 2396 956 Ἰδοὺ
2441 901 2574 971 ἐγὼ,
2627 901 2993 956 ἀπόστειλόν
3035 918 3142 970 με·
3193 901 3288 955 καὶ
3328 901 3393 973 δὴ
3451 902 3574 955 τότε
3622 901 3819 968 λέγων,

2233 992 2459 1059 βάδιζε,
2489 993 2802 1065 παρέδωκεν
2837 991 2985 1063 αὐτῴ
3026 993 3119 1048 τὸν
3145 991 3448 1064 ἄνθρωπον,
3477 993 3566 1045 ἴνα
3593 993 3820 1063 γένηται

2240 1085 2401 1149 αὐτὸς
2445 1087 2473 1139 6
2523 1085 2694 1154 Λόγος
2749 1083 2928 1155 σὰρξ,
2966 1085 3060 1137 καὶ
3117 1083 3447 1154 παραλαϐὼν
3495 1083 3596 1154 τὴν
3641 1083 3822 1154 σάρκα

2239 1177 2598 1250 κατὰ-πάντα
2636 1175 3013 1248 διορθώσηται.
3056 1174 3332 1246 Παρεδόθη
3378 1176 3488 1248 γὰρ
3530 1174 3704 1246 αὐτῷ,
3746 1175 3822 1238 ὡς

2243 1269 2431 1342 ἰατρῷ,
2478 1269 2808 1341 θεραπεῦσαι
2856 1268 2918 1321 τὸ
2949 1269 3136 1340 δῆγμα
3173 1268 3265 1322 τοῦ
3307 1269 3514 1338 ὄφεως·
3559 1267 3638 1331 ὡς
3683 1267 3878 1336 ζωῇμ.

2239 1361 2517 1434 ἀνεγεῖραι
2558 1360 2619 1413 τὸ
2654 1359 2845 1429 νεκρόν
2880 1359 3024 1428 (61)·
3066 1359 3143 1423 Μ
3167 1359 3328 1428 φωτὶ,
3371 1358 3722 1426 καταυγάσαι
3766 1357 3825 1413 τὸ

2241 1453 2460 1516 σκότος·
2502 1455 2597 1506 καὶ
2633 1451 2776 1522 λόγῳ
2807 1437 3412 1514 δντι,”άνακαινίσαιίτδ
3456 1449 3696 1517 λογικόν.
3738 1449 3825 1512 Ὠς

2240 1545 2369 1613 γοῦν
2402 1545 2670 1616 παρεδόθη
2712 1542 2858 1612 αὐτῷ
2889 1544 2958 1596 τά
2987 1533 3185 1606 πάντα,
3223 1532 3323 1596 ’καὶ
3354 1541 3578 1611 γέγονεν
3613 1540 3824 1612 ἄνθρωο

2240 1655 2373 1701 πος,
2413 1638 2572 1701 εὐθὺς
2601 1637 2864 1709 διορθὼθη
2914 1636 3005 1689 καὶ
3050 1635 3337 1706 ἐτελειώθη
3371 1634 3439 1688 τά
3484 1635 3617 1688 ὅλα·
3669 1635 3704 1704 ἡ
3754 1633 3824 1704 γῆ

2240 1730 2359 1782 ἀντὶ
2404 1730 2640 1801 κατάρας
2686 1728 3003 1798 εύλόγηται,
3046 1728 3076 1781 6
3121 1727 3445 1798 παράδεισος
3497 1724 3696 1795 ἠνοίγη
3751 1723 3827 1793 τῷ

2237 1819 2410 1894 λῃστῇ
2442 1820 2572 1892 (69),
2609 1822 2636 1874 6
2666 1821 2800 1892 ᾅδης
2837 1820 3061 1891 ἔπτηξε,
3095 1821 3188 1874 καὶ
3213 1818 3282 1872 τά
3315 1821 3560 1891 μνημεῖα
3606 1816 3823 1887 ἠνοίγη,

572 1915 665 1960 est
698 1907 1008 1976 paradisus,
1032 1907 1192 1962 inferi
1226 1918 1585 1974 tremuerunt,
1623 1919 1678 1965 et
1715 1910 1801 1964 his
1825 1907 1917 1979 qui
1951 1906 2142 1961 mortui

2257 1912 2611 1982 ἐγειρομένων
2669 1911 2778 1964 τῶν
2826 1910 3057 1982 νεκρῶν,
3097 1911 3155 1963 al
3205 1909 3367 1964 πύλαι
3432 1908 3529 1962 τοῦ
3593 1907 3825 1980 ούρανοῦ

571 2007 738 2052 erant
769 2000 1039 2066 excitatis,
1081 2014 1263 2070 aperta
1311 2013 1439 2059 sunt
1491 2011 1878 2060 monumenta:
1914 2001 2147 2068 denique

579 2099 752 2159 portae
773 2092 894 2146 coeli
931 2093 1153 2147 elevatae
1178 2106 1308 2150 sunt
1339 2096 1406 2162 ⁸ο,
1445 2106 1502 2149 ιιι
1532 2096 1621 2150 ille
1659 2096 1746 2163 qni
1778 2105 1948 2148 estex
1976 2092 2145 2146 Edoni

577 2182 864 2238 adveniret
897 2183 964 2238 δ’.
999 2184 1161 2242 Certe
1193 2187 1307 2257 ipse
1337 2187 1586 2241 Salvator
1611 2187 1884 2250 exltlicans
1911 2199 2146 2254 quonam

584 2277 743 2330 modo
786 2279 967 2333 omnia
1028 2280 1129 2335 sibi
1176 2283 1372 2337 tradita
1428 2282 1651 2343 iuerint.
1701 2297 1848 2346 mox,
1901 2291 1960 2332 nt
2005 2280 2147 2346 apud

582 2371 896 2428 Manlia-um
941 2375 1151 2444 legitur,
1199 2377 1476 2447 subjecit:
1525 2376 1708 2430 Venite
1754 2376 1824 2428 ad
1859 2391 1938 2428 me
1974 2388 2149 2427 omnes

583 2462 674 2528 qui
705 2461 963 2517 laborati:
987 2476 1035 2518 et
1060 2468 1266 2518 onerati
1301 2467 1445 2526 estis.
1488 2475 1536 2519 et
1566 2482 1657 2535 ego
1689 2465 1913 2530 reficiam
1946 2479 2031 2516 ros
2065 2462 2147 2516 "z

597 2552 728 2605 mihi
764 2554 905 2607 cnim
932 2556 1110 2610 traditi
1152 2557 1304 2619 estis,
1340 2567 1395 2609 ut
1426 2556 1610 2610 labore
1644 2555 1884 2608 defessos
1915 2553 2149 2608 relieiam

586 2652 646 2696 et
682 2656 923 2699 mortuos
956 2662 1205 2701 revocem
1246 2649 1313 2700 ad
1344 2649 1528 2700 vitam.
1559 2646 1656 2701 Cui
1683 2657 1736 2701 et
1759 2646 1888 2700 illud
1917 2645 2152 2700 cont-init

591 2735 734 2801 quod
759 2735 922 2790 habet
948 2735 1219 2792 Joannes:
1257 2737 1419 2792 Pater
1444 2740 1615 2808 diligit
1643 2737 1862 2803 Filium,
1898 2749 1944 2792 et
1976 2739 2152 2790 omnia

591 2826 734 2878 dedit
757 2827 812 2879 in
841 2844 997 2880 manu
1021 2829 1136 2898 ejus
1159 2829 1228 2882 “.
1262 2829 1416 2885 Dedit
1441 2832 1581 2884 cnim
1615 2843 1670 2883 ttt
1702 2829 2152 2900 quemadmodum

591 2917 774 2970 omnia
808 2933 902 2986 per
937 2919 1110 2989 ipsum
1143 2919 1286 2975 facta
1318 2932 1462 2981 sunt.
1495 2923 1571 2976 sic
1602 2922 1654 2974 in
1683 2923 1798 2992 ipso
1823 2923 2001 2974 omnia
2035 2935 2156 2988 pos-

587 3016 714 3062 sent
767 3008 1077 3066 instaurari.
1135 3013 1415 3082 Siquidem
1468 3031 1571 3068 non
1627 3014 1828 3067 idcirco
1872 3013 2054 3066 omnia
2105 3012 2152 3066 ei

595 3101 790 3156 tradita
822 3113 966 3170 sunt,
999 3115 1055 3159 ut
1087 3121 1151 3160 ex
1183 3122 1416 3176 paupere
1447 3107 1598 3161 dives
1623 3107 1795 3169 ﬁeret,
1825 3121 2000 3175 neque
2040 3122 2156 3158 om-

591 3197 682 3249 nia
715 3197 943 3266 accepit,
986 3208 1041 3251 ut
1070 3209 1390 3269 potestatem
1422 3215 1582 3268 quam
1621 3214 1723 3252 non
1755 3197 1982 3250 habebat
2019 3197 2157 3249 acci-

589 3301 766 3359 peret,
800 3290 940 3345 absit
968 3292 980 3345 !
1020 3293 1112 3346 sed
1146 3293 1323 3361 potius
1356 3301 1412 3344 ιιι
1449 3289 1654 3353 omnia,
1685 3299 1936 3358 tanquam
1969 3287 2156 3343 Salva-

596 3390 702 3446 tor,
735 3382 1082 3438 instauraret.
1128 3383 1327 3451 Nempe
1357 3385 1583 3438 decebat
1625 3383 1914 3439 creationis
1942 3383 2157 3452 quidem

594 3473 880 3528 exordium
929 3491 1022 3541 per
1064 3477 1234 3544 ipsum
1284 3475 1400 3530 fieri
1443 3475 1514 3539 “,
1571 3483 1629 3528 ut
1671 3491 1756 3530 res
1787 3476 2154 3530 exsisterent:

597 3576 784 3616 earum
815 3575 995 3618 autem
1047 3567 1514 3631 instaurationem,
1550 3567 1604 3620 in
1634 3568 1744 3630 ipso
1767 3567 1851 3632 “;
1888 3584 2005 3638 qu:e
2029 3583 2160 3622 sane

597 3649 764 3704 verba
791 3652 932 3706 inter
958 3668 1017 3706 se
1042 3652 1314 3710 differunt.
1355 3655 1490 3710 Nam
1540 3657 1694 3712 initio
1737 3658 1949 3725 quidem
1977 3659 2156 3712 omnia

599 3759 698 3811 per
734 3744 907 3812 ipsum
953 3744 1096 3801 facta
1145 3757 1270 3802 sunt
1315 3759 1372 3802 ut
1411 3760 1629 3804 essent:
1677 3759 1858 3819 postea
1890 3765 2037 3814 vero,
2073 3749 2160 3803 ubi

599 3836 782 3889 omnia
813 3836 1144 3903 deiecerunt,
1183 3838 1413 3894 Verbum
1447 3855 1571 3895 caro
1616 3840 1810 3895 factum
1853 3852 1956 3905 est,
1999 3857 2161 3910 quam

603 3929 812 3984 scilicet
879 3931 1070 3997 induit,
1111 3944 1167 3988 nt
1211 3933 1263 3987 in
1301 3934 1414 4003 ipso
1444 3935 1620 3988 omnia
1673 3935 2043 3990 reficerentur.
2079 3932 2165 3987 Si-

604 4021 818 4090 quidem
865 4022 978 4092 ipse
1047 4023 1298 4091 patiendo
1371 4042 1468 4081 nos
1521 4027 1826 4091 recreavit,
1879 4026 2164 4079 esuriendo

607 4113 859 4180 nutrivit,
888 4123 942 4169 et
996 4117 1061 4170 ad
1095 4116 1293 4173 inferos
1327 4119 1698 4174 descendendo
1746 4135 1964 4172 sursum
2007 4129 2161 4172 extu-

602 4203 686 4257 lit.
713 4203 864 4261 Tune
904 4221 1034 4274 ergo
1071 4222 1192 4262 cum
1233 4209 1410 4262 omnia
1449 4210 1658 4273 ﬁerent,
1695 4208 1934 4277 juhentis
1966 4207 2167 4262 ﬁebant

605 4294 850 4365 imperio,
882 4305 942 4351 ut
974 4297 1085 4352 haec
1125 4299 1287 4354 verba
1322 4301 1584 4364 indicant,
1630 4300 1937 4369 producant,
1970 4299 2066 4365 ﬁat
2097 4298 2164 4352 “.

601 4388 671 4442 At
704 4388 754 4442 in
791 4404 966 4444 rerum
1009 4390 1399 4446 instauratione
1449 4391 1627 4446 omnia
1669 4393 1716 4446 ei
1767 4391 1903 4445 tradi
1956 4391 2164 4458 decuit,

605 4492 662 4535 ιιι
690 4482 804 4553 ipse
846 4483 1006 4539 homo
1054 4485 1229 4550 ﬁeret,
1253 4495 1309 4540 et
1337 4485 1518 4541 omnia
1550 4485 1603 4539 in
1638 4499 1704 4539 eo
1746 4494 2164 4550 renovarentur;

2251 2005 2586 2076 ἐπήρθησαν,
2627 2005 2693 2058 ἵν’
2715 2007 2742 2058 ὁ
2775 2004 2832 2071 ἐξ
2870 2003 3047 2075 Ἐδὼμ
3081 2005 3473 2077 παραγένηται.
3515 2003 3737 2072 ’Δμέλει
3769 2001 3828 2058 τὰ

2253 2097 2370 2160 πῶς
2403 2096 2668 2168 παρεδόθη
2699 2095 2847 2166 αύτῷ
2890 2095 3086 2159 πάντα,
3132 2095 3371 2165 σημᾶναι
3404 2092 3575 2145 θέλων
3609 2091 3774 2153 αὐτὸς
3800 2093 3828 2143 6

2253 2188 2461 2260 Σωτὴρ,
2485 2189 2760 2259 ἐπήγαγεν
2789 2186 2949 2249 εὐθὺς
2979 2186 3114 2257 (65),
3139 2184 3214 2250 ὼς
3247 2187 3276 2239 6
3312 2183 3594 2246 ῙιῙατθαῖός
3634 2197 3824 2252 φησιν·

2253 2279 2430 2333 Δεῦτε
2471 2279 2618 2348 πρὸς
2640 2277 2737 2347 μὲ,
2780 2276 2998 2343 πάντες
3026 2280 3079 2331 οἱ
3111 2274 3436 2341 κοπιῶντες
3480 2273 3583 2327 καὶ
3616 2289 3831 2342 πεφορ-

2255 2371 2518 2441 τισμένοι
2538 2410 2552 2434 ,
2582 2369 2742 2438 κάγὼ
2777 2369 3105 2424 ἀναπαύσω
3131 2367 3311 2438 ὑμᾶς·
3357 2364 3696 2438 παρεδόθητε
3727 2365 3840 2436 γάρ.

2259 2481 2370 2534 μοι,
2417 2464 2502 2517 ἵνα
2551 2463 2915 2524 κοπιάσαντας
2967 2458 3076 2531 (64)
3121 2456 3441 2523 ἀναπαύσω,
3492 2458 3591 2511 καὶ⁵
3625 2473 3831 2526 νεκρω-

2257 2555 2444 2619 θέντας
2475 2556 2809 2626 ζωοποιησω.
2834 2552 3052 2624 Συνᾴδει
3082 2551 3139 2604 δέ
3170 2550 3344 2620 τούτῳ
3378 2550 3472 2602 καὶ
3499 2549 3562 2602 τὸ
3588 2546 3743 2622 παρὰ
3759 2545 3839 2617 τῷ

2269 2648 2484 2718 Ἰωάννῃ
2517 2646 2798 2716 κείμενον·
2845 2645 2897 2698 '0
2933 2641 3134 2710 Πατὴρ
3163 2639 3363 2711 ἀγαπᾷ
3393 2639 3501 2695 τὸν
3541 2641 3702 2704 Υιὲν,
3738 2637 3838 2691 καὶ

2257 2738 2454 2792 πάντα
2499 2737 2758 2791 δέδωκεν
2786 2737 2854 2790 ἐν
2895 2735 2970 2806 τῇ
3012 2735 3159 2805 χειρὶ
3203 2733 3410 2789 αὑτοῦ.
3456 2733 3674 2788 Δέδωκε
3707 2731 3837 2802 γάρ,

2259 2832 2348 2895 ἵν’,
2392 2830 2578 2902 ὥσπερ
2620 2829 2684 2882 δι’
2714 2827 2876 2884 αὑτοῦ
2913 2828 2984 2881 τά
3038 2829 3212 2885 πάντα
3256 2827 3499 2896 γέγονεν,
3553 2825 3731 2888 οὕτως
3778 2825 3836 2876 ἐν

2259 2923 2406 2994 αὐτῷ
2439 2921 2508 2975 τά
2551 2917 3207 2991 πάνταάνακαινισθῆναι
3240 2919 3461 2991 δυνηθῇ.
3495 2918 3574 2972 Οὐ
3609 2916 3741 2989 γάρ,
3771 2917 3834 2971 ἵν’

2260 3018 2324 3070 ἐκ
2369 3014 2582 3086 πτωχοῦ
2616 3013 2867 3078 πλούσιος
2900 3014 3144 3084 γένηται,
3187 3011 3457 3087 παρεδόθη
3513 3008 3669 3081 αύτῷ
3703 3007 3834 3081 (65),

2260 3109 2367 3162 οὐδ’
2419 3108 2526 3171 ἴνα,
2571 3107 2646 3170 ὡς
2692 3105 2766 3177 μὴ
2821 3105 2960 3176 ἔχων
3017 3104 3262 3168 ἐξουσίαν
3289 3145 3304 3167 ,
3360 3101 3502 3173 λάϐῃ
3567 3100 3834 3165 ἐξουσίαν,

2263 3199 2534 3270 παρέλαϐε
2563 3198 2630 3251 τὰ
2655 3197 2848 3263 πάντα,
2885 3196 2960 3268 μὴ
2995 3195 3229 3265 γένοιτοί
3256 3194 3480 3248 ἀλλ’ἵνα
3511 3193 3736 3264 μᾶλλον,
3764 3191 3836 3254 ὡς

2257 3290 2466 3361 Σωτὴρ,
2514 3289 2581 3342 τὰ
2623 3289 2800 3343 πάντα
2847 3288 3201 3360 διορθώσηται
3250 3284 3384 3358 (66).
3431 3285 3686 3356 Ἐ’πρεπε
3741 3283 3836 3354 μὲν

2257 3382 2365 3451 γὰρ
2395 3381 2492 3452 τὴν
2535 3380 2631 3451 μὲν
2675 3379 2846 3451 ἀρχὴν
2889 3379 2985 3449 τῆς
3028 3376 3386 3448 δημιουργίας
3427 3375 3504 3428 δι’
3530 3373 3723 3428 αὐτοῦ
3751 3389 3839 3442 γε·

2259 3472 2442 3526 νέσθαι
2484 3475 2561 3535 εἰς
2591 3471 2652 3525 τὸ
2683 3469 2822 3525 εἶναι
2853 3469 3009 3532 αὐτὰ,
3035 3469 3132 3540 τὴν
3161 3469 3216 3522 δέ
3242 3467 3530 3540 διόρθωσιν
3565 3466 3638 3519 ἐν
3660 3463 3836 3531 αὐτῷ,

2260 3565 2496 3636 ἐχουσῶν
2537 3563 2800 3635 διαφοράν
2839 3562 2946 3616 τῶν
2987 3561 3202 3626 λέξεων.
3243 3545 3334 3612 Ἐν
3555 3550 3688 3628 μὲν

2259 3660 2326 3713 δι’
2348 3657 2510 3712 αύτοῦ
2539 3658 2759 3727 γέγονεν
2789 3658 2868 3720 εἰς
2902 3657 2964 3709 τὸ
2994 3651 3130 3708 εἶναι
3149 3672 3162 3684 ·
3197 3653 3420 3724 ὕστερον
3449 3651 3527 3715 δὲ,
3569 3649 3840 3704 πεσόντων

2262 3753 2500 3815 πάντων,
2549 3749 2768 3821 γέγονεν
2814 3750 2843 3802 6
2882 3747 3052 3817 Λόγος
3095 3743 3248 3818 σὰρξ,
3289 3744 3382 3798 καὶ
3416 3739 3711 3796 ἐνεδύσατο
3750 3739 3842 3793 a6-

2262 3842 2381 3911 τὴν,
2417 3840 2484 3892 ἵν’
2527 3840 2585 3892 ἐν
2635 3837 2784 3911 αὐτῷ
2820 3837 2888 3890 τά
2928 3838 3024 3890 ὅλα
3068 3833 3409 3905 κατορθωθῇ.
3463 3831 3703 3902 Πάσχων
3734 3831 3837 3901 γάρ

2263 3931 2425 3995 αὐτὸς
2463 3932 2609 4002 ἡμᾶς
2642 3931 2916 3983 ἀνέπαυσε
2951 3928 3082 3993 (67),
3115 3927 3210 3980 καὶ
3253 3923 3453 3978 πεινῶν
3493 3923 3660 3987 αὐτὸς
3701 3923 3843 3993 ἡμᾶς

2263 4023 2478 4096 ἔτρεφε,
2518 4023 2613 4076 καὶ
2642 4024 2721 4086 εἰς
2753 4021 2843 4075 τὸν
2883 4020 3014 4093 ᾇδην
3047 4017 3387 4074 καταϐαίνων
3414 4018 3566 4087 ἡμᾶς
3591 4016 3838 4086 ἀνέφερε.

2263 4118 2399 4170 Τότε
2445 4116 2575 4185 γοῦν
2610 4115 2906 4185 γινομένων
2939 4112 3154 4166 πάντων
3188 4111 3519 4182 πρόσταγμα
3563 4105 3636 4181 ἦν
3666 4110 3726 4162 τὸ
3754 4125 3842 4170 γε-

2264 4209 2471 4272 νέσθαι,
2513 4203 2623 4261 οἷον
2651 4208 2732 4270 τὸ,
2772 4204 3124 4275 ἐξιιγαγέτω,
3160 4205 3273 4267 καὶ,
3318 4202 3622 4272 γενέσθω·
3657 4202 3749 4255 ἐπὶ
3789 4200 3843 4252 δέ

2266 4304 2332 4372 τῇ
2363 4300 2641 4373 διορθώσει.
2691 4298 3054 4370 παραδοθῆναι
3082 4296 3259 4350 πάντα
3293 4295 3554 4367 ἔπρεπεν,
3587 4295 3656 4347 ἵν’
3691 4293 3844 4354 αὐτὸς

2265 4392 2491 4464 γένηται
2526 4391 2841 4460 ἄνθρωπος,
2880 4389 2973 4442 καὶ
3011 4389 3069 4442 ἐν
3098 4386 3247 4458 αύτῷ
3281 4386 3351 4439 τὰ
3393 4386 3576 4440 πάντα
3626 4386 3842 4439 ἀνακαι-

2267 4484 2444 4554 νισθῇ.
2485 4484 2572 4536 Ἐν
2615 4481 2762 4552 αὐτῷ
2806 4481 2914 4552 γάρ
2954 4479 3029 4532 ὢν
3059 4481 3089 4533 6
3127 4479 3429 4548 ἄνθρωπος,
3463 4477 3839 4542 ἐζωοποιεῖτο·

601 4575 765 4630 homo
808 4577 954 4632 enim
1009 4586 1281 4647 quatenus
1329 4579 1380 4632 in
1428 4578 1521 4632 illo
1584 4586 1723 4642 erat,
1771 4576 2153 4630 vivificahatur.

2270 4575 2356 4629 διὰ
2390 4575 2550 4628 τοῦτο
2591 4573 2700 4644 γὰρ
2731 4572 3038 4644 συνεπλάκη
3070 4573 3099 4625 6
3126 4571 3294 4640 Λόγος
3322 4571 3399 4643 τῷ
3431 4571 3730 4644 ἀνθρώπῳ,
3764 4569 3844 4622 ἵνα

601 4665 735 4720 Nam
771 4666 1005 4724 Verbum
1047 4669 1169 4725 ideo
1223 4686 1281 4725 se
1327 4670 1528 4724 homini
1574 4666 1878 4743 conjunxit,
1927 4677 1986 4722 ut
2039 4666 2169 4720 nihil

602 4759 832 4830 amplius
873 4771 1061 4817 contra
1103 4763 1376 4817 hominem
1411 4763 1619 4818 valeret
1665 4760 1992 4817 maledictio.
2024 4759 2160 4814 llinc

675 4947 719 4978 "
749 4945 854 5005 lsa.
888 4963 964 5013 vt,
994 4948 1047 5003 8.
1123 4949 1169 4981 ⁸ο
1204 4947 1345 5003 Psal.
1373 4963 1533 5014 mn,
1556 4947 1611 5001 7.
1718 4945 1761 4979 “
1793 4945 1896 5003 lsa.
1923 4962 2080 5013 Lxm,
2115 4944 2169 5002 l.

606 5014 653 5048 ”
691 5016 886 5086 Ephes.
923 5035 962 5082 ι.
998 5018 1085 5074 l0.
1161 5019 1208 5050 “
1243 5018 1438 5074 Cenes.
1472 5035 1511 5082 ι,
1540 5019 1574 5073 5
1597 5033 1751 5089 seqq.

605 5219 635 5270 ὁ
661 5149 790 5271 6(é60)
836 5151 967 5220 Reg.
1001 5150 1223 5221 Seguer.
1276 5161 1330 5206 et
1366 5150 1554 5216 Basil.,
1591 5151 1703 5204 ὅτε.
1747 5149 1853 5205 Alii
1899 5159 1956 5206 et
2023 5147 2179 5214 editi,

682 5289 792 5360 (6i)
817 5287 1208 5360 ﬁoblerianns,
1235 5291 1327 5360 τδν
1357 5289 1571 5360 νεκρόν.

683 5357 795 5428 (ὒὲ)
815 5358 1106 5432 Τῴ-λῃστῇ
1139 5354 1340 5415 habent
1367 5354 1498 5430 Reg.
1531 5359 1752 5432 Seguer.
1779 5372 1834 5417 et
1859 5359 2021 5415 Basil.
2053 5357 2180 5412 editi

610 5442 738 5480 vero
761 5441 812 5482 et
841 5429 930 5480 alii
957 5429 1236 5485 omittunt.

684 5498 796 5568 (65)
828 5498 1001 5562 Εὑθύς
1027 5499 1231 5552 addunt
1254 5498 1388 5568 Reg.
1407 5510 1456 5551 et
1490 5498 1737 5568 Segner.,
1757 5500 1849 5555 sed
1868 5497 1954 5551 alii
1978 5506 2032 5553 et
2050 5497 2180 5550 editi

610 5574 888 5687 Emittunt.
920 5569 1043 5624 Mox
1093 5568 1256 5624 iidem
1289 5579 1344 5623 et
1376 5567 1536 5624 Basil.
1571 5567 1784 5625 habent
1827 5569 1978 5639 φησί.
2017 5569 2182 5631 Editi,

643 5655 738 5687 ωτι.

643 5655 799 5778 φῗϐιξ)
831 5707 924 5762 Sic
968 5706 1103 5778 Reg.
1135 5717 1190 5762 et
1222 5706 1446 5778 Stigllcl‘:
1478 5708 1580 5761 Alii
1621 5718 1676 5762 et
1700 5706 1858 5778 editi,
1881 5707 2186 5761 κοπιώσαν-

614 5774 733 5839 τας.
754 5774 1174 5847 Paulo__post'pro
1189 5778 1386 5847 τούτῳ,
1409 5775 1624 5831 Gobler.
1643 5787 1697 5829 et
1717 5774 1996 5847 FelckniJ
2024 5792 2184 5830 an0n.

620 5847 820 5904 habent
853 5845 1030 5903 τοῦτο.
1064 5847 1265 5905 ibidem
1296 5845 1410 5904 lich
1449 5848 1632 5918 verba,
1686 5846 1835 5916 παρὰ
1860 5845 1937 5913 τῷ
1965 5848 2187 5911 Ἰωάννη

2273 4669 2308 4739 ἡ
2355 4667 2570 4739 κατάρα
2619 4667 2816 4737 μηκέτι
2859 4665 3053 4738 ἰσχύσῃ
3095 4665 3236 4718 κατὰ
3272 4665 3366 4718 τοῦ
3408 4664 3722 4736 ἀνθρώπου.
3753 4663 3847 4717 Διὰ

2273 4755 2431 4812 τοῦτο
2459 4757 2568 4828 γάρ
2608 4757 2702 4811 καὶ⁴
2744 4758 2803 4810 ἐν
2835 4754 3220 4828 ἑϐδομηκοστῷ
3253 4753 3454 4827 πρώτῳ
3486 4755 3694 4827 ψαλμῷ
3727 4753 3845 4816 τοὺς

2278 4941 2325 4974 ⁸⁸
2348 4939 2538 4996 Matth.
2572 4935 2767 5002 v.28.
2873 4934 3092 4993 “Joan.
3115 4950 3198 5003 ιιι,
3224 4935 3314 4992 ⁸55.
3420 4933 3645 4990 “Joan.
3703 4951 3742 5004 t,
3795 4933 3846 4989 3.

2283 5141 2761 5226 asinam-habent
2799 5138 2931 5211 Reg.
2963 5138 3185 5209 Seguer.
3209 5147 3265 5193 et
3300 5136 3489 5202 Basil.,
3521 5153 3647 5208 qum
3680 5139 3769 5193 alii
3802 5146 3852 5191 et

2287 5219 2416 5270 ctltli
2443 5219 2718 5265 omittunt.

2359 5283 2626 5360 (liiiilieg.
2654 5279 2886 5360 .Seguer.
2925 5289 2979 5334 et
3013 5277 3177 5360 litis“.
3217 5286 3348 5360 post
3375 5276 3852 5360 yévquat,_ad_dunt

2286 5347 2779 5426 παρεδόθηάὐτῷ,
2826 5365 2945 5416 qua;
2993 5349 3080 5402 alii
3129 5356 3184 5401 et
3221 5347 3349 5404 editi
3399 5347 3675 5401 omittunt.
3723 5347 3847 5402 ibid.

2289 5425 2326 5444 τι
2377 5441 2400 5444 ,Α
2477 5433 2518 5444 ,ι
2571 5422 2776 5444 9-..“.--
2849 5417 2923 5444 Β.-
2968 5418 3041 5444 ..3.
3089 5417 3228 5444 ιι......
3284 5415 3533 5444 ιε-..-ι....
3594 5418 3730 5444 διε..
3766 5415 3843 5444 λεί

2287 5415 2420 5489 Βρὶι.
2471 5415 2818 5490 δι’ὃρςζιιεὲτη
2847 5415 2935 5500 ὡς.
2967 5418 3043 5501 μὴ
3089 5417 3228 5487 ἔχων
3283 5415 3555 5479 ἐξουσίαν,
3594 5418 3733 5487 λάϐῃ
3766 5415 3848 5477 ἐξ·

2285 5493 2492 5548 ουσίαν.
2565 5491 2671 5547 Alil
2733 5499 2789 5545 et
2855 5489 3024 5556 cdttt,
3087 5487 3161 5551 ὡς
3223 5486 3296 5558 μὴ
3366 5485 3544 5557 ἔχων,
3613 5486 3849 5553 ἐξουσίαν

2283 5564 2593 5705 λάῗὲθ)εξε
2631 5630 2766 5705 Reg.
2806 5627 3031 5699 Seguer.
3058 5625 3224 5684 Basil.
3251 5625 3542 5682 etGobler.
3597 5626 3703 5682 Alii
3730 5639 3850 5681 vero

2288 5713 2344 5760 et
2366 5699 2518 5766 editi,
2539 5699 2827 5772 διορθῴσῃ.

2365 5775 2477 5846 (6.7)
2509 5765 2637 5846 Sic:
2676 5765 2898 5846 seinter.
2932 5777 2984 5825 el
3031 5767 3248 5827 Gobler.
3298 5766 3368 5826 At
3399 5767 3559 5843 Reg,
3596 5765 3848 5824 ἀνέπαυε.

2291 5838 2433 5902 Editi
2459 5838 2514 5900 et
2542 5842 2652 5908 alii.
2681 5838 2931 5896 ἀνέλαϐε.
