4006 6502
206 426 301 481 293

1031 431 1098 486 IN
1138 431 1365 498 ILLUD,
1404 431 1619 489 OMNIA
1661 433 1807 490 MIHI
1846 434 2151 493 TRADITA
2190 437 2391 506 SUNT,
2429 440 2581 497 ETC.

3322 447 3432 504 2M

206 540 475 609 ὀξεοῦντάς
506 561 640 613 φασι
684 546 793 619 (68)
824 562 912 615 10y
957 548 1087 603 Θεὸν
1120 552 1247 622 περὶ
1290 551 1385 604 τοῦ
1427 551 1764 624 ἀνθρωπείου

1868 556 1956 623 qui
1988 557 2193 624 psalmo
2221 559 2617 626 septuagesimo
2666 558 2863 626 primo,
2906 561 3014 616 Deo
3053 577 3147 631 pro
3194 560 3430 616 humano

208 634 414 699 γένους,
455 634 511 686 Ὁ
553 636 717 703 Θεὸς,
762 638 826 691 τὸ
864 639 1040 709 κρῖμα
1077 656 1193 694 σου
1234 640 1315 706 τῷ
1346 642 1601 706 βασιλεῖ
1638 641 1761 707 δὸς,

208 723 283 775 ἶνα
319 726 495 778 καὶτὸ
538 727 661 779 καθ’
688 729 839 800 ήμῶν
865 733 1037 801 κρῖμα
1081 731 1173 784 τοῦ
1229 731 1481 797 Θανάτου,
1524 733 1660 803 ὅπερ
1697 727 1765 803 ἦν

206 815 313 867 καθ’
339 817 515 886 ήμῶν,
552 820 829 892 παραδοθῇ
860 822 935 892 τῷ
976 822 1108 892 Υἱῷ,
1143 824 1237 877 καὶ
1283 823 1465 877 λοιπὸν
1500 823 1661 887 αὐτὸς
1708 824 1766 877 ἐν

206 905 335 975 αὐτῷ
361 907 493 959 αὐτὸ
536 908 857 984 ὲξαφανίσῃ,
887 912 1168 968 ἀποθανίον
1207 915 1346 985 ὑπὲρ
1388 916 1562 985 ἡμῶν.
1598 916 1765 968 Τοῦτο

206 996 299 1066 γὰρ
336 1000 614 1068 σημαίνων
654 1004 747 1055 καὶ
789 1005 947 1067 αὐτὸς
989 1005 1169 1073 ἔλεγεν
1200 1007 1257 1058 ἐν
1300 1006 1379 1076 τῷ
1425 1006 1763 1077 ὀγδοηκοστῷ

204 1086 397 1158 ἑϐδόμῳ
432 1091 673 1163 ψαλμῷ·
729 1096 845 1147 Ἐπ’
890 1096 994 1164 ἐμὲ
1045 1097 1445 1167 ἐπεστηρίχθη
1496 1102 1530 1153 ὁ
1582 1099 1765 1167 θυμός

128 1184 151 1207 λ
205 1194 326 1233 σου.
367 1182 470 1235 Τὸν
516 1184 630 1255 γὰρ
674 1186 797 1239 καθ’
834 1188 989 1257 ἡμῶν
1018 1182 1404 1260 ’θυμὸνὲαὺτὸς
1445 1190 1759 1255 ἐϐάσταζεν,

205 1270 269 1333 ὡς
297 1271 404 1337 (69)
432 1278 528 1327 καὶ
556 1278 616 1329 ὲν
646 1276 726 1347 τῷ
743 1280 1015 1351 ἑκατοστῷ
1035 1262 1338 1354 τριακοστῷ
1366 1282 1577 1354 ἑϐδόμῳ
1609 1283 1758 1353 φησί·

206 1364 395 1428 Κύριος
420 1366 839 1424 ἀνταποδώσει
865 1371 1016 1439 ὑπὲρ
1040 1372 1205 1441 ἐμοῦ.

262 1453 309 1505 3.
348 1454 504 1510 Οὕτω
540 1460 640 1529 μὲν
678 1458 769 1515 οὖν
802 1463 976 1516 πάντα
1007 1464 1394 1535 παραδεδόσθαι
1428 1464 1506 1535 τῷ
1550 1464 1760 1537 Σωτῆρι

204 1547 324 1596 νοεῖν
356 1545 560 1614 ἔξεστι,
598 1553 696 1605 καὶ
729 1555 776 1606 εί
814 1554 893 1607 δεῖ
923 1556 1187 1625 νοήσαντα
1219 1556 1379 1608 πάλιν
1412 1558 1583 1609 εἰπεῖν
1625 1556 1758 1627 (70),

200 1638 538 1706 παραδέδοται
555 1643 707 1713 αὐτῷ
721 1643 863 1714 ἅπερ
883 1646 981 1699 οὐκ
997 1641 1157 1716 εἶχεν.
1177 1647 1249 1700 06
1268 1648 1377 1719 γὰρ
1393 1642 1460 1717 ἦν
1480 1646 1574 1701 ἄνθ
1584 1662 1760 1719 ρωπος

200 1730 288 1799 πρὸ
329 1733 542 1799 τούτου,
589 1737 727 1801 ἀλλὰ
755 1740 940 1808 γέγονε
981 1739 1068 1793 διὰ
1112 1739 1171 1792 τὸ
1207 1741 1377 1795 σῶσαι
1410 1741 1615 1794 τοῦτον.
1651 1740 1760 1793 Καὶ

196 1822 279 1873 οὐκ
292 1818 353 1893 ἦν
373 1827 429 1877 ὲν
444 1827 597 1898 ἀρχῇ
626 1830 763 1902 σάρξ
782 1829 1006 1899 ὁΛόγος,
1027 1831 1139 1885 ἀλλ’
1158 1830 1379 1902 ὕστερον
1397 1832 1586 1900 γέγονε
1604 1830 1756 1901 σὰρξ,

1866 661 2061 710 genere
2087 648 2410 716 supplcant,
2444 648 2553 701 haec
2588 649 2775 703 aiunt:
2815 649 3248 717 Deus,judicium
3278 663 3426 703 tuum

1866 737 1975 805 regi
2000 738 2067 788 da
2096 736 2164 798 ⁸⁷,
2197 746 2255 789 ιιι
2312 746 2365 791 et
2411 736 2671 805 judicium
2721 739 2912 794 mortis
2939 752 3131 793 contra
3178 755 3271 791 nos
3299 755 3425 803 pru-

1865 826 2029 879 latum
2063 826 2199 880 Filio
2235 829 2394 881 detur
2429 836 2481 881 et
2513 829 2626 896 ipse
2656 843 2755 897 pro
2798 827 2955 884 nobis
3000 829 3259 889 moriens,
3298 829 3425 880 illul

1868 918 1920 971 in
1954 918 2135 987 seipso
2164 920 2357 973 deleat.
2392 920 2503 973 lloc
2537 920 2679 972 enim
2726 920 2842 989 ipse
2879 919 3211 988 signiﬁcans,
3248 920 3300 972 in
3328 935 3425 969 oc.-

1867 1011 2125 1078 togesimo
2154 1012 2381 1079 septimo
2410 1010 2614 1077 psalmo
2632 1012 2704 1065 ait
2732 1029 2745 1065 :
2782 1009 2956 1074 Super
2985 1026 3064 1063 me
3086 1011 3421 1077 confirmatus

1864 1111 1938 1155 est
1966 1101 2116 1168 [uror
2167 1112 2286 1155 tuus
2329 1102 2395 1154 ⁸⁸.
2434 1102 2708 1170 Siquidem
2750 1102 2864 1171 ipse
2894 1101 3129 1155 furorem
3164 1100 3422 1168 portavit,

1865 1210 1973 1265 quo
2003 1195 2144 1250 Deus
2177 1195 2228 1249 in
2266 1209 2363 1250 nos
2396 1193 2756 1248 inﬂammatus
2792 1206 2932 1255 erat,
2968 1203 3023 1245 ut
3051 1202 3103 1247 et
3132 1195 3182 1246 in
3217 1190 3425 1261 psalmo

1865 1283 2160 1335 centesimo
2194 1283 2463 1336 tricesimo
2502 1283 2730 1351 septimo
2758 1282 2930 1337 dicit:
2975 1282 3233 1335 Dominus
3261 1281 3419 1333 tetri-

1865 1374 1983 1427 buet
2008 1390 2102 1443 pro
2131 1390 2209 1427 me
2233 1374 2299 1429 ".

1932 1466 1985 1519 5.
2011 1464 2193 1534 Itaque
2223 1479 2285 1518 eo
2314 1479 2470 1518 sensu
2501 1464 2678 1518 omnia
2708 1462 2972 1517 Salvatori
3004 1462 3196 1516 tradita
3217 1475 3335 1517 esse
3361 1460 3424 1514 li-

1861 1565 1946 1611 cet
1966 1556 2278 1626 intelligere,
2298 1571 2417 1624 quae
2438 1556 2480 1609 si
2511 1570 2695 1610 rursus
2721 1555 2989 1624 explicare
3021 1570 3153 1623 opus
3172 1554 3263 1617 sit,
3292 1567 3419 1607 vere

1860 1664 1922 1703 ea
1968 1663 2086 1717 qua:
2130 1663 2233 1701 non
2267 1647 2518 1709 habebat,
2576 1648 2674 1716 ipsi
2724 1657 2847 1701 sunt
2882 1646 3094 1699 tradita.
3134 1644 3240 1699 Nec
3274 1644 3421 1699 enim

1861 1751 2019 1793 antea
2053 1739 2212 1793 homo
2250 1746 2382 1796 erat,
2426 1738 2519 1791 sed
2553 1737 2711 1790 homo
2741 1737 2853 1806 ipse
2881 1736 3049 1788 factus
3082 1733 3193 1804 84
3228 1742 3332 1795 est,
3362 1740 3420 1786 ut

1860 1829 2132 1883 hominem
2163 1826 2367 1899 saltuum
2403 1827 2627 1881 taceret.
2660 1825 2769 1880 Nec
2797 1826 2847 1879 in
2889 1826 3152 1894 principio
3186 1822 3421 1878 Verbum

198 1908 300 1983 ἐνῇ
338 1915 430 1968 καὶ
483 1918 587 1988 τὴν
620 1920 759 1989 πρὸς
792 1920 932 1990 ὑμᾶς
973 1920 1169 1991 ἔχθραν
1205 1920 1453 1991 διήλλαξε
1499 1921 1636 1974 κατὰ
1668 1920 1756 1974 τὸν

1864 1921 1917 1973 in
1949 1934 2110 1974 carne
2148 1930 2285 1982 erat,
2325 1919 2416 1972 sed
2465 1928 2645 1986 postea
2692 1934 2821 1971 caro
2853 1916 3050 1970 factum
3080 1925 3183 1980 est,
3230 1915 3281 1968 in
3312 1927 3417 1982 qua

207 2002 533 2072 Ἀπόστολον,
573 2010 671 2062 καὶ
712 2010 801 2063 τὸν
840 2011 999 2081 νόμον
1037 2011 1144 2065 τῶν
1182 2011 1411 2066 ἐντολῶν
1442 2014 1498 2077 ἐν
1532 2012 1758 2082 δόγμασι

196 2094 542 2163 κατήργησεν,
575 2096 663 2150 ἵνα
693 2100 816 2163 τοὺς
840 2099 929 2153 δύο
951 2100 1107 2171 κτίσῃ
1137 2102 1212 2163 είς
1236 2100 1331 2152 ἕνα
1353 2101 1534 2155 καινὸν
1564 2100 1761 2170 ἅνθρω-

194 2200 293 2247 πον,
315 2186 489 2239 ποιῶν
525 2190 773 2260 εἰρήνην,
800 2190 890 2243 καὶ
924 2191 1335 2262 ἀποκαταλλάξῃ
1376 2193 1498 2255 τοὺς
1531 2193 1761 2262 ἀμφοτέ-

195 2292 299 2345 ρους
321 2280 377 2333 ὲν
407 2281 497 2333 ἑνὶ
524 2279 741 2351 σώματι
774 2283 907 2354 πρὸς
935 2284 1026 2337 τὸν
1066 2283 1300 2355 Πατέρα.
1339 2286 1404 2336 Ἃ
1438 2286 1616 2355 μέντοι
1647 2286 1756 2356 ἔχει

189 2367 429 2439 ὁΠατήρ,
484 2369 663 2423 ταῦτα
700 2372 809 2441 (71)
834 2373 928 2425 καλ¹
958 2373 1050 2425 τοῦ
1084 2373 1214 2426 Υίοῦ
1247 2375 1420 2437 ἐστιν,
1458 2375 1533 2437 ὡς
1575 2378 1631 2429 ὲν
1680 2376 1757 2447 τῷ

200 2456 392 2534 Ἰωάννῃ
424 2462 568 2533 φησί
586 2478 602 2493 ⁸
619 2462 842 2527 Πάντα,
867 2464 983 2517 ὅσα
1011 2464 1134 2532 ἔχει
1167 2467 1199 2519 ὀ
1219 2465 1441 2533 Πατὴρ,
1468 2466 1579 2536 ἐμά
1605 2466 1753 2531 ἐστι,

186 2550 306 2601 stiva
339 2569 405 2620 γε
428 2553 620 2617 καλῶς
651 2554 881 2624 ἐχόντων
918 2555 1024 2608 τῶν
1047 2556 1323 2626 ῥημάτων.
1355 2558 1482 2610 Ὅτε
1519 2557 1616 2628 μὲν
1648 2556 1755 2629 γὰρ

184 2639 297 2712 ὅπερ
317 2645 420 2697 οὐκ
441 2640 513 2716 ἦν
536 2645 766 2713 ἐγίνετο,
801 2647 1151 2718 παραδίδοται
1173 2648 1320 2718 αὐτῷ
1340 2648 1406 2701 τὰ
1436 2649 1609 2702 πάντα
1628 2666 1640 2679 ·
1666 2652 1752 2702 ὅτε

183 2730 229 2784 δὲ
258 2734 346 2805 τὴν
376 2737 527 2806 πρὸς
565 2736 657 2789 τὸν
686 2737 899 2808 Πατέρα
944 2738 1169 2809 ἑνότητα
1210 2741 1450 2809 σημᾶναι
1486 2738 1750 2808 βούλεται,

185 2822 233 2872 οὐ
260 2823 523 2893 κρύπτει,
556 2826 695 2879 ἀλλὰ
738 2826 972 2880 διδάσκει
1003 2826 1194 2894 λέγων·
1224 2826 1446 2891 Πάντα,
1483 2828 1598 2881 ὅσα
1630 2828 1752 2897 ἔχει

182 2914 443 2984 όΠατὴρ,
475 2916 591 2984 ἐμά
606 2917 762 2969 ἐστι.
802 2916 912 2970 Καὶ
953 2917 1053 2988 τὴν
1088 2917 1371 2989 ἀκρίϐειαν
1404 2918 1509 2989 χρὴ
1541 2918 1751 2988 θαυμα-

183 3002 277 3065 ζειν
306 3007 405 3059 106
456 3006 642 3075 λόγου.
694 3008 768 3060 Οὐ
805 3007 913 3078 γὰρ
964 3009 1175 3078 εἴρηκε,
1219 3008 1421 3062 Πάντα
1470 3008 1588 3063 ὅσα
1631 3010 1753 3077 ἔχει

183 3098 210 3147 0'
229 3098 448 3166 Πατὴρ,
475 3098 683 3152 δέδωκέ
706 3098 816 3169 (72)
849 3117 961 3170 μοι,
1004 3100 1089 3153 ἵνα
1116 3101 1210 3170 μή,
1239 3099 1313 3164 ὥς
1337 3117 1464 3153 ποτε
1491 3100 1562 3170 μὴ
1591 3100 1747 3169 ἔχων,

181 3186 377 3261 aum-
415 3190 533 3243 ἀλλ’
576 3191 660 3242 ὅτι
702 3189 813 3258 ἐμά
848 3191 1034 3245 ἐστιν.
1075 3194 1279 3244 Ὄντων
1306 3192 1414 3258 γὰρ
1456 3192 1510 3244 ὲν
1546 3194 1610 3262 τῇ
1656 3191 1748 3244 τοῦ

180 3277 379 3350 Πατρὸς
408 3280 632 3353 ἐξουσίᾳ
660 3281 882 3345 τούτων,
915 3282 1057 3334 ἐστιν
1083 3281 1280 3352 ὁμοίως
1306 3284 1362 3334 ὲν
1382 3284 1447 3352 τῇ
1476 3281 1570 3334 τοῦ
1596 3282 1751 3334 Υίοῦ.

181 3369 232 3421 Τί
257 3372 307 3425 δὲ
339 3372 460 3443 ἔχει
486 3373 515 3424 ὁ
557 3372 768 3444 Πατὴρ,
813 3372 1126 3437 ἐξεταστέον
1174 3372 1351 3426 πάλιν.
1378 3375 1440 3426 Ei
1492 3374 1588 3444 μὲν
1638 3373 1747 3444 γὰρ

178 3461 261 3531 τὴν
282 3464 461 3517 κτίσιν
492 3464 767 3534 σημαίνει,
795 3464 942 3517 οὐδὲν
974 3465 1079 3537 ἄρα
1109 3461 1219 3535 εἶχε
1253 3464 1357 3535 πρὸ
1377 3465 1473 3534 τῆς
1500 3465 1747 3529 κτίσεως,

179 3556 259 3607 καὶ
291 3556 545 3625 φαίνεται
582 3556 1015 3627 προσλαμϐάνων
1044 3556 1150 3609 ἀπὸ
1174 3558 1272 3628 τῆς
1306 3558 1551 3621 κτίσεως.
1592 3556 1747 3610 Ἀλλὰ

182 3648 243 3716 μὴ
279 3649 495 3717 γένοιτο
546 3648 705 3701 10610
738 3649 912 3701 νοεῖνί
960 3650 1047 3711 Ὠς
1091 3648 1199 3720 γάρ
1248 3650 1393 3701 ἐστιν
1438 3648 1597 3712 αὐτὸς
1644 3648 1748 3720 πρὸ

178 3739 263 3807 τῆς
286 3740 543 3805 κτίσεως,
589 3739 732 3792 οὕτω
772 3740 863 3792 καὶ
906 3739 1013 3811 πρὸ
1039 3739 1135 3810 τῆς
1175 3739 1403 3802 κτίσεως
1444 3738 1558 3809 ἔχει
1603 3739 1747 3810 ἅπερ

178 3830 296 3899 ἔχει,
325 3833 487 3886 ἆτινα
522 3832 619 3885 καὶ
666 3830 762 3884 106
792 3830 919 3885 Υίοῦ
970 3827 1106 3885 εἶναι
1149 3830 1495 3901 πιστεύομεν.
1535 3832 1597 3884 Εἰ
1637 3831 1745 3902 γὰρ

178 3925 227 3974 ὲν
254 3926 326 3995 τῷ
372 3926 551 3995 Πατρὶ
580 3927 608 3978 6
652 3924 799 3987 Υἱὸς,
833 3925 940 3995 ἄρα
972 3924 1037 3977 ἂν
1076 3923 1144 3977 τὰ
1181 3924 1387 3989 πάντα,
1431 3923 1530 3976 ὅσα
1578 3922 1689 3991 ἔχει
1717 3924 1744 3975 6
1772 3983 1783 3997 υ

182 4015 373 4089 Πατὴρ,
401 4017 499 4070 106
532 4015 662 4069 Υἰοῦ
694 4019 860 4069 ἐστιν.
899 4016 1221 4087 Ἀνατρέπον
1252 4016 1308 4067 δὲ
1334 4015 1393 4067 τὸ
1439 4015 1596 4085 ῥητόν
1627 4016 1742 4066 ἐστι

177 4108 323 4161 τοῦτο
357 4111 455 4180 τὴν
489 4110 598 4163 τῶν
641 4108 944 4175 κακοδόξων
992 4109 1255 4179 πονηρίαν
1300 4108 1588 4176 λεγόντων·
1628 4126 1646 4157 ι
1678 4108 1741 4159 Et

178 4203 343 4255 πάντα
374 4202 735 4275 παραδέδοται
762 4200 840 4272 τῷ
879 4201 1015 4272 Υίῷ,
1045 4201 1151 4272 ἄρα
1183 4201 1453 4254 πέπαυται
1492 4202 1520 4253 6
1556 4200 1741 4270 Πατὴρ

178 4293 269 4361 τῆς
296 4294 397 4347 τῶν
437 4293 850 4366 παραδοθέντων
889 4292 1157 4358 ἐξουσίας,
1198 4290 1380 4361 ἐπειδὴ
1412 4290 1741 4361 κατέστησεν

174 4382 285 4434 ἀνθ’
325 4382 513 4436 ἑαυτοῦ
549 4383 639 4435 τὸν
688 4383 843 4435 Υἱόν·
893 4383 1001 4435 Καὶ
1055 4383 1164 4450 γὰρ
1203 4384 1235 4435 ό
1274 4380 1475 4447 Πατὴρ
1522 4378 1741 4433 οὐδένα

180 4473 371 4540 κρίνει,
394 4474 603 4529 πᾶσαν
627 4472 821 4539 δὲτὴν
841 4473 1041 4540 κρίσιν
1068 4471 1283 4524 δέδωκε
1309 4467 1388 4534 τῷ
1416 4468 1539 4533 Υἱῷ.
1562 4488 1578 4519 ι
1602 4467 1737 4520 Ἀλλ’

1862 2012 1951 2065 Dei
1998 2010 2048 2064 in
2096 2024 2193 2063 nos
2250 2008 2578 2072 inimicitias,
2623 2010 2772 2075 juxta
2809 2006 3144 2074 Apostolum,
3178 2002 3423 2058 reconci-

1858 2102 2005 2156 liavit
2031 2143 2045 2168 ,
2075 2110 2130 2157 cl
2158 2101 2325 2171 legem
2352 2101 2717 2155 mandaturum
2749 2100 2981 2152 decretis
3022 2096 3326 2157 evacuavit,
3359 2101 3420 2147 ιιι

1857 2192 1991 2244 duos
2034 2188 2289 2243 conderet
2345 2190 2397 2242 in
2448 2205 2607 2242 unum
2646 2203 2842 2241 novum
2890 2188 3182 2249 hominem,
3212 2185 3417 2237 faciens

1858 2295 2063 2349 pacem,
2104 2292 2158 2335 et
2189 2283 2375 2336 ambos
2415 2280 2559 2333 Patri
2598 2280 2649 2333 in
2698 2295 2807 2336 uno
2831 2294 3059 2346 corpore
3093 2276 3417 2330 reconcilia-

1862 2385 1937 2427 ret
1972 2374 2038 2427 '°.
2068 2374 2195 2439 Quae
2224 2374 2383 2444 igitur
2413 2372 2571 2428 Pater
2597 2375 2781 2435 habet,
2838 2372 2949 2424 haec
2983 2384 3200 2439 quoque
3232 2368 3296 2420 ad
3325 2366 3418 2421 Fi-

1867 2463 1995 2516 lium
2050 2463 2339 2531 pertinent,
2388 2470 2445 2515 ul.
2493 2461 2607 2529 ipse
2658 2460 2797 2530 apud
2845 2458 3106 2513 Joannem
3151 2463 3414 2509 testatur:

1856 2552 2048 2607 Omnia
2085 2568 2402 2621 quacunque
2436 2552 2587 2604 habet
2636 2547 2824 2613 Pater,
2865 2565 2978 2601 mea
3022 2556 3142 2600 sunt
3170 2545 3259 2599 l":
3296 2558 3420 2613 quae

1855 2646 2068 2713 quidem
2127 2646 2369 2713 apposite
2417 2643 2701 2698 admodum
2749 2649 2879 2696 sunt
2942 2639 3109 2693 dicta.
3172 2636 3418 2704 Namque

1854 2751 1977 2789 cum
2010 2736 2183 2791 factus
2217 2746 2297 2789 est
2336 2735 2477 2804 quod
2517 2743 2672 2788 antea
2705 2748 2809 2786 non
2849 2741 2987 2795 erat,
3023 2739 3151 2783 tunc
3190 2728 3264 2782 illi
3297 2727 3418 2794 qui-

1853 2824 1974 2877 dem
2024 2824 2202 2878 omnia
2249 2833 2373 2878 sunt
2411 2822 2603 2876 tradita
2643 2840 2656 2876 :
2707 2836 2827 2875 cum
2860 2830 3040 2873 autem
3097 2831 3250 2871 suam
3291 2829 3415 2868 cum

1862 2913 2023 2969 Patre
2069 2916 2327 2968 unitatem
2375 2914 2594 2977 indicat,
2650 2928 2753 2966 non
2806 2912 3035 2965 obscure
3078 2908 3176 2963 sed
3230 2916 3415 2977 aperte

1852 3006 1928 3057 ait
1974 3023 1986 3058 :
2044 3004 2234 3058 Omnia
2288 3020 2605 3073 quacunque
2662 3002 2814 3055 habet
2868 2998 3051 3063 Pater,
3106 3014 3222 3052 mea
3265 3004 3411 3051 sunt.

1852 3096 1979 3160 Quae
2032 3110 2191 3163 quam
2231 3103 2482 3146 accurate
2522 3092 2631 3146 sint
2669 3092 2810 3145 dicta
2839 3088 3051 3159 paulum
3081 3086 3415 3156 perpendere

1857 3201 1953 3239 nec
1987 3200 2090 3239 non
2128 3184 2386 3237 admirari
2419 3197 2596 3252 opere
2628 3181 2859 3251 pretium
2885 3178 3063 3231 fuerit.
3105 3176 3221 3230 Non
3268 3174 3410 3229 enim

1852 3278 2025 3331 dixit:
2061 3275 2252 3330 Omnia
2284 3289 2606 3344 qua’cuuque
2635 3274 2785 3326 habet
2828 3268 3013 3334 Pater,
3055 3269 3185 3324 mihi
3239 3268 3409 3331 dedit,

1853 3384 1918 3422 ne
1944 3369 2221 3421 videretur
2272 3380 2333 3420 ea
2377 3363 2668 3433 aliquando
2706 3378 2808 3416 non
2853 3363 3133 3416 habuisse:
3164 3358 3255 3413 sed
3294 3373 3409 3412 mea

1849 3472 1989 3514 sunt.
2041 3459 2171 3512 Nam
2208 3468 2263 3511 ut
2311 3458 2397 3511 illa
2441 3466 2568 3511 sunt
2620 3456 2673 3510 in
2706 3463 2970 3524 potestate
3001 3452 3210 3514 Patris,
3246 3451 3319 3504 ita
3357 3458 3404 3505 et

1852 3556 1901 3605 in
1938 3551 2080 3605 Filii.
2113 3552 2248 3616 Quid
2282 3558 2458 3603 autem
2489 3548 2686 3602 habeat
2709 3546 2887 3611 Pater,
2921 3558 3141 3598 necesse
3169 3552 3250 3598 est
3286 3557 3408 3594 rur-

1851 3659 1942 3697 sus
1971 3644 2306 3713 perqnirere.
2342 3638 2473 3693 Nam
2519 3639 2563 3693 si
2611 3638 2695 3692 bis
2746 3638 2923 3690 verbis
2962 3651 3140 3689 rerum
3175 3634 3410 3688 creatio-

1849 3750 1970 3790 nem
2013 3734 2282 3799 signiﬁcat
2312 3751 2325 3786 :
2361 3731 2495 3785 nihil
2524 3745 2657 3799 ergo
2687 3730 2874 3784 habuit
2905 3738 3029 3782 ante
3055 3727 3405 3791 creationem,

1846 3838 1900 3880 et
1963 3825 2222 3895 quidquid
2272 3823 2453 3885 habet,
2501 3821 2711 3890 accepit
2780 3836 2810 3873 a
2860 3819 3154 3873 creatione.
3205 3816 3402 3871 Verum

1846 3919 1986 3973 absit
2025 3926 2081 3971 ut
2121 3917 2192 3970 ita
2230 3913 2609 3985 intelligamus.
2661 3911 2935 3981 Siquidem
2989 3921 3045 3962 ut
3085 3917 3209 3964 ante
3253 3923 3407 3962 crea-
3504 3910 3513 3921 '

1848 4012 2045 4065 tionem
2079 4010 2191 4079 ipse
2217 4007 2454 4070 exsistit,
2484 4006 2553 4059 ita
2600 4004 2655 4059 et
2688 4017 3021 4073 qna‘cunqne
3064 4002 3247 4067 habet,
3279 4010 3405 4056 ante

1846 4103 2172 4158 creationem
2227 4100 2407 4161 habet,
2459 4113 2577 4166 quae
2624 4098 2809 4151 eadem
2858 4094 2979 4149 Filii
3024 4109 3234 4163 quoque
3283 4109 3404 4147 esse

1840 4192 2132 4245 credinms.
2166 4190 2220 4243 Si
2255 4189 2396 4243 enim
2442 4189 2493 4241 in
2543 4187 2699 4240 Patre
2732 4194 2809 4239 est
2840 4182 3008 4239 Filius
3036 4202 3049 4237 :
3092 4185 3270 4238 omnia
3299 4183 3404 4253 igi-

1847 4294 1934 4337 tur
1986 4295 2315 4352 quzccunqne
2365 4280 2523 4333 habet
2568 4276 2748 4339 Pater,
2814 4276 2932 4330 Filii
2987 4290 3200 4343 quoque
3256 4284 3405 4329 sunt.

1841 4376 2000 4429 Certe
2071 4373 2171 4426 hoc
2225 4370 2426 4424 dictum
2478 4369 2833 4439 pervicaciam
2889 4376 2945 4419 et
3010 4364 3404 4433 improbitatem

1840 4464 2033 4517 evertit
2079 4461 2473 4523 hiercticorum,
2545 4474 2772 4527 quorum
2849 4470 3041 4525 nempe
3110 4455 3223 4508 hazc
3279 4464 3406 4509 sunt

182 4564 567 4635 ἐμφραττέσθω
605 4562 674 4616 τὰ
702 4563 946 4633 στόματα
976 4560 1083 4614 τῶν
1113 4559 1412 4613 λαλούντων
1444 4558 1511 4612 τὰ
1543 4558 1703 4611 ἄδικα
1721 4574 1735 4588 ’

1854 4553 2043 4608 verba;
2081 4570 2099 4603 ι
2140 4551 2195 4604 Si
2226 4552 2407 4603 omnia
2439 4549 2573 4603 Filio
2605 4548 2797 4601 tradita
2833 4555 2958 4601 sunt
2985 4563 2999 4599 :
3030 4544 3191 4613 igitur
3222 4542 3404 4609 Pater,

180 4655 237 4706 οὐ
268 4654 386 4725 γὰρ,
431 4653 623 4725 ἐπειδὴ
656 4654 837 4706 πᾶσαν
875 4652 973 4724 τὴν
1017 4652 1199 4723 κρίσιν
1240 4650 1437 4702 δέδωκε
1482 4647 1559 4718 τῷ
1603 4646 1735 4717 Υίῷ,

182 4744 329 4807 αὐτὸς
348 4746 447 4815 τῆς
471 4744 787 4806 δεσποτείας
809 4742 1093 4812 ὲψίλωται·
1120 4740 1226 4794 οὐδ’
1253 4740 1333 4793 ὅτι
1364 4740 1539 4792 πάντα
1566 4755 1742 4810 παρα-

183 4833 405 4887 δεδόσθαι
450 4835 531 4905 τῷ
576 4833 690 4903 Υίῷ
723 4832 875 4903 παρὰ
917 4832 1010 4885 106
1044 4831 1255 4901 Πατρὸς
1298 4832 1536 4904 εἴρηται,
1584 4830 1743 4893 αὐτὸς

182 4927 272 4978 οὒκ
308 4928 447 4980 ἔστιν
500 4927 597 4979 ἐπὶ
644 4926 892 4979 πάντων·
929 4926 1269 4997 χωριςόντων
1315 4924 1370 4977 δὲ
1420 4924 1605 4993 σαφῶς
1652 4924 1742 4976 τὸν

184 5018 437 5091 Μονογενῆ
470 5019 568 5072 106
601 5017 736 5072 Θεοῦ
770 5017 860 5069 τὸν
895 5016 1193 5088 ἀχώριστον
1224 5016 1336 5085 (75)
1372 5020 1438 5086 τῇ
1476 5016 1655 5085 φύσει,
1691 5018 1739 5069 εἰ

184 5108 266 5160 καὶ
313 5113 419 5174 τοῖς
471 5110 651 5174 λόγοις
711 5101 857 5162 οὗτοι
921 5107 1220 5179 μεμηνότες
1277 5108 1615 5180 χωρίζουσιν,
1674 5108 1737 5160 οὐ

245 5287 285 5317 ⁸⁷
319 5288 463 5344 Psal.
508 5304 663 5351 LXXI,
708 5287 764 5341 2.
866 5287 911 5319 ⁸⁸
950 5288 1092 5342 Psal.
1130 5303 1371 5355 Lxxxvn,
1402 5290 1455 5344 8.

186 5355 224 5385 ³¹
245 5357 387 5412 Joan.
414 5376 467 5426 ν,
494 5360 589 5414 22.
666 5359 713 5390 ⁵³
759 5357 898 5412 Psal.
938 5372 1072 5421 mm,
1098 5358 1183 5412 12.

244 5494 342 5567 (68)
378 5497 513 5564 Reg.
539 5505 595 5550 et
617 5495 868 5563 Segner.,
901 5494 1049 5567 φασί.
1080 5494 1242 5558 Editi,
1277 5496 1400 5567 ἔφη.

244 5564 346 5645 (ϐθ)
371 5567 621 5645 Reg.__e_t_
642 5569 779 5645 δίζε..
803 5576 919 5632 post
957 5564 1070 5645 ὡςλ
1089 5567 1289 5645 addunt
1312 5564 1424 5629 καί,
1445 5565 1726 5645 .qnodnalii

184 5634 645 5773 ἓὲξιιυηιξιὴίά.
707 5635 867 5688 iidem
926 5645 980 5690 et
1032 5634 1273 5699 Golden,
1324 5634 1492 5708 φησί,
1552 5638 1727 5701 editi,

208 5775 340 5852 “(70‘
374 5778 567 5852 ξὶίπεῖν
588 5775 740 5828 deest
766 5773 981 5852 in__l_leg.
1010 5782 1063 5829 et
1097 5775 1320 5844 Seguer.
1350 5776 1512 5831 iidem
1547 5787 1599 5831 ct
1628 5775 1729 5831 Ba-

184 5844 257 5899 sil.
287 5864 349 5903 ac
371 5848 618 5912 Gobien,
654 5844 1017 5915 παραδίδοται.

1588 5287 1632 5321 δ’
1661 5287 1806 5342 Psal.

1852 4660 2060 4707 eorum,
2091 4658 2208 4710 qua:
2235 4640 2372 4694 Filio
2403 4639 2643 4702 tradidit,
2676 4647 2939 4706 potestate
2987 4636 3169 4702 cessit,
3209 4635 3406 4703 (,ttippe

1849 4736 1940 4804 qui
1972 4734 2165 4787 Filium
2197 4731 2250 4783 in
2285 4731 2368 4783 sui
2402 4730 2575 4783 locum
2604 4728 2967 4783 constituerit.
3000 4726 3207 4780 Etenim
3242 4728 3406 4779 nemi-

1850 4842 1963 4879 uem
2012 4824 2173 4879 Pater
2203 4822 2438 4891 judicat,
2484 4821 2572 4874 sed
2625 4836 2776 4873 omne
2809 4819 3070 4888 judicium
3111 4818 3252 4870 dedit
3313 4815 3407 4868 Fi-

1848 4923 1918 4976 lio
1946 4924 2015 4975 ⁸³.
2070 4940 2089 4972 ›
2130 4920 2328 4974 Verum
2362 4919 2711 4971 ubstruantur
2773 4931 2868 4967 ora
2922 4913 3250 4981 loquentium
3301 4912 3408 4966 ini-

1850 5030 1954 5082 qua
1987 5012 2057 5066 ⁵⁸.
2094 5012 2204 5064 Nec
2240 5007 2385 5062 enim
2427 4990 2669 5059 omnium
2722 5003 2998 5056 dominatu
3028 5002 3287 5071 spoliatus
3324 5011 3410 5052 est

1848 5104 2031 5166 Pater,
2063 5101 2190 5170 quia
2222 5093 2659 5165 ountejudicium
2693 5090 2839 5145 dedit
2866 5089 3035 5143 Filio:
3063 5102 3234 5157 neque
3265 5085 3409 5154 quod

1847 5297 2091 5343 cxxxvn,
2132 5280 2185 5334 8.
2282 5277 2328 5308 ⁸ο
2370 5272 2572 5343 Ephes.
2624 5285 2686 5335 ιι,
2720 5269 2807 5324 15.
2916 5267 2961 5299 ⁸³
2987 5264 3144 5319 Juan.
3179 5260 3400 5328 xvn,15.

1909 5487 2021 5559 (π)
2056 5484 2179 5559 Hm;
2210 5465 3018 5559 verbenam"5199351355‘
3047 5468 3181 5559 if."
3212 5460 3399 5559 F3522:

1839 5532 2019 5613 tmt'i'nl
2049 5532 2233 5620 litigio,
2253 5532 2668 5620 ‘Segnerianoet
2699 5532 3014 5620 Basiliensi,
3064 5535 3184 5620 sed.
3210 5532 3401 5620 desunt

1904 5602 1939 5679 ἰι
1951 5602 2034 5680 liis
2049 5602 2103 5674 Et
2125 5602 2315 5675 ceditis.
2338 5602 2464 5669 ⁷Μωι
2484 5613 2682 5682 Regius
2697 5619 2750 5663 et
2768 5606 3149 5673 Seguerianns,
3169 5602 3396 5671 ἐγίνετο,

1836 5700 1937 5752 Alii
1963 5707 2016 5748 et
2049 5692 2197 5752 editi,
2226 5687 2457 5759 ἐγένετο.
2569 5748 2580 5759 .
2923 5741 3004 5759 θη

2051 5742 2247 5833 Regius
2266 5742 2742 5833 'et~S_e_.guerianus,
2769 5742 3137 5833 παραδέδωκε.

2050 5815 2235 5895 ΒειξίΙη
2266 5823 2359 5879 106
2388 5815 2599 5894 Πατρὸς
2629 5818 2688 5870 τὸ
2718 5815 3037 5889 ἀχώριστον,
