  <div class='ocr_page' id='page_1' title='image "/cluster/home/n/w/nwhite01/storage/ocr_20150623/25/hvd.32044004972428/405.png"; bbox 0 0 4006 6508; ppageno 0'>
   <div class='ocr_carea' id='block_1_1' title="bbox 566 403 2157 475">
    <p class='ocr_par' dir='ltr' id='par_1_1' title="bbox 566 414 2157 475">
     <span class='ocr_line' id='line_1_1' title="bbox 566 414 2157 475; baseline -0.004 0"><span class='ocrx_word' id='word_1_1' title='bbox 566 417 677 475; x_wconf 74' lang='grc'><strong>215</strong></span> <span class='ocrx_word' id='word_1_2' title='bbox 1130 416 1188 473; x_wconf 88' lang='lat' dir='ltr'><strong>S.</strong></span> <span class='ocrx_word' id='word_1_3' title='bbox 1228 414 1603 472; x_wconf 79' lang='lat' dir='ltr'><strong>ATHANASll</strong></span> <span class='ocrx_word' id='word_1_4' title='bbox 1647 415 1797 472; x_wconf 90' lang='lat' dir='ltr'><strong>OPP.</strong></span> <span class='ocrx_word' id='word_1_5' title='bbox 1839 414 2022 470; x_wconf 81' lang='lat' dir='ltr'><strong>PARS</strong></span> <span class='ocrx_word' id='word_1_6' title='bbox 2059 414 2099 470; x_wconf 86' lang='lat' dir='ltr'><strong>l.</strong></span> <span class='ocrx_word' id='word_1_7' title='bbox 2140 446 2157 455; x_wconf 87' lang='lat'><strong>-</strong></span> 
     </span>
    </p>
   </div>
   <div class='ocr_carea' id='block_1_2' title="bbox 2254 403 3805 475">
    <p class='ocr_par' dir='ltr' id='par_1_2' title="bbox 2254 403 3805 469">
     <span class='ocr_line' id='line_1_2' title="bbox 2254 403 3805 469; baseline -0.005 -1"><span class='ocrx_word' id='word_1_8' title='bbox 2254 412 2617 469; x_wconf 80' lang='lat' dir='ltr'><strong>lllSTORlCA</strong></span> <span class='ocrx_word' id='word_1_9' title='bbox 2656 412 2741 466; x_wconf 89' lang='lat' dir='ltr'><strong>ET</strong></span> <span class='ocrx_word' id='word_1_10' title='bbox 2785 406 3209 468; x_wconf 77' lang='lat' dir='ltr'><strong>DOGMATICA.</strong></span> <span class='ocrx_word' id='word_1_11' title='bbox 3697 403 3805 461; x_wconf 64' lang='grc'><strong>216</strong></span> 
     </span>
    </p>
   </div>
   <div class='ocr_carea' id='block_1_3' title="bbox 571 519 2157 626">
    <p class='ocr_par' dir='ltr' id='par_1_3' title="bbox 571 536 2131 608">
     <span class='ocr_line' id='line_1_3' title="bbox 571 536 2131 608; baseline -0.001 -15"><span class='ocrx_word' id='word_1_12' title='bbox 571 538 775 593; x_wconf 87' lang='lat' dir='ltr'><strong>dictum</strong></span> <span class='ocrx_word' id='word_1_13' title='bbox 808 546 894 593; x_wconf 87' lang='lat' dir='ltr'><strong>est</strong></span> <span class='ocrx_word' id='word_1_14' title='bbox 920 538 1101 594; x_wconf 83' lang='lat' dir='ltr'><strong>omnia</strong></span> <span class='ocrx_word' id='word_1_15' title='bbox 1129 540 1268 596; x_wconf 87' lang='lat' dir='ltr'><strong>Filio</strong></span> <span class='ocrx_word' id='word_1_16' title='bbox 1304 540 1500 595; x_wconf 89' lang='lat' dir='ltr'><strong>tradita</strong></span> <span class='ocrx_word' id='word_1_17' title='bbox 1528 552 1650 593; x_wconf 87' lang='lat' dir='ltr'><strong>esse</strong></span> <span class='ocrx_word' id='word_1_18' title='bbox 1674 554 1702 591; x_wconf 92' lang='lat' dir='ltr'><strong>a</strong></span> <span class='ocrx_word' id='word_1_19' title='bbox 1734 536 1920 601; x_wconf 85' lang='lat' dir='ltr'><strong>Patre,</strong></span> <span class='ocrx_word' id='word_1_20' title='bbox 1958 539 2131 608; x_wconf 89' lang='lat' dir='ltr'><strong>ipsum</strong></span> 
     </span>
    </p>
   </div>
   <div class='ocr_carea' id='block_1_4' title="bbox 2254 519 3802 626">
    <p class='ocr_par' dir='ltr' id='par_1_4' title="bbox 2254 519 3802 626">
     <span class='ocr_line' id='line_1_4' title="bbox 2254 519 3802 626; baseline -0.01 -38"><span class='ocrx_word' id='word_1_21' title='bbox 2254 535 2477 597; x_wconf 77' lang='grc' dir='ltr'><strong>νοοῦντες</strong></span> <span class='ocrx_word' id='word_1_22' title='bbox 2507 536 2555 586; x_wconf 81' lang='lat' dir='ltr'><strong>oi</strong></span> <span class='ocrx_word' id='word_1_23' title='bbox 2586 531 2881 593; x_wconf 79' lang='grc' dir='ltr'>δυσσεϐεῖς,</span> <span class='ocrx_word' id='word_1_24' title='bbox 2918 528 2993 592; x_wconf 82' lang='grc' dir='ltr'>ὡς</span> <span class='ocrx_word' id='word_1_25' title='bbox 3019 529 3123 582; x_wconf 82' lang='grc' dir='ltr'>οὐκ</span> <span class='ocrx_word' id='word_1_26' title='bbox 3153 526 3219 581; x_wconf 81' lang='grc' dir='ltr'>ἂν</span> <span class='ocrx_word' id='word_1_27' title='bbox 3260 522 3563 626; x_wconf 48' lang='grc' dir='ltr'>χωρισθείτγ</span> 
     </span>
    </p>
   </div>
   <div class='ocr_carea' id='block_1_5' title="bbox 570 610 2157 701">
    <p class='ocr_par' dir='ltr' id='par_1_5' title="bbox 570 621 2123 701">
     <span class='ocr_line' id='line_1_5' title="bbox 570 621 2123 701; baseline 0.001 -18"><span class='ocrx_word' id='word_1_28' title='bbox 570 629 777 684; x_wconf 87' lang='lat' dir='ltr'><strong>idcirco</strong></span> <span class='ocrx_word' id='word_1_29' title='bbox 805 621 909 684; x_wconf 82' lang='lat' dir='ltr'><strong>non</strong></span> <span class='ocrx_word' id='word_1_30' title='bbox 939 632 1192 687; x_wconf 90' lang='lat' dir='ltr'><strong>omnibus</strong></span> <span class='ocrx_word' id='word_1_31' title='bbox 1220 634 1510 701; x_wconf 64' lang='lat' dir='ltr'><strong>praesidere</strong></span> <span class='ocrx_word' id='word_1_32' title='bbox 1548 630 1839 701; x_wconf 89' lang='lat' dir='ltr'><strong>putandum</strong></span> <span class='ocrx_word' id='word_1_33' title='bbox 1882 639 1984 685; x_wconf 90' lang='lat' dir='ltr'><strong>est.</strong></span> <span class='ocrx_word' id='word_1_34' title='bbox 2013 629 2123 685; x_wconf 87' lang='lat' dir='ltr'><strong>0b-</strong></span> 
     </span>
    </p>
   </div>
   <div class='ocr_carea' id='block_1_6' title="bbox 2254 610 3802 701">
    <p class='ocr_par' dir='ltr' id='par_1_6' title="bbox 2254 610 3802 697">
     <span class='ocr_line' id='line_1_6' title="bbox 2254 610 3802 697; baseline -0.01 -16"><span class='ocrx_word' id='word_1_35' title='bbox 2254 627 2349 697; x_wconf 66' lang='grc' dir='ltr'>ρῶς</span> <span class='ocrx_word' id='word_1_36' title='bbox 2388 627 2482 679; x_wconf 78' lang='grc' dir='ltr'>τοῦ</span> <span class='ocrx_word' id='word_1_37' title='bbox 2528 626 2701 697; x_wconf 84' lang='grc' dir='ltr'>ἡλίου,</span> <span class='ocrx_word' id='word_1_38' title='bbox 2729 624 2844 677; x_wconf 79' lang='grc' dir='ltr'><strong>ἀλλ’</strong></span> <span class='ocrx_word' id='word_1_39' title='bbox 2868 622 3015 674; x_wconf 80' lang='grc' dir='ltr'>ἔστιν</span> <span class='ocrx_word' id='word_1_40' title='bbox 3064 620 3124 673; x_wconf 76' lang='grc' dir='ltr'>ὲν</span> <span class='ocrx_word' id='word_1_41' title='bbox 3169 618 3316 689; x_wconf 78' lang='grc' dir='ltr'>αὐτῷ</span> <span class='ocrx_word' id='word_1_42' title='bbox 3358 614 3626 686; x_wconf 81' lang='grc' dir='ltr'><strong>φυσικῶς.</strong></span> <span class='ocrx_word' id='word_1_43' title='bbox 3676 610 3802 665; x_wconf 78' lang='grc' dir='ltr'><strong>’Δπδ</strong></span> 
     </span>
    </p>
   </div>
   <div class='ocr_carea' id='block_1_7' title="bbox 574 705 2157 809">
    <p class='ocr_par' dir='ltr' id='par_1_7' title="bbox 574 722 2128 791">
     <span class='ocr_line' id='line_1_7' title="bbox 574 722 2128 791; baseline 0.001 -18"><span class='ocrx_word' id='word_1_44' title='bbox 574 729 875 785; x_wconf 81' lang='lat' dir='ltr'><strong>struantur,</strong></span> <span class='ocrx_word' id='word_1_45' title='bbox 934 723 1177 791; x_wconf 86' lang='lat' dir='ltr'><strong>inquam,</strong></span> <span class='ocrx_word' id='word_1_46' title='bbox 1231 723 1437 777; x_wconf 88' lang='lat' dir='ltr'><strong>illorum</strong></span> <span class='ocrx_word' id='word_1_47' title='bbox 1484 738 1602 787; x_wconf 86' lang='lat' dir='ltr'><strong>ora,</strong></span> <span class='ocrx_word' id='word_1_48' title='bbox 1651 722 1740 791; x_wconf 93' lang='lat' dir='ltr'><strong>qui</strong></span> <span class='ocrx_word' id='word_1_49' title='bbox 1798 722 2128 791; x_wconf 76' lang='lat' dir='ltr'><strong>unigenitum</strong></span> 
     </span>
    </p>
   </div>
   <div class='ocr_carea' id='block_1_8' title="bbox 2254 705 3803 809">
    <p class='ocr_par' dir='ltr' id='par_1_8' title="bbox 2254 705 3803 809">
     <span class='ocr_line' id='line_1_8' title="bbox 2254 705 3803 809; baseline -0.008 -37"><span class='ocrx_word' id='word_1_50' title='bbox 2254 719 2342 791; x_wconf 59' lang='lat' dir='ltr'><strong>(ap</strong></span> <span class='ocrx_word' id='word_1_51' title='bbox 2386 719 2495 771; x_wconf 85' lang='grc' dir='ltr'><strong>τῶν</strong></span> <span class='ocrx_word' id='word_1_52' title='bbox 2545 720 2603 769; x_wconf 83' lang='grc' dir='ltr'>ὲν</span> <span class='ocrx_word' id='word_1_53' title='bbox 2635 716 2791 787; x_wconf 76' lang='grc' dir='ltr'>χερσὶ</span> <span class='ocrx_word' id='word_1_54' title='bbox 2838 713 2933 767; x_wconf 57' lang='grc' dir='ltr'><strong>καὶ⁵</strong></span> <span class='ocrx_word' id='word_1_55' title='bbox 2977 711 3089 782; x_wconf 71' lang='grc'><strong>(74)</strong></span> <span class='ocrx_word' id='word_1_56' title='bbox 3129 709 3371 781; x_wconf 84' lang='grc' dir='ltr'>συνὴθων</span> <span class='ocrx_word' id='word_1_57' title='bbox 3411 707 3597 809; x_wconf 68' lang='grc' dir='ltr'>εἰκόνὶ</span> <span class='ocrx_word' id='word_1_58' title='bbox 3619 705 3803 809; x_wconf 62' lang='grc' dir='ltr'>πτωχῇ</span> 
     </span>
    </p>
   </div>
   <div class='ocr_carea' id='block_1_9' title="bbox 570 795 2157 882">
    <p class='ocr_par' dir='ltr' id='par_1_9' title="bbox 570 807 2130 880">
     <span class='ocr_line' id='line_1_9' title="bbox 570 807 2130 880; baseline 0.004 -20"><span class='ocrx_word' id='word_1_59' title='bbox 570 807 663 861; x_wconf 87' lang='lat' dir='ltr'><strong>Dei</strong></span> <span class='ocrx_word' id='word_1_60' title='bbox 697 807 913 873; x_wconf 86' lang='lat' dir='ltr'><strong>Filium,</strong></span> <span class='ocrx_word' id='word_1_61' title='bbox 942 812 1032 880; x_wconf 89' lang='lat' dir='ltr'><strong>qui</strong></span> <span class='ocrx_word' id='word_1_62' title='bbox 1067 812 1281 880; x_wconf 85' lang='lat' dir='ltr'><strong>quidem</strong></span> <span class='ocrx_word' id='word_1_63' title='bbox 1327 827 1391 866; x_wconf 79' lang='lat' dir='ltr'><strong>ex</strong></span> <span class='ocrx_word' id='word_1_64' title='bbox 1438 822 1631 865; x_wconf 90' lang='lat' dir='ltr'><strong>natura</strong></span> <span class='ocrx_word' id='word_1_65' title='bbox 1684 809 1985 866; x_wconf 91' lang='lat' dir='ltr'><strong>individuus</strong></span> <span class='ocrx_word' id='word_1_66' title='bbox 2026 822 2130 877; x_wconf 90' lang='lat' dir='ltr'><strong>est,</strong></span> 
     </span>
    </p>
   </div>
   <div class='ocr_carea' id='block_1_10' title="bbox 2254 795 3806 882">
    <p class='ocr_par' dir='ltr' id='par_1_10' title="bbox 2254 795 3806 882">
     <span class='ocr_line' id='line_1_10' title="bbox 2254 795 3806 882; baseline -0.01 -20"><span class='ocrx_word' id='word_1_67' title='bbox 2254 809 2646 882; x_wconf 76' lang='grc' dir='ltr'>(ρησαμένους,</span> <span class='ocrx_word' id='word_1_68' title='bbox 2694 806 2756 860; x_wconf 82' lang='grc' dir='ltr'><strong>τὸ</strong></span> <span class='ocrx_word' id='word_1_69' title='bbox 2796 804 3081 875; x_wconf 79' lang='grc' dir='ltr'><strong>νοούμενον</strong></span> <span class='ocrx_word' id='word_1_70' title='bbox 3138 801 3477 873; x_wconf 75' lang='grc' dir='ltr'><strong>παραστῆσαι</strong></span> <span class='ocrx_word' id='word_1_71' title='bbox 3527 796 3608 868; x_wconf 85' lang='grc' dir='ltr'>τῷ</span> <span class='ocrx_word' id='word_1_72' title='bbox 3665 795 3806 863; x_wconf 80' lang='grc' dir='ltr'>λόγῳ</span> 
     </span>
    </p>
   </div>
   <div class='ocr_carea' id='block_1_11' title="bbox 571 887 2157 974">
    <p class='ocr_par' dir='ltr' id='par_1_11' title="bbox 571 900 2133 969">
     <span class='ocr_line' id='line_1_11' title="bbox 571 900 2133 969; baseline 0.003 -19"><span class='ocrx_word' id='word_1_73' title='bbox 571 900 774 951; x_wconf 88' lang='lat' dir='ltr'><strong>audent</strong></span> <span class='ocrx_word' id='word_1_74' title='bbox 804 900 1048 954; x_wconf 84' lang='lat' dir='ltr'><strong>dividere</strong></span> <span class='ocrx_word' id='word_1_75' title='bbox 1088 918 1101 954; x_wconf 90' lang='lat'><strong>:</strong></span> <span class='ocrx_word' id='word_1_76' title='bbox 1142 915 1451 969; x_wconf 88' lang='lat' dir='ltr'><strong>quanquam</strong></span> <span class='ocrx_word' id='word_1_77' title='bbox 1491 901 1664 956; x_wconf 83' lang='lat' dir='ltr'><strong>insani</strong></span> <span class='ocrx_word' id='word_1_78' title='bbox 1693 901 1873 956; x_wconf 80' lang='lat' dir='ltr'><strong>verbis</strong></span> <span class='ocrx_word' id='word_1_79' title='bbox 1929 911 2133 956; x_wconf 89' lang='lat' dir='ltr'><strong>tantum</strong></span> 
     </span>
    </p>
   </div>
   <div class='ocr_carea' id='block_1_12' title="bbox 2254 887 3809 974">
    <p class='ocr_par' dir='ltr' id='par_1_12' title="bbox 2254 887 3809 974">
     <span class='ocr_line' id='line_1_12' title="bbox 2254 887 3809 974; baseline -0.012 -18"><span class='ocrx_word' id='word_1_80' title='bbox 2254 906 2344 967; x_wconf 77' lang='lat' dir='ltr'><strong>isi,</strong></span> <span class='ocrx_word' id='word_1_81' title='bbox 2388 903 2574 974; x_wconf 81' lang='grc' dir='ltr'>ὲπειδὴ</span> <span class='ocrx_word' id='word_1_82' title='bbox 2618 899 2887 971; x_wconf 81' lang='grc' dir='ltr'>τολμηρὸν</span> <span class='ocrx_word' id='word_1_83' title='bbox 2934 894 3251 968; x_wconf 74' lang='grc' dir='ltr'>ἐμϐατεύειν</span> <span class='ocrx_word' id='word_1_84' title='bbox 3303 893 3402 963; x_wconf 79' lang='grc' dir='ltr'><strong>τὴν</strong></span> <span class='ocrx_word' id='word_1_85' title='bbox 3451 887 3809 961; x_wconf 82' lang='grc' dir='ltr'>ἀπερινόητον</span> 
     </span>
    </p>
   </div>
   <div class='ocr_carea' id='block_1_13' title="bbox 573 986 3705 1083">
    <p class='ocr_par' dir='ltr' id='par_1_13' title="bbox 573 986 3705 1083">
     <span class='ocr_line' id='line_1_13' title="bbox 573 986 3705 1083; baseline 0.004 -41"><span class='ocrx_word' id='word_1_86' title='bbox 573 986 843 1045; x_wconf 89' lang='lat' dir='ltr'><strong>dividant.</strong></span> <span class='ocrx_word' id='word_1_87' title='bbox 868 990 1130 1045; x_wconf 84' lang='lat' dir='ltr'><strong>Nimirum</strong></span> <span class='ocrx_word' id='word_1_88' title='bbox 1161 992 1307 1061; x_wconf 86' lang='lat' dir='ltr'><strong>impii</strong></span> <span class='ocrx_word' id='word_1_89' title='bbox 1335 1007 1439 1045; x_wconf 91' lang='lat' dir='ltr'><strong>non</strong></span> <span class='ocrx_word' id='word_1_90' title='bbox 1469 992 1777 1061; x_wconf 83' lang='lat' dir='ltr'><strong>intelligunt</strong></span> <span class='ocrx_word' id='word_1_91' title='bbox 1799 992 1973 1048; x_wconf 90' lang='lat' dir='ltr'><strong>lucem</strong></span> <span class='ocrx_word' id='word_1_92' title='bbox 2004 994 2136 1049; x_wconf 91' lang='lat' dir='ltr'><strong>solis</strong></span> <span class='ocrx_word' id='word_1_93' title='bbox 2244 995 2425 1066; x_wconf 82' lang='grc' dir='ltr'>φύσιν.</span> <span class='ocrx_word' id='word_1_94' title='bbox 3435 1072 3451 1083; x_wconf 75' lang='lat'>_</span> <span class='ocrx_word' id='word_1_95' title='bbox 3574 1070 3586 1083; x_wconf 81' lang='lat'><em>_</em></span> <span class='ocrx_word' id='word_1_96' title='bbox 3692 1070 3705 1083; x_wconf 77' lang='lat'>_</span> 
     </span>
    </p>
   </div>
   <div class='ocr_carea' id='block_1_14' title="bbox 577 1070 3801 1153">
    <p class='ocr_par' dir='ltr' id='par_1_14' title="bbox 577 1070 3801 1153">
     <span class='ocr_line' id='line_1_14' title="bbox 577 1070 3801 1153; baseline -0.004 -18"><span class='ocrx_word' id='word_1_97' title='bbox 577 1095 613 1135; x_wconf 85' lang='lat' dir='ltr'><strong>a</strong></span> <span class='ocrx_word' id='word_1_98' title='bbox 644 1081 757 1136; x_wconf 87' lang='lat' dir='ltr'><strong>sole</strong></span> <span class='ocrx_word' id='word_1_99' title='bbox 782 1098 1051 1150; x_wconf 88' lang='lat' dir='ltr'><strong>nunquam</strong></span> <span class='ocrx_word' id='word_1_100' title='bbox 1079 1098 1239 1152; x_wconf 86' lang='lat' dir='ltr'><strong>posse</strong></span> <span class='ocrx_word' id='word_1_101' title='bbox 1275 1085 1543 1152; x_wconf 87' lang='lat' dir='ltr'><strong>separari,</strong></span> <span class='ocrx_word' id='word_1_102' title='bbox 1588 1085 1681 1139; x_wconf 91' lang='lat' dir='ltr'><strong>sed</strong></span> <span class='ocrx_word' id='word_1_103' title='bbox 1736 1100 1949 1153; x_wconf 85' lang='lat' dir='ltr'><strong>semper</strong></span> <span class='ocrx_word' id='word_1_104' title='bbox 1986 1086 2305 1143; x_wconf 69' lang='lat' dir='ltr'><strong>naturaliter</strong></span> <span class='ocrx_word' id='word_1_105' title='bbox 2351 1089 2403 1141; x_wconf 92' lang='lat' dir='ltr'><strong>in</strong></span> <span class='ocrx_word' id='word_1_106' title='bbox 2452 1085 2567 1141; x_wconf 88' lang='lat' dir='ltr'><strong>sole</strong></span> <span class='ocrx_word' id='word_1_107' title='bbox 2623 1098 2765 1141; x_wconf 86' lang='lat' dir='ltr'><strong>esse.</strong></span> <span class='ocrx_word' id='word_1_108' title='bbox 2845 1082 3029 1137; x_wconf 83' lang='lat' dir='ltr'><strong>Liceat</strong></span> <span class='ocrx_word' id='word_1_109' title='bbox 3114 1077 3256 1133; x_wconf 83' lang='lat' dir='ltr'><strong>enim</strong></span> <span class='ocrx_word' id='word_1_110' title='bbox 3306 1072 3453 1131; x_wconf 87' lang='lat' dir='ltr'><strong>tenui</strong></span> <span class='ocrx_word' id='word_1_111' title='bbox 3497 1070 3801 1141; x_wconf 80' lang='lat' dir='ltr'><strong>vulgarium</strong></span> 
     </span>
    </p>
   </div>
   <div class='ocr_carea' id='block_1_15' title="bbox 582 1167 3807 1246">
    <p class='ocr_par' dir='ltr' id='par_1_15' title="bbox 582 1167 3807 1246">
     <span class='ocr_line' id='line_1_15' title="bbox 582 1167 3807 1246; baseline -0.003 -21"><span class='ocrx_word' id='word_1_112' title='bbox 582 1187 764 1226; x_wconf 86' lang='lat' dir='ltr'><strong>rerum</strong></span> <span class='ocrx_word' id='word_1_113' title='bbox 822 1173 1059 1242; x_wconf 77' lang='lat' dir='ltr'><strong>imagine</strong></span> <span class='ocrx_word' id='word_1_114' title='bbox 1111 1174 1162 1229; x_wconf 92' lang='lat' dir='ltr'><strong>id</strong></span> <span class='ocrx_word' id='word_1_115' title='bbox 1208 1175 1351 1242; x_wconf 86' lang='lat' dir='ltr'><strong>quod</strong></span> <span class='ocrx_word' id='word_1_116' title='bbox 1415 1175 1765 1245; x_wconf 77' lang='lat' dir='ltr'><strong>intelligimus</strong></span> <span class='ocrx_word' id='word_1_117' title='bbox 1816 1177 2144 1243; x_wconf 80' lang='lat' dir='ltr'><strong>exprimere,</strong></span> <span class='ocrx_word' id='word_1_118' title='bbox 2215 1175 2651 1246; x_wconf 85' lang='lat' dir='ltr'><strong>quandoquidem</strong></span> <span class='ocrx_word' id='word_1_119' title='bbox 2702 1172 2881 1227; x_wconf 67' lang='lat' dir='ltr'><strong>nimiae</strong></span> <span class='ocrx_word' id='word_1_120' title='bbox 2957 1167 3276 1225; x_wconf 85' lang='lat' dir='ltr'><strong>temeritatis</strong></span> <span class='ocrx_word' id='word_1_121' title='bbox 3328 1172 3474 1221; x_wconf 81' lang='lat' dir='ltr'><strong>esset</strong></span> <span class='ocrx_word' id='word_1_122' title='bbox 3527 1171 3807 1223; x_wconf 82' lang='lat' dir='ltr'><strong>naturam,</strong></span> 
     </span>
    </p>
   </div>
   <div class='ocr_carea' id='block_1_16' title="bbox 576 1268 2705 1339">
    <p class='ocr_par' dir='ltr' id='par_1_16' title="bbox 576 1268 2705 1339">
     <span class='ocr_line' id='line_1_16' title="bbox 576 1268 2705 1339; baseline 0.001 -21"><span class='ocrx_word' id='word_1_123' title='bbox 576 1280 748 1334; x_wconf 90' lang='lat' dir='ltr'><strong>quam</strong></span> <span class='ocrx_word' id='word_1_124' title='bbox 779 1280 937 1321; x_wconf 92' lang='lat' dir='ltr'><strong>nemo</strong></span> <span class='ocrx_word' id='word_1_125' title='bbox 970 1268 1296 1337; x_wconf 82' lang='lat' dir='ltr'><strong>cogitatione</strong></span> <span class='ocrx_word' id='word_1_126' title='bbox 1328 1278 1504 1338; x_wconf 80' lang='lat' dir='ltr'><strong>potest</strong></span> <span class='ocrx_word' id='word_1_127' title='bbox 1546 1268 2027 1339; x_wconf 87' lang='lat' dir='ltr'><strong>comprehendere,</strong></span> <span class='ocrx_word' id='word_1_128' title='bbox 2054 1271 2322 1326; x_wconf 84' lang='lat' dir='ltr'><strong>curiosius</strong></span> <span class='ocrx_word' id='word_1_129' title='bbox 2352 1269 2705 1338; x_wconf 82' lang='lat' dir='ltr'><strong>perscrutari.</strong></span> 
     </span>
    </p>
   </div>
   <div class='ocr_carea' id='block_1_17' title="bbox 648 1357 2136 1431">
    <p class='ocr_par' dir='ltr' id='par_1_17' title="bbox 648 1357 2136 1431">
     <span class='ocr_line' id='line_1_17' title="bbox 648 1357 2136 1431; baseline 0.006 -21"><span class='ocrx_word' id='word_1_130' title='bbox 648 1357 703 1413; x_wconf 71' lang='lat'><strong>4.</strong></span> <span class='ocrx_word' id='word_1_131' title='bbox 735 1357 1189 1423; x_wconf 84' lang='lat' dir='ltr'><strong>Quemadmodum</strong></span> <span class='ocrx_word' id='word_1_132' title='bbox 1228 1376 1356 1431; x_wconf 85' lang='lat' dir='ltr'><strong>ergo</strong></span> <span class='ocrx_word' id='word_1_133' title='bbox 1381 1362 1469 1416; x_wconf 81' lang='lat' dir='ltr'><strong>lux</strong></span> <span class='ocrx_word' id='word_1_134' title='bbox 1492 1363 1643 1425; x_wconf 90' lang='lat' dir='ltr'><strong>solis,</strong></span> <span class='ocrx_word' id='word_1_135' title='bbox 1678 1377 1797 1431; x_wconf 68' lang='lat' dir='ltr'><strong>qua:</strong></span> <span class='ocrx_word' id='word_1_136' title='bbox 1826 1364 2136 1419; x_wconf 87' lang='lat' dir='ltr'><strong>universum</strong></span> 
     </span>
    </p>
   </div>
   <div class='ocr_carea' id='block_1_18' title="bbox 576 1448 2139 1525">
    <p class='ocr_par' dir='ltr' id='par_1_18' title="bbox 576 1448 2139 1525">
     <span class='ocr_line' id='line_1_18' title="bbox 576 1448 2139 1525; baseline 0.004 -23"><span class='ocrx_word' id='word_1_137' title='bbox 576 1448 765 1504; x_wconf 87' lang='lat' dir='ltr'><strong>orbem</strong></span> <span class='ocrx_word' id='word_1_138' title='bbox 814 1451 1094 1517; x_wconf 90' lang='lat' dir='ltr'><strong>illuminat,</strong></span> <span class='ocrx_word' id='word_1_139' title='bbox 1121 1455 1238 1507; x_wconf 90' lang='lat' dir='ltr'><strong>sine</strong></span> <span class='ocrx_word' id='word_1_140' title='bbox 1297 1454 1411 1508; x_wconf 90' lang='lat' dir='ltr'><strong>sole</strong></span> <span class='ocrx_word' id='word_1_141' title='bbox 1454 1454 1631 1509; x_wconf 89' lang='lat' dir='ltr'><strong>lucere</strong></span> <span class='ocrx_word' id='word_1_142' title='bbox 1659 1455 1876 1525; x_wconf 77' lang='lat' dir='ltr'><strong>intelligi</strong></span> <span class='ocrx_word' id='word_1_143' title='bbox 1906 1470 2010 1510; x_wconf 85' lang='lat' dir='ltr'><strong>non</strong></span> <span class='ocrx_word' id='word_1_144' title='bbox 2043 1470 2139 1525; x_wconf 91' lang='lat' dir='ltr'><strong>po-</strong></span> 
     </span>
    </p>
   </div>
   <div class='ocr_carea' id='block_1_19' title="bbox 2308 1349 3810 1427">
    <p class='ocr_par' dir='ltr' id='par_1_19' title="bbox 2308 1349 3810 1427">
     <span class='ocr_line' id='line_1_19' title="bbox 2308 1349 3810 1427; baseline -0.01 -9"><span class='ocrx_word' id='word_1_145' title='bbox 2308 1365 2363 1418; x_wconf 72' lang='grc'><strong>4.</strong></span> <span class='ocrx_word' id='word_1_146' title='bbox 2417 1365 2503 1427; x_wconf 80' lang='grc' dir='ltr'><strong>Ὠς</strong></span> <span class='ocrx_word' id='word_1_147' title='bbox 2539 1364 2639 1417; x_wconf 79' lang='grc' dir='ltr'><strong>οὐκ</strong></span> <span class='ocrx_word' id='word_1_148' title='bbox 2669 1360 2738 1415; x_wconf 87' lang='grc' dir='ltr'><strong>ἂν</strong></span> <span class='ocrx_word' id='word_1_149' title='bbox 2785 1358 2961 1414; x_wconf 81' lang='grc' dir='ltr'>τοίνυν</span> <span class='ocrx_word' id='word_1_150' title='bbox 2999 1358 3130 1413; x_wconf 84' lang='grc' dir='ltr'>ποτὲ</span> <span class='ocrx_word' id='word_1_151' title='bbox 3160 1357 3222 1411; x_wconf 83' lang='grc' dir='ltr'>τὸ</span> <span class='ocrx_word' id='word_1_152' title='bbox 3272 1353 3332 1420; x_wconf 80' lang='grc' dir='ltr'>ἐξ</span> <span class='ocrx_word' id='word_1_153' title='bbox 3375 1353 3525 1426; x_wconf 81' lang='grc' dir='ltr'>ἡλίου</span> <span class='ocrx_word' id='word_1_154' title='bbox 3563 1351 3682 1422; x_wconf 77' lang='grc' dir='ltr'><strong>φῶς</strong></span> <span class='ocrx_word' id='word_1_155' title='bbox 3714 1349 3810 1421; x_wconf 74' lang='grc' dir='ltr'><strong>τὴν</strong></span> 
     </span>
    </p>
   </div>
   <div class='ocr_carea' id='block_1_20' title="bbox 2239 1444 3811 1527">
    <p class='ocr_par' dir='ltr' id='par_1_20' title="bbox 2239 1444 3811 1527">
     <span class='ocr_line' id='line_1_20' title="bbox 2239 1444 3811 1527; baseline -0.01 -16"><span class='ocrx_word' id='word_1_156' title='bbox 2239 1457 2557 1527; x_wconf 78' lang='grc' dir='ltr'>οἰκουμένην</span> <span class='ocrx_word' id='word_1_157' title='bbox 2602 1454 2953 1524; x_wconf 84' lang='grc' dir='ltr'>καταλάμπον</span> <span class='ocrx_word' id='word_1_158' title='bbox 3011 1450 3179 1522; x_wconf 77' lang='grc' dir='ltr'>χωρὶς</span> <span class='ocrx_word' id='word_1_159' title='bbox 3226 1446 3390 1503; x_wconf 81' lang='grc' dir='ltr'>αὐτοῦ</span> <span class='ocrx_word' id='word_1_160' title='bbox 3442 1444 3811 1517; x_wconf 84' lang='grc' dir='ltr'>περιλάμπειν</span> 
     </span>
    </p>
   </div>
   <div class='ocr_carea' id='block_1_21' title="bbox 584 1535 2157 1615">
    <p class='ocr_par' dir='ltr' id='par_1_21' title="bbox 584 1542 2139 1614">
     <span class='ocr_line' id='line_1_21' title="bbox 584 1542 2139 1614; baseline 0.004 -21"><span class='ocrx_word' id='word_1_161' title='bbox 584 1550 690 1594; x_wconf 87' lang='lat' dir='ltr'><strong>test</strong></span> <span class='ocrx_word' id='word_1_162' title='bbox 717 1542 784 1593; x_wconf 92' lang='lat' dir='ltr'><strong>ab</strong></span> <span class='ocrx_word' id='word_1_163' title='bbox 818 1542 905 1595; x_wconf 85' lang='lat' dir='ltr'><strong>his</strong></span> <span class='ocrx_word' id='word_1_164' title='bbox 949 1557 1139 1612; x_wconf 88' lang='lat' dir='ltr'><strong>nempe</strong></span> <span class='ocrx_word' id='word_1_165' title='bbox 1176 1546 1266 1611; x_wconf 91' lang='lat' dir='ltr'><strong>qul</strong></span> <span class='ocrx_word' id='word_1_166' title='bbox 1309 1558 1438 1597; x_wconf 84' lang='lat' dir='ltr'><strong>sana</strong></span> <span class='ocrx_word' id='word_1_167' title='bbox 1483 1554 1612 1598; x_wconf 91' lang='lat' dir='ltr'><strong>sunt</strong></span> <span class='ocrx_word' id='word_1_168' title='bbox 1648 1556 1843 1609; x_wconf 89' lang='lat' dir='ltr'><strong>mente,</strong></span> <span class='ocrx_word' id='word_1_169' title='bbox 1883 1547 2007 1614; x_wconf 87' lang='lat' dir='ltr'><strong>quia</strong></span> <span class='ocrx_word' id='word_1_170' title='bbox 2050 1546 2139 1600; x_wconf 82' lang='lat' dir='ltr'><strong>lux</strong></span> 
     </span>
    </p>
   </div>
   <div class='ocr_carea' id='block_1_22' title="bbox 2254 1535 3810 1615">
    <p class='ocr_par' dir='ltr' id='par_1_22' title="bbox 2254 1535 3810 1615">
     <span class='ocr_line' id='line_1_22' title="bbox 2254 1535 3810 1615; baseline -0.007 -15"><span class='ocrx_word' id='word_1_171' title='bbox 2254 1547 2462 1600; x_wconf 77' lang='grc' dir='ltr'>Ξυνατὸν</span> <span class='ocrx_word' id='word_1_172' title='bbox 2510 1545 2767 1615; x_wconf 81' lang='grc' dir='ltr'><strong>νοηθῆναι</strong></span> <span class='ocrx_word' id='word_1_173' title='bbox 2820 1542 2971 1614; x_wconf 75' lang='grc' dir='ltr'>παρὰ</span> <span class='ocrx_word' id='word_1_174' title='bbox 3014 1545 3130 1605; x_wconf 71' lang='grc' dir='ltr'><strong>τοῖς1</strong></span> <span class='ocrx_word' id='word_1_175' title='bbox 3167 1539 3493 1613; x_wconf 74' lang='grc' dir='ltr'>ἐρρωμένοις</span> <span class='ocrx_word' id='word_1_176' title='bbox 3535 1537 3628 1591; x_wconf 79' lang='grc' dir='ltr'><strong>τὸν</strong></span> <span class='ocrx_word' id='word_1_177' title='bbox 3668 1535 3810 1600; x_wconf 80' lang='grc' dir='ltr'>νοῦν,</span> 
     </span>
    </p>
   </div>
   <div class='ocr_carea' id='block_1_23' title="bbox 585 1627 2157 1707">
    <p class='ocr_par' dir='ltr' id='par_1_23' title="bbox 585 1629 2139 1704">
     <span class='ocr_line' id='line_1_23' title="bbox 585 1629 2139 1704; baseline 0.005 -20"><span class='ocrx_word' id='word_1_178' title='bbox 585 1629 745 1692; x_wconf 88' lang='lat' dir='ltr'><strong>solis,</strong></span> <span class='ocrx_word' id='word_1_179' title='bbox 769 1629 1008 1696; x_wconf 85' lang='lat' dir='ltr'><strong>ejusdem</strong></span> <span class='ocrx_word' id='word_1_180' title='bbox 1038 1643 1241 1685; x_wconf 67' lang='lat' dir='ltr'><strong>natura:</strong></span> <span class='ocrx_word' id='word_1_181' title='bbox 1271 1635 1418 1688; x_wconf 90' lang='lat' dir='ltr'><strong>unita</strong></span> <span class='ocrx_word' id='word_1_182' title='bbox 1448 1644 1532 1689; x_wconf 88' lang='lat' dir='ltr'><strong>est</strong></span> <span class='ocrx_word' id='word_1_183' title='bbox 1557 1652 1571 1688; x_wconf 91' lang='lat'><strong>:</strong></span> <span class='ocrx_word' id='word_1_184' title='bbox 1606 1650 1671 1689; x_wconf 85' lang='lat' dir='ltr'><strong>ac</strong></span> <span class='ocrx_word' id='word_1_185' title='bbox 1702 1636 1926 1704; x_wconf 90' lang='lat' dir='ltr'><strong>proinde</strong></span> <span class='ocrx_word' id='word_1_186' title='bbox 1965 1637 2009 1692; x_wconf 87' lang='lat' dir='ltr'><strong>si</strong></span> <span class='ocrx_word' id='word_1_187' title='bbox 2050 1636 2139 1692; x_wconf 79' lang='lat' dir='ltr'><strong>lux</strong></span> 
     </span>
    </p>
   </div>
   <div class='ocr_carea' id='block_1_24' title="bbox 2254 1627 3813 1707">
    <p class='ocr_par' dir='ltr' id='par_1_24' title="bbox 2254 1627 3813 1707">
     <span class='ocr_line' id='line_1_24' title="bbox 2254 1627 3813 1707; baseline -0.008 -16"><span class='ocrx_word' id='word_1_188' title='bbox 2254 1636 2422 1707; x_wconf 60' lang='grc' dir='ltr'>ἐπειδὴ</span> <span class='ocrx_word' id='word_1_189' title='bbox 2448 1636 2650 1706; x_wconf 71' lang='grc' dir='ltr'>ἥνωται</span> <span class='ocrx_word' id='word_1_190' title='bbox 2680 1636 2747 1705; x_wconf 79' lang='grc' dir='ltr'>τῇ</span> <span class='ocrx_word' id='word_1_191' title='bbox 2792 1633 2949 1701; x_wconf 83' lang='grc' dir='ltr'>φύσει</span> <span class='ocrx_word' id='word_1_192' title='bbox 2984 1633 3079 1686; x_wconf 80' lang='grc' dir='ltr'>τοῦ</span> <span class='ocrx_word' id='word_1_193' title='bbox 3112 1631 3260 1702; x_wconf 78' lang='grc' dir='ltr'>ἡλίου</span> <span class='ocrx_word' id='word_1_194' title='bbox 3286 1630 3349 1682; x_wconf 81' lang='grc' dir='ltr'>τὺ</span> <span class='ocrx_word' id='word_1_195' title='bbox 3375 1628 3435 1693; x_wconf 79' lang='grc' dir='ltr'>ὲξ</span> <span class='ocrx_word' id='word_1_196' title='bbox 3463 1627 3631 1682; x_wconf 79' lang='grc' dir='ltr'>αὐτοῦ</span> <span class='ocrx_word' id='word_1_197' title='bbox 3676 1627 3813 1696; x_wconf 75' lang='grc' dir='ltr'><strong>φῶς,</strong></span> 
     </span>
    </p>
   </div>
   <div class='ocr_carea' id='block_1_25' title="bbox 584 1720 2137 1792">
    <p class='ocr_par' dir='ltr' id='par_1_25' title="bbox 584 1720 2137 1792">
     <span class='ocr_line' id='line_1_25' title="bbox 584 1720 2137 1792; baseline 0.004 -21"><span class='ocrx_word' id='word_1_198' title='bbox 584 1720 702 1788; x_wconf 87' lang='lat' dir='ltr'><strong>ipsa</strong></span> <span class='ocrx_word' id='word_1_199' title='bbox 732 1720 938 1774; x_wconf 89' lang='lat' dir='ltr'><strong>diceret</strong></span> <span class='ocrx_word' id='word_1_200' title='bbox 964 1739 976 1775; x_wconf 94' lang='lat'><strong>:</strong></span> <span class='ocrx_word' id='word_1_201' title='bbox 1007 1720 1203 1792; x_wconf 85' lang='lat' dir='ltr'><strong>Accepi</strong></span> <span class='ocrx_word' id='word_1_202' title='bbox 1237 1738 1266 1776; x_wconf 89' lang='lat' dir='ltr'><strong>a</strong></span> <span class='ocrx_word' id='word_1_203' title='bbox 1295 1724 1409 1777; x_wconf 91' lang='lat' dir='ltr'><strong>sole</strong></span> <span class='ocrx_word' id='word_1_204' title='bbox 1444 1732 1501 1778; x_wconf 92' lang='lat' dir='ltr'><strong>ut</strong></span> <span class='ocrx_word' id='word_1_205' title='bbox 1527 1725 1709 1778; x_wconf 90' lang='lat' dir='ltr'><strong>omnia</strong></span> <span class='ocrx_word' id='word_1_206' title='bbox 1756 1724 2137 1789; x_wconf 89' lang='lat' dir='ltr'><strong>illuminarem,</strong></span> 
     </span>
    </p>
   </div>
   <div class='ocr_carea' id='block_1_26' title="bbox 2238 1716 3813 1791">
    <p class='ocr_par' dir='ltr' id='par_1_26' title="bbox 2238 1716 3813 1791">
     <span class='ocr_line' id='line_1_26' title="bbox 2238 1716 3813 1791; baseline -0.007 -12"><span class='ocrx_word' id='word_1_207' title='bbox 2238 1726 2332 1779; x_wconf 71' lang='grc' dir='ltr'><strong>καὶ</strong></span> <span class='ocrx_word' id='word_1_208' title='bbox 2354 1726 2429 1789; x_wconf 85' lang='grc' dir='ltr'><strong>ὡς</strong></span> <span class='ocrx_word' id='word_1_209' title='bbox 2462 1727 2509 1777; x_wconf 85' lang='grc' dir='ltr'><strong>εί</strong></span> <span class='ocrx_word' id='word_1_210' title='bbox 2549 1724 2696 1791; x_wconf 81' lang='grc' dir='ltr'><strong>λέγοι</strong></span> <span class='ocrx_word' id='word_1_211' title='bbox 2724 1723 2783 1775; x_wconf 85' lang='grc' dir='ltr'><strong>τὸ</strong></span> <span class='ocrx_word' id='word_1_212' title='bbox 2814 1722 2955 1789; x_wconf 76' lang='grc' dir='ltr'><strong>φῶς·</strong></span> <span class='ocrx_word' id='word_1_213' title='bbox 2994 1723 3176 1776; x_wconf 77' lang='grc' dir='ltr'>Πάντα</span> <span class='ocrx_word' id='word_1_214' title='bbox 3215 1718 3596 1789; x_wconf 78' lang='grc' dir='ltr'>καταλάμπειν</span> <span class='ocrx_word' id='word_1_215' title='bbox 3624 1716 3813 1788; x_wconf 82' lang='grc' dir='ltr'>παρεί-</span> 
     </span>
    </p>
   </div>
   <div class='ocr_carea' id='block_1_27' title="bbox 587 1809 2157 1887">
    <p class='ocr_par' dir='ltr' id='par_1_27' title="bbox 587 1810 2141 1879">
     <span class='ocr_line' id='line_1_27' title="bbox 587 1810 2141 1879; baseline 0.005 -16"><span class='ocrx_word' id='word_1_216' title='bbox 587 1824 818 1877; x_wconf 83' lang='lat' dir='ltr'><strong>tneoque</strong></span> <span class='ocrx_word' id='word_1_217' title='bbox 843 1810 1024 1866; x_wconf 89' lang='lat' dir='ltr'><strong>calore</strong></span> <span class='ocrx_word' id='word_1_218' title='bbox 1057 1828 1314 1879; x_wconf 83' lang='lat' dir='ltr'><strong>augerem</strong></span> <span class='ocrx_word' id='word_1_219' title='bbox 1347 1822 1403 1867; x_wconf 91' lang='lat' dir='ltr'><strong>et</strong></span> <span class='ocrx_word' id='word_1_220' title='bbox 1435 1814 1743 1868; x_wconf 88' lang='lat' dir='ltr'><strong>roborarem</strong></span> <span class='ocrx_word' id='word_1_221' title='bbox 1778 1834 1791 1868; x_wconf 92' lang='lat'><strong>:</strong></span> <span class='ocrx_word' id='word_1_222' title='bbox 1827 1830 1982 1869; x_wconf 91' lang='lat' dir='ltr'><strong>nemo</strong></span> <span class='ocrx_word' id='word_1_223' title='bbox 2007 1816 2141 1871; x_wconf 84' lang='lat' dir='ltr'><strong>adeo</strong></span> 
     </span>
    </p>
   </div>
   <div class='ocr_carea' id='block_1_28' title="bbox 2254 1809 3813 1887">
    <p class='ocr_par' dir='ltr' id='par_1_28' title="bbox 2254 1809 3813 1887">
     <span class='ocr_line' id='line_1_28' title="bbox 2254 1809 3813 1887; baseline -0.006 -18"><span class='ocrx_word' id='word_1_224' title='bbox 2254 1822 2385 1887; x_wconf 69' lang='grc' dir='ltr'>ιηφα</span> <span class='ocrx_word' id='word_1_225' title='bbox 2425 1815 2575 1886; x_wconf 69' lang='grc' dir='ltr'>παρὰ</span> <span class='ocrx_word' id='word_1_226' title='bbox 2615 1813 2707 1867; x_wconf 80' lang='grc' dir='ltr'>τοῦ</span> <span class='ocrx_word' id='word_1_227' title='bbox 2755 1812 2925 1884; x_wconf 80' lang='grc' dir='ltr'>ἡλίου,</span> <span class='ocrx_word' id='word_1_228' title='bbox 2972 1814 3064 1866; x_wconf 71' lang='grc' dir='ltr'><strong>καὶ</strong></span> <span class='ocrx_word' id='word_1_229' title='bbox 3112 1812 3290 1866; x_wconf 78' lang='grc' dir='ltr'>πάντα</span> <span class='ocrx_word' id='word_1_230' title='bbox 3331 1810 3515 1875; x_wconf 65' lang='grc' dir='ltr'>αὔξειν</span> <span class='ocrx_word' id='word_1_231' title='bbox 3593 1809 3691 1863; x_wconf 76' lang='grc' dir='ltr'><strong>καὶ</strong></span> <span class='ocrx_word' id='word_1_232' title='bbox 3730 1810 3813 1860; x_wconf 80' lang='grc' dir='ltr'><strong>ὲν·-</strong></span> 
     </span>
    </p>
   </div>
   <div class='ocr_carea' id='block_1_29' title="bbox 582 1900 2143 1975">
    <p class='ocr_par' dir='ltr' id='par_1_29' title="bbox 582 1900 2143 1975">
     <span class='ocr_line' id='line_1_29' title="bbox 582 1900 2143 1975; baseline 0.004 -22"><span class='ocrx_word' id='word_1_233' title='bbox 582 1900 780 1954; x_wconf 83' lang='lat' dir='ltr'><strong>stnltns</strong></span> <span class='ocrx_word' id='word_1_234' title='bbox 804 1909 948 1954; x_wconf 86' lang='lat' dir='ltr'><strong>esset</strong></span> <span class='ocrx_word' id='word_1_235' title='bbox 986 1911 1043 1954; x_wconf 91' lang='lat' dir='ltr'><strong>ut</strong></span> <span class='ocrx_word' id='word_1_236' title='bbox 1074 1902 1242 1956; x_wconf 91' lang='lat' dir='ltr'><strong>solem</strong></span> <span class='ocrx_word' id='word_1_237' title='bbox 1284 1918 1311 1955; x_wconf 89' lang='lat' dir='ltr'><strong>a</strong></span> <span class='ocrx_word' id='word_1_238' title='bbox 1345 1916 1536 1957; x_wconf 89' lang='lat' dir='ltr'><strong>natura</strong></span> <span class='ocrx_word' id='word_1_239' title='bbox 1564 1921 1683 1975; x_wconf 78' lang='lat' dir='ltr'><strong>quae</strong></span> <span class='ocrx_word' id='word_1_240' title='bbox 1710 1920 1775 1959; x_wconf 82' lang='lat' dir='ltr'><strong>ex</strong></span> <span class='ocrx_word' id='word_1_241' title='bbox 1820 1905 1936 1975; x_wconf 85' lang='lat' dir='ltr'><strong>ipso</strong></span> <span class='ocrx_word' id='word_1_242' title='bbox 1959 1908 2143 1961; x_wconf 75' lang='lat' dir='ltr'><strong>exori—</strong></span> 
     </span>
    </p>
   </div>
   <div class='ocr_carea' id='block_1_30' title="bbox 587 1991 2143 2066">
    <p class='ocr_par' dir='ltr' id='par_1_30' title="bbox 587 1991 2143 2066">
     <span class='ocr_line' id='line_1_30' title="bbox 587 1991 2143 2066; baseline 0.007 -24"><span class='ocrx_word' id='word_1_243' title='bbox 587 1997 697 2053; x_wconf 93' lang='lat' dir='ltr'><strong>tur,</strong></span> <span class='ocrx_word' id='word_1_244' title='bbox 729 2005 847 2058; x_wconf 70' lang='lat' dir='ltr'><strong>quae</strong></span> <span class='ocrx_word' id='word_1_245' title='bbox 880 1991 1132 2044; x_wconf 89' lang='lat' dir='ltr'><strong>nimirum</strong></span> <span class='ocrx_word' id='word_1_246' title='bbox 1170 1991 1259 2045; x_wconf 75' lang='lat' dir='ltr'><strong>lux</strong></span> <span class='ocrx_word' id='word_1_247' title='bbox 1296 1993 1409 2061; x_wconf 84' lang='lat' dir='ltr'><strong>ipsa</strong></span> <span class='ocrx_word' id='word_1_248' title='bbox 1452 2003 1554 2060; x_wconf 79' lang='lat' dir='ltr'><strong>est,</strong></span> <span class='ocrx_word' id='word_1_249' title='bbox 1584 1996 1667 2050; x_wconf 89' lang='lat' dir='ltr'><strong>bis</strong></span> <span class='ocrx_word' id='word_1_250' title='bbox 1696 1998 1873 2052; x_wconf 85' lang='lat' dir='ltr'><strong>verbis</strong></span> <span class='ocrx_word' id='word_1_251' title='bbox 1904 1998 2143 2066; x_wconf 88' lang='lat' dir='ltr'><strong>separari</strong></span> 
     </span>
    </p>
   </div>
   <div class='ocr_carea' id='block_1_31' title="bbox 584 2081 2145 2145">
    <p class='ocr_par' dir='ltr' id='par_1_31' title="bbox 584 2081 2145 2145">
     <span class='ocr_line' id='line_1_31' title="bbox 584 2081 2145 2145; baseline 0.008 -12"><span class='ocrx_word' id='word_1_252' title='bbox 584 2081 989 2135; x_wconf 70' lang='lat' dir='ltr'><strong>arbitraretur:</strong></span> <span class='ocrx_word' id='word_1_253' title='bbox 1022 2084 1091 2135; x_wconf 88' lang='lat' dir='ltr'><strong>ita</strong></span> <span class='ocrx_word' id='word_1_254' title='bbox 1130 2083 1380 2139; x_wconf 89' lang='lat' dir='ltr'><strong>sintiliter</strong></span> <span class='ocrx_word' id='word_1_255' title='bbox 1428 2087 1663 2141; x_wconf 84' lang='lat' dir='ltr'><strong>divinam</strong></span> <span class='ocrx_word' id='word_1_256' title='bbox 1702 2086 1859 2143; x_wconf 82' lang='lat' dir='ltr'><strong>Verbi</strong></span> <span class='ocrx_word' id='word_1_257' title='bbox 1894 2091 2145 2145; x_wconf 82' lang='lat' dir='ltr'><strong>substan-</strong></span> 
     </span>
    </p>
   </div>
   <div class='ocr_carea' id='block_1_32' title="bbox 581 2172 2146 2250">
    <p class='ocr_par' dir='ltr' id='par_1_32' title="bbox 581 2172 2146 2250">
     <span class='ocr_line' id='line_1_32' title="bbox 581 2172 2146 2250; baseline 0.005 -23"><span class='ocrx_word' id='word_1_258' title='bbox 581 2173 715 2227; x_wconf 88' lang='lat' dir='ltr'><strong>tiam</strong></span> <span class='ocrx_word' id='word_1_259' title='bbox 745 2188 843 2227; x_wconf 90' lang='lat' dir='ltr'><strong>suo</strong></span> <span class='ocrx_word' id='word_1_260' title='bbox 869 2172 1013 2226; x_wconf 88' lang='lat' dir='ltr'><strong>Patri</strong></span> <span class='ocrx_word' id='word_1_261' title='bbox 1050 2188 1115 2228; x_wconf 81' lang='lat' dir='ltr'><strong>ex</strong></span> <span class='ocrx_word' id='word_1_262' title='bbox 1148 2184 1341 2229; x_wconf 88' lang='lat' dir='ltr'><strong>natura</strong></span> <span class='ocrx_word' id='word_1_263' title='bbox 1388 2179 1595 2231; x_wconf 87' lang='lat' dir='ltr'><strong>unitam</strong></span> <span class='ocrx_word' id='word_1_264' title='bbox 1653 2193 1775 2234; x_wconf 89' lang='lat' dir='ltr'><strong>esse</strong></span> <span class='ocrx_word' id='word_1_265' title='bbox 1818 2194 1941 2233; x_wconf 91' lang='lat' dir='ltr'><strong>vera</strong></span> <span class='ocrx_word' id='word_1_266' title='bbox 1975 2181 2146 2250; x_wconf 89' lang='lat' dir='ltr'><strong>pietas</strong></span> 
     </span>
    </p>
   </div>
   <div class='ocr_carea' id='block_1_33' title="bbox 577 2263 2146 2341">
    <p class='ocr_par' dir='ltr' id='par_1_33' title="bbox 577 2263 2146 2341">
     <span class='ocr_line' id='line_1_33' title="bbox 577 2263 2146 2341; baseline 0.008 -25"><span class='ocrx_word' id='word_1_267' title='bbox 577 2263 733 2333; x_wconf 87' lang='lat' dir='ltr'><strong>jubet</strong></span> <span class='ocrx_word' id='word_1_268' title='bbox 783 2265 1104 2336; x_wconf 81' lang='lat' dir='ltr'><strong>intelligere,</strong></span> <span class='ocrx_word' id='word_1_269' title='bbox 1150 2267 1224 2325; x_wconf 86' lang='lat' dir='ltr'><strong>uti</strong></span> <span class='ocrx_word' id='word_1_270' title='bbox 1276 2283 1343 2323; x_wconf 75' lang='lat' dir='ltr'><strong>ex</strong></span> <span class='ocrx_word' id='word_1_271' title='bbox 1391 2270 1493 2323; x_wconf 90' lang='lat' dir='ltr'><strong>hoc</strong></span> <span class='ocrx_word' id='word_1_272' title='bbox 1518 2271 1636 2339; x_wconf 89' lang='lat' dir='ltr'><strong>ipso</strong></span> <span class='ocrx_word' id='word_1_273' title='bbox 1663 2271 1780 2326; x_wconf 92' lang='lat' dir='ltr'><strong>loco</strong></span> <span class='ocrx_word' id='word_1_274' title='bbox 1804 2288 1962 2341; x_wconf 92' lang='lat' dir='ltr'><strong>quem</strong></span> <span class='ocrx_word' id='word_1_275' title='bbox 1990 2275 2146 2329; x_wconf 94' lang='lat' dir='ltr'><strong>modo</strong></span> 
     </span>
    </p>
   </div>
   <div class='ocr_carea' id='block_1_34' title="bbox 588 2358 2146 2429">
    <p class='ocr_par' dir='ltr' id='par_1_34' title="bbox 588 2358 2146 2429">
     <span class='ocr_line' id='line_1_34' title="bbox 588 2358 2146 2429; baseline 0.006 -20"><span class='ocrx_word' id='word_1_276' title='bbox 588 2367 887 2411; x_wconf 79' lang='lat' dir='ltr'><strong>tractamus</strong></span> <span class='ocrx_word' id='word_1_277' title='bbox 921 2358 1284 2412; x_wconf 85' lang='lat' dir='ltr'><strong>clarissimum</strong></span> <span class='ocrx_word' id='word_1_278' title='bbox 1334 2369 1439 2414; x_wconf 91' lang='lat' dir='ltr'><strong>est.</strong></span> <span class='ocrx_word' id='word_1_279' title='bbox 1495 2360 1770 2429; x_wconf 87' lang='lat' dir='ltr'><strong>Siquidem</strong></span> <span class='ocrx_word' id='word_1_280' title='bbox 1806 2363 1919 2418; x_wconf 61' lang='lat' dir='ltr'><strong>hac</strong></span> <span class='ocrx_word' id='word_1_281' title='bbox 1956 2364 2146 2419; x_wconf 84' lang='lat' dir='ltr'><strong>Salva-</strong></span> 
     </span>
    </p>
   </div>
   <div class='ocr_carea' id='block_1_35' title="bbox 585 2448 2149 2521">
    <p class='ocr_par' dir='ltr' id='par_1_35' title="bbox 585 2448 2149 2521">
     <span class='ocr_line' id='line_1_35' title="bbox 585 2448 2149 2521; baseline 0.007 -20"><span class='ocrx_word' id='word_1_282' title='bbox 585 2448 725 2501; x_wconf 88' lang='lat' dir='ltr'><strong>toris</strong></span> <span class='ocrx_word' id='word_1_283' title='bbox 766 2448 951 2511; x_wconf 86' lang='lat' dir='ltr'><strong>verba,</strong></span> <span class='ocrx_word' id='word_1_284' title='bbox 998 2448 1191 2502; x_wconf 81' lang='lat' dir='ltr'><strong>Omnia</strong></span> <span class='ocrx_word' id='word_1_285' title='bbox 1228 2467 1549 2521; x_wconf 76' lang='lat' dir='ltr'><strong>quwcunque</strong></span> <span class='ocrx_word' id='word_1_286' title='bbox 1587 2452 1737 2507; x_wconf 91' lang='lat' dir='ltr'><strong>habet</strong></span> <span class='ocrx_word' id='word_1_287' title='bbox 1794 2454 1977 2520; x_wconf 87' lang='lat' dir='ltr'><strong>Pater,</strong></span> <span class='ocrx_word' id='word_1_288' title='bbox 2033 2473 2149 2511; x_wconf 85' lang='lat' dir='ltr'><strong>mea</strong></span> 
     </span>
    </p>
   </div>
   <div class='ocr_carea' id='block_1_36' title="bbox 593 2541 2146 2615">
    <p class='ocr_par' dir='ltr' id='par_1_36' title="bbox 593 2541 2146 2615">
     <span class='ocr_line' id='line_1_36' title="bbox 593 2541 2146 2615; baseline 0.008 -25"><span class='ocrx_word' id='word_1_289' title='bbox 593 2550 736 2604; x_wconf 78' lang='lat' dir='ltr'><strong>sunt,</strong></span> <span class='ocrx_word' id='word_1_290' title='bbox 763 2554 884 2592; x_wconf 89' lang='lat' dir='ltr'><strong>eum</strong></span> <span class='ocrx_word' id='word_1_291' title='bbox 922 2556 1042 2594; x_wconf 90' lang='lat' dir='ltr'><strong>cum</strong></span> <span class='ocrx_word' id='word_1_292' title='bbox 1074 2541 1238 2595; x_wconf 86' lang='lat' dir='ltr'><strong>Patre</strong></span> <span class='ocrx_word' id='word_1_293' title='bbox 1264 2558 1477 2611; x_wconf 89' lang='lat' dir='ltr'><strong>semper</strong></span> <span class='ocrx_word' id='word_1_294' title='bbox 1508 2559 1629 2599; x_wconf 88' lang='lat' dir='ltr'><strong>esse</strong></span> <span class='ocrx_word' id='word_1_295' title='bbox 1655 2547 1978 2615; x_wconf 79' lang='lat' dir='ltr'><strong>signiﬁcant.</strong></span> <span class='ocrx_word' id='word_1_296' title='bbox 2014 2549 2146 2604; x_wconf 85' lang='lat' dir='ltr'><strong>Nam</strong></span> 
     </span>
    </p>
   </div>
   <div class='ocr_carea' id='block_1_37' title="bbox 590 2628 2147 2703">
    <p class='ocr_par' dir='ltr' id='par_1_37' title="bbox 590 2628 2147 2703">
     <span class='ocr_line' id='line_1_37' title="bbox 590 2628 2147 2703; baseline 0.008 -22"><span class='ocrx_word' id='word_1_297' title='bbox 590 2628 673 2682; x_wconf 74' lang='lat' dir='ltr'><strong>ha:</strong></span> <span class='ocrx_word' id='word_1_298' title='bbox 692 2630 905 2697; x_wconf 89' lang='lat' dir='ltr'><strong>quidem</strong></span> <span class='ocrx_word' id='word_1_299' title='bbox 932 2646 1111 2695; x_wconf 86' lang='lat' dir='ltr'><strong>voces,</strong></span> <span class='ocrx_word' id='word_1_300' title='bbox 1134 2648 1455 2703; x_wconf 78' lang='lat' dir='ltr'><strong>quwcunque</strong></span> <span class='ocrx_word' id='word_1_301' title='bbox 1489 2635 1665 2699; x_wconf 80' lang='lat' dir='ltr'><strong>habet,</strong></span> <span class='ocrx_word' id='word_1_302' title='bbox 1700 2636 1876 2692; x_wconf 82' lang='lat' dir='ltr'><strong>Patris</strong></span> <span class='ocrx_word' id='word_1_303' title='bbox 1902 2640 2147 2693; x_wconf 87' lang='lat' dir='ltr'><strong>domina-</strong></span> 
     </span>
    </p>
   </div>
   <div class='ocr_carea' id='block_1_38' title="bbox 594 2721 2148 2792">
    <p class='ocr_par' dir='ltr' id='par_1_38' title="bbox 594 2721 2148 2792">
     <span class='ocr_line' id='line_1_38' title="bbox 594 2721 2148 2792; baseline 0.008 -20"><span class='ocrx_word' id='word_1_304' title='bbox 594 2729 708 2772; x_wconf 91' lang='lat' dir='ltr'><strong>tum</strong></span> <span class='ocrx_word' id='word_1_305' title='bbox 760 2721 1090 2776; x_wconf 88' lang='lat' dir='ltr'><strong>ostendunt:</strong></span> <span class='ocrx_word' id='word_1_306' title='bbox 1129 2725 1247 2778; x_wconf 74' lang='lat' dir='ltr'><strong>ista:</strong></span> <span class='ocrx_word' id='word_1_307' title='bbox 1290 2740 1439 2789; x_wconf 90' lang='lat' dir='ltr'><strong>vero,</strong></span> <span class='ocrx_word' id='word_1_308' title='bbox 1480 2743 1592 2780; x_wconf 88' lang='lat' dir='ltr'><strong>mea</strong></span> <span class='ocrx_word' id='word_1_309' title='bbox 1638 2738 1782 2792; x_wconf 78' lang='lat' dir='ltr'><strong>sunt,</strong></span> <span class='ocrx_word' id='word_1_310' title='bbox 1821 2730 2148 2784; x_wconf 89' lang='lat' dir='ltr'><strong>individuam</strong></span> 
     </span>
    </p>
   </div>
   <div class='ocr_carea' id='block_1_39' title="bbox 595 2810 2152 2889">
    <p class='ocr_par' dir='ltr' id='par_1_39' title="bbox 595 2810 2152 2889">
     <span class='ocr_line' id='line_1_39' title="bbox 595 2810 2152 2889; baseline 0.01 -27"><span class='ocrx_word' id='word_1_311' title='bbox 595 2810 879 2878; x_wconf 87' lang='lat' dir='ltr'><strong>utriusque</strong></span> <span class='ocrx_word' id='word_1_312' title='bbox 904 2811 1157 2867; x_wconf 88' lang='lat' dir='ltr'><strong>unionem</strong></span> <span class='ocrx_word' id='word_1_313' title='bbox 1191 2814 1450 2868; x_wconf 87' lang='lat' dir='ltr'><strong>indicant.</strong></span> <span class='ocrx_word' id='word_1_314' title='bbox 1482 2814 1712 2871; x_wconf 82' lang='lat' dir='ltr'><strong>Necesse</strong></span> <span class='ocrx_word' id='word_1_315' title='bbox 1734 2826 1819 2874; x_wconf 90' lang='lat' dir='ltr'><strong>est</strong></span> <span class='ocrx_word' id='word_1_316' title='bbox 1860 2819 2023 2889; x_wconf 87' lang='lat' dir='ltr'><strong>igitur</strong></span> <span class='ocrx_word' id='word_1_317' title='bbox 2054 2836 2152 2877; x_wconf 89' lang='lat' dir='ltr'><strong>nos</strong></span> 
     </span>
    </p>
   </div>
   <div class='ocr_carea' id='block_1_40' title="bbox 597 2898 2153 2969">
    <p class='ocr_par' dir='ltr' id='par_1_40' title="bbox 597 2898 2153 2969">
     <span class='ocr_line' id='line_1_40' title="bbox 597 2898 2153 2969; baseline 0.008 -16"><span class='ocrx_word' id='word_1_318' title='bbox 597 2898 901 2969; x_wconf 82' lang='lat' dir='ltr'><strong>intelligere</strong></span> <span class='ocrx_word' id='word_1_319' title='bbox 945 2903 1304 2960; x_wconf 68' lang='lat' dir='ltr'><strong>aeternitatem</strong></span> <span class='ocrx_word' id='word_1_320' title='bbox 1334 2915 1390 2961; x_wconf 86' lang='lat' dir='ltr'><strong>et</strong></span> <span class='ocrx_word' id='word_1_321' title='bbox 1419 2906 1873 2963; x_wconf 83' lang='lat' dir='ltr'><strong>immortalitatem</strong></span> <span class='ocrx_word' id='word_1_322' title='bbox 1905 2910 1956 2964; x_wconf 91' lang='lat' dir='ltr'><strong>in</strong></span> <span class='ocrx_word' id='word_1_323' title='bbox 1992 2911 2153 2966; x_wconf 84' lang='lat' dir='ltr'><strong>Patre</strong></span> 
     </span>
    </p>
   </div>
   <div class='ocr_carea' id='block_1_41' title="bbox 588 2995 2150 3068">
    <p class='ocr_par' dir='ltr' id='par_1_41' title="bbox 588 2995 2150 3068">
     <span class='ocr_line' id='line_1_41' title="bbox 588 2995 2150 3068; baseline 0.008 -23"><span class='ocrx_word' id='word_1_324' title='bbox 588 3006 750 3046; x_wconf 87' lang='lat' dir='ltr'><strong>esse:</strong></span> <span class='ocrx_word' id='word_1_325' title='bbox 788 3007 928 3057; x_wconf 89' lang='lat' dir='ltr'><strong>esse,</strong></span> <span class='ocrx_word' id='word_1_326' title='bbox 982 2995 1217 3065; x_wconf 90' lang='lat' dir='ltr'><strong>inquam,</strong></span> <span class='ocrx_word' id='word_1_327' title='bbox 1271 3010 1373 3051; x_wconf 80' lang='lat' dir='ltr'><strong>non</strong></span> <span class='ocrx_word' id='word_1_328' title='bbox 1421 3006 1675 3068; x_wconf 85' lang='lat' dir='ltr'><strong>tanquam</strong></span> <span class='ocrx_word' id='word_1_329' title='bbox 1710 2999 1921 3064; x_wconf 89' lang='lat' dir='ltr'><strong>aliena,</strong></span> <span class='ocrx_word' id='word_1_330' title='bbox 1964 3004 2057 3058; x_wconf 89' lang='lat' dir='ltr'><strong>sed</strong></span> <span class='ocrx_word' id='word_1_331' title='bbox 2099 3005 2150 3058; x_wconf 91' lang='lat' dir='ltr'><strong>in</strong></span> 
     </span>
    </p>
   </div>
   <div class='ocr_carea' id='block_1_42' title="bbox 2246 1898 3813 1975">
    <p class='ocr_par' dir='ltr' id='par_1_42' title="bbox 2246 1898 3813 1975">
     <span class='ocr_line' id='line_1_42' title="bbox 2246 1898 3813 1975; baseline -0.005 -17"><span class='ocrx_word' id='word_1_332' title='bbox 2246 1905 2448 1975; x_wconf 80' lang='grc' dir='ltr'>ισχύειν</span> <span class='ocrx_word' id='word_1_333' title='bbox 2475 1904 2565 1958; x_wconf 74' lang='grc' dir='ltr'><strong>διὰ</strong></span> <span class='ocrx_word' id='word_1_334' title='bbox 2591 1904 2688 1973; x_wconf 84' lang='grc' dir='ltr'><strong>τῆς</strong></span> <span class='ocrx_word' id='word_1_335' title='bbox 2720 1903 2775 1955; x_wconf 83' lang='grc' dir='ltr'>ὲν</span> <span class='ocrx_word' id='word_1_336' title='bbox 2807 1902 2929 1972; x_wconf 75' lang='grc' dir='ltr'>ἐμοὶ</span> <span class='ocrx_word' id='word_1_337' title='bbox 2962 1902 3323 1973; x_wconf 83' lang='grc' dir='ltr'>θερμότητος·</span> <span class='ocrx_word' id='word_1_338' title='bbox 3354 1902 3412 1954; x_wconf 80' lang='grc' dir='ltr'>οὐ</span> <span class='ocrx_word' id='word_1_339' title='bbox 3446 1898 3699 1972; x_wconf 77' lang='grc' dir='ltr'><strong>χωρίζειν</strong></span> <span class='ocrx_word' id='word_1_340' title='bbox 3728 1916 3813 1963; x_wconf 83' lang='grc' dir='ltr'><strong>τις</strong></span> 
     </span>
    </p>
   </div>
   <div class='ocr_carea' id='block_1_43' title="bbox 2246 1991 3814 2067">
    <p class='ocr_par' dir='ltr' id='par_1_43' title="bbox 2246 1991 3814 2067">
     <span class='ocr_line' id='line_1_43' title="bbox 2246 1991 3814 2067; baseline -0.003 -19"><span class='ocrx_word' id='word_1_341' title='bbox 2246 1995 2499 2067; x_wconf 84' lang='grc' dir='ltr'>μεμηνὼς</span> <span class='ocrx_word' id='word_1_342' title='bbox 2554 1996 2732 2065; x_wconf 82' lang='grc' dir='ltr'>νοήσει</span> <span class='ocrx_word' id='word_1_343' title='bbox 2778 1992 2875 2064; x_wconf 81' lang='grc' dir='ltr'>τὴν</span> <span class='ocrx_word' id='word_1_344' title='bbox 2918 1992 3009 2046; x_wconf 75' lang='grc' dir='ltr'><strong>τοῦ</strong></span> <span class='ocrx_word' id='word_1_345' title='bbox 3062 1993 3213 2063; x_wconf 74' lang='grc' dir='ltr'>ἡλίου</span> <span class='ocrx_word' id='word_1_346' title='bbox 3267 1992 3562 2064; x_wconf 81' lang='grc' dir='ltr'>ὀνομασίαν</span> <span class='ocrx_word' id='word_1_347' title='bbox 3609 1991 3708 2061; x_wconf 74' lang='grc' dir='ltr'><strong>τῆς</strong></span> <span class='ocrx_word' id='word_1_348' title='bbox 3756 1991 3814 2058; x_wconf 79' lang='grc' dir='ltr'>ἐξ</span> 
     </span>
    </p>
   </div>
   <div class='ocr_carea' id='block_1_44' title="bbox 2242 2080 3815 2155">
    <p class='ocr_par' dir='ltr' id='par_1_44' title="bbox 2242 2080 3815 2155">
     <span class='ocr_line' id='line_1_44' title="bbox 2242 2080 3815 2155; baseline -0.004 -15"><span class='ocrx_word' id='word_1_349' title='bbox 2242 2086 2405 2140; x_wconf 75' lang='grc' dir='ltr'>αὐτοῦ</span> <span class='ocrx_word' id='word_1_350' title='bbox 2441 2086 2673 2154; x_wconf 78' lang='grc' dir='ltr'>φύσεως,</span> <span class='ocrx_word' id='word_1_351' title='bbox 2699 2086 2734 2155; x_wconf 83' lang='grc' dir='ltr'><strong>ἡ</strong></span> <span class='ocrx_word' id='word_1_352' title='bbox 2775 2086 2889 2137; x_wconf 74' lang='grc' dir='ltr'>ἐστι</span> <span class='ocrx_word' id='word_1_353' title='bbox 2929 2083 2989 2136; x_wconf 85' lang='grc' dir='ltr'><strong>τὸ</strong></span> <span class='ocrx_word' id='word_1_354' title='bbox 3033 2083 3171 2152; x_wconf 81' lang='grc' dir='ltr'>φῶς·</span> <span class='ocrx_word' id='word_1_355' title='bbox 3223 2083 3363 2136; x_wconf 70' lang='grc' dir='ltr'>οὕτω</span> <span class='ocrx_word' id='word_1_356' title='bbox 3404 2084 3545 2136; x_wconf 87' lang='grc' dir='ltr'>νοεῖν</span> <span class='ocrx_word' id='word_1_357' title='bbox 3595 2080 3815 2143; x_wconf 77' lang='grc' dir='ltr'>εὐσεϐὲς</span> 
     </span>
    </p>
   </div>
   <div class='ocr_carea' id='block_1_45' title="bbox 2244 2170 3810 2259">
    <p class='ocr_par' dir='ltr' id='par_1_45' title="bbox 2244 2170 3810 2259">
     <span class='ocr_line' id='line_1_45' title="bbox 2244 2170 3810 2259; baseline -0.005 -25"><span class='ocrx_word' id='word_1_358' title='bbox 2244 2180 2338 2234; x_wconf 70' lang='grc' dir='ltr'>καὶ</span> <span class='ocrx_word' id='word_1_359' title='bbox 2368 2179 2466 2250; x_wconf 86' lang='grc' dir='ltr'><strong>τὴν</strong></span> <span class='ocrx_word' id='word_1_360' title='bbox 2500 2177 2651 2231; x_wconf 82' lang='grc' dir='ltr'>θείαν</span> <span class='ocrx_word' id='word_1_361' title='bbox 2682 2176 2868 2230; x_wconf 82' lang='grc' dir='ltr'>οὐσίαν</span> <span class='ocrx_word' id='word_1_362' title='bbox 2899 2175 2992 2229; x_wconf 82' lang='grc' dir='ltr'>τοῦ</span> <span class='ocrx_word' id='word_1_363' title='bbox 3018 2175 3190 2259; x_wconf 34' lang='grc' dir='ltr'>Λόγοςυ</span> <span class='ocrx_word' id='word_1_364' title='bbox 3222 2175 3506 2247; x_wconf 81' lang='grc' dir='ltr'>ἡνωμένην</span> <span class='ocrx_word' id='word_1_365' title='bbox 3538 2173 3701 2244; x_wconf 78' lang='grc' dir='ltr'>φύσει</span> <span class='ocrx_word' id='word_1_366' title='bbox 3737 2170 3810 2243; x_wconf 80' lang='grc' dir='ltr'>τῷ</span> 
     </span>
    </p>
   </div>
   <div class='ocr_carea' id='block_1_46' title="bbox 2244 2264 3817 2338">
    <p class='ocr_par' dir='ltr' id='par_1_46' title="bbox 2244 2264 3817 2338">
     <span class='ocr_line' id='line_1_46' title="bbox 2244 2264 3817 2338; baseline -0.005 -14"><span class='ocrx_word' id='word_1_367' title='bbox 2244 2268 2434 2324; x_wconf 72' lang='grc' dir='ltr'>ἑαυτοῦ</span> <span class='ocrx_word' id='word_1_368' title='bbox 2473 2266 2665 2338; x_wconf 89' lang='grc' dir='ltr'>Πατρί.</span> <span class='ocrx_word' id='word_1_369' title='bbox 2710 2267 2817 2321; x_wconf 77' lang='grc' dir='ltr'><strong>Καὶ</strong></span> <span class='ocrx_word' id='word_1_370' title='bbox 2854 2266 2961 2336; x_wconf 77' lang='grc' dir='ltr'>γὰρ</span> <span class='ocrx_word' id='word_1_371' title='bbox 2994 2265 3052 2319; x_wconf 81' lang='grc' dir='ltr'><strong>τὸ</strong></span> <span class='ocrx_word' id='word_1_372' title='bbox 3095 2268 3152 2319; x_wconf 82' lang='grc' dir='ltr'>ὲν</span> <span class='ocrx_word' id='word_1_373' title='bbox 3202 2266 3358 2337; x_wconf 77' lang='grc' dir='ltr'>χερσὶ</span> <span class='ocrx_word' id='word_1_374' title='bbox 3392 2266 3556 2337; x_wconf 78' lang='grc' dir='ltr'>ῥητὸν</span> <span class='ocrx_word' id='word_1_375' title='bbox 3585 2264 3688 2336; x_wconf 75' lang='grc' dir='ltr'>τὴν</span> <span class='ocrx_word' id='word_1_376' title='bbox 3726 2280 3817 2317; x_wconf 90' lang='grc' dir='ltr'>σα-</span> 
     </span>
    </p>
   </div>
   <div class='ocr_carea' id='block_1_47' title="bbox 2246 2356 3815 2435">
    <p class='ocr_par' dir='ltr' id='par_1_47' title="bbox 2246 2356 3815 2435">
     <span class='ocr_line' id='line_1_47' title="bbox 2246 2356 3815 2435; baseline -0.004 -20"><span class='ocrx_word' id='word_1_377' title='bbox 2246 2365 2469 2435; x_wconf 79' lang='grc' dir='ltr'>φήνειαν</span> <span class='ocrx_word' id='word_1_378' title='bbox 2514 2360 2737 2428; x_wconf 78' lang='grc' dir='ltr'><strong>παρέξει</strong></span> <span class='ocrx_word' id='word_1_379' title='bbox 2783 2358 2877 2413; x_wconf 76' lang='grc' dir='ltr'>τοῦ</span> <span class='ocrx_word' id='word_1_380' title='bbox 2941 2359 3266 2429; x_wconf 79' lang='grc' dir='ltr'>ζητουμένου</span> <span class='ocrx_word' id='word_1_381' title='bbox 3324 2357 3693 2427; x_wconf 80' lang='grc' dir='ltr'>σαφεστάτην,</span> <span class='ocrx_word' id='word_1_382' title='bbox 3738 2356 3815 2409; x_wconf 83' lang='grc' dir='ltr'>εί-</span> 
     </span>
    </p>
   </div>
   <div class='ocr_carea' id='block_1_48' title="bbox 2246 2444 3810 2517">
    <p class='ocr_par' dir='ltr' id='par_1_48' title="bbox 2246 2444 3810 2517">
     <span class='ocr_line' id='line_1_48' title="bbox 2246 2444 3810 2517; baseline -0.005 -12"><span class='ocrx_word' id='word_1_383' title='bbox 2246 2452 2437 2514; x_wconf 79' lang='grc' dir='ltr'>πόντος</span> <span class='ocrx_word' id='word_1_384' title='bbox 2470 2450 2561 2504; x_wconf 80' lang='grc' dir='ltr'>τοῦ</span> <span class='ocrx_word' id='word_1_385' title='bbox 2607 2448 2887 2517; x_wconf 76' lang='grc' dir='ltr'><strong>Σωτῆρος·</strong></span> <span class='ocrx_word' id='word_1_386' title='bbox 2922 2447 3142 2509; x_wconf 70' lang='grc' dir='ltr'>Πάντα,</span> <span class='ocrx_word' id='word_1_387' title='bbox 3187 2446 3304 2500; x_wconf 84' lang='grc' dir='ltr'>ὅσα</span> <span class='ocrx_word' id='word_1_388' title='bbox 3348 2446 3473 2515; x_wconf 80' lang='grc' dir='ltr'>ἔχει</span> <span class='ocrx_word' id='word_1_389' title='bbox 3505 2449 3539 2499; x_wconf 85' lang='grc' dir='ltr'>ό</span> <span class='ocrx_word' id='word_1_390' title='bbox 3587 2444 3810 2512; x_wconf 81' lang='grc' dir='ltr'>Πατὴρ,</span> 
     </span>
    </p>
   </div>
   <div class='ocr_carea' id='block_1_49' title="bbox 2246 2534 3813 2613">
    <p class='ocr_par' dir='ltr' id='par_1_49' title="bbox 2246 2534 3813 2613">
     <span class='ocr_line' id='line_1_49' title="bbox 2246 2534 3813 2613; baseline -0.006 -16"><span class='ocrx_word' id='word_1_391' title='bbox 2246 2542 2359 2613; x_wconf 82' lang='grc' dir='ltr'><strong>ἐμά</strong></span> <span class='ocrx_word' id='word_1_392' title='bbox 2388 2544 2574 2606; x_wconf 78' lang='grc' dir='ltr'>ἐστιν,</span> <span class='ocrx_word' id='word_1_393' title='bbox 2613 2541 2640 2595; x_wconf 79' lang='grc' dir='ltr'>ὃ</span> <span class='ocrx_word' id='word_1_394' title='bbox 2669 2542 2819 2612; x_wconf 84' lang='grc' dir='ltr'>δηλοῖ</span> <span class='ocrx_word' id='word_1_395' title='bbox 2864 2539 3025 2593; x_wconf 73' lang='grc' dir='ltr'>αὑτὸν</span> <span class='ocrx_word' id='word_1_396' title='bbox 3059 2539 3146 2593; x_wconf 81' lang='grc' dir='ltr'><strong>ἀεὶ</strong></span> <span class='ocrx_word' id='word_1_397' title='bbox 3184 2536 3321 2591; x_wconf 73' lang='grc' dir='ltr'>εἶναι</span> <span class='ocrx_word' id='word_1_398' title='bbox 3367 2538 3465 2591; x_wconf 83' lang='grc' dir='ltr'><strong>σὺν</strong></span> <span class='ocrx_word' id='word_1_399' title='bbox 3498 2535 3578 2606; x_wconf 76' lang='grc' dir='ltr'>τῷ</span> <span class='ocrx_word' id='word_1_400' title='bbox 3610 2534 3813 2607; x_wconf 85' lang='grc' dir='ltr'>Πατρί·</span> 
     </span>
    </p>
   </div>
   <div class='ocr_carea' id='block_1_50' title="bbox 2246 2629 3818 2706">
    <p class='ocr_par' dir='ltr' id='par_1_50' title="bbox 2246 2629 3818 2706">
     <span class='ocr_line' id='line_1_50' title="bbox 2246 2629 3818 2706; baseline -0.005 -18"><span class='ocrx_word' id='word_1_401' title='bbox 2246 2636 2307 2688; x_wconf 79' lang='grc' dir='ltr'>τὸ</span> <span class='ocrx_word' id='word_1_402' title='bbox 2338 2636 2466 2706; x_wconf 77' lang='grc' dir='ltr'>γὰρ,</span> <span class='ocrx_word' id='word_1_403' title='bbox 2495 2636 2609 2688; x_wconf 80' lang='grc' dir='ltr'>ὅσα</span> <span class='ocrx_word' id='word_1_404' title='bbox 2638 2634 2789 2703; x_wconf 76' lang='grc' dir='ltr'>ἔχει,</span> <span class='ocrx_word' id='word_1_405' title='bbox 2827 2633 2925 2704; x_wconf 84' lang='grc' dir='ltr'>τὴν</span> <span class='ocrx_word' id='word_1_406' title='bbox 2962 2631 3275 2691; x_wconf 82' lang='grc' dir='ltr'>δεσποτείαν</span> <span class='ocrx_word' id='word_1_407' title='bbox 3316 2632 3539 2701; x_wconf 87' lang='grc' dir='ltr'>κρατεῖν</span> <span class='ocrx_word' id='word_1_408' title='bbox 3581 2629 3818 2681; x_wconf 86' lang='grc' dir='ltr'>δείκνυσι</span> 
     </span>
    </p>
   </div>
   <div class='ocr_carea' id='block_1_51' title="bbox 2246 2721 3820 2798">
    <p class='ocr_par' dir='ltr' id='par_1_51' title="bbox 2246 2721 3820 2798">
     <span class='ocr_line' id='line_1_51' title="bbox 2246 2721 3820 2798; baseline -0.006 -18"><span class='ocrx_word' id='word_1_409' title='bbox 2246 2727 2338 2781; x_wconf 83' lang='grc' dir='ltr'>τὸν</span> <span class='ocrx_word' id='word_1_410' title='bbox 2369 2728 2615 2798; x_wconf 80' lang='grc' dir='ltr'>Πατέρα·</span> <span class='ocrx_word' id='word_1_411' title='bbox 2648 2726 2709 2779; x_wconf 83' lang='grc' dir='ltr'>τὸ</span> <span class='ocrx_word' id='word_1_412' title='bbox 2736 2727 2812 2789; x_wconf 79' lang='grc' dir='ltr'><strong>δὲ,</strong></span> <span class='ocrx_word' id='word_1_413' title='bbox 2846 2724 2959 2793; x_wconf 82' lang='grc' dir='ltr'><strong>ἐμά</strong></span> <span class='ocrx_word' id='word_1_414' title='bbox 3006 2726 3157 2787; x_wconf 84' lang='grc' dir='ltr'>ἐστι,</span> <span class='ocrx_word' id='word_1_415' title='bbox 3201 2724 3297 2795; x_wconf 81' lang='grc' dir='ltr'>τὴν</span> <span class='ocrx_word' id='word_1_416' title='bbox 3340 2721 3647 2794; x_wconf 74' lang='grc' dir='ltr'>ἀχώριστον</span> <span class='ocrx_word' id='word_1_417' title='bbox 3691 2721 3820 2773; x_wconf 72' lang='grc' dir='ltr'>ἐνω-</span> 
     </span>
    </p>
   </div>
   <div class='ocr_carea' id='block_1_52' title="bbox 2250 2811 3821 2893">
    <p class='ocr_par' dir='ltr' id='par_1_52' title="bbox 2250 2811 3821 2893">
     <span class='ocr_line' id='line_1_52' title="bbox 2250 2811 3821 2893; baseline -0.006 -20"><span class='ocrx_word' id='word_1_418' title='bbox 2250 2836 2355 2875; x_wconf 89' lang='grc' dir='ltr'>σιν.</span> <span class='ocrx_word' id='word_1_419' title='bbox 2392 2819 2625 2888; x_wconf 82' lang='grc' dir='ltr'>Ἀνάγκη</span> <span class='ocrx_word' id='word_1_420' title='bbox 2652 2817 2828 2872; x_wconf 80' lang='grc' dir='ltr'>τοίνυν</span> <span class='ocrx_word' id='word_1_421' title='bbox 2855 2818 2992 2869; x_wconf 87' lang='grc' dir='ltr'>νοεῖν</span> <span class='ocrx_word' id='word_1_422' title='bbox 3023 2817 3170 2887; x_wconf 78' lang='grc' dir='ltr'>ἡμᾶς</span> <span class='ocrx_word' id='word_1_423' title='bbox 3204 2816 3285 2868; x_wconf 82' lang='grc' dir='ltr'><strong>ὅτι</strong></span> <span class='ocrx_word' id='word_1_424' title='bbox 3332 2812 3495 2893; x_wconf 59' lang='grc' dir='ltr'><strong>ἐστινι</strong></span> <span class='ocrx_word' id='word_1_425' title='bbox 3517 2816 3576 2866; x_wconf 86' lang='grc' dir='ltr'>ὲν</span> <span class='ocrx_word' id='word_1_426' title='bbox 3605 2811 3683 2882; x_wconf 85' lang='grc' dir='ltr'>τῷ</span> <span class='ocrx_word' id='word_1_427' title='bbox 3720 2812 3821 2865; x_wconf 90' lang='grc' dir='ltr'>Πα-</span> 
     </span>
    </p>
   </div>
   <div class='ocr_carea' id='block_1_53' title="bbox 2250 2892 3823 2981">
    <p class='ocr_par' dir='ltr' id='par_1_53' title="bbox 2250 2892 3823 2981">
     <span class='ocr_line' id='line_1_53' title="bbox 2250 2892 3823 2981; baseline -0.004 -18"><span class='ocrx_word' id='word_1_428' title='bbox 2250 2910 2339 2981; x_wconf 58' lang='lat' dir='ltr'><strong>cpi.</strong></span> <span class='ocrx_word' id='word_1_429' title='bbox 2378 2909 2443 2975; x_wconf 75' lang='grc' dir='ltr'><strong>Δτὸ</strong></span> <span class='ocrx_word' id='word_1_430' title='bbox 2484 2909 2672 2974; x_wconf 72' lang='grc' dir='ltr'>ἀΐδιον,</span> <span class='ocrx_word' id='word_1_431' title='bbox 2713 2910 2775 2965; x_wconf 79' lang='grc' dir='ltr'><strong>τὸ</strong></span> <span class='ocrx_word' id='word_1_432' title='bbox 2804 2905 3139 2975; x_wconf 58' lang='grc' dir='ltr'>αἰώνιον,τρ</span> <span class='ocrx_word' id='word_1_433' title='bbox 3170 2892 3466 2977; x_wconf 79' lang='grc' dir='ltr'>ἀθάνατον·</span> <span class='ocrx_word' id='word_1_434' title='bbox 3504 2900 3621 2967; x_wconf 69' lang='grc' dir='ltr'>ἔστι</span> <span class='ocrx_word' id='word_1_435' title='bbox 3663 2904 3719 2957; x_wconf 82' lang='grc' dir='ltr'>δὲ</span> <span class='ocrx_word' id='word_1_436' title='bbox 3764 2903 3823 2956; x_wconf 83' lang='grc' dir='ltr'>ὲν</span> 
     </span>
    </p>
   </div>
   <div class='ocr_carea' id='block_1_54' title="bbox 2251 2996 3822 3071">
    <p class='ocr_par' dir='ltr' id='par_1_54' title="bbox 2251 2996 3822 3071">
     <span class='ocr_line' id='line_1_54' title="bbox 2251 2996 3822 3071; baseline -0.005 -16"><span class='ocrx_word' id='word_1_437' title='bbox 2251 3002 2399 3071; x_wconf 81' lang='grc' dir='ltr'>αὐτῷ</span> <span class='ocrx_word' id='word_1_438' title='bbox 2429 3002 2525 3070; x_wconf 79' lang='grc' dir='ltr'><strong>οὐχ</strong></span> <span class='ocrx_word' id='word_1_439' title='bbox 2556 3001 2630 3064; x_wconf 86' lang='grc' dir='ltr'><strong>ὡς</strong></span> <span class='ocrx_word' id='word_1_440' title='bbox 2658 3001 2912 3071; x_wconf 81' lang='grc' dir='ltr'>ἀλλότρια</span> <span class='ocrx_word' id='word_1_441' title='bbox 2942 2998 3128 3063; x_wconf 79' lang='grc' dir='ltr'>αὐτοῦ,</span> <span class='ocrx_word' id='word_1_442' title='bbox 3155 2997 3266 3051; x_wconf 82' lang='grc' dir='ltr'><strong>ἀλλ’</strong></span> <span class='ocrx_word' id='word_1_443' title='bbox 3289 2996 3364 3059; x_wconf 82' lang='grc' dir='ltr'>ὡς</span> <span class='ocrx_word' id='word_1_444' title='bbox 3395 2997 3454 3049; x_wconf 84' lang='grc' dir='ltr'>ὲν</span> <span class='ocrx_word' id='word_1_445' title='bbox 3486 2998 3640 3066; x_wconf 82' lang='grc' dir='ltr'>πηγῇ</span> <span class='ocrx_word' id='word_1_446' title='bbox 3672 2996 3822 3048; x_wconf 75' lang='grc' dir='ltr'>ἐστιν</span> 
     </span>
    </p>
   </div>
   <div class='ocr_carea' id='block_1_55' title="bbox 593 3083 2157 3164">
    <p class='ocr_par' dir='ltr' id='par_1_55' title="bbox 593 3083 2151 3163">
     <span class='ocr_line' id='line_1_55' title="bbox 593 3083 2151 3163; baseline 0.01 -27"><span class='ocrx_word' id='word_1_447' title='bbox 593 3083 713 3151; x_wconf 89' lang='lat' dir='ltr'><strong>ipso</strong></span> <span class='ocrx_word' id='word_1_448' title='bbox 744 3090 798 3137; x_wconf 90' lang='lat' dir='ltr'><strong>et</strong></span> <span class='ocrx_word' id='word_1_449' title='bbox 839 3085 891 3141; x_wconf 91' lang='lat' dir='ltr'><strong>in</strong></span> <span class='ocrx_word' id='word_1_450' title='bbox 927 3086 1065 3140; x_wconf 87' lang='lat' dir='ltr'><strong>Filio</strong></span> <span class='ocrx_word' id='word_1_451' title='bbox 1086 3088 1231 3141; x_wconf 92' lang='lat' dir='ltr'><strong>velut</strong></span> <span class='ocrx_word' id='word_1_452' title='bbox 1281 3089 1333 3142; x_wconf 91' lang='lat' dir='ltr'><strong>in</strong></span> <span class='ocrx_word' id='word_1_453' title='bbox 1380 3088 1528 3145; x_wconf 83' lang='lat' dir='ltr'><strong>fonte</strong></span> <span class='ocrx_word' id='word_1_454' title='bbox 1558 3092 1817 3148; x_wconf 87' lang='lat' dir='ltr'><strong>residere.</strong></span> <span class='ocrx_word' id='word_1_455' title='bbox 1853 3094 1984 3149; x_wconf 89' lang='lat' dir='ltr'><strong>Cum</strong></span> <span class='ocrx_word' id='word_1_456' title='bbox 2021 3112 2151 3163; x_wconf 82' lang='lat' dir='ltr'><strong>ergo</strong></span> 
     </span>
    </p>
   </div>
   <div class='ocr_carea' id='block_1_56' title="bbox 2254 3083 3826 3164">
    <p class='ocr_par' dir='ltr' id='par_1_56' title="bbox 2254 3086 3826 3162">
     <span class='ocr_line' id='line_1_56' title="bbox 2254 3086 3826 3162; baseline -0.006 -16"><span class='ocrx_word' id='word_1_457' title='bbox 2254 3094 2309 3146; x_wconf 83' lang='grc' dir='ltr'>ὲν</span> <span class='ocrx_word' id='word_1_458' title='bbox 2338 3092 2486 3162; x_wconf 80' lang='grc' dir='ltr'><strong>αὑτῷ</strong></span> <span class='ocrx_word' id='word_1_459' title='bbox 2514 3090 2898 3160; x_wconf 85' lang='grc' dir='ltr'>ἀναπαυόμενα</span> <span class='ocrx_word' id='word_1_460' title='bbox 2938 3089 3031 3143; x_wconf 79' lang='grc' dir='ltr'>καὶ</span> <span class='ocrx_word' id='word_1_461' title='bbox 3069 3091 3126 3141; x_wconf 85' lang='grc' dir='ltr'>ὲν</span> <span class='ocrx_word' id='word_1_462' title='bbox 3157 3088 3233 3158; x_wconf 81' lang='grc' dir='ltr'>τῷ</span> <span class='ocrx_word' id='word_1_463' title='bbox 3270 3086 3401 3158; x_wconf 85' lang='grc' dir='ltr'><strong>Υἱῷ.</strong></span> <span class='ocrx_word' id='word_1_464' title='bbox 3436 3086 3826 3153; x_wconf 28' lang='grc' dir='ltr'>Ὀτανίτοίνυν</span> 
     </span>
    </p>
   </div>
   <div class='ocr_carea' id='block_1_57' title="bbox 588 3172 2156 3253">
    <p class='ocr_par' dir='ltr' id='par_1_57' title="bbox 588 3172 2156 3253">
     <span class='ocr_line' id='line_1_57' title="bbox 588 3172 2156 3253; baseline 0.011 -29"><span class='ocrx_word' id='word_1_465' title='bbox 588 3174 660 3226; x_wconf 91' lang='lat' dir='ltr'><strong>de</strong></span> <span class='ocrx_word' id='word_1_466' title='bbox 695 3172 831 3227; x_wconf 87' lang='lat' dir='ltr'><strong>Filio</strong></span> <span class='ocrx_word' id='word_1_467' title='bbox 863 3176 1100 3245; x_wconf 82' lang='lat' dir='ltr'><strong>cogitare</strong></span> <span class='ocrx_word' id='word_1_468' title='bbox 1134 3176 1388 3241; x_wconf 87' lang='lat' dir='ltr'><strong>volueris,</strong></span> <span class='ocrx_word' id='word_1_469' title='bbox 1420 3180 1566 3234; x_wconf 89' lang='lat' dir='ltr'><strong>disce</strong></span> <span class='ocrx_word' id='word_1_470' title='bbox 1597 3181 1745 3249; x_wconf 89' lang='lat' dir='ltr'><strong>prius</strong></span> <span class='ocrx_word' id='word_1_471' title='bbox 1768 3199 2011 3253; x_wconf 67' lang='lat' dir='ltr'><strong>quasnam</strong></span> <span class='ocrx_word' id='word_1_472' title='bbox 2048 3188 2156 3241; x_wconf 92' lang='lat' dir='ltr'><strong>sint</strong></span> 
     </span>
    </p>
   </div>
   <div class='ocr_carea' id='block_1_58' title="bbox 592 3264 2157 3334">
    <p class='ocr_par' dir='ltr' id='par_1_58' title="bbox 592 3264 2157 3334">
     <span class='ocr_line' id='line_1_58' title="bbox 592 3264 2157 3334; baseline 0.011 -18"><span class='ocrx_word' id='word_1_473' title='bbox 592 3265 648 3317; x_wconf 89' lang='lat' dir='ltr'><strong>in</strong></span> <span class='ocrx_word' id='word_1_474' title='bbox 678 3264 787 3334; x_wconf 77' lang='lat'><strong>85</strong></span> <span class='ocrx_word' id='word_1_475' title='bbox 819 3265 1000 3331; x_wconf 86' lang='lat' dir='ltr'><strong>Patre,</strong></span> <span class='ocrx_word' id='word_1_476' title='bbox 1029 3281 1201 3333; x_wconf 85' lang='lat' dir='ltr'><strong>eaque</strong></span> <span class='ocrx_word' id='word_1_477' title='bbox 1234 3269 1284 3322; x_wconf 89' lang='lat' dir='ltr'><strong>in</strong></span> <span class='ocrx_word' id='word_1_478' title='bbox 1308 3269 1447 3323; x_wconf 87' lang='lat' dir='ltr'><strong>Filio</strong></span> <span class='ocrx_word' id='word_1_479' title='bbox 1474 3272 1634 3325; x_wconf 89' lang='lat' dir='ltr'><strong>etiam</strong></span> <span class='ocrx_word' id='word_1_480' title='bbox 1664 3289 1783 3328; x_wconf 90' lang='lat' dir='ltr'><strong>esse</strong></span> <span class='ocrx_word' id='word_1_481' title='bbox 1823 3277 2047 3332; x_wconf 87' lang='lat' dir='ltr'><strong>credere</strong></span> <span class='ocrx_word' id='word_1_482' title='bbox 2088 3294 2157 3334; x_wconf 93' lang='lat' dir='ltr'><strong>ne</strong></span> 
     </span>
    </p>
   </div>
   <div class='ocr_carea' id='block_1_59' title="bbox 589 3355 2153 3432">
    <p class='ocr_par' dir='ltr' id='par_1_59' title="bbox 589 3355 2153 3432">
     <span class='ocr_line' id='line_1_59' title="bbox 589 3355 2153 3432; baseline 0.01 -25"><span class='ocrx_word' id='word_1_483' title='bbox 589 3355 829 3410; x_wconf 89' lang='lat' dir='ltr'><strong>dubites.</strong></span> <span class='ocrx_word' id='word_1_484' title='bbox 870 3356 1053 3425; x_wconf 90' lang='lat' dir='ltr'><strong>Itaque</strong></span> <span class='ocrx_word' id='word_1_485' title='bbox 1086 3359 1129 3412; x_wconf 91' lang='lat' dir='ltr'><strong>si</strong></span> <span class='ocrx_word' id='word_1_486' title='bbox 1172 3358 1332 3414; x_wconf 89' lang='lat' dir='ltr'><strong>Pater</strong></span> <span class='ocrx_word' id='word_1_487' title='bbox 1370 3378 1455 3417; x_wconf 89' lang='lat' dir='ltr'><strong>res</strong></span> <span class='ocrx_word' id='word_1_488' title='bbox 1493 3372 1577 3416; x_wconf 97' lang='grc' dir='ltr'><strong>εει</strong></span> <span class='ocrx_word' id='word_1_489' title='bbox 1616 3376 1797 3419; x_wconf 89' lang='lat' dir='ltr'><strong>creata</strong></span> <span class='ocrx_word' id='word_1_490' title='bbox 1848 3366 1931 3419; x_wconf 87' lang='lat' dir='ltr'><strong>vel</strong></span> <span class='ocrx_word' id='word_1_491' title='bbox 1972 3368 2112 3421; x_wconf 82' lang='lat' dir='ltr'><strong>facta</strong></span> <span class='ocrx_word' id='word_1_492' title='bbox 2138 3406 2153 3432; x_wconf 90' lang='lat'><strong>,</strong></span> 
     </span>
    </p>
   </div>
   <div class='ocr_carea' id='block_1_60' title="bbox 597 3447 2158 3516">
    <p class='ocr_par' dir='ltr' id='par_1_60' title="bbox 597 3447 2158 3516">
     <span class='ocr_line' id='line_1_60' title="bbox 597 3447 2158 3516; baseline 0.01 -17"><span class='ocrx_word' id='word_1_493' title='bbox 597 3447 712 3500; x_wconf 66' lang='lat' dir='ltr'><strong>haec</strong></span> <span class='ocrx_word' id='word_1_494' title='bbox 769 3464 982 3516; x_wconf 89' lang='lat' dir='ltr'><strong>quoque</strong></span> <span class='ocrx_word' id='word_1_495' title='bbox 1023 3450 1158 3505; x_wconf 86' lang='lat' dir='ltr'><strong>Filio</strong></span> <span class='ocrx_word' id='word_1_496' title='bbox 1190 3454 1420 3507; x_wconf 87' lang='lat' dir='ltr'><strong>ascribe.</strong></span> <span class='ocrx_word' id='word_1_497' title='bbox 1474 3454 1530 3508; x_wconf 91' lang='lat' dir='ltr'><strong>Si</strong></span> <span class='ocrx_word' id='word_1_498' title='bbox 1576 3456 1703 3509; x_wconf 89' lang='lat' dir='ltr'><strong>item</strong></span> <span class='ocrx_word' id='word_1_499' title='bbox 1736 3456 1801 3508; x_wconf 90' lang='lat' dir='ltr'><strong>de</strong></span> <span class='ocrx_word' id='word_1_500' title='bbox 1839 3457 1995 3512; x_wconf 83' lang='lat' dir='ltr'><strong>Patre</strong></span> <span class='ocrx_word' id='word_1_501' title='bbox 2028 3460 2158 3513; x_wconf 89' lang='lat' dir='ltr'><strong>licet</strong></span> 
     </span>
    </p>
   </div>
   <div class='ocr_carea' id='block_1_61' title="bbox 600 3537 2155 3616">
    <p class='ocr_par' dir='ltr' id='par_1_61' title="bbox 600 3537 2155 3616">
     <span class='ocr_line' id='line_1_61' title="bbox 600 3537 2155 3616; baseline 0.01 -27"><span class='ocrx_word' id='word_1_502' title='bbox 600 3537 801 3602; x_wconf 90' lang='lat' dir='ltr'><strong>dicere,</strong></span> <span class='ocrx_word' id='word_1_503' title='bbox 851 3538 952 3592; x_wconf 83' lang='lat' dir='ltr'><strong>fuit</strong></span> <span class='ocrx_word' id='word_1_504' title='bbox 999 3539 1285 3610; x_wconf 88' lang='lat' dir='ltr'><strong>aliquando</strong></span> <span class='ocrx_word' id='word_1_505' title='bbox 1335 3552 1542 3612; x_wconf 90' lang='lat' dir='ltr'><strong>tempus</strong></span> <span class='ocrx_word' id='word_1_506' title='bbox 1582 3561 1701 3601; x_wconf 88' lang='lat' dir='ltr'><strong>cum</strong></span> <span class='ocrx_word' id='word_1_507' title='bbox 1740 3562 1843 3601; x_wconf 90' lang='lat' dir='ltr'><strong>non</strong></span> <span class='ocrx_word' id='word_1_508' title='bbox 1878 3561 2040 3616; x_wconf 89' lang='lat' dir='ltr'><strong>esset,</strong></span> <span class='ocrx_word' id='word_1_509' title='bbox 2074 3552 2155 3606; x_wconf 91' lang='lat' dir='ltr'><strong>vel</strong></span> 
     </span>
    </p>
   </div>
   <div class='ocr_carea' id='block_1_62' title="bbox 596 3629 2156 3697">
    <p class='ocr_par' dir='ltr' id='par_1_62' title="bbox 596 3629 2156 3697">
     <span class='ocr_line' id='line_1_62' title="bbox 596 3629 2156 3697; baseline 0.009 -15"><span class='ocrx_word' id='word_1_510' title='bbox 596 3636 679 3682; x_wconf 88' lang='lat' dir='ltr'><strong>est</strong></span> <span class='ocrx_word' id='word_1_511' title='bbox 707 3642 775 3681; x_wconf 80' lang='lat' dir='ltr'><strong>ex</strong></span> <span class='ocrx_word' id='word_1_512' title='bbox 804 3629 976 3682; x_wconf 85' lang='lat' dir='ltr'><strong>nihilo</strong></span> <span class='ocrx_word' id='word_1_513' title='bbox 1008 3648 1021 3683; x_wconf 91' lang='lat'>:</span> <span class='ocrx_word' id='word_1_514' title='bbox 1058 3630 1109 3685; x_wconf 87' lang='lat' dir='ltr'><strong>id</strong></span> <span class='ocrx_word' id='word_1_515' title='bbox 1139 3633 1300 3685; x_wconf 89' lang='lat' dir='ltr'><strong>etiam</strong></span> <span class='ocrx_word' id='word_1_516' title='bbox 1328 3633 1395 3686; x_wconf 94' lang='lat' dir='ltr'><strong>de</strong></span> <span class='ocrx_word' id='word_1_517' title='bbox 1420 3634 1554 3688; x_wconf 86' lang='lat' dir='ltr'><strong>Filio</strong></span> <span class='ocrx_word' id='word_1_518' title='bbox 1594 3636 1828 3692; x_wconf 86' lang='lat' dir='ltr'><strong>dicatur.</strong></span> <span class='ocrx_word' id='word_1_519' title='bbox 1863 3638 1955 3693; x_wconf 91' lang='lat' dir='ltr'><strong>Sin</strong></span> <span class='ocrx_word' id='word_1_520' title='bbox 1979 3650 2156 3697; x_wconf 87' lang='lat' dir='ltr'><strong>autem</strong></span> 
     </span>
    </p>
   </div>
   <div class='ocr_carea' id='block_1_63' title="bbox 598 3716 2158 3793">
    <p class='ocr_par' dir='ltr' id='par_1_63' title="bbox 598 3716 2158 3793">
     <span class='ocr_line' id='line_1_63' title="bbox 598 3716 2158 3793; baseline 0.008 -24"><span class='ocrx_word' id='word_1_521' title='bbox 598 3717 716 3790; x_wconf 53' lang='lat' dir='ltr'><strong>[nec</strong></span> <span class='ocrx_word' id='word_1_522' title='bbox 744 3717 799 3771; x_wconf 89' lang='lat' dir='ltr'><strong>in</strong></span> <span class='ocrx_word' id='word_1_523' title='bbox 822 3716 982 3771; x_wconf 90' lang='lat' dir='ltr'><strong>Patre</strong></span> <span class='ocrx_word' id='word_1_524' title='bbox 1005 3732 1122 3773; x_wconf 89' lang='lat' dir='ltr'><strong>esse</strong></span> <span class='ocrx_word' id='word_1_525' title='bbox 1149 3722 1354 3789; x_wconf 86' lang='lat' dir='ltr'><strong>absque</strong></span> <span class='ocrx_word' id='word_1_526' title='bbox 1376 3721 1656 3789; x_wconf 87' lang='lat' dir='ltr'><strong>impietate</strong></span> <span class='ocrx_word' id='word_1_527' title='bbox 1682 3724 1785 3778; x_wconf 90' lang='lat' dir='ltr'><strong>dici</strong></span> <span class='ocrx_word' id='word_1_528' title='bbox 1824 3741 1927 3780; x_wconf 92' lang='lat' dir='ltr'><strong>non</strong></span> <span class='ocrx_word' id='word_1_529' title='bbox 1961 3736 2158 3793; x_wconf 87' lang='lat' dir='ltr'><strong>potest,</strong></span> 
     </span>
    </p>
   </div>
   <div class='ocr_carea' id='block_1_64' title="bbox 597 3810 2160 3887">
    <p class='ocr_par' dir='ltr' id='par_1_64' title="bbox 597 3810 2160 3887">
     <span class='ocr_line' id='line_1_64' title="bbox 597 3810 2160 3887; baseline 0.006 -23"><span class='ocrx_word' id='word_1_530' title='bbox 597 3824 661 3864; x_wconf 91' lang='lat' dir='ltr'><strong>ea</strong></span> <span class='ocrx_word' id='word_1_531' title='bbox 692 3825 907 3878; x_wconf 88' lang='lat' dir='ltr'><strong>quoque</strong></span> <span class='ocrx_word' id='word_1_532' title='bbox 928 3810 1069 3866; x_wconf 88' lang='lat' dir='ltr'><strong>Filio</strong></span> <span class='ocrx_word' id='word_1_533' title='bbox 1096 3812 1350 3881; x_wconf 75' lang='lat' dir='ltr'><strong>alﬁngere</strong></span> <span class='ocrx_word' id='word_1_534' title='bbox 1377 3813 1599 3882; x_wconf 88' lang='lat' dir='ltr'><strong>impium</strong></span> <span class='ocrx_word' id='word_1_535' title='bbox 1646 3830 1776 3869; x_wconf 87' lang='lat' dir='ltr'><strong>sane</strong></span> <span class='ocrx_word' id='word_1_536' title='bbox 1807 3817 1991 3872; x_wconf 87' lang='lat' dir='ltr'><strong>luerit.</strong></span> <span class='ocrx_word' id='word_1_537' title='bbox 2030 3819 2160 3887; x_wconf 61' lang='lat' dir='ltr'><strong>Quae</strong></span> 
     </span>
    </p>
   </div>
   <div class='ocr_carea' id='block_1_65' title="bbox 598 3902 2158 3976">
    <p class='ocr_par' dir='ltr' id='par_1_65' title="bbox 598 3902 2158 3976">
     <span class='ocr_line' id='line_1_65' title="bbox 598 3902 2158 3976; baseline 0.006 -21"><span class='ocrx_word' id='word_1_538' title='bbox 598 3902 746 3955; x_wconf 88' lang='lat' dir='ltr'><strong>enim</strong></span> <span class='ocrx_word' id='word_1_539' title='bbox 782 3902 960 3957; x_wconf 87' lang='lat' dir='ltr'><strong>Patris</strong></span> <span class='ocrx_word' id='word_1_540' title='bbox 990 3914 1138 3967; x_wconf 89' lang='lat' dir='ltr'><strong>sunt,</strong></span> <span class='ocrx_word' id='word_1_541' title='bbox 1167 3904 1284 3959; x_wconf 75' lang='lat' dir='ltr'><strong>haec</strong></span> <span class='ocrx_word' id='word_1_542' title='bbox 1300 3914 1355 3959; x_wconf 88' lang='lat' dir='ltr'><strong>et</strong></span> <span class='ocrx_word' id='word_1_543' title='bbox 1380 3906 1447 3959; x_wconf 88' lang='lat' dir='ltr'><strong>ad</strong></span> <span class='ocrx_word' id='word_1_544' title='bbox 1475 3906 1666 3960; x_wconf 84' lang='lat' dir='ltr'><strong>Filium</strong></span> <span class='ocrx_word' id='word_1_545' title='bbox 1700 3910 1988 3976; x_wconf 88' lang='lat' dir='ltr'><strong>pertinent.</strong></span> <span class='ocrx_word' id='word_1_546' title='bbox 2025 3910 2158 3965; x_wconf 85' lang='lat' dir='ltr'><strong>Nam</strong></span> 
     </span>
    </p>
   </div>
   <div class='ocr_carea' id='block_1_66' title="bbox 596 3992 2156 4066">
    <p class='ocr_par' dir='ltr' id='par_1_66' title="bbox 596 3992 2156 4066">
     <span class='ocr_line' id='line_1_66' title="bbox 596 3992 2156 4066; baseline 0.01 -23"><span class='ocrx_word' id='word_1_547' title='bbox 596 3993 693 4062; x_wconf 80' lang='lat' dir='ltr'><strong>qui</strong></span> <span class='ocrx_word' id='word_1_548' title='bbox 732 3992 926 4047; x_wconf 86' lang='lat' dir='ltr'><strong>Filium</strong></span> <span class='ocrx_word' id='word_1_549' title='bbox 976 3995 1232 4057; x_wconf 89' lang='lat' dir='ltr'><strong>honorat,</strong></span> <span class='ocrx_word' id='word_1_550' title='bbox 1276 3994 1489 4051; x_wconf 86' lang='lat' dir='ltr'><strong>Patrem</strong></span> <span class='ocrx_word' id='word_1_551' title='bbox 1515 3998 1605 4066; x_wconf 91' lang='lat' dir='ltr'><strong>qui</strong></span> <span class='ocrx_word' id='word_1_552' title='bbox 1637 4012 1759 4052; x_wconf 89' lang='lat' dir='ltr'><strong>eum</strong></span> <span class='ocrx_word' id='word_1_553' title='bbox 1800 4001 1947 4057; x_wconf 91' lang='lat' dir='ltr'><strong>misit</strong></span> <span class='ocrx_word' id='word_1_554' title='bbox 1980 4002 2156 4057; x_wconf 88' lang='lat' dir='ltr'><strong>bono-</strong></span> 
     </span>
    </p>
   </div>
   <div class='ocr_carea' id='block_1_67' title="bbox 600 4084 2161 4156">
    <p class='ocr_par' dir='ltr' id='par_1_67' title="bbox 600 4084 2161 4156">
     <span class='ocr_line' id='line_1_67' title="bbox 600 4084 2161 4156; baseline 0.008 -19"><span class='ocrx_word' id='word_1_555' title='bbox 600 4092 717 4137; x_wconf 85' lang='lat' dir='ltr'><strong>rat:</strong></span> <span class='ocrx_word' id='word_1_556' title='bbox 746 4092 800 4137; x_wconf 92' lang='lat' dir='ltr'><strong>et</strong></span> <span class='ocrx_word' id='word_1_557' title='bbox 820 4084 911 4153; x_wconf 90' lang='lat' dir='ltr'><strong>qui</strong></span> <span class='ocrx_word' id='word_1_558' title='bbox 951 4085 1143 4139; x_wconf 88' lang='lat' dir='ltr'><strong>Filimn</strong></span> <span class='ocrx_word' id='word_1_559' title='bbox 1174 4087 1386 4156; x_wconf 90' lang='lat' dir='ltr'><strong>recipit,</strong></span> <span class='ocrx_word' id='word_1_560' title='bbox 1419 4087 1631 4143; x_wconf 87' lang='lat' dir='ltr'><strong>Patrem</strong></span> <span class='ocrx_word' id='word_1_561' title='bbox 1661 4106 1783 4146; x_wconf 86' lang='lat' dir='ltr'><strong>curn</strong></span> <span class='ocrx_word' id='word_1_562' title='bbox 1812 4093 1999 4149; x_wconf 91' lang='lat' dir='ltr'><strong>eodem</strong></span> <span class='ocrx_word' id='word_1_563' title='bbox 2024 4096 2161 4151; x_wconf 89' lang='lat' dir='ltr'><strong>reci-</strong></span> 
     </span>
    </p>
   </div>
   <div class='ocr_carea' id='block_1_68' title="bbox 600 4174 2159 4249">
    <p class='ocr_par' dir='ltr' id='par_1_68' title="bbox 600 4174 2159 4249">
     <span class='ocr_line' id='line_1_68' title="bbox 600 4174 2159 4249; baseline 0.009 -21"><span class='ocrx_word' id='word_1_564' title='bbox 600 4175 760 4244; x_wconf 78' lang='lat' dir='ltr'><strong>pit“.</strong></span> <span class='ocrx_word' id='word_1_565' title='bbox 782 4174 1057 4246; x_wconf 85' lang='lat' dir='ltr'><strong>Siquidem</strong></span> <span class='ocrx_word' id='word_1_566' title='bbox 1088 4180 1178 4249; x_wconf 92' lang='lat' dir='ltr'><strong>qui</strong></span> <span class='ocrx_word' id='word_1_567' title='bbox 1208 4180 1349 4234; x_wconf 83' lang='lat' dir='ltr'><strong>videt</strong></span> <span class='ocrx_word' id='word_1_568' title='bbox 1368 4179 1583 4249; x_wconf 86' lang='lat' dir='ltr'><strong>Filium,</strong></span> <span class='ocrx_word' id='word_1_569' title='bbox 1602 4182 1744 4238; x_wconf 87' lang='lat' dir='ltr'><strong>videt</strong></span> <span class='ocrx_word' id='word_1_570' title='bbox 1772 4194 1826 4240; x_wconf 89' lang='lat' dir='ltr'><strong>et</strong></span> <span class='ocrx_word' id='word_1_571' title='bbox 1855 4186 2069 4242; x_wconf 88' lang='lat' dir='ltr'><strong>Patrem</strong></span> <span class='ocrx_word' id='word_1_572' title='bbox 2089 4188 2159 4241; x_wconf 84' lang='grc'><strong>⁸⁸.</strong></span> 
     </span>
    </p>
   </div>
   <div class='ocr_carea' id='block_1_69' title="bbox 599 4266 2163 4341">
    <p class='ocr_par' dir='ltr' id='par_1_69' title="bbox 599 4266 2163 4341">
     <span class='ocr_line' id='line_1_69' title="bbox 599 4266 2163 4341; baseline 0.008 -21"><span class='ocrx_word' id='word_1_573' title='bbox 599 4266 866 4332; x_wconf 83' lang='lat' dir='ltr'><strong>Quocirca</strong></span> <span class='ocrx_word' id='word_1_574' title='bbox 906 4279 963 4323; x_wconf 92' lang='lat' dir='ltr'><strong>ut</strong></span> <span class='ocrx_word' id='word_1_575' title='bbox 1003 4269 1167 4325; x_wconf 83' lang='lat' dir='ltr'><strong>Pater</strong></span> <span class='ocrx_word' id='word_1_576' title='bbox 1217 4287 1322 4325; x_wconf 90' lang='lat' dir='ltr'><strong>non</strong></span> <span class='ocrx_word' id='word_1_577' title='bbox 1369 4281 1452 4327; x_wconf 88' lang='lat' dir='ltr'><strong>est</strong></span> <span class='ocrx_word' id='word_1_578' title='bbox 1482 4288 1568 4329; x_wconf 89' lang='lat' dir='ltr'><strong>res</strong></span> <span class='ocrx_word' id='word_1_579' title='bbox 1604 4285 1808 4341; x_wconf 88' lang='lat' dir='ltr'><strong>creata,</strong></span> <span class='ocrx_word' id='word_1_580' title='bbox 1838 4277 1907 4330; x_wconf 90' lang='lat' dir='ltr'><strong>ita</strong></span> <span class='ocrx_word' id='word_1_581' title='bbox 1940 4293 2039 4332; x_wconf 90' lang='lat' dir='ltr'><strong>nec</strong></span> <span class='ocrx_word' id='word_1_582' title='bbox 2071 4278 2163 4333; x_wconf 87' lang='lat' dir='ltr'><strong>Fi-</strong></span> 
     </span>
    </p>
   </div>
   <div class='ocr_carea' id='block_1_70' title="bbox 600 4358 2159 4438">
    <p class='ocr_par' dir='ltr' id='par_1_70' title="bbox 600 4358 2159 4438">
     <span class='ocr_line' id='line_1_70' title="bbox 600 4358 2159 4438; baseline 0.008 -27"><span class='ocrx_word' id='word_1_583' title='bbox 600 4358 744 4427; x_wconf 90' lang='lat' dir='ltr'><strong>lius;</strong></span> <span class='ocrx_word' id='word_1_584' title='bbox 788 4370 950 4431; x_wconf 87' lang='lat' dir='ltr'><strong>atque</strong></span> <span class='ocrx_word' id='word_1_585' title='bbox 996 4371 1055 4418; x_wconf 90' lang='lat' dir='ltr'><strong>ut</strong></span> <span class='ocrx_word' id='word_1_586' title='bbox 1105 4364 1171 4418; x_wconf 93' lang='lat' dir='ltr'><strong>de</strong></span> <span class='ocrx_word' id='word_1_587' title='bbox 1203 4364 1293 4419; x_wconf 91' lang='lat' dir='ltr'><strong>illo</strong></span> <span class='ocrx_word' id='word_1_588' title='bbox 1319 4364 1422 4419; x_wconf 90' lang='lat' dir='ltr'><strong>dici</strong></span> <span class='ocrx_word' id='word_1_589' title='bbox 1468 4369 1673 4436; x_wconf 86' lang='lat' dir='ltr'><strong>nequit,</strong></span> <span class='ocrx_word' id='word_1_590' title='bbox 1711 4368 1812 4422; x_wconf 82' lang='lat' dir='ltr'><strong>iuit</strong></span> <span class='ocrx_word' id='word_1_591' title='bbox 1851 4370 2159 4438; x_wconf 86' lang='lat' dir='ltr'><strong>aliquando,</strong></span> 
     </span>
    </p>
   </div>
   <div class='ocr_carea' id='block_1_71' title="bbox 2255 3164 3826 3252">
    <p class='ocr_par' dir='ltr' id='par_1_71' title="bbox 2255 3164 3826 3252">
     <span class='ocr_line' id='line_1_71' title="bbox 2255 3164 3826 3252; baseline -0.003 -18"><span class='ocrx_word' id='word_1_592' title='bbox 2255 3181 2384 3252; x_wconf 77' lang='grc' dir='ltr'>περὶ</span> <span class='ocrx_word' id='word_1_593' title='bbox 2414 3179 2543 3233; x_wconf 83' lang='grc' dir='ltr'><strong>Υίοῦ</strong></span> <span class='ocrx_word' id='word_1_594' title='bbox 2590 3181 2731 3232; x_wconf 87' lang='grc' dir='ltr'>νοεῖν</span> <span class='ocrx_word' id='word_1_595' title='bbox 2771 3178 2961 3250; x_wconf 77' lang='grc' dir='ltr'>ἐθέλῃς</span> <span class='ocrx_word' id='word_1_596' title='bbox 2997 3179 3106 3249; x_wconf 83' lang='grc'><strong>(75)</strong></span> <span class='ocrx_word' id='word_1_597' title='bbox 3142 3176 3324 3249; x_wconf 88' lang='grc' dir='ltr'>μαθὼν</span> <span class='ocrx_word' id='word_1_598' title='bbox 3361 3174 3480 3229; x_wconf 80' lang='grc' dir='ltr'>τίνα</span> <span class='ocrx_word' id='word_1_599' title='bbox 3512 3164 3736 3237; x_wconf 63' lang='grc' dir='ltr'>ἐστιτὰ</span> <span class='ocrx_word' id='word_1_600' title='bbox 3768 3176 3826 3229; x_wconf 85' lang='grc' dir='ltr'>ὲν</span> 
     </span>
    </p>
   </div>
   <div class='ocr_carea' id='block_1_72' title="bbox 2224 3263 3827 3343">
    <p class='ocr_par' dir='ltr' id='par_1_72' title="bbox 2224 3263 3827 3343">
     <span class='ocr_line' id='line_1_72' title="bbox 2224 3263 3827 3343; baseline -0.004 -18"><span class='ocrx_word' id='word_1_601' title='bbox 2224 3272 2330 3342; x_wconf 82' lang='grc' dir='ltr'><strong>-τῷ</strong></span> <span class='ocrx_word' id='word_1_602' title='bbox 2361 3273 2552 3343; x_wconf 73' lang='grc' dir='ltr'>Πατρὶ,</span> <span class='ocrx_word' id='word_1_603' title='bbox 2597 3270 2769 3324; x_wconf 79' lang='grc' dir='ltr'>ταῦτα</span> <span class='ocrx_word' id='word_1_604' title='bbox 2811 3270 2904 3324; x_wconf 72' lang='grc' dir='ltr'><strong>καὶ</strong></span> <span class='ocrx_word' id='word_1_605' title='bbox 2938 3273 2995 3323; x_wconf 79' lang='grc' dir='ltr'><strong>ἐν</strong></span> <span class='ocrx_word' id='word_1_606' title='bbox 3032 3270 3110 3340; x_wconf 78' lang='grc' dir='ltr'><strong>τῷ</strong></span> <span class='ocrx_word' id='word_1_607' title='bbox 3149 3268 3261 3340; x_wconf 54' lang='lat' dir='ltr'><strong>Tit?)</strong></span> <span class='ocrx_word' id='word_1_608' title='bbox 3304 3263 3733 3323; x_wconf 62' lang='grc' dir='ltr'>εἶναιέπίστευε.</span> <span class='ocrx_word' id='word_1_609' title='bbox 3765 3266 3827 3319; x_wconf 75' lang='grc' dir='ltr'><strong>Εἰ</strong></span> 
     </span>
    </p>
   </div>
   <div class='ocr_carea' id='block_1_73' title="bbox 2259 3355 3828 3433">
    <p class='ocr_par' dir='ltr' id='par_1_73' title="bbox 2259 3355 3828 3433">
     <span class='ocr_line' id='line_1_73' title="bbox 2259 3355 3828 3433; baseline -0.004 -18"><span class='ocrx_word' id='word_1_610' title='bbox 2259 3363 2357 3433; x_wconf 81' lang='grc' dir='ltr'><strong>μὲν</strong></span> <span class='ocrx_word' id='word_1_611' title='bbox 2393 3358 2485 3416; x_wconf 79' lang='grc' dir='ltr'><strong>οὖν</strong></span> <span class='ocrx_word' id='word_1_612' title='bbox 2520 3362 2723 3433; x_wconf 86' lang='grc' dir='ltr'>κτίσμα</span> <span class='ocrx_word' id='word_1_613' title='bbox 2750 3362 2898 3415; x_wconf 73' lang='grc' dir='ltr'>ἐστὶν</span> <span class='ocrx_word' id='word_1_614' title='bbox 2920 3364 2948 3415; x_wconf 85' lang='grc' dir='ltr'>ὁ</span> <span class='ocrx_word' id='word_1_615' title='bbox 2974 3361 3159 3431; x_wconf 78' lang='grc' dir='ltr'>Πατὴρ</span> <span class='ocrx_word' id='word_1_616' title='bbox 3188 3360 3221 3429; x_wconf 84' lang='grc' dir='ltr'>ἢ</span> <span class='ocrx_word' id='word_1_617' title='bbox 3252 3360 3478 3428; x_wconf 86' lang='grc' dir='ltr'>ποίημα,</span> <span class='ocrx_word' id='word_1_618' title='bbox 3511 3358 3629 3411; x_wconf 75' lang='grc' dir='ltr'>ἔστι</span> <span class='ocrx_word' id='word_1_619' title='bbox 3659 3355 3828 3410; x_wconf 78' lang='grc' dir='ltr'>ταῦτα</span> 
     </span>
    </p>
   </div>
   <div class='ocr_carea' id='block_1_74' title="bbox 2256 3446 3831 3524">
    <p class='ocr_par' dir='ltr' id='par_1_74' title="bbox 2256 3446 3831 3524">
     <span class='ocr_line' id='line_1_74' title="bbox 2256 3446 3831 3524; baseline -0.005 -18"><span class='ocrx_word' id='word_1_620' title='bbox 2256 3453 2351 3507; x_wconf 69' lang='grc' dir='ltr'>καὶ</span> <span class='ocrx_word' id='word_1_621' title='bbox 2380 3454 2436 3505; x_wconf 82' lang='grc' dir='ltr'>ὲν</span> <span class='ocrx_word' id='word_1_622' title='bbox 2470 3453 2545 3523; x_wconf 81' lang='grc' dir='ltr'>τῷ</span> <span class='ocrx_word' id='word_1_623' title='bbox 2575 3453 2721 3524; x_wconf 86' lang='grc' dir='ltr'>Υίῷ·</span> <span class='ocrx_word' id='word_1_624' title='bbox 2762 3453 2857 3506; x_wconf 80' lang='grc' dir='ltr'><strong>καὶ</strong></span> <span class='ocrx_word' id='word_1_625' title='bbox 2888 3453 2936 3504; x_wconf 85' lang='grc' dir='ltr'><strong>εί</strong></span> <span class='ocrx_word' id='word_1_626' title='bbox 2979 3450 3195 3521; x_wconf 87' lang='grc' dir='ltr'>θεμιτὸν</span> <span class='ocrx_word' id='word_1_627' title='bbox 3236 3450 3409 3501; x_wconf 84' lang='grc' dir='ltr'>εἰπεῖν</span> <span class='ocrx_word' id='word_1_628' title='bbox 3443 3448 3539 3501; x_wconf 78' lang='grc' dir='ltr'><strong>ἐπὶ</strong></span> <span class='ocrx_word' id='word_1_629' title='bbox 3587 3446 3684 3499; x_wconf 79' lang='grc' dir='ltr'>τοῦ</span> <span class='ocrx_word' id='word_1_630' title='bbox 3719 3448 3831 3499; x_wconf 79' lang='grc' dir='ltr'>Πα-</span> 
     </span>
    </p>
   </div>
   <div class='ocr_carea' id='block_1_75' title="bbox 2255 3538 3831 3616">
    <p class='ocr_par' dir='ltr' id='par_1_75' title="bbox 2255 3538 3831 3616">
     <span class='ocr_line' id='line_1_75' title="bbox 2255 3538 3831 3616; baseline -0.004 -18"><span class='ocrx_word' id='word_1_631' title='bbox 2255 3546 2401 3616; x_wconf 78' lang='grc' dir='ltr'>τρὸς,</span> <span class='ocrx_word' id='word_1_632' title='bbox 2436 3540 2503 3615; x_wconf 86' lang='grc' dir='ltr'>ἦν</span> <span class='ocrx_word' id='word_1_633' title='bbox 2528 3562 2676 3608; x_wconf 87' lang='grc' dir='ltr'>ποτε,</span> <span class='ocrx_word' id='word_1_634' title='bbox 2704 3545 2793 3597; x_wconf 81' lang='grc' dir='ltr'><strong>ὅτε</strong></span> <span class='ocrx_word' id='word_1_635' title='bbox 2828 3544 2927 3597; x_wconf 86' lang='grc' dir='ltr'><strong>οὐκ</strong></span> <span class='ocrx_word' id='word_1_636' title='bbox 2952 3538 3040 3611; x_wconf 82' lang='grc' dir='ltr'>ἦν,</span> <span class='ocrx_word' id='word_1_637' title='bbox 3069 3542 3101 3613; x_wconf 86' lang='grc' dir='ltr'>ἢ</span> <span class='ocrx_word' id='word_1_638' title='bbox 3133 3541 3190 3608; x_wconf 79' lang='grc' dir='ltr'><strong>ἐξ</strong></span> <span class='ocrx_word' id='word_1_639' title='bbox 3212 3542 3309 3594; x_wconf 79' lang='grc' dir='ltr'><strong>οὐκ</strong></span> <span class='ocrx_word' id='word_1_640' title='bbox 3342 3540 3511 3593; x_wconf 79' lang='grc' dir='ltr'>ὄντων</span> <span class='ocrx_word' id='word_1_641' title='bbox 3534 3556 3549 3571; x_wconf 95' lang='grc'><strong>·</strong></span> <span class='ocrx_word' id='word_1_642' title='bbox 3585 3538 3831 3608; x_wconf 76' lang='grc' dir='ltr'>λεγέσθω</span> 
     </span>
    </p>
   </div>
   <div class='ocr_carea' id='block_1_76' title="bbox 2255 3632 3832 3696">
    <p class='ocr_par' dir='ltr' id='par_1_76' title="bbox 2255 3632 3832 3696">
     <span class='ocr_line' id='line_1_76' title="bbox 2255 3632 3832 3696; baseline -0.004 -5"><span class='ocrx_word' id='word_1_643' title='bbox 2255 3637 2411 3691; x_wconf 80' lang='grc' dir='ltr'>τοῦτο</span> <span class='ocrx_word' id='word_1_644' title='bbox 2445 3638 2537 3691; x_wconf 80' lang='grc' dir='ltr'>καὶ</span> <span class='ocrx_word' id='word_1_645' title='bbox 2586 3638 2679 3690; x_wconf 74' lang='grc' dir='ltr'>ἐπὶ</span> <span class='ocrx_word' id='word_1_646' title='bbox 2722 3635 2817 3689; x_wconf 83' lang='grc' dir='ltr'>τοῦ</span> <span class='ocrx_word' id='word_1_647' title='bbox 2866 3635 3016 3689; x_wconf 78' lang='grc' dir='ltr'><strong>Υἰοῦ.</strong></span> <span class='ocrx_word' id='word_1_648' title='bbox 3046 3636 3108 3688; x_wconf 85' lang='grc' dir='ltr'>Εί</span> <span class='ocrx_word' id='word_1_649' title='bbox 3151 3634 3207 3687; x_wconf 79' lang='grc' dir='ltr'>δὲ</span> <span class='ocrx_word' id='word_1_650' title='bbox 3251 3632 3443 3696; x_wconf 84' lang='grc' dir='ltr'>ἀσεϐές</span> <span class='ocrx_word' id='word_1_651' title='bbox 3494 3634 3613 3685; x_wconf 76' lang='grc' dir='ltr'>ἐστι</span> <span class='ocrx_word' id='word_1_652' title='bbox 3661 3632 3832 3686; x_wconf 79' lang='grc' dir='ltr'>ταῦτα</span> 
     </span>
    </p>
   </div>
   <div class='ocr_carea' id='block_1_77' title="bbox 2257 3723 3831 3799">
    <p class='ocr_par' dir='ltr' id='par_1_77' title="bbox 2257 3723 3831 3799">
     <span class='ocr_line' id='line_1_77' title="bbox 2257 3723 3831 3799; baseline -0.002 -20"><span class='ocrx_word' id='word_1_653' title='bbox 2257 3729 2434 3796; x_wconf 79' lang='grc' dir='ltr'>λέγειν</span> <span class='ocrx_word' id='word_1_654' title='bbox 2471 3730 2527 3781; x_wconf 86' lang='grc' dir='ltr'><strong>έν</strong></span> <span class='ocrx_word' id='word_1_655' title='bbox 2554 3728 2632 3798; x_wconf 84' lang='grc' dir='ltr'>τῷ</span> <span class='ocrx_word' id='word_1_656' title='bbox 2669 3728 2843 3799; x_wconf 76' lang='grc' dir='ltr'>Πατρὶ</span> <span class='ocrx_word' id='word_1_657' title='bbox 2889 3723 3047 3791; x_wconf 76' lang='grc' dir='ltr'>εἶναι,</span> <span class='ocrx_word' id='word_1_658' title='bbox 3096 3726 3285 3787; x_wconf 80' lang='grc' dir='ltr'>ἀσεϐὲς</span> <span class='ocrx_word' id='word_1_659' title='bbox 3331 3724 3471 3777; x_wconf 72' lang='grc' dir='ltr'>ἔστω</span> <span class='ocrx_word' id='word_1_660' title='bbox 3518 3725 3615 3778; x_wconf 72' lang='grc' dir='ltr'>καὶ</span> <span class='ocrx_word' id='word_1_661' title='bbox 3664 3725 3723 3777; x_wconf 81' lang='grc' dir='ltr'>ὲν</span> <span class='ocrx_word' id='word_1_662' title='bbox 3754 3723 3831 3794; x_wconf 83' lang='grc' dir='ltr'>τῷ</span> 
     </span>
    </p>
   </div>
   <div class='ocr_carea' id='block_1_78' title="bbox 2259 3814 3831 3890">
    <p class='ocr_par' dir='ltr' id='par_1_78' title="bbox 2259 3814 3831 3890">
     <span class='ocr_line' id='line_1_78' title="bbox 2259 3814 3831 3890; baseline -0.003 -18"><span class='ocrx_word' id='word_1_663' title='bbox 2259 3820 2372 3890; x_wconf 82' lang='grc' dir='ltr'>Υίῷ</span> <span class='ocrx_word' id='word_1_664' title='bbox 2427 3820 2598 3873; x_wconf 81' lang='grc' dir='ltr'>ταῦτα</span> <span class='ocrx_word' id='word_1_665' title='bbox 2644 3822 2803 3873; x_wconf 88' lang='grc' dir='ltr'>νοεῖν.</span> <span class='ocrx_word' id='word_1_666' title='bbox 2851 3818 2933 3871; x_wconf 81' lang='grc' dir='ltr'>Τὰ</span> <span class='ocrx_word' id='word_1_667' title='bbox 2974 3817 3081 3889; x_wconf 82' lang='grc' dir='ltr'>γὰρ</span> <span class='ocrx_word' id='word_1_668' title='bbox 3126 3816 3219 3869; x_wconf 77' lang='grc' dir='ltr'>τοῦ</span> <span class='ocrx_word' id='word_1_669' title='bbox 3260 3815 3491 3887; x_wconf 83' lang='grc' dir='ltr'>Πατρὸς,</span> <span class='ocrx_word' id='word_1_670' title='bbox 3534 3816 3709 3869; x_wconf 83' lang='grc' dir='ltr'>ταῦτα</span> <span class='ocrx_word' id='word_1_671' title='bbox 3737 3814 3831 3868; x_wconf 80' lang='grc' dir='ltr'>τοῦ</span> 
     </span>
    </p>
   </div>
   <div class='ocr_carea' id='block_1_79' title="bbox 2258 3906 3833 3981">
    <p class='ocr_par' dir='ltr' id='par_1_79' title="bbox 2258 3906 3833 3981">
     <span class='ocr_line' id='line_1_79' title="bbox 2258 3906 3833 3981; baseline -0.003 -17"><span class='ocrx_word' id='word_1_672' title='bbox 2258 3910 2386 3964; x_wconf 80' lang='grc' dir='ltr'><strong>Υίοῦ</strong></span> <span class='ocrx_word' id='word_1_673' title='bbox 2418 3913 2583 3964; x_wconf 72' lang='grc' dir='ltr'>ἐστιν.</span> <span class='ocrx_word' id='word_1_674' title='bbox 2618 3911 2675 3964; x_wconf 89' lang='lat'><strong>&#39;0</strong></span> <span class='ocrx_word' id='word_1_675' title='bbox 2704 3910 2813 3981; x_wconf 81' lang='grc' dir='ltr'>γὰρ</span> <span class='ocrx_word' id='word_1_676' title='bbox 2844 3909 3017 3980; x_wconf 83' lang='grc' dir='ltr'>τιμῶν</span> <span class='ocrx_word' id='word_1_677' title='bbox 3040 3909 3129 3962; x_wconf 83' lang='grc' dir='ltr'><strong>τὸν</strong></span> <span class='ocrx_word' id='word_1_678' title='bbox 3162 3907 3289 3960; x_wconf 87' lang='grc' dir='ltr'>Υίὸν</span> <span class='ocrx_word' id='word_1_679' title='bbox 3316 3909 3451 3978; x_wconf 79' lang='grc' dir='ltr'>τιμᾷ</span> <span class='ocrx_word' id='word_1_680' title='bbox 3490 3908 3584 3959; x_wconf 83' lang='grc' dir='ltr'><strong>τὸν</strong></span> <span class='ocrx_word' id='word_1_681' title='bbox 3615 3906 3833 3977; x_wconf 85' lang='grc' dir='ltr'>Πατέρα</span> 
     </span>
    </p>
   </div>
   <div class='ocr_carea' id='block_1_80' title="bbox 2257 3995 3833 4070">
    <p class='ocr_par' dir='ltr' id='par_1_80' title="bbox 2257 3995 3833 4070">
     <span class='ocr_line' id='line_1_80' title="bbox 2257 3995 3833 4070; baseline -0.004 -16"><span class='ocrx_word' id='word_1_682' title='bbox 2257 4000 2350 4054; x_wconf 81' lang='grc' dir='ltr'><strong>τὸν</strong></span> <span class='ocrx_word' id='word_1_683' title='bbox 2390 3999 2679 4070; x_wconf 75' lang='grc' dir='ltr'>πέμψαντα</span> <span class='ocrx_word' id='word_1_684' title='bbox 2718 4000 2899 4062; x_wconf 78' lang='grc' dir='ltr'>αὑτὸν,</span> <span class='ocrx_word' id='word_1_685' title='bbox 2940 3999 3032 4052; x_wconf 79' lang='grc' dir='ltr'><strong>καὶ</strong></span> <span class='ocrx_word' id='word_1_686' title='bbox 3070 4000 3099 4051; x_wconf 76' lang='grc' dir='ltr'><strong><em>ὁ</em></strong></span> <span class='ocrx_word' id='word_1_687' title='bbox 3122 3997 3406 4068; x_wconf 86' lang='grc' dir='ltr'>δεχόμενος</span> <span class='ocrx_word' id='word_1_688' title='bbox 3444 3996 3537 4049; x_wconf 84' lang='grc' dir='ltr'>τὸν</span> <span class='ocrx_word' id='word_1_689' title='bbox 3572 3995 3722 4059; x_wconf 82' lang='grc' dir='ltr'>Υίὸν,</span> <span class='ocrx_word' id='word_1_690' title='bbox 3748 3995 3833 4049; x_wconf 81' lang='grc' dir='ltr'>δέ-</span> 
     </span>
    </p>
   </div>
   <div class='ocr_carea' id='block_1_81' title="bbox 2259 4084 3833 4161">
    <p class='ocr_par' dir='ltr' id='par_1_81' title="bbox 2259 4084 3833 4161">
     <span class='ocr_line' id='line_1_81' title="bbox 2259 4084 3833 4161; baseline -0.003 -18"><span class='ocrx_word' id='word_1_691' title='bbox 2259 4108 2411 4161; x_wconf 83' lang='grc' dir='ltr'>χεται</span> <span class='ocrx_word' id='word_1_692' title='bbox 2456 4093 2551 4144; x_wconf 76' lang='grc' dir='ltr'><strong>σὺν</strong></span> <span class='ocrx_word' id='word_1_693' title='bbox 2598 4088 2745 4160; x_wconf 85' lang='grc' dir='ltr'>αὑτῷ</span> <span class='ocrx_word' id='word_1_694' title='bbox 2793 4089 2884 4143; x_wconf 77' lang='grc' dir='ltr'><strong>τὸν</strong></span> <span class='ocrx_word' id='word_1_695' title='bbox 2929 4088 3177 4159; x_wconf 83' lang='grc' dir='ltr'>Πατέρα·</span> <span class='ocrx_word' id='word_1_696' title='bbox 3210 4089 3238 4140; x_wconf 87' lang='grc' dir='ltr'>ὁ</span> <span class='ocrx_word' id='word_1_697' title='bbox 3285 4086 3395 4158; x_wconf 80' lang='grc' dir='ltr'>γὰρ</span> <span class='ocrx_word' id='word_1_698' title='bbox 3431 4085 3696 4157; x_wconf 81' lang='grc' dir='ltr'>ἑωρακὼς</span> <span class='ocrx_word' id='word_1_699' title='bbox 3742 4084 3833 4139; x_wconf 77' lang='grc' dir='ltr'><strong>τὸν</strong></span> 
     </span>
    </p>
   </div>
   <div class='ocr_carea' id='block_1_82' title="bbox 2260 4174 3835 4253">
    <p class='ocr_par' dir='ltr' id='par_1_82' title="bbox 2260 4174 3835 4253">
     <span class='ocr_line' id='line_1_82' title="bbox 2260 4174 3835 4253; baseline -0.003 -17"><span class='ocrx_word' id='word_1_700' title='bbox 2260 4182 2387 4236; x_wconf 75' lang='grc' dir='ltr'>Υίὸν</span> <span class='ocrx_word' id='word_1_701' title='bbox 2427 4179 2637 4253; x_wconf 86' lang='grc' dir='ltr'>ἑώρακε</span> <span class='ocrx_word' id='word_1_702' title='bbox 2664 4182 2754 4234; x_wconf 82' lang='grc' dir='ltr'><strong>τὸν</strong></span> <span class='ocrx_word' id='word_1_703' title='bbox 2793 4181 3030 4251; x_wconf 87' lang='grc' dir='ltr'>Πατέρα.</span> <span class='ocrx_word' id='word_1_704' title='bbox 3069 4180 3157 4243; x_wconf 80' lang='grc' dir='ltr'><strong><em>Ὠς</em></strong></span> <span class='ocrx_word' id='word_1_705' title='bbox 3196 4174 3289 4231; x_wconf 77' lang='grc' dir='ltr'><strong>οὖν</strong></span> <span class='ocrx_word' id='word_1_706' title='bbox 3324 4179 3425 4231; x_wconf 81' lang='grc' dir='ltr'><strong>οὐκ</strong></span> <span class='ocrx_word' id='word_1_707' title='bbox 3466 4178 3585 4232; x_wconf 78' lang='grc' dir='ltr'>ἐστι</span> <span class='ocrx_word' id='word_1_708' title='bbox 3632 4179 3835 4249; x_wconf 88' lang='grc' dir='ltr'>κτίσμα</span> 
     </span>
    </p>
   </div>
   <div class='ocr_carea' id='block_1_83' title="bbox 2257 4269 3830 4342">
    <p class='ocr_par' dir='ltr' id='par_1_83' title="bbox 2257 4269 3830 4342">
     <span class='ocr_line' id='line_1_83' title="bbox 2257 4269 3830 4342; baseline -0.003 -16"><span class='ocrx_word' id='word_1_709' title='bbox 2257 4274 2288 4326; x_wconf 83' lang='grc' dir='ltr'>ὁ</span> <span class='ocrx_word' id='word_1_710' title='bbox 2322 4274 2529 4342; x_wconf 85' lang='grc' dir='ltr'>Πατὴρ,</span> <span class='ocrx_word' id='word_1_711' title='bbox 2568 4271 2739 4334; x_wconf 79' lang='grc' dir='ltr'>οὕτως</span> <span class='ocrx_word' id='word_1_712' title='bbox 2771 4272 2891 4325; x_wconf 77' lang='grc' dir='ltr'>οὐδὲ</span> <span class='ocrx_word' id='word_1_713' title='bbox 2919 4274 2947 4325; x_wconf 87' lang='grc' dir='ltr'>ὁ</span> <span class='ocrx_word' id='word_1_714' title='bbox 2989 4272 3113 4334; x_wconf 85' lang='grc' dir='ltr'><strong>Υἱός</strong></span> <span class='ocrx_word' id='word_1_715' title='bbox 3144 4270 3291 4339; x_wconf 82' lang='grc'><strong>(76)·</strong></span> <span class='ocrx_word' id='word_1_716' title='bbox 3324 4270 3418 4322; x_wconf 76' lang='grc' dir='ltr'>καὶ</span> <span class='ocrx_word' id='word_1_717' title='bbox 3449 4270 3527 4333; x_wconf 81' lang='grc' dir='ltr'><strong>ὼς</strong></span> <span class='ocrx_word' id='word_1_718' title='bbox 3556 4270 3659 4324; x_wconf 80' lang='grc' dir='ltr'><strong>οὐκ</strong></span> <span class='ocrx_word' id='word_1_719' title='bbox 3686 4269 3830 4323; x_wconf 80' lang='grc' dir='ltr'>ἔστιν</span> 
     </span>
    </p>
   </div>
   <div class='ocr_carea' id='block_1_84' title="bbox 2261 4357 3834 4434">
    <p class='ocr_par' dir='ltr' id='par_1_84' title="bbox 2261 4357 3834 4434">
     <span class='ocr_line' id='line_1_84' title="bbox 2261 4357 3834 4434; baseline -0.001 -17"><span class='ocrx_word' id='word_1_720' title='bbox 2261 4366 2435 4417; x_wconf 77' lang='grc' dir='ltr'>εἰπεῖν</span> <span class='ocrx_word' id='word_1_721' title='bbox 2478 4365 2563 4417; x_wconf 82' lang='grc' dir='ltr'><strong>ἐπ’</strong></span> <span class='ocrx_word' id='word_1_722' title='bbox 2586 4364 2771 4428; x_wconf 77' lang='grc' dir='ltr'>αὑτοῦ,</span> <span class='ocrx_word' id='word_1_723' title='bbox 2810 4360 2878 4434; x_wconf 81' lang='grc' dir='ltr'>ἦν</span> <span class='ocrx_word' id='word_1_724' title='bbox 2912 4381 3059 4427; x_wconf 84' lang='grc' dir='ltr'>ποτε,</span> <span class='ocrx_word' id='word_1_725' title='bbox 3088 4364 3174 4416; x_wconf 83' lang='grc' dir='ltr'>ὅτε</span> <span class='ocrx_word' id='word_1_726' title='bbox 3204 4363 3302 4415; x_wconf 81' lang='grc' dir='ltr'><strong>οὐκ</strong></span> <span class='ocrx_word' id='word_1_727' title='bbox 3342 4357 3430 4432; x_wconf 82' lang='grc' dir='ltr'>ἦν,</span> <span class='ocrx_word' id='word_1_728' title='bbox 3462 4364 3495 4433; x_wconf 85' lang='grc' dir='ltr'>ἢ</span> <span class='ocrx_word' id='word_1_729' title='bbox 3532 4362 3591 4428; x_wconf 77' lang='grc' dir='ltr'>ἐξ</span> <span class='ocrx_word' id='word_1_730' title='bbox 3622 4364 3721 4416; x_wconf 82' lang='grc' dir='ltr'><strong>οὐκ</strong></span> <span class='ocrx_word' id='word_1_731' title='bbox 3747 4363 3834 4415; x_wconf 78' lang='grc' dir='ltr'>δν-</span> 
     </span>
    </p>
   </div>
   <div class='ocr_carea' id='block_1_85' title="bbox 597 4450 2157 4525">
    <p class='ocr_par' dir='ltr' id='par_1_85' title="bbox 597 4454 2153 4522">
     <span class='ocr_line' id='line_1_85' title="bbox 597 4454 2153 4522; baseline 0.009 -20"><span class='ocrx_word' id='word_1_732' title='bbox 597 4466 721 4503; x_wconf 87' lang='lat' dir='ltr'><strong>cum</strong></span> <span class='ocrx_word' id='word_1_733' title='bbox 744 4466 847 4505; x_wconf 92' lang='lat' dir='ltr'><strong>non</strong></span> <span class='ocrx_word' id='word_1_734' title='bbox 878 4461 1043 4517; x_wconf 88' lang='lat' dir='ltr'><strong>esset,</strong></span> <span class='ocrx_word' id='word_1_735' title='bbox 1081 4454 1166 4510; x_wconf 76' lang='lat' dir='ltr'><strong>Vel</strong></span> <span class='ocrx_word' id='word_1_736' title='bbox 1191 4464 1273 4509; x_wconf 87' lang='lat' dir='ltr'><strong>est</strong></span> <span class='ocrx_word' id='word_1_737' title='bbox 1300 4471 1365 4510; x_wconf 81' lang='lat' dir='ltr'><strong>ex</strong></span> <span class='ocrx_word' id='word_1_738' title='bbox 1391 4456 1559 4513; x_wconf 88' lang='lat' dir='ltr'><strong>nihilo</strong></span> <span class='ocrx_word' id='word_1_739' title='bbox 1588 4475 1601 4522; x_wconf 91' lang='lat'>;</span> <span class='ocrx_word' id='word_1_740' title='bbox 1634 4458 1710 4512; x_wconf 91' lang='lat' dir='ltr'><strong>sic</strong></span> <span class='ocrx_word' id='word_1_741' title='bbox 1743 4474 1840 4513; x_wconf 92' lang='lat' dir='ltr'><strong>nec</strong></span> <span class='ocrx_word' id='word_1_742' title='bbox 1869 4474 1931 4513; x_wconf 91' lang='lat' dir='ltr'><strong>ea</strong></span> <span class='ocrx_word' id='word_1_743' title='bbox 1960 4461 2027 4515; x_wconf 92' lang='lat' dir='ltr'><strong>de</strong></span> <span class='ocrx_word' id='word_1_744' title='bbox 2067 4460 2153 4515; x_wconf 82' lang='lat' dir='ltr'><strong>Fi-</strong></span> 
     </span>
    </p>
   </div>
   <div class='ocr_carea' id='block_1_86' title="bbox 2254 4450 3834 4525">
    <p class='ocr_par' dir='ltr' id='par_1_86' title="bbox 2255 4450 3834 4525">
     <span class='ocr_line' id='line_1_86' title="bbox 2255 4450 3834 4525; baseline -0.003 -18"><span class='ocrx_word' id='word_1_745' title='bbox 2255 4471 2390 4507; x_wconf 85' lang='grc' dir='ltr'>των·</span> <span class='ocrx_word' id='word_1_746' title='bbox 2423 4454 2591 4517; x_wconf 73' lang='grc' dir='ltr'>οὕτως</span> <span class='ocrx_word' id='word_1_747' title='bbox 2615 4454 2711 4523; x_wconf 82' lang='grc' dir='ltr'>οὐχ</span> <span class='ocrx_word' id='word_1_748' title='bbox 2738 4453 2984 4525; x_wconf 71' lang='grc' dir='ltr'>ἁρμόζει,</span> <span class='ocrx_word' id='word_1_749' title='bbox 3018 4453 3124 4506; x_wconf 79' lang='grc' dir='ltr'>οὐδ’</span> <span class='ocrx_word' id='word_1_750' title='bbox 3149 4452 3241 4506; x_wconf 75' lang='grc' dir='ltr'><strong>ἐπὶ</strong></span> <span class='ocrx_word' id='word_1_751' title='bbox 3274 4451 3365 4505; x_wconf 78' lang='grc' dir='ltr'>τοῦ</span> <span class='ocrx_word' id='word_1_752' title='bbox 3400 4451 3533 4504; x_wconf 87' lang='grc' dir='ltr'>Υίοῦ</span> <span class='ocrx_word' id='word_1_753' title='bbox 3566 4451 3745 4519; x_wconf 83' lang='grc' dir='ltr'>λέγειν</span> <span class='ocrx_word' id='word_1_754' title='bbox 3771 4450 3834 4503; x_wconf 77' lang='grc' dir='ltr'><strong>τὸ</strong></span> 
     </span>
    </p>
   </div>
   <div class='ocr_carea' id='block_1_87' title="bbox 598 4540 2161 4617">
    <p class='ocr_par' dir='ltr' id='par_1_87' title="bbox 598 4540 2161 4617">
     <span class='ocr_line' id='line_1_87' title="bbox 598 4540 2161 4617; baseline 0.008 -23"><span class='ocrx_word' id='word_1_755' title='bbox 598 4540 670 4597; x_wconf 88' lang='lat' dir='ltr'><strong>lio</strong></span> <span class='ocrx_word' id='word_1_756' title='bbox 687 4542 867 4598; x_wconf 90' lang='lat' dir='ltr'><strong>dicere</strong></span> <span class='ocrx_word' id='word_1_757' title='bbox 882 4547 1151 4600; x_wconf 90' lang='lat' dir='ltr'><strong>convenit.</strong></span> <span class='ocrx_word' id='word_1_758' title='bbox 1177 4548 1279 4602; x_wconf 85' lang='lat' dir='ltr'><strong>Sed</strong></span> <span class='ocrx_word' id='word_1_759' title='bbox 1299 4549 1476 4617; x_wconf 88' lang='lat' dir='ltr'><strong>potius</strong></span> <span class='ocrx_word' id='word_1_760' title='bbox 1503 4558 1558 4603; x_wconf 94' lang='lat' dir='ltr'><strong>ut</strong></span> <span class='ocrx_word' id='word_1_761' title='bbox 1585 4550 1635 4603; x_wconf 90' lang='lat' dir='ltr'><strong>in</strong></span> <span class='ocrx_word' id='word_1_762' title='bbox 1658 4548 1816 4605; x_wconf 90' lang='lat' dir='ltr'><strong>Patre</strong></span> <span class='ocrx_word' id='word_1_763' title='bbox 1837 4559 1923 4606; x_wconf 89' lang='lat' dir='ltr'><strong>est</strong></span> <span class='ocrx_word' id='word_1_764' title='bbox 1947 4553 2161 4606; x_wconf 70' lang='lat' dir='ltr'><strong>aeterni-</strong></span> 
     </span>
    </p>
   </div>
   <div class='ocr_carea' id='block_1_88' title="bbox 602 4636 2162 4710">
    <p class='ocr_par' dir='ltr' id='par_1_88' title="bbox 602 4636 2162 4710">
     <span class='ocr_line' id='line_1_88' title="bbox 602 4636 2162 4710; baseline 0.009 -24"><span class='ocrx_word' id='word_1_765' title='bbox 602 4642 684 4689; x_wconf 87' lang='lat' dir='ltr'><strong>tas</strong></span> <span class='ocrx_word' id='word_1_766' title='bbox 711 4643 764 4688; x_wconf 91' lang='lat' dir='ltr'><strong>et</strong></span> <span class='ocrx_word' id='word_1_767' title='bbox 798 4636 1194 4703; x_wconf 87' lang='lat' dir='ltr'><strong>immortalitas,</strong></span> <span class='ocrx_word' id='word_1_768' title='bbox 1221 4648 1281 4693; x_wconf 91' lang='lat' dir='ltr'><strong>ut</strong></span> <span class='ocrx_word' id='word_1_769' title='bbox 1312 4641 1448 4694; x_wconf 91' lang='lat' dir='ltr'><strong>idem</strong></span> <span class='ocrx_word' id='word_1_770' title='bbox 1484 4656 1696 4710; x_wconf 79' lang='lat' dir='ltr'><strong>semper</strong></span> <span class='ocrx_word' id='word_1_771' title='bbox 1724 4651 1824 4707; x_wconf 92' lang='lat' dir='ltr'><strong>est,</strong></span> <span class='ocrx_word' id='word_1_772' title='bbox 1857 4656 1954 4697; x_wconf 90' lang='lat' dir='ltr'><strong>nec</strong></span> <span class='ocrx_word' id='word_1_773' title='bbox 1979 4657 2063 4697; x_wconf 91' lang='lat' dir='ltr'><strong>res</strong></span> <span class='ocrx_word' id='word_1_774' title='bbox 2078 4654 2162 4700; x_wconf 87' lang='lat' dir='ltr'><strong>est</strong></span> 
     </span>
    </p>
   </div>
   <div class='ocr_carea' id='block_1_89' title="bbox 598 4727 2153 4795">
    <p class='ocr_par' dir='ltr' id='par_1_89' title="bbox 598 4727 2153 4795">
     <span class='ocr_line' id='line_1_89' title="bbox 598 4727 2153 4795; baseline 0.005 -17"><span class='ocrx_word' id='word_1_775' title='bbox 598 4733 813 4789; x_wconf 85' lang='lat' dir='ltr'><strong>creata;</strong></span> <span class='ocrx_word' id='word_1_776' title='bbox 841 4727 919 4781; x_wconf 91' lang='lat' dir='ltr'><strong>sic</strong></span> <span class='ocrx_word' id='word_1_777' title='bbox 941 4728 1127 4782; x_wconf 88' lang='lat' dir='ltr'><strong>eadem</strong></span> <span class='ocrx_word' id='word_1_778' title='bbox 1156 4728 1221 4783; x_wconf 91' lang='lat' dir='ltr'><strong>de</strong></span> <span class='ocrx_word' id='word_1_779' title='bbox 1239 4729 1375 4783; x_wconf 86' lang='lat' dir='ltr'><strong>Filio</strong></span> <span class='ocrx_word' id='word_1_780' title='bbox 1399 4731 1601 4785; x_wconf 90' lang='lat' dir='ltr'><strong>sentire</strong></span> <span class='ocrx_word' id='word_1_781' title='bbox 1629 4745 1849 4786; x_wconf 89' lang='lat' dir='ltr'><strong>necesse</strong></span> <span class='ocrx_word' id='word_1_782' title='bbox 1870 4740 1971 4785; x_wconf 90' lang='lat' dir='ltr'><strong>est.</strong></span> <span class='ocrx_word' id='word_1_783' title='bbox 1994 4731 2153 4795; x_wconf 83' lang='lat' dir='ltr'><strong>Nam,</strong></span> 
     </span>
    </p>
   </div>
   <div class='ocr_carea' id='block_1_90' title="bbox 601 4816 2160 4884">
    <p class='ocr_par' dir='ltr' id='par_1_90' title="bbox 601 4816 2160 4884">
     <span class='ocr_line' id='line_1_90' title="bbox 601 4816 2160 4884; baseline 0.006 -17"><span class='ocrx_word' id='word_1_784' title='bbox 601 4816 677 4867; x_wconf 89' lang='lat' dir='ltr'><strong>uti</strong></span> <span class='ocrx_word' id='word_1_785' title='bbox 715 4818 974 4884; x_wconf 86' lang='lat' dir='ltr'><strong>scriptum</strong></span> <span class='ocrx_word' id='word_1_786' title='bbox 1005 4829 1090 4874; x_wconf 89' lang='lat' dir='ltr'><strong>est</strong></span> <span class='ocrx_word' id='word_1_787' title='bbox 1126 4839 1140 4874; x_wconf 91' lang='lat'><strong>:</strong></span> <span class='ocrx_word' id='word_1_788' title='bbox 1190 4818 1336 4875; x_wconf 83' lang='lat' dir='ltr'><strong>Sicut</strong></span> <span class='ocrx_word' id='word_1_789' title='bbox 1388 4820 1549 4874; x_wconf 83' lang='lat' dir='ltr'><strong>Pater</strong></span> <span class='ocrx_word' id='word_1_790' title='bbox 1594 4820 1746 4874; x_wconf 85' lang='lat' dir='ltr'><strong>habet</strong></span> <span class='ocrx_word' id='word_1_791' title='bbox 1787 4823 1946 4875; x_wconf 83' lang='lat' dir='ltr'><strong>vitam</strong></span> <span class='ocrx_word' id='word_1_792' title='bbox 1982 4823 2037 4876; x_wconf 82' lang='lat' dir='ltr'><strong>in</strong></span> <span class='ocrx_word' id='word_1_793' title='bbox 2082 4839 2160 4875; x_wconf 79' lang='lat' dir='ltr'><strong>se-</strong></span> 
     </span>
    </p>
   </div>
   <div class='ocr_carea' id='block_1_91' title="bbox 601 4905 2157 4970">
    <p class='ocr_par' dir='ltr' id='par_1_91' title="bbox 601 4905 2157 4970">
     <span class='ocr_line' id='line_1_91' title="bbox 601 4905 2157 4970; baseline 0.007 -14"><span class='ocrx_word' id='word_1_794' title='bbox 601 4905 857 4970; x_wconf 77' lang='lat' dir='ltr'><strong>metipso,</strong></span> <span class='ocrx_word' id='word_1_795' title='bbox 900 4908 973 4959; x_wconf 83' lang='lat' dir='ltr'><strong>sic</strong></span> <span class='ocrx_word' id='word_1_796' title='bbox 1008 4910 1148 4962; x_wconf 82' lang='lat' dir='ltr'><strong>dedit</strong></span> <span class='ocrx_word' id='word_1_797' title='bbox 1196 4920 1243 4963; x_wconf 86' lang='lat' dir='ltr'><strong>et</strong></span> <span class='ocrx_word' id='word_1_798' title='bbox 1296 4909 1438 4963; x_wconf 76' lang='lat' dir='ltr'><strong>Filio</strong></span> <span class='ocrx_word' id='word_1_799' title='bbox 1476 4911 1662 4964; x_wconf 86' lang='lat' dir='ltr'><strong>habere</strong></span> <span class='ocrx_word' id='word_1_800' title='bbox 1688 4912 1843 4965; x_wconf 80' lang='lat' dir='ltr'><strong>vitam</strong></span> <span class='ocrx_word' id='word_1_801' title='bbox 1885 4915 1937 4966; x_wconf 89' lang='lat' dir='ltr'><strong>in</strong></span> <span class='ocrx_word' id='word_1_802' title='bbox 1969 4922 2157 4967; x_wconf 76' lang='lat' dir='ltr'><strong>semet-</strong></span> 
     </span>
    </p>
   </div>
   <div class='ocr_carea' id='block_1_92' title="bbox 601 4994 2160 5067">
    <p class='ocr_par' dir='ltr' id='par_1_92' title="bbox 601 4994 2160 5067">
     <span class='ocr_line' id='line_1_92' title="bbox 601 4994 2160 5067; baseline 0.008 -21"><span class='ocrx_word' id='word_1_803' title='bbox 601 4997 716 5058; x_wconf 77' lang='lat' dir='ltr'><strong>ipso</strong></span> <span class='ocrx_word' id='word_1_804' title='bbox 759 4996 826 5048; x_wconf 78' lang='grc'><strong>⁵⁸.</strong></span> <span class='ocrx_word' id='word_1_805' title='bbox 870 4994 1038 5051; x_wconf 91' lang='lat' dir='ltr'><strong>Porro</strong></span> <span class='ocrx_word' id='word_1_806' title='bbox 1083 5000 1269 5063; x_wconf 88' lang='lat' dir='ltr'><strong>verbo,</strong></span> <span class='ocrx_word' id='word_1_807' title='bbox 1310 5000 1472 5062; x_wconf 84' lang='lat' dir='ltr'><strong>dedit,</strong></span> <span class='ocrx_word' id='word_1_808' title='bbox 1500 5016 1627 5055; x_wconf 91' lang='lat' dir='ltr'><strong>usus</strong></span> <span class='ocrx_word' id='word_1_809' title='bbox 1668 5012 1750 5057; x_wconf 91' lang='lat' dir='ltr'><strong>est</strong></span> <span class='ocrx_word' id='word_1_810' title='bbox 1792 5002 2059 5067; x_wconf 89' lang='lat' dir='ltr'><strong>Christus,</strong></span> <span class='ocrx_word' id='word_1_811' title='bbox 2102 5013 2160 5058; x_wconf 77' lang='lat' dir='ltr'><strong>nt</strong></span> 
     </span>
    </p>
   </div>
   <div class='ocr_carea' id='block_1_93' title="bbox 600 5083 2209 5148">
    <p class='ocr_par' dir='ltr' id='par_1_93' title="bbox 600 5083 2209 5148">
     <span class='ocr_line' id='line_1_93' title="bbox 600 5083 2209 5148; baseline 0.004 -10"><span class='ocrx_word' id='word_1_812' title='bbox 600 5086 822 5138; x_wconf 81' lang='lat' dir='ltr'><strong>dantem</strong></span> <span class='ocrx_word' id='word_1_813' title='bbox 853 5083 1064 5141; x_wconf 83' lang='lat' dir='ltr'><strong>Patrem</strong></span> <span class='ocrx_word' id='word_1_814' title='bbox 1092 5090 1418 5145; x_wconf 88' lang='lat' dir='ltr'><strong>ostenderet.</strong></span> <span class='ocrx_word' id='word_1_815' title='bbox 1474 5091 1541 5147; x_wconf 89' lang='lat' dir='ltr'><strong>Ut</strong></span> <span class='ocrx_word' id='word_1_816' title='bbox 1569 5100 1747 5145; x_wconf 89' lang='lat' dir='ltr'><strong>autem</strong></span> <span class='ocrx_word' id='word_1_817' title='bbox 1784 5092 1835 5146; x_wconf 90' lang='lat' dir='ltr'><strong>in</strong></span> <span class='ocrx_word' id='word_1_818' title='bbox 1880 5093 2039 5148; x_wconf 86' lang='lat' dir='ltr'><strong>Patre</strong></span> <span class='ocrx_word' id='word_1_819' title='bbox 2076 5102 2161 5148; x_wconf 90' lang='lat' dir='ltr'><strong>est</strong></span> <span class='ocrx_word' id='word_1_820' title='bbox 2191 5126 2209 5145; x_wconf 87' lang='lat'><strong>.</strong></span> 
     </span>
    </p>
   </div>
   <div class='ocr_carea' id='block_1_94' title="bbox 604 5178 2158 5252">
    <p class='ocr_par' dir='ltr' id='par_1_94' title="bbox 604 5178 2158 5252">
     <span class='ocr_line' id='line_1_94' title="bbox 604 5178 2158 5252; baseline 0.004 -21"><span class='ocrx_word' id='word_1_821' title='bbox 604 5178 736 5240; x_wconf 85' lang='lat' dir='ltr'><strong>vita,</strong></span> <span class='ocrx_word' id='word_1_822' title='bbox 768 5178 839 5231; x_wconf 88' lang='lat' dir='ltr'><strong>ita</strong></span> <span class='ocrx_word' id='word_1_823' title='bbox 867 5188 924 5234; x_wconf 92' lang='lat' dir='ltr'><strong>et</strong></span> <span class='ocrx_word' id='word_1_824' title='bbox 951 5179 1002 5232; x_wconf 93' lang='lat' dir='ltr'><strong>in</strong></span> <span class='ocrx_word' id='word_1_825' title='bbox 1032 5178 1169 5234; x_wconf 85' lang='lat' dir='ltr'><strong>Filio</strong></span> <span class='ocrx_word' id='word_1_826' title='bbox 1194 5182 1355 5235; x_wconf 89' lang='lat' dir='ltr'><strong>vitam</strong></span> <span class='ocrx_word' id='word_1_827' title='bbox 1380 5197 1499 5237; x_wconf 74' lang='lat' dir='ltr'><strong>esse</strong></span> <span class='ocrx_word' id='word_1_828' title='bbox 1522 5184 1677 5247; x_wconf 78' lang='lat' dir='ltr'><strong>dixit,</strong></span> <span class='ocrx_word' id='word_1_829' title='bbox 1708 5198 1814 5252; x_wconf 88' lang='lat' dir='ltr'><strong>quo</strong></span> <span class='ocrx_word' id='word_1_830' title='bbox 1833 5184 2158 5238; x_wconf 87' lang='lat' dir='ltr'><strong>individuam</strong></span> 
     </span>
    </p>
   </div>
   <div class='ocr_carea' id='block_1_95' title="bbox 605 5268 2161 5337">
    <p class='ocr_par' dir='ltr' id='par_1_95' title="bbox 605 5268 2161 5337">
     <span class='ocr_line' id='line_1_95' title="bbox 605 5268 2161 5337; baseline 0.006 -18"><span class='ocrx_word' id='word_1_831' title='bbox 605 5268 889 5337; x_wconf 86' lang='lat' dir='ltr'><strong>utriusque</strong></span> <span class='ocrx_word' id='word_1_832' title='bbox 923 5278 1172 5324; x_wconf 88' lang='lat' dir='ltr'><strong>naturam</strong></span> <span class='ocrx_word' id='word_1_833' title='bbox 1220 5281 1275 5326; x_wconf 91' lang='lat' dir='ltr'><strong>et</strong></span> <span class='ocrx_word' id='word_1_834' title='bbox 1306 5274 1658 5326; x_wconf 67' lang='lat' dir='ltr'><strong>aeternitatem</strong></span> <span class='ocrx_word' id='word_1_835' title='bbox 1695 5273 1974 5328; x_wconf 84' lang='lat' dir='ltr'><strong>indicaret.</strong></span> <span class='ocrx_word' id='word_1_836' title='bbox 2027 5274 2161 5329; x_wconf 87' lang='lat' dir='ltr'><strong>Hinc</strong></span> 
     </span>
    </p>
   </div>
   <div class='ocr_carea' id='block_1_96' title="bbox 2264 4544 3835 4621">
    <p class='ocr_par' dir='ltr' id='par_1_96' title="bbox 2264 4544 3835 4621">
     <span class='ocr_line' id='line_1_96' title="bbox 2264 4544 3835 4621; baseline -0.004 -16"><span class='ocrx_word' id='word_1_837' title='bbox 2264 4550 2415 4605; x_wconf 83' lang='grc' dir='ltr'>αὑτό.</span> <span class='ocrx_word' id='word_1_838' title='bbox 2460 4550 2617 4604; x_wconf 81' lang='grc' dir='ltr'><strong>Ἀλλὰ</strong></span> <span class='ocrx_word' id='word_1_839' title='bbox 2665 4551 2861 4621; x_wconf 77' lang='grc' dir='ltr'>μᾶλλον</span> <span class='ocrx_word' id='word_1_840' title='bbox 2906 4550 2981 4613; x_wconf 81' lang='grc' dir='ltr'><strong>ὡς</strong></span> <span class='ocrx_word' id='word_1_841' title='bbox 3026 4550 3083 4602; x_wconf 85' lang='grc' dir='ltr'>ὲν</span> <span class='ocrx_word' id='word_1_842' title='bbox 3119 4549 3198 4620; x_wconf 83' lang='grc' dir='ltr'>τῷ</span> <span class='ocrx_word' id='word_1_843' title='bbox 3239 4549 3413 4621; x_wconf 78' lang='grc' dir='ltr'>Πατρὶ</span> <span class='ocrx_word' id='word_1_844' title='bbox 3448 4549 3512 4601; x_wconf 84' lang='grc' dir='ltr'><strong>τὸ</strong></span> <span class='ocrx_word' id='word_1_845' title='bbox 3559 4548 3747 4611; x_wconf 69' lang='grc' dir='ltr'>ἀΐδιον,</span> <span class='ocrx_word' id='word_1_846' title='bbox 3771 4544 3835 4599; x_wconf 85' lang='grc' dir='ltr'><strong>τδ</strong></span> 
     </span>
    </p>
   </div>
   <div class='ocr_carea' id='block_1_97' title="bbox 2262 4646 3834 4721">
    <p class='ocr_par' dir='ltr' id='par_1_97' title="bbox 2262 4646 3834 4721">
     <span class='ocr_line' id='line_1_97' title="bbox 2262 4646 3834 4721; baseline -0.004 -16"><span class='ocrx_word' id='word_1_847' title='bbox 2262 4651 2547 4715; x_wconf 78' lang='grc' dir='ltr'>ἀθάνατον,</span> <span class='ocrx_word' id='word_1_848' title='bbox 2592 4651 2653 4703; x_wconf 72' lang='grc' dir='ltr'>τὸ</span> <span class='ocrx_word' id='word_1_849' title='bbox 2697 4651 2820 4715; x_wconf 75' lang='grc' dir='ltr'>ἀεὶ,</span> <span class='ocrx_word' id='word_1_850' title='bbox 2864 4650 2923 4703; x_wconf 87' lang='grc' dir='ltr'><strong>τδ</strong></span> <span class='ocrx_word' id='word_1_851' title='bbox 2976 4649 3049 4721; x_wconf 85' lang='grc' dir='ltr'>μὴ</span> <span class='ocrx_word' id='word_1_852' title='bbox 3082 4649 3312 4720; x_wconf 88' lang='grc' dir='ltr'>κτίσμα·</span> <span class='ocrx_word' id='word_1_853' title='bbox 3363 4647 3508 4703; x_wconf 76' lang='grc' dir='ltr'>οὕτω</span> <span class='ocrx_word' id='word_1_854' title='bbox 3570 4648 3665 4703; x_wconf 77' lang='grc' dir='ltr'>καὶ</span> <span class='ocrx_word' id='word_1_855' title='bbox 3708 4646 3834 4717; x_wconf 76' lang='grc' dir='ltr'>περὶ</span> 
     </span>
    </p>
   </div>
   <div class='ocr_carea' id='block_1_98' title="bbox 2264 4750 3831 4824">
    <p class='ocr_par' dir='ltr' id='par_1_98' title="bbox 2264 4750 3831 4824">
     <span class='ocr_line' id='line_1_98' title="bbox 2264 4750 3831 4824; baseline -0.002 -18"><span class='ocrx_word' id='word_1_856' title='bbox 2264 4754 2395 4807; x_wconf 84' lang='grc' dir='ltr'>Υἱοῦ</span> <span class='ocrx_word' id='word_1_857' title='bbox 2429 4757 2643 4824; x_wconf 80' lang='grc' dir='ltr'>φρονεῖν</span> <span class='ocrx_word' id='word_1_858' title='bbox 2668 4754 2976 4807; x_wconf 75' lang='grc' dir='ltr'>ἀκόλουθον.</span> <span class='ocrx_word' id='word_1_859' title='bbox 3014 4752 3166 4806; x_wconf 83' lang='grc' dir='ltr'>Κατὰ</span> <span class='ocrx_word' id='word_1_860' title='bbox 3202 4752 3311 4822; x_wconf 83' lang='grc' dir='ltr'>γὰρ</span> <span class='ocrx_word' id='word_1_861' title='bbox 3337 4752 3397 4804; x_wconf 85' lang='grc' dir='ltr'><strong>τὸ</strong></span> <span class='ocrx_word' id='word_1_862' title='bbox 3423 4750 3831 4823; x_wconf 83' lang='grc' dir='ltr'>γεγραμμένον,</span> 
     </span>
    </p>
   </div>
   <div class='ocr_carea' id='block_1_99' title="bbox 2261 4850 3835 4921">
    <p class='ocr_par' dir='ltr' id='par_1_99' title="bbox 2261 4850 3835 4921">
     <span class='ocr_line' id='line_1_99' title="bbox 2261 4850 3835 4921; baseline -0.003 -13"><span class='ocrx_word' id='word_1_863' title='bbox 2261 4853 2466 4918; x_wconf 82' lang='grc' dir='ltr'>Καθὼς</span> <span class='ocrx_word' id='word_1_864' title='bbox 2491 4856 2523 4906; x_wconf 85' lang='grc' dir='ltr'><strong><em>ό</em></strong></span> <span class='ocrx_word' id='word_1_865' title='bbox 2546 4852 2743 4920; x_wconf 80' lang='grc' dir='ltr'>Πατὴρ</span> <span class='ocrx_word' id='word_1_866' title='bbox 2776 4851 2926 4919; x_wconf 76' lang='grc' dir='ltr'>ζωὴν</span> <span class='ocrx_word' id='word_1_867' title='bbox 2949 4851 3073 4921; x_wconf 82' lang='grc' dir='ltr'>ἔχει</span> <span class='ocrx_word' id='word_1_868' title='bbox 3101 4851 3170 4904; x_wconf 82' lang='grc' dir='ltr'><strong>ἐν</strong></span> <span class='ocrx_word' id='word_1_869' title='bbox 3200 4850 3407 4918; x_wconf 83' lang='grc' dir='ltr'>ἐαυτῷ,</span> <span class='ocrx_word' id='word_1_870' title='bbox 3434 4852 3626 4917; x_wconf 77' lang='grc' dir='ltr'>οὕτως</span> <span class='ocrx_word' id='word_1_871' title='bbox 3652 4850 3835 4904; x_wconf 75' lang='grc' dir='ltr'>ἔδωκε</span> 
     </span>
    </p>
   </div>
   <div class='ocr_carea' id='block_1_100' title="bbox 2263 4948 3833 5020">
    <p class='ocr_par' dir='ltr' id='par_1_100' title="bbox 2263 4948 3833 5020">
     <span class='ocr_line' id='line_1_100' title="bbox 2263 4948 3833 5020; baseline -0.005 -11"><span class='ocrx_word' id='word_1_872' title='bbox 2263 4955 2361 5009; x_wconf 78' lang='grc' dir='ltr'>καὶ</span> <span class='ocrx_word' id='word_1_873' title='bbox 2394 4953 2472 5020; x_wconf 83' lang='grc' dir='ltr'>τῷ</span> <span class='ocrx_word' id='word_1_874' title='bbox 2524 4952 2633 5018; x_wconf 80' lang='grc' dir='ltr'><strong>Υὶῷ</strong></span> <span class='ocrx_word' id='word_1_875' title='bbox 2670 4952 2818 5020; x_wconf 78' lang='grc' dir='ltr'>ζωὴν</span> <span class='ocrx_word' id='word_1_876' title='bbox 2848 4951 3012 5020; x_wconf 81' lang='grc' dir='ltr'><strong>ἔχειν</strong></span> <span class='ocrx_word' id='word_1_877' title='bbox 3040 4950 3109 5003; x_wconf 85' lang='grc' dir='ltr'><strong>ὲν</strong></span> <span class='ocrx_word' id='word_1_878' title='bbox 3139 4949 3348 5014; x_wconf 79' lang='grc' dir='ltr'>ἐαυτῷ.</span> <span class='ocrx_word' id='word_1_879' title='bbox 3378 4949 3607 5004; x_wconf 79' lang='grc' dir='ltr'>Δέδωκε</span> <span class='ocrx_word' id='word_1_880' title='bbox 3648 4950 3706 5003; x_wconf 82' lang='grc' dir='ltr'><strong>δὲ</strong></span> <span class='ocrx_word' id='word_1_881' title='bbox 3752 4948 3833 5002; x_wconf 79' lang='grc' dir='ltr'>εῖ-</span> 
     </span>
    </p>
   </div>
   <div class='ocr_carea' id='block_1_101' title="bbox 2270 5044 3835 5127">
    <p class='ocr_par' dir='ltr' id='par_1_101' title="bbox 2270 5044 3835 5127">
     <span class='ocr_line' id='line_1_101' title="bbox 2270 5044 3835 5127; baseline -0.04 -16"><span class='ocrx_word' id='word_1_882' title='bbox 2270 5072 2453 5127; x_wconf 86' lang='grc' dir='ltr'>ρηκεν,</span> <span class='ocrx_word' id='word_1_883' title='bbox 2488 5054 2577 5106; x_wconf 81' lang='grc' dir='ltr'><strong>ἵνα</strong></span> <span class='ocrx_word' id='word_1_884' title='bbox 2604 5053 2692 5105; x_wconf 83' lang='grc' dir='ltr'><strong>τὸν</strong></span> <span class='ocrx_word' id='word_1_885' title='bbox 2738 5051 2944 5105; x_wconf 83' lang='grc' dir='ltr'>διδόντα</span> <span class='ocrx_word' id='word_1_886' title='bbox 2997 5048 3210 5121; x_wconf 80' lang='grc' dir='ltr'>Πατέρα</span> <span class='ocrx_word' id='word_1_887' title='bbox 3248 5048 3415 5121; x_wconf 50' lang='grc' dir='ltr'><strong>δείξῃ.</strong></span> <span class='ocrx_word' id='word_1_888' title='bbox 3453 5049 3542 5112; x_wconf 62' lang='grc' dir='ltr'>Ὦς</span> <span class='ocrx_word' id='word_1_889' title='bbox 3578 5046 3638 5101; x_wconf 69' lang='grc' dir='ltr'><strong>δὲ</strong></span> <span class='ocrx_word' id='word_1_890' title='bbox 3672 5047 3730 5100; x_wconf 59' lang='grc' dir='ltr'><strong>ἐν</strong></span> <span class='ocrx_word' id='word_1_891' title='bbox 3756 5044 3835 5115; x_wconf 64' lang='grc' dir='ltr'><strong>τῷ</strong></span> 
     </span>
    </p>
   </div>
   <div class='ocr_carea' id='block_1_102' title="bbox 2265 5143 3835 5226">
    <p class='ocr_par' dir='ltr' id='par_1_102' title="bbox 2265 5143 3835 5226">
     <span class='ocr_line' id='line_1_102' title="bbox 2265 5143 3835 5226; baseline -0.007 -18"><span class='ocrx_word' id='word_1_892' title='bbox 2265 5155 2458 5226; x_wconf 68' lang='grc' dir='ltr'>Πατρὶ,</span> <span class='ocrx_word' id='word_1_893' title='bbox 2496 5153 2638 5207; x_wconf 77' lang='grc' dir='ltr'>οὕτω</span> <span class='ocrx_word' id='word_1_894' title='bbox 2681 5153 2775 5206; x_wconf 73' lang='grc' dir='ltr'>καὶ</span> <span class='ocrx_word' id='word_1_895' title='bbox 2818 5153 2875 5204; x_wconf 83' lang='grc' dir='ltr'>ὲν</span> <span class='ocrx_word' id='word_1_896' title='bbox 2914 5148 2990 5220; x_wconf 84' lang='grc' dir='ltr'><strong>τῷ</strong></span> <span class='ocrx_word' id='word_1_897' title='bbox 3019 5148 3131 5219; x_wconf 77' lang='grc' dir='ltr'>Υίῷ</span> <span class='ocrx_word' id='word_1_898' title='bbox 3176 5150 3320 5200; x_wconf 78' lang='grc' dir='ltr'>ἐστιν</span> <span class='ocrx_word' id='word_1_899' title='bbox 3356 5149 3389 5217; x_wconf 88' lang='grc' dir='ltr'><strong>ἡ</strong></span> <span class='ocrx_word' id='word_1_900' title='bbox 3441 5146 3575 5216; x_wconf 81' lang='grc' dir='ltr'>ζωὴ,</span> <span class='ocrx_word' id='word_1_901' title='bbox 3626 5146 3714 5199; x_wconf 81' lang='grc' dir='ltr'>ἴνα</span> <span class='ocrx_word' id='word_1_902' title='bbox 3772 5143 3835 5197; x_wconf 73' lang='grc' dir='ltr'>τὸ</span> 
     </span>
    </p>
   </div>
   <div class='ocr_carea' id='block_1_103' title="bbox 2266 5244 3834 5325">
    <p class='ocr_par' dir='ltr' id='par_1_103' title="bbox 2266 5244 3834 5325">
     <span class='ocr_line' id='line_1_103' title="bbox 2266 5244 3834 5325; baseline -0.008 -17"><span class='ocrx_word' id='word_1_903' title='bbox 2266 5254 2568 5325; x_wconf 86' lang='grc' dir='ltr'>ἀδιαίρετον</span> <span class='ocrx_word' id='word_1_904' title='bbox 2598 5253 2689 5305; x_wconf 74' lang='grc' dir='ltr'><strong>καὶ</strong></span> <span class='ocrx_word' id='word_1_905' title='bbox 2716 5251 2881 5305; x_wconf 81' lang='grc' dir='ltr'>ἀΐδιον</span> <span class='ocrx_word' id='word_1_906' title='bbox 2904 5246 3107 5320; x_wconf 74' lang='grc' dir='ltr'>διδάξῃ.</span> <span class='ocrx_word' id='word_1_907' title='bbox 3133 5246 3228 5299; x_wconf 82' lang='grc' dir='ltr'><strong>Διὰ</strong></span> <span class='ocrx_word' id='word_1_908' title='bbox 3254 5245 3411 5297; x_wconf 79' lang='grc' dir='ltr'>τοῦτο</span> <span class='ocrx_word' id='word_1_909' title='bbox 3435 5246 3544 5318; x_wconf 76' lang='grc' dir='ltr'>γὰρ</span> <span class='ocrx_word' id='word_1_910' title='bbox 3568 5244 3663 5297; x_wconf 77' lang='grc' dir='ltr'><strong>καὶ</strong></span> <span class='ocrx_word' id='word_1_911' title='bbox 3686 5244 3834 5314; x_wconf 80' lang='grc' dir='ltr'>ἀκρι-</span> 
     </span>
    </p>
   </div>
   <div class='ocr_carea' id='block_1_104' title="bbox 604 5338 2157 5432">
    <p class='ocr_par' dir='ltr' id='par_1_104' title="bbox 604 5358 2157 5432">
     <span class='ocr_line' id='line_1_104' title="bbox 604 5358 2157 5432; baseline 0.005 -21"><span class='ocrx_word' id='word_1_912' title='bbox 604 5358 747 5412; x_wconf 84' lang='lat' dir='ltr'><strong>enim</strong></span> <span class='ocrx_word' id='word_1_913' title='bbox 772 5368 929 5415; x_wconf 90' lang='lat' dir='ltr'><strong>caute</strong></span> <span class='ocrx_word' id='word_1_914' title='bbox 951 5359 1110 5426; x_wconf 82' lang='lat' dir='ltr'><strong>dixit,</strong></span> <span class='ocrx_word' id='word_1_915' title='bbox 1148 5360 1335 5415; x_wconf 86' lang='lat' dir='ltr'><strong>Omnia</strong></span> <span class='ocrx_word' id='word_1_916' title='bbox 1358 5378 1678 5432; x_wconf 78' lang='lat' dir='ltr'><strong>qurecunque</strong></span> <span class='ocrx_word' id='word_1_917' title='bbox 1709 5364 1861 5418; x_wconf 84' lang='lat' dir='ltr'><strong>habet</strong></span> <span class='ocrx_word' id='word_1_918' title='bbox 1885 5363 2065 5429; x_wconf 85' lang='lat' dir='ltr'><strong>Pater,</strong></span> <span class='ocrx_word' id='word_1_919' title='bbox 2097 5375 2157 5418; x_wconf 94' lang='lat' dir='ltr'><strong>ut</strong></span> 
     </span>
    </p>
   </div>
   <div class='ocr_carea' id='block_1_105' title="bbox 2254 5338 3833 5432">
    <p class='ocr_par' dir='ltr' id='par_1_105' title="bbox 2268 5338 3833 5425">
     <span class='ocr_line' id='line_1_105' title="bbox 2268 5338 3833 5425; baseline -0.006 -18"><span class='ocrx_word' id='word_1_920' title='bbox 2268 5354 2379 5418; x_wconf 86' lang='grc' dir='ltr'><strong>ϐὦς</strong></span> <span class='ocrx_word' id='word_1_921' title='bbox 2432 5355 2671 5425; x_wconf 84' lang='grc' dir='ltr'>εἴρηκεν,</span> <span class='ocrx_word' id='word_1_922' title='bbox 2704 5353 2853 5405; x_wconf 80' lang='grc' dir='ltr'>Ὅσα</span> <span class='ocrx_word' id='word_1_923' title='bbox 2908 5350 3031 5419; x_wconf 75' lang='grc' dir='ltr'><strong>ἔχει</strong></span> <span class='ocrx_word' id='word_1_924' title='bbox 3082 5351 3115 5402; x_wconf 83' lang='grc' dir='ltr'><em>ὁ</em></span> <span class='ocrx_word' id='word_1_925' title='bbox 3160 5345 3383 5414; x_wconf 75' lang='grc' dir='ltr'>Πατὴρ,</span> <span class='ocrx_word' id='word_1_926' title='bbox 3438 5346 3561 5410; x_wconf 78' lang='grc' dir='ltr'>ἵνα,</span> <span class='ocrx_word' id='word_1_927' title='bbox 3600 5346 3692 5399; x_wconf 77' lang='grc' dir='ltr'>καὶ</span> <span class='ocrx_word' id='word_1_928' title='bbox 3732 5338 3833 5398; x_wconf 79' lang='grc' dir='ltr'>ὦδε</span> 
     </span>
    </p>
   </div>
   <div class='ocr_carea' id='block_1_106' title="bbox 608 5443 2157 5525">
    <p class='ocr_par' dir='ltr' id='par_1_106' title="bbox 608 5448 2157 5524">
     <span class='ocr_line' id='line_1_106' title="bbox 608 5448 2157 5524; baseline 0.003 -20"><span class='ocrx_word' id='word_1_929' title='bbox 608 5448 700 5504; x_wconf 90' lang='lat' dir='ltr'><strong>bic</strong></span> <span class='ocrx_word' id='word_1_930' title='bbox 740 5448 953 5507; x_wconf 83' lang='lat' dir='ltr'><strong>Patrem</strong></span> <span class='ocrx_word' id='word_1_931' title='bbox 1004 5452 1309 5517; x_wconf 89' lang='lat' dir='ltr'><strong>nominans,</strong></span> <span class='ocrx_word' id='word_1_932' title='bbox 1350 5453 1489 5508; x_wconf 92' lang='lat' dir='ltr'><strong>idem</strong></span> <span class='ocrx_word' id='word_1_933' title='bbox 1528 5455 1642 5524; x_wconf 89' lang='lat' dir='ltr'><strong>ipse</strong></span> <span class='ocrx_word' id='word_1_934' title='bbox 1682 5470 1787 5509; x_wconf 92' lang='lat' dir='ltr'><strong>non</strong></span> <span class='ocrx_word' id='word_1_935' title='bbox 1833 5469 1954 5510; x_wconf 88' lang='lat' dir='ltr'><strong>esse</strong></span> <span class='ocrx_word' id='word_1_936' title='bbox 1993 5455 2157 5510; x_wconf 86' lang='lat' dir='ltr'><strong>Pater</strong></span> 
     </span>
    </p>
   </div>
   <div class='ocr_carea' id='block_1_107' title="bbox 2254 5443 3831 5525">
    <p class='ocr_par' dir='ltr' id='par_1_107' title="bbox 2265 5443 3831 5525">
     <span class='ocr_line' id='line_1_107' title="bbox 2265 5443 3831 5525; baseline -0.008 -17"><span class='ocrx_word' id='word_1_937' title='bbox 2265 5455 2435 5525; x_wconf 80' lang='grc' dir='ltr'>λέγων</span> <span class='ocrx_word' id='word_1_938' title='bbox 2462 5455 2553 5508; x_wconf 83' lang='grc' dir='ltr'><strong>τὸν</strong></span> <span class='ocrx_word' id='word_1_939' title='bbox 2604 5454 2854 5525; x_wconf 88' lang='grc' dir='ltr'>Πατέρα,</span> <span class='ocrx_word' id='word_1_940' title='bbox 2900 5451 2975 5523; x_wconf 84' lang='grc' dir='ltr'>μὴ</span> <span class='ocrx_word' id='word_1_941' title='bbox 3012 5448 3103 5503; x_wconf 72' lang='grc' dir='ltr'><strong>καὶ</strong></span> <span class='ocrx_word' id='word_1_942' title='bbox 3146 5447 3306 5513; x_wconf 78' lang='grc' dir='ltr'>αὐτὸς</span> <span class='ocrx_word' id='word_1_943' title='bbox 3354 5446 3543 5519; x_wconf 74' lang='grc' dir='ltr'>Πατὴρ</span> <span class='ocrx_word' id='word_1_944' title='bbox 3584 5443 3831 5517; x_wconf 74' lang='grc' dir='ltr'>νομισθῇ.</span> 
     </span>
    </p>
   </div>
   <div class='ocr_carea' id='block_1_108' title="bbox 679 5561 2272 5629">
    <p class='ocr_par' dir='ltr' id='par_1_108' title="bbox 679 5561 2272 5629">
     <span class='ocr_line' id='line_1_108' title="bbox 679 5561 2272 5629; baseline 0.003 -13"><span class='ocrx_word' id='word_1_945' title='bbox 679 5562 727 5594; x_wconf 75' lang='grc'><strong><em>⁸⁵</em></strong></span> <span class='ocrx_word' id='word_1_946' title='bbox 766 5562 953 5618; x_wconf 84' lang='lat' dir='ltr'><strong>Matth.</strong></span> <span class='ocrx_word' id='word_1_947' title='bbox 990 5579 1023 5617; x_wconf 69' lang='grc' dir='ltr'>ι</span> <span class='ocrx_word' id='word_1_948' title='bbox 1046 5603 1061 5629; x_wconf 96' lang='grc'><strong>,</strong></span> <span class='ocrx_word' id='word_1_949' title='bbox 1107 5563 1196 5617; x_wconf 69' lang='grc'><strong>40.</strong></span> <span class='ocrx_word' id='word_1_950' title='bbox 1270 5563 1316 5594; x_wconf 87' lang='grc'><strong><em>⁸⁵</em></strong></span> <span class='ocrx_word' id='word_1_951' title='bbox 1353 5561 1505 5618; x_wconf 86' lang='lat' dir='ltr'><strong>Joan.</strong></span> <span class='ocrx_word' id='word_1_952' title='bbox 1535 5578 1656 5628; x_wconf 81' lang='lat' dir='ltr'><strong>xw,</strong></span> <span class='ocrx_word' id='word_1_953' title='bbox 1696 5564 1748 5619; x_wconf 93' lang='lat'><strong>9.</strong></span> <span class='ocrx_word' id='word_1_954' title='bbox 1821 5564 1869 5596; x_wconf 82' lang='grc'><strong><em>⁸⁸</em></strong></span> <span class='ocrx_word' id='word_1_955' title='bbox 1904 5562 2059 5618; x_wconf 82' lang='lat' dir='ltr'><strong>Joan.</strong></span> <span class='ocrx_word' id='word_1_956' title='bbox 2091 5578 2143 5629; x_wconf 92' lang='lat' dir='ltr'><strong>v,</strong></span> <span class='ocrx_word' id='word_1_957' title='bbox 2182 5564 2272 5620; x_wconf 69' lang='lat'><strong>26.</strong></span> 
     </span>
    </p>
   </div>
   <div class='ocr_carea' id='block_1_109' title="bbox 683 5662 2157 5745">
    <p class='ocr_par' dir='ltr' id='par_1_109' title="bbox 683 5676 1543 5744">
     <span class='ocr_line' id='line_1_109' title="bbox 683 5676 1543 5744; baseline 0.003 -16"><span class='ocrx_word' id='word_1_958' title='bbox 683 5676 796 5743; x_wconf 65' lang='lat' dir='ltr'><strong>(7A)</strong></span> <span class='ocrx_word' id='word_1_959' title='bbox 814 5676 920 5729; x_wconf 84' lang='grc' dir='ltr'>Καί</span> <span class='ocrx_word' id='word_1_960' title='bbox 947 5677 1097 5732; x_wconf 87' lang='lat' dir='ltr'><strong>deest</strong></span> <span class='ocrx_word' id='word_1_961' title='bbox 1118 5676 1169 5729; x_wconf 91' lang='lat' dir='ltr'><strong>in</strong></span> <span class='ocrx_word' id='word_1_962' title='bbox 1192 5676 1543 5744; x_wconf 79' lang='lat' dir='ltr'><strong>Segneriano.</strong></span> 
     </span>
    </p>
   </div>
   <div class='ocr_carea' id='block_1_110' title="bbox 2254 5662 3833 5745">
    <p class='ocr_par' dir='ltr' id='par_1_110' title="bbox 2276 5662 3833 5745">
     <span class='ocr_line' id='line_1_110' title="bbox 2276 5662 3833 5745; baseline -0.008 -16"><span class='ocrx_word' id='word_1_963' title='bbox 2276 5676 2389 5729; x_wconf 77' lang='grc' dir='ltr'>ἔστι</span> <span class='ocrx_word' id='word_1_964' title='bbox 2422 5674 2625 5745; x_wconf 88' lang='grc' dir='ltr'>κτίσμα</span> <span class='ocrx_word' id='word_1_965' title='bbox 2657 5672 2859 5745; x_wconf 36' lang='grc' dir='ltr'><strong>ὁῌΥίός.</strong></span> <span class='ocrx_word' id='word_1_966' title='bbox 2908 5669 2986 5745; x_wconf 88' lang='lat' dir='ltr'><strong>Et_</strong></span> <span class='ocrx_word' id='word_1_967' title='bbox 3033 5668 3363 5745; x_wconf 50' lang='lat' dir='ltr'><strong>patilo~pos_t</strong></span> <span class='ocrx_word' id='word_1_968' title='bbox 3404 5666 3563 5721; x_wconf 88' lang='lat' dir='ltr'><strong>iidem</strong></span> <span class='ocrx_word' id='word_1_969' title='bbox 3632 5678 3737 5745; x_wconf 60' lang='lat' dir='ltr'><strong>pro</strong></span> <span class='ocrx_word' id='word_1_970' title='bbox 3771 5662 3833 5718; x_wconf 70' lang='grc' dir='ltr'>τὸ</span> 
     </span>
    </p>
   </div>
   <div class='ocr_carea' id='block_1_111' title="bbox 688 5733 2157 5829">
    <p class='ocr_par' dir='ltr' id='par_1_111' title="bbox 688 5733 2122 5829">
     <span class='ocr_line' id='line_1_111' title="bbox 688 5733 2122 5829; baseline 0.003 -32"><span class='ocrx_word' id='word_1_971' title='bbox 688 5733 1138 5829; x_wconf 44' lang='lat' dir='ltr'><strong>lZf&#39;iLGoblennet</strong></span> <span class='ocrx_word' id='word_1_972' title='bbox 1166 5733 1398 5825; x_wconf 67' lang='grc' dir='ltr'><strong>Εειξιςηι.</strong></span> <span class='ocrx_word' id='word_1_973' title='bbox 1444 5747 1466 5798; x_wconf 85' lang='lat' dir='ltr'><strong>l</strong></span> <span class='ocrx_word' id='word_1_974' title='bbox 1498 5747 2028 5829; x_wconf 45' lang='lat' dir='ltr'><strong>an‘onxmqﬁﬂélftc.</strong></span> <span class='ocrx_word' id='word_1_975' title='bbox 2110 5817 2122 5829; x_wconf 76' lang='lat'><em>_</em></span> 
     </span>
    </p>
   </div>
   <div class='ocr_carea' id='block_1_112' title="bbox 2254 5733 3829 5829">
    <p class='ocr_par' dir='ltr' id='par_1_112' title="bbox 2276 5733 3829 5829">
     <span class='ocr_line' id='line_1_112' title="bbox 2276 5733 3829 5829; baseline -0.006 -30"><span class='ocrx_word' id='word_1_976' title='bbox 2276 5746 2425 5807; x_wconf 73' lang='grc' dir='ltr'>αὑτό,</span> <span class='ocrx_word' id='word_1_977' title='bbox 2455 5733 2649 5829; x_wconf 70' lang='lat' dir='ltr'><strong>habent</strong></span> <span class='ocrx_word' id='word_1_978' title='bbox 2680 5740 2760 5829; x_wconf 36' lang='grc' dir='ltr'><strong>ἦν*</strong></span> <span class='ocrx_word' id='word_1_979' title='bbox 2793 5733 2926 5829; x_wconf 60' lang='grc' dir='ltr'>ξτρτε</span> <span class='ocrx_word' id='word_1_980' title='bbox 2961 5733 3047 5829; x_wconf 52' lang='grc' dir='ltr'><strong>ὅτε</strong></span> <span class='ocrx_word' id='word_1_981' title='bbox 3075 5739 3172 5791; x_wconf 80' lang='grc' dir='ltr'><strong>οὐκ</strong></span> <span class='ocrx_word' id='word_1_982' title='bbox 3319 5736 3384 5794; x_wconf 81' lang='lat' dir='ltr'><strong>Et</strong></span> <span class='ocrx_word' id='word_1_983' title='bbox 3412 5733 3667 5808; x_wconf 66' lang='lat' dir='ltr'><strong>prmtcrca</strong></span> <span class='ocrx_word' id='word_1_984' title='bbox 3695 5734 3829 5805; x_wconf 67' lang='grc' dir='ltr'><strong>Κοδ-</strong></span> 
     </span>
    </p>
   </div>
   <div class='ocr_carea' id='block_1_113' title="bbox 687 5809 2157 5885">
    <p class='ocr_par' dir='ltr' id='par_1_113' title="bbox 687 5809 2157 5885">
     <span class='ocr_line' id='line_1_113' title="bbox 687 5809 2157 5885; baseline 0.004 -19"><span class='ocrx_word' id='word_1_985' title='bbox 687 5814 797 5885; x_wconf 82' lang='lat'><strong>(76)</strong></span> <span class='ocrx_word' id='word_1_986' title='bbox 817 5814 1029 5885; x_wconf 73' lang='lat' dir='ltr'><strong>Regius,</strong></span> <span class='ocrx_word' id='word_1_987' title='bbox 1060 5814 1437 5885; x_wconf 78' lang='lat' dir='ltr'><strong>Seguerianus,</strong></span> <span class='ocrx_word' id='word_1_988' title='bbox 1459 5826 1513 5874; x_wconf 89' lang='lat' dir='ltr'><strong>ct</strong></span> <span class='ocrx_word' id='word_1_989' title='bbox 1541 5809 1862 5883; x_wconf 71' lang='lat' dir='ltr'><strong>Basiliensis,</strong></span> <span class='ocrx_word' id='word_1_990' title='bbox 1892 5809 2157 5883; x_wconf 64' lang='grc' dir='ltr'>οὓτωςοὺν</span> 
     </span>
    </p>
   </div>
   <div class='ocr_carea' id='block_1_114' title="bbox 2254 5809 3196 5885">
    <p class='ocr_par' dir='ltr' id='par_1_114' title="bbox 2276 5809 3196 5880">
     <span class='ocr_line' id='line_1_114' title="bbox 2276 5809 3196 5880; baseline -0.011 -7"><span class='ocrx_word' id='word_1_991' title='bbox 2276 5825 2329 5873; x_wconf 86' lang='grc' dir='ltr'>ει</span> <span class='ocrx_word' id='word_1_992' title='bbox 2363 5815 2481 5880; x_wconf 64' lang='lat' dir='ltr'><strong>Sea.</strong></span> <span class='ocrx_word' id='word_1_993' title='bbox 2510 5809 2714 5870; x_wconf 77' lang='lat' dir='ltr'><strong>addunt</strong></span> <span class='ocrx_word' id='word_1_994' title='bbox 2735 5814 2768 5878; x_wconf 80' lang='grc' dir='ltr'><strong>ἡ</strong></span> <span class='ocrx_word' id='word_1_995' title='bbox 2795 5811 2852 5876; x_wconf 77' lang='grc' dir='ltr'>ἐξ</span> <span class='ocrx_word' id='word_1_996' title='bbox 2877 5811 2974 5865; x_wconf 80' lang='grc' dir='ltr'><strong>οὐκ</strong></span> <span class='ocrx_word' id='word_1_997' title='bbox 3012 5809 3196 5864; x_wconf 78' lang='grc' dir='ltr'>ὄντων.</span> 
     </span>
    </p>
   </div>
  </div>
