4006 6502
218 340 308 397 217

1037 343 1106 399 ιΝ
1146 344 1371 412 ILLUD,
1407 346 1623 402 OMNIA
1661 348 1810 405 MIHI
1851 349 2155 408 TRADITA
2192 351 2395 420 SUNT,
2431 352 2585 410 ETC.

3337 359 3447 421 218

217 460 278 513 Οὐ
306 458 406 529 γὰρ
427 458 673 528 εἴρηκεν,
716 457 851 527 Ἐγώ
877 461 989 531 εἰμι
1011 461 1038 513 6
1060 462 1269 533 Πατὴρ,
1303 462 1440 528 ἀλλ’,
1472 463 1619 516 Ὅσα
1643 463 1767 532 ἔχει

1872 469 2204 522 crederetur.
2262 467 2505 537 Namque
2560 482 2665 522 non
2725 467 2883 537 dixit,
2935 468 3050 541 Ego
3090 485 3210 529 sum
3254 471 3443 546 Pater,

216 553 244 603 ὁ
266 547 475 615 Πατήρ.

275 639 320 693 5.
359 640 547 710 Πατὴρ
600 641 695 709 μὲν
730 640 865 711 γὰρ,
905 634 949 694 ὦ
1002 642 1287 713 Ἀρειανοὶ,
1329 644 1481 716 παρὰ
1521 645 1615 698 τοῦ
1656 648 1769 700 [Ια-

213 731 321 803 τρὸς
348 732 674 800 χρηματίζοι
712 734 739 784 6
772 734 1058 803 μονογενὴς
1094 735 1218 797 Υἱὸς
1251 736 1434 798 αὐτοῦ,
1463 738 1522 789 οὐ
1560 736 1665 809 μὴν
1692 738 1768 803 ὡς

215 823 349 891 ὑμεῖς
375 822 716 892 πλανώμενοι
753 826 877 887 ἴσως
907 825 969 878 ἂν
1000 827 1335 891 ὑπολάϐοιτε,
1362 829 1477 881 ἀλλ’
1510 830 1637 893 Υἱὸς
1670 831 1766 901 μὲν

213 912 290 964 τοῦ
337 913 695 982 γεννήσαντος
744 916 971 987 Πατρὸς,
1020 917 1199 987 πατὴρ
1235 918 1291 970 δὲ
1336 917 1431 970 τοῦ
1482 910 1766 988 μέλλοντος

214 1003 401 1063 αἰῶνος.
448 1004 542 1053 Δεῖ
575 1004 685 1073 γὰρ
748 1004 899 1073 ὑμῶν
950 1007 1126 1069 πάσας
1177 1007 1275 1069 τὰς
1313 1007 1569 1071 ὑπονοίας
1610 1025 1767 1080 περι-

212 1093 501 1162 ελεῖνφησὶ
534 1093 667 1161 γοῦν
702 1094 787 1147 διὰ
809 1095 900 1147 τοῦ
932 1098 1206 1167 προφήτου
1226 1115 1239 1127 ·
1269 1098 1586 1167 Ἐγεννήθη
1620 1101 1767 1169 ἡμῖν

218 1188 349 1251 Υἱὸς,
381 1186 479 1239 καὶ
513 1186 700 1254 ἐδόθη
746 1186 907 1255 ἡμῖν,
941 1184 1013 1243 οὗ
1054 1190 1092 1257 ἠ
1133 1188 1288 1257 ἀρχὴ
1334 1189 1431 1241 ἐπὶ
1464 1190 1570 1243 τοῦ
1600 1192 1763 1260 ὤμου

210 1278 389 1341 αὐτοῦ,
438 1280 537 1331 καὶ
593 1280 859 1333 καλεῖται
911 1280 975 1333 τὸ
1024 1280 1207 1342 ὄνομα
1258 1282 1443 1336 αὑτοῦ
1486 1284 1763 1354 Μεγάλης

207 1368 417 1437 βουλῆς
462 1369 751 1439 ἅγγελος,
796 1370 939 1437 Θεὸς
988 1374 1264 1441 ἰσχυρὸς,
1330 1373 1759 1441 ἐξουσιαστὴς,

210 1460 378 1529 πατὴρ
410 1461 518 1514 τοῦ
564 1460 899 1530 μέλλοντος
934 1463 1167 1529 αἰῶνος.
1205 1466 1411 1518 Ούκοῦν
1451 1466 1543 1518 καὶ
1577 1469 1761 1537 πατὴρ

208 1551 282 1604 τοῦ
322 1551 607 1621 μέλλοντος
658 1553 850 1615 αἰῶνος
886 1555 913 1605 ὁ
944 1554 1269 1625 Ἀηιονογενὴς,
1306 1558 1397 1608 καὶ
1430 1556 1560 1620 Θεὸς
1610 1559 1760 1628 ἰσχυ-

212 1641 298 1711 ρὸς,
332 1641 423 1693 καὶ
450 1641 808 1713 ἐξουσιαστὴς
838 1645 866 1696 6
901 1644 1023 1707 Υἱὸς
1069 1646 1301 1716 ὑπάρχει
1332 1646 1425 1699 τοῦ
1469 1648 1633 1701 Θεοῦ*
1668 1650 1761 1702 καὶ

209 1733 364 1801 σαφῶς
392 1733 689 1799 δέδεικται,
722 1735 802 1788 ὅτι
834 1736 1027 1799 πάντα,
1078 1738 1176 1790 ὅσα
1208 1739 1319 1808 ἔχει
1349 1741 1377 1791 6
1420 1740 1629 1810 Πατὴρ,
1666 1742 1762 1793 αύ-

206 1822 280 1875 τοῦ
304 1826 434 1886 ἐστι,
462 1824 562 1877 καὶ
600 1823 784 1888 καθὼς
814 1824 953 1897 ζωὴν
992 1827 1203 1881 δίδωσιν
1231 1831 1260 1881 6
1299 1829 1505 1899 Πατὴρ,
1548 1830 1642 1883 καὶ
1684 1830 1761 1900 τῷ

207 1916 299 1987 Υῐῷ
350 1918 562 1987 ὁμοίως
639 1918 902 1989 πάρεστιν
950 1918 1043 1983 οὓς
1091 1920 1233 1973 θέλει
1288 1920 1567 1984 ζωοποιεῖν
1626 1923 1756 1991 (77).

216 2008 583 2061 Ἀκούσονται
636 2008 769 2079 γὰρ,
804 2009 956 2079 φησὶ,
1003 2008 1113 2077 τῆς
1158 2008 1363 2085 φωνῆς
1392 1995 1497 2064 ’ἑοῦ
1540 2011 1676 2064 Υίοῦ
1706 2015 1761 2067 οι

204 2099 392 2167 νεκροὶ,
422 2100 525 2152 καὶ
561 2098 866 2167 (domat.
924 2101 1032 2154 Καὶ
1072 2084 1380 2172 ἒνέ-’Ὶθέλημα
1423 2103 1629 2175 lla-:96;
1668 2106 1760 2157 καὶ

205 2190 311 2243 Υίοῦ
344 2191 436 2244 καὶ
472 2191 752 2263 βούλημα,
787 2192 906 2244 ἐπεὶ
932 2194 1024 2245 καὶ
1057 2196 1090 2264 ἡ
1133 2192 1291 2261 φύσις
1322 2194 1419 2263 μία
1464 2195 1557 2247 καὶ
1590 2195 1761 2248 ἀδιαί-

204 2299 348 2354 ρετος.
376 2285 492 2337 Καὶ
520 2283 799 2354 περισσῶς
826 2285 873 2337 οἱ
909 2285 1169 2356 Ἀρειανοὶ
1202 2286 1489 2339 κόπτουσιν
1516 2289 1755 2351 ἑαυτοὺς,

205 2376 263 2446 μὴ
278 2376 517 2440 νοοῦντες
530 2376 594 2428 τὺ
610 2378 901 2448 εἰρημένον
918 2378 1049 2448 πρὸς
1072 2377 1180 2447 (78)
1196 2377 1290 2430 τοῦ
1314 2379 1564 2450 Σωτῆρος
1581 2380 1756 2451 ἡμῶν,

204 2467 263 2530 c6,
294 2467 516 2533 Πάντα,
548 2467 671 2522 ὅσα
701 2470 824 2536 ἔχει
852 2471 884 2522 ὀ
908 2469 1131 2537 Πατὴρ,
1157 2469 1270 2537 ἐμά
1294 2470 1481 2523 ἐστιν.
1527 2472 1621 2523 Ἐκ
1648 2471 1757 2543 γὰρ

202 2559 379 2623 τούτου,
406 2561 510 2613 καὶ
538 2561 571 2632 ή
614 2560 905 2613 Σαϐελλίω
945 2561 1309 2632 ἀνατρέπεται
1340 2565 1756 2635 παραφροσύνη,

201 2652 277 2702 καί
306 2651 409 2703 τῶν
454 2650 559 2705 νῦν
600 2652 871 2705 Ἰουδαίων
906 2651 1111 2720 ἐλέγξει
1146 2654 1242 2720 τὴν
1276 2654 1479 2709 ἄνοιαν.
1522 2656 1622 2708 Διὰ
1652 2656 1759 2727 γὰρ

199 2743 327 2797 τοῦτο
358 2743 510 2817 ζωὴν
540 2745 683 2815 ἔχων
715 2747 772 2798 ἐν
800 2744 975 2815 ἑαυτῷ
997 2748 1025 2797 6
1051 2746 1378 2818 Μονογενὴς,
1415 2747 1490 2810 ὼς
1509 2749 1537 2800 6
1572 2749 1758 2821 Πατὴρ

199 2833 305 2903 ἔχει,
335 2836 428 2887 καὶ
464 2834 629 2903 μόνος
658 2829 767 2886 οἶδε
801 2833 884 2897 τίς
923 2835 1067 2886 ἐστιν
1098 2837 1125 2888 6
1160 2835 1366 2905 Πατὴρ,
1395 2838 1451 2889 ὲν
1482 2837 1560 2907 τῷ
1587 2838 1761 2908 Πατρὶ

197 2920 273 2988 ὢν,
298 2925 385 2976 καὶ
416 2923 564 2993 ἔχων
587 2926 645 2976 ὲν
677 2923 857 2995 ἐαυτῷ
884 2924 975 2977 τὸν
1014 2924 1251 2996 Πατέρα.
1279 2924 1456 2979 Είκὼν
1488 2928 1594 2997 γάρ
1621 2930 1758 2993 ἐστι,

197 3016 273 3067 καὶ
304 3014 637 3080 ἀκολούθως,
676 3014 754 3079 ὼς
780 3017 837 3069 ὲν
865 3016 1060 3082 εἰκόνι,
1106 3017 1283 3072 πάντα
1324 3018 1391 3071 τὰ
1418 3018 1511 3071 τοῦ
1550 3021 1761 3091 Πατρὸς

196 3106 244 3159 ἐν
270 3107 409 3178 αὐτῷ
444 3100 561 3176 (79)
600 3108 742 3160 ἐστι.
780 3107 1023 3178 Σφραγὶς
1064 3109 1171 3180 γάρ
1224 3110 1373 3161 ἐστιν
1422 3110 1671 3175 ίσότυπος
1702 3113 1760 3163 ὲν

194 3197 319 3269 om;
366 3162 588 3262 δεικνύς
651 3197 744 3249 τὸν
793 3162 1044 3269 Πέτέροῇ
1075 3162 1261 3267 ’Λέγος
1307 3198 1438 3265 ζῶν,
1481 3162 1757 3270 ἀληθινὸς,
1786 3162 1830 3221 C

194 3286 421 3360 δύναμις,
461 3288 650 3359 σοφία,
692 3288 980 3358 ἁγιασμὸς,
1019 3290 1115 3342 καὶ
1162 3288 1542 3361 ἀπολύτρωσις
1581 3290 1760 3363 ἡμῶν.

204 3379 290 3432 Ἐν
324 3378 489 3444 αὐτῷ
540 3378 658 3448 γὰρ
705 3377 804 3430 καὶ
855 3376 1060 3446 ζῶμεν,
1112 3377 1211 3431 καὶ
1266 3380 1613 3448 κινούμεθα,
1662 3380 1764 3435 καί

197 3467 393 3540 ἐσμεν·
427 3470 548 3535 καὶ,
584 3467 801 3534 Οὐδεὶς
842 3466 1117 3538 γινώσκει
1155 3468 1242 3535 τίς
1281 3470 1450 3523 ἐστιν
1485 3472 1518 3524 ό
1560 3472 1763 3539 Πατὴρ

196 3564 239 3615 εὶ
260 3562 339 3633 μὴ
373 3566 406 3619 d
451 3563 611 3629 Υἱὸς,
659 3559 758 3613 καὶ
791 3560 882 3625 τίς
917 3559 1087 3613 ἐστιν
1123 3562 1155 3613 ὁ
1206 3560 1337 3625 Υἱὸς
1366 3562 1418 3613 εὶ
1442 3561 1529 3629 μὴ
1568 3561 1601 3615 ὀ
1644 3563 1764 3615 Πα-

196 3669 306 3720 τηρ.

253 3745 299 3799 6.
336 3745 445 3798 Kal.
472 3744 593 3807 πῶς
629 3741 899 3812 τολμῶσιν
923 3741 970 3794 oi
1000 3740 1277 3805 δυσσεϐεῖς
1312 3740 1588 3811 φλυαρεῖν,
1616 3740 1652 3794 ἃ
1688 3740 1763 3813 μὴ

198 3835 369 3907 θέμις,
416 3838 703 3909 ἄνθρωποι
749 3835 932 3898 ὄντες,
977 3834 1168 3887 καὶτὰ
1201 3835 1293 3887 ἐπὶ
1344 3835 1445 3905 γῆς
1478 3834 1576 3905 οὐχ
1618 3834 1766 3905 εὑρί-

197 3945 399 3993 σκοντες
440 3926 843 4000 διηγήσασθαις
884 3925 948 3978 Τί
993 3925 1051 3979 δὲ
1091 3925 1234 3994 λέγω
1278 3926 1347 3980 τὰ
1374 3927 1467 3979 ἐπὶ
1507 3926 1645 3997 ﬂe;
1696 3926 1765 3980 τὰ

196 4020 387 4073 ἑαυτῶν
426 4022 560 4091 ἡμῖν
608 4016 945 4079 εἰπάτωσαν,
994 4017 1043 4087 εί
1074 4016 1180 4086 ἄρα
1222 4016 1399 4088 εὑρεῖν
1447 4016 1765 4087 δυνήσονται

194 4113 278 4187 τῂν
316 4112 527 4187 ἑαυτῶν
576 4109 879 4179 ὲξιχνιάσαι
926 4107 1121 4176 φύσιν,
1148 4107 1420 4179 Τολμηρο)⁸
1472 4107 1638 4171 ὅντως
1671 4109 1766 4163 καὶ⁵

196 4188 451 4269 ιιθᾶἑὲίέ,
482 4202 643 4268 δόξας
686 4200 749 4251 ού
783 4198 1097 4270 τρέμοντες,
1128 4197 1258 4252 ἔνθα
1290 4197 1647 4269 ἐπιθυμοῦσιν
1674 4198 1767 4266 ἆγ-

196 4298 328 4365 γελοι
366 4294 715 4368 παρακῦψαι,
759 4293 854 4345 καὶ
898 4290 1135 4361 τοσούτῳ
1179 4291 1275 4344 καὶ
1318 4292 1417 4362 τὴν
1465 4290 1625 4359 φύσιν
1672 4291 1766 4343 καὶ

196 4389 280 4459 τὴν
301 4390 448 4455 τάξιν
478 4386 766 4457 ἀνώτεροι.
796 4383 861 4436 Τί
892 4382 999 4454 γὰρ
1038 4382 1332 4454 ἐγγύτερον
1366 4382 1474 4435 τῶν
1501 4379 1765 4453 χερουϐὶμ

197 4480 352 4551 ἧτῶν
386 4478 668 4552 σεραφίμς
723 4476 818 4529 καὶ
873 4474 1023 4545 ὅμως
1072 4473 1192 4527 οὐδὲ
1238 4472 1479 4547 ὁρῶντα,
1526 4472 1559 4544 ἢ
1606 4472 1763 4524 ποσὶν

199 4575 409 4638 ἑστῶτα,
436 4573 552 4627 ἀλλ’
592 4569 717 4623 οὐδὲ
746 4570 992 4639 γυμνοῖς,
1026 4566 1458 4640 κεκαλυμμένοις
1491 4566 1547 4619 δὲ
1574 4565 1763 4639 ῶσπερ

200 4668 418 4731 καὶτοῖς
476 4661 790 4737 προσώποις
830 4659 928 4731 τὴν
977 4658 1283 4727 δοξολογίαν
1341 4659 1760 4729 προσφέρουσιν,

198 4759 476 4820 ἀπαύστοις
516 4758 633 4817 τοῖς
682 4752 915 4823 χείλεσιν
959 4751 1109 4803 οὐδὲν
1161 4750 1347 4821 ἓτερον
1386 4749 1418 4820 ἢ
1467 4749 1565 4819 τὴν
1612 4747 1763 4800 θείαν

200 4852 278 4904 καὶ
300 4854 577 4924 ἇσραστον
617 4846 778 4915 φύσιν
809 4846 874 4915 τῇ
906 4842 1282 4913 τρισαγιότητι
1311 4839 1619 4907 δοξάζοντα.
1652 4840 1763 4893 Καὶ

199 4942 412 5013 οὐδαμοῦ
445 4957 532 5004 τις
567 4936 679 4991 τῶν
710 4933 1009 4988 θεσπεσίων
1044 4930 1359 5003 προφητῶν,
1394 4930 1503 4983 τῶν
1531 4929 1765 5000 μάλιστα

203 5034 625 5100 καταξιωθέντων
662 5030 760 5097 τῆς
791 5024 1047 5096 τοιαύτης
1073 5024 1221 5089 θέας,
1245 5020 1578 5092 ἀπήγγειλεν
1609 5022 1764 5091 ἡμῖν,

202 5128 268 5181 ὅτι
300 5132 352 5182 ὲν
371 5131 470 5201 μὲν
485 5127 565 5196 τῷ
598 5121 746 5185 ἅπαξ
762 5122 933 5173 εἰπεῖν
958 5119 1041 5181 τὸ,
1073 5117 1261 5186 ἅγιος,
1282 5114 1490 5186 μεγάλῃ
1504 5116 1570 5183 τῇ
1588 5115 1761 5183 φωνῇ,

203 5220 249 5273 ὲν
265 5222 315 5275 δὲ
332 5222 407 5292 τῷ
430 5215 785 5286 δευτερῶσαι,
812 5209 1002 5283 ἧσσον,
1027 5211 1085 5262 ὲν
1106 5209 1161 5261 δὲ
1180 5208 1257 5278 τῷ
1278 5206 1611 5277 τρισσεῦσαι,
1636 5205 1767 5257 ὑπο-

201 5310 521 5385 ϐεϐηκάτως·
571 5306 669 5360 καὶ
720 5303 857 5375 μετὰ
892 5301 1049 5354 τοῦτο
1096 5299 1185 5352 τὸν
1234 5297 1445 5369 πρῶτον
1497 5294 1763 5365 ἁγιασμὸν

201 5401 624 5475 κυριολογοῦντα,
679 5396 769 5449 τὸν
821 5394 876 5446 δὲ
912 5392 1161 5462 δεύτερον
1219 5389 1622 5450 ὑποτάσσοντα,
1670 5385 1763 5438 xei.

1867 558 1985 623 sed,
2016 557 2354 628 Quwcunque
2381 560 2533 612 habet
2560 558 2740 613 Pater.

1937 648 1991 703 5.
2033 649 2289 719 Equidem
2328 651 2439 718 ipse
2468 650 2772 721 unigenitus
2805 652 2895 707 Dei
2937 652 3126 722 Filius,
3171 660 3439 727 oAriani,

1864 745 2016 805 pater
2053 753 2264 808 quoque
2291 755 2319 792 a
2354 738 2513 793 Patre
2542 740 2857 809 appelletur,
2894 746 2987 797 sed
3020 761 3126 799 non
3158 764 3223 802 eo
3276 767 3439 805 sensu

1864 841 2024 896 quem
2052 843 2146 882 vos
2180 840 2421 883 errantes
2453 828 2591 883 forte
2639 831 2985 899 suspicamiui
3016 852 3028 886 :
3059 846 3116 887 at
3159 848 3312 904 pater
3353 839 3440 893 fu-

1866 918 1973 971 turi
2019 918 2197 973 smculi
2227 920 2441 973 dicitur.
2468 919 2696 976 Necesse
2718 932 2802 977 est
2835 923 2981 977 enim
3012 936 3225 981 vestras
3251 944 3439 983 omnes

1863 1008 2027 1064 falsas
2068 1011 2403 1078 suspiciones
2459 1014 2774 1080 praecidere.
2820 1014 2898 1068 En
2948 1017 3113 1085 igitur
3158 1020 3438 1087 propheta:

1862 1102 2025 1154 verba
2066 1119 2079 1154 :
2121 1099 2337 1154 Cenitus
2366 1112 2441 1157 est
2486 1106 2630 1157 nobis
2663 1104 2834 1159 Filius
2867 1116 2917 1159 et
2948 1110 3104 1161 datus
3144 1122 3217 1162 est
3267 1112 3430 1172 nobis,

1862 1190 2013 1259 cujus
2069 1192 2347 1258 imperium
2393 1210 2547 1257 super
2587 1196 2859 1248 humerum
2928 1199 3075 1267 ejus,
3121 1190 3173 1252 εἰ
3217 1211 3435 1254 vocatur

1862 1294 2047 1332 nomen
2092 1281 2237 1347 ejus,
2284 1283 2458 1350 magni
2504 1284 2709 1335 consilii
2759 1285 3018 1353 Angelus,
3078 1286 3214 1338 Deus
3254 1285 3433 1354 fortis,

1860 1380 2162 1437 potestatem
2192 1371 2405 1435 habens,
2441 1370 2600 1425 Pater
2628 1374 2793 1440 futuri
2831 1377 3009 1429 swculi
3034 1376 3097 1428 ⁵⁷.
3124 1375 3282 1429 Pater
3305 1392 3436 1444 ergo

1862 1460 2026 1514 futuri
2059 1462 2239 1516 smculi
2272 1473 2355 1517 est
2382 1463 2686 1531 unigenitus
2712 1466 2803 1519 Dei
2833 1466 2998 1521 Filius
3017 1467 3297 1521 utetDeus
3319 1466 3434 1521 for—

1866 1554 1933 1607 tis
1957 1562 2011 1606 et
2041 1568 2252 1607 summa
2285 1564 2550 1623 potestate
2574 1557 2866 1624 praeditus:
2897 1568 3056 1627 atque
3082 1559 3313 1614 dilucide
3344 1575 3437 1614 os-

1864 1654 2073 1698 tensum
2122 1656 2207 1698 est
2263 1647 2444 1699 omnia
2503 1663 2841 1716 quaecunque
2892 1648 3054 1703 Pater
3102 1650 3265 1704 habet
3314 1650 3437 1705 Filii

1860 1750 2073 1804 quoque
2098 1750 2242 1800 esse,
2279 1740 2729 1806 quemadmodum
2765 1740 2927 1794 Pater
2953 1743 3119 1795 vitam
3170 1742 3438 1811 impertit,

1793 1812 1836 1866 Β
1867 1824 1939 1876 ita
1966 1834 2018 1876 et
2052 1823 2246 1877 Filium
2284 1827 2475 1894 quibus
2511 1827 2740 1881 voluerit
2770 1829 2930 1882 vitam
2978 1831 3236 1884 tribuere.
3277 1830 3436 1891 Nam,

1868 1923 1925 1968 ut
1960 1914 2231 1983 Scriptura
2268 1926 2577 1983 praemonet,
2611 1917 2809 1970 Μονιυὶ
2846 1905 3064 1973 audierit
3103 1937 3272 1974 vocem
3299 1919 3436 1974 Filii

1865 2012 1913 2056 et
1938 2003 2104 2057 vivent
2131 2005 2196 2056 ⁵⁸.
2234 2004 2343 2058 L'na
2374 2021 2584 2075 quoque
2616 2005 2789 2060 Patris
2818 2020 2871 2061 et
2913 2009 3032 2062 Filii
3070 2021 3153 2064 est
3189 2012 3437 2067 voluntas

1865 2110 1929 2149 ac
1966 2098 2258 2162 sententia,
2287 2098 2413 2167 quia
2449 2114 2606 2152 uuam
2640 2110 2695 2154 et
2731 2100 3063 2154 individuam
3104 2102 3305 2157 habent
3339 2119 3435 2157 ua-

1868 2196 2063 2241 turam.
2108 2186 2329 2243 Frustra
2381 2191 2543 2259 igitur
2586 2192 2793 2260 seipsos
2846 2193 3164 2246 excruciant
3204 2194 3431 2260 Ariani,

1863 2279 1988 2333 dum
2038 2281 2153 2334 bare
2204 2284 2373 2335 nostri
2419 2283 2725 2337 Servaturis
2768 2284 2928 2337 verba
2972 2286 3190 2338 minime
3234 2286 3432 2339 inteili-

1864 2381 2018 2441 gunt,
2047 2372 2239 2427 Omnia
2265 2392 2582 2445 quwcunque
2614 2378 2763 2429 habet
2800 2377 2975 2441 Pater,
3020 2394 3131 2431 mea
3160 2388 3302 2432 sunt.
3344 2378 3433 2434 Si-

1862 2464 2076 2530 quidem
2126 2482 2191 2519 ex
2235 2468 2320 2522 his
2373 2482 2586 2536 quoque
2638 2470 2848 2537 penitus
2895 2469 3161 2523 evertitur
3209 2470 3432 2524 insanus

1866 2553 2082 2610 Sabellii
2122 2573 2293 2620 error,
2343 2571 2397 2613 et
2452 2559 2646 2614 invicte
2692 2561 3003 2629 coarguitur
3047 2560 3430 2616 hodiernorum

1863 2646 2168 2702 Judzeorum
2215 2650 2539 2719 insipientia.
2584 2649 2719 2705 llinc
2761 2653 2903 2705 enim
2940 2652 3101 2704 vitam
3137 2651 3187 2704 iu
3232 2664 3434 2707 semet-

1866 2740 1982 2808 ipso
2028 2741 2231 2796 habens
2263 2742 2598 2812 Unigcuitus,
2632 2742 3082 2810 quemadmodum
3123 2740 3284 2795 Pater
3334 2744 3433 2796 hac

1865 2831 1973 2895 hct,
2001 2832 2147 2886 solus
2178 2834 2325 2886 novit
2350 2834 2471 2900 quis
2498 2834 2569 2886 sit
2608 2832 2789 2898 Pater,
2818 2842 3003 2901 utpote
3031 2847 3151 2886 cum
3191 2833 3309 2902 ipse
3356 2834 3431 2889 sit

1865 2922 1919 2976 in
1968 2923 2158 2986 Patre,
2202 2934 2255 2977 et
2305 2922 2515 2977 Patrem
2578 2924 2773 2977 habeat
2817 2923 2869 2976 in
2922 2922 3119 2989 seipso.
3186 2922 3436 2990 Namque

1866 3012 2044 3083 imago
2073 3024 2187 3081 est,
2232 3025 2392 3083 atque
2434 3016 2566 3067 adeo
2605 3015 2784 3067 omnia
2824 3028 2942 3083 qua:
2971 3013 3145 3068 Patris
3186 3023 3333 3079 sunt,
3375 3016 3432 3070 in

1868 3104 1984 3174 ipso
2016 3118 2231 3173 quoque
2258 3114 2383 3158 sunt
2425 3105 2561 3158 sicut
2590 3105 2641 3157 in
2679 3105 2930 3173 imagine.
2960 3103 3168 3157 Etenim
3195 3105 3430 3174 sigillum

1861 3205 1945 3250 est
1978 3196 2220 3251 eamdem
2258 3196 2483 3250 formam
2521 3194 2781 3259 referens,
2809 3204 2864 3248 et
2907 3194 3118 3248 Patrem
3160 3195 3212 3248 in
3253 3198 3431 3265 seipso

1863 3298 2286 3357 repraesentans,
2342 3288 2569 3342 Verbum
2618 3287 2803 3340 vivens
2845 3294 2899 3339 et
2953 3300 3178 3363 verum,
3225 3287 3429 3350 virtus,

1862 3379 2149 3448 sapientia,
2181 3378 2537 3433 sanctiﬁcatio
2575 3387 2629 3433 et
2657 3378 2952 3447 redemptio
2982 3387 3184 3435 nostra.
3215 3375 3283 3431 In
3320 3378 3432 3447 ipso

1862 3472 2002 3524 enim
2037 3472 2273 3534 vivimus,
2303 3481 2350 3525 et
2389 3486 2673 3534 movemur,
2715 3478 2762 3522 et
2800 3484 2978 3522 sumus
3006 3469 3074 3524 ⁸⁸.
3117 3468 3184 3522 Ει
3211 3466 3434 3525 :.Nemo

1864 3565 2124 3633 cognoscit
2160 3566 2275 3634 quis
2308 3565 2375 3617 sit
2407 3561 2592 3629 Pater,
2623 3563 2724 3616 nisi
2753 3558 2969 3627 Filius;
3010 3571 3059 3615 et
3095 3561 3213 3631 quis
3242 3561 3307 3614 sit
3342 3558 3436 3614 Fi-

1862 3653 1987 3720 lius,
2026 3656 2127 3708 nisi
2162 3655 2316 3709 Pater
2341 3656 2406 3709 ⁸⁸.

1937 3744 1991 3800 6.
2032 3745 2169 3811 Quid
2202 3747 2362 3813 igitur
2398 3745 2546 3815 impii
2584 3744 2669 3799 his
2700 3745 2765 3799 de
2809 3745 2990 3809 rebus,
3021 3758 3158 3813 quas
3200 3747 3434 3800 scrutari

1865 3836 2017 3890 nefas
2049 3846 2152 3901 est,
2182 3836 2395 3891 ell'utire
2435 3852 2539 3889 nun
2584 3847 2871 3903 verentur;
2919 3836 3015 3900 illi,
3049 3837 3294 3906 inquam,
3339 3838 3436 3907 qui

1865 3938 1919 3983 et
1954 3928 2202 3982 homines
2231 3937 2377 3992 sunt,
2417 3943 2516 3983 nec
2548 3927 2631 3982 vel
2673 3927 2844 3996 ipsam
2879 3942 3058 3982 rerum
3095 3928 3435 3983 terrestrium

1866 4026 2114 4072 naturam
2179 4027 2405 4086 possunt
2456 4016 2746 4072 evolvere?
2790 4018 2935 4082 lnio,
2992 4033 3112 4088 quae
3156 4019 3243 4074 vel
3290 4018 3440 4087 ipsos

1866 4118 2140 4179 spectant,
2186 4110 2286 4178 ipsi
2321 4109 2590 4179 explicent
2618 4108 2800 4173 nobis,
2844 4124 2971 4163 num
3000 4109 3252 4165 videlicet
3279 4125 3433 4165 suam

1867 4201 2106 4270 ipsorum
2170 4211 2423 4255 naturam
2492 4202 2772 4269 percipere
2825 4200 3068 4267 queant?
3134 4199 3435 4255 Temerarii

1865 4302 2013 4347 certe
2042 4292 2116 4346 illi
2161 4293 2495 4359 nimiumque
2530 4293 2893 4356 conﬁdentes,
2938 4291 3029 4360 qui
3080 4291 3275 4345 divinze
3320 4306 3437 4343 ma-

1860 4384 2072 4454 iestatis
2105 4385 2331 4454 gloriam
2358 4382 2561 4451 absque
2592 4384 2699 4435 ullo
2722 4388 2962 4436 tremore
2999 4389 3333 4446 scrutantur,
3383 4383 3436 4437 in

1866 4492 2026 4547 quam
2072 4475 2245 4546 angeli
2303 4490 2425 4529 cum
2477 4483 2669 4527 natura
2722 4484 2829 4525 tum
2881 4474 3071 4526 ordine
3119 4474 3251 4539 ipsis
3300 4474 3441 4527 adeo

1870 4569 2177 4638 superiores
2210 4565 2515 4620 desiderant
2548 4564 2853 4633 prospicere
2876 4564 2939 4615 “.
2970 4565 3082 4633 86
3116 4564 3252 4630 Quid
3290 4567 3437 4619 enim

1872 4657 1982 4714 Deo
2014 4655 2367 4725 propinquius
2411 4669 2571 4722 quam
2621 4653 2901 4708 cherubim
2936 4664 2993 4707 et
3035 4654 3351 4723 seraphim?
3382 4668 3438 4711 ct

1871 4758 2050 4804 tamen
2098 4762 2202 4801 non
2234 4746 2434 4800 audent
2465 4744 2707 4813 aspicere
2748 4744 2827 4798 vel
2864 4745 3089 4814 pedibus
3124 4756 3293 4810 stare,
3330 4746 3440 4802 imo

1871 4857 1976 4895 non
2025 4840 2164 4893 nuda
2210 4837 2304 4892 sed
2357 4837 2571 4890 obtecta
2617 4836 2779 4889 veluti
2821 4835 2960 4891 facie
3001 4836 3207 4891 divinas
3253 4836 3443 4891 laudes

1866 4931 2027 4985 labiis
2059 4944 2329 4998 nunquam
2370 4927 2747 4981 deficientibus
2786 4928 3081 4995 celebrant,
3117 4930 3249 4984 nihil
3292 4931 3439 4985 aliud

1867 5038 2026 5093 quam
2055 5022 2251 5076 divina:
2285 5032 2341 5075 et
2388 5018 2783 5088 inexplicabilis
2827 5032 3035 5075 natura:
3080 5023 3305 5092 gloriam
3342 5026 3439 5078 tri-

1866 5114 1989 5185 plici
2020 5112 2321 5168 sanctitatis
2364 5113 2520 5168 titulo
2562 5115 2940 5184 praedicantes.
2984 5114 3092 5169 Nec
3130 5131 3261 5169 vero
3296 5115 3437 5172 ullus

1866 5219 1897 5259 e
1926 5203 2130 5259 sanctis
2164 5204 2459 5272 prophetis,
2492 5205 2579 5271 qui
2620 5202 2923 5272 hnjusmodi
2966 5204 3169 5256 visione
3202 5205 3437 5257 maxime

1871 5303 1998 5350 sunt
2048 5295 2195 5363 digni
2242 5293 2450 5359 habiti,
2501 5296 2656 5349 nobis
2706 5297 3031 5350 renuntiavit
3078 5296 3194 5347 illus
3242 5309 3435 5358 magna

1871 5400 2003 5440 voce
2042 5401 2167 5440 usos
2197 5402 2316 5441 esse
2345 5402 2465 5441 cum
2494 5399 2704 5439 sanctus
2744 5387 2916 5455 prima
2953 5391 3070 5439 vice
3102 5384 3434 5453 proferrent;

258 5542 298 5574 ⁸⁷
335 5542 437 5596 lsa.
466 5555 555 5605 ix,
589 5539 645 5593 6.
722 5535 769 5567 ³⁸
807 5535 960 5588 Joau.
991 5548 1045 5598 ν,
1099 5530 1188 5584 ‘25.
1262 5528 1307 5559 "
1348 5528 1465 5580 Act.
1496 5539 1627 5589 xvn,
1659 5521 1749 5574 28.

1865 5523 1871 5549 ’
1912 5518 2101 5574 Matth.
2130 5534 2202 5585 xv,
2232 5519 2321 5576 27.
2397 5520 2438 5552 ⁶¹
2481 5521 2498 5574 1
2541 5520 2682 5573 Petr.
2714 5535 2752 5582 ι,
2784 5519 2869 5571 l2.

257 5659 365 5727 (Π)
394 5657 487 5713 Sic
510 5655 646 5725 Reg.
667 5652 794 5724 Seg.
822 5660 878 5707 et
903 5648 1065 5704 Basil.
1100 5647 1202 5702 Alii
1234 5660 1359 5701 vero
1387 5651 1440 5699 et
1461 5641 1612 5707 editi,
1634 5640 1766 5704 ζωο-

197 5743 369 5867 ποίῆἓ)
396 5801 490 5858 Sic
529 5796 739 5864 Regius
765 5804 818 5849 et
848 5791 1072 5860 Segner.
1110 5787 1213 5843 Alii
1251 5800 1395 5849 vero,
1441 5782 1587 5851 περί.

1942 5636 2055 5705 (79)
2088 5636 2304 5704 Regius,
2327 5635 2705 5703 Seguerianus,
2733 5633 3084 5705 Goblerianus
3100 5642 3153 5686 et
3176 5632 3435 5689 Basilien-

1874 5702 1972 5773 sis,
2002 5702 2060 5759 ἐν
2082 5702 2277 5775 ἑαυτῷ,
2310 5702 2436 5760 utet
2461 5706 2621 5774 paulo
2655 5713 2795 5772 post,
2827 5702 2988 5757 Basil.
3018 5714 3266 5773 excepto.
