4006 6510
1140 340 1199 397 S.
1240 340 1611 398 ATHANASII
1653 341 1802 399 OPP.
1842 340 2020 395 PARS
2056 342 2097 397 Ι.
2140 373 2206 384 —-
2242 342 2608 398 HISTORICA
2648 341 2735 397 ET
2775 342 3204 399 DOGMATICA.

3300 325 3335 332 ,_.

3680 342 3783 399 29.0

547 462 724 515 minus
775 464 1241 529 clara,'secunda
1303 468 1461 533 vice;
1515 467 1781 523 submissa
1851 466 2098 533 denique,

2204 464 2293 516 τὸν
2314 464 2494 535 τρίτον
2516 460 2821 533 κατώτερον
2845 462 3082 515 τιθέντα.
3112 459 3248 512 Ἀλλ’
3272 461 3449 529 ἄπαγε
3474 458 3574 531 τῆς
3604 460 3788 525 ἀνοίας

546 556 706 608 tertia
751 556 867 611 vice
892 575 907 612 :
937 558 1238 629 deindeque
1280 559 1451 630 prima
1498 560 1785 614 sanctitate
1825 557 2105 609 Dominum

547 644 874 712 signiﬁcari,
927 648 1158 703 secunda
1208 651 1590 719 subjectionem
1642 646 1903 709 indicari,
1950 646 2105 700 tertia

546 734 759 786 demum
790 736 1100 792 inferiorem
1127 739 1393 809 designari
1422 738 1683 791 ordinem.
1714 734 1911 790 Verum
1938 750 2107 805 apage

546 821 827 877 lunninutn
862 825 966 879 Deo
1007 826 1295 881 invisorum
1345 827 1628 881 insaniam.
1671 826 1803 879 Nam
1842 827 2101 880 laudanda

545 912 877 982 colendaqne
915 925 969 970 et
1000 916 1268 971 adoranda
1298 917 1557 979 Trinitas,
1596 932 1697 970 una
1736 926 1790 972 et
1832 917 2103 972 individua

541 1010 647 1063 est.
689 1017 785 1056 nec
824 1004 981 1057 ullam
1030 1005 1250 1075 liguram
1288 1007 1476 1072 habet,
1518 1008 1609 1061 sed
1654 1008 1857 1074 absque
1908 1007 2105 1062 confu-

544 1090 695 1143 sione
734 1092 1088 1162 conjungitur,
1134 1096 1580 1164 quemadmodum
1631 1093 2102 1166 ejusdein'uuitas

542 1181 889 1249 distinguitur
914 1187 1118 1253 alisque
1158 1186 1440 1240 divisione.
1482 1186 1749 1240 Nimirum
1794 1191 2099 1242 veneranda

543 1268 635 1322 illa
674 1271 956 1337 animalia,
1001 1272 1141 1326 trina
1178 1274 1279 1329 ista
1321 1274 1570 1342 Sanctus,
1616 1287 1847 1339 sanctus,
1891 1289 2101 1331 sanctus

543 1362 828 1416 iteratione
900 1373 1007 1418 tres
1073 1365 1344 1434 perfectas
1415 1369 1671 1422 denotant
1742 1371 2095 1440 liypostases;

537 1452 987 1518 quemadmodum
1042 1470 1163 1507 cum
1211 1456 1375 1509 semel
1421 1472 1601 1512 vocem
1658 1459 1907 1513 Dominus
1970 1476 2099 1530 pro-

538 1537 737 1601 ferunt,
771 1556 927 1593 unam
963 1542 1204 1598 indicant
1245 1545 1625 1601 substantiam.
1666 1548 1766 1614 Qui
1813 1563 1944 1620 ergo
1982 1551 2101 1605 uni-

536 1631 773 1695 genitum
819 1632 907 1686 Dei
962 1632 1157 1688 Filium
1212 1638 1471 1691 minorem
1529 1637 1757 1703 faciunt,
1808 1641 1861 1695 lii
1926 1642 2097 1710 ipsum

540 1722 704 1775 Deum
735 1726 847 1777 suis
877 1725 1221 1795 blasphemiis
1251 1729 1542 1795 lacessunt,
1581 1733 1780 1802 quippe
1810 1734 1900 1803 qui
1933 1750 2098 1803 prave

2205 552 2312 605 τῶν
2356 550 2659 620 θεοστυγῶν
2701 554 2793 604 καὶ
2828 551 3079 621 ἀφρόνων
3126 551 3270 619 (8οΗ
3333 552 3396 604 Ἦ
3457 553 3567 622 γὰρ
3615 554 3787 604 πανύ-

2209 660 2406 713 μνητος
2440 643 2533 695 καὶ
2564 643 2854 713 σεδάσμιος
2882 642 2979 695 καὶ
3000 642 3346 714 προσκυνητὴ
3372 642 3416 694 Τ
3424 642 3543 714 ριὰς
3573 642 3671 711 μία
3697 643 3789 696 καὶ

2204 734 2506 806 ἀδιαίρετος
2546 734 2639 786 καὶ
2683 734 3111 803 ἀσχημάτιστος.
3154 734 3491 785 Συνάπτεται
3522 734 3789 805 δὲνάσυγέ

2203 822 2406 892 χύτως,
2444 821 2631 892 ῶσπερ
2665 821 2757 874 καὶ
2787 822 3042 891 ἀτμήτως
3073 822 3107 891 ἡ
3150 819 3315 891 μονὰς
3353 823 3672 892 χωρίζεται.
3716 824 3787 877 Τὸ

2203 916 2310 984 γὰρ
2339 914 2515 985 τρίτον
2547 914 2612 967 τὰ
2642 914 2799 983 τίμια
2831 912 2947 976 ζῶα
2976 912 3149 965 ταῦτα
3195 915 3525 985 προσφέρειν
3560 916 3661 985 τὴν
3701 916 3787 969 δο-

2203 1004 2447 1072 ξολογίαν
2467 1004 2646 1073 Ἄγιος
2662 1041 2676 1066 ,
2701 1003 2886 1072 ἅγιος,
2912 1002 3078 1071 ἅγιος
3097 1002 3343 1070 λέγοντα,
3369 1005 3469 1066 τὰς
3492 1005 3785 1075 τρ,εῖ;.(81)

2200 1094 2784 1158 ’ὑποστάσεις“τελεία;
2820 1093 3102 1147 δεικνύντα
3149 1095 3437 1169 earinis;
3469 1097 3565 1149 καὶ
3614 1099 3673 1150 ὲν
3711 1097 3789 1169 τῷ

2201 1185 2382 1254 λέγειν
2426 1186 2485 1239 τὸ
2682 1187 2917 1255 Κύριος,
2968 1185 3065 1255 τὴν
3106 1176 3242 1256 μίαν
3285 1172 3483 1253 οὐσίαῆ
3510 1188 3786 1259 δηλοῦσιν.

2201 1280 2267 1331 υἱ
2311 1280 2488 1333 τοίνυν
2529 1279 2880 1342 ὲλασσοῦντες
2916 1277 3008 1331 τὸν
3043 1270 3444 1349 μονογενῆθτὸῧ
3490 1280 3627 1332 Θεοῦ
3660 1280 3788 1332 Υἱὸν

2200 1372 2281 1433 εἰς
2307 1371 2438 1423 Θεὸν
2488 1370 2884 1441 βλασφημοῦσι,
2933 1371 3030 1440 τὴν
3070 1370 3383 1439 τελειότητα
3426 1370 3787 1436 κακοδοξοῦν-

2198 1480 2307 1526 τες,
2349 1463 2444 1517 καὶ
2502 1464 2663 1534 ἀτελῆ
2702 1462 3112 1525 διαϐάλλοντες·
3162 1463 3257 1516 καὶ
3307 1463 3586 1528 κολάσεως
3629 1464 3788 1535 μεγίέ

2199 1572 2329 1626 στης
2375 1556 2600 1619 ἑαυτοὺς
2648 1554 3378 1619 ὐπευθύνους.καθιστῶσιν.
3432 1558 3492 1609 Ὁ
3545 1558 3659 1630 γὰρ
3705 1562 3787 1623 είς

2196 1646 2461 1715 ὁποτέραν
2484 1644 2606 1697 -τῶν
2651 1646 2999 1700 ὑποστάσεων
3029 1646 3383 1718 βλασφημιῶν
3414 1650 3516 1719 aiax
3544 1649 3658 1714 ἕξει
3690 1652 3790 1720 ἄφ*

2197 1754 2310 1790 εσιν
2354 1736 2476 1791 οὔτε
2506 1738 2564 1790 ἐν
2594 1738 2672 1808 τῷ
2719 1738 2872 1791 αίῶνι
2908 1738 3099 1809 τούτῳ,
3128 1738 3252 1791 οὔτε
3298 1741 3357 1793 ἐν
3397 1740 3478 1810 τῷ
3515 1742 3783 1811 μέλλοντι.

535 1815 605 1869 de
643 1817 757 1885 ejus
786 1818 1115 1896 perfectione
1158 1822 1415 1887 sentiant,
1455 1837 1688 1892 eumque
1724 1824 2097 1893 imperfectum

2201 1829 2434 1892 Δυνατὸς
2460 1829 2516 1881 δέ
2550 1830 2695 1881 ἐστιν
2728 1829 2758 1880 ὁ
2786 1828 2917 1893 Θεὸς
2949 1830 3154 1893 ἀνοῖξαι
3182 1832 3309 1894 τοὺς
3345 1832 3662 1903 ὀφθαλμοὺς
3686 1836 3788 1905 τῆς

537 1917 767 1976 arguant
804 1927 818 1963 :
861 1910 1067 1978 seipsos
1110 1922 1287 1966 autem
1332 1913 1636 1982 gravissimi
1681 1916 1921 1984 proiecto
1967 1932 2098 1986 sup-

2197 1918 2424 1990 καρδίας
2458 1919 2634 1973 αὐτῶν
2678 1912 3169 1992 πρὸςάατωόησιν
3219 1921 3313 1974 τοῦ
3363 1924 3518 1994 ἡλίου
3556 1926 3657 1997 τῆς
3700 1927 3785 1980 δι-

535 1999 681 2067 plicii
701 2014 819 2054 reos
835 2004 1187 2057 constituunt.
1206 2003 1456 2074 Quisquis
1473 2004 1615 2059 enim
1633 2006 2019 2071 blasphemiam
2042 2007 2094 2061 in

2197 2010 2516 2081 καιοσύνηςο
2571 2012 2659 2075 ἵν’,
2699 2011 3033 2079 ἐπιγνόντες.
3054 2013 3113 2066 ὃν
3156 2014 3323 2069 πάλαι
3369 2015 3622 2086 ὴθέτουν,
3660 2036 3785 2071 συν-

534 2090 827 2160 quamlibet
871 2094 1199 2163 liypostasim
1229 2096 1445 2151 audebit
1489 2096 1753 2165 proferre,
1797 2099 1842 2153 is
1883 2099 2093 2153 veniam

2197 2103 2337 2171 τόνῳ
2364 2100 2442 2172 τῷ
2471 2103 2570 2173 τῆς
2598 2102 2879 2167 εὐσεϐείας
2916 2103 3165 2176 λογισμῷ
3199 2108 3295 2160 σὺν
3317 2109 3452 2179 ἡμῖν
3490 2109 3657 2163 αὐτὸν
3694 2110 3784 2163 δο‹

534 2198 706 2251 neque
736 2183 788 2238 in
818 2184 917 2239 hoc
963 2186 1158 2241 szeculo
1200 2201 1373 2257 neque
1412 2189 1464 2241 in
1502 2189 1683 2243 futuro
1725 2191 1922 2258 poterit
1963 2192 2098 2245 obti-

2199 2193 2455 2260 ξάσωσιν,
2493 2194 2574 2247 ὅτι
2608 2195 2773 2248 αὑτοῦ
2804 2197 2951 2249 ἐστιν
2989 2198 3022 2267 ή
3058 2197 3320 2267 βασιλεία,
3350 2198 3443 2252 τοῦ
3497 2200 3615 2268 (83)
3667 2201 3782 2255 Πα-

534 2292 682 2329 nere.
725 2275 917 2330 Verum
962 2288 1141 2347 potest
1192 2278 1335 2332 Deus
1389 2278 1574 2334 oculos
1625 2280 1804 2335 cordis
1852 2280 2093 2349 ipsorum

2198 2282 2344 2354 τρὸς,
2371 2283 2464 2336 καὶ
2496 2283 2646 2349 Υίοῦ,
2682 2285 2890 2338 καὶτοῦ
2918 2287 3072 2356 ἁγίου
3097 2288 3408 2360 Πνεύματος
3437 2290 3533 2344 νῦν
3572 2293 3668 2345 καὶ
3700 2295 3783 2356 εἰς

534 2368 745 2435 aperire
788 2371 853 2421 ad
908 2370 1071 2422 solem
1117 2368 1339 2439 justititc
1378 2371 1843 2437 perspiciendum,
1896 2383 1953 2425 ut
1999 2372 2094 2426 illo

2198 2376 2325 2440 τοὺς
2351 2375 2571 2440 αἰῶνας.
2607 2377 2797 2449 Ἀμήν.

530 2456 779 2526 cognito,
818 2459 1096 2523 emndem,
1143 2476 1301 2528 quem
1352 2460 1479 2514 olim
1537 2463 1923 2545 repudiabant,
1972 2468 2245 2519 constanti
2312 2468 2477 2522 animi
2529 2469 2731 2538 pietate
2811 2471 3092 2526 nobiscum
3180 2473 3435 2540 laudent,
3516 2475 3777 2546 quoniam

530 2546 699 2615 ipsius
725 2557 805 2603 est
838 2549 1140 2617 imperium,
1175 2550 1354 2605 Patris
1378 2551 1627 2605 videlicet
1655 2562 1710 2606 et
1741 2553 1861 2607 Filii
1893 2563 1946 2609 et
1983 2554 2222 2626 Spiritus
2250 2560 2445 2625 sancti,
2475 2576 2618 2616 nunc
2644 2569 2698 2615 et
2727 2561 2778 2615 in
2809 2562 3027 2619 saecula.
3050 2565 3238 2621 Amen.

530 2698 3743 2738 Μ

840 2869 965 2960 ΙΝ
1018 2868 1764 2964 ENCYCLICAM
1840 2875 1991 2963 AD
2062 2876 2705 2972 EPISCOPOS
2778 2882 3456 2976 EPISTOLAM

1782 3088 2487 3206 MONITUM.

582 3414 619 3469 Ι.
663 3410 789 3467 Post
833 3406 1142 3466 Tractatum
1171 3410 1225 3464 in
1250 3406 1383 3464 illud
1415 3425 1432 3463 :
1463 3406 1654 3464 Omnia
1684 3407 1812 3463 mihi
1847 3409 2043 3463 tradita
2073 3422 2198 3462 sunt
2228 3430 2259 3463 δ
2292 3408 2473 3471 Patre.
2512 3417 2641 3472 ctc.,
2673 3418 2963 3477 opportune
2986 3408 3325 3479 subsequitur
3363 3406 3655 3481 Eurydica
3711 3414 3783 3469 ad

509 3507 780 3576 episcopos
803 3505 1051 3572 epistola,
1094 3518 1232 3555 anno
1268 3502 1366 3555 5M
1397 3502 1719 3567 conscripta,
1756 3518 1871 3567 gnte
1897 3501 2333 3575 grauissimarum
2383 3516 2546 3553 causa
2594 3500 3033 3568 disceptationum
3070 3503 3326 3556 hactenus
3361 3508 3590 3559 exstitit.
3627 3506 3784 3560 Non-

510 3605 645 3657 nulli
673 3604 809 3656 enim
835 3601 1017 3655 vitium
1041 3601 1095 3654 in
1131 3600 1285 3652 editis
1310 3600 1435 3667 jure
1452 3598 1737 3667 suspicati,
1759 3595 2072 3665 Gregorium
2109 3612 2314 3665 semper
2337 3613 2430 3664 pro
2465 3596 2687 3665 Georgio
2721 3598 2809 3666 qui
2834 3599 3030 3665 passim
3070 3596 3178 3650 illic
3202 3599 3537 3663 occurrebat,
3569 3600 3782 3655 Pistum

508 3698 666 3753 semel
694 3714 787 3764 pro
811 3696 1062 3766 Gregorio
1102 3694 1525 3749 substituendum
1559 3704 1816 3761 putarunt
1852 3711 1869 3748 :
1900 3694 1997 3746 alii
2023 3704 2240 3747 veterem
2272 3710 2366 3761 pro
2401 3694 2539 3747 virili
2562 3690 2903 3747 vindicarunt
2946 3693 3241 3748 lectionem.
3276 3695 3390 3749 Nos
3422 3714 3543 3750 vero
3576 3715 3779 3764 peran.

511 3796 645 3866 tiqui
684 3793 828 3864 Regii
871 3794 1069 3846 codicis
1094 3809 1187 3860 ope
1218 3794 1481 3862 egregium
1508 3793 1606 3845 hoc
1629 3792 1906 3845 Athanasii
1940 3808 2067 3859 opus
2092 3807 2203 3844 sua:
2242 3791 2534 3859 integritati
2567 3790 2881 3853 reddidisse,
2916 3807 2978 3845 ac
3015 3809 3117 3843 una
3143 3791 3263 3843 huic
3288 3803 3452 3846 tantte
3486 3794 3777 3861 quwslioui

512 3887 668 3953 finem
698 3887 1006 3954 imposuisse
1033 3895 1301 3952 putamus.
1344 3884 1531 3939 Verum
1572 3898 1624 3938 ut
1661 3886 1992 3956 intelligatur
2016 3886 2145 3956 quid
2169 3901 2339 3953 Opera:
2379 3886 2431 3938 in
2458 3887 2557 3939 hac
2590 3885 2814 3955 epistola
2856 3887 3208 3939 instauranda
3255 3888 3662 3954 contulerimus,
3694 3904 3779 3942 res

509 3988 586 4033 est
621 3979 783 4033 altius
820 3981 1119 4047 repetenda.

580 4072 643 4127 ΙΙ.
677 4071 967 4139 Postquam
997 4088 1063 4125 ex
1090 4069 1278 4125 Galliis
1310 4087 1545 4125 reversus
1591 4071 1763 4139 fuerat
1802 4070 2163 4137 Athanasius,
2198 4069 2500 4125 Constantii
2546 4070 2873 4137 imperatoris
2905 4072 3218 4125 auctoritate
3271 4072 3435 4141 freti,
3478 4072 3781 4132 ΕΜευὶωή

509 4168 717 4224 Pistum
749 4170 1092 4222 Alexandria:
1128 4168 1454 4221 Arianorum
1483 4168 1779 4236 episcOpum
1811 4170 2217 4221 constituerunt.
2252 4165 2356 4221 Sed
2392 4167 2465 4219 rei
2499 4168 2815 4235 indignitate
2839 4170 3086 4220 commoti
3117 4183 3234 4220 cum
3267 4170 3375 4235 ipse
3408 4170 3773 4235 Athanasius,

507 4275 616 4317 tum
653 4262 1009 4331 alii/Egyptii
1033 4262 1308 4328 prtcsules,
1353 4261 1771 4314 Eusebianorum
1796 4261 2078 4313 audaciam
2114 4258 2302 4326 ubique
2325 4260 2734 4327 pervulgarunt,
2768 4259 2934 4327 deque
2978 4269 3125 4311 tanta
3160 4259 3360 4327 injuria
3407 4266 3552 4327 apud
3592 4281 3775 4319 omnes

502 4359 767 4425 episcopos
800 4360 1068 4427 conquesti
1088 4354 1540 4410 suntrEusebiani
1568 4372 1684 4410 vero
1715 4372 1832 4409 cum
1869 4354 2238 4421 comperissent
2279 4352 2415 4404 male
2455 4351 2643 4421 ubique
2671 4353 2857 4405 audire
2892 4350 3025 4405 I’isti
3077 4354 3491 4421 ordinationem,
3542 4373 3774 4427 eumque

504 4455 639 4509 velut
684 4456 947 4507 intrusum
995 4455 1262 4507 communi
1314 4455 1547 4508 omnium
1577 4452 1784 4505 calculo
1835 4451 2103 4516 damnari,
2137 4459 2319 4503 coacta
2368 4450 2662 4503 Antiochite
2690 4451 2891 4519 synodo
2935 4468 3074 4503 anno
3103 4451 3229 4513 5“,
3270 4449 3589 4521 Gregorium
3642 4458 3773 4509 item

503 4553 762 4603 Arianum
800 4548 953 4602 Pisto
984 4549 1275 4618 subrogant
1305 4588 1319 4611 ,
1371 4546 1736 4619 I’hilagriique
1790 4548 1940 4600 ducis
1991 4546 2238 4613 prwsidio
2288 4545 2480 4611 fultam
2522 4546 2901 4599 Alexandriam
2955 4551 3162 4600 mittunt
3191 4563 3209 4601 .°
3238 4549 3292 4601 in
3333 4550 3489 4618 cujus
3523 4553 3771 4620 ingressu

501 4644 595 4698 illa
625 4647 903 4699 commissa
934 4657 1054 4699 sunt
1085 4647 1293 4715 ﬂagitia
1330 4661 1449 4713 qua:
1490 4661 1582 4714 per
1621 4655 1782 4697 totam
1809 4642 1946 4695 hanc
1970 4642 2243 4710 epistolam
2273 4653 2631 4694 recensentur.
2664 4642 2993 4695 Athanasius
3033 4643 3169 4695 enim
3190 4684 3205 4706 ,
3240 4660 3361 4697 cum
3393 4662 3505 4699 sese
3537 4662 3615 4699 ex.
3638 4645 3770 4697 urbe

502 4758 666 4810 erque
696 4754 844 4795 tanto
883 4743 1115 4794 tumultu
1143 4742 1505 4810 proripuisset,
1538 4742 1602 4793 de
1633 4738 1787 4792 rebus
1810 4738 2153 4791 Alexandria:
2181 4738 2338 4805 gestis
2372 4737 2643 4803 epistolam
2672 4738 2905 4801 scripsit,
2938 4755 3041 4792 non
3086 4740 3156 4791 ad
3186 4754 3364 4792 omnes
3410 4742 3769 4804 orthodoxos,

501 4850 555 4891 at
580 4850 771 4892 veteres
804 4839 977 4906 ferunt
993 4841 1271 4901 editiones,
1298 4840 1388 4891 sed
1421 4840 1490 4890 ad
1530 4839 1794 4891 universos
1826 4835 1969 4889 orbis
2001 4838 2292 4903 episcopos.
2327 4833 2509 4900 Neque
2547 4851 2665 4889 vero
2718 4835 2801 4913 hic
2836 4852 2974 4889 unus
3010 4853 3161 4890 error
3189 4839 3598 4892 amanuensium
3640 4842 3773 4894 uitio

500 4932 730 5001 irrepsit.
768 4950 889 4987 nam
916 4950 1090 4988 omnes
1114 4946 1220 4987 tam
1248 4935 1373 4987 editi
1404 4950 1559 5001 quam
1587 4932 1929 5000 manuscripti
1953 4972 1969 4996 ,
2003 4932 2157 4984 unico
2200 4930 2360 5000 Regio
2399 4940 2634 4999 excepto,
2665 4930 2906 4999 Gregorii
2954 4932 3066 4986 loco
3102 4932 3386 5001 Georgium
3417 4951 3627 5003 semper
3661 4940 3771 4989 ha-

500 5026 635 5082 bent.
675 5042 851 5078 errore
898 5028 1095 5081 scilicet
1147 5044 1212 5081 ex
1248 5028 1515 5081 nominum
1565 5026 1911 5080 similitudine
1960 5035 2076 5079 orto
2106 5041 2125 5079 :
2162 5041 2338 5079 omnes
2384 5027 2506 5077 item
2538 5026 2667 5077 editi
2708 5035 2756 5077 et
2789 5025 3007 5093 quidam
3039 5029 3407 5095 manuscripti,
3450 5027 3588 5083 Pisti
3622 5032 3769 5092 loca,

498 5118 807 5190 Gregorium
840 5121 1050 5177 habent.
1084 5124 1214 5189 Qua:
1260 5141 1340 5177 res
1379 5123 1719 5177 densissimas
1759 5122 1881 5177 huic
1942 5122 2180 5177 historia:
2224 5121 2466 5176 tenebras
2504 5122 2719 5190 o/Iudit.
2766 5121 2831 5173 At
2876 5123 3157 5190 genuinam
3209 5139 3321 5177 esse
3364 5125 3571 5177 codicis
3612 5122 3771 5191 Regii

497 5212 768 5267 lecrionem
800 5213 997 5281 hacque
1023 5216 1242 5283 epistola
1269 5214 1531 5283 Gregorii,
1563 5232 1662 5268 non
1699 5230 1818 5269 vero
1853 5213 2098 5282 Georgii,
2128 5215 2475 5267 intrusiouem
2507 5213 2750 5267 enarrari
2781 5251 2796 5275 ,
2846 5223 3052 5265 certum
3102 5213 3376 5268 habemus.
3414 5216 3464 5269 ἰ.
3512 5214 3770 5280 Namque

495 5303 688 5377 Regius
723 5311 886 5365 codex
908 5315 1109 5365 cteteris
1136 5321 1346 5379 prwstat
1372 5327 1486 5363 cum
1520 5312 1826 5381 antiquitate
1854 5321 1966 5364 tum
2000 5311 2134 5379 fide,
2168 5312 2308 5382 quod
2338 5310 2466 5364 alibi
2516 5312 2713 5379 passim
2764 5307 3092 5364 observatur.
3138 5309 3192 5363 2.
3243 5309 3449 5364 l’rtvter
3506 5310 3761 5379 Regium,

571 5430 682 5500 (80)
703 5427 902 5499 Regius
925 5439 980 5485 et
1005 5428 1360 5498 Segnerianus
1385 5441 1503 5500 post
1519 5432 1840 5501 θεοστυγῶν,
1866 5433 2067 5488 addunt

499 5501 884 5569 καὶγὰφρόνων,
914 5516 1032 5567 qua:
1056 5500 1143 5555 alii
1179 5510 1233 5554 et
1261 5502 1387 5555 editi
1412 5506 1687 5556 omittunt.

591 5568 864 5639 81)“Τρεῐς
897 5573 1044 5623 deest
1067 5569 1117 5623 in
1142 5570 1309 5637 Regio
1337 5582 1391 5625 et
1420 5572 1642 5642 Seguer.

569 5569 681 5705 ius)
708 5638 838 5702 Reg.
872 5638 998 5705 Seg.
1028 5650 1082 5691 et
1113 5638 1274 5692 Basil.
1310 5650 1413 5694 art.
1438 5642 1500 5693 τό
1534 5641 1751 5701 addunt,
1782 5655 1943 5705 quem
1969 5640 2059 5695 alii

594 5638 850 5711 82)_Ri-g._
872 5638 998 5705 Seg.
1028 5650 1091 5711 e_t_
1113 5638 1274 5711 Basil.
1310 5650 1413 5694 art.
1438 5638 1518 5693 τό*
1534 5641 1751 5711 addunt,
1782 5655 1943 5711 quem
1969 5640 2059 5695 alii

497 5713 554 5757 et
579 5707 1164 5782 e-liti_oiiiittii_i_it_.Mox
1211 5708 1370 5763 iidem
1412 5725 1593 5766 vocem
1633 5708 1762 5782 μίαν
1784 5707 2059 5776 omittunt,

497 5785 661 5835 quam
692 5775 778 5829 alii
809 5787 865 5831 et
884 5777 1011 5831 editi
1039 5777 1259 5832 habent.

2238 5431 2350 5501 (85)
2386 5432 2603 5501 Regius,
2640 5429 3022 5501 Seguerianus,
3061 5428 3314 5501 etBasil.
3351 5438 3457 5482 art.
3511 5432 3608 5484 τοῦ
3653 5431 3748 5501 hic

2164 5512 2220 5556 et
2250 5500 2702 5567 insequentibus
2751 5500 3029 5552 omittunt.
3064 5500 3198 5551 Ibid.
3224 5500 3616 5568 rchuerianus,
3647 5500 3749 5551 νῦν

2163 5570 2257 5623 καὶ
2283 5572 2387 5635 ἀεὶ,
2407 5572 2499 5624 καὶ
2528 5572 2606 5633 είς
2637 5570 2760 5629 τοὺς
2781 5568 2992 5640 ciiiian
3011 5568 3115 5621 τῶν
3135 5567 3371 5640 αἰώνων.
3420 5568 3611 5640 Ἀμήν.
3638 5570 3748 5640 Be-

2164 5642 2283 5709 gius
2311 5651 2365 5695 et
2417 5640 2750 5710 Basiliensis
2775 5636 2869 5690 νῦν
2900 5638 2993 5692 καί
3038 5638 3317 5695 omittunt.
3350 5636 3559 5710 Regius
3588 5638 3748 5693 addit

2163 5724 2377 5780 quoque
2412 5710 2463 5764 in
2493 5710 2619 5786 ﬁne,
2648 5708 2815 5778 ἀμήν.
2983 5715 2992 5721 ·
