4006 6526
200 359 267 415 ω
1321 344 1657 404 EPISTOLA
1694 347 1783 403 ΕΝ
1787 347 2093 405 CYCLICA.
3217 350 3327 405 222

200 476 434 549 Anglicanus
447 469 589 525 codex
607 485 822 525 numero
841 468 895 535 6,
916 467 1143 533 Pistum,
1162 483 1266 521 non
1296 466 1603 538 Gregorium
1632 468 1802 534 habet,
1820 486 1920 539 quo
1941 471 2067 524 item
2090 467 2245 522 modo
2265 466 2451 537 legisse
2483 464 2754 521 Nannium
2795 466 2937 535 infra
2973 467 3228 521 dicemus.
3258 472 3325 520 At

199 575 227 624 si
247 574 315 623 hoc
335 568 423 620 loco
453 563 614 617 Pistus
643 562 867 630 legatur,
895 562 1225 615 consentiunt
1257 576 1436 613 omnes
1470 558 1783 631 Gregorium
1820 561 1957 614 alias
1994 562 2182 631 ubique
2224 560 2493 628 legendum
2528 575 2640 613 esse
2674 574 2693 612 .'
2723 575 2843 611 nam
2887 560 3064 613 eodem
3107 574 3329 611 numero

199 657 541 713 l'istusdeccssor
578 654 769 706 dicitur
795 652 906 720 ejus
942 653 1009 705 ad
1039 667 1189 719 quem
1233 651 1344 704 hare
1375 651 1597 705 historia
1638 652 1888 718 pertinet,
1916 651 2119 704 Pistum
2161 659 2334 703 autem
2370 649 2512 717 apud
2552 648 2777 701 Arianos
2815 646 3051 716 Gregorii
3089 647 3329 702 decesso-

198 770 269 806 mtt
291 751 374 821 87
394 748 599 801 habitum
640 746 800 815 fuisse
843 762 988 799 nemo
1014 747 1240 816 ignorat.
1270 746 1323 798 5.
1368 745 1660 814 Episcopus
1699 746 1764 800 de
1801 762 1901 815 quo
1939 746 2022 798 hic
2064 746 2259 814 agitur,
2293 744 2565 813 Philagrio
2606 742 2823 813 Egypti
2865 744 3112 811 praefecto
3154 747 3331 811 opitu-

198 846 306 905 lante,
337 839 710 894 Alexandrinam
742 838 911 890 sedem
943 837 1193 889 inuasisse
1226 836 1423 888 dicitur
1445 850 1464 887 :
1493 836 1632 901 quod
1673 845 1811 891 recte
1852 836 2060 905 quidem
2112 832 2363 904 Gregorio
2402 834 2662 896 conuenit,
2691 844 2742 886 at
2776 850 2879 886 non
2918 834 3040 887 item
3078 833 3328 903 Georgio,

197 938 253 1002 qui
278 933 563 1001 Cataphronii
599 920 819 1001 Αἴςιωηὶ
860 930 1094 999 prtefecti
1138 946 1230 998 ope
1261 930 1674 984 Alexandrinam
1710 931 1976 995 occupavit
2004 928 2194 982 sedem.
2237 928 2291 981 4.
2330 927 2618 994 Episcopus
2662 927 2726 981 de
2763 943 2863 994 quo
2899 928 3009 980 haec
3049 928 3156 998 agit
3200 923 3331 989 Epi-

196 1030 284 1083 stola
305 1028 395 1079 ideo
420 1025 683 1078 ordinatus
725 1034 799 1078 est
838 1024 976 1094 quod
1010 1022 1125 1092 ejus
1163 1024 1487 1078 decessorem
1529 1040 1703 1077 omnes
1739 1022 1985 1077 Ecclesia:
2027 1022 2275 1090 prtesules
2325 1025 2657 1077 damnassent
2688 1062 2703 1083 .
2740 1030 2788 1075 et
2834 1022 3137 1089 episcOpatu
3179 1017 3331 1070 abdi-

196 1124 350 1169 tonent.
373 1114 423 1167 At
449 1114 555 1182 qui,
600 1127 803 1176 quteso,
853 1112 951 1164 hoc
995 1114 1064 1163 ad
1096 1110 1375 1181 Georgium
1422 1113 1641 1181 referas,
1680 1113 1768 1182 qui
1821 1126 2012 1175 septem
2052 1122 2251 1165 tantum
2294 1129 2457 1166 annos
2496 1125 2609 1176 post
2640 1112 2878 1183 Gregorii
2921 1110 3205 1164 decessoris
3245 1110 3332 1163 sui

195 1212 328 1265 obitum
354 1208 406 1260 ab
429 1206 633 1259 Arionis
680 1204 957 1257 ordinatus
999 1205 1123 1257 est?
1158 1205 1213 1260 5.
1254 1205 1575 1260 Athanasius
1615 1206 1941 1262 calamitates
1970 1208 2034 1260 ab
2079 1205 2388 1261 Eusebianis
2433 1209 2534 1261 sibi
2574 1209 2756 1262 illatas
2788 1223 3077 1270 recensens,
3123 1208 3188 1259 de
3215 1205 3333 1260 solo

193 1302 229 1354 in
256 1298 406 1354 Gallias
438 1296 615 1350 exsilio
653 1296 961 1349 mentionem
992 1294 1157 1363 facit,
1200 1312 1296 1349 cur
1335 1313 1453 1349 vero
1489 1298 1737 1351 tacuisset
1778 1298 1910 1352 illud
1937 1300 2146 1367 gravius
2192 1299 2497 1368 longiusque
2541 1300 2789 1353 exsilium
2826 1315 2928 1368 quo
2965 1309 3083 1351 ante
3118 1296 3331 1367 Georgii

194 1389 447 1442 iutrusionem
481 1394 599 1439 octo
647 1386 853 1438 circiter
895 1400 1092 1450 annos,
1136 1386 1319 1439 iisdem
1364 1385 1677 1440 Eusebianis
1711 1389 2014 1441 auctoribus
2062 1390 2282 1456 aﬂlictus
2312 1391 2430 1444 est?
2462 1391 2516 1443 6.
2546 1389 2692 1444 Inter
2725 1407 2786 1444 ea
2826 1406 2939 1458 qute
2974 1407 3005 1444 a
3036 1388 3185 1442 Julio
3228 1388 3335 1442 Ro-

194 1497 296 1533 mano
327 1480 542 1549 pontiﬁce
585 1479 651 1533 de
689 1475 930 1548 Gregorii
972 1479 1353 1533 Alexandriam
1412 1482 1650 1551 ingressu
1692 1482 1837 1550 infra
1882 1483 1936 1535 in
1976 1485 2232 1552 Apologia
2283 1496 2571 1539 narrantur
2610 1501 2755 1538 num.
2785 1485 2872 1545 30.
2912 1493 2961 1537 et
3002 1501 3062 1538 ea
3108 1501 3225 1552 quae
3277 1487 3334 1538 in

192 1576 359 1641 presenti
392 1571 622 1642 Epistola
668 1583 886 1627 recenset
921 1573 1269 1637 Athanasius,
1307 1585 1457 1628 tanta
1523 1577 1802 1648 intercedit
1842 1577 2157 1642 similitudo,
2202 1590 2255 1631 ut
2302 1580 2527 1633 velhinc
2574 1576 2810 1648 Gregorii
2856 1580 3193 1631 intrusionem
3237 1579 3336 1631 hoc

193 1666 263 1718 loco
281 1667 474 1719 enarrari
506 1682 660 1719 nemo
688 1676 771 1719 eat
810 1664 1040 1733 inﬁcias.
1072 1665 1206 1720 Ecce
1260 1666 1392 1720 Julii
1426 1669 1577 1721 verba
1603 1683 1622 1721 :
1658 1670 1708 1722 K

1815 1685 1857 1731 νς
1886 1669 1937 1721 οἱ
1971 1669 2258 1722 ἐπίσκοποι
2299 1670 2562 1741 ἔγραψαν,
2606 1671 2639 1740 ἡ
2678 1644 2968 1738 ⁷ἐκκλησία
3006 1668 3341 1741 ἐμπρησμὸν

192 1756 399 1825 ὑπέμεινε,
440 1754 701 1826 παρθένοι
745 1752 1155 1825 ὲγυμνώθησαν,
1201 1754 1524 1825 μονάζοντες
1576 1756 2051 1827 κατεπατήθησαν,
2107 1757 2464 1829 πρεσόύτεροι
2515 1759 2609 1811 καὶ
2666 1759 2852 1811 πολλοὶ
2902 1760 2994 1812 τοῦ
3044 1759 3172 1811 λαοῦ
3213 1759 3337 1830 ᾐκί-

193 1848 345 1917 σθησαν.
373 1847 527 1903 Prout
556 1848 790 1917 episcopi
821 1847 1109 1915 scripsere,
1147 1847 1450 1901 incendium
1498 1862 1654 1916 passa
1711 1857 1794 1903 est
1830 1849 2077 1913 ecclesia,
2114 1849 2346 1917 virgines
2386 1850 2684 1915 denudatm,
2717 1852 2963 1903 monachi
3004 1852 3338 1912 com-nlcati.

190 1941 403 2010 presbyteri
426 1950 478 1995 et
506 1957 575 1995 ex
604 1942 796 2009 populo
824 1940 972 1993 multi
1005 1939 1174 2008 plagis
1203 1940 1441 1995 lacerati.
1469 1939 1566 1993 His
1588 1957 1743 2011 quam
1768 1941 2039 1995 simillima
2084 1942 2139 1994 in
2172 1941 2268 1993 hac
2293 1941 2535 2007 epistola,
2571 1957 2715 1994 num.
2742 1941 2794 2006 3,
2825 1941 3111 2010 leguntur:
3149 1941 3210 1993 'H
3241 1942 3341 2012 μὲν

190 2029 372 2101 ἐκκλησία
417 2031 513 2086 καὶ
562 2030 624 2083 τὸ
654 2030 804 2098 ἅγιον
855 2029 1240 2100 βαπτιστήριον
1292 2029 1675 2100 πυρπολείται.
1698 2070 1712 2084 .
1738 2068 1754 2084 .
1775 2068 1790 2082 .
1812 2070 1828 2086 .
1867 2029 2124 2100 παρθένοι
2168 2030 2319 2098 ἅγιαι
2367 2030 2462 2083 καὶ
2512 2029 2761 2100 ἀμίαντοι
2810 2030 3137 2100 ἐγυμνοῦντο
3163 2068 3176 2082 .
3201 2069 3213 2081 .
3241 2068 3255 2082 .
3280 2068 3295 2083 .
3322 2068 3335 2080 .

190 2127 423 2198 μονάζοντες
457 2127 864 2182 κατεπατοῦντο
894 2126 987 2180 καὶ
1028 2126 1393 2196 ἀπέθνησκον.
1438 2126 1675 2181 Ecclesia
1708 2153 1711 2173 ι

1815 2141 2003 2179 acrum
2045 2125 2418 2193 baptisterium
2461 2126 2855 2179 incemtuntur.
2877 2162 2892 2178 .
2920 2165 2934 2179 .
2957 2164 2969 2178 .
2997 2163 3013 2179 .
3049 2137 3250 2179 sancta:
3288 2135 3342 2179 et

188 2220 465 2276 immaculata:
516 2222 758 2290 virgines
812 2221 1157 2273 uudabautur
1176 2257 1191 2273 .
1216 2257 1230 2272 .
1257 2256 1274 2271 .
1300 2256 1314 2271 .
1335 2257 1351 2273 .
1400 2220 1649 2272 monachi
1684 2235 1711 2273 c

1815 2218 1982 2271 :uleati
2035 2218 2399 2287 exspirabant.
2446 2217 2511 2270 Et
2561 2234 2705 2270 num.
2734 2219 2798 2275 4.
2854 2216 3213 2289 πρεσϐύτεροι
3244 2218 3343 2270 καὶ

188 2307 303 2362 λαῖκοὶ
336 2310 648 2381 ὲξέσθησαν,
684 2311 977 2380 presbyteri
1021 2318 1076 2363 et
1114 2308 1235 2363 laici
1282 2309 1450 2377 plagis
1500 2309 1896 2363 lacerabantur.
1936 2306 2190 2378 Utrinque
2239 2309 2379 2361 vides
2434 2309 2707 2361 ecclesiam
2756 2308 3049 2373 incensam,
3098 2311 3343 2378 utrinque

187 2403 369 2471 rirginum
400 2404 813 2483 denudationes,
848 2402 1128 2453 monachos
1174 2400 1531 2463 conculcatos,
1582 2402 1920 2469 presbyteros
1967 2410 2016 2453 et
2070 2401 2233 2453 laicos
2291 2400 2459 2469 plagis
2513 2400 2772 2463 laniatos,
2819 2409 2874 2452 ut
2924 2399 3055 2453 nihil
3105 2402 3344 2469 ambigas

187 2498 348 2551 eumdem
387 2501 681 2567 ingressum
730 2497 997 2567 utrobique
1042 2497 1273 2553 narrari.
1322 2493 1430 2550 Nec
1466 2506 1639 2550 tamen
1681 2499 1900 2567 diﬁiteor
1940 2498 1994 2550 in
2031 2498 2266 2567 ingressu
2301 2496 2509 2567 Georgii
2556 2499 2796 2567 qutzdam
2843 2497 2924 2549 his
2965 2496 3163 2549 similia
3194 2506 3347 2566 gesta

185 2601 286 2640 esse:
308 2598 349 2641 at
380 2591 446 2642 de
479 2589 693 2641 incensa
720 2586 959 2650 ecclesta,
988 2587 1063 2641 uel
1110 2586 1174 2640 de
1207 2588 1474 2640 monachis
1508 2587 1827 2641 conculcatis
1880 2588 2009 2640 nihil
2042 2592 2095 2641 in
2131 2588 2277 2641 illius
2314 2589 2601 2641 intrusione
2640 2588 2847 2656 legitur.
2888 2586 3108 2640 Demum
3149 2589 3348 2654 episco-

185 2690 260 2741 pus,
282 2678 330 2731 de
357 2695 457 2749 quo
490 2677 577 2731 hic
611 2678 804 2747 agitur,
833 2676 896 2729 ab
936 2677 1164 2730 Eusebio
1201 2687 1248 2730 et
1290 2679 1448 2731 sociis
1482 2678 1594 2746 ejus
1623 2679 1815 2731 missus
1849 2687 1955 2741 est,
2003 2678 2093 2747 qui
2144 2678 2396 2731 Eusebius
2428 2694 2545 2730 cum
2589 2677 2987 2747 quatuordecim
3031 2680 3185 2730 annis
3229 2688 3348 2731 ante

185 2765 328 2838 Georgii
362 2773 711 2825 intrusionem
743 2770 846 2824 vita
885 2770 1095 2840 [unctus
1129 2770 1231 2833 sit,
1272 2770 1531 2839 quomodo
1561 2772 1725 2834 potuit
1774 2768 2054 2840 Georgium
2084 2770 2176 2822 illo
2228 2771 2475 2822 mittere?
2519 2768 2663 2822 Illud
2708 2779 2881 2821 autem
2910 2768 2960 2820 οἱ
2999 2766 3128 2837 περὶ
3177 2767 3349 2819 Εὐσέ-

184 2855 274 2921 διον,
293 2862 411 2929 quod
445 2861 647 2929 passim
686 2860 741 2914 in
779 2862 876 2913 hac
918 2862 1136 2929 epistola
1191 2860 1450 2924 occurrit,
1497 2876 1697 2926 semper
1731 2860 2007 2915 Eusebium
2050 2860 2347 2928 signiﬁcat,
2396 2876 2765 2927 nonnunquam
2803 2858 3002 2924 solum,
3033 2859 3122 2910 sed
3158 2860 3350 2924 strpius

184 2964 261 3002 cum
285 2955 614 3008 sectatoribus
644 2954 773 3007 suis.
805 2953 986 3023 Neque
1013 2956 1150 3007 enim
1178 2970 1418 3023 sequaces
1452 2953 1666 3007 Eusebii
1698 2954 1813 3023 jam
1857 2955 2108 3023 defuncti,
2151 2970 2368 3023 usquam
2404 2969 2543 3021 apua
2587 2952 2955 3016 Athanasium,
2998 2951 3047 3003 ot
3084 2952 3212 3021 περὶ
3246 2952 3351 3003 Εὐ-

185 3039 305 3094 σέϐιον
330 3055 579 3099 uocantur
600 3060 620 3099 :
646 3046 734 3098 sed
764 3047 1007 3099 κοινωνοὶ
1033 3046 1142 3099 τῶν
1172 3048 1299 3119 περὶ
1331 3047 1611 3113 Εὐσέϐιον,
1644 3047 1711 3102 Eu

1815 3050 1859 3103 uii
1891 3050 2046 3112 socii,
2080 3059 2132 3101 ut
2163 3048 2303 3117 infra
2330 3049 2398 3100 'in
2439 3046 2717 3117 Apologia,
2755 3047 2834 3098 vel
2887 3044 3213 3115 κληρονόμοι
3252 3045 3352 3114 τῆς

182 3131 363 3200 ἀσεόείας
391 3136 487 3191 τοῦ
521 3137 804 3204 Εὑσεὸίου,
836 3142 1075 3196 lnercdes
1119 3143 1410 3211 impietatis
1447 3144 1692 3206 Eusebii,
1729 3160 1865 3213 stepe
1898 3144 1950 3197 in
1996 3143 2163 3212 Epist.
2195 3144 2260 3195 ad
2303 3143 2594 3196 solitarios.
2624 3140 2728 3194 Sed
2767 3141 2893 3209 quid
2926 3140 3128 3207 plura?
3162 3138 3219 3193 Si
3264 3140 3353 3191 cui

184 3240 253 3278 rea
279 3233 459 3302 alioqui
489 3244 570 3287 sat
611 3236 934 3301 exploratam
981 3237 1119 3288 ultro
1150 3237 1404 3306 indagare
1435 3237 1712 3303 placuerit,
1742 3240 1786 3292 is
1832 3238 2067 3307 conferat
2107 3238 2378 3291 historiam
2420 3238 2684 3306 ingressus
2722 3234 2931 3303 Georgii
2972 3235 3354 3288 Alexandriam

185 3329 260 3370 tm
286 3322 371 3375 hac
408 3324 655 3393 epistola,
690 3340 879 3394 easque
911 3326 965 3379 in
1003 3327 1241 3396 plurimis
1284 3329 1404 3382 altis
1436 3329 1813 3398 prtecipuisque
1852 3334 2000 3384 rebus
2043 3332 2179 3384 inter
2210 3345 2266 3382 se
2303 3329 2601 3397 discrepare
2635 3330 2931 3397 comperiet.
2978 3326 3092 3381 Hoc
3128 3328 3193 3381 de
3234 3343 3352 3397 ger-

184 3426 289 3468 manu
312 3420 462 3485 huius
501 3419 738 3488 epistola:
774 3430 1019 3476 contextu
1055 3422 1195 3476 dicta
1232 3426 1359 3479 sint.

230 3503 291 3560 ΙΙΙ.
324 3511 385 3563 At
427 3512 675 3581 quendam
717 3510 1056 3580 disquirenda
1089 3525 1435 3583 superessent.
1483 3516 1565 3569 An
1616 3516 1817 3570 scilicet
1869 3533 1901 3569 a
1939 3525 2046 3570 tota
2095 3517 2293 3586 synodo
2330 3515 2651 3570 Antiochena
2711 3515 2899 3568 missus
2939 3514 3003 3567 sit
3048 3509 3357 3580 Gregorius,

184 3611 228 3647 att
254 3600 395 3654 soluat
430 3602 496 3654 ab
535 3600 847 3655 Eusebianis
884 3610 998 3669 post
1048 3604 1273 3661 solutam
1319 3605 1573 3674 synodum
1618 3604 1727 3657 illic
1780 3606 2182 3669 remanentibus,
2225 3604 2363 3675 quod
2402 3606 2456 3657 in
2493 3604 2626 3656 libro
2677 3604 2742 3656 de
2780 3604 2992 3672 synodis
3036 3600 3357 3654 commodius

184 3694 486 3751 trpmdemus.
516 3688 665 3743 Nunt
700 3692 1013 3746 Athanasius
1041 3702 1155 3761 post
1189 3711 1341 3747 suum
1400 3710 1466 3749 ex
1500 3692 1687 3748 Galliis
1730 3696 1951 3749 reditum
1992 3696 2068 3748 bis
2095 3697 2413 3749 Alexandria
2454 3674 2670 3749 Romam
2707 3696 2930 3763 petierit,
2968 3703 3015 3746 et
3056 3708 3125 3745 an
3169 3692 3361 3760 duplex

184 3784 354 3915 Lpnodus
376 3803 407 3837 a
430 3784 580 3838 Julia
613 3784 851 3840 Romano
879 3802 976 3855 pro
1011 3804 1170 3842 causa
1199 3790 1475 3844 Athanasii
1503 3793 1569 3846 sit
1597 3791 1878 3858 celebrata,
1909 3792 2045 3861 quod
2076 3802 2352 3863 utruntque
2380 3794 2433 3846 in
2460 3793 2689 3862 sequenti
2726 3790 2928 3844 Monito
2953 3790 3022 3843 ad
3048 3787 3361 3859 Apologiaus

211 3874 527 3915 tmuirnulum
570 3876 755 3915 uestiat,

211 3874 527 3933 tsquirendum
570 3876 759 3930 veniet.

2204 4106 2536 4163 EPISTULA
2572 4104 2953 4162 ENCYCLICA

2035 4196 2187 4253 Beati
2215 4200 2488 4253 Athanasii
2523 4198 2747 4267 episcOpi
2781 4195 3157 4264 Alexandria.)

536 4102 883 4158 ΕΠΙΣΤΟΛΗ
934 4099 1328 4157 ΕΓΚΥΚΛΙΟΣ
1726 4111 1773 4168 Α

186 4188 263 4242 Τοῦ
295 4193 584 4263 μακαρίου
643 4194 989 4249 Ἀθανασίου
1039 4192 1376 4247 ἐπισκόπου
1435 4192 1708 4255 Ἀλεξαν-

728 4263 926 4333 δρείας
973 4264 1105 4333 (et).

186 4352 277 4421 τοῖς
305 4357 444 4411 κατὰ
469 4357 657 4410 τόπον
686 4353 1195 4422 συλλειτοψγοῖς,
1231 4353 1456 4419 κυρίοις
1480 4352 1709 4421 ἀγαπη-

348 4428 486 4493 τοῖς,
536 4424 878 4490 Ἀθανάσιος
910 4426 981 4476 ἐν
1020 4425 1213 4490 Κυρίῳ
1243 4426 1492 4492 χαίρειν.

231 4537 275 4590 l.
307 4543 364 4592 Ἀ
389 4541 484 4611 μὲν
509 4538 875 4609 πεπόνθαμεν,
904 4536 1050 4589 δεινὰ
1068 4537 1158 4588 καὶ
1182 4534 1428 4605 ἀφόρητα
1453 4534 1588 4595 ἐστι,
1614 4530 1710 4585 καὶ

1808 4358 1889 4413 Ad
1927 4376 2101 4414 omnes
2150 4361 2336 4429 ubique
2380 4360 2796 4421 comministros,
2846 4358 3084 4411 dominos
3128 4355 3367 4422 dilectos,

2123 4431 2440 4481 Athanasius
2467 4432 2518 4480 in
2555 4429 2775 4480 Domino
2806 4431 3047 4481 salutem.

1884 4519 1932 4573 l.
1954 4517 2134 4587 Usque
2151 4521 2284 4572 adeo
2301 4518 2502 4571 atrocia
2536 4528 2588 4569 et
2614 4517 2952 4570 intoleranda
2973 4525 3233 4586 suntquae
3252 4530 3369 4569 sus-

184 4626 255 4698 tine
280 4628 412 4681 ἐστιν
442 4628 678 4695 ἐπαξίως
724 4626 833 4697 (85)
873 4627 1049 4678 αὐτῶν
1090 4624 1464 4695 μνημονεῦσαι
1485 4639 1497 4652 ·
1536 4624 1623 4676 ἵνα
1652 4621 1708 4673 δὲ

184 4719 431 4789 ταχύτερον
486 4720 549 4773 τὸ
595 4718 764 4773 δεινὸν
823 4718 932 4770 τῶν
981 4715 1403 4787 συμϐεϐηκότων
1463 4713 1709 4781 γνωσθῆ-

184 4825 249 4861 νιι
270 4812 364 4883 (86)
385 4812 605 4883 δυνηθῇ,
657 4808 817 4863 καλὸν
851 4809 1142 4879 ἡγησάμην
1184 4805 1423 4874 ἱστορίας
1461 4803 1567 4856 ἀπὸ
1600 4802 1708 4855 τῶν

184 4897 211 4948 Γ
215 4902 374 4969 pag:th
411 4898 796 4974 μνημονεῦσαι·
859 4900 1021 4971 Ἀνήρ
1057 4914 1188 4951 ποτε
1232 4896 1487 4967 Λευῖτης,
1524 4894 1711 4964 ἀδικη-

238 5101 332 5172 (84)
378 5105 465 5161 Sic
512 5104 566 5158 in
606 5100 774 5171 Regio
819 5116 919 5156 ms.
952 5100 1026 5172 At
1047 5099 1101 5154 in
1129 5096 1392 5172 omnibus
1420 5094 1562 5172 aliis_
1592 5106 1712 5146 cum

184 5163 439 5229 etli‘tis'tum
466 5163 868 5239 manuscﬁptis,
909 5169 1195 5239 Ἐπιστολὴ
1225 5164 1359 5239 πρὸς
1390 5166 1515 5239 τοὺς
1540 5163 1714 5239 ἁπαν-

182 5243 317 5317 Ῥαῖοῦ
370 5244 697 5317 ὀρθρδόξδυς,
732 5232 820 5317 ῧτξ
852 5232 1002 5313 παρὰ
1020 5241 1126 5293 τῶν
1166 5232 1715 5317 ᾏρέιανῶνβιῳγμδς

183 5306 414 5378 ὲγέ’νετο.’
445 5314 688 5380 Epistola
744 5314 812 5365 ad
872 5306 1049 5365 omnes
1136 5306 1711 5380 ubique_orlltodoxos,

185 5377 279 5453 cum
312 5400 396 5453 per
424 5377 650 5440 Arianos
695 5385 983 5449 persecutio
1044 5382 1208 5453 ﬁeret.
1256 5377 1360 5453 sed
1410 5389 1711 5444 perperam,

186 5446 355 5521 ubique
398 5457 537 5510 enim
586 5446 731 5508 solos
776 5446 1059 5523 episcopos
1110 5446 1421 5523 alloquitur,
1476 5455 1529 5499 et
1587 5458 1715 5521 nus-

186 5519 318 5581 quain
361 5525 683 5594 populares:
738 5519 1087 5594 quamobrem
1140 5519 1289 5594 Regii
1332 5531 1431 5594 ms:
1475 5519 1715 5594 omnium

186 5580 342 5669 dptimi
362 5580 823 5669 lectionemsetiui
849 5592 1021 5669 risum
1037 5580 1378 5669 e§._|l3ivtlettl,
1405 5586 1492 5638 ὅτε
1521 5580 1715 5669 ρνπαρὰ

184 5656 271 5731 EGV
296 5664 483 5719 habent
526 5664 691 5719 Basil.
744 5656 955 5731 Anglic.
985 5672 1037 5716 et
1069 5658 1303 5731 Fcis-lim.
1393 5668 1713 5731 anonymus.

186 5724 325 5806 Baszl.
353 5745 471 5789 ante
516 5734 725 5806 titulum
764 5722 879 5806 huic
909 5731 1106 5806 habet:
1137 5724 1306 5806 ρ’θτος
1333 5727 1384 5806 ὁ.
1399 5722 1559 5806 λόγος
1583 5722 1715 5806 ἁνα-

186 5800 479 5861 γινὼσκεται
507 5807 587 5866 εἱς
622 5804 721 5875 τὴν
754 5802 971 5874 μνήμην
992 5799 1087 5853 τοῦ
1127 5799 1281 5867 ἁγίου
1325 5798 1389 5867 τῇ
1430 5794 1573 5849 κατὰ
1612 5794 1713 5875 τὴν

1812 4612 2072 4667 tinuimus
2114 4611 2282 4674 mala,
2325 4620 2383 4662 ut
2427 4626 2521 4677 pro
2562 4610 2635 4662 rei
2685 4608 2949 4678 gravitate
2991 4607 3231 4660 enarrari
3277 4622 3372 4660 ne-

1811 4714 2028 4775 queant.
2058 4702 2126 4758 Ut
2154 4712 2330 4757 autem
2361 4717 2535 4756 rerum
2567 4703 2617 4754 in
2650 4718 2745 4757 nos
2770 4714 3043 4770 gestarum
3080 4699 3374 4767 indignitas

1814 4798 1973 4852 citius
2016 4797 2383 4863 dignoscatur,
2413 4808 2590 4864 Opera:
2635 4795 2865 4862 pretium
2911 4794 3038 4847 duxi
3088 4795 3370 4848 historiam

1814 4905 1879 4943 ex
1929 4888 2223 4957 Scripturis
2271 4886 2495 4957 petitam
2550 4884 2797 4939 recitare.
2845 4882 2939 4939 Vir
2988 4885 3116 4940 olim
3166 4886 3376 4961 levita,

1819 5088 2075 5159 δευτέραν
2096 5083 2383 5159 τοῦνΜαῖου
2415 5083 2599 5155 μηνός.
2650 5082 2751 5138 llic
2782 5099 2951 5159 sermo
3076 5081 3380 5137 memoriane

1819 5153 2164 5229 hujus-sancti
2193 5158 2382 5229 legitur
2418 5153 2642 5229 secunda
2672 5155 2858 5229 mensis
2880 5153 3028 5229 Aluit.

1891 5224 1999 5299 (85)
2057 5228 2159 5299 816⁸
2215 5224 2438 5295 Regius,
2492 5225 2835 5299 llasilretisis,
2894 5224 3252 5299 Anglicanus,
3326 5228 3382 5272 et

1818 5289 2163 5354 Felckinanui
2190 5289 2489 5366 anonymus
2521 5296 2575 5349 5.
2596 5295 2734 5349 Editi
2765 5309 2894 5348 vero
2927 5289 3063 5357 ἐστὶ,
3095 5292 3197 5343 οὐκ
3229 5289 3384 5341 ἔσται

1819 5370 2076 5431 ἐπαξίως.

1891 5368 2127 5511 ῗὲὥυὲἰρ
2144 5437 2370 5511 Regius,
2402 5435 2752 5511 Anglicanus,
2778 5429 3126 5511 Felcltulanni
3165 5427 3201 5480 2
3253 5440 3384 5481 ano-

1822 5500 2032 5582 ttyitttts,
2096 5500 2425 5582 Basiliensis,
2476 5500 2940 5582 ELFelclftnauni
2977 5500 3012 5553 5
3062 5511 3383 5582 anonynms,

1821 5567 1915 5634 sed
1949 5567 2052 5632 duo
2085 5579 2279 5637 ultimi,
2306 5574 2693 5646 γνωρισθῆναι.
2727 5571 2867 5646 ﬁdit.
2899 5567 3077 5632 Com.,
3109 5567 3217 5619 τῶν
3243 5580 3385 5646 ante:

1820 5648 2141 5719 ϐεϐοσθῆναι
2172 5642 2790 5719 δονηθῇζῖτξιίίιζλιδεπξξ.
2834 5653 3112 5707 perperam
3147 5642 3388 5691 corruit

1820 5664 2141 5719 ῠεῠοσυηναι
2172 5664 2263 5698 ουν
2306 5664 2392 5715 υη.
2441 5664 2575 5700 butt.
2620 5664 2790 5695 rarts.

1818 5724 1919 5787 sic,
1957 5719 2064 5773 τῶν
2097 5664 2553 5787 συμὸεὲαιοῦσθαι
2582 5710 2804 5779 δυνηθῇ.
