4006 6512
586 350 700 409 323

1199 346 1257 401 S.
1298 344 1667 401 ATHANASII
1707 343 1858 399 ΟΡΡ.
1901 344 2085 401 PARS
2125 345 2165 400 I.
2203 377 2272 388 —
2308 345 2684 403 HISTORICA
2721 346 2808 402 ET
2847 342 3265 402 DOGMATICA.

3726 343 3831 401 2i!

585 466 863 521 commissi
901 465 951 519 in
993 476 1217 517 uxorem
1257 460 1478 515 sceleris
1520 460 1769 528 injuriam
1809 475 2022 529 passus,
2058 476 2155 515 ex-

2259 462 2371 525 θεὶς
2394 464 2474 526 εἰς
2500 463 2599 532 τὴν
2621 465 2875 530 γυναῖκα,
2915 461 3009 512 καὶ
3029 460 3128 529 τὴν
3155 456 3457 529 ὑπερϐολὴν
3502 454 3597 509 τοῦ
3632 456 3833 526 μύσους

585 557 839 609 secrandi
890 554 1149 608 facinoris
1191 554 1529 606 atrocitatem
1587 565 1770 604 secum
1824 552 2160 619 perpendens

586 646 837 714 (Hebraea
868 646 1064 714 quippe
1090 658 1157 697 ex
1200 644 1338 697 tribu
1371 640 1504 695 Juda
1560 640 1751 693 mulier
1786 647 1959 709 erat),
1995 644 2159 696 tanti-

587 754 699 805 que
740 738 924 809 ﬂagitii
968 738 1231 807 gravitate
1288 735 1586 804 perculsus,
1627 734 1807 788 divina
1842 733 2159 790 Judicum"

590 828 874 899 Scriptura
938 840 1211 893 narrante,
1261 842 1480 880 uxorem
1535 826 1587 879 in
1653 828 1821 880 l‘rusta
1890 832 2158 883 concisam

592 920 743 971 misit
780 921 846 971 ad
879 934 1066 973 omnes
1104 920 1275 971 tribus
1316 915 1471 968 Israel
1496 956 1509 977 ,
1543 926 1599 967 ut
1638 932 1740 969 non
1787 920 1886 971 sibi
1926 921 2162 988 peculia-

593 1025 731 1073 rem,
756 1011 869 1079 88
905 1012 998 1062 sed
1038 1009 1287 1061 omnibus
1320 1022 1662 1060 communem
1712 1008 1960 1076 injuriam
2005 1027 2163 1081 repu-

595 1110 773 1154 tarent
810 1120 823 1154 :
853 1111 906 1153 et
940 1110 995 1154 ut
1037 1100 1080 1153 si
1117 1100 1285 1151 vicem
1331 1112 1483 1150 suam
1527 1099 1803 1166 dolerent,
1835 1115 1892 1154 se
1937 1103 2165 1157 ulcisce-

596 1200 813 1252 rentur;
852 1189 933 1241 sin
977 1187 1338 1256 negligerent,
1385 1188 1536 1254 quasi
1585 1189 1682 1256 ipsi
1735 1192 1869 1242 tanti
1918 1193 2163 1246 criminis

591 1292 843 1332 auctores
870 1288 1052 1333 essent
1082 1280 1281 1346 pudore
1307 1276 1766 1332 sull'umderentur.
1787 1278 1969 1332 Nuulii
1997 1282 2163 1350 igitur

592 1388 705 1424 rem
735 1382 938 1441 gestam
982 1380 1323 1424 enarrarunt.
1366 1370 1441 1422 Illi
1493 1386 1618 1423 vero
1663 1371 1729 1424 iis
1770 1372 1967 1425 auditis
2003 1384 2163 1443 atque

589 1459 905 1530 perspectis,
951 1459 1199 1511 dicebant
1234 1473 1504 1524 nunquam
1542 1459 1666 1511 talia
1714 1459 1853 1513 facta
1898 1476 2051 1525 esse,
2095 1478 2163 1515 ex

590 1564 699 1619 qua
734 1549 819 1602 die
859 1548 949 1601 lilii
994 1546 1157 1600 Israel
1201 1562 1265 1599 ex
1320 1543 1555 1615 [Egypto
1605 1550 1981 1600 ascenderant.
2036 1547 2165 1602 Uni-

594 1655 765 1694 versa:
808 1640 969 1708 igitur
1007 1638 1178 1691 tribus
1226 1637 1385 1690 Israel
1418 1637 1704 1690 concitata:
1750 1647 1916 1689 sunt:
1949 1652 2165 1691 omnes-

588 1746 699 1801 que
742 1730 893 1799 quasi
936 1729 1161 1798 singulis
1210 1730 1351 1781 illata
1400 1728 1589 1782 fuisset
1638 1729 1861 1794 injuria,
1904 1731 2164 1784 adversus

594 1822 731 1874 tanti
766 1820 948 1889 ﬂagitii
982 1829 1227 1873 auctores
1252 1819 1305 1870 in
1341 1834 1503 1871 unum
1539 1820 1805 1871 coierunt.
1834 1821 1908 1872 Ac
1944 1821 2161 1872 demum
2194 1812 2235 1868 Β

592 1911 806 1966 scelesti
856 1912 930 1963 illi
977 1913 1114 1964 bello
1152 1911 1378 1973 devicti,
1416 1909 1571 1963 etab
1614 1913 1866 1964 erunibus
1914 1925 2165 1963 exsecra-

598 2003 726 2055 tiuui
763 2012 885 2054 sunt
917 2000 1123 2054 habiti:
1167 2000 1365 2053 etenim
1396 2000 1485 2066 qui
1521 2010 1887 2053 comenerant
1924 2016 2027 2052 nou
2074 2016 2164 2053 co-

593 2092 939 2158 gnationem,
983 2091 1075 2143 sed
1125 2089 1379 2141 facinoris
1414 2087 1787 2156 indignitatem
1836 2104 1946 2157 pra:
1989 2090 2162 2142 oculis

595 2185 849 2237 habuere.
888 2182 1051 2236 Scitis
1080 2181 1380 2243 historiam,
1412 2180 1632 2243 fratres,
1661 2189 1715 2231 et
1745 2194 1864 2248 qua:
1904 2196 1965 2233 ea
2006 2182 2071 2233 de
2105 2196 2163 2234 re

592 2277 649 2330 in
681 2277 979 2345 Scripturis
1013 2284 1264 2329 accurate
1306 2281 1697 2324 recensentur:
1736 2270 1976 2338 pluribus
2020 2271 2161 2322 enim

592 2385 711 2423 eam
754 2368 1005 2437 prosequi
1051 2383 1153 2419 nou
1181 2364 1354 2431 juvat,
1396 2363 1535 2429 apud
1566 2378 1659 2416 eos
1697 2363 1930 2415 maxime
1967 2363 2162 2430 quibus

594 2475 681 2514 res
714 2461 877 2529 probe
909 2468 1031 2511 nota
1071 2466 1153 2509 est
1191 2470 1208 2508 :
1255 2471 1374 2507 cum
1422 2456 1744 2507 necessitate
1775 2456 2065 2521 compellar
2098 2471 2160 2508 ea

592 2568 715 2621 qua:
747 2567 889 2605 nunc
929 2559 1077 2620 gesta
1108 2559 1265 2610 sunt,
1311 2546 1415 2599 illis
1461 2546 1627 2599 multo
1661 2546 1938 2615 graviora,
1972 2555 2162 2598 vestra:

595 2645 780 2714 pietati
824 2643 1149 2711 signiﬁcare.
1195 2640 1315 2693 Ideo
1359 2638 1503 2691 cnim
1559 2637 1721 2703 hujus
1770 2637 2003 2689 historia:
2048 2650 2161 2688 me-

596 2736 748 2801 mini,
788 2744 845 2789 ut
872 2750 933 2789 ea
962 2750 1081 2805 qum
1121 2742 1247 2787 tunc
1275 2743 1424 2802 gesta
1462 2742 1586 2785 sunt
1627 2731 1979 2801 praesentibus
2014 2746 2163 2785 com-

593 2840 882 2899 parantes,
918 2839 973 2882 et
1017 2828 1277 2883 scientes.
1317 2827 1429 2878 haec
1482 2825 1587 2877 illis
1644 2824 1946 2877 crudeliora
1998 2838 2160 2887 esse,

594 2922 767 2991 magis
809 2919 1193 2990 indignemini,
1234 2932 1392 2986 quam
1446 2917 1518 2969 illi
1574 2928 1701 2968 tunc
1748 2918 2005 2969 adversus
2044 2932 2161 2969 sre-

592 3014 759 3070 lestos
821 3013 939 3068 illos
986 3010 1244 3081 indignati
1294 3018 1437 3062 sunt.
1492 3008 1703 3062 Etenim
1752 3010 2011 3060 adversus
2063 3023 2161 3061 nos

592 3116 897 3178 perpetrata
945 3104 1211 3167 facinora,
1256 3102 1423 3172 ipsam
1472 3100 1905 3168 persecutionum
1949 3100 2159 3152 acerbi-

591 3210 755 3257 tatem
792 3199 949 3268 longe
996 3196 1298 3258 excedunt;
1337 3195 1408 3247 ita
1467 3203 1524 3245 ut
1554 3193 1745 3260 exigua
1788 3193 2033 3245 videatur
2083 3191 2156 3244 le-

594 3294 715 3349 vita:
756 3290 1037 3345 calamitas
1077 3287 1143 3340 iis
1176 3286 1367 3340 collata
1410 3300 1530 3353 qua:
1569 3298 1711 3337 nunc
1762 3284 2021 3338 adversus
2055 3284 2157 3338 Ec-

592 3386 811 3440 clesiain
866 3382 1152 3457 commissa
1200 3388 1326 3433 sunt
1362 3397 1376 3432 :
1409 3378 1493 3431 vel
1538 3378 1716 3446 potius
1764 3378 2024 3445 ejusmodi
2068 3379 2159 3432 illa

592 3485 740 3538 sunt,
769 3484 825 3528 ut
856 3487 1125 3541 nunquam
1160 3470 1357 3538 aliquid
1388 3469 1561 3523 simile
1589 3470 1850 3532 auditum,
1888 3484 1986 3523 nec
2018 3470 2161 3539 quis-

594 3581 758 3635 quam
811 3562 1112 3618 istiusmodi
1168 3561 1307 3615 mala
1359 3572 1613 3628 expertus
1676 3562 1765 3614 sit.
1816 3561 1965 3616 Tunc
2013 3564 2158 3616 enim

596 3661 787 3715 mulier
811 3675 916 3713 una
964 3656 1305 3711 contumeliis
1332 3655 1553 3718 all'ecta,
1598 3655 1786 3710 unicus
1824 3657 1950 3710 item
2000 3656 2157 3711 levita

597 3753 780 3817 hesus,
811 3766 953 3805 nunc
981 3760 1159 3803 autem
1194 3749 1457 3802 universa:
1488 3748 1743 3802 Ecclesiae
1776 3748 1971 3818 injuria
2012 3747 2156 3802 illata

594 3854 700 3907 est,
730 3853 785 3898 et
822 3840 1169 3895 sacerdotalis
1207 3840 1337 3893 ordo
1381 3839 1725 3894 contumeliis
1754 3850 1837 3893 est
1879 3838 2107 3893 allectus
2138 3858 2150 3892 :

594 3935 847 4004 quodque
879 3926 1094 4002 gravius
1126 3932 1390 3998 videatur,
1419 3933 1591 4001 pietas
1619 3932 1686 3985 ab
1727 3932 2003 4000 impietate
2036 3946 2157 4001 per-

594 4027 925 4081 secutionem
964 4026 1182 4093 patitur.
1214 4024 1279 4077 Et
1311 4033 1437 4078 tunc
1477 4024 1691 4094 quidem
1723 4025 1947 4091 singula:
1988 4024 2157 4078 tribus

593 4118 804 4188 singula
866 4118 1025 4170 unius
1092 4115 1333 4170 mulieris
1394 4116 1560 4171 frusta
1617 4126 1898 4171 cernentes
1957 4118 2155 4169 exhor-

593 4226 804 4266 ruere:
851 4223 994 4263 nunc
1054 4218 1235 4262 autem
1286 4209 1552 4263 universe
1607 4208 1863 4263 Ecclesiae
1913 4208 2152 4262 membra

591 4304 862 4371 discerpta
907 4301 1332 4368 conspiciuntur.
1366 4299 1549 4371 Legati
1594 4310 1740 4354 certe
1785 4308 1896 4351 tum
1929 4299 1994 4351 ad
2036 4312 2151 4361 vos,

590 4405 701 4451 tum
729 4398 794 4450 ad
830 4394 963 4449 alios
1001 4394 1172 4457 missi,
1213 4394 1405 4461 quibus
1448 4391 1791 4447 contumeliis
1827 4389 2147 4459 injuriisque

2258 557 2517 628 ἑωρακώς
2563 557 2817 627 (Ἐϐραία
2866 555 2974 625 γάρ
3004 550 3072 625 ἦν
3100 552 3210 621 (87)
3241 554 3273 620 ἡ
3307 550 3461 621 γυνὴ,
3500 550 3596 602 καὶ
3631 551 3696 602 ὲκ
3739 551 3835 618 τῆς

2272 648 2440 699 Ἰούδα
2472 646 2645 715 φυλῆς
2679 644 2940 713 ἐτύγλανε
2964 649 3002 711 )·
3040 644 3135 694 καὶ
3184 640 3553 707 καταπλαγεὶς
3594 639 3687 691 ἐπὶ
3727 642 3837 699 τοῖς

2258 738 2605 807 τολμηθεῖσιν
2647 739 2726 799 εἰς
2772 736 2932 788 αὑτὸν
2984 734 3476 803 παρανομήμασιν·
3520 730 3596 793 ὡς
3644 732 3677 799 ἡ
3720 728 3837 781 θεία

2258 829 2367 881 τῶν
2390 828 2607 899 Κριτῶν
2633 830 2936 899 διαγορεύει
2979 826 3192 896 Γραφὴ,
3227 825 3416 877 διελὼν
3460 824 3557 894 τὴν
3601 825 3836 890 γυναῖκα

2260 921 2544 974 ἀπέστειλε
2572 923 2709 974 κατὰ
2740 923 2919 972 πᾶσαν
2959 919 3131 989 φυλὴν
3175 917 3270 969 τοῦ
3327 917 3576 988 Ἰσραήλ·
3622 916 3710 968 ἵνα
3762 915 3836 985 μὴ

2261 1012 2340 1073 είς
2371 1012 2530 1063 αὑτὸν
2556 1012 2735 1081 μόνον,
2759 1010 2893 1062 ἀλλὰ
2920 1010 3015 1062 καὶ
3044 1012 3122 1071 είς
3146 1010 3349 1068 πάντας
3374 1005 3551 1059 κοινὸν
3578 1006 3641 1057 τὸ
3666 1006 3839 1057 τοιού-

2261 1120 2351 1155 τον
2380 1104 2621 1173 ἀδίκημα
2652 1102 2947 1171 πιστευθῇ·
2986 1101 3081 1153 καὶ
3115 1101 3220 1161 τνα,
3259 1098 3352 1150 ἐὰν
3389 1098 3488 1167 μὲν
3529 1096 3837 1165 συμπαθῶ-

2264 1211 2368 1259 σιν,
2404 1194 2785 1265 ἐκδικήσωσιν·
2820 1194 2915 1245 ἐὰν
2942 1192 3000 1244 δὲ
3040 1192 3355 1264 παρίδωσιν,
3376 1191 3450 1252 ὡς
3471 1189 3626 1241 αὑτοὶ
3652 1188 3839 1240 λοιπὸν

2261 1286 2614 1357 ἀδικήσαντες
2660 1286 3009 1356 αἱσχυνθῶσι.
3056 1286 3165 1337 Καὶ
3213 1284 3263 1335 οί
3305 1285 3402 1352 μὲν
3439 1281 3839 1344 ἀποσταλέντες

2260 1377 2321 1429 τὸ
2350 1380 2569 1446 γεγονὸς
2621 1378 2961 1448 ἀπήγγελλον
3013 1378 3148 1445 (88)·
3194 1379 3240 1429 oi
3284 1377 3362 1437 δὲ,
3409 1374 3701 1436 ἀκούοντες
3744 1374 3839 1425 καὶ

2262 1470 2514 1539 ὁρῶντες,
2549 1470 2732 1538 ἔλεγον
2785 1470 3051 1540 μηδέποτε
3094 1470 3163 1521 τὰ
3208 1468 3433 1521 τοιαὶτα
3484 1465 3835 1534 γεγενῆσθαι,

2263 1560 2354 1627 ἀφ’
2376 1556 2441 1631 ἧς
2469 1561 2679 1631 ἡμέρας
2706 1560 2976 1630 ἀνέϐησαν
3000 1562 3047 1613 oi
3067 1561 3173 1613 υἱοὶ
3210 1560 3425 1630 Ἰσραὴλ
3448 1560 3508 1623 ἐξ
3535 1558 3837 1625 Αἰγύπτου.

2264 1652 2418 1704 Πᾶσα
2458 1652 2588 1721 γοῦν
2627 1653 2767 1723 φυλὴ
2814 1651 2908 1705 τού
2970 1653 3183 1723 Ἰσραὴλ
3238 1654 3522 1719 κεκίνηται
3566 1651 3703 1720 (89),
3743 1650 3840 1703 καὶ

2266 1744 2463 1807 πάντες
2494 1744 2570 1807 ὡς
2615 1746 2768 1798 αὐτοὶ
2803 1745 3063 1809 παθόντες
3093 1746 3235 1799 κατὰ
3270 1746 3375 1800 τῶν
3410 1744 3840 1815 πλημμελησάν-

2263 1851 2370 1886 των
2419 1834 2707 1905 συνῆλθον·
2765 1835 2859 1887 καὶ
2905 1836 3055 1897 τέλος
3110 1835 3646 1905 κατεπολεμήθησαν
3684 1836 3733 1888 οἱ
3768 1834 3838 1887 τὰ

2265 1924 2553 1995 παράνομα
2588 1926 2904 1997 δράσαντες,
2939 1928 3035 1980 καὶ
3053 1928 3301 1997 ἀνάθεμα
3322 1928 3473 1997 παρα
3509 1926 3729 1979 πάντων
3748 1942 3840 1993 γε-

2263 2020 2501 2088 γόνασιν.
2537 2020 2609 2072 Οὐ
2650 2022 2756 2092 γὰρ
2791 2022 2871 2083 είς
2905 2020 3000 2091 τὴν
3044 2021 3362 2087 συγγένειαν
3393 2021 3441 2071 οἱ
3490 2017 3840 2080 συνελθόντες

2262 2112 2546 2175 ἐσκόπουν,
2584 2113 2697 2165 ἀλλ’
2727 2116 2806 2176 είς
2841 2112 2901 2166 τὸ
2930 2112 3316 2183 πλημμεληθδν
3359 2113 3473 2181 (90)
3504 2110 3835 2163 ἀπέϐλεπον.

2263 2203 2454 2256 Οἴδατε
2483 2204 2581 2275 τὴν
2620 2204 2879 2274 ἱστορίαν,
2903 2204 3142 2272 ἀδελφοὶ,
3169 2206 3263 2256 καὶ
3288 2203 3355 2255 τὰ
3390 2205 3454 2255 ὲκ
3483 2202 3586 2269 τῆς
3617 2203 3838 2273 Γραερῆς

2262 2292 2504 2361 ἀκριϐῶς
2529 2293 2657 2363 περὶ
2677 2292 2878 2361 ταύτης
2913 2293 3318 2361 σημαινόμενα·
3362 2290 3837 2360 ἐπεξεργάσασθαι

2260 2380 2370 2448 γὰρ
2418 2381 2635 2434 πλείονα
2676 2382 2803 2453 περὶ
2853 2382 3022 2452 αὑτῆς
3060 2382 3120 2435 ού
3170 2382 3454 2452 βούλομαι,
3503 2383 3645 2453 πρὸς
3697 2382 3835 2434 εἰδό-

2259 2489 2359 2535 τας
2381 2474 2491 2543 (91)
2525 2476 2771 2544 γράφων,
2821 2476 2915 2528 καὶ
2961 2476 3311 2545 ἐπειγόμενος
3353 2475 3423 2527 τὰ
3465 2474 3561 2527 νῦν
3614 2476 3837 2529 ἐκείνων

2260 2565 2477 2617 πλείονα
2508 2568 2744 2636 σημᾶναι
2767 2571 2830 2637 τῇ
2854 2568 3093 2638 ὑμετέρᾳ
3118 2567 3391 2638 εὐλαϐείᾳ.
3424 2567 3527 2620 Διὰ
3550 2566 3709 2620 τοῦτο
3730 2570 3836 2641 γὰρ

2260 2659 2356 2711 καὶ
2380 2657 2481 2728 τῆς
2510 2660 2747 2730 ἱστορίας
2780 2660 2981 2730 ταύτης
3010 2659 3307 2730 ἐμνήσθην,
3344 2661 3451 2724 ἵνα,
3475 2660 3547 2712 τά
3579 2660 3699 2712 τότε
3724 2666 3836 2724 τοῖς

2260 2750 2355 2804 νῦν
2383 2752 2685 2820 γινομένοις
2733 2752 3098 2823 συμϐαλόντες
3150 2753 3282 2822 (92),
3325 2754 3419 2805 καὶ
3464 2752 3710 2820 γνόντες,
3761 2753 3838 2816 ὠς

2260 2844 2431 2898 ταῦτα
2467 2846 2714 2915 νενίκηκε
2746 2845 2842 2914 τὴν
2874 2845 3097 2897 ἐκείνων
3134 2845 3411 2915 ὠμότητα,
3463 2845 3648 2898 πλεῖον
3680 2847 3837 2915 ὑμεῖς

2261 2934 2675 3004 ἀγανακτήσητε
2697 2933 2729 3002 ἢ
2752 2934 2800 2985 οἱ
2834 2932 2974 2985 κατὰ
3002 2933 3108 2984 τῶν
3145 2933 3264 2985 τότε
3301 2934 3833 3003 παρανομησάντων.

2259 3026 2370 3078 Καὶ
2403 3024 2511 3096 γὰρ
2554 3025 2648 3077 καὶ
2681 3024 2748 3075 τὰ
2781 3023 2952 3095 πικρὰ
3002 3023 3110 3075 τῶν
3153 3023 3409 3094 διωγμῶν
3449 3025 3517 3077 τά
3566 3025 3838 3094 γενόμενα

2259 3116 2377 3169 καθ’
2406 3116 2561 3186 ἡμῶν
2608 3114 2947 3186 ὑπερϐέϐηκε
2978 3113 3108 3184 (9:5)-
3144 3116 3238 3167 καὶ
3276 3115 3446 3185 μικρὰ
3479 3117 3514 3184 ἡ
3546 3114 3642 3167 τοῦ
3673 3116 3837 3167 Λευῖ-

2260 3224 2353 3259 του
2380 3207 2631 3278 συμφορὰ
2666 3207 2797 3277 πρὸς
2826 3206 2894 3258 τά
2918 3205 3026 3262 νῦν,
3044 3206 3185 3258 κατὰ
3220 3207 3319 3277 τῆς
3367 3206 3695 3277 Ἐκκλησίας
3721 3208 3839 3259 τολ-

2264 3299 2531 3369 μηθέντα·
2561 3298 2652 3351 καὶ
2684 3297 2881 3368 μᾶλλον
2917 3297 3091 3349 ταῦτα
3128 3295 3250 3349 οὔτε
3279 3296 3387 3367 (94)
3424 3296 3672 3369 ⁴ἠκούσθη
3706 3299 3838 3351 ποτὲ

2260 3393 2400 3461 ὲντῇ
2430 3389 2739 3461 οἰκουμένη,
2774 3387 2896 3441 οὔτε
2940 3387 3193 3441 τοιούτων
3235 3406 3320 3451 τις
3357 3388 3693 3459 πεπείραται
3732 3406 3837 3442 κα-

2260 3478 2391 3533 κῶν.
2428 3480 2559 3532 Τότε
2608 3480 2703 3549 μὲν
2742 3479 2851 3547 γὰρ
2885 3479 3021 3548 γυνὴ
3067 3478 3165 3547 μία
3204 3474 3271 3547 ἦν
3304 3479 3337 3548 ή
3365 3478 3711 3549 ἀδικηθεῖσα,
3744 3480 3837 3532 καὶ

2259 3566 2340 3633 εἷς
2371 3571 2601 3641 Λευῖτης
2622 3572 2650 3622 ό
2672 3570 2771 3640 τὴν
2799 3569 2917 3639 βίαν
2948 3568 3133 3622 παθών
3154 3584 3169 3599 ·
3200 3568 3294 3619 νῦν
3321 3569 3378 3620 δὲ
3400 3568 3495 3639 ὅλη
3526 3570 3558 3640 ἡ
3609 3570 3839 3640 Ἐκκλη-

2261 3665 2350 3718 σία
2401 3664 2649 3735 ἠδικήθη,
2712 3665 2805 3717 καὶ
2856 3664 2916 3716 τὸ
2970 3665 3230 3735 ίερατεῖον
3257 3662 3511 3734 ὑϐρίσθη,
3552 3664 3647 3715 καὶ
3681 3662 3742 3714 τό
3770 3679 3836 3731 γε

2262 3758 2465 3827 μεῖζον,
2503 3755 2750 3809 εὑσέϐεια.
2797 3754 2903 3807 ἀπὸ
2946 3756 3057 3823 (95)
3101 3754 3354 3816 ἀσεϐείας
3397 3754 3684 3807 διώκεται·
3742 3754 3837 3807 καὶ

2257 3850 2377 3901 τότε
2405 3848 2502 3917 μὲν
2543 3848 2670 3917 μιᾶς
2701 3846 2958 3915 γυναικὸς
2999 3846 3202 3914 ἑκάστη
3252 3845 3389 3915 φυλὴ
3442 3846 3609 3915 μέρος
3652 3848 3836 3917 δρῶσα

2258 3935 2675 4003 κατεπλήττετο,
2717 3934 2841 4005 ἄρτι
2870 3934 2926 3986 δὲ
2949 3936 3078 4004 ὅλης
3116 3934 3440 4003 Ἐκκλησίας
3472 3936 3671 4006 ὁρᾶται
3698 3936 3832 4006 μέλη

2255 4025 2587 4097 διῃρημένα·
2619 4025 2863 4088 καὶτοὺς
2895 4025 2993 4095 μὲν
3034 4026 3168 4096 πρὸς
3212 4028 3376 4096 ὑμᾶς,
3415 4028 3541 4089 τοὺς
3586 4027 3643 4080 δὲ
3699 4027 3833 4099 πρὸς

2256 4115 2445 4178 ἄλλους
2473 4114 2889 4179 ἀποσταλέντας,
2917 4115 3015 4185 τὴν
3042 4115 3196 4187 ὓϐριν
3229 4117 3323 4170 καὶ
3358 4117 3462 4187 τὴν
3495 4117 3734 4182 ἀδικίαν,
3761 4118 3833 4189 ἢν

2256 4204 2605 4269 πεπόνθασιν,
2646 4204 3104 4271 ἀπαγγέλλοντας.
3152 4207 3423 4278 Κινήθητε
3470 4208 3536 4279 δὴ
3592 4205 3685 4261 οὖν
3737 4209 3834 4262 καὶ

2254 4296 2411 4365 ὑμεῖς
2442 4294 2759 4365 παρακαλῶ,
2791 4294 2863 4365 μὴ
2892 4296 3003 4365 (96)
3028 4296 3101 4359 ὡς
3130 4298 3283 4367 ήμῶν
3328 4298 3510 4367 μόνον,
3551 4299 3693 4354 ἀλλὰ
3738 4301 3834 4353 καὶ

2254 4387 2327 4449 ὡς
2350 4386 2500 4456 ὑμῶν
2528 4386 2909 4457 ἀδικηθέντων,
2942 4389 3036 4440 καὶ
3065 4387 3293 4450 ἕκαστος
3331 4388 3407 4451 ὡς
3438 4391 3606 4454 αὑτὸς
3644 4390 3831 4444 παθὼν

512 4471 515 4475 ⁸
587 4490 696 4543 sint
737 4488 945 4556 aﬂ'ecti,
984 4486 1316 4540 renuntiant.
1342 4483 1699 4539 Concitemini
1747 4482 1910 4551 igitur
1946 4490 1999 4535 et
2035 4496 2148 4545 vos,

2259 4478 2595 4549 βοηθησάτω,
2626 4479 2713 4531 ἴνα
2750 4478 2823 4549 μὴ
2860 4479 2928 4531 δι’
2968 4480 3149 4547 ὀλίγου
3186 4480 3635 4551 ἐκκλησιαστικοὶ
3674 4483 3831 4537 κανό-

586 4580 831 4645 nhsccro,
868 4579 1021 4649 quasi
1068 4593 1171 4631 non
1202 4592 1299 4631 nos
1336 4586 1563 4639 tantum,
1600 4576 1691 4627 sed
1722 4584 1778 4628 et
1813 4588 1907 4627 vos
1953 4570 2147 4639 injuria

587 4674 764 4729 allecti
811 4672 1006 4727 eSsetis
1036 4688 1049 4724 :
1078 4679 1131 4725 et
1180 4668 1429 4738 quisque,
1460 4667 1612 4736 quasi
1650 4669 1762 4735 ipse
1805 4664 1961 4717 lmsus
1993 4678 2147 4731 opem

590 4768 759 4829 ferat,
801 4778 870 4818 ne
918 4762 1067 4818 brevi
1109 4760 1460 4816 ecclesiastici
1509 4772 1741 4812 canones
1784 4763 1841 4810 et
1901 4754 2151 4809 Ecclesiae

656 4900 703 4930 ⁶¹
729 4899 903 4953 Judic.
935 4914 1046 4952 xu.

661 5036 770 5104 (8'7)
800 5036 855 5088 In
886 5033 1017 5087 edit.
1041 5033 1196 5104 Cum.
1221 5041 1273 5104 et
1299 5032 1470 5104 Paris.
1503 5041 1556 5104 et
1588 5031 1637 5083 in
1658 5029 1984 5104 quibusdam
2013 5043 2144 5104 mss.

584 5102 651 5177 ἦν
671 5100 844 5177 ’Λευ-ει.
858 5105 918 5177 In
951 5104 1083 5171 lleg.
1120 5102 1279 5177 Basil.
1305 5112 1358 5155 et
1383 5101 1620 5156 Felckm.
1653 5102 1686 5155 5
1733 5116 1897 5154 anon.
1931 5100 2146 5168 legitur.

586 5173 701 5231 Mox
732 5175 913 5237 Basil.,
942 5173 1410 5243 παρανομήσασιν.

660 5245 771 5311 (88)
799 5237 1129 5300 Basiliensis.
1158 5237 1504 5309 Aliglicauus,
1539 5240 1865 5310 ἁπήγγελον.
1896 5237 2018 5292 Mox
2046 5237 2149 5291 Re-

586 5317 725 5379 gius,
750 5313 1095 5373 ἀκούσαντες.
1135 5311 1300 5365 I’auln
1338 5320 1477 5375 post,
1510 5312 1636 5363 editi
1669 5322 1720 5361 et
1751 5311 1964 5377 quidam
1993 5322 2145 5371 mss.,

584 5387 651 5439 τά
681 5385 923 5437 τοιαῦτα.
949 5384 1000 5435 In
1031 5382 1161 5448 Reg.
1189 5392 1240 5432 et
1271 5379 1426 5433 Basil.
1465 5381 1656 5439 deest,
1682 5382 1767 5431 τά.

656 5456 762 5522 (89)
796 5455 867 5505 Ita
897 5455 1024 5521 Iivg.
1048 5446 1283 5509 Aticditi,
1320 5449 1616 5522 ἐκεκίνητο.
1658 5448 1817 5522 Basil.
1854 5446 2061 5522 Anglic.
2096 5454 2149 5499 et

588 5518 822 5576 Felckin.
853 5524 884 5573 5
915 5518 1499 5591 ωιίηιχηιημκεκίνητο.
1547 5520 1694 5591 litigii
1747 5518 1904 5591 lectio
1931 5527 2152 5591 antepo-

589 5597 756 5645 nenda
792 5593 1020 5643 videtur.
1054 5585 1172 5642 Mox
1198 5587 1354 5656 μεθ..
1390 5585 1714 5648 πεπονθότες
1747 5586 1885 5638 κατὰ
1918 5585 2024 5636 τῶν
2057 5601 2150 5634 πε-

587 5660 690 5729 πλη
701 5680 736 5728 μ
744 5660 1049 5729 μεληκότων
1058 5702 1070 5713 .

623 5724 784 5845 f1(siml
843 5724 952 5797 liig
984 5766 1000 5793 ,
1045 5726 1329 5795 τολμηθὲν.
1406 5724 1524 5780 aiax
1597 5725 1775 5792 idem,

647 5814 706 5845 .v.
736 5813 764 5845 ρ
790 5812 839 5845 c.

587 5809 706 5861 την,
736 5809 839 5851 etc.

1868 5725 2009 5753 3'2..--
2095 5724 2149 5753 2!-

1836 5742 2011 5777 οιοατε
2094 5742 2150 5777 ΟΞ

2256 4588 2374 4632 νες,
2410 4570 2502 4623 καὶ
2533 4572 2565 4641 ἡ
2594 4570 2689 4640 τῆς
2730 4570 3021 4641 ἐκκλησίας
3060 4572 3240 4634 πίστις
3286 4574 3645 4645 παραφθαρῇ.
3696 4577 3827 4629 Κιν-

2255 4659 2461 4713 δυνεύει
2500 4660 2608 4730 γὰρ
2650 4661 2957 4732 ἀμφότερα,
3007 4662 3100 4715 ἐὰν
3144 4663 3217 4733 μὴ
3258 4664 3469 4733 ταχέως
3517 4668 3547 4717 ό
3592 4666 3722 4726 Θεὸς
3759 4664 3827 4719 δι’

2257 4753 2411 4823 ὑμῶν
2443 4753 2511 4805 τά
2542 4752 2996 4825 πλημμεληθέντα
3032 4752 3409 4825 διορθώσηται,
3461 4758 3557 4809 καὶ
3595 4757 3829 4820 ἐκδικίας

2328 5021 2439 5092 (9|)
2474 5020 2652 5092 Beg.,_
2668 5020 2974 5089 εἰδήμονας.

2327 5084 2438 5161 (92)
2480 5084 2839 5161 εἰς’]ἶυεὶιῖς,
2894 5087 3219 5161 Anglicanus
3266 5098 3320 5139 et
3352 5084 3723 5161 “Felcitmanni
3758 5085 3828 5161 Δ5

2258 5156 2572 5230 anonymus.
2592 5156 2730 5212 Edit'i
2753 5174 2895 5215 vero.
2918 5156 3331 5226 συμϐάλλοντες.
3351 5156 3468 5207 Mox
3490 5156 3823 5219 Basiliensis,

2258 5234 2332 5266 ,ἵνα
2367 5231 2502 5266 ...πρ-λ,
2564 5228 2727 5266 paulo
2750 5239 2860 5266 “uel
2898 5227 3009 5266 “iur
3045 5265 3048 5266 ,
3080 5226 3273 5266 οπλέηυη
3314 5228 3473 5266 ιἠιτῖἰρ

2257 5234 2332 5295 ὼς
2367 5226 2522 5283 αὑτά.
2564 5228 2727 5281 Paulo
2750 5239 2867 5296 pust
2898 5227 3055 5294 lii-gn
3080 5226 3278 5277 πλέονα
3314 5228 3494 5295 ὑμεῖς.

2331 5302 2442 5371 (95)
2507 5301 2599 5353 Sic
2655 5298 2786 5366 lleg.
2828 5309 2883 5350 et
2938 5298 3147 5364 Anglic.
3204 5295 3346 5349 Editl
3406 5311 3557 5362 vero,
3595 5293 3823 5367 ὑπερϐἑο

2256 5372 2445 5510 δλῗυῗί
2463 5438 2617 5510 Reg,
2640 5435 2707 5488 τὰ
2734 5435 2956 5489 τοιαῦτα
2974 5436 3113 5488 οὐδέ.
3144 5434 3309 5489 Paulo
3341 5434 3481 5489 intra
3513 5436 3675 5499 idem,
3704 5432 3823 5489 οὐδὲ

2256 5508 2508 5564 τοιούτων
2540 5508 2621 5569 τίς
2656 5523 2805 5557 ποτε.
3558 5529 3572 5546 .

2329 5580 2440 5649 (95)
2470 5578 2623 5649 [ἷξε-ν
2653 5576 2776 5649 ὑπό·

2257 5721 2299 5773 Α
2328 5643 2441 5770 (91(ξ)
2475 5643 2629 5716 Reg,
2685 5645 2777 5699 καί
2809 5655 2933 5702 ante
2985 5647 3079 5718 μή.
3129 5646 3329 5701 Ibidem
3393 5645 3571 5715 μόνων
3606 5643 3735 5714 Reg.
3767 5651 3829 5697 el.

2309 5736 2375 5788 ug
2403 5734 2467 5773 Ic.
