4006 6518
204 466 272 522 εὲὅ

1334 449 1675 508 EPlSTOLA
1716 449 2120 510 ENCYCLICA.

3273 450 3379 505 29.6

203 575 504 652 ηἘκκλησία
538 574 696 647 τύχῃ.
732 574 803 626 Οὐ
841 571 948 641 γὰρ
998 569 1092 624 νῦν
1134 568 1354 631 κανόνες
1398 570 1492 621 καὶ
1539 568 1700 621 τύποι

1814 569 1936 623 fides
1965 584 2179 638 pessum
2208 577 2352 623 eant.
2382 568 2682 633 Utrumque
2712 567 2855 622 enim
2888 567 3240 635 periclitatur,
3273 568 3385 622 nisi

201 675 278 733 ταῖς
306 666 638 734 Ἐκκλησίαις
682 664 953 732 ἐδόθησαν,
1007 661 1121 715 ἀλλ’
1183 663 1246 713 ἐκ
1303 659 1411 711 τῶν
1455 660 1713 730 Πατέρων

201 762 302 834 ἡμῶν
324 757 422 828 (97)
473 757 661 818 καλῶς
707 757 799 808 κα)⁵
852 753 1081 824 βεϐαίως
1128 751 1504 823 παρεδόθησαν
1531 768 1544 780 ·
1589 751 1712 802 οὐδὲ

199 854 302 921 vivi}
330 850 510 910 πίστις
557 847 776 919 ἦρξατό,
826 845 939 898 ἀλλ’
983 845 1046 896 ὲκ
1087 843 1181 896 τοῦ
1238 842 1444 912 Κυρίου
1478 841 1566 894 διὰ
1601 840 1711 893 τῶν

199 943 381 1015 μαθητῶν
439 944 528 1003 εἰς
583 941 732 1011 ἡμᾶς
785 938 1123 1008 διαϐέϐηκεν
1177 939 1272 991 “Ιν’
1318 935 1411 990 οὖν
1445 936 1519 1008 μὴ
1553 936 1621 988 τὰ
1652 935 1712 1000 ἐξ

195 1033 357 1103 ἀρχαίων
378 1032 583 1103 μέχρις
615 1031 772 1101 ἡμῶν
797 1029 1097 1102 τηρηθέντα
1130 1031 1186 1082 ὲν
1215 1031 1334 1091 ταῖς
1367 1027 1711 1098 Ἑκκλησίαις

196 1128 231 1178 ἐν
248 1128 330 1186 ταῖς
351 1123 454 1176 νῦν
501 1123 741 1192 ἡμέραις
794 1121 1193 1194 παραπόληται,
1245 1124 1337 1174 καὶ
1383 1120 1451 1174 τὰ
1493 1137 1713 1172 πιστευ-

193 1214 446 1284 θένταήμῖν
482 1212 693 1282 ζητηθῇ
749 1215 873 1284 παρ’
917 1213 1107 1282 ἡμῶν·
1153 1212 1430 1283 κινηθητε,
1466 1211 1708 1280 ἀδελφοὶ,

193 1306 238 1368 ὡς
253 1306 497 1375 οἰκονόμοι
537 1305 848 1376 μυστηρίων
863 1304 996 1357 Θεοῦ
1013 1304 1388 1373 τυγχάνοντες,
1414 1302 1509 1356 καὶ
1538 1302 1711 1356 ταῦτα

193 1397 250 1464 ὑφ’
268 1395 448 1469 ἑτέρων
472 1397 586 1466 (98)
619 1395 974 1468 ἁρπαζόμενα
1003 1395 1350 1466 θεωροῦντες.
1386 1394 1468 1447 Τὰ
1494 1394 1591 1466 μὲν
1614 1390 1709 1448 οὖν

191 1482 337 1535 πλείονα
372 1483 531 1554 παρὰ
566 1485 677 1538 τῶν
706 1485 1180 1556 γραμματοφόρων
1207 1482 1504 1538 ἀκούσεσθε
1532 1502 1546 1516 ·
1580 1501 1708 1538 συν-

189 1574 308 1643 τόμως
350 1575 411 1627 δὲ
460 1575 623 1644 κάγὼ
686 1577 924 1647 σημᾶναι
975 1575 1274 1647 ἠπείχθην,
1331 1576 1420 1628 ἵνα
1472 1575 1550 1646 τῷ
1595 1574 1707 1629 ὄντι

188 1669 314 1735 γνῶτε,
343 1669 431 1721 ὅτι
463 1668 724 1722 οὐδέποτε
744 1667 963 1722 τοιαῦτα
985 1668 1169 1737 γένονε
1199 1669 1339 1722 κατὰ
1352 1671 1452 1740 τῆς
1491 1669 1710 1743 Ἐκκλη-

189 1760 264 1822 ait;
286 1760 372 1828 ἀφ’
407 1756 478 1830 ἧς
505 1759 618 1832 (99)
653 1761 863 1832 ἡμέρας
891 1760 1217 1829 ἀναληφθεὶς
1236 1763 1264 1812 ὁ
1291 1760 1481 1832 Σωτὴρ
1506 1763 1706 1815 ἐνετεί-

187 1848 266 1902 λατο
285 1853 389 1912 τοίς
428 1843 704 1921 μαθηταῖξ
733 1850 903 1920 λέγων
923 1868 936 1882 ·
980 1851 1395 1919 Πορευθέντες,
1415 1855 1709 1922 μαθητεύ-

187 1957 279 1992 σατε
295 1919 495 1994 πάντα
535 1919 609 1994 τὰ
647 1941 812 2008 ἔθνη,
855 1939 1244 2007 ,βαπτίζοντες
1271 1919 1492 2008 αὐτούς
1526 1945 1614 2008 εὶς
1639 1943 1706 1996 τὸ
1740 1919 1781 1973 Β

187 2030 307 2100 ὄνομα
329 2031 439 2084 τοῦ
473 2030 727 2098 Πατρός,
767 2031 996 2086 καὶτοῦ
1045 2031 1203 2096 Υἱοῦ,
1248 2031 1348 2084 καὶ
1390 2032 1496 2086 τοῦ
1533 2032 1706 2103 ἁγίου

184 2125 472 2192 lli-stipatae

226 2209 354 2263 9..Τὰ
394 2211 498 2282 μὲν
531 2229 630 2264 ουν
671 2214 791 2265 καθ’
819 2211 976 2282 ἡμῶν
1004 2215 1098 2267 καὶ
1139 2214 1280 2268 κατὰ
1323 2214 1426 2284 τῆς
1481 2214 1708 2285 Ἐκκλη-

183 2300 258 2363 aia;
282 2301 744 2372 παρανομηθέντα
771 2300 912 2354 οὕτω
942 2303 1153 2372 γέγονε.
1181 2306 1525 2373 Συναγόντων
1552 2305 1708 2375 ἡμῶν

183 2395 372 2464 rivatim;
402 2396 462 2447 ὲν
488 2396 684 2466 εἰρήνῃ
727 2394 826 2465 (l),
870 2396 978 2449 τῶν
1007 2414 1066 2449 τε
1097 2397 1241 2452 λαῶν
1271 2399 1706 2469 εὐφραινομένων

181 2486 240 2536 ἐπὶ
268 2489 380 2548 ταῖς
433 2486 715 2552 συνάξεσι,
755 2487 848 2540 καὶ
892 2490 1309 2558 προκοπτόντων
1342 2493 1407 2560 τῇ
1457 2491 1532 2560 (2)
1568 2490 1708 2543 κατὰ

180 2576 264 2630 Θεὸν
287 2579 561 2649 πολιτείᾳ,
600 2578 710 2631 τῶν
753 2595 812 2632 τε
852 2579 1281 2653 συλλειτουργῶν
1316 2582 1423 2634 τῶν
1467 2584 1584 2635 κατ’
1617 2584 1710 2635 Αἴ-

179 2683 347 2734 γυπτον,
379 2671 476 2724 καὶ
504 2669 776 2740 Θηϐαΐδα,
807 2674 902 2724 καὶ
934 2671 1160 2743 Λιϐύην,
1191 2673 1410 2742 ἀγάπην
1437 2676 1530 2726 καὶ
1559 2677 1709 2745 εξρὴ-

179 2765 479 2834 νηνέχόντων
513 2763 656 2833 πρὸς
674 2761 931 2833 ἀλλήλους
963 2764 1058 2816 καὶ
1087 2763 1224 2835 πρὸς
1255 2766 1423 2834 ἡμᾶς,
1453 2764 1709 2834 ἐξαίφνης

178 2853 434 2926 ὸέπαρχος
483 2855 588 2924 τῆς
622 2854 901 2922 Αἰγύπτου
939 2857 1243 2926 γράμματα
1282 2855 1568 2926 προτίθησι
1612 2855 1707 2927 δη-

180 2948 312 3018 μοσία,
340 2945 723 3016 διατάγματος
752 2947 942 3018 ἔχοντα
974 2949 1166 3012 τύπον,
1199 2948 1275 3011 ὼς
1303 2947 1598 3019 Γρηγορίου
1632 2947 1706 3018 (5)

176 3042 272 3105 τινὸς
293 3043 356 3094 ἐκ
378 3040 782 3104 Καππαδοκίας
812 3042 1191 3114 εἰσερχομένου
1214 3041 1458 3111 διαδόχου
1486 3058 1587 3111 μου
1603 3040 1710 3094 ἀπὸ

175 3130 234 3182 τοῦ
267 3133 559 3202 κομιτάτου
613 3131 713 3199 (4).
766 3132 874 3184 Καὶ
914 3134 946 3202 ή
998 3132 1095 3201 μὲν
1127 3129 1345 3201 τοιαύτη
1393 3129 1529 3200 ἀκοὴ
1583 3129 1708 3193 τοὺς

176 3220 333 3284 sane;
369 3222 609 3291 ἐτάραξε
635 3240 650 3252 ο
697 3222 880 3274 καινὸν
921 3220 1028 3292 γὰρ
1071 3216 1136 3292 ἦν
1182 3221 1276 3272 κα)⁵
1303 3220 1426 3290 ἄρτι
1477 3217 1708 3290 πρώτως
1736 3252 1776 3309 C

176 3310 391 3366 ἀκουσθέν
421 3314 484 3365 τὸ
511 3313 783 3366 τοιοῦτον·
818 3315 866 3365 οἱ
894 3313 948 3365 δὲ
975 3313 1094 3365 λαοὶ
1134 3311 1226 3365 καὶ
1263 3311 1459 3382 μᾶλλον
1501 3312 1581 3374 είς
1609 3310 1708 3374 τὰς

175 3401 420 3474 ἐκκλησίας
456 3407 822 3476 συνήρχοντο·
859 3405 940 3457 ὅτι
977 3403 1208 3474 μάλιστα
1248 3401 1531 3474 συνεώρων
1571 3405 1707 3473 μήτε

174 3494 372 3563 ἑαυτοὺς,
409 3500 548 3569 μήτε
579 3497 901 3559 ἐπίσκοπον,
959 3497 1096 3566 μήτε
1139 3495 1528 3567 πρεσϐύτερον,
1574 3495 1707 3566 μήτε

172 3586 269 3652 ὅλως
297 3591 446 3654 τινὰς
479 3591 558 3660 (5)
599 3588 988 3661 μεμψαμένους
1029 3589 1176 3660 ἡμᾶς
1230 3605 1379 3640 ποτε.
1412 3587 1624 3650 Μόνους
1651 3586 1708 3639 δὲ

180 3676 453 3748 Ἀρειανοὺς
497 3679 687 3752 ἑώρων
731 3682 826 3733 σὺν
860 3678 1028 3749 αὐτῷ,
1074 3680 1166 3732 καὶ
1228 3678 1502 3751 Ἀρειανὸν
1549 3679 1708 3732 αὐτὸν

172 3765 497 3836 ἐπεγίνωσκον
530 3770 637 3823 ὑπὸ
678 3769 785 3822 τῶν
815 3770 943 3839 περ)¹
972 3767 1230 3822 Εὐσέϐιον
1261 3771 1374 3830 τοῖς
1419 3769 1712 3840 Ἀρειανοῖς

170 3857 522 3914 ἀποσταλέντα.
564 3861 760 3913 Οἴδατε
784 3859 840 3912 δὲ
871 3861 968 3930 (6),
1014 3859 1252 3927 ἀδελφοὶ,
1293 3861 1381 3913 ἀεὶ
1409 3861 1536 3923 τοὺς
1581 3861 1710 3930 περὶ

170 3945 386 4004 Εὑσὲϐιον
412 3951 730 4022 προστάτας
757 3951 851 4002 καὶ
877 3949 1164 4011 κοινωνοὺς
1186 3949 1284 4019 τῆς
1308 3948 1537 4012 ἀσεϐοῦς
1562 3948 1713 4019 αἱρέ-

171 4055 274 4106 σεως
299 4044 405 4096 τῶν
463 4040 890 4112 Ἀρειομανιτῶν
929 4040 1274 4110 γενομένους,
1305 4041 1399 4094 καὶ
1428 4040 1492 4093 δι’
1531 4039 1710 4092 αὐτῶν

167 4131 226 4185 ἀεὶ
246 4137 368 4205 ἡμῖν
402 4133 920 4195 ἐπιϐουλεύσαντας,
974 4132 1066 4184 καὶ
1091 4131 1191 4200 τῆς
1241 4133 1318 4193 είς
1354 4130 1453 4193 τὰς
1481 4130 1712 4193 Γαλλίας

167 4222 439 4296 ἀποδημίας
472 4227 682 4288 αἰτίους
716 4226 846 4294 ἡμῖν
901 4222 1223 4292 γενομένους
1253 4222 1350 4291 (7).
1401 4221 1498 4274 Διά
1537 4221 1711 4274 ταῦτα
1743 4212 1752 4217 ’

167 4317 248 4387 γὰρ
277 4321 498 4382 εἰκότως
525 4318 622 4371 καὶ
657 4318 707 4370 οἱ
742 4315 861 4369 λαοὶ
891 4317 1252 4385 ἠγανάκτουν,
1282 4316 1376 4368 καὶ
1414 4313 1707 4381 κατεϐόων,

169 4413 538 4484 μαρτυρόμενοι
569 4411 699 4473 τοὺς
746 4409 936 4472 ἄλλους
965 4408 1220 4472 δικαστὰς
1266 4409 1360 4461 καὶ
1404 4409 1583 4462 πᾶσαν
1611 4409 1710 4478 τὴν

167 4503 308 4570 πόλιν,
335 4508 414 4559 ὅτι
446 4505 721 4576 μηδεμιᾶς
752 4501 1009 4572 μέμψεως
1043 4500 1146 4552 ὑπὸ
1179 4499 1287 4552 τῶν
1328 4499 1708 4570 ἐκκλησιαστι-

1813 671 1993 715 vestra
2033 677 2195 731 opera
2255 663 2394 716 Deus
2447 660 2686 713 facinora
2723 660 2810 714 illa
2858 660 2965 713 cito
3012 661 3284 726 corrigat,
3327 668 3382 714 et

1814 753 2049 808 Ecclesia
2098 754 2415 808 vindicetur.
2463 753 2578 807 Non
2632 754 2775 807 enim
2824 768 2965 807 nunc
3016 755 3248 821 primum
3285 768 3378 806 ca-

1814 859 1982 898 nones
2007 853 2063 898 et
2084 854 2279 900 statuta
2325 845 2580 900 Ecclesiae
2609 847 2734 900 data
2763 854 2914 910 sunt,
2935 846 3027 898 sed
3062 862 3091 898 a
3129 845 3382 900 Patr-ibus

1815 934 1969 988 nobis
2011 945 2158 989 recte
2193 936 2523 1005 firmiterque
2564 948 2692 991 sunt
2739 938 2937 991 tradita
2977 951 2992 989 :
3027 952 3201 1005 neque
3234 953 3379 991 mine

1814 1025 1946 1080 fides
1987 1026 2206 1095 incepit,
2251 1029 2343 1082 sed
2389 1043 2420 1082 a
2453 1029 2678 1083 Domino
2711 1043 2806 1098 per
2852 1028 3146 1096 discipulos
3177 1029 3243 1082 ad
3285 1045 3381 1083 nos

1814 1132 1981 1186 usque
2011 1118 2272 1186 pervenit.
2320 1118 2398 1174 Ne
2428 1119 2590 1190 igitur
2626 1136 2688 1175 ea
2719 1135 2839 1189 quae
2881 1121 2950 1174 ab
2975 1120 3213 1188 antiquis
3254 1121 3384 1175 bac-

1812 1221 1967 1265 tenus
2015 1220 2228 1265 ser-Vasta
2276 1222 2401 1274 sunt
2440 1215 2490 1266 in
2539 1213 2818 1276 Ecclesiis,
2859 1213 2980 1268 istis
3019 1211 3132 1280 jam
3191 1213 3383 1267 diebus

1811 1317 2025 1370 pessum
2056 1303 2280 1367 abeant,
2323 1319 2457 1358 neve
2497 1305 2563 1360 de
2596 1305 2664 1359 iis
2705 1319 2824 1372 quae
2872 1304 3024 1358 nobis
3069 1305 3378 1359 concredita

1812 1406 1936 1448 sunt
1984 1397 2222 1452 rationes
2254 1406 2598 1467 repetantur,
2647 1397 2974 1464 incitemini,
3019 1397 3247 1461 fratres,
3294 1409 3382 1451 nt-

1810 1495 1934 1553 pote
1964 1486 2361 1554 dispensatores
2405 1487 2789 1556 mysteriorum
2840 1487 2966 1551 Dei,
3010 1487 3137 1540 dmn
3171 1471 3260 1541 illa
3312 1489 3382 1542 ab

1811 1577 1928 1632 aliis
1975 1577 2133 1646 diripi
2181 1578 2433 1633 cernitis.
2467 1578 2630 1632 Plura
2671 1593 2701 1631 a
2753 1578 3052 1633 tabellariis
3100 1579 3380 1644 ediscetis,

1808 1665 2053 1720 festinavi
2097 1677 2274 1722 tamen
2331 1668 2516 1736 paucis
2564 1683 2627 1722 ea
2677 1668 3021 1739 signiﬁcare,
3070 1685 3180 1738 quo
3224 1671 3383 1739 plane

1809 1758 1960 1812 vobis
2003 1764 2280 1813 constaret
2321 1773 2595 1827 nunquam
2633 1759 2760 1812 talia
2795 1759 3056 1813 adversus
3087 1759 3380 1812 Ecclesium

1810 1859 2115 1918 perpetrata
2160 1864 2298 1912 esse.
2332 1866 2400 1905 ex
2429 1867 2533 1919 qua
2565 1851 2653 1905 die
2683 1851 2938 1906 Salvator
2965 1855 3018 1905 in
3051 1851 3248 1904 coelum
3293 1869 3384 1904 as-

1809 1952 2054 2012 sumptus
2090 1943 2365 2012 discipulis
2396 1943 2670 2011 praecepit,
2697 1943 2922 1997 dicens:
2966 1943 3164 1997 Euntes
3201 1945 3382 1998 docete

1808 2052 1983 2088 omnes
2028 2047 2236 2104 gentes,
2279 2035 2600 2103 baptizatum
2642 2052 2728 2090 eos
2767 2037 2822 2089 in
2865 2037 3072 2091 nomine
3110 2035 3293 2091 Patris
3330 2046 3382 2091 et

1811 2123 1940 2178 Fitii
1968 2135 2014 2179 et
2048 2125 2277 2194 Spiritus
2306 2127 2474 2179 sancti
2499 2125 2567 2179 “.

1877 2216 1932 2270 9..
1973 2216 2101 2284 Quae
2136 2218 2296 2288 igitur
2334 2217 2536 2272 scelera
2573 2219 2858 2273 adversum
2893 2232 2991 2272 nos
3021 2226 3077 2272 et
3117 2216 3381 2272 adversus

1808 2307 2104 2362 Ecclesium
2135 2307 2421 2362 commissa
2464 2315 2608 2371 sunt,
2640 2308 2716 2362 sic
2754 2323 2813 2363 se
2843 2308 3060 2362 habent.
3099 2306 3236 2361 Cum
3281 2323 3382 2362 nos

1810 2401 1876 2452 de
1912 2413 2060 2452 more
2094 2399 2144 2451 in
2190 2412 2323 2466 pace
2349 2399 2782 2464 conveniremus,
2828 2397 3116 2467 populique
3157 2398 3210 2452 in
3250 2412 3384 2452 cou-

1811 2489 2056 2544 vcntibus
2086 2489 2199 2558 89
2220 2488 2530 2542 laetarentur
2558 2503 2620 2541 ac
2643 2489 2767 2544 vita;
2816 2489 3061 2543 instituto
3082 2483 3378 2544 secundum

1811 2583 1975 2636 Deum
2004 2583 2326 2651 proficerent
2351 2599 2364 2635 :
2399 2581 2787 2636 comministris
2811 2596 3022 2650 quoque
3054 2582 3255 2635 nostris
3284 2597 3382 2650 per

1808 2674 2120 2745 Egyptum,
2147 2674 2475 2728 Thebaidem
2500 2681 2552 2726 et
2576 2671 2821 2744 Libyam,
2851 2674 3170 2728 charitatem
3195 2682 3251 2728 et
3277 2689 3378 2743 pa-

1810 2782 1928 2820 cem
1959 2767 2101 2820 inter
2141 2780 2199 2819 se
2249 2782 2312 2821 ac
2353 2767 2630 2822 nobiscum
2671 2767 3048 2830 servantibus;
3089 2769 3381 2836 derepente

1811 2856 2095 2925 praefectus
2130 2855 2348 2927 Egypti
2383 2857 2587 2910 litteras
2628 2858 2840 2926 publice
2870 2856 3098 2926 profert,
3135 2856 3238 2910 sub
3261 2856 3377 2910 for-

1811 2961 1954 3000 mam
1977 2945 2160 3007 edicti,
2191 2948 2387 3014 quibus
2409 2945 2719 3001 declarabat
2737 2946 3059 3016 Gregorium
3093 2947 3378 3014 quemdam

1808 3053 1874 3093 ex
1908 3038 2242 3107 Cappadocia
2277 3037 2405 3090 mihi
2435 3051 2807 3092 successorem
2835 3052 2900 3091 ex
2933 3037 3190 3091 comitatu
3223 3037 3379 3090 indu-

1809 3140 1955 3184 ctum
1980 3144 2120 3184 esse.
2161 3129 2368 3196 Quibus
2393 3131 2592 3184 auditis
2630 3130 2958 3183 consternati
2989 3137 3116 3182 sunt
3144 3144 3331 3184 omnes
3361 3147 3374 3182 :

1811 3235 2008 3276 novum
2054 3221 2252 3290 quippe
2300 3221 2428 3274 illud
2473 3231 2590 3275 erat
2632 3227 2688 3274 et
2752 3219 3013 3274 hactenus
3058 3217 3375 3272 inauditum.

1813 3313 1996 3381 Populi
2029 3326 2208 3368 autem
2236 3327 2301 3366 eo
2331 3313 2664 3382 frequentius
2703 3311 2757 3366 in
2795 3310 3056 3366 ecclesias
3089 3314 3382 3367 convenie-

1812 3403 1964 3465 bant,
1998 3401 2139 3469 quod
2181 3416 2364 3456 secum
2412 3410 2726 3471 reputarent
2774 3417 2874 3458 nec
2919 3418 2999 3466 se,
3031 3418 3131 3458 nec
3167 3403 3379 3472 episco-

1812 3509 1960 3563 pum,
2006 3500 2099 3546 aut
2134 3493 2529 3563 presbyterum,
2584 3504 2676 3548 aut
2721 3494 2885 3548 alium
2934 3495 3266 3566 quempiam,
3315 3496 3382 3552 de

1812 3583 1967 3636 nobis
1992 3598 2227 3652 unquam
2271 3594 2627 3652 conquestum
2672 3599 2813 3646 esse,
2858 3585 3112 3656 solosque
3146 3587 3383 3642 Arianos

1813 3683 2096 3729 cernerent
2125 3690 2242 3729 cum
2278 3675 2392 3740 illo,
2418 3691 2576 3744 quem
2612 3677 2775 3732 etiam
2802 3679 3058 3733 Ariauum
3087 3689 3142 3733 et
3167 3680 3386 3738 Arianis

1813 3767 1878 3820 ab
1931 3766 2164 3822 Eusebio
2223 3767 2494 3836 sociisque
2543 3769 2660 3838 ejus
2720 3773 2942 3823 missum
2987 3773 3378 3839 agnoscebant.

1814 3859 1977 3913 Scitis
2038 3869 2240 3924 autem,
2293 3857 2511 3924 fratres,
2556 3875 2769 3930 semper
2815 3860 3151 3918 Eusebianos
3202 3862 3382 3933 impia:

1812 3953 2273 4007 Ariomanitarum
2308 3953 2531 4010 ha'resis
2569 3965 2844 4024 patronos,
2887 3955 3095 4024 ipsique
3133 3970 3381 4011 commu-

1814 4043 1974 4098 nione
2000 4043 2217 4113 junctos
2248 4044 2440 4109 fuisse,
2468 4061 2765 4115 eorumque
2793 4061 2956 4114 opera
2986 4047 3143 4101 nobis
3171 4061 3384 4117 semper

1815 4136 2121 4199 insidiatos,
2159 4136 2329 4190 nostri
2374 4137 2537 4191 etiam
2575 4139 2628 4192 in
2669 4137 2870 4193 Gallias
2915 4137 3091 4194 exsilii
3137 4148 3384 4197 auctores

1813 4226 2000 4281 fuisse.
2041 4225 2167 4282 Rrec
2195 4243 2359 4282 causa
2402 4227 2503 4283 fuit
2553 4237 2610 4283 ut
2672 4231 2851 4300 populi
2904 4231 3032 4299 jure
3095 4233 3382 4302 indignati.

1814 4315 2017 4385 ingenti
2067 4315 2305 4370 clamore
2377 4317 2785 4374 obtestarentu‘r
2845 4335 2968 4375 cum
3034 4322 3172 4378 alios
3236 4322 3385 4391 judi-

1812 4421 1923 4472 ces,
1997 4416 2108 4460 tum
2157 4407 2465 4463 universam
2523 4409 2730 4477 urbem,
2789 4414 2931 4480 quod
2983 4412 3125 4466 nulla
3160 4427 3384 4468 accusa-

1814 4501 1959 4555 tione
1988 4503 2056 4558 ab
2085 4504 2470 4560 ecclesiasticis
2503 4506 2644 4560 facta
2665 4547 2680 4572 ,
2715 4508 2810 4561 sed
2854 4507 3127 4562 haereticis
3163 4510 3383 4564 Arianis

166 4595 587 4669 κῶνγενομένης,
637 4593 772 4647 ἀλλὰ
823 4592 931 4645 τῶν
968 4591 1043 4662 (8)
1085 4589 1374 4662 αἱρετικῶν
1421 4590 1712 4663 Ἀρειανῶν

1815 4594 1944 4650 illud
1981 4605 2170 4650 contra
2206 4611 2304 4650 nos
2333 4597 2696 4662 molientibus,
2729 4613 2825 4662 res
2853 4599 2990 4654 adeo
3023 4614 3158 4654 nova
3187 4609 3242 4655 et
3276 4602 3381 4654 ini-

165 4688 277 4742 αὐτὰ
299 4691 420 4744 καθ’
445 4690 605 4760 ἡμῶν
639 4685 964 4751 παιξάντων,
999 4683 1318 4754 καινοτομία
1361 4700 1444 4746 τις
1473 4683 1567 4734 καὶ
1605 4699 1708 4735 πα-

166 4782 371 4850 ρανομία
391 4779 612 4850 τοιαύτη
653 4779 794 4831 κατὰ
816 4775 916 4845 τῆς
959 4774 1283 4846 Ἐκκλησίας
1309 4773 1617 4842 γεγένηται.
1645 4773 1708 4824 Ei

163 4870 251 4941 γὰρ
273 4874 362 4926 καὶ
382 4874 516 4937 ὅλως
541 4873 616 4943 (9)
644 4866 712 4941 ἦν
746 4887 831 4932 τις
873 4867 994 4922 καθ’
1039 4867 1196 4940 ἡμῶν
1239 4864 1445 4937 μέμψις
1496 4865 1707 4935 κρατή-

229 5011 272 5043 ⁸³
305 5014 491 5069 Matth.
515 5027 713 5074 uvrtt,
745 5011 831 5065 19.

219 5123 324 5200 (Ψ)
346 5127 484 5200 Bes-
519 5130 676 5200 ἡμῖνο

221 5189 576 5267 (98)1ι;ιῖὶθέξ
609 5197 775 5267 solus.
793 5194 896 5249 Alii
924 5210 1043 5267 cum
1067 5193 1328 5267 edititum
1369 5207 1500 5253 mss.
1519 5189 1614 5245 καὶ
1643 5189 1709 5248 τι

163 5262 238 5332 ὑφ’
263 5262 475 5335 ἐτέρων.
516 5262 703 5320 Lectio
741 5265 890 5336 Regii
919 5266 1100 5319 sanior
1124 5265 1354 5318 videtur.

223 5336 327 5406 (99)
351 5340 477 5406 Reg.
502 5336 682 5405 ἀφείς.

225 5406 294 5475 (l)
353 5406 471 5463 Haec
523 5410 668 5475 item,
730 5413 1076 5459 recensentur
1136 5403 1186 5454 in
1257 5403 1474 5475 Apolog.
1528 5413 1709 5454 contra

166 5470 388 5543 Aricinos,
437 5489 491 5532 et
532 5478 588 5530 in
640 5474 814 5543 Epist.
858 5476 926 5530 ad
970 5475 1258 5528 solitarios.
1311 5470 1442 5541 Reg.
1478 5489 1708 5540 συναγα-
1765 5526 1770 5530 .

164 5541 436 5686 “(xysta
482 5632 678 5672 omnes
736 5629 864 5667 mss.
923 5613 1063 5668 Editi
1128 5613 1268 5668 κατὰ
1351 5612 1481 5686 Θεόν
1534 5611 1713 5686 minus

159 5683 308 5800 Lecti;
362 5686 480 5742 Mox
573 5686 685 5738 τῶν
749 5694 876 5738 ante
927 5687 1048 5738 κατ’
1110 5687 1385 5753 Αἴγυπτον
1449 5684 1600 5737 deest
1657 5683 1708 5734 in

193 5766 299 5800 εςι-

193 5756 443 5895 ﬂeam
457 5836 513 5882 et
530 5841 723 5882 omnes
743 5841 874 5880 mss.
894 5825 1062 5893 Regio
1085 5837 1312 5895 excepto
1331 5824 1526 5892 ubique
1537 5822 1710 5892 Γεωρο

157 5891 260 5953 ’τίον
284 5895 496 5953 habent.
529 5899 600 5950 At
628 5895 778 5966 Regii
820 5891 1100 5950 lectioni-in
1134 5891 1418 5964 genuinam
1446 5891 1568 5948 esse
1593 5891 1709 5946 mo-

464 5991 744 6050 PATBOL.
793 5987 910 6047 Gn.
958 5987 1155 6048 XXV.

1814 4699 1920 4754 qua
1953 4685 2210 4740 adversus
2235 4685 2532 4740 Ecclesium
2561 4696 2978 4756 perpetraretur.
3013 4690 3068 4742 Si
3099 4705 3204 4760 qua
3236 4691 3382 4746 enim

1816 4771 2102 4829 adversum
2134 4789 2232 4829 nos
2267 4775 2577 4828 criminatio
2608 4777 2712 4830 vim
2742 4777 2986 4844 haberet,
3019 4782 3256 4846 oportuit
3284 4796 3384 4835 nec

1814 4865 2102 4931 Arianum,
2163 4879 2262 4920 nec
2314 4864 2528 4921 Arianae
2570 4870 2854 4922 sententia:
2905 4869 3195 4934 hominem.
3234 4872 3382 4926 ordi-

1819 5133 2054 5190 nunnus.
2075 5117 2196 5190 Mox
2225 5116 2356 5187 Reg.
2377 5117 2660 5190 ἐτάραττε.

1884 5188 1963 5258 (4)
1975 5189 2302 5258 Κομιτάτου,
2317 5186 2382 5240 nt
2401 5186 2627 5244 caeteras
2644 5189 2800 5256 hujus
2815 5188 2961 5244 vocis
2974 5189 3289 5244 omittamus
3308 5186 3383 5240 si-

1815 5261 2208 5328 gnificationes.
2224 5258 2690 5327 dequibusCangii
2705 5259 3033 5315 Glossarium
3045 5258 3283 5318 consule,
3298 5271 3382 5328 κο·

1819 5325 2042 5399 μίτατος
2067 5330 2211 5397 apud
2253 5325 2609 5383 Athanasium
2640 5325 2754 5382 usu
2783 5329 2929 5383 venit
2959 5343 3054 5396 pro
3079 5325 3382 5399 tut-mami-

1817 5394 1967 5452 iitum
2037 5394 2456 5469 clientiumque,
2514 5399 2928 5468 imperatorem,
2960 5394 3076 5448 'aut
3129 5394 3378 5448 comitem

1813 5469 2122 5538 quemdam,
2155 5478 2249 5521 aut
2277 5467 2605 5536 praefectum
2624 5469 2933 5523 comitante.

1889 5538 1967 5609 (5)
1993 5538 2126 5609 Reg.
2163 5538 2301 5591 τινά.

1887 5603 1965 5674 (6)
1995 5603 2246 5662 Δέῖιθεδι
2271 5612 2320 5660 in
2344 5607 2507 5661 Basil.
2537 5616 2588 5660 et
2619 5605 2858 5662 Feickm.
2893 5603 2927 5658 5
2951 5618 3114 5674 anon.

1887 5673 1965 5748 (7)
1993 5676 2356 5749 δερ-αἰτίους
2387 5676 2832 5749 γεγενχημένους,
2863 5673 3242 5749 οιηξ-δεραὴμὶξνς

1855 5739 1960 5831 “(8)
1996 5739 2104 5803 Sic.
2120 5746 2252 5817 Reg.
2277 5739 2436 5816 Angi.
2463 5739 2517 5800 et
2545 5739 2727 5801 Félck.
2763 5745 2797 5799 5
2825 5761 2916 5799 an.
2943 5741 3083 5798 Editi
3110 5739 3248 5796 ana
3288 5739 3388 5795 καὶ.

1811 5836 1943 5873 των.

1884 5890 1961 5959 (9)
1998 5887 2132 5960 Reg.
2163 5888 2256 5942 καὶ
2276 5885 2430 5949 ὅλως.
3035 5973 3074 6033 8
