4006 6520
235 397 314 481 253
1109 445 1111 447 ι
1439 426 1773 485 EPISTOLA
1813 431 2216 490 ENCYCLICA.
3354 433 3473 492 εει

236 560 355 598 mw
390 542 528 611 (56).
553 543 620 596 Οἱ
655 543 753 614 μὲν
798 543 905 614 γὰρ
949 543 1206 613 Ἕλληνες
1259 544 1626 615 ηύφραίνοντο
1662 545 1783 598 δυσ.
1817 593 1821 603 ,

1935 557 2013 600 aut
2059 548 2383 601 lzrtalianlur
2425 564 2439 601 :
2491 543 2784 615 Gregorius
2835 561 2985 611 vero,
3032 547 3466 602 Eusebianorum

235 633 508 703 ωπούμενοι
532 633 636 705 τὴν
667 633 897 705 ἡμέραν·
915 637 942 687 6
966 634 1024 686 δὲ
1049 633 1366 706 Γρηγόριος,
1405 634 1535 698 ἴσως
1570 634 1787 697 ἐντολὰς

1935 648 2129 692 irtasse
2185 637 2336 706 jussa
2403 637 2698 705 complens,
2764 637 3102 693 vinculorum
3167 640 3469 694 acerbitate

237 723 425 795 πληρῶν
456 723 572 776 τῶν
606 725 735 793 περὶ
767 723 1048 786 Εὑσέϐιον,
1100 724 1316 776 πενθεῖν
1340 725 1618 794 ἠνάγκαζε
1664 728 1790 788 τοὺς

1939 730 2234 785 hristianos
2259 731 2327 786 ad
2351 731 2548 785 luctum
2573 732 2851 800 compulit.
2876 731 2986 785 Hoc
3014 731 3175 800 igitur
3199 731 3470 786 violentia:

236 815 565 888 Χριστιανοὺς
597 815 710 887 (57)
729 819 794 887 τῇ
817 816 1053 869 κακώσει
1073 815 1182 870 τῶν
1208 815 1444 887 δεσμῶν.
1470 816 1565 869 Διά
1588 815 1791 886 ταύτης

1936 831 2097 890 upetu
2138 823 2249 878 dux
2296 823 2556 878 ecclesias
2594 823 2902 892 occupavit,
2940 833 3230 891 occupatas
3259 823 3468 894 Grego-

235 909 374 963 τοίνυν
435 907 542 977 τῆς
572 907 699 977 βίας
730 909 758 960 6
810 906 1032 977 ἡγεμὼν
1073 907 1291 978 ἥρπασε
1333 907 1434 970 τὰς
1474 906 1786 977 ἐκκλησίας,

1935 911 1980 965 ἱο
2006 925 2060 966 et
2089 913 2444 967 Ariomanitis
2475 915 2717 968 tradidit.
2751 913 2815 968 Et
2845 913 2938 982 qui
2969 913 3040 968 ob
3071 914 3404 982 impietatem
3437 930 3467 967 a

234 1001 306 1052 καὶ
326 998 598 1071 ἀρπάσας,
626 998 910 1069 Γρηγορίῳ
925 999 1144 1062 καὶτοῖς
1168 998 1602 1070 Ἀρειομανίταις
1615 1015 1795 1067 παρα·

1936 1005 2055 1056 obis
2079 1002 2234 1069 eiecti
2265 1003 2500 1066 fuerant.
2529 1005 2882 1059 ecclesiarum
2917 1003 3196 1057 iuvasione
3234 1003 3471 1072 glorian-

234 1091 419 1144 δέδωκε.
474 1089 590 1141 Καὶ
641 1091 689 1141 οἱ
735 1089 831 1158 μὲν
854 1090 1183 1161 ὲκκήρυκτοι
1220 1089 1529 1160 παρ’ήμῶν
1560 1088 1649 1142 διὰ
1695 1089 1794 1159 τὴν

1935 1113 2002 1149 tr.
2043 1094 2275 1165 Populus
2309 1105 2489 1150 autem
2541 1097 2634 1150 Dei
2667 1107 2721 1149 et
2751 1095 3031 1150 catholica:
3071 1094 3328 1149 Ecclesia!
3372 1093 3476 1148 cleo

235 1181 463 1235 ἀσέϐειαν
507 1181 818 1252 γενόμενοι,
869 1181 1242 1254 ἑγκαυχῶνται
1293 1181 1400 1251 (58)
1450 1185 1515 1252 τῇ
1572 1183 1793 1252 ἁρπαγῇ

1935 1187 2021 1248 ici,
2055 1195 2148 1240 aut
2177 1186 2555 1241 haereticorum
2585 1185 2912 1240 Arianorum
2937 1186 3204 1256 inipietati
3237 1201 3476 1240 commu-

235 1274 319 1327 τῶν
345 1274 676 1345 ἐκκλησιῶν·
705 1276 732 1328 6
773 1273 828 1327 δὲ
869 1274 961 1327 τοῦ
1015 1274 1149 1327 Θεοῦ
1187 1274 1315 1338 λαὸς
1339 1274 1434 1327 καὶ
1465 1276 1512 1326 οἱ
1547 1274 1797 1345 κληρικοὶ

1938 1281 2083 1332 icare
2113 1288 2401 1347 coguntur,
2431 1287 2525 1333 aut
2550 1278 2908 1332 ecclesiarum
2941 1279 3166 1332 introitu
3193 1285 3471 1332 arcentur.

237 1365 313 1434 τῆς
349 1363 648 1434 καθολικῆς
686 1363 1011 1434 Ἐκκλησίας
1049 1363 1382 1434 βιάζονταιῆ
1415 1367 1690 1417 κοινωνεῖν
1732 1367 1795 1436 τῇ

1942 1391 2009 1426 no
2037 1383 2091 1427 et
2126 1373 2395 1427 naucleris
2435 1380 2490 1426 et
2527 1372 2648 1426 aliis
2687 1373 2779 1440 qui
2827 1373 2877 1426 in
2947 1371 3079 1425 mari
3122 1371 3474 1440 navigabant,

235 1455 433 1527 ἀσεϐείᾳ
479 1456 588 1509 τῶν
615 1456 904 1526 αἱρετικῶν
935 1456 1247 1528 Ἀρειανῶν,
1277 1456 1310 1527 ἢ
1354 1457 1428 1528 μὴ
1457 1457 1798 1529 είσέρχεσθαι

1937 1478 2005 1517 on
2033 1463 2296 1515 modicam
2327 1462 2436 1516 vim
2465 1469 2519 1515 et
2545 1462 2925 1516 necessitatem
2953 1461 3132 1514 intulit
3155 1460 3472 1528 Gregorius,

237 1552 300 1613 si;
327 1550 420 1612 τὰς
445 1549 768 1618 ἐκκλησίας.
802 1549 910 1602 Καὶ
947 1548 1056 1619 γάρ
1083 1549 1176 1602 καὶ
1209 1549 1318 1611 τοῖς
1351 1548 1676 1621 ναυκλήροις
1708 1551 1802 1603 κα).

1940 1570 2026 1608 urn
2072 1569 2237 1622 Opera
2280 1553 2432 1608 ducis
2473 1552 2608 1606 alios
2648 1554 2928 1607 excruciat
2969 1551 3261 1620 ﬂagrisque
3292 1553 3475 1617 caedit,

236 1646 328 1705 τοῖς
349 1642 530 1705 ἄλλοις
565 1641 680 1711 (59)
722 1644 835 1704 τοῖς
866 1641 965 1712 τὴν
999 1640 1266 1695 θάλατταν
1300 1641 1550 1694 πλέουσιν
1569 1643 1670 1695 οὐκ
1695 1642 1800 1694 ὀλίο

1938 1647 2038 1700 lios
2078 1645 2311 1700 vinculis
2339 1646 2668 1716 constringit
2728 1655 2783 1700 et
2826 1646 3182 1698 incarcerem
3225 1645 3476 1716 conjicit;

237 1752 320 1804 γην
344 1733 462 1804 βίαν
493 1734 591 1786 καὶ
625 1733 872 1805 ἀνάγκην
895 1731 1164 1802 ἐπέθηκεν
1197 1733 1226 1785 ό
1247 1731 1566 1804 Γρηγόριος,
1592 1731 1680 1786 διὰ
1706 1733 1801 1786 τοῦ

1943 1749 1961 1792 ι
1987 1738 2106 1808 ejus
2137 1738 2412 1807 iniquitati
2447 1753 2552 1792 nou
2585 1737 3047 1803 contradicerent,
3078 1737 3186 1791 imo
3213 1736 3418 1792 litteras
3448 1754 3478 1790 a

239 1827 482 1896 ἡγεμόνος
538 1825 849 1896 βασανίζων
895 1825 990 1879 καὶ
1025 1823 1320 1894 μαστίζων,
1373 1823 1566 1887 ἄλλους
1609 1824 1665 1878 δὲ
1709 1826 1803 1878 καὶ

1935 1847 1965 1886 e
1995 1831 2327 1901 acciperent.
2383 1828 2583 1884 Verum
2652 1847 2720 1884 ne
2765 1831 2850 1883 his
2896 1829 3112 1898 quidem
3166 1839 3476 1901 contentus,

237 1917 489 1988 δεσμεύων
521 1919 618 1970 καὶ
647 1919 726 1981 είς
761 1916 822 1968 τὸ
847 1917 1216 1988 δεσμωτήριον
1235 1914 1514 1986 ἐμϐάλλων
1546 1916 1679 1987 (40)·
1716 1917 1801 1968 ἵνα

1944 1936 2012 1975 uo
2060 1936 2118 1975 se
2159 1932 2346 1975 nostro
2390 1921 2656 1990 sanguine
2698 1919 2948 1985 satiaret,
2981 1919 3358 1974 crudelissimo
3393 1919 3478 1972 fa-

242 2011 353 2082 μηδὲ
386 2009 712 2077 ἀντιλέγωσι
737 2012 801 2078 τῇ
822 2007 1134 2081 παρανομίᾳ
1156 2008 1342 2071 αὑτοῦ,
1362 2007 1495 2062 ἀλλά
1517 2008 1610 2061 καὶ
1625 2008 1804 2080 γράμ-

1941 2016 2149 2068 inornm
2197 2014 2346 2067 socio
2395 2013 2515 2068 duci
2563 2023 2754 2068 auctor
2807 2011 2930 2075 fuit,
2990 2021 3049 2064 ut
3092 2011 3244 2080 quasi
3296 2011 3477 2080 populi

241 2120 363 2173 ματα
410 2104 541 2172 παρ’
572 2102 740 2155 αὑτοῦ
767 2101 1101 2172 λαμϐάνωσι.
1132 2101 1240 2153 Καὶ
1285 2102 1373 2155 ἵνα
1412 2101 1486 2172 μὴ
1521 2102 1648 2173 ἄχρι
1676 2101 1800 2156 τού-

1935 2103 2176 2174 ull'ragio,
2230 2114 2349 2158 acta
2404 2105 2690 2158 adversum
2746 2103 2854 2173 92
2912 2117 2997 2157 me
3044 2101 3247 2156 odiosis
3295 2103 3478 2156 verbis

239 2210 327 2246 των
349 2193 612 2264 ἀρκεσθῇ,
638 2192 777 2246 ἀλλά
804 2193 898 2246 καὶ
931 2194 1023 2246 τοῦ
1051 2193 1280 2264 αἵματος
1315 2193 1471 2264 ἡμῶν
1495 2192 1800 2265 ὲμφορηθῇ,

1939 2206 2163 2265 oncepta
2205 2196 2445 2264 piissimo
2482 2196 2794 2264 imperatori
2829 2195 3143 2249 Constantio
3186 2193 3476 2254 scriberet,

240 2287 484 2359 πεποίηκε
510 2287 605 2340 τὸν
635 2286 913 2357 ὠμότατον
957 2287 1050 2340 καὶ
1084 2287 1342 2358 συνεργὸν
1365 2286 1529 2340 αὑτοῦ
1562 2287 1804 2358 ἡγεμόνα

1935 2289 2048 2342 inde
2075 2304 2179 2342 nou
2211 2288 2387 2342 solum
2422 2285 2659 2356 elfugere
2690 2303 2793 2341 non
2828 2287 3036 2350 liceret,
3077 2285 3170 2340 sed
3210 2295 3479 2340 sexcenta:

237 2377 472 2450 ψήφισμα
500 2379 578 2443 ὡς
606 2380 672 2446 ἐκ
699 2378 992 2450 προσώπου
1019 2379 1112 2432 τοῦ
1133 2379 1262 2433 λαοῦ
1295 2381 1414 2433 κατ’
1432 2379 1566 2450 ἐμοῦ
1597 2379 1803 2450 γράψαι

1935 2391 2111 2435 uortes
2137 2378 2514 2448 exspectanda:
2538 2389 2738 2433 essent.
2771 2377 2938 2434 Porro
2967 2377 3062 2447 qui
3091 2388 3210 2431 acta
3239 2376 3480 2430 conscri-

239 2472 304 2542 τῷ
327 2471 716 2546 εύσεσεκστάτῳί
739 2472 950 2543 βασιλεῖ
992 2473 1355 2544 Κωνσταντίῳ
1381 2473 1514 2544 (41),
1541 2474 1804 2543 ἐπίφθονα

1935 2471 2018 2524 ιείι
2056 2471 2332 2541 transfuga
2364 2483 2448 2526 est
2485 2485 2550 2524 ex
2583 2469 2927 2536 Christianis,
2958 2469 3048 2538 qui
3081 2468 3220 2523 idola
3252 2466 3480 2536 turpiter

1907 2564 2095 2616 adorat
2123 2581 2137 2618 :
2170 2563 2259 2631 qui
2290 2570 2469 2616 autem
2510 2561 2876 2631 subscripsere
2907 2571 3030 2616 sunt
3050 2559 3248 2615 ethnici
3276 2569 3331 2612 et
3360 2557 3478 2612 ido-

1909 2657 2081 2711 lorum
2136 2656 2342 2721 asditui,
2383 2671 2446 2711 ac
2486 2671 2607 2711 cum
2645 2656 2777 2726 ipsis
2812 2656 3024 2710 Ariani.
3073 2653 3137 2709 Et
3175 2668 3242 2708 ne
3281 2649 3482 2706 multus

1909 2753 2010 2805 sim
2035 2750 2088 2804 in
2115 2749 2420 2814 scribendo,
2444 2750 2749 2818 persecutio
2778 2749 2938 2804 isthic
2970 2750 3142 2810 adest,
3172 2747 3281 2801 imo
3304 2744 3482 2815 qualis

1910 2859 2183 2914 nunquam
2225 2843 2484 2897 adversus
2527 2841 2824 2896 Ecclesium
2863 2841 3094 2894 exstitit.
3127 2837 3259 2892 Nam
3290 2838 3344 2890 in
3390 2850 3484 2890 su-

1909 2937 2106 3006 periori
2154 2935 2369 3004 quidem
2413 2935 2808 3002 persecutione,
2855 2933 3044 2986 saltem
3088 2929 3178 3000 qui
3226 2927 3484 2998 emigerat

237 3023 338 3084 τοῖς
380 3020 669 3093 ’Δρειανοί.
717 3019 830 3072 Καὶ
869 3019 955 3072 ἵνα
1003 3019 1077 3090 μὴ
1112 3019 1278 3083 πολὺς
1337 3021 1393 3073 ὲν
1446 3019 1524 3091 τῷ
1574 3021 1808 3092 γράφειν

1935 3045 2089 3093 »ται-ε,
2140 3039 2196 3083 et
2244 3027 2332 3095 qui
2386 3026 2635 3080 latitabat
2686 3023 2951 3092 baptizari
2999 3030 3212 3091 poterat
3277 3037 3292 3073 :
3343 3034 3485 3072 nunc

238 3111 490 3180 γένωμαι,
518 3110 761 3180 διωγμός
802 3110 948 3162 ἐστιν
986 3108 1234 3172 ἐνταῦθα,
1287 3111 1380 3163 καὶ
1409 3109 1644 3180 διωγμὸς
1697 3103 1808 3173 οἷος

1935 3132 2090 3176 uitem
2139 3120 2330 3190 ingens
2376 3117 2465 3172 illa
2515 3116 2813 3172 crudelitas
2856 3114 3017 3168 etiam
3067 3111 3484 3183 Babyloniorum

237 3203 478 3256 οὐδέποτε
502 3203 691 3272 γέγονε
723 3202 866 3255 κατά
892 3201 990 3272 τῆς
1025 3201 1553 3273 Ἐκκλησίας.”ολως
1582 3202 1680 3274 μὲν
1699 3203 1808 3274 γάρ

1936 3213 2243 3280 mpietatem
2284 3218 2367 3264 est
2394 3207 2669 3264 aemulata.
2705 3207 2774 3262 Ut
2799 3205 2941 3262 enim
2971 3205 3048 3258 illi
3081 3203 3380 3268 Danielem,
3404 3205 3486 3256 sic

238 3297 291 3348 ὲν
309 3296 384 3366 τῷ
416 3296 522 3365 πρὸ
548 3295 740 3349 τούτου
771 3293 995 3365 διωγμῷ
1016 3294 1117 3348 κᾶν
1147 3295 1254 3364 (45)
1271 3295 1485 3364 φεύγων
1517 3312 1602 3358 τις
1640 3311 1810 3366 προσ-

1938 3305 2211 3358 »τιθοιαιιυε
2239 3301 2532 3372 Gregorius
2557 3315 2650 3355 eos
2693 3300 2783 3367 qui
2827 3299 2971 3352 domi
3014 3297 3260 3353 orantad
3292 3296 3486 3350 ducem

238 3387 446 3457 ηύχετο,
468 3388 562 3441 καὶ
593 3387 974 3459 κρυπτόμενος
1000 3386 1338 3452 ὲϐαπτίζετοο
1356 3389 1480 3459 ἄρτι
1507 3387 1562 3441 δὲ
1596 3388 1813 3459 maias;

1937 3393 2112 3460 lel‘ert,
2170 3403 2224 3449 et
2252 3393 2531 3448 ministros
2554 3407 2675 3446 cum
2714 3391 2915 3461 ingenti
2945 3390 3272 3445 contumelia
3299 3386 3490 3442 obser-

239 3478 448 3549 ὠμότης
512 3479 606 3531 καὶ
647 3479 748 3547 τὴν
789 3477 1134 3532 Βαϐυλωνίαν
1187 3477 1454 3550 ἀθεότητα
1487 3480 1812 3550 μεμίμηται.

1935 3500 2030 3552 vat,
2061 3489 2132 3542 ita
2165 3495 2224 3541 ut
2249 3503 2313 3542 ex
2351 3487 2454 3540 hac
2478 3484 2736 3539 violentia
2771 3482 2922 3538 multi
2959 3483 3192 3537 nondum
3230 3481 3488 3548 baptizati

253 3569 334 3632 Ὠς
364 3571 472 3642 γὰρ
509 3572 556 3623 οἱ
588 3571 712 3623 τότε
760 3569 902 3623 κατὰ
933 3569 1025 3622 τοῦ
1064 3570 1281 3641 Δανιὴλ,
1335 3570 1478 3623 οὕτω
1511 3571 1604 3625 καὶ
1639 3573 1667 3624 ό
1689 3571 1812 3626 θαυ-

1935 3575 2315 3643 ρθτίριίιεηιυιδ.
2376 3573 2597 3627 Plurimi
2652 3588 2780 3626 vero
2819 3573 2962 3642 quod
3006 3571 3129 3626 dum
3170 3580 3432 3640 aegrotant
3461 3588 3488 3621 ιι

243 2564 442 2634 ῥήματα
469 2565 746 2637 περιέχον,
777 2565 872 2633 ἀφ’
898 2561 958 2619 οῦ
991 2564 1066 2636 μὴ
1098 2565 1256 2632 μόνον
1288 2564 1402 2618 ἐστι
1431 2569 1642 2635 φυγεῖν.
1670 2566 1805 2619 ἀλλὰ

241 2657 318 2708 καὶ
351 2657 576 2728 μυρίους
627 2655 894 2718 θανάτους
925 2641 1266 2726 προσδοκᾷνί
1295 2655 1402 2708 Καὶ
1431 2659 1459 2710 6
1483 2657 1580 2726 μὲν
1617 2656 1677 2708 τὸ
1705 2657 1808 2728 ψή-

241 2765 398 2817 φισμα
413 2747 630 2819 γράψας
653 2747 770 2800 ἐστὶ
790 2745 1110 2816 παραϐάτης
1127 2748 1189 2799 ὲκ
1214 2747 1575 2819 Χριστιανῶν,
1591 2748 1682 2803 καὶ
1696 2750 1806 2820 (4'2)

238 2840 414 2892 εἴδωλα
445 2839 819 2909 ἀναισχύντως
849 2837 1187 2909 προσκυνῶν·
1221 2841 1268 2891 οἱ
1301 2839 1357 2892 δὲ
1393 2841 1808 2912 ύπογράψαντές

239 2933 362 2982 εἰσιν
392 2929 596 2983 ὲθνικοὶ
645 2930 744 2982 κἀὶ
765 2929 1022 2999 νεωκόροι
1051 2929 1158 2982 τῶν
1182 2929 1436 2994 εἰδώλων,
1460 2931 1553 2983 καὶ
1599 2931 1696 2983 σὺν
1720 2931 1810 2984 αύ-

245 3663 438 3731 μαστδς
474 3664 773 3735 Γρηγόριος
819 3662 914 3715 νῦν
941 3663 1067 3725 τοὺς
1099 3663 1156 3714 ὲν
1183 3665 1302 3726 ταῖς
1335 3663 1532 3726 οἰκίαις
1586 3680 1818 3735 προσευ-

242 3754 494 3823 χομένους
523 3755 799 3808 διαϐάλλει
822 3753 898 3818 τῷ
923 3754 1170 3824 ἡγεμόνι,
1202 3755 1293 3808 καὶ
1319 3757 1444 3819 τοὺς
1477 3755 1818 3826 λειτουργοὺς

247 3846 377 3914 μετά
407 3849 587 3919 πάσης
619 3847 833 3918 ὕϐρεως
861 3849 1280 3917 παρατηρεῖται,
1323 3846 1398 3910 ὡς
1418 3849 1482 3901 ἐκ
1509 3848 1608 3919 τῆς
1633 3847 1821 3902 τοσαύ-

243 3957 338 4011 της
368 3940 478 4011 (AM)
514 3941 632 4011 βίας
681 3938 911 4002 πολλοὺς
944 3938 1044 4010 μὲν
1082 3939 1446 4005 ἀϐαπτίστους
1474 3940 1819 4005 κινδυνεύειν,

248 4032 466 4094 πολλοὺς
504 4032 560 4084 δὲ
606 4031 779 4102 χωρὶς
829 4029 936 4083 τῶν
989 4031 1469 4101 ὲπισκεπτομένων
1516 4035 1688 4086 νοσεῖν
1729 4033 1826 4086 καὶ

249 4122 545 4195 ὀδύρεσθαι,
585 4122 921 4195 πικροτέραν
957 4122 1054 4191 τῆς
1087 4123 1243 4176 νόσου
1277 4124 1376 4194 τὴν
1399 4124 1652 4196 τοιαύτην
1689 4142 1824 4196 συμ-

253 4216 418 4286 φορὰν
437 4219 793 4288 ἡγουμένους.
819 4214 939 4268 Τῶν
970 4215 1078 4287 γὰρ
1107 4215 1433 4289 λειτουργῶν
1458 4217 1556 4287 τῆς
1598 4217 1826 4286 Ἐκκλη-

1925 3665 2070 3721 nullo
2113 3667 2412 3721 invisantur
2439 3664 2614 3734 (quod
2645 3665 2718 3718 illi
2753 3664 2895 3718 haud
2927 3664 3044 3718 sine
3076 3661 3330 3733 lacrymis
3363 3661 3495 3715 tole-

1927 3757 2132 3828 rariut)
2159 3757 2423 3828 ejusmodi
2453 3756 2812 3811 calamitatem
2859 3755 2976 3823 ipso
3016 3755 3204 3808 morbo
3249 3753 3498 3807 acerbio-

1927 3863 2040 3902 rem
2078 3849 2413 3904 existimant.
2463 3849 2596 3902 Dum
2633 3847 2776 3902 enim
2810 3847 3063 3902 Ecclesiae
3108 3846 3340 3901 ministri
3375 3862 3497 3913 per-

1928 3942 2258 3996 secutionem
2285 3943 2585 4012 patiuntur,
2613 3941 2792 4011 populi
2818 3941 2908 4011 qui
2942 3942 3320 3996 hereticorum
3354 3941 3500 3994 Aria-

1926 4049 2116 4089 norum
2146 4034 2476 4103 impietatem
2503 4042 2880 4097 exsecrantur,
2912 4032 3118 4086 maluut
3142 4034 3210 4085 ita
3238 4039 3502 4101 mgrotare

1927 4142 1990 4181 ac
2011 4126 2328 4196 periclitari,
2355 4141 2518 4196 quam
2556 4134 2614 4178 ut
2641 4125 2967 4180 Arianorum
2998 4140 3191 4178 manus
3214 4122 3380 4194 capiti
3401 4137 3506 4178 suo

1929 4220 2295 4288 imponantur.

255 4305 368 4370 σίας
395 4309 760 4380 διωκομένων,
786 4308 836 4361 oi
869 4306 1008 4372 λαοὶ,
1041 4302 1539 4376 καταγινώσκοντες
1567 4309 1666 4379 τῆς
1693 4309 1946 4371 ἀσεϐείας
1982 4311 2090 4363 τῶν
2143 4309 2432 4382 αἱρετικῶν
2462 4307 2775 4380 Ἀρειανῶν,
2803 4307 3080 4378 αἱροῦνται
3115 4305 3314 4376 μᾶλλον
3359 4302 3506 4358 οὕτω

254 4402 421 4452 νοσεῖν
467 4415 558 4453 και
590 4398 923 4453 κινδυνεύειν
951 4397 1148 4469 (ιδ),ιῆ
1196 4402 1353 4470 χεῖρα
1380 4399 1488 4453 τῶν
1532 4401 1824 4471 Ἀρειανῶν
1863 4401 2035 4454 ἐλθεῖν
2064 4402 2156 4455 ἐπὶ
2183 4402 2280 4473 τὴν
2300 4399 2539 4470 κεφαλὴν
2565 4398 2761 4452 αὐτῶν.

322 4492 373 4545 6.
419 4494 687 4564 Ἀρειανος
703 4488 800 4548 οὗν
827 4495 973 4545 ἐστιν
995 4493 1024 4546 ό
1048 4492 1348 4564 Γρηγόριος
1372 4493 1466 4546 καὶ
1496 4496 1609 4556 τοῖς
1624 4495 1821 4565 Ἀρεια-

2007 4494 2062 4548 6.
2103 4495 2339 4548 Ariauus
2383 4493 2547 4559 igitur
2581 4501 2663 4545 est
2693 4489 2985 4558 Gregorius
3026 4495 3077 4541 et
3120 4483 3337 4540 Arianis
3370 4485 3501 4538 mis-

257 4584 361 4646 νοῖς
393 4587 729 4649 ἀποσταλείς·
763 4586 826 4638 ού
857 4585 965 4654 γάρ
997 4603 1080 4649 τις
1107 4586 1266 4639 αὑτὸν
1293 4587 1530 4656 ᾐτήσατο
1556 4585 1694 4656 πλὴν
1730 4586 1826 4656 μό-

261 4693 360 4729 νων
411 4680 602 4732 αύτῶν·
654 4682 751 4734 κα),
805 4679 896 4733 διὰ
942 4677 1098 4732 τοῦτο
1147 4679 1223 4742 ὡς
1275 4678 1542 4749 μίσθωτδς
1604 4677 1698 4731 καὶ
1754 4677 1829 4740 ὡς

330 4903 442 4973 (36)
474 4903 561 4958 Sic
583 4902 724 4973 Reg.
756 4899 860 4952 Alii
895 4913 1026 4973 funi
1051 4896 1240 4973 _editi_s
1283 4894 1629 4948 πεποίηνται.
1660 4891 1826 4946 Paulo

268 4967 378 5044 post
399 4967 541 5036 editi,
557 4967 852 5044 Γεώργιος.
895 4967 1026 5039 “93-
1051 4967 1368 5044 Γρηῖίόρι99’

337 5032 736 5113 (57)1ηέιιὶιὶἐ’
768 5040 889 5093 τότε
939 5032 1061 5113 ante
1099 5032 1666 5113 'tob;'_Xpw~ct_a_zvodg.
1723 5032 1830 5087 Nos

268 5105 484 5180 malum
539 5116 782 5170 codicem
816 5110 984 5166 secuti
1042 5105 1421 5180 expunximus.
1472 5105 1593 5180 Mmt
1641 5119 1829 5180 Omnes

270 5174 392 5252 editi
431 5196 482 5238 et
522 5200 651 5239 mss.
690 5192 888 5252 pra-ter
940 5180 1075 5250 Reg.
1116 5174 1236 5252 ’διιὶιΔ
1263 5177 1465 5248 ταύτης
1515 5177 1691 5252 τοίνυν
1731 5174 1831 5242 τῆς

275 5248 408 5325 ρίας.
441 5256 585 5325 Regii
632 5246 736 5307 ms.
774 5246 1062 5325 lectionem
1085 5246 1526 5325 amplectendam
1559 5246 1827 5302 duximus.

277 5320 383 5376 Ilo:
408 5319 550 5387 editi,
580 5323 867 5394 Γεωργίιρ.
917 5320 1048 5390 Reg.
1085 5319 1390 5391 Γρηγορίῳ.

337 5375 464 5467 (δέ)
477 5375 614 5467 ᾗὲέ.
630 5375 646 5377 ⁷
659 5375 995 5467 ista»...

337 5466 442 5536 (59)
464 5463 596 5536 Reg:
618 5469 732 5528 τοῖς
757 5463 926 5536 λαοῖς.

334 5526 440 5607 (40)
501 5526 594 5592 Sic
657 5526 794 5602 Reg.
859 5533 962 5607 Alii
1020 5547 1148 5607 vero
1215 5547 1337 5607 cum
1403 5528 1598 5607 editis,
1659 5526 1831 5607 Γεώρο

269 5597 381 5672 γιος
423 5597 512 5662 διὰ
554 5609 650 5662 τοῦ
727 5597 998 5676 ἡγεμόνος
1038 5602 1416 5676 Δβασανίζων,
1467 5599 1658 5663 ἄλλους
1715 5597 1836 5652 δεσ-

271 5677 467 5746 μεύων,
501 5677 724 5732 omissis
752 5673 1100 5746 interpositis.

339 5750 445 5821 (41)
473 5751 605 5821 Reg.
638 5744 1038 5821 Κώνσταντίνῳ
1062 5743 1337 5821 mendose.
1450 5814 1462 5821 _
1580 5813 1612 5821 __
1643 5813 1656 5821 _
1734 5810 1778 5821 υ
1824 5805 1829 5809 ,

335 5810 445 5886 (42)
472 5810 604 5883 Καί,
630 5829 687 5871 et
715 5817 876 5887 paqu
896 5810 1034 5871 infra
1058 5815 1425 5880 clatv,desunt
1449 5814 1502 5870 in
1529 5813 1709 5871 editis.
1734 5810 1840 5868 Nos

268 5907 329 5945 ex
365 5889 493 5964 Reg.
525 5889 884 5960 sumpsimus.

1936 4599 2027 4638 sus
2054 4605 2066 4638 :
2095 4597 2217 4636 nam
2242 4581 2349 4637 illis
2370 4580 2500 4636 solis
2523 4578 2786 4648 exceptis,
2814 4592 2970 4632 nemo
2999 4577 3144 4632 illum
3175 4574 3461 4645 postulavit
3486 4596 3500 4630 :

1938 4681 2262 4743 quapropter
2307 4672 2462 4742 quasi
2499 4669 2866 4726 mercenarius
2892 4679 2946 4724 et
2985 4679 3295 4735 extraueus,
3320 4670 3503 4739 gravia

1997 4890 2108 4957 (4³5)
2142 4888 2276 4959 Reg.
2309 4893 2423 4944 καί.
2441 4889 2581 4944 Infra
2603 4889 2743 4959 idem
2765 4887 2898 4957 Reg.
2925 4885 3284 4959 Βαϐυλώνιον,
3306 4896 3360 4940 et
3378 4903 3506 4959 mox

1933 4963 2182 5032 ἐνίκησεν
2211 4957 2308 5033 pro
2339 4961 2668 5033 μεμίμηται.
2689 4958 2857 5012 Paulo
2883 4969 3003 5033 post
3037 4959 3176 5012 idem
3210 4957 3506 5028 Γρηγόριος

1931 5033 2028 5085 νῦν
2059 5028 2220 5096 τούς.
2241 5028 2379 5084 Editi
2410 5028 2840 5101 νει-οτεώργιος
2865 5028 3011 5091 τούς.

1987 5103 2100 5173 (Η)
2116 5103 2191 5156 Ita
2210 5102 2338 5171 Reg.
2356 5101 2495 5173 Editi
2513 5097 2787 5173 τοιαύτης.
2809 5101 2925 5173 Mox
2943 5103 3078 5160 idem
3098 5097 3256 5173 Reg"
3273 5106 3388 5173 post
3405 5115 3492 5173 κιν

1932 5167 2188 5237 δυνεύειν,
2211 5167 2495 5232 εἰτ’ίιθὺει,
2521 5167 2744 5226 κωλύων
2755 5189 2811 5225 τε
2842 5170 2966 5235 τοὺς
2995 5169 3279 5230 νοσοῦντας
3295 5167 3506 5219 ἐπισκέ-

1938 5244 2188 5305 πτεσθαι,
2212 5243 2306 5296 καὶ
2321 5243 2428 5296 ἀπὸ
2444 5243 2630 5296 τούτου
2643 5241 3008 5303 άϐαπτίστους
3031 5239 3283 5308 τελευτᾷν
3295 5237 3506 5308 αὐτοὺς,

1941 5316 2268 5386 πικροτέραν
2300 5313 2400 5386 τῆς
2431 5314 2585 5366 νόσου
2625 5312 2828 5367 καὶτοῦ
2851 5311 3081 5364 θανάτου
3107 5309 3203 5386 τὴν
3230 5306 3506 5386 τοιαύτην,

1941 5379 2061 5454 (μιεὲ
2090 5379 2222 5439 sane
2247 5379 2525 5438 ἀσύστατα
2557 5397 2700 5450 sunt,
2730 5396 2784 5437 et
2813 5398 2936 5438 cum
2966 5379 3393 5445 praecedentibus
3421 5393 3498 5444 pa-

1944 5472 2060 5510 rum
2100 5458 2395 5511 conterent.

2013 5527 2124 5596 (45)
2157 5524 2291 5596 Reg.
2345 5525 2544 5596 μᾶλλον
2591 5526 2766 5596 νοσεῖν
2810 5521 2903 5596 καξι
2947 5514 3296 5596 κινδυνεύειν,
3323 5513 3507 5596 ﬁfth

1945 5584 2157 5651 ἀσεϐῶν
2196 5584 2315 5664 uir
2333 5584 2429 5664 τῆς
2468 5594 2710 5662 κεφαλῆς
2737 5589 2942 5664 ἑαυτῶν
2998 5584 3508 5664 ὲπιτιθέκραιηςιςιρζιι

1959 5666 2229 5741 Ἀρειῳὸς
2257 5659 2352 5718 οὖν
2389 5655 2604 5741 ἔστινό
2627 5655 2946 5741 Γρηγόριος,
2987 5669 3092 5741 etc.
3129 5655 3253 5741 Ubi"
3275 5656 3402 5741 editi
3435 5656 3508 5741 de

1947 5726 2095 5792 antire
2120 5726 2407 5807 Γεώργιος.
2442 5734 2558 5807 Mn}:
2592 5726 2735 5785 idem
2924 5728 3185 5807 ᾐτήσατοζ
3199 5726 3355 5807 Editi
3385 5740 3508 5807 vero

1947 5809 2153 5880 ᾕτηται
2195 5795 2491 5880 Paul‘npost
2508 5803 2584 5866 ὼς
2609 5813 2733 5858 ante
2759 5795 3036 5871 ἀλλότριος
3067 5797 3118 5853 in
3145 5795 3278 5869 Res.
3300 5796 3518 5870 legitur,

1952 5875 2002 5934 in
2031 5875 2188 5934 editis
2219 5875 2578 5932 desideratur.
