4006 6500
479 386 588 442 235

1041 387 1098 441 S.
1135 387 1505 442 ATHANASII
1547 387 1698 443 OPP.
1741 386 1920 442 PARS
1958 388 1996 441 1.
2039 418 2110 430 --
2149 387 2517 443 HlSTORlCA
2558 388 2645 442 ET
2682 389 3096 449 DOGMATICA.

3621 395 3730 449 256

475 514 532 558 et
562 505 753 560 acerba
792 505 843 556 in
867 504 1145 558 catholicae
1177 503 1427 560 Ecclesia:
1456 505 1700 575 populos,
1733 515 1914 572 utpote
1939 506 2038 560 sibi

2148 507 2443 578 ἀλλότριος,
2492 506 2640 560 δεινὰ
2688 509 2782 561 καὶ
2809 508 2978 579 πικρὰ
3005 512 3122 572 τοῖς
3147 509 3244 579 τῆς
3275 509 3566 582 καθολικῆς
3607 513 3734 565 Ἑκ-

477 611 586 647 non
621 595 885 663 proprios,
920 594 1074 648 ducis
1097 609 1260 663 opera
1291 606 1581 664 perpetrat.
1607 596 1739 650 Cum
1770 597 1912 649 enim
1933 597 2042 666 jam

475 685 682 750 pridem
737 683 940 737 l’istum
996 684 1213 738 Arianis
1258 685 1568 754 episcopum
1635 687 2047 742 constituissent

475 773 739 827 Eusebius
768 788 890 827 cum
918 775 1241 843 sequacibus
1268 792 1280 828 :
1321 775 1410 828 ubi
1449 776 1514 828 de
1543 775 1634 830 illo
1666 793 1760 832 uos
1791 779 2042 846 scripsis-

477 881 678 930 semus,
706 881 802 920 vos
827 881 1014 921 omnes
1037 868 1313 921 catholicae
1334 867 1587 923 Ecclesia:
1609 868 1870 938 episcOpi,
1896 871 2042 923 illum

476 957 546 1007 ob
575 955 904 1023 impietatem
928 956 1053 1022 jure
1091 956 1434 1010 anathemate
1454 957 1754 1012 damnastis
1784 968 1835 1012 et
1887 960 2042 1014 abdi-

477 1046 640 1100 castis
661 1086 677 1111 ,
709 1060 811 1115 qua
839 1046 906 1100 de
930 1062 1093 1100 causa
1121 1046 1232 1116 jam
1263 1045 1582 1117 Gregorium
1623 1050 1866 1117 ipsismct
1896 1053 2046 1104 Aria-

480 1135 564 1188 nis
607 1135 890 1188 miserunt.
939 1135 1143 1189 Deinde
1196 1149 1264 1189 ne
1313 1137 1471 1190 nobis
1521 1153 1734 1192 rursum
1785 1143 2044 1194 adversus

480 1225 627 1290 ipsos
653 1225 1035 1293 scribentibus,
1065 1227 1242 1281 denuo
1261 1228 1336 1282 illi
1361 1229 1564 1296 pudore
1587 1228 2040 1293 sulfundereutur,

477 1327 699 1370 externa
746 1317 797 1369 vi
842 1325 1032 1370 contra
1072 1333 1169 1371 nos
1207 1319 1288 1373 usi
1336 1329 1483 1382 sunt,
1525 1329 1583 1372 ut
1611 1334 1732 1373 cum
1777 1321 2042 1375 Ecclesias

475 1408 866 1475 occupaverint
912 1409 1204 1464 Arianismi
1255 1412 1618 1478 suspicionem
1670 1412 1921 1480 effugisse
1963 1415 2041 1465 vi-

475 1501 723 1550 deantur.
769 1497 969 1553 Verum
1011 1499 1102 1553 hic
1147 1514 1362 1568 quoque
1397 1517 1492 1567 spe
1536 1501 1649 1556 falsi
1679 1513 1844 1564 sunt;
1887 1520 2043 1556 neuio

475 1587 620 1639 enim
670 1587 1163 1642 ccclesiasticorum
1207 1606 1327 1644 cum
1361 1592 1465 1644 illis
1499 1604 1766 1656 versatur,
1799 1595 1900 1648 nisi
1943 1595 2039 1648 soli

465 1677 736 1754 haeretici,
763 1680 963 1749 quique
987 1681 1054 1734 ob
1082 1681 1307 1736 crimina
1333 1681 1488 1748 ejecti
1519 1695 1664 1748 sunt,
1695 1693 1750 1737 et
1776 1694 2042 1752 quotquot

479 1777 620 1820 metu
653 1769 804 1821 ducis
847 1770 1192 1822 simulatione
1227 1780 1472 1824 utuntur.
1509 1773 1633 1827 llmc
1674 1786 1758 1828 est
1786 1776 2040 1829 Eusebia-

2146 597 2374 667 κλησίας
2394 598 2564 661 λαοῖς,
2589 598 2664 661 ὡς
2691 600 2792 652 οὐκ
2815 595 2964 652 οὖσιν
3003 600 3176 664 ἰδίοις,
3211 599 3299 653 διὰ
3328 601 3422 654 τοῦ
3462 603 3734 672 ἡγεμόνος

2146 692 2568 762 κατεργάζεται.
2609 693 2824 763 Ἐπειδὴ
2847 693 2955 766 γὰρ
2984 693 3184 747 Πιστὺν
3211 694 3324 763 (46)
3352 695 3736 766 ὃνπερτιρότε-

2149 801 2239 855 ρον
2293 785 2340 836 οί
2377 783 2506 854 περ).
2554 783 2810 838 Εὑσέϐιον
2859 787 2973 847 τοῖς
3013 785 3313 855 Ἀρειανοῖς
3363 787 3731 856 κατέστησαν.

2148 874 2285 945 μετὰ
2311 874 2372 926 τὸ
2418 873 2628 945 γράψαι
2681 875 2831 944 ἡμᾶς
2859 876 2987 947 περὶ
3031 875 3221 938 αὑτοῦ,
3257 876 3456 940 πάντες
3485 879 3644 947 ὑμεῖς
3683 880 3733 929 οἱ

2143 968 2240 1035 τῆς
2274 967 2567 1037 καθολικῆς
2607 965 2931 1037 Ἑκκλησίας
2963 969 3251 1022 ἐπίσκοποι
3295 963 3612 1032 ἐπίστασθε,
3655 969 3734 1034 ὡς

2143 1060 2231 1113 διὰ
2249 1059 2346 1130 τὴν
2360 1059 2612 1112 ἀσέϐειαν
2631 1059 2741 1127 (47)
2761 1059 2984 1123 εἰκότως
2999 1059 3162 1113 αὑτὸν
3181 1059 3618 1130 ἀναθεματίσατε
3637 1062 3735 1114 καὶ

2144 1151 2546 1223 ἁπεκηρύξατεο
2578 1151 2766 1205 τούτου
2799 1153 2958 1206 ἕνεκα
3001 1153 3300 1225 Γρηγόριον
3327 1154 3421 1208 νῦν
3446 1155 3537 1208 τὸν
3570 1155 3735 1208 αὐτὸν

2142 1249 2254 1308 τοῖς
2307 1248 2604 1317 Ἀρειανοίς
2654 1247 2766 1316 (48)
2803 1248 3149 1303 ἀπέστειλαν.
3193 1244 3350 1309 Εἶτα,
3380 1249 3467 1302 ἵνα
3501 1249 3576 1318 μὴ
3638 1248 3736 1301 καὶ

2142 1337 2390 1407 δεύτερον
2414 1337 2989 1409 αίσχύνηνόφλήσωσι,
3027 1338 3522 1409 γραφόντωνήμῶν
3566 1337 3737 1393 πάλιν

2143 1430 2264 1481 κατ’
2291 1429 2491 1493 αὐτῶν,
2515 1429 2603 1482 διὰ
2636 1429 2794 1482 τοῦτο
2819 1432 2883 1499 τῇ
2912 1429 3110 1496 ἔξωθεν
3137 1430 3228 1500 βίᾳ
3253 1430 3373 1483 καθ’
3395 1429 3554 1500 ἡμῶν
3569 1431 3739 1500 ἐχρή-

2144 1538 2324 1579 σαντο.
2361 1522 2465 1584 ἵνα,
2485 1522 2593 1575 τῶν
2625 1522 2929 1591 ἐκκλησιῶν
2965 1524 3487 1593 περικρατήσαντες,
3507 1522 3736 1587 δόξωσιν

2143 1610 2432 1679 ἐκφεύγειν
2464 1612 2574 1684 (49)
2613 1613 2710 1682 τὴν
2762 1612 2869 1665 τῶν
2924 1613 3218 1683 Ἀρειανῶν
3267 1613 3542 1666 ὑπόνοιαν.
3593 1614 3737 1666 Ἀλλ’

2143 1702 2455 1772 ἐσφάλησαν
2476 1703 2569 1754 καὶ
2603 1704 2660 1754 ἐν
2686 1702 2879 1772 τούτῳο
2909 1703 3082 1766 οὐδεὶς
3105 1705 3213 1774 γὰρ
3248 1704 3356 1757 τῶν
3377 1705 3474 1774 τῆς
3505 1705 3739 1775 Ἐκκλη-

2149 1790 2269 1854 σίας
2309 1791 2611 1862 ἀνθρώπων
2633 1793 2750 1844 ἐστὶ
2780 1795 2897 1862 μετ’
2917 1793 3122 1857 αὐτῶν,
3148 1797 3194 1846 εἰ
3225 1795 3298 1865 μὴ
3329 1795 3479 1864 μόνοι
3504 1797 3555 1848 οἱ
3582 1796 3740 1868 αἱρε-

478 1875 667 1913 norum
697 1874 857 1915 scena
890 1878 904 1914 :
938 1862 1052 1916 hate
1083 1863 1363 1917 Eusebiani
1405 1881 1524 1918 cum
1550 1867 1660 1936 jam
1693 1869 1896 1937 pridem
1931 1885 2043 1922 mo-

2148 1853 2307 1942 τικοὶ,
2337 1853 2430 1934 καί.
2463 1882 2510 1934 oi
2539 1881 2604 1934 δι’
2632 1853 2810 1945 αἰτίας
2849 1853 3345 1954 ἐκϐληθέντεςίκαί
3376 1886 3492 1938 ὅσοι
3516 1885 3608 1938 διὰ

476 1949 556 2001 liti
597 1958 782 2004 essent
828 1965 891 2004 ac
942 1951 1244 2006 faciendum
1290 1955 1721 2021 constituissent,
1766 1971 1910 2010 nunc
1951 1973 2047 2026 per

473 2041 778 2096 calumnias
807 2041 1020 2097 ellicere
1051 2045 1358 2107 valuerunt,
1404 2047 1599 2112 quibus
1647 2064 1744 2102 nos
1774 2049 1914 2116 apud
1947 2049 2049 2101 iui-

475 2143 780 2200 peratorem
813 2135 1086 2190 criminati
1126 2145 1270 2190 sunt.
1303 2135 1410 2191 Sed
1442 2153 1510 2191 ne
1545 2145 1615 2191 ita
1645 2140 1856 2207 quidem
1897 2142 2047 2210 quie-

474 2232 654 2289 scunt,
684 2227 780 2279 sed
823 2227 1118 2281 etiamnum
1167 2245 1265 2285 nos
1304 2231 1608 2285 interficere
1639 2243 1909 2298 quaerunt,
1952 2250 2048 2287 no-

476 2315 652 2383 tisque
681 2317 882 2370 nostris
905 2332 1028 2371 sese
1058 2320 1330 2373 terribiles
1352 2321 1610 2374 exhibent
1630 2362 1644 2380 .
1674 2321 1742 2374 ita
1779 2334 1838 2374 ιιι
1861 2339 2048 2378 omnes

475 2422 533 2458 se
557 2407 608 2460 in
643 2407 820 2477 fugam
855 2419 1093 2472 vertant,
1118 2425 1172 2464 et
1202 2413 1270 2466 ab
1309 2412 1417 2466 illis
1447 2422 1673 2466 mortem
1709 2427 2044 2484 exspectent.

477 2499 582 2551 Sed
609 2514 709 2551 non
735 2499 852 2552 ideo
881 2515 975 2553 vos
1005 2515 1193 2554 eorum
1219 2502 1477 2556 malitiam
1512 2503 1868 2559 reformidare
1895 2520 2049 2574 opor-

475 2599 568 2650 tet,
618 2591 710 2644 sed
759 2592 935 2659 potius
976 2592 1186 2655 ulcisci.
1236 2609 1430 2664 resque
1467 2611 1633 2649 novas
1683 2611 1820 2665 quas
1855 2599 2047 2651 adver-

475 2697 593 2734 sum
641 2697 737 2735 nos
788 2684 956 2737 moliti
1001 2694 1126 2738 sunt
1169 2685 1386 2756 indigne
1433 2687 1598 2741 ferre.
1655 2687 1710 2740 Si
1753 2689 1896 2740 enim
1939 2705 2048 2742 uno

478 2773 720 2826 membro
770 2774 1028 2841 patiente,
1078 2776 1282 2846 reliqua
1326 2777 1567 2832 membra
1625 2777 2043 2844 condolescunt;

474 2870 530 2912 et
569 2860 614 2915 si
648 2863 803 2928 juxta
848 2863 1064 2919 beatum
1113 2867 1450 2932 Apostolum,
1496 2868 1625 2922 ﬂere
1665 2877 1878 2938 oportet
1924 2885 2044 2922 cum

476 2952 828 3019 flentibus“;
867 2971 989 3010 cum
1044 2967 1186 3009 tanta
1210 2957 1449 3011 Ecclesia
1484 2956 1710 3011 laedatur
1752 2960 2061 3027 uuusquis-.

434 3059 596 3110 .que,
650 3061 714 3101 ac
765 3048 810 3101 si
872 3049 986 3118 ipse
1037 3048 1195 3103 laesus
1226 3089 1241 3113 ,
1293 3050 1502 3105 facinus
1551 3050 1678 3104 illud
1728 3051 2040 3106 ulciscatur.

2147 1972 2393 2040 ἀνάγκην
2431 1973 2525 2026 τοῦ
2583 1974 2848 2044 ἡγεμόνος
2881 1975 3280 2046 ὑποκρίνονται.
3319 1977 3488 2030 Τοῦτο
3520 1979 3579 2031 δὲ
3627 1980 3738 2032 τῶν

2153 2063 2282 2131 περὶ
2313 2063 2569 2117 Εὐσέϐιόν
2600 2065 2714 2116 ἐστι
2741 2064 2801 2116 τὸ
2817 2065 3305 2138 δραματούργημα·
3337 2067 3508 2120 ταῦτα
3533 2072 3583 2121 οἱ
3607 2072 3740 2141 περὶ

2146 2152 2409 2205 Εὑσέϐιον
2452 2154 2683 2210 ἔκπαλαι
2719 2157 2816 2226 μὲν
2847 2157 3116 2228 ἐμελέτων
3156 2159 3248 2211 καὶ
3276 2159 3608 2212 συνετίθουν’
3641 2161 3738 2213 νῦν

2145 2239 2202 2292 δὲ
2229 2241 2322 2293 καὶ
2364 2243 2590 2312 ἴσχυσαν
2625 2245 2825 2314 πρᾶξαι
2877 2245 2965 2298 διὰ
2986 2245 3084 2309 τὰς
3136 2246 3410 2309 διαϐολάς,
3440 2248 3508 2309 ἃς
3553 2248 3738 2301 διέϐα-

2147 2331 2236 2383 λον
2263 2331 2374 2401 (50)
2404 2334 2552 2404 ἡμᾶς
2576 2333 2805 2404 βασιλεῖ.
2843 2335 3056 2406 Ἀμέλει
3087 2336 3206 2389 οὐδὲ
3234 2336 3406 2400 οὕτως
3435 2338 3741 2410 ἡσυχάζου-

2149 2438 2254 2481 σιν.
2290 2421 2427 2476 ἀλλὰ
2457 2426 2552 2477 καὶ
2577 2423 2748 2488 οὕτως
2801 2427 2948 2496 ἡμᾶς
2990 2429 3307 2479 ἀποκτεῖναι
3341 2428 3590 2498 ζητοῦσι,
3641 2431 3739 2482 καὶ

2147 2516 2260 2576 τοῖς
2313 2515 2610 2585 γνωρίμοις
2633 2516 2787 2587 ἡμῶν
2826 2518 3087 2588 φοϐεροὺς
3116 2519 3339 2582 ἑαυτοὺς
3373 2519 3734 2582 δεικνύουσιν,

2147 2601 2285 2656 ὥστε
2318 2605 2429 2675 (fil)
2467 2608 2671 2671 πάντας
2717 2609 3111 2676 φυγαδεύεσθαι
3161 2613 3255 2664 καὶ⁹
3321 2612 3556 2664 Θάνατον
3604 2614 3735 2683 παρ’

2146 2695 2326 2748 αὐτῶν
2368 2698 2688 2769 προσδοκᾷν.
2727 2699 2862 2753 Ἀλλ’
2893 2701 2952 2753 οὐ
3000 2701 3087 2755 διὰ
3124 2702 3297 2757 ταῦτα
3325 2705 3418 2756 καὶ
3461 2705 3611 2773 ὑμᾶς
3638 2703 3736 2756 αύ-

2145 2786 2254 2838 τῶν
2285 2789 2382 2857 τὴν
2430 2791 2773 2862 παρανομίαν
2807 2793 3146 2863 καταπτῆξαι
3199 2795 3325 2865 χρὴ,
3362 2793 3499 2847 ἀλλὰ
3533 2795 3737 2866 μᾶλλον

2147 2878 2239 2931 καὶ
2290 2879 2593 2949 ἐκδικῆσαι,
2646 2881 2738 2935 καὶ
2780 2883 3157 2953 ἀγανακτῆσαι
3207 2887 3348 2938 κατὰ
3397 2886 3509 2938 τῶν
3563 2886 3737 2951 οὕτως

2150 2972 2647 3040 καινοτομηοέντων
2680 2973 2798 3026 καθ’
2833 2974 3011 3044 ἡμῶν.
3037 2974 3099 3028 Εἰ
3128 2975 3258 3047 γὰρ,
3297 2977 3608 3048 πάσχοντος
3637 2979 3738 3048 μέ-

2146 3061 2268 3125 λους
2295 3061 2433 3127 ἐνὸς,
2475 3064 2782 3135 συμπάσχει
2817 3065 2992 3119 πάντα
3017 3066 3086 3120 τά
3115 3067 3273 3138 μέλη,
3309 3069 3406 3122 καὶ
3457 3069 3601 3122 κατὰ
3641 3069 3736 3122 τὸν

470 3136 578 3207 93
596 3138 907 3193 Communis
925 3140 1066 3194 enim
1089 3151 1171 3194 est
1191 3139 1440 3195 Salvator
1460 3157 1616 3205 quem
1643 3141 1716 3195 illi
1743 3143 2043 3196 maledictis

2153 3155 2420 3226 μακάριον
2474 3156 2810 3223 ’Δπόστολον,
2857 3158 3063 3214 κλαίειν
3120 3162 3256 3232 μετὰ
3285 3161 3583 3216 κλαιόντων
3631 3161 3732 3215 δεῖθ

473 3229 770 3294 incessunt,
801 3241 855 3284 et
883 3232 1506 3286 oniniuuisuntcanones
1525 3232 1615 3300 qui
1643 3231 1829 3287 abillis
1843 3232 2046 3286 violati-

477 3331 581 3374 tur.
600 3323 655 3376 Si
690 3324 841 3377 vobis
863 3323 913 3376 in
938 3323 1167 3378 ecclesia
1189 3325 1518 3387 sedentibus,
1538 3333 1593 3378 et
1609 3326 1817 3394 populis
1844 3328 2048 3394 alisque

475 3414 578 3466 ulla
598 3417 856 3483 querendi
883 3429 1044 3469 causa
1061 3417 1418 3484 congregatis,
1435 3415 1629 3484 aliquis
1656 3418 1943 3486 derepente
1963 3419 2050 3472 de-

471 3517 677 3560 cretum
708 3507 1010 3576 proferens,
1037 3508 1262 3577 alicujus
1294 3518 1534 3562 vestrum
1577 3523 1861 3563 successor
1886 3526 2043 3564 acce-

473 3602 642 3664 deret,
677 3616 854 3656 nonne
877 3601 1005 3654 illud
1047 3600 1263 3668 indigne
1301 3600 1550 3654 ferretis?
1574 3615 1749 3655 nonae
1783 3603 2042 3671 rogarctis

471 3696 561 3758 qui
591 3709 683 3749 vos
722 3694 1146 3749 ulciscerentur?
1171 3693 1434 3761 Quocirca
1466 3709 1676 3764 :equuui
1711 3704 1790 3748 est
1824 3711 1916 3748 vos
1963 3697 2045 3748 in-

470 3788 705 3855 dignari,
746 3803 812 3840 ne
842 3789 885 3842 si
921 3788 1034 3841 haec
1077 3796 1357 3841 taceantur
1385 3787 1637 3854 paulatim
1683 3801 1778 3855 per
1807 3785 2043 3856 singulas

473 3879 514 3930 Ε
537 3879 740 3933 clesias
769 3879 1072 3946 huiusmodi
1122 3879 1319 3932 malum
1354 3889 1697 3948 propagetur,
1727 3888 1780 3934 et
1828 3881 2040 3932 tandem

471 3971 811 4038 gymnasium
847 3982 1087 4027 nostrum
1119 3974 1170 4025 in
1201 3973 1498 4040 emporium
1544 3973 1784 4027 forutuve
1821 3987 2045 4027 conver-

476 4073 622 4115 lilllll'

2153 3245 2469 3318 πασχούσης
2501 3249 2599 3320 τῆς
2628 3250 2957 3322 τηλικαύτης
2998 3253 3341 3324 Ἐκκλησίας,
3376 3254 3630 3317 ἕκαστος,
3657 3254 3766 3317 ὡς·

2149 3340 2310 3404 αὐτὸς
2354 3340 2599 3411 πάσχων,
2653 3341 2932 3395 ἐκδικείτω
2975 3345 3036 3396 τὸ
3083 3347 3335 3416 πρᾶγμα.
3380 3347 3576 3408 Κοινὸς
3625 3345 3738 3417 γάρ

2146 3431 2294 3484 ἐστιν
2336 3434 2362 3484 ό
2391 3433 2599 3504 Σωτὴρ,
2645 3434 2673 3485 ό
2720 3435 2812 3486 ὑπ’
2849 3435 3026 3488 αὐτῶν
3063 3436 3576 3507 βλασφημούμενος,
3639 3439 3734 3490 καὶ

2147 3524 2365 3575 πάντων
2396 3525 2529 3576 εἰσιν
2559 3526 2607 3577 οί
2633 3527 2852 3599 κανόνες
2877 3527 3008 3597 (52),
3033 3529 3082 3580 oi
3112 3529 3202 3582 ὑπ’
3233 3529 3415 3582 αὐτῶν
3451 3529 3731 3601 παραλυό-

2149 3603 2478 3683 μένοιξίἱρα
2501 3608 2620 3687 ’γὰρ
2646 3601 2732 3680 εἰ,
2752 3601 3128 3689 καθεζομένων
3158 3619 3309 3689 ὑμῶν
3357 3621 3416 3672 ἐν
3440 3624 3506 3691 τῇ
3536 3621 3735 3690 ἐκκλη-

2148 3705 2257 3774 σίςι,
2295 3706 2387 3758 καὶ
2406 3708 2789 3777 συναγομένων
2809 3710 2918 3761 τῶν
2934 3709 3075 3762 λαῶν
3101 3712 3266 3782 χωρίς
3280 3729 3425 3775 τινος
3445 3713 3728 3783 μέμψεως,

2144 3797 2251 3834 εἴη

2144 3797 2196 3848 εἴ
2221 3814 2303 3858 τις
2333 3797 2590 3870 ἐξαίφνης
2621 3799 2707 3852 διὰ
2740 3802 3156 3872 προστάγματος
3203 3804 3444 3875 διάδοχος
3480 3806 3732 3877 ἐληλύθει

2141 3888 2264 3940 καθ’
2301 3889 2414 3953 ἐνὸς
2443 3891 2616 3962 ὑμῶν,
2651 3893 2743 3945 καὶ
2761 3894 2983 3946 τοιαῦτα
3013 3895 3254 3962 ἐγεγόνει
3279 3895 3400 3948 καθ’
3438 3897 3732 3966 (income-3x

2145 3979 2209 4032 ἂν
2243 3981 2657 4054 ἠγανακτήσατε
2677 4000 2691 4046 ;
2709 3985 2808 4037 οὐκ
2842 3985 2907 4038 ἂν
2924 3983 3188 4054 ἠξιώσατε
3214 3987 3322 4056 (55)
3341 3987 3728 4058 ἐκδικηθῆναι;

2143 4070 2242 4123 Διὰ
2275 4075 2430 4127 τοῦτο
2460 4075 2834 4144 ἀγανακτῆσαι
2865 4077 3008 4146 ὑμᾶς
3062 4078 3266 4131 δίκαιόν
3299 4081 3469 4145 ἐστιν,
3518 4081 3606 4132 ἵνα
3631 4078 3724 4150 μὴ,

471 4157 674 4212 τούτων
723 4162 1112 4232 σιωπωμένων,
1162 4163 1278 4215 κατ’
1317 4163 1494 4231 ὀλίγον
1539 4164 1632 4215 καὶ
1680 4165 1759 4226 είς
1785 4163 2021 4231 ἑκάστην
2059 4163 2386 4238 Ἐκκλησίαν
2414 4171 2472 4223 τὸ
2500 4170 2740 4225 τοιοῦτον
2786 4173 2954 4226 κακὸν
3020 4173 3178 4244 διαϐῇ
3221 4173 3357 4243 (54),
3408 4175 3502 4227 καὶ
3543 4171 3726 4226 λοιπὸν

472 4256 734 4328 ἐμπόριον
792 4259 884 4311 καὶ
935 4259 1188 4330 ἀγοραῖον
1238 4260 1298 4312 τὸ
1336 4259 1457 4312 καθ’
1485 4260 1633 4331 ἡμᾶς
1674 4257 2040 4312 διδασκαλεῖον
2077 4261 2318 4333 γένηται.

544 4349 594 4403 7.
653 4349 818 4402 Porro
871 4366 990 4420 qiue
1041 4352 1106 4404 ad
1138 4351 1501 4405 Ariotnanitas
1555 4361 1802 4418 spectant
1848 4353 2038 4414 nostis,
2073 4357 2116 4410 D

475 4442 666 4496 fratres
700 4444 860 4511 (saepe
909 4445 1052 4498 enim
1080 4460 1264 4498 eorum
1290 4446 1616 4514 impietatem
1636 4454 1686 4495 el
1712 4444 1907 4512 singuli
1936 4445 2043 4512 pri-

545 4581 588 4609 ⁶⁶
618 4578 772 4636 Rom.
802 4597 898 4645 xit,
940 4582 1027 4636 l5.

545 4762 651 4830 (lli)
692 4764 922 4831 Ἐπειδὴ
949 4765 1056 4832 γὰρ
1079 4766 1316 4818 Πιστόν.
1356 4763 1446 4819 Sic
1477 4762 1606 4832 Reg.
1635 4763 1842 4829 Anglic.
1883 4772 1941 4816 et
1970 4763 2040 4816 ita

473 4830 676 4893 legerat
706 4830 1063 4900 Nanniusqui
1098 4837 1257 4886 vertit
1301 4851 1314 4887 :
1347 4846 1402 4886 ut
1432 4830 1595 4902 [idum
1626 4835 1727 4886 sibi
1751 4835 1805 4885 in
1840 4835 2042 4899 episco-

469 4919 613 4963 pum.
663 4905 758 4957 sed
801 4919 1080 4972 perperam
1124 4905 1320 4968 Πιστός
1369 4905 1532 4957 fidum
1580 4903 1874 4960 truxstulit.
1917 4919 2040 4956 cum

471 4974 539 5042 fit
570 4987 762 5026 nomen
794 4974 1069 5042 proprium
1105 4975 1170 5028 de
1191 4991 1298 5042 quo
1331 4975 1382 5026 in
1412 4973 1779 5025 admonitione
1818 4973 2040 5036 videsis,

471 5039 574 5090 Pro
599 5039 944 5112 6vn;p,Re3g.
964 5052 1016 5098 et
1037 5039 1271 5112 Anglia,
1304 5043 1464 5096 αὐτόν
1492 5045 1667 5096 minus
1696 5053 1862 5096 recte.

544 5059 574 5088 υ
599 5059 728 5095 ονπε
775 5083 789 5104 ,
815 5059 944 5112 ιίες.
964 5059 1016 5098 et
1037 5059 1271 5112 angue”
1304 5059 1464 5096 αυτον
1492 5059 1667 5096 minus
1696 5059 1862 5096 recte.

541 5112 651 5184 (Π)
708 5059 844 5178 [{eg.
893 5113 1058 5184 solus,
1109 5113 1400 5184 καθολικῆς
1453 5111 1778 5184 Ἐκκλησίας
1818 5109 2040 5184 ἐπίσκο-

473 5197 561 5233 ποι
619 5181 708 5236 διά
773 5199 837 5250 γε
889 5183 989 5254 τὴν
1046 5183 1322 5236 ἀσέϐειαν.
1359 5181 1446 5236 Ἰη
1503 5181 1664 5236 editis
1719 5182 2043 5252 Ἐκκλησίας

471 5254 637 5305 deest.

542 5321 653 5392 (48)
708 5323 866 5393 Reg.,
908 5323 1210 5394 Γρηγόριον
1271 5323 1365 5375 νῦν
1418 5322 1508 5394 τὸν
1573 5323 1732 5375 αὑτὸν
1773 5326 1883 5384 τοῖς
1950 5323 2042 5392 ἀρ.

429 5413 452 5419 -
470 5389 620 5466 Editi
634 5389 812 5466 vero;
831 5389 1109 5466 Γεώργιον
1133 5393 1378 5466 νύνᾷτοῖς
1401 5393 1592 5466 αύτοῖς-
1618 5395 1935 5466 Ἀρειανοῑς,

543 5461 650 5534 (49)
677 5464 834 5534 Reg.,
855 5461 1147 5534 ἐκιρυγεῖν.
1170 5464 1306 5516 Infra
1333 5464 1506 5534 οὐδεὶς
1536 5463 1644 5534 γὰρ
1670 5461 1778 5514 τῶν
1793 5462 1893 5531 τῆς
1921 5462 2043 5514 Ἐκ·

470 5530 695 5600 κλησίας
723 5530 1024 5605 evagatam
1045 5532 1164 5586 ἐστὶ
1199 5536 1312 5602 μετ’
1336 5533 1531 5593 αὐτῶν,
1559 5530 1690 5605 lia’c,
1719 5530 1913 5600 quasin
1931 5534 2045 5605 edi-

472 5611 548 5671 tis
565 5606 808 5664 deerant,
827 5601 900 5656 ex
919 5601 1055 5670 Reg.
1076 5615 1128 5654 et
1153 5601 1360 5671 Anglic.
1383 5602 1728 5671 sumpsimus,
1745 5617 1864 5668 qute
1877 5602 2040 5654 etiam

474 5684 500 5719 τι
535 5669 744 5723 Naunio
771 5672 908 5724 lecta
939 5669 1083 5723 sunt.

545 5738 658 5804 (5")
694 5740 786 5793 Sic
830 5741 1036 5807 Anglic.
1092 5752 1146 5791 et
1170 5743 1297 5796 edit.
1336 5742 1508 5797 Paris.
1554 5741 1691 5806 Alii,
1745 5739 2039 5793 διέϐαλλον.

479 5803 595 5859 Mox
617 5803 846 5876 Anglic"
879 5803 1169 5879 ἡσύχαζον.

2219 4353 2268 4407 7.
2307 4355 2387 4408 Τὰ
2447 4357 2546 4428 μὲν
2589 4352 2682 4412 οὖν
2732 4358 2871 4412 κατὰ
2903 4360 3027 4422 τοὺς
3083 4357 3496 4429 ’Λρειομανίτας
3527 4358 3722 4417 οἴδατε.

2150 4447 2449 4517 ἀγαπητοί’
2508 4449 2765 4515 πολλάκις
2811 4451 2919 4523 γὰρ
2943 4451 3119 4505 αὐτῶν
3175 4451 3273 4522 τὴν
3327 4450 3585 4505 ἀσέϐειαν
3624 4451 3725 4522 ἰδίᾳ

2221 4765 2332 4833 (51)
2360 4765 2519 4817 Ὥστε
2550 4763 2683 4833 Reg.
2710 4773 2760 4815 et
2781 4764 2944 4817 Basil.
2976 4763 3079 4818 Alii
3101 4778 3230 4816 vero
3258 4778 3377 4815 cum
3396 4763 3560 4816 editis
3579 4805 3595 4826 ,
3627 4763 3720 4825 ὡς.

2149 4832 2268 4888 Mox
2303 4835 2548 4889 θάνατον.
2578 4832 2667 4886 Sic
2688 4833 2817 4903 Reg.
2860 4850 3016 4897 quem
3044 4835 3357 4899 sequimur;
3397 4834 3527 4886 editi
3565 4834 3725 4887 θανά-

2147 4923 2290 4968 τους.
2321 4904 2459 4958 Infra
2491 4904 2624 4975 Reg.
2659 4902 2822 4975 solius,
2848 4906 2992 4975 ἡμεῖς
3024 4902 3204 4975 αὐτῶν
3226 4903 3324 4975 τὴν
3366 4904 3720 4975 πανουργίαν.

2151 4975 2276 5028 Post
2303 4989 2468 5040 pauca
2490 4973 2611 5026 καθ’
2638 4973 2817 5043 ἡμῶν,
2849 4972 2911 5027 ex
2947 4973 3076 5038 Reg.
3097 4972 3338 5043 οιβιιςιι.
3360 4972 3718 5043 ili-sumptum,

2151 5046 2201 5096 iu
2242 5046 2401 5098 editis
2433 5054 2486 5114 et
2518 5047 2568 5095 iu
2603 5042 2722 5096 aliis
2757 5059 2887 5096 mss.
2921 5044 3128 5096 deerat.
3163 5042 3281 5114 lllox
3325 5043 3453 5114 editi
3479 5084 3492 5101 ,
3529 5042 3723 5114 μέλους

2148 5114 2310 5175 τινός,
2341 5123 2394 5166 at
2433 5113 2563 5181 Reg.
2594 5127 2752 5182 quem
2797 5113 3091 5180 sequimur,
3122 5112 3315 5180 μέλους
3355 5111 3496 5174 ἑνός,
3533 5111 3590 5164 et
3647 5113 3718 5164 ita

2151 5184 2346 5249 legisse
2400 5180 2892 5236 vidi-tur'Nannius
2927 5182 3016 5250 qui
3071 5184 3254 5238 vertit.
3319 5197 3423 5234 uno
3469 5183 3719 5236 membro.

2151 5253 2314 5305 Paulo
2344 5252 2582 5322 postumi
2607 5260 2731 5305 aute
2765 5253 2905 5305 κατά
2953 5252 3104 5304 deest
3158 5253 3209 5304 iu
3245 5251 3375 5320 Reg.
3415 5251 3540 5305 Mox
3568 5255 3718 5322 lleg.,

2149 5322 2299 5376 δεινά
2327 5339 2424 5390 pro
2461 5321 2541 5373 δεῖ
2568 5322 2841 5375 mendose.

2221 5412 2332 5481 (5‘2)
2359 5411 2515 5478 Reg.,
2545 5409 2760 5481 πάντων
2785 5406 2938 5479 ὑμῶν
2967 5410 3103 5461 εἰσιν
3152 5410 3202 5461 ci
3233 5407 3476 5472 κανόνες.
3513 5408 3628 5463 Mox
3665 5408 3716 5461 in

2152 5478 2364 5545 eodem,
2396 5483 2443 5534 εἰ
2484 5495 2602 5545 ῃοει
2635 5478 2744 5549 γάρ
2772 5478 2939 5532 deest.

2222 5575 2331 5642 (53)
2372 5574 2423 5623 In
2453 5571 2608 5639 Rrg.,
2631 5571 2695 5623 ἄν
2723 5571 2868 5622 deest
2887 5578 3010 5622 aute
3035 5569 3323 5639 ἠξιώσατε.

2220 5665 2330 5734 (54)
2364 5661 2777 5734 ιὶν·ε.ίδιαδοθῇ.λ
2813 5661 2930 5734 Mox
2956 5661 3497 5734 Etoatcmiioviuem.
3559 5658 3714 5714 Paulo

2150 5730 2268 5806 post
2298 5730 2458 5806 idem
2493 5731 2889 5806 lleg.,_¢6a)tzpo£
2915 5747 3011 5806 pro
3051 5731 3342 5806 ἀγαπητοί.
3387 5730 3527 5806 Infra
3551 5735 3708 5797 idem,

2151 5800 2245 5878 τὴν
2278 5803 2528 5858 ἀσέϐειαν
2551 5803 2638 5854 καὶ
2665 5802 2908 5864 ἕκαστος,
2945 5800 3049 5871 ἰδίᾳ
3084 5818 3139 5853 τε
3165 5803 3255 5854 καὶ
3281 5805 3453 5870 κοινῇ.
