4006 6504
521 309 628 364 £59

520 427 787 481 scelerum
856 431 907 484 in
978 432 1279 491 Ecclesiam
1344 451 1626 513 auctores,
1693 450 1891 504 vestris
1952 451 2097 507 litte—

521 519 595 570 ris
646 520 712 573 ad
753 521 1026 578 meliorem
1081 528 1288 598 frugem
1347 538 1605 600 revocati,
1658 539 1740 592 vel
1798 556 1922 596 sero
1978 555 2099 599 tan-

518 610 639 662 dem
682 614 1023 682 resipiscam.
1059 619 1303 678 Salutate
1330 641 1471 692 eam,
1518 629 1629 702 94
1658 647 1778 701 qua:
1819 628 1959 705 apud
2005 655 2101 695 vos

517 709 619 764 est,
664 700 1083 763 fraternitatem.
1133 711 1359 770 Fratres
1388 733 1575 774 omnes
1598 700 1697 789 qui
1734 741 1941 780 mecum
1972 741 2100 786 sunt

516 808 613 848 vos
673 799 931 854 salutant.
997 803 1255 862 Dominus
1291 825 1387 865 vos
1436 813 1770 882 incolumes,
1818 824 2098 893 nostrique

516 902 789 945 memores
824 908 1132 963 conservet,
1166 900 1368 955 domini
1409 921 1539 960 vere
1566 910 2033 969 desideratissimi.

1129 323 1186 380 S.
1223 326 1595 386 ATllANASll
1634 332 1784 389 OPP.
1825 335 2007 397 PARS
2046 342 2085 396 l.
2129 376 2197 385 —
2236 346 2609 407 HlSTORlCA
2651 352 2738 408 ET
2780 354 3202 418 DOGMATICA.
3243 436 3251 450 ο

3690 371 3795 425 256

2206 462 2656 528 ταπαεδευθέντες
2705 470 2769 520 ὲκ
2798 469 2905 521 τῶν
2935 471 3089 542 ὑμῶν
3136 474 3501 545 γραμμάτων,
3549 477 3655 531 κᾶν
3696 481 3794 550 ὀψέ

2204 570 2332 605 ποτε
2386 553 2653 627 δυνηθῶσι
2709 564 3069 632 μεταγνῶναι.
3127 568 3465 639 Προσεὶπτιτε
3514 571 3617 641 τὴν
3664 577 3797 643 παρ’

2203 644 2330 713 ὑμῖν
2376 647 2730 719 ἀδελφότητα.
2778 656 2841 707 ΟΞ
2903 656 3000 709 σὺν
3044 659 3166 728 ἐμαὶ
3202 660 3314 729 (62)
3349 661 3553 725 πάν-ἐς
3576 664 3800 733 ἀδελφοὶ

2201 738 2699 810 προσαγορεύουσιν
2750 744 2913 813 ὑμᾶς.
2982 746 3363 819 Έρρωμένους
3422 754 3520 805 καὶ
3590 770 3801 824 μνημορ

2201 826 2458 894 νεύοντας
2509 832 2661 902 ὑμῶν
2711 838 2739 888 ὁ
2788 836 2991 909 Κύριος
3020 840 3163 910 ὑμᾶς
3196 843 3567 912 διαφυλάξειε,
3612 846 3799 919 κύριοι

2203 920 2417 990 ἀληθῶς
2434 923 2818 981 ποθεινότατοι.

518 1108 3734 1181 ,Νὴ-Ἡ

1023 1425 1027 1429 θ
1116 1308 1241 1396 IN
1320 1307 2033 1403 APOLOGIAM
2112 1316 2587 1409 CONTRA
2664 1322 3191 1419 ARIANOS

1723 1528 2587 1648 ADMONITIO.

588 1889 627 1946 Ι.
666 1891 919 1963 Apologia
950 1910 1135 1951 contra
1180 1898 1445 1965 Arianos,
1496 1916 1635 1970 quae,
1670 1903 1810 1972 quod
1861 1906 2118 1974 pleraque
2170 1909 2563 1979 complectatur
2595 1923 2978 1981 monumenta,
3026 1914 3278 1976 Calleclio
3322 1936 3792 1982 monumentorum

518 2002 547 2037 a
580 1987 852 2042 nonnullis
890 1990 1291 2047 recentioribus
1324 2005 1571 2061 vocatur,
1606 1999 1657 2050 in
1688 2000 1939 2055 omnibus
1968 2019 2090 2057 cum
2129 2006 2291 2060 editis
2324 2016 2435 2060 tum
2470 2011 2855 2079 manuscriptis
2887 2012 3141 2083 Apologia
3170 2016 3400 2068 secunda
3444 2017 3792 2083 inscribitur,

514 2081 640 2148 quia
669 2081 923 2135 nimirum
957 2093 1081 2151 post
1112 2083 1425 2153 Apologiam
1455 2087 1518 2141 de
1546 2088 1676 2158 fuga
1697 2091 2036 2160 collocatur;
2083 2099 2298 2152 tametsi
2326 2115 2445 2153 eam
2479 2111 2606 2157 ante
2630 2101 2764 2158 alias
2788 2081 3071 2160 Athanasii
3102 2106 3393 2176 Apologia:
3420 2113 3790 2183 conscriptam

513 2174 681 2232 fuisse
706 2184 915 2232 certum
947 2186 1052 2232 est.
1096 2177 1373 2248 Siquidem
1398 2181 1704 2251 Apologiam
1730 2188 1797 2237 nd
1816 2186 2209 2253 Constantium.
2242 2201 2296 2247 et
2332 2194 2645 2264 Apologiam
2673 2197 2735 2250 de
2766 2197 2892 2268 fuga
2921 2200 2986 2253 ad
3017 2214 3216 2253 annum
3240 2174 3349 2252 336
3383 2174 3665 2268 pertinere
3693 2221 3793 2260 suo

512 2274 631 2326 loco
661 2275 859 2328 dicturi
894 2291 1099 2330 sumus.
1145 2276 1215 2329 At
1243 2274 1499 2346 Apologia
1529 2289 1710 2330 contra
1734 2280 1963 2336 Arianos
2002 2300 2106 2337 non
2140 2286 2231 2338 diu
2267 2296 2390 2355 post
2415 2289 2700 2343 Athanasii
2751 2306 2818 2345 ex
2870 2293 3109 2347 secundo
3144 2294 3338 2347 exsilio
3378 2296 3619 2351 reditum
3645 2337 3661 2363 ,
3699 2300 3791 2367 qui
3829 2304 3845 2316 ‘

512 2379 656 2417 anno
686 2362 790 2417 319
823 2365 1074 2433 contigit,
1101 2366 1267 2420 scribi
1300 2368 1496 2433 potuit.
1539 2367 1617 2421 Ex
1643 2372 2013 2440 compluribus
2036 2376 2180 2428 enim
2219 2377 2379 2445 hujus
2401 2380 2669 2451 Apologia:
2701 2383 2831 2436 locis
2857 2425 2873 2451 ,
2906 2401 2969 2440 ac
2998 2401 3063 2441 ex
3093 2388 3206 2457 ipso
3231 2390 3578 2457 potissimum
3612 2393 3792 2459 initio,

510 2454 679 2525 liquet
708 2459 907 2513 editam
953 2458 1119 2513 fuisse
1154 2468 1442 2530 antequam
1475 2462 1737 2520 Ursacius
1783 2477 1838 2521 et
1865 2466 2082 2534 Valens,
2130 2472 2219 2540 qni
2248 2473 2318 2527 ab
2341 2474 2561 2528 Arianis
2597 2478 2837 2545 partibus
2886 2481 3189 2535 resilierant
3230 2494 3285 2538 et
3328 2501 3483 2539 suam
3529 2486 3791 2544 adversus

510 2552 868 2607 Athanasium
920 2554 1332 2624 sycophantiam
1373 2558 1604 2611 confessi
1663 2558 1896 2625 fuerant,
1933 2563 1983 2615 in
2037 2566 2367 2634 impietatem
2423 2569 2743 2637 reciderent,
2796 2580 2849 2625 et
2880 2576 3139 2631 adversus
3164 2577 3529 2635 Athanasium
3566 2583 3791 2635 Arianis

512 2648 688 2703 denuo
713 2665 833 2704 sese
858 2650 1172 2719 jungerent,
1201 2649 1367 2720 quod,
1392 2659 1449 2704 ut
1481 2653 1706 2719 tardius,
1733 2670 1878 2711 anno
1900 2656 2025 2719 552,
2052 2660 2349 2729 contigisse
2367 2661 2499 2715 alias
2526 2664 3005 2720 demonstrabitur.
3028 2666 3141 2725 Huc
3163 2672 3375 2729 accedit
3405 2674 3582 2741 ipsius
3612 2677 3786 2729 Athao

512 2746 647 2799 nasii
683 2747 1053 2802 testimonium
1096 2736 1255 2803 num.’
1274 2746 1341 2801 59
1392 2747 1554 2815 hujus
1598 2750 1893 2820 Apologiw,
1932 2756 2021 2808 ubi
2070 2758 2137 2810 de
2169 2767 2444 2825 postremo
2478 2775 2576 2813 suo
2606 2775 2769 2828 agens
2811 2762 3000 2817 exsilio
3044 2765 3119 2818 ait
3164 2764 3203 2820 ἃ
3234 2766 3331 2820 νῦν
3365 2768 3639 2833 πέπονθα,
3668 2786 3789 2837 qua!

506 2833 617 2901 jam
650 2851 841 2905 passus
872 2853 1014 2903 sum,
1056 2856 1164 2911 quo
1202 2841 1405 2897 indicat
1428 2859 1486 2897 se
1514 2846 1676 2915 paulo
1724 2859 1846 2917 post
1875 2852 2106 2905 reditum
2142 2869 2297 2906 suum
2334 2857 2473 2909 banc
2502 2857 2808 2927 Apologiam
2840 2861 3249 2932 conscripsisse.
3295 2863 3552 2935 Nihilque
3585 2877 3791 2923 nostra!

511 2931 797 2985 sententia:
838 2932 1080 2988 oﬂiciunt
1105 2952 1225 3000 qua:
1270 2937 1337 2992 de
1382 2938 1581 2994 Liberii
1614 2951 1667 2996 et
1696 2941 1840 2998 llosii
1871 2945 2064 3000 exsilio
2094 2948 2194 3001 sub
2247 2947 2406 3002 liuent
2443 2949 2711 3019 leguntur,
2766 2966 2829 3005 ea
2871 2931 3068 3023 quippe
3112 2957 3203 3009 diu
3254 2968 3378 3027 post
3410 2961 3783 3030 conscriptam

510 3023 822 3093 Apologia»:
856 3028 1039 3082 addita
1079 3030 1246 3086 fuisse
1287 3034 1483 3089 ibidem
1517 3038 1794 3105 probaturi
1826 3056 2036 3095 sumus.

588 3111 646 3167 ll.
675 3112 844 3183 Hujus
877 3118 1179 3175 scribenda:
1206 3123 1322 3177 haec
1351 3139 1515 3180 causa
1562 3129 1682 3183 fuit.
1737 3132 2095 3198 Athanasius,
2146 3150 2212 3189 ex
2244 3134 2583 3191 Sardicensis
2612 3143 2803 3211 synodi
2832 3143 3070 3206 decreto,
3119 3160 3180 3199 ac
3210 3148 3608 3217 imperatorum
3639 3150 3783 3206 Con-

512 3203 707 3257 stantis
740 3216 796 3259 et
819 3206 1120 3264 Constantii
1174 3213 1325 3281 jussu
1380 3223 1571 3289 patrizn
1600 3233 1654 3275 et
1681 3223 1938 3280 Ecclesiae
1970 3243 2080 3281 suae
2130 3230 2432 3293 restitutus,
2471 3246 2593 3284 cum
2653 3236 3011 3305 comperisset
3054 3239 3168 3292 illas
3204 3241 3387 3295 tandiu
3431 3240 3670 3310 jactatas
3700 3255 3783 3296 to-

514 3298 723 3368 Iiesqtte
754 3303 1065 3360 confutatas
1101 3312 1535 3383 criminationes,
1570 3320 1636 3373 de
1662 3320 1877 3376 Arsenii
1928 3339 2076 3385 nece,
2110 3325 2178 3379 de
2206 3327 2378 3380 calice
2426 3327 2617 3393 fracto,
2648 3330 2822 3399 deque
2853 3347 3036 3386 mensa
3066 3332 3347 3397 subversa,
3378 3345 3489 3390 etc.
3514 3374 3531 3396 ,
3564 3352 3780 3390 rursmu

513 3392 580 3445 ab
609 3395 826 3449 Arianis
861 3402 1167 3471 pervulgari
1197 3442 1211 3462 ,
1256 3406 1346 3472 qui
1378 3407 1543 3459 etiam
1593 3409 1897 3464 niterentur
1926 3412 2041 3467 haec
2073 3414 2188 3481 ipsa
2215 3417 2391 3469 denuo
2435 3416 2486 3469 in
2539 3416 2803 3481 judicium
2845 3437 3058 3488 vocare,
3086 3427 3397 3494 Apologiam
3441 3427 3640 3489 edidit,
3691 3427 3781 3480 ubi

514 3486 665 3540 varia
694 3498 1041 3543 monumenta
1074 3500 1129 3546 et
1160 3493 1419 3562 epistolas
1454 3498 1555 3551 hac
1579 3499 1645 3553 de
1676 3515 1735 3555 re
1783 3503 2116 3573 conscriptas
2150 3504 2200 3558 in
2232 3522 2396 3559 unum
2427 3507 2666 3576 collegit,
2709 3522 2860 3567 ratus
2908 3515 3037 3568 nihil
3072 3528 3225 3581 reque
3271 3515 3337 3569 ad
3386 3515 3470 3569 sui
3507 3515 3785 3585 purgatio-

515 3599 638 3637 ncm
674 3588 1000 3654 conducere,
1052 3604 1116 3643 ac
1143 3590 1189 3644 si
1218 3606 1283 3646 ex
1320 3590 1455 3659 ipsis
1486 3608 1666 3648 rerum
1700 3606 1973 3666 gestarum
2007 3601 2145 3656 actis
2172 3617 2349 3656 causae
2399 3618 2509 3657 suae
2536 3606 2819 3661 sinceritas
2858 3609 3115 3664 eluceret.
3161 3609 3362 3665 [lorum
3397 3623 3783 3667 monumento-

515 3690 634 3728 rum
679 3676 797 3729 dua:
821 3688 949 3730 sunt
981 3689 1163 3748 partes
1206 3690 1535 3751 praepostero
1564 3687 1754 3741 ordine
1789 3689 1856 3742 ab
1888 3690 2003 3758 ipso
2034 3692 2331 3747 Athanasio
2358 3695 2597 3764 digestze.
2651 3696 2829 3752 Prima
2875 3703 3252 3771 complectitur
3271 3701 3535 3771 epistolas
3565 3705 3783 3776 synodi-

511 3784 604 3824 cas
640 3770 884 3839 aliasque
924 3771 992 3826 de
1017 3788 1177 3828 causa
1201 3776 1476 3834 Athanasii
1506 3786 1868 3855 conscriptas,
1897 3789 1965 3842 ab
1997 3805 2139 3845 anno
2175 3790 2283 3845 540
2314 3793 2377 3845 ad
2409 3809 2610 3848 annum
2644 3795 2771 3858 550.
2810 3812 3034 3867 quarum
3072 3814 3360 3853 commune
3393 3813 3781 3870 argumentum

513 3877 616 3932 est,
666 3867 971 3923 confutatio
1000 3869 1394 3929 calumniarum
1434 3878 1501 3931 ab
1531 3880 1851 3938 Eusebianis
1902 3885 1955 3939 in
2008 3888 2216 3956 synodo
2251 3887 2436 3958 Tyria,
2488 3891 2537 3943 in
2573 3891 2809 3946 Mareote
2853 3904 2906 3948 et
2938 3894 3065 3947 alibi
3114 3895 3374 3947 adversus
3414 3895 3778 3949 Athanasium

508 3976 863 4020 structorum.
917 3967 1168 4024 Secunda
1220 3985 1343 4040 pars
1402 3975 1683 4030 historiam
1725 3977 1922 4035 Meletii
1946 4022 1960 4046 ,
1994 3998 2284 4051 rerumque
2314 3985 2380 4038 ab
2410 3984 2652 4059 lscbyra,
2682 3989 2916 4041 Arsenio
2947 3998 3000 4040 et
3034 3987 3353 4042 Eusebianis
3382 3999 3579 4042 contra
3603 3989 3778 4042 Atha-

508 4062 727 4115 nasium
771 4071 1073 4131 gestarum,
1106 4080 1169 4120 ac
1208 4083 1311 4121 una
1345 4075 1658 4126 earumdem
1694 4088 2049 4133 monumenta
2085 4082 2499 4149 comprehendit
2523 4087 2591 4138 ab
2626 4099 2767 4138 anno
2797 4085 2902 4139 500
2930 4085 2996 4138 ad
3026 4082 3150 4137 538.
3181 4083 3255 4137 De
3283 4083 3512 4152 singulis
3547 4083 3600 4135 in
3636 4092 3781 4135 utra—

508 4170 613 4225 que
646 4169 799 4227 parte
823 4158 1067 4215 collectis
1098 4163 1467 4215 monumentis
1492 4163 1737 4231 quaedam
1768 4170 2147 4233 pertractanda
2184 4182 2329 4224 sunt.

583 4253 670 4312 Ill.
710 4255 764 4310 ln
803 4257 973 4326 priori
1009 4267 1163 4325 parte
1203 4258 1380 4325 primo
1400 4258 1642 4312 occurrit
1667 4260 1889 4330 epistola
1925 4262 2197 4331 encyclica
2224 4265 2603 4321 Alexandriam
2627 4269 2816 4338 synodi
2858 4270 2923 4323 ad
2950 4282 3139 4324 omnes
3175 4266 3460 4335 episcopos
3491 4274 3547 4320 et
3582 4266 3650 4319 ad
3679 4263 3777 4319 Ju-

505 4346 635 4400 linm
684 4364 875 4416 papam
914 4349 1100 4415 missa,
1143 4364 1248 4416 qua
1275 4348 1649 4402 Athanasiusa
1676 4349 1963 4405 calumniis
1985 4353 2410 4408 Eusebianorum
2439 4358 2762 4413 vindicatur.
2794 4359 2924 4413 Eunt
2950 4372 3143 4425 nempe
3173 4357 3508 4409 accusabam
3534 4355 3775 4408 ὶιίὶδτειίοί

507 4428 649 4505 quod
686 4450 807 4508 post
853 4456 1008 4493 suum
1046 4454 1112 4493 ex
1156 4439 1344 4494 Galliis
1379 4440 1611 4493 reditum
1669 4440 1961 4493 multarum
2012 4442 2235 4496 cazdium
2270 4455 2461 4498 auctor
2506 4446 2711 4509 fuisset,
2758 4450 2900 4516 quod
2941 4450 3309 4519 episc0patum
3338 4448 3772 4503 Alexandrinum

506 4537 815 4601 invasisset,
845 4537 1141 4605 furtimque
1170 4533 1455 4587 ordinatus
1502 4531 1723 4596 fuisset,
1758 4534 1899 4600 quod
1942 4532 2271 4587 frumentum
2320 4536 2531 4591 alendis
2573 4538 2747 4592 viduis
2785 4539 3133 4605 destinatum,
3167 4541 3220 4592 in
3251 4541 3535 4608 proprium
3561 4539 3767 4593 lucrum

504 4628 838 4683 divertisset.
876 4626 984 4681 llas
1018 4640 1213 4682 omnes
1242 4623 1680 4686 criminationes,
1716 4638 1926 4677 necnon
1970 4632 2183 4677 veteres
2210 4624 2351 4687 illas,
2385 4626 2451 4679 de
2471 4626 2683 4680 Arsenii
2721 4642 2873 4691 nece,
2902 4638 3007 4683 etc.
3031 4671 3047 4697 ,
3079 4630 3429 4684 validissimis
3479 4645 3770 4701 argumen-

503 4723 570 4776 tis
601 4722 886 4777 confutant
909 4720 1153 4793 Egyptii
1184 4718 1448 4788 episcopi,
1478 4726 1531 4772 et
1558 4732 1663 4770 una
1698 4716 1827 4771 Pisti
1856 4717 2046 4770 Ariani
2082 4718 2322 4788 episcopi
2353 4720 2751 4775 ordinationem
2789 4723 2976 4790 paucis
3012 4724 3405 4794 perstringunt.
3449 4722 3581 4778 Hmc
3610 4737 3770 4828 causa

504 4817 606 4872 fuit
638 4817 797 4886 hujus
834 4818 1023 4888 synodi
1065 4815 1317 4886 cogenda:
1344 4832 1361 4879 ;
1388 4828 1494 4881 quo
1525 4822 1705 4865 autem
1740 4827 1882 4865 anno
1909 4827 1971 4866 ea
2003 4812 2270 4867 celebrata
2305 4824 2357 4868 et
2389 4815 2503 4869 hare
2530 4816 2751 4884 epistola
2788 4817 3092 4886 conscripta
3128 4818 3217 4883 sit,
3250 4833 3359 4872 non
3410 4819 3669 4872 convenit
3702 4818 3772 4869 in-

504 4922 585 4964 ter
615 4920 871 4965 auctores
893 4892 1154 4978 {quidam
1175 4910 1317 4963 enim
1341 4908 1407 4961 ad
1438 4922 1638 4961 annum
1668 4907 1773 4961 559
1797 4906 2065 4971 referunt,
2094 4908 2182 4962 alii
2212 4923 2339 4963 vero
2365 4911 2430 4964 ad
2465 4911 2569 4964 540
2603 4911 2797 4979 quibus
2826 4911 3079 4968 libentius
3105 4914 3455 4967 assentimur.
3489 4914 3767 4983 Siquidem

500 5020 566 5058 ex
598 5007 712 5075 ipsa
741 5004 867 5059 Julii
896 5004 1122 5070 epistola
1160 5012 1376 5058 constat
1404 5001 1687 5055 Athanasii
1721 5010 1775 5055 et
1800 5001 2183 5057 Alexandrina:
2216 5004 2406 5074 synodi
2458 5006 2663 5075 legatos
2694 5022 2758 5061 eo
2803 5008 2923 5078 ipso
2955 5025 3099 5062 anno
3126 5009 3231 5064 ’540
3277 5008 3507 5063 Romam
3544 5024 3770 5064 conces-

500 5099 657 5163 sisse,
691 5113 754 5152 ac
780 5113 903 5152 cum
929 5095 1252 5152 Eusebianis
1275 5107 1619 5164 congressos,
1653 5094 1918 5162 synodum
1940 5109 2041 5146 una
2073 5109 2193 5148 cum
2224 5096 2328 5150 illis
2356 5099 2655 5166 postulasse
2682 5117 2693 5151 :
2720 5101 2861 5168 quod
2898 5102 2949 5151 in
2984 5101 3307 5168 praecedenti
3345 5100 3625 5171 encyclica
3655 5102 3767 5169 epi-

499 5191 660 5254 stola,
717 5206 864 5244 anno
894 5190 993 5243 541
1033 5189 1262 5257 scripta,
1298 5187 1504 5241 diserte
1557 5176 1785 5242 testatur
1812 5185 2182 5251 Athanasius;
2240 5188 2319 5241 ait
2350 5188 2495 5242 enim
2547 5188 2766 5261 πέρυσι,
2806 5191 2855 5245 id
2909 5201 2993 5244 est
3051 5206 3194 5245 anno
3231 5194 3531 5260 przeterito,
3577 5193 3767 5246 fratres

497 5283 683 5337 Romae
712 5282 978 5353 synodum
1021 5279 1345 5353 postulasse.
1385 5278 1553 5331 Porro
1588 5277 1884 5332 verisimile
1908 5277 2133 5331 omnino
2162 5286 2245 5332 est
2268 5282 2528 5349 synodum
2577 5292 2631 5333 et
2675 5282 2791 5349 ejus
2838 5282 3166 5351 legationem
3192 5284 3244 5337 in
3280 5287 3532 5383 eumdem
3552 5300 3764 5383 Eanum

497 5377 714 5430 cadere.
753 5375 878 5429 llaac
916 5373 1209 5435 sententia,
1252 5370 1453 5438 alioqui
1499 5368 1965 5439 probabilissima,
1999 5377 2151 5421 extra
2178 5368 2402 5422 dubium
2449 5370 2576 5432 erit,
2617 5368 2660 5422 si
2694 5369 2905 5424 Socrati
2943 5370 3078 5425 fides
3105 5371 3389 5437 habeatur,
3421 5374 3513 5442 qui
3551 5372 3764 5426 Eusebii

498 5470 550 5522 in
582 5471 767 5525 sedem
812 5464 1476 5536 ConstantinOpolitanam
1521 5464 1881 5517 intrusionem
1934 5461 2100 5514 refert
2130 5462 2195 5514 ad
2240 5478 2441 5516 annum
2477 5465 2601 5530 540,
2655 5474 2776 5533 post
2824 5481 3008 5519 necem
3047 5466 3257 5519 scilicet
3285 5462 3632 5519 Constantini
3674 5464 3761 5531 ju-

497 5562 688 5616 nioris.
722 5563 859 5617 Cum
898 5563 1043 5614 enim
1078 5562 1195 5614 hanc
1222 5560 1454 5632 epistola
1488 5561 1634 5615 illam
1667 5557 1883 5614 Eusebii
1916 5557 2249 5614 invasionem
2287 5573 2576 5629 memoret,
2635 5579 2754 5618 eam
2806 5579 2910 5618 non
2962 5572 3089 5618 ante
3119 5577 3319 5616 annum
3356 5561 3464 5616 350
3511 5562 3761 5631 scriptam

872 5654 884 5661 .
1153 5654 1163 5661 .
1218 5631 1247 5661 ο

499 5655 662 5707 htisse
697 5654 1052 5722 conspicuum
1087 5654 1216 5706 erit.

569 5772 677 5839 (lii)
705 5772 836 5839 Reg.
858 5771 954 5822 σὺν
986 5773 1135 5838 ἡμῖν.
