4006 6516
250 359 336 441 El“
1088 385 1428 444 APOLOGIA
1470 389 1751 446 CONTRA
1791 392 2112 450 ARIANOS.
2150 427 2184 436 -
2258 392 2596 450 MONITUM.
3378 400 3482 455 Ξ)..ίὲ

317 505 399 559 IN.
432 503 692 572 Sequitur
733 512 917 574 postea
955 504 1180 574 epistola
1209 504 1333 560 Julii
1356 507 1422 561 ad
1455 507 2067 581 Euseliianos'praasnles
2094 514 2182 582 qui
2207 513 2502 567 Antiochiae.
2540 514 2805 583 synodum
2839 515 3199 581 celebrarunt,
3230 532 3366 586 quos
3385 517 3483 570 ob-

251 595 414 667 jnrgat
437 598 576 666 quod
615 597 720 652 sibi
761 607 1009 668 proterve
1047 601 1471 668 rescripsissent,
1503 612 1559 656 et
1587 606 1728 672 quod
1757 607 1822 658 ad
1860 609 2123 676 synodum
2149 623 2308 676 quam
2342 611 2558 682 ipsimet
2593 610 2953 678 postulassent
2978 611 3236 664 accedere
3267 611 3479 662 renuis-

255 704 359 748 sent
388 712 402 749 :
435 703 739 764 purgatque
769 694 1120 748 Athanasium
1179 712 1206 750 a
1240 696 1448 766 jamdiu
1481 699 1708 765 objectis
1741 701 2241 768 criminationibus,
2293 719 2502 759 necnon
2536 703 2848 757 Marcellum
2877 701 3224 771 Ancyrannm
3247 739 3261 762 ,
3293 700 3480 755 Ascle—

252 801 359 857 pam
387 785 711 871 Qazensetn,
749 786 987 856 aliosque
1041 792 1322 861 episcopos
1377 795 1445 847 ab
1493 794 1812 850 Ensebianis
1860 797 1974 850 dire
2005 809 2224 852 vexatos
2249 839 2264 863 ,
2305 815 2442 868 quos
2488 815 2520 852 a
2571 808 2679 852 tota
2709 798 2914 868 synodo
2945 796 3009 849 ad
3042 796 3474 849 communionem

248 881 353 949 jure
384 888 629 948 receptos
659 880 753 936 ait.
785 877 888 932 Sed
937 884 1213 951 complura
1245 885 1296 938 in
1331 885 1433 940 hac
1463 886 1688 954 epistola
1721 885 2008 952 habentur,
2061 903 2178 956 quae
2235 891 2476 959 ingentes
2528 886 2935 946 controversias
2975 885 3114 952 apud
3157 883 3323 935 nostri
3373 883 3472 935 aevi

253 977 520 1044 scriptores
557 975 883 1030 excitarunt.
936 972 1207 1040 Qttmritur
1253 973 1397 1026 enim
1433 991 1445 1027 :
1489 989 1595 1042 quo
1635 989 1775 1027 anno
1825 974 2068 1028 Romana
2107 980 2345 1048 synodus
2386 980 2456 1032 sit
2489 980 2759 1034 celebrata
2786 1017 2801 1041 ,
2835 985 2890 1028 et
2931 975 3047 1028 haec
3081 973 3304 1040 epistola
3346 988 3475 1026 con-

251 1068 430 1135 scripta
471 1083 485 1119 :
527 1080 597 1120 an
641 1066 826 1136 synodi
867 1067 984 1120 dua:
1025 1064 1303 1117 Athanasii
1345 1079 1506 1117 causa
1554 1065 1737 1118 Romae
1775 1075 1978 1120 coacta:
2035 1067 2144 1120 sint
2180 1082 2195 1120 :
2233 1084 2298 1120 an
2332 1069 2663 1124 Athanasius
2701 1081 2821 1139 post
2858 1086 3013 1125 suum
3049 1085 3114 1123 ex
3158 1067 3348 1123 Galliis
3385 1083 3473 1122 re-

229 1161 399 1219 ,ditum
451 1159 537 1214 his
580 1159 808 1214 Romam
850 1161 1092 1228 petierit,
1138 1168 1192 1212 et
1230 1173 1296 1211 an
1337 1158 1640 1212 octodecim
1702 1175 1955 1226 menses,
2016 1178 2150 1230 quos
2201 1179 2324 1218 eum
2361 1164 2548 1218 Romae
2586 1176 2977 1221 commoratum
3013 1165 3184 1219 Julius
3221 1172 3468 1228 testatur,

249 1257 305 1306 ab
338 1253 446 1322 ejus
485 1256 670 1321 primo
710 1254 934 1307 Romam
978 1253 1212 1306 adventu
1255 1253 1485 1307 ducendi
1527 1255 1635 1307 sint
1671 1272 1682 1305 :
1723 1270 1956 1323 quonant
2000 1267 2242 1326 tempore
2298 1258 2543 1327 Elpidius
2579 1271 2634 1314 et
2674 1259 3003 1314 Philoxenus
3058 1257 3360 1328 presbyteri
3403 1257 3471 1309 ab

245 1344 367 1400 Julio
402 1347 660 1415 pontifice
706 1347 773 1399 ad
823 1345 1158 1399 Eusebianos
1194 1344 1541 1398 Antiochiam
1582 1346 1729 1398 tnissi
1771 1348 1900 1401 sint.
1966 1347 2196 1404 Omissis
2233 1331 2400 1403 variis
2443 1353 2802 1406 recentiorum
2829 1351 3160 1416 sententiis,
3199 1364 3265 1402 ex
3303 1348 3470 1401 Atha-

249 1437 378 1506 nasio
409 1437 550 1505 ipso,
583 1452 612 1488 a
647 1451 756 1504 quo
786 1436 906 1489 solo
937 1434 1024 1488 lux
1060 1434 1112 1486 in
1145 1433 1308 1487 tantis
1340 1434 1580 1488 tenebris
1611 1435 1743 1488 oriri
1775 1447 1958 1504 queat,
2009 1450 2214 1492 rectam
2267 1439 2507 1493 historiae
2537 1441 2730 1494 seriem
2763 1452 2818 1497 et
2857 1452 3162 1510 temporum
3200 1440 3466 1494 rationem

244 1538 470 1582 statuere
499 1528 844 1582 conabimur.

305 1616 360 1674 V.
395 1617 764 1688 Presbyteros
793 1621 860 1673 ab
890 1617 1188 1672 Athanasio
1215 1623 1270 1672 et
1297 1631 1326 1670 a
1357 1617 1565 1688 synodo
1596 1615 1960 1672 Alexandrina
1988 1615 2212 1670 Romam
2251 1619 2442 1672 missos
2483 1634 2605 1673 cum
2643 1617 2861 1671 Eusebii
2893 1617 3082 1685 legatis
3115 1632 3295 1672 coram
3326 1616 3468 1673 Julio

243 1708 478 1779 pontifice
509 1725 656 1763 anno
688 1709 795 1764 540
820 1723 1138 1778 congressos
1185 1722 1309 1771 esse
1363 1708 1472 1778 jam
1531 1708 1784 1771 diximus,
1851 1723 2023 1776 neque
2070 1723 2156 1762 res
2214 1709 2264 1762 in
2315 1709 2534 1762 dubium
2579 1709 2714 1762 verti
2751 1723 2910 1774 posse
2938 1709 3170 1760 videtur.
3213 1707 3467 1776 Utrisque

241 1810 395 1858 autem
439 1801 640 1872 legatis
675 1802 726 1856 id
761 1802 1089 1872 petentibus,
1141 1803 1380 1874 synodus
1418 1802 1603 1856 Romae
1637 1818 1666 1855 a
1702 1816 1914 1856 summo
1962 1800 2216 1870 pontiﬁce
2255 1798 2532 1862 indicitur,
2581 1809 2639 1854 ιιι
2676 1813 2902 1857 testatur
2921 1803 3096 1859 Julius
3127 1805 3179 1858 in
3215 1805 3314 1858 hac
3349 1805 3466 1874 epi-

239 1893 376 1960 stola,
409 1909 563 1947 nnm.
594 1892 680 1948 53.
723 1892 1005 1949 Eusebiani
1040 1905 1172 1946 vero
1199 1905 1377 1944 rerum
1411 1905 1440 1943 a
1468 1905 1528 1944 se
1566 1891 1805 1958 improbe
1833 1899 2104 1960 gestarum
2150 1887 2478 1942 conscientia
2511 1888 2619 1958 95
2653 1894 2948 1958 exagitati,
2994 1903 3051 1948 ut
3085 1896 3338 1948 Romanae
3373 1909 3465 1965 sy-

242 1985 347 2039 nodi
396 1986 684 2040 decretnm
727 1992 1131 2054 praeverterent,
1180 1982 1481 2037 Antiochiae
1517 1984 1845 2036 conveniunt
1891 1982 2044 2035 initio
2078 1980 2202 2033 anni
2246 1979 2372 2041 541,
2408 1978 2588 2047 ibique
2631 1988 2890 2050 synodum
2921 1985 3216 2048 celebrant,
3248 1990 3313 2041 de
3358 2000 3461 2053 qua

239 2081 468 2149 pluribus
495 2081 548 2135 in
585 2081 728 2136 libro
755 2081 833 2135 De
853 2079 1071 2151 synodis
1104 2093 1361 2149 agemus;
1391 2078 1518 2133 hinc
1544 2077 1864 2147 Gregorium
1897 2077 2162 2131 Arianum
2197 2074 2415 2130 militari
2459 2091 2620 2129 manu
2652 2076 2908 2145 stipatum
2937 2077 3318 2131 Alexandriam
3345 2078 3463 2146 epi-

237 2193 435 2248 scopum
469 2179 715 2244 mittunt,
757 2177 910 2243 cujus
939 2175 1174 2230 furorem
1209 2184 1266 2228 ut
1299 2175 1496 2230 vitaret
1519 2175 1882 2238 Athanasius,
1918 2173 2146 2227 Romam
2180 2187 2238 2226 se
2269 2171 2517 2237 contulit,
2571 2181 2692 2238 post
2741 2173 2937 2227 festum
2973 2173 3192 2227 Pascha:
3221 2174 3459 2240 ejusdem

236 2276 339 2330 anni
371 2277 504 2332 541.
538 2275 612 2330 De
643 2275 844 2344 duplici
876 2281 1053 2327 antem
1085 2271 1202 2342 ejus
1233 2271 1458 2326 Romam
1495 2270 1829 2342 profectione
1876 2285 1942 2324 ne
1974 2269 2194 2323 verbum
2229 2268 2447 2338 quidem
2487 2269 2625 2337 apud
2657 2268 3010 2324 Athanasium
3043 2269 3304 2336 reperias,
3338 2269 3461 2322 licet

237 2368 415 2434 pluries
447 2367 539 2421 ille
589 2367 660 2422 de
707 2382 808 2421 suo
836 2367 1061 2422 Romam
1111 2367 1345 2421 adventu
1377 2366 1706 2421 mentionem
1744 2367 1911 2421 faciat
1936 2374 1990 2420 et
2016 2365 2248 2419 maxime
2283 2364 2335 2418 in
2364 2363 2621 2432 Apologia
2659 2364 2727 2415 ad
2753 2363 3116 2416 Constantium
3145 2401 3160 2424 ,
3195 2363 3283 2415 ubi
3313 2377 3400 2415 res
3427 2378 3457 2414 a

236 2480 282 2516 se
303 2474 424 2519 tunc
459 2465 723 2535 temporis
758 2475 936 2533 gestas
963 2464 1154 2518 ordine
1182 2473 1465 2531 recenset;
1507 2475 1569 2517 ttt
1608 2465 1804 2518 mirum
1844 2463 1916 2518 sit
1942 2462 2184 2516 eruditos
2212 2461 2378 2525 viros,
2415 2476 2536 2514 eum
2577 2459 2659 2513 bis
2689 2459 2912 2511 Romam
2950 2456 3162 2510 venisse
3192 2455 3334 2508 nulla
3369 2470 3461 2507 co-

236 2567 374 2624 gente
406 2558 741 2612 necessitate
765 2557 1124 2615 existimasse.
1167 2561 1272 2614 Nec
1302 2571 1386 2615 est
1418 2562 1561 2629 quod
1594 2560 1832 2616 Socratis
1875 2559 2184 2614 testimonio
2229 2572 2564 2614 moveamur.
2605 2556 2694 2625 qui
2729 2551 2995 2620 duplicem
3039 2550 3318 2605 Athanasii
3349 2549 3460 2603 Ro-

237 2662 355 2699 tnam
392 2649 795 2717 profectionem
843 2658 1153 2702 memorat:
1199 2648 1244 2703 is
1276 2649 1418 2702 enim
1475 2658 1677 2701 tantam
1736 2648 1899 2702 rebus
1950 2646 2177 2714 hujusce
2227 2647 2485 2714 temporis
2536 2643 2694 2698 affert
2745 2646 3208 2715 perturbationem
3236 2682 3250 2707 ,
3283 2653 3340 2697 nl
3369 2643 3456 2697 vix

235 2741 510 2812 quidquam
542 2744 682 2797 certi
718 2759 782 2797 ex
810 2745 924 2810 ejus
958 2742 1187 2797 llistoria
1218 2745 1382 2796 statui
1414 2743 1598 2813 possit,
1630 2744 1771 2812 quod
1820 2743 1957 2796 infra
2011 2743 2255 2811 pluribus
2303 2745 2725 2796 demonstratur.
2761 2741 3068 2796 Octodecitn
3102 2752 3278 2793 antcm
3310 2756 3457 2792 men-

235 2836 379 2900 sium,
421 2853 562 2906 quos
596 2839 956 2891 Athanasium
993 2838 1174 2891 Romae
1210 2847 1482 2891 versatum
1515 2847 1784 2891 memorat
1816 2834 2009 2902 Julius,
2063 2838 2270 2892 initium
2323 2837 2628 2890 rectissime
2677 2837 2892 2890 ducitur
2922 2836 2988 2888 ah
3021 2834 3136 2902 ejus
3175 2843 3291 2902 post
3321 2831 3457 2886 Gre-

232 2927 352 2994 gorii
387 2927 734 2981 invasionem
770 2927 996 2983 Romam
1033 2932 1289 2991 adventu,
1321 2941 1380 2983 ttt
1411 2945 1476 2984 ex
1509 2932 1860 2998 sequentibus
1893 2930 2070 2999 palam
2105 2932 2228 2984 erit.

291 3020 376 3075 Vl.
401 3021 534 3076 Cum
571 3022 804 3076 Romam
838 3025 1140 3079 advenisset
1168 3025 1515 3090 Athanasius,
1547 3023 1720 3078 Jnlins
1742 3040 1875 3094 papa
1901 3025 2102 3095 legatos
2135 3024 2283 3077 misit
2314 3023 2580 3090 Elpidium
2614 3030 2669 3076 et
2697 3021 3048 3076 Philoxenum
3078 3019 3448 3088 presbyteros,

232 3109 286 3162 ad
314 3111 657 3166 Eusebianos
679 3111 984 3165 Antiochiae
1027 3120 1244 3167 coactos
1273 3153 1289 3177 ,
1319 3114 1516 3182 quibus
1560 3114 1700 3169 diem
1730 3115 1942 3169 dicebat
1969 3123 2025 3168 ut
2052 3129 2172 3168 sese
2207 3114 2272 3166 ad
2303 3115 2566 3180 synodmn
2599 3112 2784 3166 Romae
2817 3109 3197 3164 celebrandam
3240 3105 3454 3160 confer-

233 3215 358 3268 rent,
392 3207 458 3260 de
483 3207 646 3260 rebus
677 3213 866 3260 contra
897 3205 1252 3260 Athanasium
1304 3207 1470 3275 gestis
1500 3208 1765 3264 rationem
1801 3209 2088 3263 reddituri.
2124 3208 2294 3262 Porro
2321 3207 2644 3276 legationem
2679 3205 2868 3274 Elpidii
2903 3213 2956 3257 et
2982 3201 3282 3262 Philoxeni,
3334 3209 3454 3268 post

230 3292 462 3365 Gregorii
503 3295 866 3350 intrusionem
891 3304 944 3350 et
966 3307 1084 3365 post
1111 3297 1391 3352 Athanasii
1426 3297 1653 3353 Romam
1677 3299 1964 3354 adventum
1988 3300 2184 3354 factam
2210 3313 2352 3362 esse,
2372 3307 2600 3352 testatur
2626 3297 2737 3366 ipse
2763 3296 3092 3349 Athanasius
3129 3294 3180 3345 in
3212 3289 3452 3360 Epistola

231 3387 288 3437 ad
314 3386 604 3450 solitarios,
631 3401 739 3440 non
773 3386 930 3456 longe
975 3390 1044 3444 ab
1080 3389 1252 3445 initio.
1290 3391 1475 3462 Legati
1510 3391 1658 3460 Julii,
1695 3395 1786 3463 qui
1818 3395 1961 3450 circa
2011 3410 2252 3449 mensem
2293 3393 2489 3448 Maium
2523 3393 2648 3446 anni
2680 3391 2778 3445 541
2813 3390 2978 3443 Roma
3006 3387 3229 3458 profecti
3287 3396 3412 3441 sunt
3435 3426 3451 3449 ,

233 3473 358 3526 nltra
398 3474 708 3527 condictum
746 3475 886 3528 diem
933 3477 1000 3529 ab
1032 3477 1352 3534 Ensebianis
1377 3481 1576 3535 detenti
1602 3521 1617 3545 ,
1651 3497 1836 3538 mense
1887 3493 2095 3539 tantum
2125 3484 2384 3539 Januario
2413 3483 2537 3536 anni
2569 3481 2674 3536 542
2699 3490 2827 3536 sunt
2851 3479 3077 3534 dimissi.
3101 3478 3247 3544 Quos
3278 3478 3452 3531 media

231 3564 394 3622 hieme
431 3569 710 3638 profectos
756 3570 1048 3626 verisimile
1080 3583 1162 3627 est
1185 3574 1386 3630 diutius
1417 3578 1468 3629 in
1492 3577 1683 3632 itinere
1713 3578 1898 3636 fuisse.
1926 3580 2149 3634 Romam
2178 3595 2299 3634 cum
2336 3577 2679 3633 advenissent
2710 3585 2763 3630 et
2795 3574 3217 3629 Eusebianornm
3244 3572 3452 3626 litteras

233 3664 542 3730 arrogantiae
595 3674 650 3718 et
698 3665 1038 3733 querelarum
1087 3668 1272 3735 plenas
1297 3669 1439 3724 Julio
1465 3672 1784 3727 obtulissent
1813 3712 1829 3738 ,
1869 3671 2146 3727 Romanus
2178 3672 2420 3742 pontifex
2444 3712 2458 3736 ,
2495 3686 2562 3724 ne
2589 3668 2780 3723 Patres
2811 3669 2882 3721 ibi
2913 3681 3136 3720 numero
3171 3665 3240 3719 50
3274 3665 3446 3719 coacti

233 3745 652 3804 Ensebianornm
679 3753 1008 3820 proterviam
1032 3770 1174 3826 mgre
1209 3760 1436 3827 ferrent,
1466 3760 1674 3816 litteras
1709 3762 2041 3831 aliquantum
2073 3763 2331 3830 temporis
2361 3765 2499 3831 apud
2538 3775 2596 3814 se
2629 3759 2884 3822 servavit,
2915 3769 2975 3812 ιιι
3007 3758 3120 3826 ipse
3143 3757 3196 3809 in
3224 3757 3450 3829 epistola

234 3861 317 3899 sua
341 3857 590 3908 testatur,
622 3863 850 3916 sperans
878 3864 942 3904 ex
975 3851 1294 3911 Ensebianis
1320 3862 1581 3926 quosdam
1619 3860 1832 3913 tandem
1853 3869 2111 3913 venturos
2145 3875 2264 3912 esse
2296 3867 2349 3912 ct
2379 3858 2444 3909 ad
2481 3856 2756 3910 meliorem
2795 3854 2999 3924 frugem
3030 3869 3087 3907 se
3119 3860 3444 3921 recepturos.

236 3934 330 3990 Sed
382 3954 503 3991 cum
541 3938 721 3992 nullus
752 3941 1042 3998 acoederet
1069 3986 1084 4009 ,
1116 3946 1329 4004 litteras
1357 3953 1568 4005 tandem
1620 3951 1872 4006 Patrihus
1897 3967 1962 4008 eo
1989 3953 2327 4022 cungregatis
2369 3951 2600 4016 aperuit.
2642 3949 2778 4002 llinc
2816 3949 3076 4018 synodus,
3127 3947 3451 4000 examinatis

236 4029 526 4094 Athanasii,
561 4030 831 4093 Marcelli,
863 4033 1106 4104 Asclcpae
1154 4039 1491 4110 aliorumque
1540 4043 1916 4112 episcoporum
1948 4044 2130 4098 causis
2154 4083 2168 4104 .
2195 4059 2286 4097 eos
2314 4043 2442 4095 nulli
2473 4058 2536 4096 ex
2583 4040 2808 4109 objectis
2839 4039 3164 4092 criminibus
3189 4037 3452 4089 obnoxios

236 4121 548 4183 deelaravil.
591 4131 645 4173 Pl
673 4123 738 4173 ad
779 4129 1207 4183 Ctlllllttunionem
1254 4133 1499 4196 adtnisit,
1536 4133 1784 4202 Jnlioqne
1817 4135 2068 4204 episcopo
2099 4149 2282 4188 curam
2311 4133 2521 4202 reliquit
2550 4129 2868 4184 Ensebianis
2901 4127 3250 4182 rescribendi.
3284 4124 3451 4179 Porro

238 4219 526 4286 legatorum
571 4231 722 4270 mora
753 4216 806 4269 in
838 4228 985 4269 tanto
1006 4216 1200 4271 itinere
1236 4220 1460 4272 adversa
1496 4231 1810 4290 tempestate
1837 4223 2169 4277 conficiendo
2192 4241 2207 4290 ;
2229 4224 2369 4275 haud
2402 4222 2670 4276 modicum
2705 4220 2829 4274 illud
2856 4229 3062 4286 tempus
3091 4233 3198 4286 quo
3237 4218 3444 4270 litteras

236 4325 263 4360 a
301 4310 480 4378 legatis
525 4309 736 4362 oblatas
782 4310 922 4377 apud
962 4325 1022 4364 sc
1067 4308 1240 4365 Julius
1289 4314 1550 4381 retinuit;
1595 4323 1803 4384 tempus
1836 4317 1961 4370 item
2010 4333 2037 4370 a
2078 4317 2281 4387 synodo
2335 4314 2576 4368 Romana
2620 4315 2946 4378 insumptum
2985 4310 3037 4362 in
3074 4307 3449 4361 examinandis

237 4400 500 4454 Athanasii
549 4399 888 4466 aliorumque
914 4398 1206 4450 multorum
1237 4402 1415 4454 causis
1440 4440 1456 4464 ,
1490 4417 1589 4455 nos
1620 4402 1778 4457 facile
1808 4404 2073 4458 deducent
2100 4418 2129 4456 a
2165 4419 2348 4458 mense
2380 4402 2636 4456 Januario
2661 4399 2787 4454 anni
2821 4397 2952 4462 542,
2990 4411 3095 4464 quo
3123 4395 3280 4462 lt'gati
3335 4395 3450 4446 An-

241 4491 418 4546 tiocbia
471 4491 698 4559 profecti
755 4497 903 4552 sunt,
956 4491 1020 4543 ad
1085 4490 1377 4547 Octobrem
1416 4496 1498 4549 vel
1552 4495 1908 4551 Novembrem
1959 4495 2202 4564 ejusdem
2258 4494 2406 4549 anni.
2454 4493 2636 4562 quue
2683 4504 2852 4562 ,pacto
2893 4490 3257 4544 conficiuntur
3297 4499 3450 4541 octo-

242 4587 397 4640 decim
451 4602 672 4642 menses
714 4601 851 4656 quos
892 4585 1222 4640 Athanasius
1271 4586 1456 4642 Romae
1508 4599 1876 4644 commoratus
1911 4601 1990 4643 est
2020 4629 2035 4653 ,
2069 4603 2256 4657 nempe
2287 4603 2314 4640 a
2351 4603 2534 4641 mense
2575 4588 2795 4640 circiter
2827 4584 2964 4638 Maio
2991 4584 3118 4635 anni
3169 4583 3293 4649 541,
3347 4599 3453 4652 quo

245 4693 463 4750 tempore
491 4699 617 4738 eum
653 4681 780 4736 illuc
811 4680 1096 4735 advenisse
1127 4690 1339 4736 certuut
1369 4691 1474 4748 est,
1505 4684 1572 4736 ad
1602 4681 1888 4738 Octobrem
1920 4683 2003 4738 vel
2037 4683 2394 4736 Novetnbrem
2429 4681 2552 4734 anni
2607 4682 2733 4746 542,
2770 4699 2875 4751 quo
2913 4676 3088 4733 Julius
3129 4679 3451 4733 Ensebianis

244 4774 526 4827 rescribens
566 4773 928 4826 Athanasium
980 4787 1076 4842 per
1127 4787 1330 4826 annum
1389 4783 1444 4828 et
1495 4773 1778 4829 ditnidium
1820 4774 2005 4828 Romae
2051 4781 2442 4828 commoratum
2494 4781 2742 4827 testatur.
2779 4772 2907 4839 Qua:
2939 4771 3065 4824 item
3100 4767 3199 4822 fuit
3247 4767 3445 4823 Valesii

243 4870 510 4923 sententia.

305 4963 403 5019 νει.
433 4963 619 5035 Neque
657 4964 838 5017 minus
865 4972 1074 5017 certum
1105 4963 1316 5017 videtur
1343 4961 1552 5014 unicam
1597 4968 1802 5012 tantum
1844 4974 1942 5028 pro
1969 4946 2250 5014 Athanasii
2283 4977 2442 5015 causa
2487 4961 2745 5032 synodum
2783 4959 2968 5013 Romae
2991 4968 3234 5013 coactam
3265 4958 3447 5012 fuisse.

254 5050 405 5118 Quam
431 5057 573 5110 enim
604 5053 931 5109 celebratam
956 5054 1195 5108 nonnulli
1227 5053 1410 5107 volunt
1433 5066 1577 5105 anno
1607 5052 1732 5113 540,
1765 5062 2042 5119 postquam
2098 5053 2386 5117 Macarius,
2419 5051 2710 5123 Martyrius
2733 5063 2786 5106 et
2810 5051 3110 5122 Hesychius
3130 5053 3196 5106 ab
3219 5051 3449 5104 Eusebio

246 5147 380 5218 legati
406 5137 632 5205 Romam
660 5149 959 5208 venissent,
994 5147 1190 5199 nullam
1228 5143 1395 5198 fuisse
1423 5159 1490 5198 ex
1532 5144 1662 5212 ipsis
1693 5141 1816 5197 Julii
1842 5144 2023 5198 verbis
2052 5145 2228 5214 palam
2266 5157 2368 5200 est.
2413 5123 2672 5214 Objurgat
2699 5146 2842 5198 enim
2880 5142 3052 5198 Julius
3087 5144 3443 5204 Eusebianos,

246 5246 368 5308 Quod
413 5249 477 5301 ad
514 5246 786 5316 synodum
815 5243 1110 5296 Romanam
1142 5241 1399 5295 accedere
1427 5241 1753 5302 rennissent,
1781 5255 1940 5308 quam
1971 5241 2182 5308 ipsimet
2223 5242 2304 5296 sui
2345 5241 2502 5311 legati
2532 5243 2915 5310 postulassent.
2950 5242 3025 5296 De
3066 5258 3195 5311 qua,
3241 5255 3440 5310 qnarso,

244 5341 427 5405 synodo
472 5342 560 5396 hic
585 5342 698 5409 agit
731 5337 928 5403 Julius,
959 5339 1058 5392 nisi
1086 5339 1152 5390 de
1188 5353 1249 5390 ea
1281 5351 1441 5405 quam
1489 5335 1811 5388 Ensebianis
1852 5337 2270 5404 postulantibus,
2304 5337 2417 5406 ipse
2463 5353 2559 5406 per
2597 5339 2800 5404 legatus
2839 5353 2966 5392 suos
2997 5337 3064 5391 ad
3111 5350 3306 5387 annum
3339 5333 3434 5387 541

242 5426 508 5494 indixerat,
551 5446 675 5498 quae
709 5427 778 5482 ob
808 5427 1232 5484 Eusebianornm
1263 5427 1660 5480 contumaciam
1702 5427 1767 5478 ad
1803 5425 1916 5479 542
1942 5426 2102 5479 dilata
2137 5427 2260 5480 est?
2301 5429 2440 5496 quod
2477 5445 2538 5480 ex
2566 5428 2692 5483 Julii
2728 5432 2907 5486 verbis
2941 5445 3087 5482 num.
3117 5429 3186 5481 50
3237 5427 3440 5495 liquido

240 5528 464 5588 constat;
493 5519 855 5590 conqueritur
883 5515 1026 5570 enim
1055 5513 1144 5567 ille
1174 5515 1313 5581 quod
1357 5513 1640 5567 Eusebiani
1673 5512 1934 5580 judicium
1962 5531 1988 5565 a
2018 5531 2077 5569 se
2110 5516 2323 5569 indicta:
2350 5519 2541 5586 synodi
2578 5522 3014 5586 prazvertissent;
3048 5525 3439 5586 praevenerunt

238 5624 420 5682 autem,
447 5627 504 5672 ut
529 5620 582 5671 in
618 5615 871 5671 confesso
907 5610 1045 5679 apud
1097 5624 1288 5664 omnes
1306 5620 1411 5676 est,
1444 5610 1498 5664 in
1535 5614 1742 5679 synodo
1780 5609 2119 5666 Antiochena
2141 5611 2292 5665 initio
2323 5612 2448 5664 anni
2473 5611 2596 5675 541,
2625 5612 2838 5681 quando
2858 5611 3174 5679 Gregorium
3197 5609 3435 5664 Alexan-

237 5701 392 5760 driam
419 5707 736 5778 episc0pnm
774 5688 1057 5760 miserunt.
1115 5705 1252 5759 llinc
1286 5705 1462 5772 palam
1487 5715 1591 5773 est,
1627 5706 1889 5777 synodum
1919 5722 2080 5776 quam
2118 5708 2290 5762 Julius
2332 5723 2472 5761 anno
2503 5707 2606 5760 540
2633 5709 2918 5772 indixerat,
2949 5722 3048 5760 non
3076 5704 3284 5770 eodem,
3337 5706 3432 5761 sed

235 5807 470 5874 sequenti
517 5819 669 5860 anno
705 5803 1081 5858 celebrandam
1133 5803 1299 5858 fuisse
1323 5843 1339 5870 ,
1371 5817 1488 5872 quae
1524 5812 1700 5857 tamen
1747 5803 1816 5858 ob
1862 5804 2279 5861 Eusebianorum
2311 5802 2630 5871 proterviam
2685 5804 2750 5858 ad
2791 5815 2986 5855 annum
3018 5798 3120 5853 542
3147 5799 3310 5853 dilata
3338 5811 3422 5854 est
