4006 6524
501 382 609 438 ’245
1078 377 1134 432 S.
1178 376 1549 433 ATHANASII
1590 377 1740 433 OPP.
1784 377 1963 432 PARS
2000 379 2044 433 l.
2080 406 2147 417 -—
2188 375 2560 431 HISTORICA
2603 376 2690 429 ET
2726 374 3145 431 DOGMATICA.
3658 338 3761 429 iu

506 498 675 551 Certe
708 512 773 552 ne
806 495 1029 549 verbum
1072 497 1290 564 quidem
1336 499 1414 554 vel
1445 500 1495 555 in
1524 500 1748 565 epistola
1804 498 1930 553 Julii
1965 501 2047 553 vel
2099 501 2237 568 apud
2286 499 2640 553 Athanasium
2674 501 2738 552 de
2777 499 2863 551 illa
2904 498 3071 566 priori
3121 499 3327 567 synodo
3362 500 3623 552 habetur.
3681 499 3757 551 Ex

424 626 430 669 Ξ
507 590 786 657 prtedictis
820 600 997 642 autem
1029 588 1212 659 .liquet
1242 594 1504 662 synodum
1549 593 1847 647 Romanam
1896 594 1980 649 bis
2014 595 2268 647 indictam
2304 594 2466 647 fuisse
2497 612 2509 646 :
2542 594 2776 661 primum
2820 610 2962 647 anno
2994 595 3121 657 540,
3153 604 3274 663 post
3318 596 3539 648 Macarii
3572 607 3627 649 et
3671 611 3760 648 so-

424 688 436 755 ξ
508 686 724 739 ciorum
755 686 1183 740 Eusebianorum
1215 686 1540 759 legationem
1562 704 1578 753 ;
1603 691 1694 743 sed
1713 705 1835 742 cum
1869 689 2157 745 Eusebiani
2179 689 2444 756 judicium
2476 690 2732 741 Romanae
2764 690 2950 760 synodi
2985 690 3288 744 Antiochiae
3305 694 3755 754 autevertissent,

509 798 575 837 ea
616 786 733 855 ipsa
762 796 889 839 tunc
919 785 1083 839 dilata
1121 786 1255 853 fuit;
1290 788 1485 843 dehinc
1509 799 1631 856 post
1669 787 1915 859 Gregorii
1947 788 2300 842 intrusiouem
2335 788 2527 839 itermu
2558 787 2781 849 indicta,
2803 801 2865 839 ac
2893 787 3109 841 demum
3144 803 3286 842 anno
3318 787 3425 842 542
3449 788 3755 850 celebrata,

516 879 592 931 uti
629 895 790 948 supra
825 879 1077 933 diximus.

594 972 721 1027 VIII.
749 973 877 1027 Post
901 971 1028 1027 Julii
1054 971 1336 1040 epistolam
1370 971 1720 1040 subsequitur
1743 970 2087 1025 Sardicensis
2121 970 2308 1039 synodi
2345 969 2566 1022 histeria
2600 970 2788 1037 paucis
2812 979 3064 1023 enarrata
3099 988 3112 1023 :
3147 970 3345 1024 dehinc
3368 982 3479 1025 tres
3509 971 3756 1040 ejusdem

514 1070 704 1141 synodi
739 1069 999 1136 epistolae.
1029 1067 1206 1121 Prima
1240 1066 1304 1119 ad
1338 1066 1544 1120 clerum
1599 1074 1655 1119 et
1707 1065 1962 1134 populum
1987 1065 2447 1129 Alexandrinum,
2472 1079 2629 1131 quem
2663 1066 2731 1118 de
2761 1066 3042 1119 Athanasii
3092 1065 3399 1120 innocentia
3448 1068 3499 1119 in
3545 1070 3759 1136 synodo

510 1160 859 1229 comprobata
887 1159 1172 1213 certiorem
1212 1157 1360 1219 facit,
1399 1165 1687 1225 monetque
1710 1166 1765 1210 ut
1798 1156 2152 1210 Athanasium
2193 1166 2525 1221 caeterosque
2551 1156 2642 1224 qui
2676 1156 2794 1225 ejus
2826 1170 2986 1211 causa
3036 1158 3347 1212 exsularant
3372 1162 3662 1214 redeuntes
3689 1161 3759 1212 li-

515 1257 706 1311 beuter
738 1256 1017 1325 recipiant.
1066 1256 1316 1308 Secunda
1341 1295 1356 1315 ,
1385 1255 1645 1308 hactenus
1673 1254 1895 1317 inedita,
1923 1254 1988 1305 ad
2018 1252 2300 1320 episcopos
2333 1250 2551 1320 Egypti
2586 1260 2640 1304 et
2674 1250 2890 1322 Libym,
2932 1267 3054 1321 qua:
3078 1268 3199 1305 cum
3242 1262 3389 1307 esset
3424 1255 3757 1322 praecedenti

515 1350 811 1413 simillium,
839 1363 905 1401 ex
935 1349 1317 1414 manuscriptis
1350 1362 1487 1416 pene
1517 1346 1771 1399 omnibus
1799 1343 2097 1407 exciderat,
2125 1344 2539 1396 amauuensimn
2571 1358 2762 1409 nempe
2794 1343 3141 1413 negligentia,
3169 1346 3257 1413 qui
3281 1345 3447 1399 etiam
3480 1346 3761 1400 clausulas

517 1439 805 1493 nonnullas
836 1453 957 1505 qua:
988 1438 1054 1492 ad
1097 1439 1237 1491 hanc
1282 1439 1629 1506 pertinebant
1663 1434 1985 1504 praecedenti
2035 1432 2366 1500 adjecerunt.
2406 1433 2584 1487 Tertia
2612 1442 2666 1487 et
2704 1433 2979 1505 encyclica
3027 1436 3092 1488 ad
3127 1449 3317 1489 omnes
3356 1436 3664 1506 episcopos,
3703 1438 3758 1489 in

513 1546 618 1597 qua
651 1541 943 1582 narrantur
968 1528 1254 1582 calumnia:
1279 1530 1346 1582 ab
1377 1528 1693 1582 Eusebianis
1722 1525 2038 1588 Athanasio,
2072 1524 2347 1587 Marcello,
2369 1536 2423 1579 et
2448 1525 2691 1592 Asclepa:
2714 1525 2978 1594 impositae
3009 1544 3022 1578 :
3059 1526 3246 1582 horum
3287 1543 3413 1581 vero
3441 1529 3759 1583 innocentia

515 1620 839 1679 declaratur,
867 1620 1165 1688 Arianique
1186 1616 1423 1687 episcopi
1473 1616 1804 1668 damnantur
1825 1622 1880 1666 et
1908 1614 2274 1681 deponuntur.
2309 1612 2443 1665 Tum
2477 1622 2783 1680 sequuntur
2820 1614 3035 1668 nomina
3072 1616 3450 1685 episcoporum
3490 1619 3584 1686 qui
3630 1618 3757 1672 Sar-

515 1712 719 1765 dicensi
752 1713 960 1780 synodo
985 1710 1379 1778 subscripsere.
2716 1748 2719 1749 ν

591 1800 679 1855 IX.
707 1801 1014 1857 Occurrunt
1042 1799 1236 1853 deinde
1268 1812 1378 1852 tres
1408 1797 1710 1853 Constantii
1739 1797 1965 1865 Augusti
1996 1796 2242 1865 epistolae
2268 1797 2332 1849 ad
2360 1794 2716 1849 Athanasium
2746 1837 2761 1859 ,
2793 1811 2950 1863 quem
2985 1795 3233 1850 hortatur
3267 1808 3323 1851 ut
3345 1814 3406 1853 se
3436 1800 3619 1862 adeat,
3646 1817 3759 1871 quo

518 1914 639 1948 cum
674 1910 803 1962 pace
842 1895 907 1947 ad
938 1895 1166 1963 patriam
1199 1905 1253 1946 et
1281 1893 1575 1947 Ecclesiam
1612 1908 1763 1947 suam
1798 1893 2223 1946 transmittatur.
2258 1890 2392 1944 Tum
2442 1890 2675 1958 epistola
2723 1888 2846 1942 Julii
2907 1891 2970 1942 ad
3035 1892 3235 1945 clerum
3286 1905 3340 1945 et
3391 1895 3459 1946 ad
3496 1899 3755 1963 populum

516 1989 969 2053 Alexamlriuutn,
998 1986 1193 2055 quibus
1214 1988 1278 2037 de
1305 1982 1583 2037 Athanasii
1621 1983 1795 2035 reditu
1822 1982 2143 2049 gratulatur.
2176 1980 2312 2033 I‘Iinc
2351 1979 2575 2047 epistola
2618 1981 2890 2050 encyt-Iica
2918 1980 3225 2037 Constantii
3263 1986 3488 2054 Augusti
3527 1988 3592 2040 ad
3642 2003 3761 2039 om-

518 2101 614 2139 nes
639 2086 921 2153 episcopos
949 2092 1003 2136 et
1028 2083 1371 2151 presbyteros
1391 2117 1405 2142 ,
1433 2093 1538 2147 qua
1564 2078 1804 2132 declarat
1845 2077 2201 2131 Athanasium
2244 2077 2433 2145 patriae
2459 2086 2514 2131 et
2542 2076 2795 2132 Ecclesiae
2833 2092 2944 2129 sum
2979 2082 3282 2135 restitutum
3314 2094 3369 2137 et
3393 2086 3624 2154 pristina
3653 2104 3762 2155 qna

517 2181 644 2231 olim
673 2195 791 2231 cum
813 2177 963 2232 clero
996 2192 1094 2229 suo
1127 2174 1407 2230 fruebatur
1454 2175 1795 2229 immunitate
1843 2174 2011 2228 fuisse
2048 2174 2330 2229 donatum.
2377 2173 2561 2229 Altera
2608 2175 2733 2228 item
2769 2172 3010 2241 ejusdem
3042 2177 3346 2233 Constantii
3382 2181 3449 2234 ad
3502 2182 3759 2251 populum

519 2274 936 2328 Alexandrinum
965 2311 980 2335 ,
1013 2286 1172 2341 quem
1209 2273 1454 2326 hortatur
1506 2280 1564 2323 ut
1619 2270 1930 2335 redeuutem
1966 2268 2322 2321 Athanasium
2382 2267 2565 2323 libenti
2625 2270 2809 2323 animo
2844 2272 3122 2341 suscipiat.
3160 2272 3341 2327 Tertia
3387 2272 3632 2342 ejusdem
3693 2279 3759 2330 ad

519 2370 826 2423 Nestorium
872 2367 1091 2437 [Egypti
1140 2368 1479 2435 praefectum,
1516 2381 1620 2433 qua
1667 2363 1821 2433 jubet
1861 2364 2044 2418 omnia
2076 2364 2343 2419 hactenus
2376 2365 2641 2418 adversus
2669 2366 3025 2420 Athanasium
3070 2369 3271 2437 scripta
3306 2370 3493 2433 deleri,
3552 2372 3767 2440 ipsique

521 2477 582 2511 ac
614 2462 761 2514 clero
813 2460 932 2526 ejus
979 2461 1261 2527 pristinam
1308 2457 1701 2510 immunitatem
1736 2454 1969 2509 restitui.
2007 2454 2114 2508 Has
2142 2455 2345 2524 excipit
2397 2456 2627 2525 epistola
2662 2460 2848 2527 synodi
2908 2458 3405 2531 Ilierosolymitanre
3456 2465 3557 2533 ipsi
3592 2468 3761 2518 Atha-

522 2552 675 2603 nasio
711 2549 1015 2603 transeunti
1055 2548 1271 2608 tradita,
1324 2545 1389 2598 ad
1420 2543 1701 2612 episcopos
1734 2541 1947 2613 {Egypli
1999 2554 2051 2595 et
2087 2541 2265 2612 Libya:
2293 2552 2349 2597 et
2400 2544 2466 2594 ad
2514 2543 2717 2597 clerum
2749 2560 2811 2597 ac
2856 2546 3106 2613 populum
3138 2548 3593 2613 Alexandrinum,
3634 2554 3761 2618 qui-

523 2650 623 2697 bus
669 2645 734 2698 de
769 2644 939 2697 reditu
987 2640 1265 2695 Athanasii
1298 2652 1642 2706 summopere
1687 2637 2028 2706 gratulantur
2060 2635 2318 2703 praesules
2355 2634 2479 2687 illuc
2531 2634 2725 2688 coacti.
2788 2635 3006 2689 Ilemum
3036 2638 3263 2705 epistola
3300 2637 3512 2694 Ursacii
3557 2653 3611 2696 et
3654 2644 3760 2697 Va-

522 2734 682 2789 lentis
715 2734 780 2787 ad
816 2732 1015 2788 Julium
1050 2747 1264 2802 papam,
1296 2749 1400 2803 qua
1435 2732 1697 2797 fatentur,
1731 2747 2067 2802 quaacunque
2095 2731 2357 2784 hactenus
2400 2731 2467 2783 de
2510 2731 2810 2785 Athanasio
2841 2733 3125 2799 dixissent,
3154 2750 3333 2790 meras
3354 2736 3521 2792 fuisse
3553 2740 3761 2795 calum-

525 2827 682 2891 nias,
714 2838 1009 2896 rogantque
1044 2834 1101 2879 ut
1151 2825 1216 2879 ad
1257 2826 1373 2895 ejus
1420 2825 1854 2882 communionem
1908 2823 2019 2893 96
2063 2822 2441 2876 admittantnr.
2490 2820 2625 2874 Tum
2678 2822 2844 2877 altera
2895 2826 3207 2879 earumdem
3242 2828 3308 2880 ad
3357 2830 3714 2885 Athanasium
3743 2874 3765 2894 ,

522 2938 683 2991 quem
741 2932 932 2992 rogant
976 2931 1035 2975 ut
1066 2936 1127 2977 se
1168 2922 1232 2975 ad
1269 2935 1456 2989 pacem
1493 2930 1548 2972 et
1587 2919 1653 2972 ad
1697 2918 2130 2972 communionem
2181 2915 2449 2969 admittat.
2496 2915 2560 2969 Et
2611 2917 2689 2971 sic
2727 2919 3046 2972 terminatur
3077 2921 3247 2989 prima
3281 2922 3442 2991 hujus
3490 2924 3763 2997 Apologia:

524 3032 668 3085 pars.

596 3111 658 3168 Χ.
692 3115 747 3169 Ia
786 3115 1023 3170 secunda
1072 3124 1263 3185 parte,
1296 3126 1404 3181 quo
1441 3124 1499 3165 se
1548 3109 1670 3179 jure
1725 3105 1920 3161 merito
1968 3104 2273 3161 absolutum
2321 3114 2377 3158 et
2430 3103 2687 3158 Ecelesize
2722 3120 2833 3159 suae
2870 3107 3175 3161 restitutum
3220 3111 3600 3177 demonstret,
3648 3128 3767 3167 rem

526 3212 689 3264 altius
718 3213 913 3280 repetit
951 3221 1005 3263 et
1037 3213 1102 3263 ab
1136 3210 1251 3279 ipso
1285 3206 1481 3261 Meletii
1519 3204 1812 3259 schismate
1838 3202 2123 3256 historiam
2149 3200 2385 3253 orditur.
2414 3198 2550 3252 Hinc
2575 3201 2642 3253 ad
2673 3199 2889 3254 Arianze
2918 3203 3188 3259 bmreseos
3211 3218 3390 3263 ortum
3429 3225 3757 3280 progressus

521 3309 586 3359 de
640 3306 852 3361 Nicaena
915 3307 1123 3376 synodo
1177 3304 1416 3360 breviter
1461 3302 1616 3369 agit,
1662 3300 1837 3368 deque
1887 3297 2103 3352 Eusebii
2134 3312 2264 3351 cura
2301 3306 2357 3350 ut
2398 3296 2564 3350 Arius
2594 3299 2880 3353 damnatus
2912 3299 2965 3353 in
3003 3300 3298 3357 Ecclesiam
3350 3306 3761 3364 admitteretur.

521 3404 698 3466 Quare
752 3401 1089 3456 Constantini
1150 3400 1218 3454 ab
1276 3399 1393 3467 ipso
1453 3395 1684 3450 Eusebio
1743 3393 2100 3449 circumventi
2155 3392 2398 3460 epistolre
2448 3391 2808 3462 fragmentum
2859 3393 3049 3461 aIIert,
3102 3412 3206 3467 qua
3248 3402 3559 3458 Athanasio
3600 3406 3767 3459 exsi-

524 3496 651 3550 Vum
687 3497 1074 3552 interminatur
1124 3495 1176 3548 ni
1210 3492 1401 3546 Arium
1462 3505 1583 3545 cum
1619 3490 1730 3542 suis
1763 3488 2009 3555 recipiat.
2044 3486 2237 3541 Postea
2292 3488 2590 3542 calumnias
2619 3499 2837 3543 enarrat
2884 3492 2952 3544 ah
2990 3493 3206 3550 Arianis
3236 3506 3289 3550 et
3327 3496 3631 3555 Meletiauis
3663 3505 3763 3555 ad-

520 3605 735 3642 wrsum
788 3604 847 3642 se
887 3595 1125 3643 structas
1157 3624 1174 3649 ,
1217 3598 1280 3636 ac
1336 3579 1502 3634 refert
1556 3577 1841 3648 epistolam
1894 3594 1922 3630 a
1973 3578 2336 3633 Constantino
2384 3578 2766 3632 Alexandrinis
2819 3582 3073 3649 scriptam
3103 3625 3119 3651 ,
3167 3602 3272 3655 qua
3327 3589 3601 3658 ejusmodi
3647 3597 3759 3649 cri-

522 3684 880 3735 ιιιίιιιιιίοηυηι
912 3692 1169 3735 auctores
1194 3679 1544 3733 vehementer
1572 3675 1828 3744 exagitat.
1877 3674 2136 3744 Sequitur
2168 3672 2362 3726 deinde
2399 3673 2623 3727 historia
2665 3674 2902 3744 Iscltyrte
2962 3688 3016 3733 et
3061 3681 3277 3737 Arsenii
3315 3725 3329 3749 ,
3381 3697 3495 3742 tum
3557 3694 3761 3746 rescri-

520 3787 667 3843 ptum
714 3775 988 3845 Ischyraa,
1033 3774 1122 3844 qui
1162 3786 1223 3827 se
1268 3769 1471 3823 fatetur
1506 3783 1534 3820 a
1584 3765 1888 3821 Mcletianis
1941 3776 2189 3820 coactum
2218 3804 2233 3828 ,
2272 3774 2331 3817 ut
2385 3779 2622 3818 mensam
2673 3766 2987 3822 subversam
3043 3780 3099 3826 et
3148 3776 3368 3830 calicem
3416 3780 3760 3837 confractum

527 3868 867 3920 tttctttirelttr.

595 3984 682 4037 XI.
719 3985 1135 4052 Sttltsequunlttt‘
1162 3982 1407 4051 qumdam
1439 3980 1704 4050 epistolae.
1745 3979 1922 4034 Prima
1958 4019 1973 4041 ,
1999 3976 2188 4032 Pinnis
2226 3978 2540 4031 monasterii
2576 3976 3028 4050 Ptemencyrceos
3058 3983 3358 4057 presbyteri
3394 3991 3461 4042 ad
3490 3989 3766 4050 Joannem

523 4082 862 4137 ltlcletiauum
886 4122 900 4144 ,
927 4082 1013 4136 cui
1048 4081 1215 4134 refert
1249 4079 1531 4131 Arseninm
1563 4078 1701 4144 apud
1734 4092 1793 4130 se
1833 4076 2088 4129 latentem
2130 4075 2197 4129 ab
2225 4074 2507 4128 Athanasii
2540 4074 2768 4129 diacono
2819 4078 3213 4145 deprehensum
3262 4092 3318 4136 et
3365 4084 3760 4144 Alexandriam

520 4175 803 4227 deductum
831 4173 994 4227 fuisse
1028 4192 1042 4226 :
1079 4181 1369 4241 monetque
1398 4180 1455 4223 ut
1485 4185 1550 4223 ne
1585 4170 1720 4222 ultra
1757 4169 2113 4222 Athanasium
2142 4167 2210 4221 de
2249 4166 2477 4220 Arseuio
2512 4166 2840 4236 interempto
2876 4169 3075 4223 audeat
3106 4171 3445 4231 insimulare.
3478 4177 3755 4243 Secunda,

519 4261 854 4315 Constantini
908 4262 973 4315 ad
1024 4262 1380 4314 Athanasium
1413 4302 1427 4314 .
1480 4275 1583 4327 qua
1645 4268 1916 4311 tantarum
1988 4258 2381 4311 calumniarum
2439 4265 2690 4311 auctores
2748 4258 3100 4314 vehementer
3157 4266 3526 4335 exagitantur.
3578 4270 3760 4325 Tertia

522 4351 733 4404 Arsenii
761 4353 826 4405 ad
861 4350 1213 4404 Athanasium
1239 4390 1254 4414 ,
1284 4365 1442 4419 quem
1474 4359 1631 4415 rogat
1659 4359 1716 4402 ut
1751 4364 1811 4402 se
1840 4350 1905 4400 ad
1935 4346 2371 4401 communionem
2416 4348 2642 4415 recipiat
2668 4387 2683 4411 ,
2713 4364 2879 4416 seque
2910 4368 3182 4422 nunquam
3224 4371 3346 4410 cum
3389 4361 3761 4417 schismaticis

521 4447 1038 4500 communicaturum
1075 4446 1379 4516 pollicetur.
1416 4444 1617 4510 Quarta
1649 4430 1663 4507 ξ
1700 4442 2044 4497 Constantini
2083 4442 2150 4495 ad
2182 4440 2444 4495 Joannem
2497 4440 2841 4496 Meletiauum
2874 4486 2889 4510 ,
2932 4462 3087 4512 quem
3119 4448 3367 4504 hortatur
3393 4462 3451 4505 ut
3480 4470 3541 4507 se
3577 4458 3761 4521 adeat,

521 4542 805 4611 laudatque
841 4542 979 4609 quod
1017 4540 1278 4609 depositis
1302 4539 1749 4592 altercationibus
1785 4554 1905 4589 cum
1951 4536 2249 4590 Athanasio
2273 4536 2383 4604 jam
2418 4536 2865 4592 communicaret.
2900 4540 3007 4594 llas
3039 4558 3227 4598 omnes
3255 4547 3305 4599 in
3336 4554 3574 4604 secunda
3605 4566 3760 4623 parte

519 4639 715 4693 relatas
760 4638 1015 4710 epistolas
1059 4639 1126 4692 ab
1156 4654 1300 4692 anno
1332 4636 1434 4691 525
1466 4636 1531 4690 ad
1568 4635 1675 4690 555
1726 4635 1961 4702 scriptas
2008 4633 2172 4687 fuisse
2201 4644 2408 4686 certum
2442 4644 2554 4695 est;
2589 4635 2679 4687 sed
2725 4635 3013 4704 unicuique
3040 4654 3193 4693 suum
3228 4650 3442 4713 tempus
3479 4648 3765 4717 assignare

521 4752 624 4789 non
662 4735 921 4790 valemus.

594 4852 705 4906 XII.
743 4853 938 4907 Narrat
977 4862 1163 4921 postea
1217 4871 1303 4909 res
1350 4857 1400 4909 itt
1444 4856 1691 4926 Tyriensi
1723 4855 1931 4925 synodo
1971 4866 2175 4924 gestas,
2207 4854 2297 4908 ubi
2324 4854 2608 4909 calumnia!
2634 4854 2700 4908 de
2731 4854 2904 4909 calice
2954 4856 3124 4910 fracto
3150 4857 3322 4925 deque
3353 4860 3571 4916 Arsenii
3630 4879 3764 4918 nece

518 4951 695 5001 alcltttn
738 4951 960 5018 objecta),
998 4961 1142 5005 sunt.
1179 4951 1248 5007 Ut
1294 4955 1487 5020 probet
1533 4964 1708 5006 autem
1755 4950 2085 5005 Athanasius
2134 4949 2407 5020 Ischyram
2449 4966 2721 5020 nunquam
2759 4951 3130 5021 presbyterum
3166 4952 3372 5017 fuisse,
3406 4964 3571 5023 atque
3629 4958 3759 5010 adeo

523 5056 627 5093 non
656 5041 913 5108 potuisse,
940 5056 1005 5095 eo
1037 5046 1363 5099 sacrificium
1392 5047 1674 5112 oIl‘erente,
1710 5062 1948 5102 mensam
1983 5047 2222 5101 subverti
2269 5047 2600 5117 calicemque
2633 5047 2928 5117 confringi,
2962 5048 3037 5100 ait
3076 5062 3197 5102 eum
3229 5064 3295 5103 ne
3321 5067 3347 5102 a
3397 5051 3618 5107 Meletio
3643 5055 3731 5121 qui

524 5136 642 5186 ειυηι
676 5134 1040 5199 εθΙιίδῐηθιίοο,
1076 5138 1268 5191 nedum
1309 5158 1336 5192 a
1367 5142 1606 5209 legitimo
1631 5147 1906 5213 episcopo,
1942 5143 2251 5197 ordinatum
2290 5141 2477 5197 fuisse.
2524 5143 2738 5197 Profert
2786 5145 2981 5197 deinde
3014 5142 3346 5197 Breviarium
3398 5142 3624 5210 Melctii,
3669 5161 3759 5198 seu

521 5228 849 5299 Catalcgum,
883 5248 1040 5299 quem
1089 5243 1212 5303 post
1257 5233 1527 5287 Nicaenam
1564 5236 1825 5304 synodum
1864 5233 2173 5286 Alexandro
2203 5233 2417 5301 praesuli
2455 5232 2829 5287 Alexandrino
2854 5231 3049 5285 obtulit
3081 5231 3320 5284 Meletins
3347 5274 3360 5293 ,
3384 5230 3445 5283 'in
3491 5248 3600 5299 quo
3647 5233 3753 5300 epi-

526 5343 740 5397 scopos.
779 5329 1124 5400 presbyteros
1170 5330 1529 5397 diaconosque
1561 5346 1588 5380 a
1626 5345 1682 5382 se.
1709 5330 1988 5383 ordinatos
2015 5337 2297 5393 recenset,
2332 5327 2421 5381 ubi
2453 5343 2714 5396 nusquam
2746 5337 3021 5395 comparet
3061 5324 3324 5394 Ischyras.
3354 5324 3481 5378 Post
3513 5327 3630 5380 hazc
3655 5328 3756 5395 agit

519 5426 850 5480 Athanasius
896 5426 1254 5493 delegatione
1284 5427 1350 5478 ad
1383 5426 1678 5490 Mar-eoten,
1716 5428 2082 5497 epistolasque
2135 5425 2339 5494 profert
2373 5426 2471 5480 hac
2513 5428 2581 5480 de
2632 5442 2691 5481 re
2730 5426 3089 5493 conscriptas.
3127 5424 3327 5487 Prima,
3361 5422 3491 5476 cleri
3530 5424 3734 5478 Alexan

520 5514 658 5566 drini
695 5514 759 5567 ad
800 5514 1158 5582 Theognium.
1192 5512 1407 5583 Marim,
1441 5514 1810 5569 Macedoniutu
1840 5556 1855 5577 ,
1882 5515 2261 5580 Theodorum,
2300 5514 2586 5569 Ursacittm
2620 5525 2676 5570 et
2704 5514 2985 5568 Valentem
3040 5515 3246 5584 legatos
3272 5554 3286 5576 ,
3333 5516 3475 5582 apud
3508 5531 3646 5585 quos
3698 5517 3753 5567 de

521 5611 683 5665 rebus
712 5622 897 5664 contra
942 5610 1029 5678 jus
1061 5610 1248 5681 fasque
1281 5612 1445 5680 gestis
1489 5621 1909 5679 conqueruntur.
1947 5611 2219 5676 Secunda,
2252 5611 2381 5665 cIeri
2410 5611 2686 5666 Mareotici
2723 5611 2788 5665 ad
2829 5610 3095 5681 synodum
3132 5610 3370 5679 Tyriam,
3420 5626 3544 5679 quae
3578 5610 3753 5664 eaden'

521 5707 633 5772 ipsa
661 5707 921 5777 continet.
956 5707 1172 5773 Tertia,
1206 5709 1445 5777 ejusdem
1478 5706 1756 5761 Mareotici
1788 5706 1917 5759 cleri
1970 5706 2035 5759 ad
2082 5705 2414 5774 Philagrium
2440 5746 2456 5768 ,
2492 5705 2732 5774 ejusdem
2766 5704 3095 5773 argumenti.
3128 5703 3354 5771 Quarta,
3385 5706 3751 5775 episcoporum

522 5797 741 5867 Aigypti
782 5800 870 5868 qui
899 5799 1147 5869 Tyrieusi
1180 5801 1386 5869 synodo
1418 5801 1713 5855 intererant
1742 5798 1805 5851 ad
1856 5795 2092 5866 reliquos
2123 5797 2175 5855 in
2203 5797 2391 5852 eadem
2432 5797 2635 5868 synodo
2671 5794 2974 5865 episcopos,
2998 5795 3241 5863 ejusdem
3264 5795 3393 5848 item
3436 5794 3742 5865 argumenti
