4006 6506
175 402 256 461 ω
1003 395 1345 451 APOLOGIA
1390 393 1669 449 CONTRA
1714 392 2034 450 ARIANOS.
2076 423 2139 431 --
2184 387 2523 446 MONITUM.
3298 386 3406 439 246

176 521 363 589 Quinta,
398 516 679 571 hactenus
724 515 945 579 inedita,
999 518 1312 571 eorumdem
1368 517 1434 570 ad
1482 516 1799 587 Dionysium
1829 517 2080 569 comitem
2110 555 2126 577 ,
2155 530 2273 582 quae
2300 513 2440 581 quod
2471 508 2792 581 prmcedenti
2830 508 3101 563 simillima
3145 514 3292 561 esset
3339 522 3401 560 ex

178 618 523 690 compluribus
556 632 693 672 mss.
727 618 1023 670 exciderat.
1049 613 1235 678 Sexta,
1269 614 1586 669 eorumdem
1611 614 1800 666 eadem
1842 613 1908 666 de
1956 626 2015 665 re
2061 611 2126 664 ad
2172 610 2483 680 Dionysium
2513 607 2786 661 comitem.
2820 604 3085 675 Septima,
3112 602 3404 657 Alexandri

182 712 666 768 Thessalonicensis
704 711 770 763 ad
801 714 1059 763 eumdem
1084 707 1421 778 Dionysium,
1456 722 1562 775 qua
1614 716 1845 760 testatur
1865 722 1922 761 sc
1958 706 2419 772 conspirationem
2456 705 2717 758 adversus
2762 705 3115 758 Athanasium
3143 713 3405 756 structam

185 808 602 878 deprehendisse.
634 806 838 863 Octava
872 804 1108 875 Dionysii
1137 803 1354 857 comitis
1382 804 1448 855 ad
1477 802 1811 856 Eusebianos
1835 844 1849 869 ,
1875 817 2011 871 quos
2033 802 2101 854 de
2146 801 2340 855 litteris
2374 800 2442 855 ab
2484 800 2789 855 Alexandro
2824 797 3290 854 Thessalonicensi
3342 795 3406 847 ad

185 908 413 962 semissis
438 906 713 961 certiores
749 903 897 957 facit.

244 997 365 1053 XIII.
410 997 621 1051 Deinde
673 996 761 1048 ubi
821 1008 971 1047 suam
1002 990 1147 1060 Tyro
1181 990 1364 1058 fugam
1415 990 1716 1044 enarravit.
1763 988 1930 1043 refert
1962 989 2245 1054 epistolam
2286 986 2675 1057 pseudosynodi
2730 982 3231 1053 Hierosolymitanzc
3257 1020 3271 1042 ,
3302 993 3405 1046 qua

185 1092 341 1146 Arium
368 1106 396 1143 a
429 1104 490 1142 se
519 1090 589 1141 ad
629 1085 1069 1141 communionem
1101 1091 1376 1150 receptum
1416 1089 1681 1135 testantur
1728 1082 1965 1150 episc0pi
2023 1080 2311 1133 Ensebiani
2348 1099 2361 1133 :
2397 1089 2574 1131 utrum
2604 1086 2781 1130 autent
2814 1074 2975 1129 Arius
3005 1067 3360 1125 haeresiarcha
3388 1104 3405 1128 ,

186 1186 249 1237 vel
278 1186 403 1237 alter
427 1183 598 1237 Arius
637 1191 764 1234 tunc
786 1179 852 1233 ad
886 1178 1325 1234 communionem
1359 1180 1431 1232 sit
1458 1179 1765 1243 admissus,
1797 1178 1995 1234 ibidem
2029 1178 2386 1247 disputamus.
2422 1175 2649 1239 Exinde,
2683 1190 2805 1229 cum
2868 1173 2919 1226 in
2966 1170 3270 1225 mercedem
3323 1179 3412 1236 sy-

186 1278 458 1347 cophantia:
498 1276 795 1331 Eusebiani
822 1274 1186 1344 episcopatum
1212 1274 1448 1345 Ischyrze
1483 1275 1535 1327 in
1563 1276 1795 1341 quodam
1821 1275 1944 1328 vico
1974 1274 2406 1335 constituissent,
2440 1273 2722 1340 epistolam
2774 1267 2994 1334 subiicit
3025 1263 3195 1318 Flavii
3232 1260 3415 1314 Hime-

188 1377 237 1427 rii
282 1374 544 1429 Catholici
595 1373 665 1425 ad
716 1383 1025 1426 exactorem
1076 1370 1384 1436 Mareotes,
1434 1373 1516 1426 cui
1563 1387 1749 1427 curam
1806 1370 2059 1426 Ecclesiae
2111 1386 2208 1440 pro
2262 1370 2479 1441 Ischyra
2539 1366 2866 1422 aediﬁcanda:
2917 1362 3225 1419 demandat.
3262 1358 3413 1413 Ilanc

187 1466 360 1535 excipit
414 1462 650 1533 epistola
704 1461 1043 1518 Constantini
1104 1460 1282 1533 Magni
1315 1463 1379 1515 ad
1414 1464 1698 1532 episcopos
1747 1461 2029 1531 Tyriensis
2084 1461 2316 1531 synodi,
2352 1474 2487 1527 quos
2538 1458 2766 1512 accersit
2811 1471 2994 1509 rerum
3047 1469 3077 1507 a
3127 1467 3187 1507 se
3225 1460 3412 1504 contra

187 1557 518 1611 Athanasium
560 1565 841 1623 gestarum
873 1557 1135 1612 rationem
1169 1560 1499 1614 reddituros.
1527 1557 1685 1620 Hinc,
1714 1557 1901 1625 paucis
1924 1555 1988 1610 de
2016 1571 2115 1609 suo
2154 1556 2205 1609 in
2231 1553 2434 1609 Gallias
2465 1552 2661 1606 exsilio
2693 1547 2986 1612 enarratis,
3037 1546 3203 1600 refert
3229 1546 3415 1597 ultitno

187 1648 436 1717 epistolam
483 1645 829 1701 Constantini
885 1645 1163 1710 Junioris,
1213 1664 1374 1717 quam
1428 1650 1474 1704 is
1512 1651 1563 1702 itt
1615 1650 1844 1717 gratiam
1893 1647 2177 1702 Athanasii
2229 1647 2296 1699 ab
2343 1646 2535 1699 exsilio
2596 1643 2870 1698 redeuntis
2911 1641 2974 1695 ad
3022 1639 3417 1693 Alexandrinos

188 1746 327 1798 misit.
370 1745 594 1797 Detnum
654 1744 847 1813 paucis
893 1743 1199 1811 Apologiam
1247 1759 1397 1799 suam
1449 1745 1703 1810 claudit,
1763 1759 1882 1814 qua:
1928 1742 1997 1797 56
2049 1743 2131 1797 vel
2174 1739 2434 1811 epistolas
2484 1739 2565 1793 vel
2608 1740 2712 1791 alia
2771 1746 3115 1792 monumenta
3166 1730 3420 1799 comple—

187 1842 343 1895 ctitttr.

245 1935 368 1990 XIV.
401 1936 471 1990 Ex
525 1936 632 1989 hac
696 1936 859 2007 igitur
892 1936 1149 2007 Apologia
1178 1937 1321 1992 velut
1366 1955 1433 1993 ex
1464 1940 1756 2007 purissimo
1804 1939 1953 1993 fonte
1992 1953 2123 1992 vera
2178 1934 2361 1990 saeculi
2413 1933 2590 2002 quarti
2649 1929 2875 1983 historia
2913 1922 3282 1980 ecclesiastica
3350 1922 3418 1972 ab

189 2040 307 2077 anno
342 2025 443 2077 300
473 2039 649 2089 usque.
711 2025 776 2077 ad
822 2024 927 2078 550
956 2037 1040 2080 est
1092 2027 1413 2079 haurienda.
1463 2026 1744 2096 Siquidem
1790 2026 2121 2081 Athanasius
2171 2023 2423 2079 omnibus
2471 2023 2589 2075 aliis
2641 2021 2796 2089 hujus
2846 2015 3086 2071 historia:
3120 2012 3421 2079 scriptori-

190 2116 271 2168 bus
292 2117 437 2184 longe
470 2114 741 2183 praecellit
770 2131 784 2179 ;
812 2124 920 2168 tum
969 2118 1109 2183 quod
1140 2118 1253 2185 ipse
1296 2117 1539 2171 oculatus
1570 2118 1886 2189 plerumque
1933 2121 2084 2173 testis
2120 2118 2318 2180 fuerit,
2352 2126 2464 2167 tum
2493 2114 2633 2181 quod
2662 2109 3076 2165 accuratissime
3113 2123 3199 2160 res
3235 2114 3419 2172 gestas

192 2220 414 2274 θιιεηει,
467 2224 521 2265 ει
574 2210 695 2278 ipsa
732 2220 1076 2265 monumenta
1105 2251 1119 2275 ,
1156 2213 1351 2279 quibus
1399 2212 1530 2266 nihil
1572 2214 1777 2277 tutius,
1821 2229 1962 2281 saepe
2010 2211 2222 2266 aﬂ‘erat.
2262 2210 2302 2263 E
2333 2217 2519 2263 contra
2567 2224 2697 2261 vero
2737 2208 2824 2260 alii
2859 2218 3107 2259 auctores
3135 2244 3148 2266 ,
3185 2202 3412 2255 Ruﬁnus

194 2326 397 2378 nempe,
449 2310 758 2375 Socrates,
819 2308 1153 2363 Sozomenns
1199 2320 1252 2363 et
1302 2309 1679 2365 Theodoretus
1750 2311 2062 2365 cautissime
2136 2320 2256 2363 sunt
2314 2306 2651 2369 adhibendi,
2711 2305 2811 2358 nisi
2865 2318 2985 2355 cunt
3045 2300 3143 2367 ipsi
3204 2312 3419 2365 quoque

195 2423 343 2460 rerum
382 2418 660 2478 gestarum
702 2416 1051 2460 monumenta
1080 2405 1315 2460 aII'erunt
1342 2447 1357 2470 ,
1399 2409 1541 2477 quod
1574 2410 1751 2464 rarius
1775 2412 2063 2481 contingit.
2095 2411 2229 2466 Nam
2275 2420 2633 2480 prieterquam
2678 2402 2818 2473 quod
2856 2398 3127 2453 interdum
3162 2395 3419 2448 biﬁlorias

199 2501 345 2553 ntinus
369 2512 552 2554 certas
578 2509 873 2556 enarrant.
911 2514 996 2551 res
1018 2510 1200 2567 gestas
1224 2498 1525 2569 saepissime
1557 2501 1913 2567 confundunt,
1950 2514 2190 2570 tempora
2227 2514 2407 2555 autem
2437 2510 2762 2570 pra‘postcre
2794 2493 3045 2547 ordinant
3077 2485 3416 2555 :exemplum

196 2593 323 2663 Itleus
350 2598 419 2650 rei
457 2594 956 2650 luculentissimum
1006 2595 1314 2664 suppeditat
1367 2596 1644 2660 Socrates,
1669 2598 1759 2667 qui

1835 2613 1879 2652 :s
1917 2598 1968 2651 in
2003 2598 2174 2668 prima
2199 2596 2355 2662 hujus
2391 2596 2662 2664 Apologia:
2692 2602 2845 2663 parte
2887 2585 3313 2655 comprehensas
3348 2582 3417 2635 ita

198 2690 351 2740 refert.

254 2777 351 2832 XV.
384 2780 470 2833 Ait
496 2778 829 2849 Gregorium
872 2778 939 2830 ab
994 2776 1318 2831 Eusebianis
1352 2777 1570 2848 Syriani
1603 2776 1755 2829 ducis
1786 2788 1839 2831 et
1875 2779 2113 2847 quinque
2149 2776 2373 2830 millium
2415 2774 2641 2828 militum
2680 2771 2933 2841 prtesidio
2969 2769 3160 2823 fultum
3191 2766 3424 2820 Alexan-

199 2874 340 2927 driam
368 2876 592 2930 missum
656 2872 853 2937 fuisse,
884 2872 1179 2952 eodemque
1226 2869 1459 2939 Syriano
1507 2871 1792 2924 ecclesiam
1822 2871 2105 2924 obsidente
2127 2911 2143 2934 ,
2171 2867 2527 2923 Athanasium
2565 2866 2616 2919 in
2644 2866 2817 2918 media
2868 2862 3215 2933 psallentium
3267 2856 3421 2909 turba

198 2970 415 3022 evasisse.
474 2968 780 3023 Eusebium
844 2974 1029 3035 postea
1087 2963 1416 3030 legationem
1490 2962 1718 3016 Romam
1781 2961 2035 3025 misisse,
2095 2976 2196 3028 qua
2261 2969 2429 3013 totum
2490 2956 2762 3026 negotium
2820 2952 2963 3007 Julio
3021 2953 3419 3011 committeret;

201 3063 396 3120 Eusebio
445 3075 628 3119 tamen
687 3073 862 3117 morte
912 3071 1284 3130 przeoccupato
1337 3059 1479 3112 haud
1534 3059 1750 3112 lienisse
1790 3058 1922 3112 tanti
1960 3057 2157 3126 negotii
2196 3057 2353 3109 ﬁnem
2396 3052 2597 3107 videre.
2638 3039 2845 3105 Dehinc
2892 3051 3151 3111 Arianos,
3199 3046 3425 3113 Grego—

204 3158 266 3209 rio
308 3157 368 3210 ab
414 3154 791 3210 Alexandrina
839 3153 965 3207 sede
1009 3162 1220 3214 amoto,
1254 3152 1369 3218 ejus
1396 3148 1514 3204 loco
1545 3150 1839 3219 Georgium
1885 3148 2247 3203 substituisse.
2297 3145 2517 3199 Interim
2555 3159 2682 3197 vero
2712 3140 3096 3201 Athanasium,
3129 3152 3250 3189 cum
3300 3145 3421 3204 post

205 3252 370 3307 multos
417 3254 633 3306 labores
692 3249 917 3302 Romam
978 3250 1354 3317 pervenisset,
1404 3263 1433 3300 a
1486 3247 1627 3303 Julio
1674 3248 1928 3318 pontiﬁce
1979 3244 2147 3299 fuisse
2198 3244 2529 3299 restitutum.
2586 3240 2792 3295 Dehinc
2837 3237 3135 3293 Athanasio
3182 3234 3423 3289 Alexan-

207 3345 350 3399 driam
401 3344 783 3413 ingrediente,
822 3340 1038 3412 Georgii
1087 3340 1271 3395 Ariani
1321 3355 1583 3411 sequaces
1630 3340 1948 3393 seditionem
1996 3337 2286 3391 excitasse.
2334 3333 2460 3387 Post
2518 3333 2632 3386 lucc
2681 3330 3037 3385 Athanasium
3088 3328 3157 3381 ah
3207 3325 3428 3381 Arianis

209 3456 483 3496 acctiSatum
520 3443 666 3507 quod
698 3440 1029 3494 frumentum
1066 3436 1274 3491 alendis
1296 3437 1623 3507 pauperibus
1647 3436 1973 3488 destinatum
2034 3433 2086 3486 in
2126 3448 2278 3486 suam
2341 3445 2454 3484 rem
2494 3427 2825 3491 divertisset,
2864 3424 3037 3479 minas
3081 3419 3431 3489 imperatoris

209 3538 411 3591 veritum
458 3538 686 3592 Romam
734 3533 1031 3605 aufugisse.
1065 3534 1201 3586 Tum
1247 3533 1531 3602 episcopos
1564 3530 1782 3602 Egypti
1821 3546 1917 3600 pro
1946 3528 2247 3584 Athanasio
2284 3527 2494 3581 litteras
2527 3523 2750 3578 Romam
2790 3520 3022 3573 misisse.
3058 3517 3152 3571 llis
3191 3516 3262 3569 ita
3296 3530 3423 3567 nar-

210 3629 319 3683 ratis
342 3670 357 3695 ,
384 3630 471 3683 vix
495 3629 712 3683 tandem
741 3626 808 3681 ad
842 3626 1187 3681 Sardicensis
1213 3625 1402 3695 synodi
1438 3625 1719 3678 historiam
1752 3624 1970 3678 advenit
1996 3663 2010 3687 ,
2046 3622 2135 3677 cui
2167 3621 2330 3674 etiam
2378 3617 2546 3672 multa
2575 3613 2864 3686 praeposuit
2894 3612 3078 3666 decem
3122 3618 3243 3679 post
3270 3607 3431 3661 annis

209 3730 348 3788 gesta.

271 3816 388 3871 XVI.
425 3817 479 3871 In
515 3818 616 3872 hac
646 3824 797 3872 certe
823 3810 1065 3869 Socratis
1102 3809 1325 3863 historia
1363 3810 1447 3861 vix
1490 3808 1784 3878 quidquam
1813 3824 2001 3860 santttu
2040 3806 2276 3876 reperire
2298 3811 2381 3858 est
2411 3820 2423 3854 :
2453 3816 2574 3855 nam
2605 3815 2725 3869 quae
2754 3797 2819 3851 de
2858 3793 3115 3865 Syriano.
3152 3790 3217 3843 de
3270 3788 3427 3856 quin-

214 3932 299 3981 que
322 3918 537 3969 militum
577 3914 839 3975 millibus,
872 3912 1047 3978 deque
1076 3908 1303 3963 ecclesia
1335 3910 1553 3961 obsessa
1589 3908 1863 3969 dicuntur,
1885 3903 2104 3973 Georgii
2134 3916 2239 3955 non
2274 3908 2457 3953 autem
2494 3895 2739 3967 Gregorii
2778 3890 3131 3944 intrusioneni
3160 3894 3425 3953 spectant.

216 4010 399 4065 Eusebii
429 4010 751 4080 legationem
782 4021 1066 4075 perperam
1107 4012 1228 4075 post
1252 4003 1497 4072 Gregorii
1530 4001 1913 4055 Alexandriam
1963 3999 2266 4066 ingressum
2299 3996 2499 4057 refert,
2538 4008 2659 4046 cum
2687 4005 2804 4043 eam
2837 3995 2994 4040 antea
3025 3981 3320 4051 contigisse
3355 3990 3429 4032 te-

215 4115 358 4157 SII‘IIII'
398 4104 511 4173 ipse
557 4100 914 4157 Athanasius.
960 4101 1093 4154 llinc
1141 4098 1421 4153 Athanasii
1460 4101 1510 4152 in
1558 4099 1738 4152 sedem
1776 4096 2172 4149 restitutionem
2209 4108 2328 4159 qua:
2372 4105 2401 4143 a
2451 4088 2591 4143 Julio
2627 4081 2882 4155 pontiﬁce
2919 4089 3192 4144 nunquam
3243 4086 3432 4138 reapse

219 4195 335 4249 facta
364 4208 439 4249 est
462 4236 477 4259 ,
509 4196 621 4263 ipse
653 4206 936 4263 perperam
970 4198 1213 4244 enarrat.
1246 4188 1357 4243 Nec
1388 4190 1557 4259 magis
1590 4204 1710 4241 vera
1753 4197 1880 4241 sont
1909 4202 2026 4256 quae
2068 4187 2135 4239 de
2165 4186 2413 4254 ingressu
2448 4178 2730 4235 Athanasii
2761 4172 3172 4230 Alexandriam,
3201 4166 3434 4233 Georgio

216 4294 427 4355 sedente,
458 4304 577 4361 post
611 4290 726 4343 haec
747 4297 1063 4342 occurrunt.
1099 4287 1228 4351 Qua:
1261 4296 1560 4354 sequuntur
1594 4295 1773 4337 autem
1805 4284 1870 4337 de
1902 4282 2171 4337 calumnia
2209 4281 2563 4340 Arianorum,
2599 4278 2772 4343 deque
2801 4270 3023 4339 epistola
3055 4264 3428 4334 Egyptiorum

217 4396 477 4459 prazsulnm
522 4393 588 4444 ad
626 4390 832 4445 Juliurn
861 4400 1054 4455 papam
1088 4395 1416 4453 praepostere
1442 4384 1665 4437 omnino
1699 4389 2073 4434 recensentur.
2104 4377 2239 4431 Ilinc
2269 4376 2674 4429 animadvertas
2714 4382 2875 4437 quam
2909 4374 3065 4416 caute
3088 4362 3321 4427 scriptor
3346 4356 3435 4408 ille

218 4488 272 4539 sit
297 4486 642 4541 adhibendus.
685 4484 875 4551 Neque
902 4494 1030 4533 vero
1060 4478 1209 4532 solus
1241 4476 1516 4540 Socrates,
1546 4478 1637 4529 sed
1681 4475 1844 4527 etiam
1884 4472 2283 4530 Tlteodoretus,
2320 4467 2594 4533 multoque
2643 4466 2816 4533 magis
2849 4460 3074 4513 Ruﬁnus
3098 4467 3153 4510 et
3181 4456 3437 4508 Sozome-

218 4598 316 4647 mis,
341 4599 424 4637 res
455 4580 899 4651 frequentissime
929 4576 1011 4629 vel
1038 4592 1194 4631 secus
1217 4590 1377 4644 quam
1407 4572 1516 4642 97
1550 4581 1714 4641 gestae
1740 4579 1884 4633 sttnt,
1915 4569 1999 4621 vel
2026 4576 2359 4636 prtepostere
2386 4571 2666 4616 enarrant.
2698 4559 2851 4625 Quod
2884 4566 3063 4609 tamen
3094 4551 3235 4604 absit
3271 4559 3329 4602 tit
3368 4551 3431 4602 ad

220 4679 381 4733 horum
405 4689 685 4737 auctorum
720 4672 1106 4729 contumeliam
1141 4678 1344 4740 vergat.
1375 4668 1574 4720 Vitium
1625 4680 1857 4733 namque
1885 4664 2029 4717 aetati
2080 4662 2262 4731 potius
2290 4673 2452 4728 quam
2502 4656 2856 4724 scriptoribus
2897 4660 2981 4706 est
3008 4648 3384 4702 ascrihendum
3419 4663 3431 4695 :

218 4777 384 4844 quippe
417 4794 520 4829 non
568 4776 818 4831 solebant
853 4769 943 4826 illo
970 4785 1083 4825 aevo
1120 4785 1206 4823 res
1237 4777 1346 4823 tam
1397 4766 1678 4820 intricatas
1711 4774 1860 4818 tanto
1895 4763 2078 4817 studio
2116 4763 2396 4829 indagare,
2428 4772 2491 4810 ac
2525 4755 2576 4808 in
2624 4754 2815 4822 primis
2860 4761 3159 4820 temporum
3203 4747 3435 4801 rationes

223 4873 548 4941 Itegligebanl.

293 4990 438 5045 XVII.
477 4990 672 5043 ReSIat
702 4995 761 5039 ut
789 4985 856 5039 de
885 4981 1112 5036 historia
1141 4995 1168 5032 a
1203 4978 1401 5032 Ruﬁno
1434 4977 1686 5047 primum,
1713 4973 1907 5027 dehinc
1939 4972 2002 5023 ah
2029 4969 2147 5022 aliis
2178 4965 2496 5037 quibusdam
2528 4961 2695 5016 relata
2726 4957 2928 5025 aliquid
2965 4956 3299 5025 disputemus
3330 4968 3344 5003 :
3372 4950 3439 5004 de

231 5082 512 5134 muliercula
544 5079 754 5133 scilicet
804 5074 869 5127 ad
903 5072 1222 5144 Tyriensetn
1250 5073 1509 5142 synodum
1543 5070 1609 5122 ab
1640 5066 1856 5120 Arianis
1889 5063 2171 5133 producta,
2201 5075 2320 5129 qua:
2351 5058 2415 5110 de
2449 5055 2597 5109 illato
2649 5063 2835 5117 stupro
2880 5047 3229 5101 Athanasium
3281 5058 3437 5096 accu-

226 5178 356 5229 sarit.
387 5176 509 5241 Quae
530 5171 804 5228 calumnia
828 5167 1100 5221 Timothei
1136 5166 1436 5237 presbyteri
1470 5181 1528 5220 se
1556 5161 1912 5218 Athanasimn
1946 5175 2067 5214 esse
2096 5156 2400 5213 simulantis
2427 5150 2669 5210 solertia,
2696 5147 2846 5201 elusa
2881 5144 2971 5198 sit.
2995 5141 3166 5203 llanc,
3194 5140 3432 5205 inquam,

228 5264 472 5323 historiam
509 5265 812 5323 admodum
842 5273 1146 5330 suspectam
1180 5277 1299 5315 esse
1329 5275 1487 5313 nemo
1519 5270 1604 5314 eat
1636 5256 1867 5319 inﬁcias,
1898 5255 2094 5325 quippe
2117 5268 2235 5322 quae
2268 5266 2366 5305 nec
2396 5249 2536 5319 apud
2563 5241 2941 5305 Athanasium,
2974 5238 3062 5307 (lui
3124 5235 3436 5306 plerumque-

229 5377 297 5417 res
325 5365 371 5417 in
399 5366 605 5435 synodo
633 5359 890 5432 Tyriensi
923 5368 1122 5427 gestas,
1158 5358 1570 5425 calumniasque
1598 5355 1882 5407 adversum
1916 5368 1972 5406 se
2001 5360 2235 5402 structas
2265 5351 2526 5400 memorat
2561 5358 2575 5407 ;
2629 5355 2727 5394 nec
2755 5338 2807 5391 in
2848 5332 3075 5403 epistola
3099 5327 3287 5400 synodi
3310 5325 3437 5379 Ale-

328 5416 335 5417 ,
361 5416 367 5417 ,
580 5416 594 5418 _
685 5416 703 5432 ,
924 5416 952 5427 ν
1111 5416 1121 5423 .
1482 5416 1496 5425 .

228 5462 472 5517 xandrinae
500 5480 515 5521 :
547 5475 647 5515 nec
674 5459 729 5511 in
764 5454 893 5510 Julii
923 5467 1074 5520 papa:
1103 5451 1324 5520 epistola
1358 5466 1372 5516 ;
1421 5464 1519 5502 nec
1553 5448 1604 5500 in
1636 5442 1980 5499 Sardicensis
2012 5439 2198 5509 synodi
2220 5436 2485 5505 epistolis,
2524 5435 2576 5486 in
2626 5430 2824 5500 quibus
2855 5435 3032 5476 tamen
3066 5433 3152 5471 res
3182 5416 3309 5486 Tyri
3340 5428 3424 5483 ge~

223 5560 300 5601 Slre
321 5549 425 5606 fuse
453 5548 844 5619 expenduntur
867 5584 881 5609 ,
910 5553 963 5595 et
996 5544 1137 5610 quod
1171 5541 1405 5594 maxime
1431 5546 1642 5607 urgeat,
1670 5551 1737 5589 ne
1775 5535 1827 5587 in
1850 5532 2126 5603 encyclica
2163 5529 2376 5599 quidem
2420 5527 2755 5580 Sardicensis
2805 5518 2993 5591 synodi
3032 5513 3281 5585 epistola,
3329 5526 3434 5579 qua

224 5639 383 5698 Ariani
412 5600 648 5713 episcopi
678 5636 925 5694 damnati
960 5644 1008 5687 et
1039 5632 1267 5699 depositi
1300 5600 1641 5689 nuntiantur,
1671 5600 2080 5689 alferuntnrqne
2107 5621 2265 5689 hujus
2288 5615 2646 5671 damnationis
2675 5624 2848 5665 causa:
2874 5624 2889 5669 ;
2922 5604 3203 5660 calumnia:
3229 5600 3438 5657 scilicet

219 5734 447 5792 allversus
486 5730 862 5789 Athanasium
904 5738 1143 5787 Structm,
1184 5739 1307 5775 cum
1339 5721 1459 5774 aliis
1494 5718 1820 5772 Arianorum
1852 5712 2170 5767 sceleribus.
2200 5711 2486 5762 Enimvero
2514 5705 2567 5757 in
2608 5715 2842 5756 mentem
2871 5700 3056 5755 venire
3102 5706 3307 5766 nequit,
3336 5710 3443 5751 cur

58 5720 85 5923 λ
219 5835 308 5886 tam
340 5840 490 5887 atrox
526 5823 897 5900 schpltantia
936 5821 1045 5876 illic
1079 5820 1147 5875 sit
1186 5818 1408 5872 omissa.
1440 5812 1549 5867 Nec
1577 5813 1681 5867 dici
1710 5818 1883 5878 potest
1916 5822 2035 5862 eam
2072 5822 2134 5860 ex
2163 5805 2299 5856 actis
2329 5798 2743 5854 Sardicensibus
2786 5795 3074 5855 excidisse.
3127 5809 3247 5849 cum
3277 5800 3435 5849 testu-

219 5835 308 5886 ιη)
340 5840 490 5887 atrox
526 5823 897 5900 schpltantia
936 5821 1045 5876 illic
1079 5820 1147 5875 sit
1186 5818 1408 5872 omissa.
1440 5812 1549 5867 Nec
1577 5813 1681 5867 dici
1710 5818 1883 5878 potest
1916 5822 2035 5862 eam
2072 5822 2134 5860 ex
2163 5805 2299 5856 actis
2329 5798 2743 5854 Sardicensibus
2786 5795 3074 5855 excidisse.
3127 5809 3247 5849 cum
3277 5800 3435 5849 testu-
