4006 6516
607 363 716 418 2-ιῖ

1171 364 1228 421 8.
1270 368 1639 425 ATHANASII
1680 370 1829 428 OPP.
1871 372 2051 431 PARS
2087 375 2129 431 ῐ.
2169 409 2239 418 -
2277 377 2650 434 HISTORICA
2688 379 2778 434 ET
2816 379 3234 438 DOGMATICA.

3734 386 3853 440 243

625 489 716 532 tur
743 477 1078 534 Sozomenus
1111 481 1255 535 illam
1297 499 1398 540 suo
1444 502 1560 542 αξνο
1588 502 1851 555 nusquam
1889 491 1958 544 ibi
1994 495 2384 562 comparuisse.
2420 493 2602 564 Neque
2630 495 2770 551 valet
2795 497 2941 566 quod
2989 497 3107 566 ipse
3133 499 3232 563 ait,
3263 515 3373 554 rem
3403 509 3589 570 utpote
3621 510 3856 571 turpem

610 579 667 624 et
702 572 988 628 ridiculam
1011 574 1228 631 silentio
1264 580 1682 646 praetermissam
1725 580 1931 636 fuisse:
1987 601 2096 654 quo
2152 578 2360 656 turpior
2420 587 2586 653 enim,
2640 603 2707 643 eo
2733 591 2903 660 magis
2946 593 3013 645 ad
3036 593 3228 661 synodi
3259 594 3310 647 in
3351 595 3685 665 deponendis
3731 598 3860 664 ejus

610 671 928 727 auctoribus
955 672 1265 743 aequitatem
1299 679 1827 764 commonstrandam
1866 682 2207 737 contulisset.
2255 683 2481 738 Exstant
2511 700 2646 740 sane
2677 686 2956 754 permulta:
2993 687 3133 756 apud
3169 682 3422 739 Ruﬁnum
3453 684 3725 754 ejusmodi
3760 688 3856 741 hi-

608 769 812 834 storia,
852 769 1142 824 admodum
1176 771 1353 826 dubiae
1379 771 1528 824 ﬁdei.
1559 770 1683 824 Haec
1708 781 1888 826 autem
1950 775 2048 844 ipsi
2078 775 2289 830 Socrati
2317 779 2409 846 qui
2463 778 2712 833 Ituﬁuum
2742 780 2878 834 alias
2912 781 3025 835 fere
3072 780 3341 849 sequitur,
3375 789 3630 848 suspecta
3670 779 3858 834 fuisse

607 859 845 925 videtur,
873 861 1070 930 quippe
1097 861 1188 928 qui
1217 861 1283 914 de
1313 861 1402 914 illa
1435 875 1502 914 ne
1534 861 1758 915 verbum
1787 862 2003 930 quidem
2033 864 2243 920 fecerit.
2280 867 2390 920 Ilac
2421 869 2487 919 de
2522 883 2578 922 re
2615 871 2774 923 etiam
2810 871 2862 924 in
2887 872 3170 926 Athanasii
3209 871 3324 925 Vita
3347 883 3525 927 actum
3556 881 3666 926 est.
3821 944 3836 957 1

595 981 600 1014 ρ
680 949 863 1030 XVIII.
901 953 1154 1019 Quaedam
1195 956 1262 1008 de
1309 953 1549 1008 Marcelli
1597 971 1759 1009 causa
1793 958 2018 1012 dicenda
2045 971 2387 1028 supererant,
2420 962 2517 1014 sed
2553 978 2642 1017 res
2691 965 3026 1019 commodius
3060 965 3110 1018 in
3170 965 3406 1033 Epistula
3445 966 3514 1018 ad
3570 949 3859 1018 solitario:
3923 1017 3927 1024 ,

606 1025 945 1115 expendetur
974 1067 987 1102 :
1026 1050 1114 1105 ubi
1136 1052 1298 1105 etiam
1321 1050 1386 1102 de
1415 1049 1581 1104 Paulo
1609 1049 2212 1122 Constantinopolitano
2241 1065 2296 1110 et
2327 1057 2393 1110 de
2427 1055 2593 1110 Lucio
2619 1058 3101 1127 Adrianopolitano
3122 1061 3286 1114 multa
3307 1060 3626 1131 disputanda
3659 1069 3857 1114 erunt.

1378 1217 3850 1247 ——_—____________________________

1342 1368 1570 1454 ΤΟΥ
1639 1371 1784 1457 ΕΝ
1854 1372 2216 1460 ΑΓΙΟῘΣ
2280 1377 2709 1464 ΠΑΤΡΟΣ
2782 1316 3108 1467 ΗΜΩΝ

1730 1557 2706 1702 ΑΘΑΝΑΣΙΟΥ

1666 1791 2228 1848 ΑΡΧῘΕΠΙΣΚΟΠΟΥ
2263 1796 2780 1853 ΑΛΕΞΑΝΔΡΕῙΑΣ

849 1947 2118 2076 ΑΠΟΛΟΓΗΤΙΚΟΣ
2156 1963 2575 2077 ΚΑΤΑ
2628 1968 3384 2091 ΑΡΕΙΑΝΩΝ
3444 1925 3597 2089 (σεδ.

1472 2397 1599 2525 S.
1667 2401 1801 2523 P.
1882 2404 2033 2532 N.
2098 2401 2971 2536 ATHANASII

1709 2635 2223 2696 ARCHIEPISCOPI
2248 2638 2716 2698 ALEXANDRJE
2727 2645 2744 2714 J

1172 2810 1869 2929 APOLOGIA
1952 2817 2534 2933 CONTRA
2610 2820 3273 2939 ARIANOS.

672 3178 724 3233 ἱ.
751 3179 1071 3234 Ατίιίιτιιιιτιιν
1103 3184 1352 3254 equidem
1396 3200 1518 3258 post
1573 3201 1653 3246 tot
1699 3204 2013 3263 argumenta
2063 3212 2154 3266 pro

2334 3199 2386 3255 1.
2427 3199 2568 3269 Ἐγὼ
2603 3203 2701 3272 μὲν
2730 3200 2884 3272 ᾤμην
2913 3201 3048 3273 μετὰ
3077 3201 3175 3266 τὰς
3210 3203 3478 3268 τοσαύτας
3508 3206 3655 3278 ὑπὲρ
3687 3210 3858 3281 ἡμῶν

601 3277 784 3320 nostra
820 3268 1132 3326 defensione
1171 3272 1355 3337 allata,
1403 3278 1743 3336 adversarios
1788 3293 2004 3339 nostros
2055 3302 2162 3355 pne

605 3360 923 3415 verecundia
948 3376 1070 3417 sese
1109 3364 1410 3434 abdituros,
1447 3381 1608 3439 atque
1654 3388 1721 3427 ex
1771 3375 2159 3432 calumniarum

597 3463 823 3504 suarum
875 3453 1206 3509 conscientia
1245 3471 1363 3513 sese
1416 3461 1786 3520 damnaturos.
1811 3467 1899 3531 At,
1947 3471 2161 3537 quando

604 3541 672 3592 ne
704 3541 774 3594 ita
806 3545 1036 3598 convicti
1068 3547 1282 3614 quidem
1320 3552 1642 3608 erubescunt
1671 3594 1686 3618 ,
1721 3558 1814 3610 sed
1854 3560 1925 3612 ob
1963 3563 2162 3617 mentis

602 3640 878 3699 stuporem
910 3635 1398 3694 obtrectationibus
1426 3657 1522 3696 nos
1544 3642 1826 3713 impetunt,
1857 3649 1956 3703 rati
1980 3653 2159 3705 omnia

601 3723 782 3777 denuo
817 3723 868 3778 in
897 3725 1160 3793 judicium
1189 3732 1429 3784 vocanda
1461 3732 1576 3787 fore
1603 3749 1618 3798 ;
1652 3751 1753 3789 non
1785 3749 1843 3790 ut
1877 3740 1977 3806 ipsi
2014 3742 2151 3811 judi-

600 3823 812 3880 cenlur,
845 3813 974 3868 illud
1009 3816 1151 3871 enim
1197 3818 1500 3888 refugiunt,
1558 3825 1647 3878 sed
1679 3836 1736 3879 ut
1778 3843 1874 3881 nos
1909 3839 1962 3882 et
1991 3832 2161 3886 since-

605 3917 787 3955 roruni
826 3905 1037 3960 animas
1065 3908 1308 3962 molestia
1337 3911 1570 3967 alliciant
1598 3932 1613 3980 ;
1646 3920 2014 3975 necessarium
2051 3926 2160 3977 exi-

601 3995 813 4048 stimavi
849 3999 988 4064 apud
1025 4012 1118 4054 vos
1143 3999 1409 4069 mcipsum
1435 4019 1684 4074 purgare,
1748 4026 1816 4063 ne
1849 4011 1986 4066 ultra
2043 4015 2161 4070 illos

601 4084 1070 4142 abmurmurantes
1125 4091 1514 4159 toleretis,imo
1543 4099 1718 4166 patius
1777 4117 1962 4157 eorum
2001 4107 2158 4160 mali-

599 4177 854 4244 gnitatem
881 4189 929 4232 et
957 4179 1251 4236 calumnias
1277 4183 1624 4253 dignoscatis.
1667 4188 1831 4247 Vobis
1890 4195 2155 4262 siquidem

598 4271 825 4324 sinceris
851 4271 1159 4329 hominibus
1191 4277 1450 4332 rationem
1505 4281 1706 4337 reddo:
1745 4285 2003 4340 adversus
2057 4288 2158 4341 liti-

595 4363 775 4430 giosos
798 4374 979 4419 autem
1016 4366 1267 4436 loquendi
1303 4371 1548 4425 ﬁduciam
1602 4375 1733 4429 mihi
1772 4380 2016 4446 praebent
2062 4395 2151 4433 ar-

595 4466 850 4518 gumenta
881 4459 1080 4526 quibus
1107 4459 1181 4514 illi
1226 4464 1642 4520 convincuntur.
1688 4468 1976 4525 Enimvero
2009 4473 2150 4538 quod

2263 3293 2562 3361 γενομένας
2634 3293 2934 3360 ἀποδείξεις
3008 3293 3369 3347 καταδύεσθαι
3451 3293 3646 3350 λοιπὸν
3725 3304 3856 3360 τοὺς

2261 3383 2508 3454 ἐχθροὺς,
2532 3386 2625 3438 καὶ
2652 3385 2848 3455 μᾶλλον
2880 3388 2944 3439 ὲκ
2993 3387 3196 3440 τούτων
3255 3388 3699 3453 καταγινώσκειν
3739 3392 3854 3463 (64)

2262 3472 2488 3538 ἑαυτῶν,
2538 3474 2623 3542 ἐφ’
2671 3472 2752 3538 οἷς
2801 3475 2892 3528 καὶ
2937 3476 3062 3538 τοὺς
3109 3475 3301 3538 ἄλλους
3351 3479 3855 3552 ὲσυκοφάντησανο

2263 3563 2446 3633 ἐπειδὴ
2495 3563 2551 3617 δὲ
2603 3565 2710 3617 οὐδ’
2752 3565 2895 3619 οὕτω
2955 3567 3430 3634 καταγνωσθέντες
3489 3570 3856 3641 ὲρυθριῶσιν.

2262 3654 2376 3708 ἀλλ’
2407 3656 2498 3707 ὑπ’
2528 3656 2880 3727 ἀναισθησίας
2925 3657 3150 3728 ἓρπουσι
3191 3660 3310 3721 ταῖς
3339 3658 3732 3726 καταλαλιαῖς,
3767 3682 3856 3717 νο-

2266 3747 2509 3817 μίζοντες
2537 3747 2762 3801 ἀνάδικα
2801 3749 2975 3802 πάντα
3019 3748 3295 3818 γίνεσθαι,
3331 3753 3428 3822 οὐχ
3472 3753 3558 3806 ἵνα
3606 3757 3854 3825 κριθῶσι

2263 3837 2542 3907 (φεύγουσι
2570 3838 2718 3908 γάρ),
2735 3838 2848 3890 ἀλλ’
2879 3837 2943 3891 ἶν’
2962 3840 3108 3908 ἡμᾶς
3138 3841 3230 3892 καὶ
3256 3841 3354 3904 τὰς
3381 3841 3558 3910 ψυχὰς
3581 3843 3697 3897 τῶν
3721 3847 3856 3898 ἀκε·

2262 3929 2430 4000 ραίων
2456 3929 2756 3982 σκύλλωσιν
2776 3969 2791 3991 ,
2821 3931 3114 3998 ἀναγκαῖον
3141 3933 3432 4002 ἡγησάμην
3467 3935 3598 4004 ὑμῖν
3639 3937 3859 3990 ἀπολο-

2259 4018 2552 4088 γήσασθαι,
2581 4020 2668 4071 ἵνα
2693 4019 2889 4088 μηκέτι
2921 4019 3018 4088 μὲν
3053 4021 3231 4073 αὐτῶν
3262 4021 3526 4092 ἀνέχησθε
3561 4024 3678 4095 (65)
3720 4044 3852 4095 γογ-

2258 4108 2548 4177 γυζόντων,
2579 4109 2890 4179 καταγνῶτε
2919 4111 2975 4163 δὲ
3007 4111 3106 4181 τῆς
3131 4113 3394 4182 πονηρίας
3437 4115 3532 4167 καὶ
3560 4132 3853 4188 συκοφαν-

2256 4202 2376 4264 τίας
2405 4202 2603 4256 αὐτῶν.
2647 4203 2807 4273 Ὑμῖν
2839 4204 2937 4271 μὲν
2965 4203 3074 4276 γὰρ
3094 4207 3219 4268 ’τοῖς
3253 4205 3498 4275 γνησίοις
3532 4209 3853 4280 ἀπολογοῦ-

2261 4307 2389 4362 μαι’
2423 4291 2560 4362 πρὸς
2606 4290 2663 4343 δὲ
2710 4292 2837 4353 τοὺς
2889 4291 3324 4360 φιλονεικοῦντας
3380 4288 3851 4370 παρρησιάζομαι

2255 4383 2368 4444 τοῖς
2389 4383 2509 4436 κατ’
2533 4382 2711 4435 αὐτῶν
2735 4383 2996 4452 ἐλέγχοις.
3027 4385 3222 4437 Οὐκέτι
3247 4385 3356 4456 γὰρ
3381 4387 3620 4457 κρίσεως
3664 4391 3850 4445 δεῖται

2254 4471 2324 4526 τὰ
2352 4472 2471 4525 καθ’
2506 4475 2682 4544 ἡμᾶς’
2717 4474 2966 4544 κέκριται
3000 4474 3108 4544 γὰρ
3144 4476 3241 4544 οὐχ
3279 4476 3459 4540 ἅπαξ,
3501 4478 3622 4532 οὐδὲ
3653 4480 3850 4534 δεύτε-

595 4546 660 4597 ad
693 4561 789 4601 nos
833 4557 1063 4616 spectat,
1096 4551 1302 4621 judicio
1347 4555 1496 4610 nullo
1529 4573 1664 4627 opus
1701 4570 1820 4625 est;
1849 4561 2152 4630 judicatum

2263 4581 2351 4635 ρον
2378 4564 2508 4636 (66),
2527 4540 2670 4619 ’ἀλλά
2691 4566 2783 4618 καὶ
2817 4540 3092 4629 me...
3125 4540 3338 4638 πρῶτον
3357 4569 3478 4640 μὲν,
3506 4571 3564 4623 ἐν
3591 4575 3658 4642 τῇ
3699 4575 3849 4645 ἡμε-

591 4638 737 4692 enim
787 4639 898 4707 jam
956 4654 1058 4708 est,
1089 4660 1195 4699 non
1241 4647 1432 4711 semel,
1463 4664 1636 4719 neque
1657 4652 1760 4717 bis,
1794 4655 1887 4706 sed
1911 4670 2151 4724 smpenu-

594 4746 762 4785 mero.
788 4732 1025 4789 Primum
1054 4737 1271 4804 quidem
1302 4739 1354 4793 in
1385 4750 1568 4795 nostra
1601 4745 1876 4810 provincia
1907 4747 1959 4801 in
1989 4765 2151 4802 unum

590 4833 796 4888 coacta,
827 4827 894 4879 ab
937 4829 1204 4898 episcopis
1257 4845 1425 4901 prope
1477 4844 1718 4892 centum.
1765 4837 2013 4893 Secundo
2046 4839 2155 4895 Ro-

593 4927 710 4976 m:e,
741 4929 862 4966 cum
890 4926 1010 4984 post
1035 4919 1228 4974 missas
1261 4920 1395 4975 illuc
1411 4923 1478 4977 ab
1507 4922 1738 4979 Eusebio
1770 4925 2002 4992 litteras,
2028 4943 2147 4982 cum

594 5003 690 5069 ipsi
721 5014 830 5057 tum
861 5022 960 5061 nos
990 5010 1151 5064 etiam
1195 5013 1248 5065 in
1271 5013 1533 5082 judicium
1561 5019 1732 5072 vocati
1791 5033 1999 5086 sumus,
2028 5037 2152 5076 con-

589 5097 906 5168 gregatique
951 5112 1079 5155 sunt
1135 5103 1207 5159 ibi
1259 5106 1496 5177 episcopi
1551 5109 1669 5178 plus
1734 5113 2145 5184 quinquaginta.

665 5277 775 5342 (65)
815 5279 1024 5347 Scripta
1060 5297 1204 5338 anno
1237 5285 1454 5340 circiter
1480 5288 1604 5343 350.
1628 5319 1699 5329 —
1728 5288 1780 5342 In
1827 5289 1981 5345 titulo
2012 5289 2138 5342 illud

588 5348 729 5426 κατὰ
763 5349 1054 5426 Ἀρειανῷν
1097 5354 1245 5408 deest
1276 5355 1325 5409 in
1379 5356 1570 5426 Regio.
1621 5361 1708 5422 qui
1757 5375 1875 5411 cum
1905 5360 2154 5413 omnibus

589 5418 709 5471 aliis
744 5418 859 5497 tum
913 5424 1077 5497 editis
1132 5433 1239 5477 tum
1297 5441 1427 5481 mss.
1463 5418 1912 5497 ”Ἀπολογητικὸς
1967 5429 2151 5482 δεύτε-

593 5502 709 5563 ρος,
744 5489 940 5563 habet,
990 5496 1081 5547 sed
1123 5509 1425 5563 perperam,
1480 5514 1600 5552 cum
1664 5489 1803 5550 milia
1837 5489 1962 5553 ante
2014 5501 2148 5554 hanc

593 5558 833 5628 apologia
881 5563 1080 5629 scripta
1114 5558 1306 5626 sit,'ut
1355 5558 1464 5633 jam
1505 5569 1825 5622 monuimus.
1880 5569 1984 5622 Sed
2029 5570 2147 5622 ideo

593 5638 826 5708 frientur,
859 5634 1126 5708 _secunda,
1149 5635 1283 5708 quia
1315 5646 1450 5708 post!
1487 5637 1793 5703 Apologinm
1823 5639 1884 5689 de
1927 5637 2051 5708 fuga
2075 5642 2142 5702 {in

2253 4656 2389 4726 τέρα
2416 4655 2567 4726 χώρᾳ
2590 4656 2928 4729 συναγομένῃ
2949 4656 3054 4710 ὑπὸ
3076 4659 3389 4712 ἐπισκόπων
3412 4660 3579 4729 ἐγγὺς
3605 4663 3814 4716 ἑκατόν
3831 4682 3847 4696 ο

2253 4737 2502 4816 δεύτερον
2524 4747 2580 4800 δὲ
2610 4749 2665 4799 ὲν
2691 4750 2755 4818 τῇ
2794 4747 3002 4821 Ῥώμῃ,
3054 4748 3363 4819 γράψαντος
3402 4751 3668 4805 Εὐσεὸιου
3698 4795 3716 4815 ,
3749 4757 3851 4810 καὶ

2255 4839 2562 4909 κληθέντων
2612 4839 2791 4892 αὐτῶν
2837 4857 2894 4892 τε
2957 4841 3053 4894 καὶ
3099 4841 3278 4912 ἡμῶν,
3329 4843 3423 4896 καὶ
3457 4845 3850 4915 συναχθέντων

2257 4932 2590 4995 ἐπισκόπων,
2624 4932 2785 4984 κάκεῖ
2813 4932 2973 4986 πλέον
3009 4936 3372 5005 πεντήκονταο
3409 4938 3502 4989 καὶ
3537 4938 3732 5007 τρίτον
3788 4943 3852 4994 ὲν

2255 5026 2322 5095 τῇ
2355 5024 2564 5095 μεγάλῃ
2600 5024 2802 5095 συνόδῳ
2834 5027 2899 5094 τῇ
2941 5025 2998 5077 ὲν
3038 5025 3274 5096 Σαρδικῇ
3322 5027 3646 5099 συναχθείσῃ
3693 5029 3850 5084 κατὰ

2258 5116 2553 5188 πρόσταξιν
2574 5115 2679 5170 τῶν
2705 5116 3132 5186 θεοφιλεστάτων
3159 5117 3420 5188 βασιλέων
3442 5123 3848 5176 Κωνσταντιου

2315 5289 2424 5362 (64)
2451 5290 2559 5344 Vox
2584 5288 3050 5362 καταγιγνώσκειν
3075 5293 3214 5360 apud
3233 5293 3606 5352 Athanasium.
3629 5294 3842 5362 depre-

2259 5359 2878 5423 Iiemlere,conviucere,
2925 5361 3040 5415 falsi
3095 5359 3338 5429 arguere,
3397 5365 3506 5415 imo
3560 5359 3846 5417 damnare

2256 5429 2548 5500 signiﬁcat,
2580 5430 2670 5483 sed
2701 5445 2798 5496 pro
2828 5432 3526 5500 condemnationejuridica
3558 5433 3643 5485 vix
3683 5436 3842 5500 apud

2254 5499 2502 5572 eumdem
2535 5501 2805 5572 usuvenit,
2832 5499 2926 5552 sed
2965 5511 3116 5569 prout
3149 5504 3410 5556 damnare
3439 5503 3580 5558 idem
3609 5499 3844 5572 signiﬁ-

2253 5576 2341 5620 cat
2366 5581 2429 5618 ac
2461 5568 2784 5635 improbare.

2323 5636 2434 5706 (65)
2466 5635 2594 5707 Reg.
2631 5635 2960 5708 ἀνάσχησθε.
3010 5638 3151 5695 Infra
3191 5640 3354 5708 idem,
3407 5642 3508 5714 τῆς
3555 5656 3850 5710 συκοφαν-

589 5696 752 5774 editis
779 5707 834 5750 et
858 5699 910 5751 in
937 5696 1329 5774 manuscriptis
1349 5696 1676 5768 collocatur;
1689 5722 1808 5774 quae
1830 5696 2009 5763 tamen
2037 5696 2141 5763 non
2245 5696 2384 5766 τίείς.

591 5774 673 5815 est
707 5766 824 5833 ejus
858 5771 1071 5836 propria
1096 5766 1275 5840 sedes,
1309 5776 1383 5830 uti
1411 5791 1569 5847 supra
1599 5766 1798 5832 dictum
1827 5787 1927 5833 est.

2323 5774 2433 5846 (66)
2467 5776 2600 5846 Reg.
2632 5775 2692 5829 οὐ
2715 5775 2986 5848 δεύτερον.
