4006 6506
1404 288 1416 311 ι

196 431 277 486 Ξὶθ
1270 422 1609 478 APOLOGIA
1643 421 1923 477 CONTRA
1960 422 2283 478 ARIANUS.

3274 425 3376 483 ὶῦυ

194 550 268 600 καὶ
294 542 628 605 Κῶνσταντος
652 558 666 571 ·
701 543 758 593 ἐν
853 541 945 595 καὶ
987 542 1034 593 οί
1091 541 1211 594 καθ’
1244 541 1399 611 ἡμῶν
1447 541 1714 611 γενόμενοι

1831 541 2012 594 Tertio
2040 542 2313 609 inmagna
2335 540 2541 611 synodo
2570 538 2793 594 Sardice
2827 548 3036 605 coacta,
3062 539 3217 607 jussu
3251 541 3379 593 reli-

195 634 528 705 καθῃρέθησαν
557 634 633 696 ὡς
666 634 1018 701 συκοφάνται,
1046 636 1159 696 τοῖς
1182 650 1242 685 τε
1268 634 1529 704 κριθεῖσιν
1578 633 1715 704 ὑπὲρ

193 726 324 796 ἡμῶν
353 723 774 792 συνεψηφίσαντο
808 722 1231 792 μέν.ἐπίσκοποι
1265 723 1477 786 πλείους
1498 741 1716 793 τριακο-

196 819 295 870 σίων
316 816 435 885 (67),
460 816 515 881 ἐξ
544 815 822 887 ἐπαρχιῶν
856 816 1151 882 Αἰγύπτου,
1186 815 1411 885 Λιϐύης,
1456 817 1549 869 καὶ
1579 817 1711 867 Πεν-

196 910 457 973 ταπόλεως,
488 891 887 979 Παλαιστίνης,
929 907 1210 977 Ἀραϐίας,
1258 909 1552 979 Ἰσαυρίας,
1604 908 1715 960 Κύ-

196 1019 330 1071 πρου,
362 1000 712 1070 Παμφυλίας,
744 1000 974 1063 Λυκίας,
1005 1000 1269 1062 Γαλατίας
1290 1040 1305 1063 ,
1340 1000 1571 1062 Δακίας,
1599 1003 1714 1053 Μυ-

197 1094 316 1153 σίας,
347 1091 555 1159 Θρᾴκης
576 1130 590 1152 ,
628 1089 927 1160 Δαρδανίας
953 1129 966 1150 ,
1012 1089 1373 1153 Μακεδονίας,
1422 1090 1710 1159 Ἦπείρων,

195 1180 474 1243 Θεσσαλίας,
522 1180 779 1248 Ἀχαῖας,
806 1178 1058 1249 Κρήτης,
1094 1178 1433 1248 Δαλματίας,
1471 1178 1708 1243 Σισκίας,

195 1271 468 1334 Παννονίων,
490 1270 745 1341 Νωρικοῦ
772 1309 785 1332 ,
826 1269 1083 1333 Ἰταλίας,
1122 1269 1357 1339 Πικηνού
1378 1310 1391 1332 ,
1422 1270 1709 1333 Τουσκίας,

196 1362 491 1430 Καμπανίας,
526 1361 868 1433 Καλαϐρίας,
906 1362 1219 1424 Ἀπουλίας,
1249 1362 1541 1432 Βρουττίας
1578 1361 1708 1431 (68),

194 1452 418 1515 Σικελίας,
471 1452 742 1522 Ἀφρικῆς
800 1452 1010 1520 πάσης,
1066 1451 1390 1522 Σαρδανίας,
1441 1450 1709 1513 Σπανιῶν,

195 1543 402 1605 Γαλλιῶν,
450 1542 810 1613 Βρεττανιῶν.
864 1542 1352 1612 Ἐπεμαρτύρησαν
1398 1540 1454 1593 δὲ
1504 1540 1710 1602 τούτοις

196 1636 445 1705 Οΰρσάκιος
469 1636 561 1688 καὶ
585 1634 819 1704 Οὐάλης,
849 1635 898 1686 οἱ
920 1633 1178 1705 πρότερον
1202 1634 1297 1703 μὲν
1320 1632 1708 1696 διαϐάλλοντες,

195 1726 371 1796 ὓστερον
391 1727 444 1778 δὲ
474 1727 837 1797 μεταγνόντες
860 1743 873 1755 ·
898 1726 956 1777 οὐ
984 1725 1089 1797 γὰρ
1115 1726 1271 1794 μόνον
1298 1724 1624 1789 ἀπεδέξαντο
1644 1724 1710 1777 τά

194 1817 401 1885 κριθέντα
451 1817 595 1888 ὑπὲρ
646 1816 823 1887 ἡμῶν,
874 1816 1008 1870 ἀλλά
1079 1818 1170 1869 καὶ
1212 1816 1317 1885 (69)
1370 1816 1709 1884 συκοφάντας

194 1909 370 1970 ἑαυτούς
390 1927 444 1961 τε
470 1910 570 1963 καὶ
602 1910 731 1972 τοὺς
752 1908 941 1973 ἄλλους
972 1910 1097 1972 τοὺς
1139 1910 1258 1963 καθ’
1288 1909 1444 1979 ἡμῶν
1484 1909 1707 1979 γενομέ-

193 2016 281 2061 νους
315 1999 685 2070 ὡμολόγησαν.
742 2002 806 2053 υἱ
864 2000 971 2071 γάρ
1000 2000 1168 2063 οὕτως
1213 1999 1568 2069 μεταγνόντες
1618 2001 1712 2052 καὶ

192 2090 320 2153 οἱτως
343 2092 653 2162 γράψαντες
691 2092 836 2163 δῆλοί
870 2095 973 2144 είσι
1010 2092 1115 2145 καὶ,
1140 2094 1263 2155 τοὺς
1306 2092 1431 2162 περὶ
1460 2091 1712 2143 Εὑσέϐιον

193 2180 474 2250 ἐλέγχοντες,
515 2183 658 2252 μετὰ
704 2182 811 2253 γάρ
862 2183 1038 2235 αὐτῶν
1072 2186 1222 2253 κοινῇ
1265 2182 1362 2254 τὴν
1392 2182 1513 2235 καθ’
1559 2182 1712 2253 ἡμῶν

191 2271 558 2343 ἐμηχανήσαντο
606 2274 895 2343 συσκευήν.
945 2272 1023 2325 Τά
1072 2274 1249 2326 τοίνυν
1299 2274 1404 2325 ὑπὸ
1446 2274 1712 2326 τοσούτων

195 2360 277 2429 (70)
314 2365 395 2415 καί
439 2364 780 2435 τηλικούτων
825 2367 1133 2418 ἐπισκόπων
1178 2365 1573 2435 δοκιμασθέντα
1620 2368 1712 2419 καὶ

190 2453 415 2520 κριθέντα,
474 2456 861 2525 ἀποδειχθέντα
908 2474 967 2508 τε
1019 2457 1241 2519 λευκῶς,
1280 2457 1529 2528 περιττὸν
1576 2452 1713 2511 εἶναι.

188 2541 306 2596 πάλιν
328 2544 713 2616 ἀνακρίνεσθαι
747 2546 851 2608 πᾶς
893 2546 1138 2597 ὁστισοῦν
1175 2546 1556 2617 ὁμολογήσειεν
1578 2589 1591 2610 ,
1630 2550 1713 2601 ἵνα

188 2632 256 2701 μὴ,
286 2635 373 2688 κᾶν
417 2636 515 2688 νῦν
544 2635 841 2704 ἐξετασθῇ,
881 2635 1037 2687 πάλιν
1076 2636 1339 2707 ἁνακριθῇ
1363 2678 1376 2699 ,
1440 2640 1531 2689 καὶ
1559 2634 1712 2701 αὖθις

185 2726 422 2799 ὲξετασθῇ,
462 2730 558 2782 καὶ
582 2728 757 2792 οὕτως
788 2730 899 2798 (71)
928 2731 1007 2793 είς
1038 2729 1339 2800 ἀπέραντον
1383 2730 1451 2783 τὰ
1474 2729 1580 2783 τῶν
1619 2745 1715 2783 πε·

188 2820 585 2891 ριεργαζομένων
610 2822 833 2890 γένηται

228 3094 270 3150 2.
300 3099 497 3169 Ἤρκει
527 3098 627 3169 μὲν
657 3097 766 3169 γάρ
792 3098 885 3150 καὶ
908 3100 941 3169 ἡ
968 3097 1074 3150 τῶν
1103 3098 1366 3150 τοσούτων
1399 3097 1712 3149 ἐπισκόπων

176 3186 312 3257 ﬁam;
336 3191 666 3260 δυσωπῆσαι
718 3190 843 3252 τοὺς
866 3189 943 3242 ἐτι
990 3189 1091 3242 κᾶν
1124 3188 1537 3259 προσποιεῖσθαι
1588 3188 1708 3241 καθ’
1737 3217 1779 3273 C

179 3279 295 3346 ἡμῶν
322 3280 709 3351 βουλομένους·
746 3280 834 3331 ὅτε
876 3278 932 3331 δὲ
978 3278 1071 3330 καὶ
1116 3278 1299 3348 ἐχθροὶ⁵
1346 3276 1711 3348 μαρτυροῦσιν

178 3370 285 3442 ὑπὲρ
307 3375 342 3444 η
354 3372 465 3443 μῶν
508 3390 569 3425 τε
603 3372 698 3425 καὶ
741 3369 862 3423 καθ’
892 3370 1128 3433 ἐαυτῶν,
1165 3372 1463 3439 φάσκοντες
1503 3370 1567 3422 τὰ
1595 3369 1713 3421 καθ’

180 3457 299 3525 ἡμῶν
358 3454 491 3511 εἶναι
525 3456 820 3527 συσκευὴν,
872 3455 956 3518 τίς
1008 3455 1085 3507 ἔτι
1132 3456 1313 3509 λοιπὸν
1365 3454 1715 3525 ἀμῳιόἀλλων

180 3548 253 3601 οὐκ
281 3550 624 3619 αἰσχύνετακ
658 3548 765 3601 Τοῦ
794 3548 901 3618 γὰρ
930 3547 1091 3617 νόμου
1125 3547 1434 3610 κελεύοντος
1467 3547 1559 3597 ἐπὶ
1600 3546 1717 3598 στό-

183 3658 317 3707 ματος
368 3644 457 3696 δύο
495 3645 588 3696 καὶ
630 3641 799 3712 τριῶν
857 3642 1145 3712 μαρτύρων
1176 3642 1425 3695 ἵστασθαι
1473 3642 1569 3704 τὰς
1596 3642 1714 3713 κρί-

182 3747 284 3797 σεις,
314 3734 421 3787 ἰδοὺ
448 3734 701 3787 τοσοῦτον
736 3732 935 3802 πλῆθος
986 3732 1123 3801 ὑπὲρ
1167 3732 1322 3802 ἡμῶν
1362 3734 1477 3784 ἐστι
1514 3732 1716 3803 μαρτύ-

184 3839 281 3891 ρων,
308 3826 424 3895 ἕχον
447 3825 765 3897 προσθήκην
794 3823 890 3877 καὶ
917 3822 1012 3893 τὴν
1040 3824 1190 3893 παρὰ
1210 3823 1317 3875 τῶν
1340 3823 1548 3894 ἐχθρῶν
1579 3823 1715 3876 ἀπό-

179 3913 313 3982 δειξιν
334 3933 346 3946 ’
378 3918 515 3973 ὥστε
546 3918 638 3970 καὶ
675 3918 802 3978 τοὺς
850 3916 1299 3985 ὑπολειπομένους
1327 3917 1518 3986 μηκέτι
1553 3933 1718 3987 προσ-

183 4008 295 4076 έχειν
344 4006 440 4073 οἷς,
475 4011 550 4073 ὡς
593 4009 900 4080 ἠθέλησαν,
954 4010 1203 4061 ἐδίκασαν
1225 4048 1238 4068 ,
1269 4008 1403 4061 ἀλλά
1440 4007 1715 4077 βιάζεσθαι

182 4097 359 4166 λοιπὸν,
382 4104 469 4154 καὶ
492 4102 616 4155 ἀντὶ
640 4100 749 4152 τῶν
772 4100 1005 4167 εὐλόγων
1020 4100 1221 4151 ἀδικεῖν
1251 4100 1374 4161 τοὺς
1398 4099 1717 4167 ἐλέγχοντας

183 4192 363 4256 αὐτούς.
399 4194 564 4247 Τοῦτο
596 4194 707 4265 γὰρ
733 4195 929 4255 αὐτοὺς
952 4193 1182 4262 μάλιστα
1212 4193 1387 4254 λυπεῖ,
1420 4194 1717 4264 ἐπειδήπερ

184 4283 299 4354 ἆπερ
322 4286 552 4355 ἔκρυψαν
583 4284 738 4337 αὐτοὶ
772 4284 1091 4354 πράξαντες,
1124 4283 1215 4335 καὶ
1247 4282 1367 4334 καθ’
1399 4283 1621 4345 ἑαυτοὺς
1661 4286 1717 4335 ἐν

190 4374 326 4445 γωνία
355 4376 650 4438 συνέθεντο,
681 4372 855 4426 ταῦτα
898 4372 1107 4435 υὺάλης
1150 4371 1259 4440 (72)
1293 4371 1386 4423 καὶ
1420 4372 1719 4442 Οὺρσάκιος

185 4465 434 4535 ἐξήγαγον,
470 4468 563 4520 καὶ
593 4464 953 4533 ἀπεκάλυψαν
972 4482 983 4494 ’
1012 4464 1104 4516 καὶ
1134 4466 1310 4515 ἴσασιν
1345 4464 1607 4535 ἀκριϐῶς,
1644 4463 1719 4525 ὡς

1819 632 2244 699 giosissimorum
2276 633 2659 700 imperatorum
2688 631 2984 686 Constantii
3032 643 3084 685 et
3109 632 3377 687 Constan-

1821 727 1887 777 tis
1920 744 1932 778 :
1965 724 2052 778 ubi
2078 725 2377 778 adversarii
2412 724 2577 777 nostri
2617 724 2769 792 quasi
2824 726 3170 793 sycophantm
3223 722 3376 776 dam-

1818 816 1931 869 nati
1971 818 2311 885 depositique
2360 826 2503 869 sunt.
2558 816 2625 869 lis
2661 831 2787 869 vero
2813 831 2931 884 qure
2976 814 3148 869 nostri
3197 815 3371 884 gratia

1816 907 2030 962 decreta
2083 910 2300 961 fuerunt
2335 906 2610 977 sulfragati
2667 917 2791 961 sunt
2838 907 3118 975 plusquam
3151 906 3374 961 trecenti

1816 999 2078 1068 episcopi,
2127 1012 2190 1051 ex
2227 997 2519 1065 provinciis
2582 996 2821 1066 Egypti,
2862 997 3073 1067 Libyae,
3109 995 3376 1061 Pentapo-

1816 1091 1949 1155 leos,
1983 1089 2304 1151 Palaestinae,
2336 1090 2580 1154 Arabiae,
2624 1089 2859 1151 Isauriae,
2889 1087 3073 1157 Cypri,
3108 1088 3377 1157 Pamphy-

1815 1181 1920 1244 lim,
1948 1180 2141 1249 Lyciae,
2167 1178 2405 1240 Galatiae,
2438 1177 2629 1238 Dacia.
2654 1176 2853 1247 Mysiaa,
2870 1176 3133 1242 Thraciae,
3168 1178 3373 1229 Darda-

1815 1274 1933 1338 nia,
1959 1272 2071 1342 98
2090 1272 2429 1333 Macedoniae,
2458 1270 2755 1339 Epirorum,
2781 1269 3091 1329 Thessalim.
3129 1268 3372 1331 Achaiae,

1812 1368 2004 1429 Cretae,
2073 1364 2380 1426 Dalmatiae,
2443 1362 2644 1425 Sisciae,
2694 1362 3112 1421 Pannoniarum,
3168 1360 3372 1423 Norici,

1813 1459 1999 1522 Italiae,
2022 1456 2228 1519 Piceni,
2248 1455 2476 1519 Tusciae,
2496 1455 2820 1524 Campanim,
2841 1455 3119 1516 Calabriae,
3146 1453 3373 1521 Apuliw,

1812 1549 2061 1613 Bruttia,
2116 1549 2337 1612 Siciliae,
2373 1550 2533 1601 totius
2580 1547 2795 1611 Africze,
2834 1547 3119 1611 Sardiniae,
3177 1547 3375 1615 Hispa-

1815 1640 2045 1701 niarum,
2081 1639 2399 1701 Galliarum,
2431 1638 2852 1691 Britanniarum.
2900 1636 3099 1691 Horum
3147 1648 3375 1691 senten-

1816 1731 1941 1783 tiam
1969 1731 2275 1784 testimonio
2303 1745 2399 1783 suo
2428 1730 2847 1797 comprobarunt
2873 1727 3127 1782 Ursarius
3174 1739 3227 1781 et
3261 1727 3363 1781 Va-

1815 1820 1948 1880 lens,
1982 1820 2069 1886 qui
2103 1830 2256 1873 antea
2292 1820 2505 1887 quidem
2546 1833 2630 1873 me
2670 1819 2977 1872 calumniati
3007 1819 3239 1885 fuerant,
3271 1820 3365 1873 sed

1818 1920 1998 1979 postea
2033 1910 2323 1978 resipuere.
2378 1910 2489 1963 Non
2523 1910 2693 1963 solum
2742 1911 2884 1963 cnim
2922 1925 3038 1977 quae
3072 1926 3167 1978 pro
3214 1910 3370 1964 nobis

1815 2001 2027 2053 decreta
2061 1998 2273 2052 fuerant
2297 2001 2702 2068 approbarunt;
2733 2001 2825 2052 sed
2848 1999 3009 2052 etiam
3039 2014 3096 2052 se
3122 2007 3377 2053 cancros-

1815 2107 1918 2159 que
1954 2091 2046 2160 qui
2079 2092 2237 2145 nobis
2257 2092 2551 2145 adversarii
2586 2090 2798 2145 fuerant
2820 2093 3182 2162 sycophantas
3209 2092 3379 2147 fuisse

1814 2180 2047 2235 confessi
2080 2190 2222 2237 sunt.
2264 2182 2395 2235 Nam
2425 2182 2461 2235 ii
2489 2198 2624 2250 quos
2684 2184 2753 2235 ita
2797 2182 3061 2237 factorum
3095 2184 3372 2251 pwnituit,

1813 2284 1865 2326 et
1892 2274 1979 2341 qui
2013 2289 2077 2326 eo
2104 2275 2261 2328 modo
2279 2275 2564 2343 scripsere,
2590 2275 2878 2328 Eusebium
2904 2292 3024 2330 cum
3042 2276 3156 2330 suis
3183 2287 3371 2346 aperte

1813 2376 2085 2434 arguunt,
2134 2365 2449 2434 quibuscum
2510 2366 2961 2435 conspirationem
3025 2381 3214 2421 contra
3278 2385 3377 2422 nos

1816 2456 1981 2510 moliti
2010 2456 2247 2510 fuerant.
2280 2456 2410 2522 Quae
2455 2457 2619 2525 igitur
2649 2475 2675 2512 a
2709 2468 2786 2512 tot
2818 2458 3121 2526 talibusque
3164 2459 3374 2527 episco-

1814 2548 1895 2615 pis
1920 2549 2194 2616 explorata
2220 2585 2236 2609 .
2273 2549 2487 2602 decreta
2523 2562 2587 2602 ac
2644 2548 2846 2617 liquido
2874 2550 3143 2603 declarata
3203 2560 3329 2602 sunt
3356 2591 3372 2615 ,

1813 2652 2270 2705 Supervacaneum
2298 2654 2415 2692 esse
2439 2640 2490 2691 in
2517 2639 2780 2706 judicium
2807 2655 3059 2693 revocare
3078 2656 3238 2696 nemo
3266 2656 3372 2695 non

1813 2728 2104 2795 fatebitur;
2135 2746 2200 2784 ne
2232 2732 2276 2783 si
2308 2747 2447 2785 ntmc
2478 2746 2690 2801 quoque
2732 2734 3090 2793 examinetur,
3148 2749 3367 2787 rursum

1814 2828 1997 2887 postea
2045 2817 2342 2886 judicetur,
2384 2836 2446 2873 ac
2500 2836 2585 2874 res
2626 2824 2800 2875 denuo
2829 2822 2879 2875 in
2941 2823 3376 2889 disquisitionem

1815 2918 2063 2972 vocetur,
2115 2918 2169 2963 et
2202 2911 2280 2963 sic
2335 2911 2387 2963 in
2447 2910 2718 2964 inliuitum
2766 2911 2999 2965 inaniter
3050 2912 3378 2967 inuuirendo

1814 3001 2157 3069 procedatur.

1882 3089 2293 3159 2.Satquidem
2349 3098 2630 3143 essentlot
2662 3091 3038 3160 episc0pormn
3092 3091 3370 3162 sullragia,

1816 3183 1881 3235 ad
1915 3183 2317 3236 confundendos
2339 3198 2434 3235 eos
2463 3182 2551 3251 qui
2597 3183 2890 3236 etiamnum
2946 3184 3147 3251 aliquid
3183 3196 3369 3237 contra

1816 3290 1913 3329 nos
1935 3274 2268 3328 comminisci
2318 3283 2599 3342 exoptant.
2653 3272 2752 3328 Ubi
2787 3289 2916 3327 vero
2946 3274 3042 3342 ipsi
3070 3275 3371 3327 adversarii

1817 3382 1912 3435 pro
1943 3364 2097 3418 nobis
2134 3375 2188 3418 et
2230 3376 2417 3418 contra
2476 3365 2685 3434 seipsos
2746 3366 3111 3417 testiinonium
3150 3364 3368 3428 ferunt,

1816 3458 2158 3525 fatenturque
2203 3471 2322 3524 qua:
2378 3465 2566 3511 contra
2610 3468 2707 3508 nos
2736 3454 2908 3507 delata
2943 3462 3066 3506 sunt
3098 3468 3217 3507 esse
3241 3469 3372 3506 cou-

1816 3550 2186 3620 spirationem,
2229 3552 2351 3615 quis
2395 3556 2580 3617 postea
2610 3546 2708 3600 hac
2755 3548 2820 3599 de
2852 3561 2909 3599 re
2960 3545 3043 3600 vel
3099 3545 3373 3615 ambigere

1818 3656 1921 3694 non
1960 3639 2272 3695 erubuerit?
2306 3639 2445 3708 Lege
2498 3638 2639 3691 enim
2675 3636 2899 3703 jubeute
2923 3638 2972 3689 in
3005 3652 3101 3689 ore
3128 3638 3359 3689 duorum

1818 3731 1900 3785 vel
1923 3734 2083 3785 trium
2124 3733 2344 3785 testium
2398 3729 2597 3799 judicia
2631 3730 3011 3782 constituemla
3054 3741 3191 3787 esse.
3244 3742 3372 3780 ecce

1819 3832 1965 3876 tanta
1997 3822 2208 3876 testium
2243 3836 2339 3889 pro
2374 3821 2525 3873 nobis
2555 3821 2706 3872 adest
2736 3818 3045 3881 multitudo,
3110 3817 3195 3871 cui
3258 3816 3371 3884 ipsa

1818 3914 2159 3968 inimicorum
2184 3912 2477 3966 declaratio
2520 3911 2892 3963 additamcuto
2916 3918 3037 3974 est;
3089 3908 3159 3962 ita
3206 3918 3263 3961 ut
3292 3923 3375 3960 re-

1818 4007 1949 4073 liqui
1979 4020 2045 4058 ex
2076 4004 2398 4058 adversariis
2454 4003 2587 4056 nihil
2642 4002 2779 4054 ultra
2819 4002 3100 4054 attendant
3138 4000 3202 4053 iis
3252 4015 3373 4069 qua

1820 4097 2038 4164 ipsimet
2072 4110 2166 4163 pro
2198 4094 2415 4148 libidine
2438 4094 2767 4161 indicavere,
2789 4090 2880 4142 sed
2906 4104 2969 4143 eo
2985 4091 3199 4143 demum
3226 4104 3376 4143 com-

1822 4187 2090 4257 pellantur
2139 4196 2216 4251 ut,
2258 4185 2375 4239 vice
2416 4193 2895 4237 consentanearutn
2945 4184 3234 4242 rationum,
3283 4196 3377 4234 eos

1821 4277 1912 4347 qui
1942 4292 1999 4331 se
2027 4278 2357 4330 cunviucunt
2389 4274 2601 4343 injuriis
2627 4272 2883 4326 alliciant.
2915 4272 3043 4325 Illud
3067 4271 3214 4324 enim
3244 4271 3376 4338 ipsis

1821 4370 2056 4423 maxime
2092 4368 2379 4421 molestum
2413 4376 2516 4427 est,
2566 4366 2709 4433 quod
2756 4379 2872 4431 quae
2903 4378 2931 4415 a
2964 4378 3023 4417 se
3064 4364 3196 4416 clam
3227 4373 3375 4431 gesta

1821 4474 1877 4517 et
1909 4461 1964 4517 ζ.)
1993 4461 2185 4530 angulo
2214 4468 2417 4513 structa
2450 4466 2595 4518 sunt,
2641 4456 2754 4509 [nec
2783 4452 2979 4507 Valens
3009 4463 3064 4507 et
3119 4451 3376 4507 Ursacius

188 4558 411 4625 ἠτούτων
440 4561 699 4629 μετάνοια
728 4555 1041 4626 κατακρίνει
1094 4556 1189 4625 μὲν
1219 4555 1457 4619 ἐκείνους
1477 4595 1492 4618 ,
1522 4556 1714 4608 δικαιοῖ

1823 4554 1996 4623 palam
2023 4550 2248 4604 fecerint
2270 4564 2335 4601 ac
2361 4546 2687 4599 revelarint:
2723 4553 2776 4596 et
2818 4543 3063 4610 apprime
3090 4553 3288 4594 norunt
3320 4557 3377 4593 se

185 4647 228 4700 δὲ
255 4653 364 4714 τοὺς
386 4651 741 4721 ἀδικηθέντας
770 4648 898 4719 παρ’
926 4647 1123 4701 αὐτῶν.
1156 4648 1253 4700 Διά
1278 4651 1433 4701 τοῦτο
1462 4648 1593 4715 γοῦν
1622 4649 1716 4701 καὶ

183 4740 230 4791 ἐν
270 4744 326 4812 τῇ
357 4744 492 4797 κατὰ
522 4739 792 4813 Σαρδικὴν
840 4741 1039 4809 συνόδῳ
1080 4740 1459 4812 καθῃρέθησαν
1479 4782 1495 4800 .
1529 4740 1717 4812 ὥσπερ

183 4828 452 4901 ἔμπροσθεν
500 4828 677 4896 εἷπον,
711 4831 802 4883 καὶ
846 4831 1067 4893 εἰκότως
1097 4847 1188 4898 γε·
1222 4832 1361 4884 οὔτω
1398 4831 1505 4903 γὰρ
1548 4834 1640 4886 καὶ
1667 4835 1717 4886 οἱ

183 4912 594 4993 τότεΦαρισαῖοι
622 4960 636 4983 ,
670 4919 1096 4989 ἀπολογούμενοι
1140 4921 1278 4989 ὑπὲρ
1329 4921 1421 4973 τοῦ
1483 4922 1715 4986 Παύλου,

184 5007 424 5083 διήλεγχον
452 5013 549 5085 τὴν
580 5011 788 5065 ἐαυτῶν
815 5012 909 5064 καὶ
946 5011 1052 5063 τῶν
1092 5011 1354 5064 Ἰουδαίων
1396 5014 1515 5066 κατ’
1557 5015 1715 5067 αὑτοῦ

187 5105 441 5175 γενομένην
500 5103 839 5174 συνωμοσίαν
864 5121 876 5134 ’
934 5102 1103 5166 οὕτως
1162 5105 1191 5155 ὁ
1243 5102 1509 5175 μακάριος
1555 5104 1717 5158 Δαϐὶδ

244 5213 338 5284 (67)
369 5219 587 5271 Ducenti
612 5218 884 5285 octoginta
919 5219 1155 5285 quinque
1180 5217 1414 5283 episcopi
1450 5217 1573 5271 huic
1616 5233 1703 5286 sy-

189 5288 300 5338 nodo
322 5290 704 5355 suhscripsisse
736 5289 986 5339 dicuntur
1018 5288 1153 5338 intra
1209 5297 1326 5351 post
1356 5288 1705 5355 subscriptio-

187 5369 264 5407 nes
285 5354 645 5428 Sardicenses,
679 5358 766 5407 ubi
801 5372 885 5428 res
924 5356 1093 5409 fusius
1145 5356 1497 5428 expendetur.
1541 5354 1705 5428 Paulo

186 5426 806 5541 gist,"t\pa6ia;_deerat
836 5427 885 5477 in
912 5429 1089 5487 cditts,
1112 5427 1205 5478 sed
1242 5426 1435 5493 legitur
1485 5428 1535 5478 in
1576 5426 1705 5495 ltcg.

220 5500 318 5541 asd-
351 5510 398 5541 σοι
429 5497 665 5541 Pali-km-
701 5495 732 5541 '7
759 5511 920 5541 anon.

220 5498 318 5548 nsil.
351 5495 405 5549 et
429 5497 666 5552 Felckin.
701 5495 732 5546 7
759 5511 920 5547 anon.

212 5650 625 5709 πεμαρτυρησαν,
658 5650 745 5686 alll
779 5652 897 5688 cum
931 5650 1087 5686 cuius
1116 5650 1521 5703 εμαρτυρησαν.

241 5710 337 5777 (0'9)
370 5708 421 5761 lu
449 5711 610 5762 editis
642 5703 736 5757 καί
776 5708 947 5765 deest,
992 5720 1088 5757 nos
1140 5721 1207 5756 ex
1261 5703 1393 5772 Reg.
1445 5703 1712 5773 supplevi-

183 5789 338 5906 miihi
370 5849 440 5902 Τὰ
456 5849 666 5902 τοίνυν
682 5844 799 5899 ὑπὸ
818 5844 1139 5898 τοσούτων.
1158 5841 1246 5897 Sic
1274 5842 1404 5907 lica.
1426 5852 1479 5896 et
1503 5844 1571 5896 ita
1592 5842 1717 5906 legit

1822 4645 2038 4714 quidem
2064 4640 2276 4694 illorum
2304 4638 2622 4706 ptenitentia
2649 4633 2895 4686 damnari
2914 4671 2930 4695 ,
2952 4648 3046 4686 eos
3069 4640 3247 4685 autem
3281 4632 3373 4700 qui

1824 4753 1853 4789 a
1888 4750 1947 4789 se
1985 4731 2177 4801 injuria
2228 4728 2402 4782 aﬂ‘ecti
2433 4727 2646 4778 fuerant
2688 4723 2936 4777 innoxios
2966 4721 3251 4775 declarari.
3292 4722 3374 4775 ld-

1819 4828 1965 4882 circo
1998 4826 2053 4878 in
2079 4820 2389 4878 Sardicensi
2424 4818 2631 4888 synodo
2663 4816 2893 4885 depositi
2928 4824 3074 4877 sunt,
3119 4814 3195 4868 uti
3221 4829 3368 4882 supe-

1820 4921 1932 4973 rius
1962 4916 2092 4980 dixi,
2119 4924 2175 4969 et
2199 4914 2322 4980 jure
2354 4911 2573 4980 quidem
2602 4927 2615 4962 :
2648 4924 2770 4962 nam
2798 4910 2877 4962 sic
2908 4907 3036 4962 olim
3086 4906 3377 4968 Pharisaei,

1819 5013 1945 5064 dum
1972 5008 2195 5062 Paulum
2227 5004 2599 5069 defenderent,
2639 5016 2791 5056 suam
2826 4998 3251 5067 Judaeorumque
3278 5000 3376 5052 ad-

1820 5118 2009 5156 versus
2045 5100 2194 5154 illum
2228 5097 2662 5167 coniurationem
2707 5092 3104 5165 patefecerunt.
3133 5090 3212 5143 Ita
3245 5091 3377 5144 hea-

1813 5215 1945 5269 Nan.
1978 5211 2139 5265 Basil.
2166 5210 2232 5263 τὰ
2254 5210 2348 5265 νῦν
2377 5208 2482 5261 ὑπὸ
2509 5206 2796 5260 τοσούτων.
2841 5203 2979 5257 Editi
3024 5218 3149 5254 vero
3180 5199 3247 5252 τὰ
3286 5199 3377 5252 νῦν

1811 5285 1938 5356 περὶ
1963 5282 2248 5335 τοσούτων.
2282 5284 2419 5353 Quas
2437 5281 2593 5332 lectio
2622 5275 2814 5356 ranvﬁv
2836 5314 2856 5356 ,_
2887 5277 2929 5328 si
2958 5272 3187 5356 genuitia
3213 5280 3375 5356 esset,

1815 5340 2011 5409 no'vum
2074 5340 2447 5420 argumentum
2483 5348 2866 5420 suppeditaret
2925 5345 2990 5395 ad
3044 5340 3376 5420 probandum

1819 5428 1955 5479 hanc
2006 5409 2310 5491 Apologiam
2378 5409 2686 5491 paulopost
2716 5409 3375 5491 5ardicensetn'synodmn

1820 5476 1987 5548 fuisse
2036 5476 2416 5559 conscriptam,
2470 5476 2581 5540 sed'
2611 5485 2781 5553 magis
2828 5482 3032 5533 arridet
3090 5476 3241 5547 Regii
3300 5478 3375 5529 le-

1834 5567 1945 5617 :tio.

1818 5583 2004 5703 ωξῗι)
2043 5629 2386 5703 Ἐξετασθ
2412 5626 2509 5678 καὶ
2546 5618 2930 5703 οὕτωςτιιιιιιο.
2955 5630 3074 5703 quae
3094 5612 3375 5703 Linchit'If

1820 5685 2041 5755 deerant
2075 5685 2311 5755 eLmss.
2338 5685 2477 5763 Reg.
2533 5707 2609 5763 et_
2632 5685 2791 5743 BasiI.
2826 5690 3051 5741 mutuati
3088 5700 3294 5741 sumus.
3326 5685 3377 5736 ln

1825 5772 1988 5827 Basil.
2028 5770 2219 5834 legitur
2246 5764 2399 5827 αὖθις
2435 5761 2530 5833 pro
2557 5761 2749 5824 οὕτως.

1896 5840 2007 5904 (ἹΞ)
2039 5838 2166 5907 Reg.
2191 5838 2385 5904 Βάλης.
