4006 6504
570 408 669 462 25³1

1139 405 1196 457 S.
1239 402 1611 457 ATHANASII
1650 400 1801 457 OPP.
1843 398 2023 455 PARS
2064 401 2103 454 I.
2138 431 2208 443 --
2247 399 2613 455 HISTOBICA
2655 402 2740 456 ET
2789 397 3210 457 DOGMA'HCA.

3715 401 3816 456 252

574 537 687 580 tum
716 523 883 581 David
915 522 1119 589 injuste
1146 523 1580 591 persecutionem
1617 535 1832 588 passum
1876 534 1999 573 esse
2047 537 2139 587 pa-

2263 520 2452 590 ιδείχΘη
2493 522 2667 589 μάτην
2692 522 3040 591 διωκόμενος,
3070 520 3305 591 ὁπηνίκα
3338 519 3605 573 datam»
3625 516 3819 583 ὦμολό-

572 615 676 669 lam
709 614 829 677 fuit,
863 616 950 669 ubi
999 614 1113 683 ipse
1165 623 1479 683 persecutor
1511 616 1791 665 veritatem
1837 613 1922 665 his
1962 614 2140 665 verbis

570 708 849 761 confessus
878 717 958 760 est
985 723 1000 760 :
1050 705 1293 769 Percari,
1328 705 1407 769 ﬁli
1438 706 1508 755 mi
1550 703 1719 755 David
1746 703 1807 756 δ’.
1842 703 1933 755 Sir.
1965 717 2015 755 et
2054 704 2139 757 isti

572 796 775 863 abipsa
808 798 1040 848 veritate
1083 794 1320 853 devicti,
1360 796 1570 845 veniam
1618 803 1897 862 rogarunt,
1942 813 2003 845 ac
2058 810 2143 846 re-

570 889 829 955 scriptum
857 888 954 939 bac
972 886 1035 938 de
1057 902 1111 939 re
1131 884 1273 939 Julio
1296 887 1475 936 Henna:
1498 884 1752 951 episc0p0
1781 884 2141 935 tradiderunt.

574 978 1129 1046 Scripscruutautem
1179 988 1233 1029 et
1280 979 1434 1030 nobis
1478 977 1811 1045 postulantes
1860 987 1918 1028 ιιι
1949 992 2133 1043 pacem

576 1071 855 1124 nobiscum
883 1072 1163 1133 haberent,
1214 1071 1303 1136 qui
1337 1079 1415 1120 tot
1448 1078 1704 1134 tantaque
1733 1068 1798 1121 de
1830 1068 1985 1121 nobis
2026 1084 2146 1136 per-

575 1164 877 1230 vulgaraut.
921 1162 983 1212 Et
1030 1160 1249 1227 quidem
1308 1158 1558 1213 fortassis
1600 1160 1711 1226 jam
1764 1162 2141 1225 erubescunt;

573 1255 700 1321 quia
734 1268 871 1320 quos
899 1253 964 1303 de
997 1254 1175 1305 medio
1207 1253 1395 1304 tollere
1419 1253 1768 1315 studuerant,
1798 1254 1898 1306 hos
1930 1255 2140 1307 Domini

574 1347 746 1412 gratia
776 1346 1095 1413 superstites
1125 1354 1381 1397 cernunt.
1441 1344 1631 1396 Arium
1679 1355 1859 1398 autem
1910 1346 2143 1413 ejusque

577 1438 823 1491 haeresim
871 1438 1218 1491 anathemate
1277 1442 1622 1501 dauniaruut,
1667 1436 1719 1491 id
1755 1452 2147 1506 consequenter

574 1540 833 1599 agentes:
860 1544 978 1581 cum
1008 1528 1150 1581 enim
1181 1529 1404 1590 scirent,
1434 1529 1501 1583 ob
1531 1529 1729 1581 nullam
1749 1528 1907 1581 aliam
1928 1544 2144 1581 causam

578 1624 733 1676 nobis
758 1621 1048 1675 Eusebium
1079 1638 1198 1674 cum
1226 1622 1339 1676 suis
1360 1622 1582 1674 insidias
1630 1621 1930 1689 paravisse,
1985 1636 2146 1688 quam

574 1716 646 1768 ob
675 1730 827 1767 suam
854 1715 1226 1783 impietatem;
1259 1728 1379 1767 cum
1414 1716 1628 1766 tandem
1682 1715 2003 1765 statuissent
2058 1729 2150 1768 ca-

577 1805 841 1858 lumniam
889 1807 1179 1859 adversum
1212 1821 1313 1859 nos
1356 1816 1617 1859 struetam
1657 1805 1923 1867 confiteri,
1953 1807 2136 1860 statim

2242 628 2377 681 γησε
2426 611 2630 680 λέγων’
2670 613 2991 681 Ἥμαρτον.
3036 613 3251 666 τέκνον
3291 611 3498 665 Δαϐίδ·
3535 609 3682 663 οὕτω
3730 610 3819 663 καὶ

2241 698 2385 756 οὗτοι
2438 705 2748 775 νικηθέντες
2804 706 2905 757 ὑπὸ
2945 706 3045 775 τῆς
3104 704 3359 773 ἀληθείας
3404 703 3679 771 ἠξίωσανι,
3732 700 3821 753 καί

2241 796 2549 866 γράψαντες
2602 796 2982 849 ἐπιδεδώκασιν
3021 794 3219 864 Ἰουλίῳ
3260 796 3337 866 τῷ
3363 796 3653 863 ὲπισκὸπῳ
3690 791 3818 844 Ῥώ-

2246 905 2373 957 μης.
2412 888 2696 957 Ἔγραψαν
2725 888 2782 940 δὲ
2814 888 2907 940 καὶ
2934 890 3065 957 ἡμῖν
3094 885 3367 951 ἀξιοῦντες
3394 886 3537 955 ἔχειν
3557 884 3659 954 τὴν
3694 884 3823 953 πρὸς

2243 980 2390 1049 ἡμᾶς
2428 980 2668 1049 εἰρήνην,
2705 981 2752 1030 οἱ
2798 978 3035 1031 τοσαῦτα
3084 979 3504 1050 θρυλλήσαντες’
3540 976 3638 1029 καὶ
3690 976 3825 1045 τάχα

2244 1071 2338 1123 καὶ
2363 1070 2456 1122 νῦν
2483 1069 2839 1141 ὲρυθριῶντες
2863 1070 2993 1122 διότι
3017 1067 3108 1132 οὓς
3141 1069 3409 1140 ἐζήτησαν
3434 1069 3647 1121 ἀνελεῖν
3667 1109 3681 1131 ,
3714 1068 3821 1119 του-

2244 1177 2371 1222 τους
2422 1162 2486 1229 τῇ
2529 1158 2710 1230 χάριτι
2767 1159 2859 1211 τοῦ
2921 1158 3122 1229 Κυρίου
3198 1158 3406 1221 ζῶντας
3468 1157 3664 1228 ὁρῶσι.
3727 1158 3827 1208 Καὶ

2252 1255 2466 1325 Ἀρειον
2495 1251 2550 1303 δὲ
2579 1250 2673 1304 καὶ
2702 1251 2801 1322 τὴν
2822 1252 3028 1320 αἵρεσιν
3062 1251 3480 1320 ἀνεθεμάτισαν,
3517 1247 3826 1309 ἀκολούθως

2245 1346 2405 1398 τοῦτο
2434 1343 2713 1405 ποιοῦντες
2734 1361 2745 1372 ·
2778 1343 2979 1406 εἰδότες
3004 1344 3133 1412 γὰρ,
3168 1343 3242 1406 ὡς
3282 1343 3348 1396 δι’
3380 1342 3532 1395 οὐδὲν
3561 1343 3755 1411 ἓτερον
3782 1341 3824 1391 οἰ

2250 1437 2377 1509 περὶ
2406 1436 2663 1489 Εὑσέϐιον
2712 1433 2841 1503 ἡμῖν
2900 1434 3253 1487 ἐπεϐούλευον
3300 1434 3331 1503 ἢ
3379 1432 3466 1485 διὰ
3538 1433 3641 1501 τὴν
3698 1432 3826 1483 ἰδίαν

2249 1529 2458 1583 ἑαυτῶν
2497 1529 2779 1583 ἀσέϐειαν·
2830 1528 2975 1594 ἅπαξ
3022 1527 3305 1599 κρίναντες
3351 1526 3690 1597 ὁμολογῆσαι
3737 1524 3827 1593 τὴν

2250 1622 2369 1675 καθ’
2414 1622 2571 1693 ἡμῶν
2622 1620 3003 1688 συκοφαντίαν,
3056 1619 3214 1682 εὐθὺς
3265 1620 3577 1690 ἠρνήσαντο
3617 1617 3713 1669 καὶ
3738 1614 3827 1686 τὴν

2250 1716 2628 1787 Χριστομάχον
2671 1715 2901 1785 αἵρεσιν,
2932 1713 2998 1765 δι’
3034 1714 3099 1782 ἢν
3132 1713 3226 1764 καὶ
3264 1711 3330 1764 τὰ
3358 1710 3481 1763 καθ’
3530 1708 3692 1780 ἡμῶν
3734 1709 3829 1760 ὑπ-

2251 1808 2551 1881 εκρίναντο.
2588 1807 2667 1860 Τὰ
2699 1809 2796 1878 μὲν
2837 1803 2929 1861 οὖν
2969 1806 3249 1876 γραφέντα
3280 1804 3430 1873 παρὰ
3460 1803 3573 1857 τῶν
3609 1802 3828 1855 ἐπισκό-

576 1896 797 1950 Christo
836 1896 1107 1949 inimicam
1142 1896 1415 1959 haeresim,
1459 1894 1614 1962 cujus
1639 1897 1811 1965 gratia
1839 1897 1958 1949 licta
1989 1897 2142 1950 nobis

2263 1918 2360 1953 των
2387 1901 2527 1970 ὑπὲρ
2557 1899 2709 1969 ἡμῶν
2724 1897 2863 1951 κατὰ
2891 1897 3175 1965 διαφόρους
3211 1897 3483 1959 συνόδους,
3515 1896 3613 1948 καὶ
3643 1892 3829 1964 πρῶτα

578 1989 813 2040 crimina
840 1989 1236 2057 imposuerant,
1294 1990 1657 2057 abnegarunt.
1703 1988 1833 2056 Qua:
1874 2001 2054 2042 autem
2085 1990 2153 2043 ab

576 2079 849 2149 episcopis
877 2095 975 2149 pro
1001 2080 1156 2135 nobis
1182 2081 1234 2134 iu
1256 2081 1488 2135 diversis
1507 2082 1731 2152 synodis
1756 2082 1959 2153 scripta
1990 2097 2148 2149 sunt;

577 2182 634 2226 et
661 2173 837 2239 primo
857 2188 976 2241 qua:
1004 2174 1071 2226 ab
1103 2172 1399 2242 Egyptiis,
1433 2175 1546 2226 haec
1572 2184 1730 2228 sunt:

927 2263 1038 2333 99
1106 2263 1380 2317 δΑΝοΤΑ
1425 2263 1764 2320 smoous

578 2357 916 2410 Alexandria:
938 2371 1252 2425 (ougregata
1275 2374 1338 2411 ea:
1377 2357 1611 2425 {Egypto
1635 2399 1648 2420 ,
1680 2358 1959 2420 Thebaide,
1988 2357 2153 2427 Libya

651 2460 695 2498 et
738 2446 1044 2510 Pentapoli,
1083 2448 1323 2500 omnibus
1365 2450 1553 2515 ubique
1596 2446 1850 2503 Ecclesiae
1883 2450 2156 2501 catholij

651 2539 905 2603 episcopis
929 2581 942 2600 ,
987 2537 1190 2589 dilectis
1230 2554 1293 2590 ac
1328 2540 1789 2593 dcsideratissimis
1823 2541 2077 2609 fratribus
2102 2544 2155 2595 in

654 2629 880 2680 Domino
898 2669 913 2691 ,
945 2629 1188 2683 salutem.

652 2717 709 2772 5.
748 2718 1068 2772 Poteramus
1099 2719 1342 2787 quidem,
1375 2719 1557 2775 dilecti
1589 2720 1806 2785 fratres,
1842 2723 2005 2776 etiam
2042 2732 2154 2777 sta-

583 2810 678 2863 tim
725 2810 794 2863 ab
838 2810 991 2864 initio
1029 2810 1279 2866 conﬂatus
1340 2813 1391 2866 in
1452 2813 1804 2867 Athanasium
1870 2814 2154 2869 commini-

583 2913 755 2955 strum
780 2912 1024 2955 nostrum
1053 2903 1496 2972 conspirationis,
1526 2916 1620 2957 aut
1650 2915 1770 2974 post
1791 2904 1909 2973 ejus
1924 2905 2158 2959 Alexan-

586 2995 759 3047 driam
806 2994 1134 3062 ingressum,
1185 2995 1414 3048 crimina
1452 2995 1658 3049 diluere
1706 3012 1824 3064 qua:
1869 2996 2156 3052 Eusebiaui

587 3086 639 3140 iu
688 3086 834 3140 illum
882 3086 1149 3142 malitiose
1198 3088 1593 3155 conﬂuxerant,
1647 3105 1713 3143 ac
1765 3106 1887 3143 cum
1944 3091 2047 3145 illis
2093 3093 2156 3145 de

582 3179 985 3233 calamitatibus
1012 3196 1144 3247 quas
1172 3181 1271 3250 ipsi
1298 3181 1594 3234 intulerant
1628 3183 1988 3252 expostulare,
2030 3200 2155 3247 nec-

2253 1994 2322 2046 τὰ
2346 1994 2453 2046 τῶν
2479 1992 2809 2061 Αἰγυπτίων,
2842 1990 2957 2044 ἔστι
2988 1990 3247 2061 τάδε’(75)
3272 2006 3282 2020 ⁸

2736 2260 2789 2309 H
2823 2258 2998 2309 ΑΓΙΑ
3031 2258 3341 2309 ΣΥΝΟΔΟΣ

2268 2346 2337 2400 ἸΙ
2354 2346 2425 2397 ἐν
2459 2345 2873 2418 Ἀλεξανδρείᾳ
2896 2346 3267 2418 συναχθεῖσα
3287 2347 3408 2400 ἀπό
3434 2363 3497 2399 τε
3526 2345 3641 2413 τῆς
3666 2350 3829 2418 Αἰγύ-

2325 2431 2498 2479 πτου,
2526 2416 2623 2469 καὶ
2656 2414 2765 2482 τῆς
2793 2416 3096 2481 Θηϐαΐδος,
3138 2418 3236 2469 καὶ
3274 2418 3516 2481 Λιϐύης,
3551 2418 3650 2469 καὶ
3694 2414 3832 2471 Πεν-

2326 2487 2648 2551 τίιπόλεως,
2679 2486 2801 2551 τοῖς
2830 2487 3177 2555 ἁπανταχοῦ
3200 2487 3309 2554 τῆς
3334 2486 3664 2555 καθολικῆς
3713 2491 3834 2543 Ἐχ-

2328 2558 2592 2623 κλησίας
2629 2557 3012 2622 ἐπισκόποις,
3064 2556 3391 2625 ἀγαπητοῖς
3433 2557 3528 2609 καὶ
3572 2564 3833 2613 ποθεινο-

2327 2628 2524 2693 τιὶτοις
2553 2626 2838 2696 ἀδελφοῖς
2864 2629 2933 2679 ἐν
2958 2626 3172 2695 Κυρίῳ,
3204 2630 3433 2696 χαίρειν
3469 2628 3605 2697 (74).

2364 2722 2416 2775 5.
2461 2721 2795 2791 Ίιδυνάμεϐα
2832 2721 2947 2791 μὲν,
2986 2722 3257 2790 ἀγαπητοὶ
3285 2720 3504 2789 ἀδελφοὶ
3525 2762 3540 2783 .
3573 2723 3672 2774 καὶ
3701 2721 3833 2774 κατά

2257 2813 2354 2884 τὴν
2384 2813 2557 2885 ἀρχὴν
2591 2812 2704 2883 ἆμα
2734 2812 2811 2883 τῷ
2836 2813 3270 2882 συσκευασΟῆναι
3299 2814 3389 2866 τὸν
3422 2813 3832 2885 συλλειτουργὸν

2257 2901 2417 2972 ἡμῶν
2463 2901 2876 2973 Ἀθανάσιον,ῆ
2936 2904 3027 2955 καὶ
3079 2903 3216 2972 μετὰ
3258 2904 3317 2955 τὸ
3360 2903 3628 2956 εἰσελθεῖν
3678 2905 3832 2956 αὑτὸν

2260 2993 2337 3055 είς
2392 2992 2490 3062 τὴν
2556 2991 2995 3061 Ἀλεξάνδρειαν,
3070 2992 3514 3063 ἀπολογήσασθαι
3576 2996 3707 3064 περὶ
3765 2988 3833 3046 ὧν

2262 3083 2724 3135 συνεσκευάσαντο
2767 3081 2912 3153 αὑτῷ
2944 3085 2991 3135 οἱ
3041 3082 3170 3154 περὶ
3206 3084 3466 3138 Εὑσέϐιον
3490 3124 3507 3147 ,
3532 3086 3631 3137 καὶ
3664 3087 3832 3137 αἰτιά-

2262 3176 2456 3229 σασθαι
2484 3174 2609 3245 περί
2634 3168 2709 3227 ὧν
2742 3172 2974 3227 πέπονθε
3000 3176 3126 3245 παρ’
3159 3175 3358 3237 αὐτῶν,
3401 3176 3497 3229 καὶ
3531 3176 3710 3242 δεῖξαι
3739 3178 3833 3229 πά-

586 3286 692 3322 non
723 3269 1022 3323 ealuinnias
1054 3286 1244 3325 omnes
1281 3274 1542 3326 adversits
1574 3288 1696 3326 eum
1740 3283 1977 3328 structas
2008 3287 2152 3344 pate-

2263 3284 2358 3330 σας
2395 3267 2493 3329 τὰς
2516 3266 2884 3336 γεγενημένας
2915 3267 3025 3335 (75)
3070 3269 3187 3318 κατ’
3240 3268 3401 3320 αὐτοῦ
3454 3268 3833 3337 συκοφαντίας.

586 3363 787 3417 facere.
820 3363 925 3418 Sed
956 3364 1083 3432 quia
1118 3374 1243 3438 tunc
1279 3366 1537 3433 temporis
1574 3367 1625 3419 id
1663 3369 1873 3435 negotia
1903 3384 2007 3421 non
2035 3384 2155 3436 per-

586 3454 894 3517 mittebant,
941 3466 998 3507 ut
1035 3472 1126 3509 vos
1157 3458 1255 3525 ipsi
1297 3458 1449 3510 scitis
1484 3477 1497 3512 :
1531 3475 1673 3511 nunc
1706 3474 1831 3512 vero
1865 3469 1983 3527 post
2014 3461 2157 3513 redi-

584 3553 699 3595 tum
740 3545 1018 3598 Athanasii
1072 3546 1308 3615 episcopi
1354 3549 1729 3601 existimamus
1772 3549 1888 3604 illos
1934 3551 2000 3602 de
2051 3561 2157 3603 tam

586 3638 788 3704 apertis
821 3637 935 3691 suis
967 3636 1246 3704 injustitiis
1285 3642 1487 3706 pudore
1522 3638 1753 3693 suﬁ‘undi
1783 3657 1845 3695 ac
1874 3642 2160 3696 erubesce-

588 3746 666 3790 re,
715 3730 919 3783 idcirco
971 3730 1235 3783 silendum
1282 3732 1382 3784 rati
1434 3748 1639 3786 sumus.
1682 3731 1813 3787 Cum
1866 3750 1993 3789 vero
2040 3747 2160 3803 post

590 3830 767 3872 tantas
811 3820 910 3872 viri
945 3819 1303 3884 calamitates,
1342 3834 1462 3890 post
1491 3822 1603 3890 t-jus
1637 3825 1689 3877 in
1730 3826 1935 3881 Gallias
1970 3827 2150 3896 profe-

585 3911 848 3975 ctionem,
877 3919 999 3977 post
1039 3912 1228 3974 vitam,
1265 3912 1445 3966 relicta
1472 3913 1669 3981 patria,
1700 3920 1837 3983 apud
1870 3926 2159 3970 extraneos

587 4016 651 4053 ac
675 4016 899 4070 peregre
922 4010 1096 4053 actam
1133 4020 1147 4067 ;
1180 4012 1458 4072 postquam
1488 4007 1557 4058 ob
1589 4007 1822 4075 ipsorum
1856 4009 2156 4064 calumnias

588 4092 679 4144 vix
710 4104 937 4147 mortem
969 4092 1264 4162 elingisset,
1300 4097 1401 4150 nisi
1426 4098 1716 4152 humanum
1744 4110 1936 4153 nactus
1968 4099 2160 4155 fuisset

586 4184 997 4252 imperatorem;
1036 4187 1232 4254 quibus
1268 4204 1397 4242 sane
1439 4190 1688 4243 inimicus
1720 4190 1950 4259 quilibet
1988 4205 2160 4259 quan-

588 4276 787 4329 tumvis
832 4277 1239 4334 crudelissimus
1277 4282 1573 4337 exsatiatus
1618 4293 1811 4349 esset;
1854 4284 1927 4338 illi
1978 4296 2155 4338 tamen

584 4382 694 4421 non
716 4371 1064 4437 erubescant,
1096 4374 1187 4426 sed
1214 4390 1425 4427 rursum
1453 4375 1505 4428 iu
1525 4376 1819 4430 Ecclesiam
1843 4386 1896 4429 et
1920 4377 1969 4430 in
1991 4377 2159 4432 Atha-

587 4461 796 4514 nasium
834 4464 1080 4529 saeviant,
1108 4481 1171 4517 ac
1204 4466 1345 4521 illius
1381 4466 1752 4522 liberationem
1798 4483 1941 4538 aegre
1975 4470 2155 4523 feren-

586 4562 693 4617 tes,
721 4553 991 4605 atrociora
1015 4555 1188 4606 denuo
1221 4554 1511 4609 moliantur
1545 4574 1556 4609 :
1588 4560 1930 4627 promptique
1954 4559 2061 4612 sint
2089 4561 2153 4610 ad

585 4642 732 4694 illiilli
766 4644 1155 4709 accusandum,
1184 4662 1283 4700 nec
1311 4649 1540 4700 timeant
1575 4648 1703 4701 illud
1728 4649 1869 4717 quod
1903 4649 1955 4701 in
1986 4652 2158 4703 sacris

584 4738 776 4790 litteris
809 4738 1069 4804 scriptum
1110 4749 1191 4790 est
1229 4757 1241 4792 :
1278 4739 1445 4793 Testis
1479 4738 1646 4807 falsus
1674 4756 1775 4792 non
1812 4740 1908 4792 erit
1932 4741 2163 4807 impuni-

583 4829 841 4891 tm",et,
864 4829 935 4882 0s
970 4832 1107 4898 quod
1138 4833 1406 4897 mentitur,
1437 4831 1628 4885 occidit
1652 4833 1885 4900 animum
1920 4832 2005 4897 ";
2043 4835 2160 4885 ideo

585 4921 746 4973 silere
786 4923 923 4973 ultra
950 4926 1254 4991 nequimus,
1300 4924 1741 4991 admiramurque
1785 4922 1998 4977 illorum
2044 4940 2158 4975 ma-

586 5014 913 5081 lignitatem,
962 5029 1024 5065 ac
1063 5016 1421 5069 insatiabilem
1468 5016 1519 5068 in
1561 5014 1848 5069 calumniis
1888 5014 2161 5069 struendis

582 5106 1011 5160 couteutionem.
1046 5105 1185 5161 Ecce
1208 5108 1352 5161 enim
1397 5107 1706 5161 nullatenus
1731 5115 1950 5160 cessant
1982 5106 2156 5158 denuo

657 5287 699 5317 ⁸⁷
736 5287 915 5355 llteg.
947 5302 1093 5351 uri,
1116 5287 1208 5341 21.
1284 5288 1329 5318 ⁸⁸
1356 5286 1513 5341 Prov.
1540 5302 1652 5353 χιχ,
1678 5287 1732 5340 5.

661 5449 771 5517 (7⁵5)
818 5449 1076 5502 Erasmus
1114 5465 1233 5502 cum
1296 5449 1455 5517 hujus
1492 5448 1751 5516 Apologia?
1801 5446 2012 5499 initium
2056 5445 2161 5497 huc

584 5536 757 5587 usque
789 5521 1062 5580 vertisset,
1096 5520 1208 5572 ha'e
1235 5520 1312 5571 ait
1344 5534 1357 5569 :
1408 5517 1771 5583 Sequebantur
1805 5518 1913 5587 hic_
1946 5518 2162 5566 diversa:

586 5584 916 5641 diversorum
983 5590 1261 5655 epistolm,
1317 5590 1699 5655 episcoporum,
1747 5584 2065 5654 synodorum
2114 5593 2158 5634 et

586 5661 903 5726 principum,
936 5663 998 5711 de
1024 5662 1153 5709 actis
1179 5661 1427 5709 adversus
1454 5657 1797 5709 Athanasium
1822 5694 1835 5714 ,
1866 5670 1994 5721 quas
2030 5669 2159 5714 auo-

586 5729 730 5778 nimu
753 5739 798 5780 et
825 5730 1003 5780 naulta'
1026 5737 1172 5780 erant
1209 5740 1253 5780 et
1279 5729 1520 5795 prolixu',
1556 5729 1798 5794 quautam
1840 5726 1997 5774 etiam
2018 5740 2159 5795 sup-

587 5800 861 5862 posititiw.
890 5798 1051 5862 piguit
1084 5808 1295 5848 rertere.
1331 5796 1463 5848 Hinc
1494 5810 1687 5848 cernas
1713 5808 1874 5859 quam
1916 5794 2149 5844 oscitanr

590 5878 675 5917 ter
707 5871 1177 5933 istapertractarit
1227 5869 1306 5919 vir
1339 5865 1537 5933 alioqui
1594 5862 2013 5928 eruditissimus,
2066 5863 2154 5929 qui

1811 5286 1855 5317 "
1887 5284 2016 5355 Sap.
2042 5301 2081 5350 ι,
2115 5285 2198 5337 ll.

2272 3357 2488 3429 Ἐπειδὴ
2522 3358 2576 3410 δὲ
2597 3358 2717 3410 τότε
2746 3358 2843 3428 μὲν
2873 3358 2973 3411 οὐκ
3015 3359 3281 3429 ἐπέτρεπε
3309 3361 3376 3412 τὰ
3396 3362 3724 3431 πράγματα,
3765 3362 3834 3423 ὡς

2262 3451 2374 3502 ἴστε
2403 3450 2496 3502 καὶ
2522 3451 2676 3520 ὑμεῖς
2697 3467 2709 3479 ’
2744 3450 2837 3502 νῦν
2877 3450 2931 3503 δὲ
2958 3452 3248 3522 νομίζομεν
3285 3453 3422 3521 μετὰ
3452 3454 3554 3523 τὴν
3584 3454 3833 3507 ἐπάνοδον

2273 3542 2588 3595 Ἀθανασίου
2634 3541 2728 3594 τοῦ
2774 3543 3072 3596 ἐπισκόπου
3126 3544 3525 3608 δυσωπεῖσθαι,
3581 3546 3676 3598 καὶ
3718 3548 3834 3615 ἐρυ-

2262 3634 2417 3706 οριᾷν
2462 3634 2657 3697 αὐτοὺς
2698 3635 2789 3685 ἐπὶ
2836 3634 2977 3688 οὕτω
3007 3638 3258 3707 φανεροῖς
3292 3637 3472 3689 αὐτῶν
3519 3638 3830 3707 ἀδικήμασι,

2259 3724 2449 3777 τούτου
2492 3724 2679 3776 ἕνεκεν
2738 3727 2895 3795 σιγᾷν
2946 3727 3172 3790 ἑαυτοὺς
3219 3729 3543 3799 ἐπείσαμεν.
3590 3732 3739 3783 Ἐπεὶ
3782 3730 3835 3782 δὲ

2266 3817 2402 3886 μετὰ
2437 3816 2546 3885 (76)
2571 3816 2631 3868 τὸ
2664 3816 2857 3869 παθεῖν
2893 3818 3129 3872 τοσαῦτα
3156 3818 3244 3871 τὸν
3294 3819 3487 3889 ἄνδρα,
3546 3821 3683 3891 μετὰ
3741 3823 3832 3892 τὴν

2262 3910 2341 3972 εἰς
2371 3908 2599 3971 Γαλλίας
2626 3909 2957 3979 ἀποδημίαν,
2992 3910 3129 3981 μετὰ
3154 3910 3252 3982 τὴν
3288 3912 3381 3964 ἐπὶ
3410 3908 3570 3984 ξένης
3601 3914 3721 3967 ἀντὶ
3740 3914 3833 3983 τῆς

2260 3999 2467 4062 οἰκείας
2515 3999 2608 4052 καὶ
2664 4000 2998 4070 πορρωτάτω
3046 4000 3363 4073 διατριϐὴν,
3405 4003 3546 4073 μετὰ
3576 4004 3634 4056 τὸ
3662 4003 3833 4071 ὀλίγου

2261 4090 2369 4143 δεῖν
2391 4091 2552 4144 αὐτὸν
2581 4090 2875 4144 ἀποθανεῖν
2910 4093 2975 4144 ἐκ
3021 4092 3128 4144 τῶν
3153 4092 3419 4146 διαϐολῶν
3440 4095 3619 4147 αὐτῶν
3638 4135 3652 4159 ,
3687 4090 3733 4147 έί
3761 4094 3832 4163 μὴ

2264 4181 2523 4253 βασιλέως
2571 4180 2727 4250 ἔτυχε
2774 4180 3184 4253 φιλανθρώπου,
3229 4184 3312 4251 ἐφ’
3354 4177 3436 4246 οἷς
3484 4184 3551 4236 ἂν
3596 4184 3686 4236 καὶ
3734 4185 3834 4243 πᾶς

2262 4273 2450 4345 ἐχθρὸς
2475 4272 2736 4343 ἐκορέσθη
2779 4270 2878 4325 κᾶν
2912 4274 3001 4326 τὶν
3038 4273 3205 4344 θυμὸν
3246 4275 3549 4344 ὠμότατος,
3578 4276 3673 4328 οὐκ
3715 4277 3834 4346 ἐρ.)-

2262 4365 2507 4434 θριῶσιν,
2558 4365 2693 4419 ἀλλὰ
2724 4366 2883 4419 πάλιν
2921 4367 3377 4420 ἐπινεανιεύονται
3418 4370 3563 4421 κατὰ
3588 4369 3683 4438 τῆς
3722 4369 3835 4420 Ἐκ·

2262 4457 2488 4527 κλησίας
2532 4457 2626 4510 καὶ
2668 4456 2762 4509 τοῦ
2808 4458 2998 4529 ἀνδρὸς
3024 4459 3159 4525 (77),
3202 4461 3297 4513 καί
3343 4461 3476 4531 πρὸς
3516 4463 3613 4533 τὴν
3650 4463 3832 4530 ἄφεσιν

2261 4548 2695 4617 ἀγανακτοῦντες
2712 4548 2897 4615 αὐτοῦ,
2917 4550 3155 4621 χείροσιν
3179 4551 3515 4621 ὲπιτολμῶσι
3543 4553 3798 4622 δευτέροις
3814 4568 3828 4579 ’

2264 4643 2358 4694 καὶ
2382 4642 2751 4712 κατηγοροῦσι
2788 4642 2887 4713 μὲν
2918 4643 3178 4713 εὐχερῶς,
3208 4646 3266 4696 οὺ
3292 4644 3585 4714 φοϐοῦνται
3605 4646 3658 4698 δὲ
3689 4644 3745 4695 τὸ
3774 4644 3831 4694 ὲν

2262 4740 2379 4800 ταῖς
2406 4739 2587 4806 ἁγίαις
2621 4739 2660 4790 Γ
2665 4741 2864 4808 ραφαῖς
2891 4740 3275 4809 γεγραμμένον
3296 4756 3309 4767 ·
3338 4724 3584 4805 Μάρτυς
3610 4734 3834 4806 ψευδὴς

2263 4831 2374 4881 οὐκ
2396 4828 2755 4898 ἀτιμώρητος
2774 4833 2965 4895 ἕσται,
2988 4833 3081 4884 καί
3102 4832 3297 4899 Στόμα
3318 4832 3834 4900 καταψευδόμενον

2264 4922 2498 4989 ἀναιρεῖ
2529 4924 2772 4992 ψυχήν·
2806 4923 2893 4977 διά
2921 4942 3005 4977 τοι
3030 4923 3187 4977 τοῦτο
3221 4925 3402 4977 οὐκέτι
3441 4926 3537 4995 μὲν
3572 4919 3833 4993 δυνάμεθα

2266 5017 2445 5085 σιγᾷν,
2478 5016 2829 5089 Θαυμάζομεν
2870 5019 2927 5071 δὲ
2974 5019 3071 5089 τὴν
3107 5019 3372 5091 πονηρίαν
3404 5021 3584 5073 αὐτῶν
3624 5020 3709 5072 καὶ
3736 5016 3833 5085 τὴν

2262 5107 2556 5176 ἀκόρεστον
2603 5111 2694 5162 ἐπὶ
2742 5114 3030 5175 ωσκευαίς
3080 5111 3431 5180 φιλονεικίαν.
3485 5112 3613 5164 Ἰδοὺ
3643 5109 3742 5178 γὰρ
3767 5106 3832 5158 οὐ

2269 5445 2483 5513 egregia
2517 5445 2631 5498 haec
2660 5456 2715 5517 et
2739 5461 3017 5517 nunquam
3043 5454 3126 5500 sat
3155 5448 3473 5503 testimanda
3499 5453 3831 5504 monumenta

2268 5532 2333 5569 eo
2372 5530 2541 5581 usque
2574 5516 2893 5584 neglexerit.

2339 5584 2451 5653 (74)
2473 5585 2682 5652 Scripta
2710 5602 2849 5639 anno
2870 5587 2997 5641 540.

2484 5654 2579 5731 §ic
2607 5655 2738 5731 “ea.
2774 5656 3020 5731 eiliasil.
3048 5658 3189 5711 Editi
3223 5674 3372 5722 vero,
3418 5659 3828 5731 γεγεννημένας.

2363 5724 2451 5798 Ξρ)
2481 5724 2639 5798 Reg:
2656 5725 2789 5778 Τότε
2807 5727 2861 5779 δὲ
2892 5728 3051 5796 μετά,
3078 5743 3381 5798 perperam.

2305 5792 2450 5914 “(37)
2481 5796 2571 5849 Sic
2597 5793 2732 5866 Reg.
2764 5808 2817 5851 et
2854 5792 3016 5861 Basil.
3038 5792 3045 5794 ﬁ
3067 5792 3209 5854 Editi
3244 5811 3447 5867 autem,
3488 5800 3580 5854 τοῦ
3618 5797 3831 5853 ’Λοιδία-

2268 5880 2403 5917 σιου.
