4006 6548
256 432 354 486 ῧῧ

1380 428 1721 490 APOLOGIA
1761 435 2040 492 CONTRA
2075 435 2400 493 ABIANOS.

3399 439 3502 492 254

258 549 507 602 παύονται
525 548 687 602 πάλιν
708 547 991 618 βασιλικὰς
1017 549 1183 612 ἀκοάς
1199 550 1474 614 κινιῦντες
1501 551 1620 604 καθ’
1647 552 1803 623 ἡμῶν

1937 557 2277 624 imperatoris
2314 571 2472 609 aures
2511 555 2798 611 adversum
2841 572 2943 612 nos
2989 573 3338 629 exasperare,
3401 575 3501 614 nec

254 643 307 692 οὗ
337 639 602 693 παύονται
657 645 959 712 γράφοντες
1032 643 1254 714 ὀλέθρου
1299 646 1637 717 γράμματα,
1694 649 1828 718 πρὸς

255 733 521 802 ἀναίρεσιν
547 735 960 787 ἐπισκόπου-τοῦ
992 734 1092 804 τῆς
1115 737 1370 800 ἀσεϐείας
1400 735 1578 790 αύτῶν
1607 739 1825 812 ἐχθροῦ.

255 824 412 875 Πάλιν
446 823 552 894 γὰρ
579 824 826 896 ἔγραψαν
849 829 961 889 τοῖς
993 826 1271 896 βασιλεῦσι
1296 831 1415 881 κατ’
1447 830 1634 893 αὑτοῦ,
1670 831 1828 885 πάλιν

253 916 405 966 αὐτόν
434 917 877 971 συσκευάσασθαι
907 919 1219 992 βούλονται,
1269 922 1483 990 σφαγὰς
1512 922 1826 992 αἰτιώμενοι

255 1007 321 1077 μὴ
346 1007 676 1078 γενομέναςο
709 1010 866 1064 πάλιν
899 1013 1060 1065 αὑτὸν
1102 1013 1356 1082 φονεῦσαι
1386 1014 1663 1084 βούλονται
1689 1017 1822 1085 (78),

252 1100 434 1167 φόνους
463 1100 782 1172 αἰτιώμενοι
815 1105 887 1175 μὴ
922 1105 1282 1174 γενομένους·
1316 1107 1408 1160 καὶ
1457 1107 1577 1160 τότε
1607 1108 1718 1178 γὰρ
1760 1107 1826 1162 ἂν

250 1193 534 1260 ἐφόνευσαν
575 1195 972 1261 διαϐάλλοντες,
1027 1201 1075 1250 εἰ
1109 1199 1181 1270 μὴ
1241 1199 1624 1272 φιλανθρώπου
1668 1201 1824 1272 βασι-

249 1281 371 1346 λέως
407 1283 672 1356 ἐτύχομεν
697 1303 710 1317 ·
759 1290 920 1342 πάλιν
956 1291 1151 1355 αὐτὸν,
1200 1293 1286 1344 ἵνα
1311 1292 1373 1345 τὸ
1403 1292 1622 1346 ἔλαττον
1656 1294 1824 1347 εἴπω-

251 1391 358 1442 μεν,
387 1375 472 1426 ἐπ’
502 1377 810 1447 ἐξοριστίαν
841 1381 950 1450 (79)
991 1382 1244 1436 ἀπελθεῖν
1293 1385 1643 1452 ἐπείγονται,
1687 1402 1822 1454 συμ-

248 1466 408 1536 φορὰς
435 1467 730 1540 ἐξορῐστων
760 1471 835 1536 ὡς
863 1475 988 1544 παρ’
1019 1473 1182 1528 αὐτοῦ
1207 1475 1512 1546 γενομένων
1558 1493 1820 1547 προσποι-

246 1557 452 1628 ούμενοι
477 1559 719 1632 θρηνεῖν.
759 1565 868 1617 Καὶ
903 1565 1159 1636 θρηνοῦσι
1197 1567 1294 1637 μέν
1335 1569 1462 1639 παρ’
1494 1570 1624 1638 ἡμῖν
1648 1569 1715 1622 τά
1747 1570 1820 1640 μὴ

245 1650 519 1719 γενόμενα,
575 1653 679 1704 οὑκ
727 1654 1023 1724 ἀρκοῦνται
1071 1657 1126 1709 δὲ
1175 1661 1288 1722 τοῖς
1339 1662 1654 1731 γενομένοις
1700 1665 1821 1716 κατ’

245 1741 426 1794 αὐτοῦ’
461 1743 597 1796 ἀλλά
629 1745 723 1797 καὶ
757 1746 984 1818 δεύτερα
1019 1751 1113 1802 καὶ
1139 1751 1360 1823 χείρονα
1395 1753 1503 1824 (80)
1541 1757 1819 1826 προσάψαι

246 1833 550 1904 βούλονται,
579 1836 755 1901 οὕτως
797 1840 904 1892 sici.
951 1843 1114 1913 πρᾶοι
1160 1845 1260 1896 καὶ·
1286 1843 1690 1918 φιλάνθρωποι,
1728 1851 1820 1902 καὶ

245 1925 325 1978 τὸν
355 1927 555 1998 τρόπον
583 1930 849 1994 ἐπιεικεῖς
871 1949 885 1962 ο
918 1907 1118 2002 μᾶλλον
1160 1933 1218 1987 δὲ
1254 1907 1553 2006 (εἰρήσεται
1584 1907 1692 2008 γὰρ
1723 1941 1810 1992 τά-

1923 1932 2051 1984 dere
2087 1941 2370 2000 exoptant,
2395 1945 2637 1999 eousque
2707 1935 2972 1988 mansueti
3008 1947 3160 2001 sunt,
3198 1937 3418 1992 humani
3454 1950 3516 1994 et

244 2019 416 2090 ληθές)
452 2022 683 2092 πονηροὶ
713 2023 808 2076 καὶ
838 2026 1056 2095 πικροὶ,
1089 2028 1184 2080 καὶ
1227 2029 1290 2080 ἐκ
1327 2027 1505 2098 φόϐων
1542 2029 1636 2081 καὶ
1666 2030 1821 2082 ἀπει-

243 2110 358 2175 λῶν,
395 2113 426 2183 ἢ
458 2113 516 2177 ἐξ
540 2114 826 2178 εὐσεϐείας
860 2117 952 2168 καὶ
993 2118 1295 2181 ἐπιεικείας
1323 2159 1333 2181 ,
1369 2118 1403 2172 ἃ
1451 2122 1562 2182 τοῖς
1595 2121 1819 2173 ἐπισκόυ

245 2219 352 2264 ποις
389 2203 606 2273 πρέπει,
638 2204 963 2274 τιμώμενοι.
1002 2201 1105 2260 υἷα
1141 2207 1248 2279 γὰρ
1288 2207 1420 2279 μηδὲ
1452 2208 1560 2261 τῶν
1609 2209 1712 2274 ἔξω
1735 2227 1819 2273 τις

243 2294 688 2367 ςιλοπραγμὸνων
717 2297 1029 2365 φθέγξαιτο,
1057 2301 1278 2354 τοιαῦτα
1309 2304 1375 2372 ρή
1386 2319 1530 2369 ματα
1553 2303 1818 2373 καταχέαι

239 2388 644 2459 τετολμήκασιν,
677 2384 752 2442 ὧν
777 2392 914 2460 πρὸς
943 2394 1067 2456 τοὺς
1103 2392 1358 2462 βασιλέας
1391 2394 1658 2466 ἔγραψαν.
1707 2397 1817 2449 Καὶ

224 2481 492 2534 ’τοσούτων
530 2484 708 2552 φόνων
743 2485 836 2536 καὶ⁵
887 2487 1108 2555 σφαγῶν
1151 2488 1536 2559 κατηγόρησαν
1576 2489 1677 2541 οὐκ
1724 2491 1816 2542 ἐπὶ

239 2575 514 2644 ἡγεμόνος,
567 2576 669 2629 ούκ
717 2577 805 2629 ἐπ’
862 2577 1022 2630 ἄλλου
1070 2580 1214 2643 τινὸς
1261 2581 1524 2652 μείζονος,
1573 2582 1690 2634 ἀλλ’
1724 2585 1793 2635 ἐπ

239 2665 335 2717 τῶν
386 2667 707 2735 Αύγούστων
754 2669 862 2722 τῶν
895 2671 1094 2742 τριῶν·
1146 2673 1266 2725 οὐδὲ
1316 2674 1451 2745 πρὸς
1484 2674 1549 2726 τά
1589 2675 1813 2744 διαστη-

241 2774 378 2824 ματα
414 2759 518 2810 τῶν
539 2759 677 2812 ὁδῶν
707 2761 1142 2831 ἀποκνήσαντες,
1178 2764 1338 2834 μόνον
1363 2765 1448 2817 ἵνα
1477 2769 1655 2819 πάντα
1691 2767 1814 2835 μεί-

239 2848 358 2912 ζονα
390 2851 719 2922 δικαστήρια
763 2854 863 2924 τῆς
911 2857 1246 2927 κατηγορίας
1279 2857 1457 2909 αὐτῶν
1501 2858 1808 2928 ἐμπλησθῇ.

241 2941 542 3014 Κατηγορία
592 2944 702 3015 γάρ
735 2945 949 3014 ἀληθῶς
973 2987 987 3011 ,
1029 2948 1334 3018 ἀγαπητοὶ,
1377 2949 1444 3002 τά
1474 2952 1606 3020 παρ’
1633 2950 1810 3004 αὐτῶν

239 3035 510 3105 γενόμενα,
550 3039 643 3091 καὶ
671 3039 862 3091 πασῶν
895 3041 1155 3094 ἀνωτάτω
1196 3043 1500 3114 κατηγορία
1523 3061 1534 3073 ⁸
1570 3043 1705 3095 ὅπου
1743 3062 1804 3112 γε

239 3129 322 3179 καὶ
360 3129 568 3181 πάντων
597 3130 706 3182 τῶν
742 3130 1098 3201 ἀνθρωπίνων
1133 3135 1393 3188 ἀνωτάτω
1441 3136 1508 3188 τὰ
1556 3136 1810 3208 δικαστή-

1933 650 2182 701 desinunt
2201 649 2578 716 sanguinarias
2602 649 2808 703 litteras
2829 651 3090 714 scribere,
3113 661 3169 703 ιιι
3189 652 3501 720 episcopum

1933 738 2225 804 impietatis
2243 755 2352 792 suae
2377 741 2652 794 inimicntr.
2677 741 2746 794 de
2775 742 2951 794 medio
2988 743 3195 796 tollant.
3218 741 3352 799 Nam
3379 759 3503 796 rLr-

1931 845 2022 882 sus
2052 830 2263 884 litteras
2296 833 2555 888 adversus
2591 831 2738 885 illum
2798 835 2862 885 ad
2905 835 3258 902 imperatores
3280 835 3499 898 misere,

1931 938 2118 976 rursus
2147 923 2196 974 in
2224 923 2370 975 illum
2398 925 2714 992 conspirare
2753 924 2968 989 volunt,
3006 925 3293 978 homicidia
3325 927 3374 980 ei
3407 927 3506 980 ob-

1924 1012 2169 1080 jicientes
2201 1029 2468 1082 nunquam
2503 1023 2805 1083 perpetrata
2841 1031 2854 1080 ;
2901 1031 3114 1068 rursum
3166 1015 3315 1070 illum
3359 1019 3506 1070 orci-

1929 1106 2058 1158 tlere
2083 1114 2360 1171 satagunt,
2384 1107 2560 1159 czedcs
2586 1107 2657 1159 illi
2695 1108 3048 1174 imptttantes,
3075 1123 3196 1174 qua:
3229 1123 3504 1178 nunquam

1930 1196 2083 1249 facta:
2111 1205 2256 1249 sunt.
2297 1195 2448 1250 Tunc
2500 1196 2642 1250 enim
2694 1197 2839 1252 illum
2881 1199 3166 1252 calumniis
3199 1201 3312 1253 auis
3339 1199 3508 1254 inter-

1926 1286 2213 1350 fecissent,
2253 1288 2353 1341 nisi
2386 1289 2683 1342 humanum
2715 1290 3094 1358 imperatorem
3129 1294 3273 1346 nacti
3313 1293 3512 1348 {nisae-

1927 1370 2046 1432 mu's
2086 1396 2100 1432 :
2138 1395 2324 1433 rursus
2357 1379 2528 1442 illum,
2567 1390 2624 1432 ut
2661 1381 2804 1448 quod
2840 1382 3022 1436 minus
3065 1395 3150 1437 est
3187 1385 3505 1450 referamus.

1928 1470 1978 1522 itt
2036 1471 2284 1523 exsilium
2331 1486 2493 1541 agere
2531 1471 2794 1536 student,
2838 1474 3083 1527 exsulum
3145 1476 3504 1540 calamitates,

1925 1561 2074 1629 quasi
2105 1561 2217 1631 ipse
2243 1578 2427 1616 earum
2452 1572 2642 1618 auctor
2669 1572 2833 1629 esset,
2863 1579 2921 1619 se
2938 1565 3139 1622 deﬂere
3167 1569 3504 1626 simulantes.

1927 1653 1993 1707 Et.
2030 1667 2091 1707 ea
2123 1655 2340 1723 quidem
2374 1654 2662 1725 deplorant
2705 1670 2830 1725 qua:
2857 1671 2886 1710 a
2932 1658 3089 1712 nobis
3117 1675 3390 1730 nunquam
3423 1679 3511 1732 pa-

1925 1753 2064 1799 trata
2102 1756 2226 1800 sunt
2265 1764 2278 1799 :
2322 1761 2422 1801 nec
2460 1758 2639 1801 tamen
2683 1748 2817 1817 ipsis
2854 1751 2988 1804 satis
3026 1762 3173 1814 sunt,
3215 1768 3352 1820 quas
3392 1756 3512 1810 viro

1925 1839 2154 1893 intulere
2180 1840 2562 1905 calamitates;
2595 1841 2690 1894 sed
2734 1857 2871 1894 nova
2916 1855 2969 1898 et
3011 1846 3281 1899 atrociora
3317 1848 3380 1901 iis
3416 1852 3511 1899 att-

1921 2022 2091 2090 :equis
2125 2022 2364 2076 moribus
2393 2038 2406 2074 :
2441 2021 2549 2074 imo
2574 2023 2776 2090 potius,
2809 2033 2866 2077 ut
2896 2040 3022 2079 vere
3051 2026 3282 2089 dicatur,
3311 2026 3509 2096 improo

1921 2111 1976 2165 bi
2007 2119 2063 2164 et
2094 2112 2385 2175 immanes,
2411 2113 2502 2181 qui
2525 2113 2826 2168 terroribus
2854 2122 2908 2167 et
2941 2114 3126 2177 minis,
3148 2117 3318 2185 magis
3339 2133 3500 2185 quant

1921 2203 2121 2272 pietate
2146 2212 2201 2257 et
2226 2204 2508 2273 aequitate,
2564 2219 2684 2271 qua:
2717 2205 3000 2271 episcopos
3026 2206 3221 2260 decent
3239 2243 3253 2270 ,
3285 2209 3502 2261 student

1922 2295 2200 2348 honorari.
2243 2294 2393 2348 Talia
2441 2296 2637 2363 quippe
2676 2297 2838 2349 verba
2883 2296 2934 2348 itt
2961 2297 3074 2350 suis
3101 2295 3167 2349 ad
3195 2297 3498 2365 imperato-

1920 2403 2006 2442 rcs
2041 2387 2282 2455 epistolis
2313 2384 2466 2441 effari
2516 2389 2634 2442 ausi
2668 2398 2816 2450 sunt,
2853 2387 3034 2457 qualia
3075 2402 3141 2441 ne
3185 2400 3496 2442 exterorum

1917 2478 2181 2548 quispiam
2247 2477 2488 2546 litigator
2535 2477 2750 2532 locutus
2797 2478 2980 2532 fuerit.
3036 2477 3102 2531 Et
3156 2488 3232 2530 tot
3270 2478 3496 2532 caedium

1914 2570 2447 2639 bomicidiorumque
2476 2585 2599 2624 eum
2640 2579 2993 2632 accusarunt,
3033 2584 3135 2622 non
3185 2571 3324 2639 apud
3357 2585 3498 2639 ιιι-ει·-

1913 2662 2108 2727 sidem,
2137 2677 2236 2715 nec
2263 2663 2402 2731 apud
2437 2661 2671 2730 aliquem
2705 2662 2798 2716 illo
2828 2661 3167 2731 superiorem
3195 2700 3210 2724 ,
3239 2663 3496 2728 sedapad

1916 2761 2027 2806 tres
2058 2753 2358 2823 Augustos.
2392 2751 2504 2808 Nec
2535 2754 2658 2808 illos
2685 2755 3002 2810 deterruere
3031 2754 3238 2807 viarum
3269 2753 3499 2821 longituo

1913 2843 2090 2905 dines,
2118 2859 2183 2896 eo
2210 2842 2384 2897 solum
2421 2853 2479 2897 ut
2505 2845 2685 2898 omnia
2727 2845 2929 2914 majora
2978 2847 3266 2902 tribunalia
3310 2848 3497 2901 crimi-

1914 2935 2228 2990 nationibus
2268 2937 2381 2990 suis
2424 2937 2733 3005 implerent.
2769 2939 3194 2994 Critniuationes
3225 2941 3371 2994 enim
3410 2955 3488 2993 re-

1914 3042 2036 3081 vera
2064 3039 2214 3086 sunt.
2245 3027 2425 3082 dilecti
2475 3030 2668 3090 nostri,
2717 3023 2838 3099 (inte
2879 3032 2978 3100 ipsi
3021 3033 3300 3100 prolerunt
3335 3051 3347 3086 :
3381 3033 3492 3084 imo

1911 3117 2235 3186 gravissima
2277 3119 2519 3172 omnium
2583 3122 2891 3176 criminatio
2939 3140 2954 3176 :
3004 3124 3201 3193 quippe
3249 3127 3492 3178 omnium

242 3236 341 3286 ρια.
381 3221 438 3271 Τί
466 3221 572 3293 γάρ
607 3221 737 3276 ἄλλο
768 3221 918 3286 τέλος
949 3224 1046 3294 τῆς
1093 3225 1185 3277 ἐπὶ
1232 3226 1442 3288 τούτοις
1487 3227 1805 3293 ἐξετάσεως,

1915 3210 2273 3261 humanorum
2306 3225 2556 3278 suprema
2591 3220 2716 3264 sunt
2759 3212 2844 3264 illa
2883 3213 3202 3276 tribunalia;
3233 3229 3491 3284 quorsum

239 3309 265 3379 ἦ
299 3310 518 3375 θάνατος
550 3315 614 3367 ἐκ
649 3312 935 3384 βασιλικῆς
969 3316 1236 3386 κινήσεως
1259 3318 1630 3386 ὲπαγόιιενος;

298 3491 351 3544 4.
385 3492 588 3546 Ούκούν
633 3495 696 3546 ού
741 3493 809 3546 τά
837 3494 988 3566 παρά
1031 3495 1370 3560 Ἀθανασίου,
1423 3495 1558 3549 ἀλλά
1586 3496 1654 3548 τὰ
1683 3500 1810 3567 παρ’

238 3585 404 3638 αύτῶν
449 3588 731 3658 γινόμενα,
769 3587 967 3658 θρήνου
1006 3588 1100 3640 καὶ
1145 3589 1391 3660 οἰμωγῆς
1418 3590 1563 3654 ἄξια.
1601 3589 1810 3642 Οὐκοῦν

240 3677 417 3740 αὐτοὺς
448 3680 644 3748 μᾶλλον
689 3679 754 3732 ἄν
787 3695 871 3741 τις
909 3679 1134 3741 δικαίως
1181 3679 1502 3750 θρηνήσειεν
1524 3698 1536 3711 ο
1570 3682 1661 3732 ἐπὶ
1691 3679 1811 3733 τού-

238 3783 339 3829 τοις
369 3768 472 3840 γάρ
505 3768 796 3840 ὀδύρεσθαι
835 3770 940 3840 χρή
970 3789 979 3798 ·
1013 3770 1135 3821 ἐπεὶ
1183 3773 1277 3823 καὶ
1313 3771 1661 3842 γέγραπται’
1710 3771 1806 3840 Μὴ

239 3859 456 3912 κλαίετε
471 3860 574 3913 τὸν
589 3862 937 3926 τεθνηκότα,
947 3861 1098 3930 μήτε
1118 3863 1384 3929 θρηνεῖτε
1404 3866 1610 3916 αὐτόν·
1633 3865 1812 3916 κλαύ-

239 3964 372 4004 σατε
386 3952 665 4022 κλαυθμῴ
682 3955 1300 4023 τὸνέκποδιευίμενον,
1314 3955 1347 4007 ὄ
1353 3973 1401 4008 τι
1419 3957 1527 4008 οὐκ
1545 3955 1810 4022 ἐπιστρέ-

240 4045 329 4109 ψει
370 4043 472 4096 ἔτι.
517 4045 674 4096 Πᾶσα
719 4043 829 4114 γὰρ
856 4044 1034 4097 αύτῶν
1067 4047 1100 4113 ἡ
1136 4044 1394 4117 ἐπιστολὴ
1435 4045 1586 4097 οὐδὲν
1616 4044 1803 4114 ἄλλοῆ

240 4137 363 4206 πρὸς
407 4137 632 4191 θάνατον
675 4138 816 4209 ὁρᾷ·
866 4137 961 4190 καὶ
994 4136 1242 4206 φονεύειν
1277 4136 1674 4208 ἐπιχειροῦσιν,
1711 4137 1805 4188 ἐὰν

241 4230 628 4302 σλγχωρῶνται,
657 4232 752 4284 καὶ
785 4232 956 4283 ποιεῖν
984 4228 1314 4302 ἐξορίστους.
1341 4230 1805 4302 Συνεχωρήθησαν

239 4322 352 4393 γὰρ,
377 4323 463 4376 τού
496 4323 912 4393 θεοφιλεστάτου
949 4323 1156 4394 πατρός
1202 4323 1313 4378 τῶν
1361 4323 1650 4394 βασιλέων,
1682 4324 1804 4376 ἀντὶ⁹

240 4411 468 4477 θανάτου,
509 4418 574 4486 τῇ
605 4412 898 4485 μεταθέσει
946 4413 1040 4466 τοῦ
1070 4413 1236 4468 τόπου
1286 4416 1376 4468 τὸν
1419 4415 1590 4488 θυμὸν
1626 4415 1803 4469 αὐτῶν

240 4505 602 4571 ἐκπλήσαντος.
638 4505 824 4558 Ταῦτα
861 4507 971 4578 γὰρ
1019 4507 1128 4577 (81)
1158 4509 1240 4561 ὅτι
1289 4509 1423 4580 μηδὲ
1465 4508 1635 4577 ψιλῶν
1671 4508 1803 4580 Χρι-

1915 3302 2060 3354 euitn
2105 3299 2374 3367 ejusmodi
2419 3302 2844 3370 disquisitioues,
2887 3305 2986 3358 uisi
3036 3315 3092 3356 ut
3126 3306 3250 3373 quis
3281 3321 3310 3357 a
3346 3320 3493 3360 cam-

1916 3403 2060 3444 moto
2086 3393 2413 3460 imperatore
2454 3403 2638 3446 morte.
2660 3393 2954 3459 multetur?

1988 3485 2145 3555 ιοο
2183 3485 2236 3538 4.
2275 3486 2461 3555 Itaque
2494 3487 2925 3550 nonAtbauasii,
2979 3485 3071 3541 sed
3105 3485 3318 3540 illorum
3351 3485 3489 3540 facta

1915 3577 2057 3631 luctu
2094 3596 2156 3631 ac
2177 3579 2381 3648 gemitu
2415 3579 2571 3645 digna
2603 3592 2749 3632 sunt.
2794 3580 3134 3648 QuaprOpter
3157 3580 3278 3635 illos
3309 3581 3488 3648 potius

1906 3670 2032 3739 jure
2065 3675 2188 3740 quis
2219 3671 2546 3740 dcplorarit;
2585 3671 2730 3738 ipsos
2755 3675 2954 3740 quippe
2986 3673 3184 3725 deﬂere
3211 3673 3490 3735 convenit,

1911 3779 2035 3816 cum
2073 3762 2338 3832 scriptum
2370 3762 2440 3815 sit
2471 3778 2484 3814 :
2514 3759 2697 3814 Nolite
2727 3762 2852 3830 ﬂere
2892 3774 3182 3826 mortuum,
3216 3777 3378 3829 neque
3404 3761 3490 3813 Ιιι⁹

1909 3855 2076 3925 gentis
2109 3870 2269 3930 eum;
2297 3853 2387 3907 sed
2413 3855 2643 3924 plangite
2669 3870 2786 3906 cum
2817 3855 2906 3922 qui
2930 3853 3219 3923 egreditur,
3239 3853 3361 3922 quia
3387 3869 3490 3906 non

1911 3956 2195 4000 revertetur
2228 3947 2369 3999 ultra
2388 3947 2454 4000 ⁷⁸.
2489 3947 2622 4000 Tota
2653 3947 2798 4000 enim
2832 3947 3047 4000 illorum
3077 3946 3304 4015 epistula
3355 3945 3489 3999 nihil

1909 4041 2053 4094 aliud
2089 4055 2251 4109 quam
2284 4056 2473 4094 necem
2500 4049 2744 4107 spectat;
2777 4053 2840 4091 ac
2864 4038 2908 4091 si
2939 4039 3122 4101 liceat,
3154 4037 3488 4098 interﬁcere,

1909 4141 2001 4183 aut
2029 4131 2220 4184 saltem
2253 4131 2472 4183 exsules
2496 4130 2680 4182 lacere
2705 4138 2995 4194 conantur,
3029 4129 3172 4198 quod
3201 4139 3255 4181 et
3291 4144 3319 4180 a
3359 4127 3452 4181 relt
3475 4155 3488 4166 -

1906 4225 2218 4294 giosissimo
2250 4225 2639 4292 imperatorum
2667 4231 2824 4290 patre
2856 4221 3241 4289 impetrarunt,
3273 4221 3362 4290 qui
3391 4236 3495 4288 pro

1906 4331 2038 4371 nece
2067 4330 2227 4384 quam
2261 4315 2625 4384 postulabant.
2650 4313 2766 4381 ejus
2795 4313 2985 4367 exsilio
3013 4328 3198 4366 eorum
3227 4315 3360 4366 iram
3387 4328 3480 4366 sa-

1909 4409 2080 4462 tiavit.
2109 4408 2232 4462 Haec
2258 4407 2340 4461 vel
2373 4406 2694 4474 simpliciter
2719 4404 3158 4458 Christianorum
3199 4419 3302 4460 nan
3337 4421 3482 4470 esse,

1907 4516 2031 4554 raro
2057 4499 2342 4569 gentilium
2361 4538 2376 4562 ,
2403 4503 2598 4560 nedum
2627 4497 3024 4564 episcoporum,
3051 4498 3249 4564 quibus
3276 4498 3485 4550 incum-

242 4597 443 4649 στιανῶν
473 4600 631 4669 ἔργα,
666 4597 909 4661 σπανίως
943 4598 999 4650 δὲ
1027 4599 1120 4652 καὶ
1149 4600 1408 4666 ἐθνικῶν,
1439 4603 1567 4672 μήτι
1589 4619 1654 4670 γε
1679 4603 1800 4656 ἐπι-

1915 4594 1983 4646 ait
2033 4592 2303 4662 justitiam
2363 4589 2498 4642 alios
2555 4589 2816 4651 edocere,
2875 4597 3108 4639 vestram
3162 4589 3216 4640 in
3269 4589 3485 4642 Christo

244 4689 450 4755 σκόπων,
474 4692 781 4744 δοκούντων
801 4692 894 4744 καὶ
922 4693 1048 4754 τους
1082 4692 1277 4757 ἄλλους
1317 4695 1388 4746 τὰ
1425 4693 1608 4746 δίκαια
1653 4695 1800 4748 διδά-

241 4793 386 4845 σκειν,
418 4783 646 4854 συνορᾶν
679 4783 708 4835 ύ
717 4781 834 4853 μῶν
860 4782 958 4853 τὴν
981 4784 1038 4834 ἐν
1059 4784 1281 4855 Χριστῷ
1310 4785 1614 4856 συνείδησιν
1636 4787 1799 4856 ἡγού-

241 4871 386 4936 μεθα·
422 4874 537 4938 πῶς
567 4875 678 4946 γὰρ
708 4877 758 4927 oi
801 4876 927 4938 τοὺς
974 4875 1168 4939 ἄλλους
1214 4876 1520 4939 κωλύοντες
1564 4895 1798 4947 κατηγο-

238 4964 351 5028 ρεῖν,
384 4967 532 5020 αὐτοὶ
561 4967 858 5038 κατήγοροι
888 4967 981 5020 καὶ
1031 4967 1194 5038 μέχρι
1229 4968 1492 5038 βασιλέων
1520 4969 1792 5036 γίνονται;

239 5052 334 5116 πῶς
357 5059 399 5109 οἱ
430 5058 716 5130 συμφοράς
744 5058 914 5112 ἐλεεῖν
945 5059 1308 5124 διδάσκοντες,
1349 5059 1470 5114 οὐδὲ
1503 5060 1640 5130 μετά
1692 5061 1791 5132 τὴν

238 5141 644 5221 (82)ὲξοριστίαν
689 5149 846 5219 ἡμῶν
895 5148 1260 5221 ήσυχάζουσις
1295 5151 1488 5214 Κοινὸς
1535 5151 1646 5224 γὰρ
1695 5152 1789 5220 γέ-

236 5251 366 5299 γονεν
387 5244 537 5312 ἡμῶν
557 5243 665 5297 τῶν
690 5243 1001 5295 ἐπισκόπων
1019 5243 1464 5315 ὁμολογουμένως
1480 5244 1765 5316 ἐξορισμός
1783 5265 1794 5276 ·

236 5329 312 5380 καὶ
343 5335 529 5398 πάντες
563 5335 794 5396 ἑαυτοὺς
822 5334 1131 5404 ἐξορίστους
1176 5337 1400 5407 εἴχομεν
1421 5377 1434 5399 ,
1471 5337 1565 5390 καὶ
1594 5335 1687 5390 νῦν
1721 5337 1796 5404 ῶς

235 5427 314 5478 σὺν
354 5429 653 5500 Ἀθανασίῳ
703 5431 827 5493 ταῖς
886 5430 1141 5501 πατρίσιν
1195 5432 1580 5498 ἀποδοθέντας,
1632 5431 1795 5485 πάλιν

291 5563 328 5591 ⁷ο
356 5561 554 5619 Jrrem.
580 5579 717 5623 xxtt,
748 5561 834 5616 10.

289 5693 388 5762 (78)
418 5698 571 5765 Reg.,
603 5693 968 5766 βουλεύονται.
995 5690 1154 5766 Editi,
1191 5687 1494 5766 βούλονται.

259 5769 386 5864 ιΠΣι)
439 5761 528 5824 Sic
583 5761 718 5836 Reg.
776 5775 832 5819 et
879 5762 1044 5816 Basil.
1101 5763 1238 5815 Edtti
1294 5777 1461 5824 vero.
1518 5762 1605 5813 ἐπ’
1667 5761 1784 5826 ἐξο-

227 5849 388 5978 μξέθ)
418 5906 469 5963 lu
499 5909 631 5979 Reg.
664 5905 757 5962 καί
793 5909 946 5962 deest
976 5913 1101 5959 ante
1133 5901 1375 5974 χείρονα.

1903 4683 2295 4739 conscientiam
2327 4684 2639 4750 perspitere
2657 4680 3015 4733 arbitramur.
3034 4680 3315 4746 Quomodo
3338 4685 3481 4734 cnim
3535 4697 3552 4750 έ

1898 4780 1992 4848 qui
2021 4776 2157 4832 alios
2186 4777 2254 4830 ab
2281 4774 2640 4829 obtrectando
2675 4772 2981 4836 deterrent,
3018 4773 3118 4842 ipsi
3149 4774 3483 4829 obtrectato-

1901 4892 2010 4941 res,
2028 4875 2190 4928 etiam
2209 4874 2346 4943 apud
2367 4875 2722 4941 imperatores
2734 4883 2855 4926 sese
2868 4870 3196 4924 exhibeant?
3213 4872 3483 4941 quomodo

1898 4975 2043 5024 enim
2075 4969 2166 5037 qui
2214 4969 2516 5022 alienarum
2559 4966 2934 5021 calamitatum
2975 4964 3221 5018 misereri
3258 4965 3478 5028 docent,

1901 5080 1966 5118 ne
1996 5073 2119 5133 post
2158 5071 2403 5115 nostrum
2435 5061 2652 5130 quidem
2698 5058 2948 5114 exsilium
2983 5057 3315 5128 quiescnnt?
3343 5058 3476 5111 Nam

1899 5171 2187 5212 commune
2215 5156 2454 5209 omnium
2485 5163 2728 5208 nostrum
2763 5155 3143 5222 episcoporum
3185 5151 3341 5219 plane
3375 5149 3478 5205 fuit

1898 5248 2147 5301 exsilium
2183 5263 2196 5299 :
2239 5261 2446 5316 nosque
2488 5245 2773 5298 universos
2798 5243 2952 5312 quasi
2995 5240 3213 5296 exsules
3253 5249 3474 5308 reputa-

1899 5339 2096 5403 vimns,
2152 5345 2208 5391 et
2264 5351 2411 5390 nunc
2466 5349 2561 5388 nos
2607 5349 2729 5386 cum
2768 5332 3068 5385 Athanasio
3091 5325 3246 5395 quasi
3287 5325 3474 5393 patria:

1896 5432 2178 5486 restitutos
2199 5431 2562 5494 arbttramur;
2585 5442 2648 5482 ac
2681 5426 2805 5481 loco
2836 5424 3079 5494 priorum
3104 5421 3474 5490 lacrytnarum

1962 5696 2076 5763 (8|)
2113 5696 2266 5764 Reg,
2302 5691 2395 5748 οὖν
2427 5711 2522 5762 pro
2563 5694 2671 5764 γάρ

1965 5761 2075 5837 (82)
2104 5761 2263 5820 Μετὰ
2284 5761 2538 5832 τήνζδιο
2560 5761 2692 5833 Reg.
2714 5773 2766 5818 et
2789 5761 2952 5818 Basil.
2975 5772 3029 5818 et
3059 5765 3129 5817 ita
3157 5765 3472 5837 legendam,

1895 5855 1999 5895 non
2043 5852 2098 5889 ut
2125 5841 2251 5890 editi
2280 5837 2422 5888 κατά
2451 5838 2568 5907 τοην.

3535 4739 3550 4764 Ὶ
