4006 6520
514 380 624 438 255

1084 381 1141 436 S.
1183 381 1550 438 ATHANASII
1587 381 1735 438 OPP.
1779 383 1956 438 PARS
1984 383 2024 438 l.
2063 413 2130 423 —
2169 382 2542 465 HISTORICA
2582 385 2668 438 ET
2715 386 3144 444 DOGMATICA.

3647 372 3747 453 2'56

515 507 920 576 getnituunque
943 503 1138 572 quibus
1164 518 1287 558 eum
1319 507 1798 575 prosequebamur,
1829 522 2075 574 magnam

2184 507 2299 560 ἀντὶ
2329 507 2438 559 τῶν
2483 510 2762 578 προτέρων
2804 509 3051 580 ὀδυρμῶν
3091 512 3179 563 ἐπ’
3228 512 3375 583 αὐτῷ
3415 515 3509 568 καὶ
3543 515 3750 587 θρήνων

518 595 686 648 animi
718 593 955 646 ltrtitiam
981 593 1320 662 gratiamque
1353 596 1678 662 accepimus,
1703 609 1861 663 quam
1894 595 2073 649 Domi-

517 700 621 738 nus
647 684 1006 748 conservarit,
1048 699 1147 737 nec
1169 685 1310 738 sinat
1343 700 1459 738 eam
1483 686 1548 738 ab
1576 684 1895 739 Eusebianis
1921 702 2077 740 ever-

518 777 582 830 ti.
622 777 698 829 Ac
729 776 853 830 licet
894 777 1110 844 quidem
1142 791 1268 830 vera
1314 775 1539 830 fuissent
1562 794 1680 848 qua:
1721 780 1794 832 illi
1829 780 2080 848 obiecere

518 865 774 928 crimina,
810 865 936 918 illud
977 875 1152 919 tamen
1182 866 1334 935 culpa
1370 883 1480 921 non
1514 875 1755 934 vacaret,
1785 870 1925 936 quod
1953 884 2081 923 con-

521 965 604 1010 tra
654 955 1082 1011 Christianorum
1130 966 1354 1024 statuta,
1396 961 1560 1013 etiam
1609 969 1731 1027 post
1782 961 1958 1014 exsilii
2007 977 2079 1014 aa-

521 1063 762 1110 rumnas,
800 1033 1022 1101 'rursum
1077 1049 1320 1104 eumdem
1395 1050 1652 1119 aggressi,
1695 1050 1842 1104 illum
1884 1054 1949 1106 de
1976 1067 2108 1134 ατο-θ

520 1140 698 1202 dibus,
735 1139 1037 1193 homicidiis
1072 1139 1302 1209 aliisque
1340 1142 1659 1196 criminibus
1684 1153 1965 1206 accusent,
2024 1153 2080 1196 et

519 1229 636 1281 hac
664 1229 728 1280 ad
758 1229 1132 1295 imperatorias
1164 1246 1322 1284 aures
1341 1230 1604 1285 adversus
1627 1233 1906 1302 episcopos
1927 1232 2080 1287 oblo-

519 1330 773 1387 quantur.
821 1317 935 1372 Jatu
967 1334 1090 1374 cum
1130 1321 1263 1375 nihil
1311 1322 1412 1376 nisi
1458 1323 1762 1387 mendacia,
1809 1325 1941 1379 nihil
1978 1325 2080 1379 nisi

520 1411 821 1464 calumnias
852 1410 1102 1477 afferant,
1135 1427 1233 1466 nec
1260 1414 1555 1482 quidquam
1585 1415 1695 1468 veri
1723 1414 1804 1470 vel
1828 1431 1922 1470 ore
1955 1431 2082 1486 pro-

520 1500 719 1564 ferant,
751 1502 835 1556 vel
866 1503 1068 1570 scripto
1101 1505 1338 1568 tradant,
1373 1519 1608 1573 quonam
1639 1506 1856 1559 malitiae
1885 1507 1960 1561 illi
1986 1509 2082 1562 de-

523 1595 759 1647 venere?
787 1604 881 1646 aut
904 1595 1092 1662 quales
1123 1594 1242 1649 illos
1271 1609 1393 1650 esse
1419 1596 1781 1651 existimatis?
1806 1596 1959 1666 Ipsas
1986 1600 2084 1651 ita-

521 1698 627 1753 que
651 1699 737 1738 res
761 1685 918 1738 modo
973 1687 1368 1755 aggrediamur,
1405 1688 1753 1757 ipsorumque
1795 1690 2083 1753 calumniis

518 1775 738 1845 jamjam
769 1775 1016 1841 objectis,
1041 1792 1412 1832 occurramus.
1444 1779 1582 1833 Hinc
1609 1781 1752 1832 enim
1804 1780 2085 1835 evincetur

522 1869 702 1936 priora
732 1879 850 1934 quae
885 1865 958 1918 illi
991 1865 1044 1919 in
1077 1867 1283 1936 synodo
1310 1876 1364 1920 et
1395 1866 1446 1920 in
1486 1866 1690 1935 judicio
1735 1867 2079 1936 jactitarunt,
2116 1856 2155 1909 Β

524 1970 626 2010 nec
675 1964 819 2010 recte
862 1965 1034 2024 gesta,
1079 1958 1189 2013 neci
1215 1972 1340 2010 vere
1374 1958 1518 2010 dicta
1561 1955 1750 2024 fuisse,
1805 1967 1860 2011 et
1892 1957 1944 2010 in
1999 1957 2083 2011 his

521 2060 736 2114 quoque
797 2061 915 2116 qua:
988 2062 1129 2102 nunc
1193 2046 1475 2116 objiciunt,
1521 2047 1791 2103 mendacii
1858 2050 2083 2103 convin-

520 2147 732 2192 centur.

591 2316 644 2369 5.
683 2316 853 2370 Pudet
883 2331 977 2369 nos
1023 2324 1172 2370 certe
1208 2315 1273 2369 ad
1323 2315 1464 2370 hanc
1500 2313 1872 2370 defensionem
1914 2315 2086 2369 addu-

521 2423 639 2464 ctos
659 2424 776 2464 esse
797 2426 810 2462 :
831 2423 1040 2472 verum,
1059 2409 1187 2476 quia
1212 2408 1483 2462 temerarii
1503 2409 1673 2461 nostri
1697 2411 2086 2462 obtrectatores

522 2500 588 2552 ad
619 2501 796 2551 onmia
822 2513 941 2553 sese
977 2501 1258 2566 ingerunt;
1295 2509 1487 2566 etpost
1509 2500 1794 2552 Athanasii
1823 2501 2079 2563 reditum,

522 2590 696 2641 caules
725 2599 780 2642 et
808 2589 1096 2642 homicidia
1136 2589 1278 2642 facta
1306 2604 1424 2643 esse
1457 2590 1793 2654 insimulant,
1832 2605 2086 2660 rogaums

523 2686 842 2730 utuostram
879 2677 1209 2748 apologiam,
1238 2678 1626 2747 lougiusculam
1671 2678 1816 2743 licet,
1855 2695 1978 2732 nam
2009 2681 2081 2732 ita

521 2771 748 2840 exigunt
799 2771 1036 2840 negotia,
1088 2771 1361 2838 patienter
1407 2769 1659 2822 audiatis.
1711 2770 1898 2824 Caedes
1941 2771 2086 2823 nulla

523 2877 622 2915 nec
645 2864 712 2915 ab
747 2863 1070 2924 Athanasio,
1108 2876 1209 2915 nec
1246 2861 1529 2914 Athanasii
1565 2875 1727 2914 causa
1779 2871 2083 2930 perpetrata

523 2961 607 3004 est
632 2952 1099 3024 (quamloquidetn
1134 2967 1230 3004 nos
1246 2955 1315 3004 ad
1345 2954 1482 3006 hanc
1509 2961 1718 3021 turpem
1751 2954 2082 3023 apologiam,

523 3042 597 3094 uti
615 3057 772 3111 supra
801 3043 1056 3107 diximus,
1083 3041 1736 3111 accusatoresimpellunt)
1759 3059 1773 3107 ;
1802 3043 1974 3096 caedes
1997 3057 2085 3095 ve-

521 3151 583 3191 ro
604 3143 659 3190 et
685 3134 890 3189 vincula
916 3135 984 3188 ab
1014 3133 1264 3188 ecclesiis
1301 3133 1501 3188 nostris
1538 3145 1665 3186 sunt
1715 3133 1912 3186 aliena.
1943 3133 2078 3187 Car-

523 3226 667 3280 nifici
699 3225 902 3279 nullum
937 3225 1268 3279 Athanasius
1307 3224 1528 3279 tradidit
1550 3243 1563 3278 :
1585 3234 1640 3279 et
1671 3240 2079 3289 carcer,_quau-
2111 3207 2152 3264 (ἶ

523 3327 635 3371 tum
665 3318 716 3370 in
752 3316 868 3384 ipso
895 3314 1016 3382 fuit,
1048 3331 1322 3383 nunquam
1366 3328 1669 3372 commotus
1698 3328 1800 3372 est.
1832 3319 2082 3373 Sacraria

518 3419 726 3463 nostra.
761 3414 1051 3476 utsemper
1078 3407 1251 3472 fuere,
1285 3410 1364 3462 sic
1393 3409 1447 3462 in
1483 3411 1735 3478 praesenti
1770 3427 1904 3479 pura
1932 3423 2081 3476 sunt,

521 3499 636 3553 solo
655 3498 858 3552 Christi
900 3499 1162 3565 sanguine
1199 3500 1426 3568 ejusque
1467 3501 1611 3554 cultu
1647 3514 1856 3558 ornata.
1893 3504 2086 3560 Nullus

520 3590 820 3659 presbyter,
866 3591 949 3645 vel
1001 3589 1257 3646 diaconus
1298 3594 1366 3646 ab
1421 3592 1715 3650 Athanasio
1771 3595 2087 3652 interfectus

519 3693 602 3735 est
639 3699 653 3735 :
688 3697 788 3737 nec
829 3684 1031 3738 caedem
1067 3684 1150 3738 vir
1191 3685 1276 3738 ille
1321 3691 1690 3756 perpetravit,
1743 3703 1843 3744 nec
1895 3691 2086 3745 exsilio

520 3786 844 3842 quemquam
893 3774 1166 3830 multavit.
1224 3775 1328 3828 Sed
1372 3778 1577 3831 utinam
1621 3779 1696 3833 illi
1731 3781 1861 3836 nihil
1896 3784 2086 3852 hujus-

521 3866 666 3918 tuodi
693 3865 952 3920 adversus
973 3882 1096 3920 eum
1129 3879 1562 3938 perpetrassent,
1595 3888 1692 3926 nec
1721 3889 1842 3928 eum
1875 3878 2084 3944 coegis-

519 3966 641 4012 sent
669 3957 734 4010 ad
758 3957 884 4010 talia
913 3959 1262 4025 experiunda.
1292 3959 1479 4017 Nullus
1513 3964 1656 4016 enim
1676 3965 1762 4020 hic
1779 3968 1895 4033 ejus
1923 3983 2081 4022 causa

517 4049 809 4117 exsulavit,
838 4062 1036 4120 praeter
1092 4053 1264 4122 ipsum
1323 4054 1676 4111 Athanasium
1741 4059 2084 4114 Alexandriae

518 4142 832 4211 episcopum
893 4145 984 4214 qui
1036 4146 1104 4198 ab
1147 4145 1250 4200 illis
1295 4148 1479 4215 pulsus
1530 4158 1632 4216 est,
1696 4166 1853 4220 quem
1899 4152 2082 4222 patriae

520 4234 829 4288 restitutum
890 4236 1080 4290 iisdem
1114 4239 1223 4292 imo
1273 4243 1614 4310 gravioribus
1637 4243 1956 4300 criminibus
1981 4245 2083 4299 im-

519 4325 720 4393 plicare
743 4338 1031 4392 conantur,
1067 4330 1191 4384 dum
1223 4333 1288 4383 ad
1320 4334 1498 4386 omnia
1533 4349 1670 4388 vana
1712 4347 1766 4389 et
1804 4335 2081 4402 mortifera

519 4421 679 4472 verba
707 4419 942 4490 linguam
967 4437 1120 4475 suam
1148 4425 1441 4478 concitant.
1470 4425 1604 4480 Nam
1627 4443 1692 4483 en
1723 4430 1799 4483 illi
1830 4431 2082 4502 deinceps

2181 599 2442 668 μεγίστην
2476 599 2585 669 (85)
2613 599 2872 670 εὐθυμίαν
2906 601 3276 666 ἀπολαϐόντας
3323 605 3416 656 καὶ
3457 607 3636 676 χάριν,
3688 610 3752 679 ἣν

2179 692 2206 742 ὁ
2231 690 2436 762 Κύριος
2462 691 2826 760 διαφυλάξειε,
2851 692 2944 745 καὶ
2969 693 3270 764 ἀνατρέψαι
3299 698 3414 758 τοῖς
3446 701 3572 768 περὶ
3596 700 3753 752 Εὐσέ-

2179 780 2294 834 ϐιον
2332 779 2407 850 μὴ
2449 781 2738 853 ἐπιτρέψῃ.
2785 782 2970 835 Ταῦτα
3020 783 3141 854 μὲν,
3189 786 3237 837 εἰ
3281 787 3373 839 καὶ
3419 787 3591 858 ἀληθῆ
3619 783 3687 857 ἦν
3717 787 3751 840 ἀ

2179 873 2514 943 κατηγόρουν
2545 873 2726 934 αὐτὸν,
2761 869 2829 944 ἦν
2860 892 2982 928 τινα
3011 878 3467 948 κατηγορήματα,
3502 879 3583 931 ὅτι
3607 879 3752 949 παρά

2178 966 2238 1017 τὸ
2269 965 2595 1036 πρόσταγμα
2618 966 2709 1018 τοῦ
2739 968 3188 1038 Χριστιανισμοῦ,
3215 971 3308 1022 καὶ
3358 971 3495 1040 μετά
3537 971 3630 1023 τὸν
3661 971 3751 1025 τοῦ

2182 1055 2292 1124 (8-4)
2361 1056 2668 1126 πειρασμοῦ
2734 1056 3019 1127 ἐξορισμὸν
3082 1058 3510 1127 ἐπεμϐαίνοντες
3570 1062 3750 1126 πάλιν,

2181 1147 2353 1214 φόνων
2380 1148 2473 1200 καὶ
2503 1147 2725 1216 σφαγῶν
2766 1150 2856 1202 καὶ
2887 1149 3058 1203 ἄλλων
3101 1151 3462 1222 ἐγκλημάτων
3510 1171 3751 1223 κατηγο-

2183 1238 2357 1310 ροῦσι,
2403 1241 2497 1294 καὶ
2529 1241 2829 1310 βασιλικαῖς
2876 1241 3063 1306 ἀκοαῖς
3110 1243 3283 1297 ταῦτα
3322 1243 3464 1298 κατὰ
3497 1244 3606 1298 τῶν
3640 1248 3753 1298 ἐπι-

2182 1331 2396 1384 σκόπων
2434 1331 2747 1402 ἐπηχοῦσιν.
2801 1333 2928 1386 Ὅτε
2977 1332 3032 1385 δὲ
3084 1334 3261 1388 πάντα
3313 1335 3629 1404 ψεύδονται,
3664 1341 3754 1392 καὶ

2182 1421 2357 1474 πάντα
2389 1423 2802 1491 συκοφαντοῦσι,
2833 1425 2927 1476 καὶ
2957 1423 3030 1494 μὴ
3073 1425 3361 1495 πρόσεστιν
3406 1429 3588 1481 αὐτῶν
3620 1429 3752 1501 ἀλή-

2183 1512 2302 1565 θεια
2330 1515 2440 1576 τοῖς
2475 1515 2728 1583 στόμασι,
2767 1515 2899 1585 μηδὲ
2938 1519 3048 1580 τοῖς
3085 1517 3407 1590 γράμμασι,
3441 1519 3754 1574 ποσαπλοῦν

2185 1603 2244 1656 τὸ
2269 1604 2437 1657 κακὸν
2458 1607 2585 1676 παρ’
2614 1608 2796 1670 αὐτοῖς
2819 1623 2833 1671 ;
2853 1609 2923 1659 Ἣ
2951 1610 3225 1671 ποταποὺς
3243 1606 3379 1663 εἶναι
3402 1613 3528 1674 τοὺς
3550 1611 3756 1684 ἀνθρώ-

2184 1709 2318 1757 πους
2345 1694 2787 1765 ὑπολαμϐάνετε;
2821 1697 2955 1768 Ἤδη
2982 1699 3158 1751 τοίνυν
3197 1700 3282 1750 ἐπ’
3323 1701 3464 1755 αύτά
3509 1703 3622 1773 (85)
3650 1722 3754 1773 χω-

2189 1786 2462 1858 ρήσωμεν,
2505 1788 2598 1840 καὶ
2631 1789 2768 1859 πρὸς
2808 1789 2905 1853 τὰς
2933 1794 3265 1863 κατηγορίας
3305 1795 3484 1848 αὐτῶν
3530 1797 3631 1860 τὰς
3660 1798 3751 1852 νῦν

2184 1880 2471 1948 γινομένας
2493 1881 2912 1954 ἀπαντήσωμεν.
2944 1885 3054 1938 Καὶ
3093 1886 3202 1957 γὰρ
3230 1887 3335 1940 ἀπὸ
3376 1889 3584 1942 τούτων
3636 1892 3752 1945 οὐδὲ

2184 1970 2253 2022 τὰ
2287 1971 2526 2042 πρότερα
2554 1972 2680 2042 παρ’
2711 1972 2886 2026 αὐτῶν
2921 1975 3012 2026 ἐπὶ
3043 1977 3242 2047 συνόδῳ
3269 1979 3362 2030 καὶ
3397 1980 3579 2048 κρίσει
3601 1981 3757 2050 θρυλ-

2184 2061 2438 2132 λούμενα,
2472 2063 2651 2126 καλῶς
2678 2066 3060 2137 πεπραγμένα,
3099 2068 3296 2137 μᾶλλον
3324 2070 3379 2123 δὲ
3413 2072 3535 2124 οὐδὲ
3583 2073 3752 2144 ἀληθῆ

2184 2151 2449 2221 λεγόμενα
2480 2153 2883 2226 ἐλεγχθήσεται,
2916 2159 3007 2212 καὶ
3041 2159 3197 2212 πάλιν
3229 2160 3322 2213 ἐπὶ
3351 2161 3562 2227 τούτοις
3587 2182 3753 2218 κατα-

2183 2243 2607 2315 γνωσθήσονται.

2255 2333 2308 2386 5.
2343 2335 2747 2406 Δυσωπούμεθα
2782 2337 2879 2407 μὲν
2899 2331 2989 2391 οὖν
3015 2355 3141 2408 περι
3174 2341 3428 2396 τοιούτων
3450 2345 3750 2416 ἀπολογού-

2189 2441 2338 2494 μενοι
2364 2442 2376 2455 °
2407 2426 2544 2496 πλὴν
2575 2427 2871 2500 ἐπειδήπερ
2899 2430 3032 2499 πρὸς
3065 2416 3243 2485 πάντα
3277 2435 3505 2498 ἑαυτοὺς
3550 2440 3598 2490 οἱ
3627 2456 3755 2510 προ-

2185 2517 2369 2578 πετεῖς
2422 2518 2682 2585 ἐπάγουσι
2729 2521 3040 2589 κατήγοροι,
3086 2523 3178 2574 καὶ
3233 2524 3371 2593 μετά
3417 2525 3517 2596 τὴν
3556 2527 3754 2579 εἴσοδον

2197 2605 2513 2660 Ἀθανασίου
2541 2609 2731 2676 φόνους
2754 2611 2845 2662 καὶ
2875 2611 3087 2678 σφαγὰς
3106 2613 3384 2667 αἰτιῶνται
3407 2618 3752 2688 γεγενῆσθαι,

2185 2699 2608 2769 παρακαλοῦμεν
2658 2701 2984 2771 ἀνασχέσθαι
3031 2705 3130 2775 τῆς
3179 2705 3496 2775 ἀπολογίας,
3529 2709 3628 2762 κᾶν
3669 2711 3754 2763 διά

2185 2787 2443 2851 πλειόνων
2621 2790 2688 2844 τὰ
2726 2791 2833 2864 γὰρ
2888 2795 3186 2865 πράγματα
3242 2797 3561 2865 ἀναγκάζει.
3596 2801 3755 2864 Φόνος

2188 2881 2284 2950 μὲν
2312 2879 2434 2932 οὕτε
2461 2881 2610 2952 παρά
2653 2883 2968 2938 Ἀθανασίου
3011 2888 3259 2956 γέγονεν,
3310 2888 3435 2941 οὔτε
3477 2890 3545 2943 δι’
3573 2892 3752 2955 αὐτὸν,

2185 2971 2370 3042 ἐπειδὴ
2408 2972 2502 3025 καὶ
2535 2974 2614 3037 εἰς
2660 2973 2862 3046 ταύτην
2895 2978 3038 3048 ἡμᾶς
3066 2977 3162 3049 τὴν
3212 2979 3396 3044 ἄδοξον
3438 2981 3752 3052 ἀπολογίαν,

2185 3063 2260 3127 ὡς
2282 3064 2636 3136 προείπομεν,
2671 3068 3054 3139 ἐμϐιϐάζουσιν
3087 3075 3134 3126 οί
3165 3075 3499 3148 κατήγοροι·
3547 3080 3752 3147 σφαγαὶ

2187 3154 2243 3207 δὲ
2270 3157 2363 3208 καὶ
2387 3155 2574 3226 δεσμοὶ
2616 3157 2718 3228 τῆς
2775 3161 3097 3233 Ἐκκλησίας
3141 3166 3295 3235 ἡμῶν
3339 3167 3628 3240 ἀλλότρια’
3671 3171 3755 3240 δη-

2189 3243 2296 3313 μίῳ
2325 3245 2702 3316 παραδέδωκεν
2741 3249 3053 3315 Ἀθανάσιος
3082 3254 3272 3308 οὐδένα
3297 3273 3309 3286 ο
3347 3258 3523 3311 καὶτὸ
3550 3259 3755 3331 δεσμω-

2183 3336 2388 3406 τήριον,
2428 3338 2551 3390 ὅσον
2586 3339 2672 3390 ἐπ’
2706 3340 2884 3411 αὐτῷ,
2930 3343 3268 3399 οὐδεπώποτε
3310 3349 3595 3420 ἐνοχληθέν
3627 3352 3753 3421 παρ’

2184 3427 2367 3481 αὑτοῦ.
2411 3429 2492 3480 Τά
2520 3432 2649 3500 παρ’
2694 3433 2827 3502 ἡμῖν
2873 3434 3131 3505 ίερατεῖα,
3165 3437 3352 3510 ῶσπερ
3396 3441 3518 3506 ἀεὶ,
3542 3443 3634 3495 καὶ
3663 3442 3754 3495 νῦν

2185 3514 2414 3585 καθαρά,
2465 3519 2608 3588 μόνῳ
2634 3521 3002 3592 σεμνυνόμενα
3040 3525 3117 3596 τῷ
3164 3527 3353 3598 αἵματι
3381 3529 3475 3582 τοῦ
3497 3532 3749 3602 Χριστοῦ,

2184 3607 2276 3658 καὶ
2319 3611 2384 3678 τῇ
2431 3611 2510 3672 εἰς
2533 3609 2693 3664 αὑτὸν
2721 3613 2990 3686 εὐσεϐείᾳ.
3033 3617 3108 3669 Οὐ
3137 3619 3528 3692 πρεσϐύτερος,
3557 3625 3616 3676 ού
3641 3623 3754 3678 διά-

2183 3717 2335 3763 κονος
2361 3702 2596 3774 ἀνῃρέθη
2637 3706 2785 3777 παρὰ
2823 3707 3172 3775 Ἀθανασίου,
3216 3713 3275 3765 ού
3309 3714 3488 3783 φόνον,
3533 3717 3631 3770 οὐκ
3671 3717 3751 3784 ἐξ·

2183 3793 2422 3863 οριστίαν
2446 3794 2673 3866 ἔδρασεν
2715 3799 2744 3849 ὁ
2769 3798 3072 3870 ἄνθρωπος.
3103 3802 3240 3855 Ἀλλ’
3273 3805 3383 3858 εἴθε
3437 3807 3570 3878 μηδέ
3618 3811 3750 3861 ἐκεῖ·

2183 3901 2263 3936 νοι
2292 3886 2410 3937 κατ’
2459 3885 2623 3940 αὐτοῦ
2667 3888 2811 3943 τοῦτ’
2864 3891 3091 3964 ἔδρασαν
3137 3895 3363 3968 ἀληθείᾳ
3411 3901 3510 3969 τὴν
3562 3905 3749 3972 πεῖραν

2183 3977 2571 4044 ἐπαγαγόντες.
2601 3981 2788 4046 Οὐδεὶς
2831 3983 2939 4056 γὰρ
2979 3985 3253 4056 ἐξόριστος
3288 3990 3522 4043 ἐνταῦθα
3569 3993 3750 4061 γέγονε

2182 4067 2476 4132 διἀὺτὸν,
2529 4069 2666 4141 πλὴν
2729 4074 2891 4127 αὑτοῦ
2936 4076 3028 4129 τοῦ
3080 4079 3380 4133 ἐπισκόπου
3441 4083 3748 4138 ’Λθανασίου

2186 4157 2294 4227 (86)
2342 4160 2441 4229 τῆς
2495 4161 2897 4234 Ἀλεξανδρείας
2940 4169 3071 4238 παρ’
3127 4169 3326 4233 αὐτῶν,
3375 4172 3432 4224 ὃν
3464 4175 3748 4242 ἀφεθέντα,

2184 4251 2278 4302 καὶ
2307 4251 2466 4305 πάλιν
2497 4255 2609 4316 τοῖς
2636 4255 2817 4319 αὐτοῖς
2913 4259 3006 4311 καὶ
3034 4259 3241 4329 χείροσι
3264 4263 3609 4333 περιϐάλλειν
3637 4270 3749 4320 ἐπι-

2183 4343 2425 4414 ζητοῦσι,
2455 4345 2630 4398 πάντα
2656 4347 2789 4417 πρὸς
2819 4348 2985 4420 ψευδῆ
3021 4352 3114 4403 καὶ
3149 4353 3499 4427 θανατηφόρα
3534 4360 3750 4428 ῥήματα

2183 4435 2280 4506 τὴν
2312 4436 2558 4504 γλῶτταν
2581 4438 2784 4492 ἑαυτῶν
2808 4440 3140 4512 ὀτρύνοντες.
3160 4445 3288 4498 Ἰδοὺ
3317 4447 3425 4518 γάρ
3460 4449 3641 4515 λοιπὸν
3663 4450 3749 4503 καὶ

510 4504 754 4574 judieum
799 4522 920 4564 acta
954 4511 1277 4567 ascribunt:
1307 4521 1359 4568 et
1410 4530 1532 4570 cum
1601 4517 1655 4570 in
1701 4520 1927 4588 epistola
1980 4537 2076 4576 sua

2185 4527 2282 4590 τὰς
2310 4529 2416 4580 τῶν
2462 4529 2726 4583 δικαστῶν
2761 4532 2986 4603 πράξεις
3018 4537 3104 4588 ἐπ’
3138 4538 3298 4591 αὑτὸν
3348 4541 3709 4613 μεταφέρουσι
3733 4560 3748 4572 ·

515 4599 690 4667 palam
717 4600 987 4656 fateantur
1031 4603 1342 4672 praefectum
1359 4605 1580 4680 Egypti
1609 4622 1795 4664 contra
1818 4613 2077 4680 quosdam

517 4690 671 4758 101
707 4692 1031 4746 sententiam
1089 4695 1293 4761 tulisse,
1348 4697 1482 4752 nihil
1540 4708 1717 4754 tamen
1757 4704 2081 4758 erubescunt

513 4785 728 4835 easdem
785 4785 1081 4840 sententias
1126 4787 1427 4844 Athanasio
1481 4792 1749 4861 imputare
1794 4811 1808 4847 :
1867 4800 2078 4850 tametsi

513 4889 636 4927 cum
681 4874 794 4929 haec
821 4888 1126 4944 agerentur,
1165 4881 1400 4934 nondum
1445 4883 1533 4937 ille
1570 4883 1950 4940 Alexandriam
1993 4888 2076 4941 in-

513 4979 732 5033 gressus
773 4977 935 5033 esset,
982 4971 1072 5023 sed
1125 4971 1300 5026 adhuc
1335 4973 1403 5027 ab
1445 4975 1640 5028 exsilio
1684 4988 1982 5043 revertens,
2022 4983 2076 5034 in

515 5055 672 5125 Syria
705 5069 869 5124 esset,
933 5058 979 5112 si
1035 5069 1213 5115 tamen
1252 5078 1385 5132 opus
1421 5066 1493 5119 sit
1531 5065 1879 5137 longinquam
1925 5087 2082 5142 pere-

513 5149 873 5217 grinationem
911 5168 1009 5222 pro
1033 5153 1344 5210 defensione
1385 5159 1603 5223 afferre,
1637 5172 1694 5213 ttt
1735 5177 1800 5216 ne
1833 5164 1953 5232 quis
1985 5182 2079 5218 eo-

516 5257 633 5293 rum
665 5243 903 5297 rationes
936 5247 1156 5300 reddere
1177 5249 1386 5309 debeat,
1416 5266 1536 5317 quae
1567 5253 1646 5305 vel
1674 5254 1801 5321 dux,
1831 5255 1912 5309 vel
1937 5271 2078 5323 prae.

514 5330 686 5385 fectus
733 5333 948 5403 Egypti
985 5339 1368 5405 perpetrarint.
1401 5340 1535 5394 Nam
1567 5342 1694 5397 licet
1740 5346 2078 5399 Alexandria:

512 5421 703 5480 fuisset
732 5425 1082 5490 Athanasius,
1115 5429 1243 5496 quid
1285 5428 1351 5482 ad
1399 5447 1544 5496 eum,
1595 5448 1799 5502 quzeso,
1840 5435 2077 5504 praefecti

511 5582 692 5724 Tt(83)
725 5585 797 5640 lta
827 5583 956 5655 Reg.
979 5585 1121 5642 Editi
1147 5602 1306 5654 vero,
1336 5590 1430 5643 καὶ
1459 5591 1669 5663 θρήνων
1697 5593 1781 5646 ἐπ’
1805 5592 1954 5665 αὐτῷ
1983 5612 2079 5666 με-

573 5671 720 5722 στην.

513 5724 694 5850 qua?)
720 5724 823 5777 Τοῦ
859 5725 1081 5781 deestin
1107 5726 1288 5795 editis,
1319 5729 1414 5785 sed
1441 5728 1495 5786 in
1525 5727 1658 5800 Reg.
1702 5741 1758 5788 et
1794 5731 1960 5790 Basil.
1995 5735 2074 5791 le-

2186 4619 2280 4671 καὶ
2313 4619 2404 4673 τὸν
2437 4621 2534 4690 μὲν
2562 4620 2799 4693 ἔπαρχον
2838 4623 2937 4696 τῆς
2962 4626 3236 4695 Αἰγύπτου
3283 4631 3538 4702 φανερῶς
3570 4633 3749 4703 ὁμολο-

2185 4709 2370 4778 γοῦσιν
2417 4713 2474 4764 ἐν
2528 4715 2592 4783 τῇ
2627 4713 2878 4786 ἐπιστολῇ
2940 4720 3080 4772 κατά
3123 4737 3280 4774 τινων
3332 4723 3749 4793 ἀποπεφάνθαιο

2187 4799 2346 4852 πάλιν
2380 4800 2436 4853 δὲ
2473 4802 2530 4855 οὐ
2559 4802 2928 4860 δυσωποῦνται
2951 4810 3042 4861 καὶ
3078 4809 3278 4874 ταύτας
3327 4814 3427 4877 τὰς
3456 4815 3749 4885 ἀποφάσεις

2198 4891 2500 4964 Ἀθανασίῳ
2539 4895 2971 4965 προσάπτοντεςο
3027 4902 3120 4953 καὶ
3166 4903 3334 4956 ταῦτα
3391 4908 3615 4979 μηδέπω
3655 4909 3748 4979 τῆς

2201 4983 2600 5056 Ἀλεξανδρείας
2633 4988 2902 5057 ἐπιϐάντι,
2938 4991 3054 5045 ἀλλ’
3087 4993 3165 5046 ἔτι
3213 4995 3313 5065 τῆς
3354 4999 3474 5051 ὁδοῦ
3515 5001 3613 5070 τῆς
3646 5001 3748 5054 ἀπὶ

2185 5079 2283 5149 τῆς
2313 5078 2614 5151 ἐξοριστίας
2643 5083 2905 5152 ἐχομένῳ,
2936 5086 3030 5139 καὶ
3057 5087 3196 5140 κατὰ
3224 5088 3323 5159 τὴν
3367 5089 3562 5162 Συρίαν
3601 5093 3710 5144 ὄντι
3735 5110 3748 5124 ·

2181 5168 2313 5236 εἴγε
2341 5170 2421 5222 δεῖ
2444 5171 2537 5224 καὶ
2565 5174 2780 5244 μακρὰν
2797 5175 3104 5248 ἀποδημίαν
3127 5182 3204 5243 εἰς
3230 5181 3524 5251 ἀπολογίαν
3547 5184 3750 5254 φέρειν,
3840 5254 3842 5256 _

2180 5261 2322 5331 ὑπὲρ
2354 5263 2446 5315 τοῦ
2505 5265 2636 5336 μηδὲ
2661 5265 2959 5320 ὑπεύθυνον
2988 5266 3124 5322 εἷναί
3165 5289 3306 5336 τινα,
3359 5269 3443 5338 οἷς
3488 5276 3582 5328 ἐὰν
3624 5277 3755 5345 ἡγε-

2183 5349 2350 5423 μὰψῆ
2377 5352 2610 5426 ἔπαρχος
2638 5356 2910 5424 Αἰγύπτου
2941 5361 3138 5432 πράξῃ.
3180 5363 3242 5414 Ei
3269 5364 3376 5437 γὰρ
3401 5366 3493 5418 καὶ
3526 5368 3613 5419 ἐπὶ
3647 5366 3755 5435 τῆς

2193 5443 2595 5518 Ἀλεξανδρείας
2623 5445 2711 5518 ἦν,
2737 5451 2790 5503 τί
2818 5452 2955 5523 πρὸς
2990 5454 3305 5510 Ἀθανάσιον
3339 5459 3396 5510 at
3441 5458 3532 5511 τοῦ
3573 5459 3750 5529 ἐπάρ-

2257 5599 2368 5738 ἓὸὅζ
2402 5601 2492 5682 Sic
2521 5604 2651 5669 Reg.
2681 5615 2734 5658 et
2763 5607 2924 5663 Basil.
2959 5611 3098 5665 Editi
3136 5627 3263 5666 vero
3286 5616 3370 5667 ἐπ’
3393 5615 3538 5670 αὐτό.

2281 5671 2345 5721 86
2402 5675 2526 5738 Tnc'
2559 5674 2744 5738 Ἀλεξ.
2787 5677 2918 5738 Hert.
2952 5681 3052 5738 τῆς
3092 5681 3144 5735 itt
3180 5685 3342 5738 editis
3383 5689 3724 5738 desiderauit"

2281 5671 2367 5749 8_6)
2402 5671 2526 5749 Τῆς(
2559 5674 2744 5749 Ἀλεξ.
2774 5677 2918 5749 _l_leg.
2952 5681 3052 5749 τῆς
3092 5681 3144 5735 iu
3180 5685 3342 5738 editis
3383 5689 3752 5745 desideratur.

2177 5735 2354 5861 5036:?
2407 5735 2545 5798 infra
2609 5735 2746 5800 idem
2772 5735 2902 5818 Reg".
2941 5735 3166 5818 ζητοῦσι
3222 5735 3338 5810 ubi
