4006 6498
224 386 313 469 εδέι
782 384 790 394 ’
1315 415 1673 477 nomen
1702 416 1983 469 CONTRA
2023 420 2347 472 ABIANUS.
2846 444 2847 451 γ
3350 416 3455 473 252

225 546 306 599 χου
333 528 434 596 (87)
462 529 720 597 πράξεις;
754 530 888 581 Ἀλλ’
921 531 1067 599 ὅμως
1094 532 1214 582 οὐδὲ
1241 532 1505 601 ἐπεδήμει
1538 534 1649 592 τοῖς
1678 530 1767 582 τό·
1798 572 1807 592 ,

1873 531 2062 597 gesta?
2091 531 2340 583 Attamen
2373 529 2422 582 in
2451 530 2534 581 his
2556 530 2691 583 locis
2721 543 2826 582 non
2857 529 3120 598 degebat:
3151 544 3329 597 neque
3366 544 3452 583 res

225 636 352 681 ποιςο
378 619 471 671 καὶ
490 618 559 670 τὰ
585 620 890 690 πραχθέντα
930 622 988 671 οὐ
1018 621 1103 672 διὰ
1139 620 1442 688 προφάσεις
1476 619 1770 687 ἐκκλησια-

1872 618 2257 672 ecclesiasticae
2274 620 2614 672 occasiOnem
2636 620 2903 673 dederunt
2924 621 2989 672 iis
3006 635 3124 686 quae
3140 622 3209 673 ab
3229 620 3448 688 [Egypti

224 708 386 769 στιχὰς
412 708 725 779 πέπρακται
758 710 906 780 παρά
931 709 1022 762 τοῦ
1055 710 1294 779 ἐπάρχου
1337 710 1438 777 τῆς
1470 708 1766 775 Αἰγύπτου,

1879 706 2132 772 praefecto
2165 717 2283 761 acta
2314 718 2469 771 sunt;
2500 709 2593 762 sed
2627 708 2747 761 alia:
2778 709 3022 776 quaedam
3072 724 3208 779 quas
3240 711 3449 764 ediscet

220 796 335 851 ἀλλὰ
356 798 439 850 διά
456 814 608 860 τινας
628 798 789 860 ἃς.ἐκ
814 801 920 852 τῶν
939 800 1347 869 ὑπομνημάτων
1365 797 1579 851 εἴσεσθε
1632 798 1765 867 (88)·

1871 791 1915 844 is
1938 807 2002 845 ex
2033 795 2413 856 monumentis,
2446 808 2566 861 quze
2596 809 2714 858 nos,
2738 794 2968 861 cognitis
2988 808 3174 847 eorum
3198 794 3442 861 scriptis,

218 890 359 959 ἅπερ,
368 888 499 955 μετὰ
516 890 577 940 τὸ
591 889 794 956 γνῶναι
816 891 883 943 τὰ
902 893 1051 961 παρὰ
1070 891 1317 960 τούτωνχ
1325 890 1581 961 ραφέντα,
1600 890 1767 942 πολυ-

1866 880 2152 950 diligenter
2188 886 2482 951 perquisita
2536 885 2602 937 ad
2637 899 2733 938 vos
2774 883 3043 937 misimus.
3080 884 3215 938 Cum
3258 885 3444 954 igitur,

218 981 675 1050 πραγμονήσαντες
706 981 1102 1052 ἀπεστείλαμεν
1134 983 1283 1051 ὑμῖν.
1309 981 1519 1034 Οὐκοῦν
1548 982 1636 1034 ὅτε
1671 982 1766 1034 καὶ

1866 984 1986 1037 qua:
2039 985 2136 1025 nec
2185 986 2251 1027 eo
2305 984 2547 1037 auctore,
2600 988 2698 1028 nec
2727 972 2844 1040 ejus
2885 988 3050 1027 causa
3090 984 3238 1042 gesm
3296 984 3440 1037 sunt,

216 1071 295 1123 νῦν
320 1070 381 1122 τὰ
416 1069 487 1140 μὴ
514 1071 781 1140 γενόμενα
811 1073 946 1143 μήτε
972 1075 1098 1143 παρ’
1120 1072 1284 1126 αὐτοῦ
1336 1074 1471 1143 μήτε
1508 1073 1577 1126 δι’
1603 1074 1764 1127 αὐτὸν

1865 1060 2018 1127 quasi
2051 1070 2197 1129 gesta
2238 1062 2613 1129 proclament;
2659 1074 2715 1118 et
2759 1079 2904 1126 cum,
2946 1078 3013 1119 ac
3044 1064 3088 1117 si
3125 1063 3191 1118 de
3217 1073 3296 1117 tot
3322 1074 3440 1117 tan-

218 1162 383 1231 βοῶσιν
410 1162 484 1224 ὼς
508 1163 797 1229 γενόμενα,
822 1165 917 1215 καὶ
944 1164 1219 1228 τοσούτοις
1265 1166 1638 1236 μαρτυροῦσιν
1687 1167 1764 1229 ὡς

1866 1154 2042 1222 lisque
2075 1155 2229 1210 malis
2264 1157 2529 1211 certiores
2559 1158 2684 1211 laeti
2724 1167 2927 1222 essent,
2969 1157 3332 1211 testimonium
3364 1156 3439 1209 fe—

214 1253 690 1323 πληροφορηθέντες
711 1258 916 1321 κακοῖς,
942 1257 1248 1311 εἰπάτωσαν
1275 1258 1341 1309 ἐκ
1361 1257 1519 1320 ποίας
1541 1258 1761 1311 συνόδου

1864 1253 2021 1306 rant,
2057 1244 2238 1298 dicant
2288 1259 2317 1297 a
2360 1259 2591 1311 quanam
2638 1248 2843 1316 synodo
2896 1247 3011 1301 tunc
3056 1246 3331 1302 didicere?
3369 1260 3434 1299 ex

212 1346 289 1397 καὶ
314 1345 475 1397 ταῦτα
498 1345 778 1412 ἐγνωσανς
813 1348 878 1400 ἐκ
916 1347 1085 1400 ποίων
1106 1346 1436 1411 ἀποδείξεων
1459 1364 1488 1416 ς,
1514 1348 1578 1400 ἐκ
1603 1348 1761 1411 ποίας

1860 1333 2187 1401 quibusnam
2220 1335 2593 1404 argumentis?
2618 1350 2683 1389 ex
2733 1351 2966 1403 quonam
3009 1336 3250 1405 judicio?
3279 1334 3432 1401 Quod

210 1435 451 1503 κρίσεως;
485 1436 549 1488 EE
579 1436 636 1488 δέ
672 1437 839 1507 μηδὲν
879 1436 1094 1507 ἔχοντες
1138 1436 1380 1491 τοιοῦτον
1418 1437 1605 1501 ἁπλῶς
1646 1438 1758 1491 διαο

1859 1423 1904 1477 si
1946 1424 2077 1477 nihil
2114 1422 2376 1493 ejusmodi
2429 1426 2711 1489 habentes,
2751 1427 2853 1481 hoc
2884 1436 3087 1481 temere
3123 1426 3383 1480 aliirment
3417 1444 3428 1487 ;

209 1521 539 1583 ϐεϐαιοῦνται,
587 1525 684 1577 καὶ
728 1525 798 1577 τὰ
835 1525 1073 1599 πρότερα
1115 1526 1233 1589 πῶς
1285 1526 1538 1593 γέγονεν,
1572 1528 1605 1597 ἥ
1642 1528 1760 1591 πῶς

1858 1526 2005 1571 certe
2053 1517 2232 1586 priora
2280 1518 2553 1587 quomodo
2608 1527 2759 1586 gesta
2794 1520 2934 1583 sint,
2972 1529 3065 1573 aut
3103 1534 3202 1573 cur
3244 1520 3323 1573 sic
3355 1520 3434 1572 ln-

207 1610 445 1679 λέγουσιν,
474 1613 603 1682 ὑμῖν
631 1614 987 1685 κατελίπομεν
1018 1618 1257 1667 σκοπεῖν.
1297 1616 1463 1668 Οὐδὲν
1491 1616 1601 1687 γὰρ
1629 1616 1758 1669 ἄλλο

1857 1616 2117 1675 quantur,
2160 1608 2315 1663 vobis
2364 1623 2499 1663 sane
2548 1609 3002 1664 considerandum
3052 1609 3428 1678 relinquimus.

205 1703 331 1753 ἐπὶν
360 1704 392 1772 ἢ
424 1704 759 1771 συκοφαντία
782 1705 876 1757 καὶ
904 1705 1111 1776 ἐχθρῶν
1143 1705 1436 1776 ἐπιϐουλὴ,
1458 1708 1552 1761 καὶ
1590 1707 1757 1777 θυμὸς

1855 1698 2001 1753 Nihil
2027 1698 2172 1753 enim
2202 1699 2347 1754 aliud
2379 1700 2506 1754 illud
2536 1710 2618 1754 est
2645 1715 2808 1769 quam
2841 1700 3136 1765 calumnia,
3170 1710 3225 1754 et
3247 1702 3430 1754 inimi-

204 1794 379 1862 ἄσχετα
412 1794 648 1865 φρονῶν,
685 1797 945 1850 καὶκατὰ
970 1797 1071 1867 τῆς
1103 1797 1381 1861 εὐσεϐείας
1415 1800 1448 1869 ἡ
1483 1800 1620 1870 ὑπὲρ
1647 1800 1754 1852 τῶν

1856 1804 2045 1844 eorum
2079 1789 2313 1855 insidiae,
2341 1791 2667 1858 animusque
2700 1789 3033 1844 intoleranda
3070 1789 3333 1856 sentiens,
3365 1806 3429 1845 ac

213 1846 616 1953 ’Λρειομάνιτῶν
636 1846 648 1859 ⁷
660 1846 1190 1949 ,ν
1205 1846 1287 1940 ti"
1788 1847 1795 1901 J

1856 1880 2108 1947 impietas
2157 1887 2345 1933 contra
2392 1880 2649 1948 pietatem
2683 1894 2782 1947 pro
2818 1878 3173 1933 Ariomauitis
3205 1878 3422 1941 furens;

201 1971 445 2041 ὀρθόδοξοι
476 1974 764 2040 γένωνται,
801 1976 919 2045 μετ’
948 1976 1128 2038 ἁδείας
1147 1975 1203 2027 δὲ
1236 1976 1438 2040 λοιπὸν,
1470 1978 1506 2031 ἃ
1532 1978 1750 2048 βούλον-

1853 1979 1909 2023 υι
1934 1968 2228 2024 Orthodoxi
2260 1968 2477 2037 quidem
2515 1969 2581 2023 de
2606 1967 2783 2022 medio
2821 1968 3102 2032 tollantur,
3132 1968 3423 2037 impietatis

201 2076 290 2123 ται.
326 2062 667 2132 κηρύττωσιν
717 2064 831 2134 (89)
880 2067 928 2117 οἱ
983 2065 1285 2135 προστάται
1327 2067 1423 2137 τῆς
1477 2069 1746 2132 ἀσεϐείας,
1851 2054 1978 2125 vein
2004 2059 2237 2127 patroni,
2283 2058 2429 2127 quod
2476 2057 2694 2111 libuerit
2732 2072 2852 2111 cum
2898 2059 3192 2113 securitate
3228 2060 3422 2127 prandi-

204 2152 294 2203 Καὶ
315 2153 417 2223 γὰρ
448 2152 625 2216 οὕτως
650 2154 785 2223 ἔχει.

1850 2158 1993 2203 cent.
2038 2149 2245 2203 Etenim
2284 2164 2369 2203 res
2397 2150 2468 2202 ita
2499 2162 2559 2203 se
2586 2149 2768 2203 habet.

253 2240 297 2293 6.
342 2241 551 2310 Ἀρείου
584 2241 679 2293 τοῦ
713 2244 1100 2314 ἁσεϐήσαντος,
1133 2246 1225 2312 ἀφ’
1250 2238 1310 2299 οὗ
1340 2246 1434 2299 καὶ
1471 2249 1504 2317 ἡ
1545 2248 1749 2318 Ἀρειοέ

1919 2238 1972 2292 6.
2016 2239 2148 2294 Cum
2180 2239 2343 2293 Arius
2378 2239 2668 2307 impietatis
2706 2247 2917 2305 auctor,
2957 2254 2985 2291 a
3019 2252 3127 2306 quo
3162 2238 3417 2291 Arionia-

197 2329 406 2396 μανιτῶν
454 2330 520 2382 δι’
550 2332 714 2384 αὐτὸν
738 2334 946 2402 αἵρεσις
974 2335 1254 2404 κέκληται,
1282 2337 1381 2404 τῆς
1430 2335 1749 2404 Ἐκκλησίας

1849 2331 2083 2404 uitatum
2130 2332 2347 2386 lneresis
2382 2342 2688 2398 nuncupata
2716 2339 2819 2394 est,
2856 2330 2923 2383 ab
2949 2329 3185 2383 Ecclesia
3216 2327 3416 2395 ejeCtus

194 2418 526 2491 ἐκϐληθέντος
557 2422 663 2474 ὐπὸ
690 2421 783 2475 τοῦ
832 2402 1138 2495 μακαρίτου.
1163 2402 1460 2479 ἐπισκόπου
1500 2402 1747 2490 Ἀλεξάν-

1849 2402 2035 2474 fuisset
2060 2436 2088 2473 a
2116 2422 2287 2475 beatae
2308 2420 2582 2474 memoria:
2604 2419 2914 2475 Alexandro
2944 2419 3221 2487 episcopo,
3249 2417 3416 2471 Euse-

191 2510 315 2578 ὅρου,
354 2511 403 2563 οί
456 2512 585 2581 περὶ,
616 2512 878 2566 Εὐσέϐιον
902 2515 1140 2585 μαθηταὶ
1170 2516 1269 2584 τῆς
1301 2516 1555 2579 ἀσεϐείας
1582 2517 1747 2572 αὐτοῦ

1848 2509 1969 2564 bius
2008 2526 2129 2564 cum
2162 2511 2274 2564 suis
2310 2511 2399 2579 qui
2430 2513 2547 2578 ejus
2579 2510 2872 2578 impietatis
2904 2508 3150 2577 discipuli
3186 2517 3242 2561 et
3284 2522 3408 2577 par-

191 2600 265 2652 καὶ
289 2602 537 2654 κοινωνοὶ
559 2604 936 2672 τυγχάνοντες,
969 2606 1192 2669 ἑαυτοὺς
1209 2606 1561 2677 ἐκϐεϐλῆσθαι
1595 2610 1747 2679 νομί-

1848 2600 2035 2669 ticipes
2079 2608 2264 2666 erant,
2316 2616 2376 2655 se
2418 2601 2621 2671 ejectos
2659 2600 2828 2655 fuisse
2859 2600 3213 2662 arbitrantes,
3245 2597 3409 2652 multa

188 2688 360 2754 ζοντες,
407 2692 656 2764 ἔγραφον
697 2693 864 2748 πολλά
925 2697 1367 2767 παρακαλοῦντες
1404 2699 1745 2772 Ἀλέξανδρον

1845 2694 2133 2761 scripsere,
2164 2693 2360 2762 quibus
2392 2694 2759 2748 Alexandrum
2790 2693 3104 2761 episcopum
3140 2700 3410 2763 rogarent,

187 2778 258 2832 τὸν
283 2782 578 2838 ἐπίσκοπον
607 2783 684 2852 μὴ
714 2784 934 2851 ἀφεῖναι
966 2788 1057 2841 τὸν
1097 2788 1369 2858 αἱρετικὸν
1393 2790 1610 2861 Ι’Δρειον
1641 2791 1745 2857 ἔξω

1846 2794 1916 2835 ne
1952 2781 2267 2835 hrereticum
2310 2781 2501 2835 Arium
2538 2792 2690 2836 extra
2722 2780 3020 2836 Ecclesium
3063 2780 3408 2849 relinqueret.

188 2869 267 2940 τῆς
289 2872 631 2942 Ἐκκλησίας.
678 2873 1021 2945 Ἀλεξάνδρου
1062 2875 1141 2941 δὲ,
1171 2874 1259 2928 διὰ
1286 2877 1384 2947 τὴν
1411 2881 1489 2941 είς
1514 2877 1745 2949 Χριστὸν

1843 2868 2153 2925 Alexandro
2179 2883 2383 2935 autem,
2411 2872 2482 2925 ob
2512 2887 2666 2924 suam
2705 2872 2755 2925 in
2800 2872 3079 2926 Christum
3130 2871 3410 2939 pietatem.

189 2958 434 3031 εὐσέϐειαν
472 2961 553 3031 μὴ
610 2962 902 3032 δεχομένου
937 2964 1027 3016 τὸν
1078 2965 1269 3035 ἀσεϐῆ,
1306 2968 1385 3030 είς
1431 2966 1743 3020 Ἀθανάσιον

1844 2959 2067 3028 imﬁum
2097 2961 2390 3032 illum,non
2444 2961 2754 3030 recipiente,
2795 2961 3095 3016 Athanasio
3127 2972 3254 3016 tunc
3295 2962 3410 3014 dia-

188 3043 284 3094 τότε
332 3045 577 3098 διάκονον
611 3047 743 3099 ὄντα
800 3048 1110 3103 ἐλυποῦντο·
1159 3052 1347 3124 ἐπειδὴ
1399 3052 1469 3105 τὰ
1518 3054 1742 3108 πλεῖστα

1844 3062 1984 3103 cono
2001 3036 2396 3103 suc-censebant
2421 3068 2434 3103 :
2463 3051 2605 3117 quod
2630 3050 2846 3103 curiose
2867 3049 3209 3103 sciscitantes
3234 3049 3406 3116 ipsmn

187 3135 381 3190 συνόντα
406 3138 747 3209 Ἀλεξάνδρῳ
763 3139 837 3210 τῷ
853 3142 1152 3211 ἐπισκόπῳ,
1168 3143 1740 3237 πολυπραγμονοῦντες
1767 3198 1769 3217 η

1845 3136 2279 3207 frequentissime
2312 3152 2432 3191 cum
2468 3137 2775 3191 Alexandro
2817 3138 3057 3201 versari,
3089 3146 3145 3191 et
3184 3139 3253 3192 ab
3294 3138 3407 3206 ipso

185 3227 317 3280 αὐτὸν
345 3230 563 3299 ἤκουον,
595 3232 692 3283 καὶ
714 3231 1021 3302 τιμώμενον
1061 3235 1191 3305 παρ’
1225 3210 1411 3289 ἆύτοῦ.
1449 3238 1652 3309 Πείραν
1683 3240 1739 3293 ἃ

1842 3235 2098 3304 inpretio
2131 3234 2316 3288 haberi
2355 3233 2702 3286 audivissent.
2733 3231 2867 3286 Cum
2898 3240 3078 3287 autem
3110 3246 3175 3286 ex
3205 3232 3406 3301 iisquae

184 3317 318 3372 αὐτοῦ
366 3322 458 3373 καὶ
494 3322 599 3391 τῆς
652 3322 930 3385 εὐσεϐείας
972 3325 1073 3395 τῆς
1102 3327 1182 3389 εἰς
1218 3327 1452 3397 Χριστὸν
1487 3328 1739 3394 λαϐόντες

1838 3324 1893 3379 in
1925 3318 2160 3394 “synodo
2197 3322 2408 3376 Nimia
2443 3332 2633 3376 contra
2672 3321 3123 3376 Ariomauitarum
3158 3322 3406 3391 impieta-

185 3408 234 3458 ὲκ
270 3410 361 3478 τῆς
382 3409 605 3462 συνόδου
636 3410 738 3479 τῆς
772 3412 914 3465 κατὰ
948 3412 1181 3467 Νίκαιαν
1214 3415 1326 3486 (90)
1349 3417 1736 3489 συγκροτηθεί-

1840 3420 1953 3488 ιιειιι¹
1973 3412 2301 3468 confidenter
2340 3412 2546 3465 locutus
2586 3418 2687 3475 est,
2714 3410 2833 3480 ejus
2881 3410 2935 3464 in
2976 3411 3249 3467 Christum
3294 3413 3406 3481 pie-

186 3511 282 3566 σης,
325 3500 379 3551 ἐν
418 3495 503 3563 οἷς
550 3500 998 3573 ἐπαρρησιάζετο
1030 3503 1171 3557 κατὰ
1200 3505 1297 3575 τῆς
1325 3506 1578 3570 ἀσεϐείας
1627 3508 1737 3561 τῶν

1837 3491 2000 3558 tatem
2036 3510 2217 3558 essent
2250 3502 2478 3571 experti,
2529 3501 2586 3558 in
2631 3501 2805 3569 majus
2846 3503 3027 3557 odium
3059 3514 3400 3559 exarserunt.

193 3588 611 3661 Ἀρειομανιτῶν,
667 3591 929 3661 μειζόνως
974 3592 1035 3644 τὸ
1068 3596 1223 3663 μῖσος
1250 3594 1502 3664 ηὔξανον.
1545 3598 1631 3661 Ὠς
1680 3599 1735 3652 δὲ

1841 3592 1942 3649 Ubi
1990 3607 2115 3647 vero
2147 3594 2214 3647 ad
2261 3594 2627 3663 episcopatum
2685 3594 2833 3647 illum
2888 3592 3151 3649 Dominus
3198 3594 3403 3657 evexit,

184 3676 256 3727 ἐπὶ
278 3678 365 3749 τὴν
396 3680 712 3751 ἐπισκοπὴν
747 3680 907 3733 αὐτὸν
934 3682 963 3733 ὁ
993 3681 1124 3745 Θεὸς
1166 3683 1360 3754 ἤγαγε,
1392 3684 1488 3756 τὴν
1530 3687 1735 3742 ἐκπα-

1836 3697 1996 3751 quam
2017 3683 2221 3752 jamdiu
2254 3682 2510 3737 lovebant
2534 3682 2793 3737 malitiam
2821 3683 2999 3739 denuo
3021 3684 3400 3747 accendentes,

183 3764 306 3819 λαιοῦ
348 3770 702 3842 τρεφομένην
750 3771 933 3833 αὐτοῖς
968 3772 1163 3827 κακίαν
1189 3773 1732 3847 ἁναξωπυρήσαντες,

1836 3782 2038 3828 rectam
2074 3772 2190 3842 ejus
2242 3775 2566 3840 doctrinam,
2613 3789 2820 3829 necnon
2853 3775 2969 3843 ejus
3009 3775 3269 3831 adversus
3303 3778 3403 3829 lm-

184 3858 256 3907 καὶ
277 3860 598 3930 φοϐούμενοι
630 3860 730 3932 τὴν
762 3860 1068 3931 ὀρθοδοξίαν
1102 3863 1289 3947 αὐτορ,
1344 3868 1437 3918 καὶ
1463 3866 1562 3937 τὴν
1596 3867 1736 3921 κατὰ

1836 3861 2089 3931 pietatem
2120 3862 2402 3918 resistendi
2432 3864 2668 3919 animum
2704 3864 2861 3919 veriti
2893 3865 3267 3936 (maximeque
3303 3867 3406 3921 En-

180 3950 259 4019 τῆς
295 3953 550 4015 ἀσεϐείας
602 3951 969 4022 παράστασιν,
1017 3950 1274 4016 Εὐσέϐιος
1320 3954 1374 4006 δέ
1401 3954 1581 4009 πλεῖον
1640 3958 1735 4010 καὶ

1834 3952 2061 4007 sebiusa
2090 3955 2420 4010 conscientia
2453 3970 2630 4009 rerum
2659 3971 2793 4025 quas
2816 3966 3044 4011 noverat
3065 3958 3397 4028 perculsus),

181 4041 267 4094 ὰτὼ
316 4044 422 4113 (91)
470 4046 577 4114 τῆς
641 4042 1002 4112 συνειδήσεως
1057 4036 1130 4096 ὧν
1183 4038 1291 4095 οἶδε
1348 4046 1730 4117 πληττόμενος,

1833 4044 2084 4100 omnibus
2109 4046 2282 4101 modis
2309 4046 2423 4101 viro
2443 4047 2683 4103 insidiati
2714 4058 2862 4113 sunt,
2894 4058 2948 4103 et
2978 4050 3398 4104 adversusillum

180 4132 326 4188 πάντα
370 4137 581 4208 τρόπον
632 4132 990 4186 ἐπεϐούλευον
1035 4134 1127 4186 καὶ
1162 4135 1613 4200 συνεσκευάζοντο
1656 4137 1733 4208 τῷ

1834 4134 2213 4203 couspirarunt
2243 4154 2257 4202 ;
2308 4138 2689 4208 imperatorem
2728 4155 2941 4208 quoque
2970 4141 3021 4194 in
3056 4140 3201 4193 illum
3228 4143 3402 4195 conci-

181 4223 323 4294 ανδρί.
370 4227 621 4279 Ἐκίνουν
654 4223 878 4293 βασιλέα
912 4225 1031 4275 κατ’
1058 4223 1241 4286 αὐτοῦ,
1292 4226 1538 4289 συνόδους
1572 4228 1732 4295 ἠπεί-

1836 4217 2043 4291 tarunt,
2086 4244 2152 4285 ac
2173 4231 2407 4301 synodos
2430 4231 2741 4299 plerumque
2760 4246 2818 4285 se
2847 4242 3126 4285 coacturos
3153 4230 3398 4285 intermi-

180 4312 277 4368 λουν
300 4317 575 4379 πολλάκις
608 4316 706 4367 καὶ
720 4313 869 4376 τέλος
895 4314 953 4365 ἐν
968 4312 1126 4383 Τύρῳ
1151 4315 1425 4384 συνῆλθον,
1458 4317 1552 4370 καὶ
1573 4317 1731 4387 μέχρι

1834 4320 1970 4383 nati,
2006 4320 2221 4374 demum
2263 4323 2390 4392 Tyri
2417 4338 2741 4389 convenere,
2774 4332 2829 4375 et
2858 4324 3116 4377 hactenus
3140 4323 3399 4378 adversus

179 4405 253 4461 νῦν
275 4409 367 4461 οὐκ
390 4408 727 4478 ἀφίστανται
759 4406 878 4458 κατ’
896 4402 1059 4456 αὐτοῦ
1089 4404 1408 4475 γράφοντες,
1440 4407 1532 4458 καὶ
1559 4405 1731 4470 οὕτως

1834 4421 1955 4461 eum
1988 4407 2230 4462 scribere
2264 4425 2369 4462 non
2404 4410 2676 4463 desinunt.
2713 4411 2889 4477 Atque
2923 4410 2999 4463 ita
3032 4409 3398 4479 implacabiles

178 4498 288 4550 εἰσιν
317 4500 712 4572 ἀπαραίτητοι,
747 4497 823 4559 ὡς
856 4495 949 4548 καὶ
975 4494 1072 4565 τὴν
1102 4496 1435 4549 κατάστασιν
1466 4497 1566 4566 τῆς
1614 4499 1733 4552 ἐπι-

1836 4505 1982 4560 sunt,
2031 4504 2089 4550 ut
2121 4495 2238 4563 ejus
2285 4499 2449 4552 etiam
2496 4498 2549 4551 in
2598 4498 2962 4564 episcopatum
3006 4498 3396 4565 promotionem

179 4590 351 4659 σκοπῆς
369 4589 539 4643 αὐτοῦ
586 4585 901 4657 μέμφεσθαι
938 4583 1068 4655 (9'2),
1094 4585 1367 4657 πανταχοῦ
1393 4586 1727 4651 δεικνύοντες

1835 4587 2259 4652 reprehendant,
2310 4600 2374 4640 ac
2404 4600 2525 4642 sese
2555 4586 2790 4654 undique
2815 4587 2931 4639 viro
2965 4585 3211 4641 inimicos
3236 4594 3293 4642 et
3317 4588 3398 4643 in-

176 4674 366 4741 ὲαυτούς
422 4677 683 4748 ἐχθροὺς,
740 4672 836 4726 καὶ
906 4670 1195 4743 μισοῦντας
1256 4675 1347 4727 τὸν
1393 4674 1581 4745 ἄνδρα,
1634 4678 1726 4729 καὶ

1832 4676 2014 4731 tensos
2046 4674 2367 4739 exhibeant;
2395 4688 2459 4728 eo
2486 4673 2658 4728 solum
2695 4674 2972 4729 mendacia
3013 4673 3317 4743 loquentes,
3342 4687 3396 4733 ttt

173 4763 311 4837 ψευδῆ
360 4768 637 4837 λέγοντες,
699 4765 857 4835 μόνον
884 4762 971 4817 ἵνα
1028 4764 1428 4832 ὲκφαυλίσωσιν
1460 4764 1620 4817 αὐτὸν
1667 4766 1726 4818 ἐν

1830 4782 1951 4823 cum
1994 4766 2108 4822 suis
2141 4766 2430 4822 calumniis
2460 4764 2715 4821 infamem
2757 4766 3005 4821 reddant.
3054 4766 3161 4822 Sed
3197 4782 3262 4822 ex
3311 4768 3396 4823 his

172 4860 268 4922 ταῖς
307 4858 707 4929 ψευδολογίαις.
746 4853 905 4908 ’Δλλὰ
948 4854 1042 4906 κα)⁵
1076 4854 1133 4920 ἐξ
1164 4854 1344 4910 αὐτῶν
1398 4854 1602 4909 τούτων
1649 4850 1724 4910 ὧν

1831 4860 1964 4928 ipsis
1992 4856 2105 4913 suis
2137 4857 2453 4920 mendaciis,
2486 4856 2663 4926 priora
2694 4856 2780 4909 illa
2809 4856 2943 4912 l‘alsa
2978 4866 3143 4927 atque
3181 4860 3394 4928 conspi-

171 4944 444 5012 ψεύδονται,
460 4949 534 5002 τὰ
552 4948 797 5019 πρότερα
816 4945 1144 5015 διελέγχουσι
1159 4944 1329 5016 ψευδῆ
1344 4947 1435 4999 καὶ
1456 4948 1723 5017 ωσκευῆς

1830 4947 2091 5001 rationem
2144 4960 2265 4999 esse
2304 4944 2793 5009 deprehenduntur.
2836 4946 2999 4999 Aiunt
3032 4945 3175 5000 enim
3223 4945 3395 5003 :Puu

174 5039 333 5101 μεστά.
362 5038 527 5093 Μετὰ
552 5038 665 5108 γὰρ
703 5036 817 5102 τὴν
841 5033 1151 5101 τελευτὴν,
1188 5037 1352 5105 φασὶν
1370 5037 1501 5108 (95),
1520 5039 1721 5103 Ἀλεξ-

1830 5036 2027 5090 obitum
2050 5034 2337 5088 Alexandri
2363 5034 2608 5103 episcopi,
2640 5051 2758 5089 cum
2783 5038 2939 5105 pauci
2975 5038 3188 5107 quidam
3227 5039 3396 5095 Allia-

146 5124 360 5193 νάγδρου
382 5129 489 5183 τοῦ
518 5129 883 5189 ἐπισκόπου,
904 5127 1122 5195 ὀλίγων
1151 5125 1334 5180 τινῶν
1365 5128 1722 5187 Ἀθανασίου

1831 5126 1966 5178 nasii
2005 5125 2314 5177 mentionem
2357 5121 2623 5191 facerent,
2661 5141 2751 5179 sea:
2790 5137 2879 5178 aut
2911 5136 3100 5193 septem
3141 5128 3390 5198 episcopi,

166 5216 376 5285 μνήμην
404 5216 805 5287 ποιουμένων,
826 5214 895 5280 ἐξ
906 5215 943 5284 ἢ
976 5214 1121 5281 ἑπτὰ
1156 5215 1506 5270 ἐπισκόπων
1529 5218 1723 5286 λάθρα

1828 5214 1964 5269 clam
1994 5221 2042 5266 et
2081 5211 2132 5265 in
2166 5213 2382 5265 obscuro
2418 5211 2531 5266 loco
2573 5214 2743 5283 ipsum
2785 5215 3114 5269 ordinarunt.
3160 5215 3282 5270 llaec
3315 5219 3390 5270 illi

222 5403 318 5478 @7)
341 5406 473 5478 Reg.
499 5447 516 5471 ,
558 5406 811 5478 ἐπάρχου
828 5406 925 5476 τῆς
954 5405 1251 5478 Αἰγύπτου.
1327 5477 1333 5478 γ

1864 5402 2005 5478 ⁸(91)
2039 5401 2280 5478 βεξζη-δὲ
2324 5401 2591 5478 καὶ-κατὰ
2623 5401 2956 5478 πλεῖον-ὑπό.
3008 5399 3193 5478 Ba_s_il_.,
3217 5398 3390 5478 δὲκαὶ

221 5467 316 5543 (88)
341 5478 392 5530 In
422 5467 601 5547 grave
628 5467 864 5532 historia:
883 5467 1276 5547 'ecclesi:islica:
1304 5477 1713 5541 detrimentum,

1823 5467 2153 5547 πλεῖονῄᾲπόί
2190 5472 2306 5525 Mox
2336 5473 2605 5547 iu_Basil.,
2632 5473 2719 5547 tbi;
2742 5468 2849 5547 οζδε
2881 5467 3217 5547 deest._.lhid..
3251 5467 3382 5547 Reg.

167 5536 477 5599 ιιόιιιιιηεηῖα
509 5548 601 5600 hic
636 5555 933 5600 memorata
966 5546 1236 5601 excidere.
1696 5536 1708 5541 ν

1821 5552 1873 5596 et
1903 5542 2062 5597 Basil.
2092 5557 2225 5611 quos
2259 5543 2554 5607 sequimur,
2590 5536 2978 5611 πληττόμενος,
2998 5540 3122 5591 editi
3162 5536 3389 5591 πλαττό-

351 5615 456 5688 _$_ic
502 5616 727 5688 Reg._et
766 5614 924 5670 Basil.
952 5616 1282 5688 ;_editi‘vero
1308 5654 1322 5678 ,
1355 5615 1709 5688 κηρύττουσι,
1823 5628 1999 5688 “sugq,

351 5674 695 5756 Νίκαιανέἰρ
717 5674 1027 5739 accentu-iu
1066 5684 1235 5752 prima
1267 5674 1479 5756 μεθίει
1540 5686 1707 5742 Basil.
1823 5674 1835 5683 ’
1894 5683 2007 5756 (Θὲ)
2038 5679 2315 5756 |_l_.jec_i_tcm
2340 5683 2478 5756 apud
2508 5679 2810 5756 Socratem,
2838 5677 2873 5730 1.
2906 5694 2946 5743 ι,
2976 5693 3025 5732 c.
3053 5674 3140 5732 23.

166 5744 279 5804 Editi
299 5744 462 5815 'vero,
490 5754 539 5805 N
550 5752 755 5804 ικαίαν.
1066 5744 1082 5752 ’
1350 5744 1379 5756 ν

1350 5744 1379 5756 “’
1896 5744 2009 5806 ἰθὸ)
2048 5752 2138 5805 Sic
2176 5752 2304 5821 ltcg.
2342 5744 2480 5804 Euiti
2511 5762 2638 5801 vero
2673 5746 2855 5815 φησίν.

450 5849 733 5906 ιἈτιιοι.
783 5847 898 5907 Gu.
948 5848 1147 5907 XXV.

3034 5844 3071 5904 9
