4006 6510
227 414 308 470 281
1329 406 1669 462 APOLOGIA
1708 398 1989 463 CONTRA
2030 405 2357 461 ARIANOS.

3338 406 3443 459 262

222 528 379 582 αὐτῶν
411 528 812 581 καταστάσεσιν
835 525 1207 595 ἐλεγχόμενοις
1244 523 1433 577 Οτδατε
1468 524 1576 594 γὰρ
1612 524 1772 594 ἀκρι-

1879 540 1996 580 cum
2034 524 2130 594 ipsi
2175 522 2403 592 depositi
2433 520 2543 577 sint
2570 536 2583 573 :
2612 528 2670 575 ut
2710 521 2792 574 vel
2822 522 2947 577 hinc
2980 523 3249 593 arguitur,
3302 528 3455 594 quod,

224 621 331 684 δὼς,
355 621 437 674 ὅτι
481 619 730 689 Ἀμφίων
762 619 859 688 μὲν
892 619 949 670 ἐν
978 615 1332 687 Νικομηδείᾳ,
1371 614 1620 685 Χρηστδς
1669 612 1779 688 (99)

224 712 269 766 δέ
289 714 337 764 ἐν
356 709 569 779 Νικαίᾳ
584 707 990 777 κατεστάθησαν
1018 706 1129 759 ἀντ’
1148 704 1326 758 αὐτῶν
1352 703 1440 757 διὰ
1452 703 1550 774 τὴν
1577 703 1782 756 οἰκείαν

222 802 476 863 ἀσέϐειαν,
499 802 596 853 καὶ
618 800 717 870 τὴν
744 797 879 871 πρὸς
902 800 1027 862 τοὺς
1050 797 1462 868 Ἀρειομανίτας
1479 794 1779 859 κοινωνίαν,

223 890 325 953 τοὺς
351 888 460 941 άπὸ
486 888 591 957 τῆς
626 887 841 939 συνόδου
885 886 981 956 τῆς
1033 885 1419 955 οἰκουμενικῆς
1450 883 1784 953 ἀποδοκιμα-

225 980 440 1042 σθέντας.
498 962 797 1047 nam“
982 970 1060 1046 τῷ
1094 968 1221 1027 ὄντι
1278 972 1492 1026 σύνοδον
1539 972 1784 1043 ἀναιρεῖν

228 1070 472 1131 θέλοντες,
498 1068 601 1136 τὴν
625 1066 829 1119 ἑαυτῶν
859 1059 1317 1118 άδικονσύστασιν
1334 1060 1621 1133 ὀνομάζειν
1654 1062 1781 1113 σύν-

224 1163 322 1217 οδον
375 1157 743 1229 ἐπιχειροῦσι,
779 1156 870 1209 καὶ
923 1154 992 1207 τὰ
1038 1155 1166 1223 παρ’
1199 1152 1381 1222 ἐκείνῃ
1446 1150 1520 1222 (1)
1566 1153 1784 1222 κρατεῖν

115 1280 119 1285 ·
224 1254 284 1324 μὴ
323 1252 587 1313 θέλοντες,
615 1248 684 1301 τά
717 1248 841 1317 παρ’
877 1246 1060 1307 αὐτοῖς
1090 1246 1313 1315 κρατεῖν
1358 1242 1663 1312 βούλονται⁸
1691 1242 1785 1295 καὶ

222 1340 412 1395 σύνοδον
460 1338 822 1407 ὀνομάζουσιν
861 1337 910 1388 οἱ
941 1335 1142 1403 συνόδῳ
1176 1333 1473 1404 τηλικαύτῃ
1507 1332 1582 1402 μὴ
1607 1331 1786 1385 πειθό-

222 1448 369 1503 μενοι.
405 1430 596 1492 Οὕτως
633 1429 694 1482 οὐ
745 1428 961 1480 συνόδου
1004 1427 1080 1494 (2)
1133 1423 1581 1496 πεφροντίκασιν,
1645 1420 1784 1475 ἀλλὰ

222 1521 625 1593 σχηματίζονται
674 1516 997 1589 φροντίζειν,
1028 1516 1134 1578 ἵνα,
1159 1515 1438 1578 ἀνελόντες
1469 1514 1594 1577 τοὺς
1622 1512 1781 1583 ὀρθο-

218 1613 398 1679 δόξους,
447 1609 519 1664 τά
570 1607 799 1673 δόξαντα
847 1609 914 1677 τῇ
979 1604 1292 1677 ἀληθεῖκαὶ
1331 1602 1543 1675 μεγάλῃ
1582 1601 1782 1672 συνόδῳ

220 1704 340 1758 κατὰ
366 1703 446 1772 (3)
476 1700 590 1754 τῶν
618 1698 931 1770 Ἀρειανῶν,
985 1696 1239 1750 λύσωσιψ
1275 1688 1349 1750 ὧν
1395 1694 1783 1766 προϊστάμενοι

222 1796 298 1848 καὶ
315 1793 395 1846 ἀεὶ
420 1791 516 1845 καὶ
550 1790 667 1851 νῦν,
694 1787 983 1857 ψεύδεσθαι
1011 1785 1251 1857 τολμῶσι
1276 1785 1418 1840 κατὰ
1461 1785 1779 1849 Ἀθανασίου

1882 615 1973 669 alii
1996 628 2182 670 eorum
2212 613 2330 667 loco
2346 613 2452 668 sint
2479 612 2762 671 constituti
2786 612 2808 666 ἳ
2834 612 3007 667 Probe
3021 621 3224 669 etenim
3251 616 3446 680 nostis,

1881 704 2234 773 Amphionem
2266 703 2611 770 Nicomediae,
2652 704 2938 761 Cbrcstum
2973 704 3164 760 Nicaeae
3207 706 3445 777 ipsorum

1881 793 2001 849 loco
2046 794 2213 849 fuisse
2267 795 2574 861 ordinatos,
2620 808 2841 866 propter
2881 809 3069 851 eorum
3115 796 3447 865 impietatem

1881 894 1937 939 ct
1963 886 2394 940 communionem
2445 901 2568 941 cum
2606 886 2962 941 Ariomanitis
3005 887 3074 941 ab
3112 888 3446 942 (acumenica

1881 977 2087 1045 synodo
2121 977 2437 1045 reprobatis.
2483 978 2629 1034 Hanc
2678 993 2860 1033 veram
2890 978 3154 1050 synodum
3197 980 3320 1033 dum
3350 980 3446 1034 de—

1891 1065 2004 1119 lere
2032 1066 2273 1135 cupiunt,
2311 1068 2553 1137 iniquum
2604 1084 2759 1123 suum
2815 1079 3135 1123 conventum
3182 1068 3445 1139 synodum

1884 1168 2077 1208 vocare
2108 1164 2373 1210 conantur
2406 1172 2422 1208 :
2451 1164 2506 1210 et
2560 1156 2686 1210 dum
2735 1157 2849 1225 ejus
2892 1156 3107 1211 decreta
3142 1156 3296 1210 irrita
3328 1170 3449 1211 esse

1882 1246 2087 1312 volunt,
2117 1260 2214 1300 sua
2254 1246 2506 1301 obtinere
2555 1248 2810 1315 cupiunt;
2854 1255 2909 1302 et
2957 1248 3145 1317 synodi
3184 1247 3447 1303 vocabulo

1882 1346 2126 1403 utuntur,
2165 1337 2254 1408 qui
2289 1347 2451 1393 tanta:
2485 1339 2691 1410 synodo
2728 1338 2919 1393 nolunt
2944 1340 3335 1409 obtemperare.
3358 1339 3449 1394 Sic

1881 1428 1955 1482 illi
1996 1429 2258 1499 synodum
2291 1444 2395 1484 non
2424 1437 2640 1493 curant,
2672 1429 2798 1483 licet
2828 1444 2885 1483 se
2912 1443 3106 1485 curare
3147 1429 3401 1483 simulent
3428 1447 3444 1495 ;

1882 1526 1939 1571 ut
1983 1518 2299 1574 orthodoxis
2335 1518 2403 1574 de
2433 1519 2611 1573 medio
2653 1518 2899 1586 sublatis,
2939 1534 3057 1588 qua:
3100 1534 3129 1573 a
3164 1534 3355 1586 magna
3392 1530 3448 1573 et

1880 1610 2003 1662 Vera
2031 1608 2237 1677 synodo
2264 1618 2455 1663 contra
2491 1607 2724 1664 Arianos
2752 1618 2952 1663 statuta
2987 1617 3133 1673 sunt,
3166 1609 3264 1679 ipsi
3295 1610 3445 1665 irrita

1881 1698 2086 1752 faciant
2114 1714 2128 1750 :
2156 1698 2354 1768 quibus
2394 1698 2612 1753 Arianis
2657 1714 2780 1755 cum
2828 1699 2903 1753 illi
2942 1708 2995 1753 et
3026 1712 3255 1768 semper,
3301 1714 3366 1754 ac
3393 1700 3446 1752 in

1880 1788 2130 1857 prasenti
2161 1787 2592 1859 patrocinentur,
2624 1799 2811 1844 contra
2854 1787 3206 1843 Athanasium
3240 1788 3450 1857 episco-

221 1878 297 1931 τοῦ
347 1877 674 1930 ἐπισκόπου.
732 1874 933 1942 Ὅμοια
975 1870 1082 1941 γὰρ
1135 1870 1363 1922 κάκεῖνα
1418 1871 1530 1931 τοῖς
1576 1867 1691 1930 νῦν,
1747 1866 1778 1919 ἃ

1884 1895 2007 1950 pum
2046 1878 2262 1934 mentiri
2295 1877 2429 1934 nihil
2457 1889 2731 1934 verentur.
2764 1879 2897 1933 Nam
2922 1894 3041 1950 quae
3062 1879 3174 1950 jam
3202 1878 3332 1934 olim
3372 1878 3448 1933 illi

222 1966 505 2033 ψεύδονται,
565 1964 649 2015 ὅτι
679 1961 816 2031 πρὸς
844 1958 941 2027 τὴν
971 1957 1172 2010 εἴσοδον
1217 1955 1381 2009 αὑτοῦ
1427 1955 1645 2018 στάσεις
1684 1954 1778 2008 καὶ

221 2056 386 2125 θρῆνοι
417 2054 515 2108 καὶ
568 2050 797 2122 ὀδυρμοὶ
843 2048 1116 2118 γεγόνασι,
1176 2046 1286 2100 τῶν
1322 2046 1467 2099 λαῶν
1501 2046 1633 2118 πρὸς
1680 2046 1805 2117 τὴν,

222 2146 462 2215 ὑποδοχὴν
497 2141 662 2197 αὐτοῦ
700 2138 1253 2209 δυσανασχετούντων.
1287 2137 1451 2191 Οὐδὲν
1467 2137 1575 2207 γὰρ
1603 2134 1778 2190 τοιοῦ-

220 2259 294 2293 τον
316 2240 553 2307 γέγονεν,
576 2236 712 2289 ἀλλὰ
730 2235 837 2288 πᾶν
860 2232 1185 2296 τούναντίον,
1222 2231 1367 2303 χαρὰ
1402 2231 1495 2284 καὶ
1522 2229 1774 2301 εὐθυμία,

220 2332 298 2383 καὶ
348 2330 544 2401 δρόμος
599 2326 708 2379 τῶν
758 2324 920 2389 λαῶν,
974 2324 1109 2395 πρὸς
1161 2322 1259 2394 τὴν
1306 2321 1566 2375 εὐκταίαν
1611 2320 1773 2374 αὐτοῦ

221 2422 330 2476 θέαν
361 2421 435 2491 (ι)
468 2418 838 2489 ἐπειγομένων
867 2434 879 2446 ⁸
900 2415 1237 2487 εὐφροσύνης
1267 2415 1323 2468 δὲ
1355 2415 1411 2467 αἱ
1458 2412 1775 2484 Ἐκκλησίαι

223 2515 414 2584 μεσταὶ,
443 2511 536 2565 καὶ
569 2510 911 2582 εύχαριστίαι
934 2508 1069 2580 πρὸς
1095 2507 1185 2560 τὸν
1216 2506 1419 2577 Κύριον
1440 2505 1776 2577 ἀναφερόμε-

221 2622 295 2656 ναι
331 2601 622 2672 πανταχοῦ.
680 2600 1001 2670 Λειτουργοὶ
1035 2598 1092 2650 δέ
1144 2598 1238 2651 καὶ
1274 2598 1526 2669 κληρικο)⁸
1575 2597 1775 2660 πάντες

220 2696 372 2759 οὕτως
402 2694 561 2747 αὐτὸν
586 2690 919 2761 ἑωράκασιν,
947 2689 1022 2751 ὡς
1046 2688 1415 2758 εὐφρανθῆναι
1440 2688 1539 2750 τὰς
1570 2689 1770 2759 ψυχὰς,

222 2788 455 2856 κάκείνην
470 2785 567 2854 τὴν
593 2782 809 2853 ἡμέραν
850 2780 1036 2834 πασῶν
1086 2779 1454 2850 εὐθυμοτέραν
1483 2780 1773 2849 ἐσχηκέναι

220 2876 490 2932 πιστεύειν.
532 2876 645 2946 Τὴν
667 2872 775 2942 γὰρ
808 2869 962 2942 ήμῶν
986 2869 1092 2923 τῶν
1133 2869 1448 2922 ἐπισκόπων
1480 2868 1774 2938 άνεκλάλη-

223 2967 479 3040 τονχαράν
500 2966 552 3019 τί
585 2966 692 3037 χρὴ
730 2963 993 3033 γράφειν;
1019 2961 1378 3032 προλαϐόντες
1399 2961 1506 3033 γὰρ
1547 2961 1771 3032 εἰρήκα-

226 3077 330 3131 μεν,
360 3058 432 3123 ὡς
454 3059 547 3111 σὺν
581 3054 734 3125 αὐτῷ
767 3054 991 3124 πάσχειν
1012 3051 1352 3135 ἐνομίζομεν.

283 3240 332 3295 8.
361 3239 569 3293 Τούτων
595 3236 777 3292 τοίνυν
806 3234 976 3298 οὕτως
1008 3232 1474 3303 ὁμολογουμένων,
1504 3230 1597 3282 καὶ
1645 3229 1770 3299 παρ’

224 3329 381 3382 αὐτῶν
426 3328 681 3391 ἐναντίως
710 3324 1157 3397 προφερομένων,
1192 3322 1353 3376 ποίαν
1382 3320 1493 3392 ἔχει
1523 3320 1702 3373 πίστιν
1739 3322 1773 3390 ὴ

224 3418 335 3487 παρ’
380 3417 548 3471 αὐτῶν
578 3414 921 3487 θρυλουμένη
965 3411 1177 3475 σύνοδος
1228 3412 1261 3481 ἢ
1309 3410 1515 3483 κρίσις;
1562 3411 1625 3463 Oi
1669 3409 1776 3480 γὰρ

221 3507 373 3571 οὔτως
402 3508 698 3561 ἐπιϐαίνειν
731 3503 1057 3574 τολμῶντες,
1097 3497 1179 3565 οἷς
1220 3502 1319 3555 οὐκ
1358 3498 1514 3565 εἶδον,
1554 3495 1634 3564 οἷς
1677 3502 1777 3554 οὐκ

226 3599 475 3661 ἐδίκασαν,
500 3598 585 3668 ἐφ’
611 3597 692 3668 (5)
745 3592 827 3657 οἷς
866 3594 926 3646 οὐ
970 3592 1250 3663 συνῆλθον,
1302 3593 1396 3645 καὶ
1427 3592 1658 3663 γράφειν
1703 3590 1778 3653 ὡς

226 3689 729 3761 πληροφορηθέντες,
760 3686 876 3749 πῶς
909 3684 992 3753 ἐφ’
1018 3679 1099 3747 οἷς
1128 3683 1537 3753 συνεληλυθέναι
1564 3683 1777 3751 λέγουσι

198 3830 203 3835 .
228 3780 552 3848 πιστευθῆναι
576 3777 869 3840 δύνανται;
912 3774 1049 3827 Ἀλλ’
1089 3774 1148 3826 ού
1173 3775 1291 3827 κατ’
1318 3772 1517 3844 ἔχθραν
1552 3773 1776 3825 κάκεῖνα

226 3870 548 3940 πεποιηκέναι
606 3866 907 3921 καὶταῦτα
968 3863 1443 3935 πιστευθήσονται;
1500 3863 1635 3917 Ποία
1670 3863 1777 3933 γὰρ

228 3961 308 4011 καὶ
337 3961 537 4025 σύνοδος
561 3958 874 4013 ἐπισκόπων
894 3952 960 4025 ἦν
985 3955 1105 4007 τότε
1127 3970 1141 4016 ;
1178 3956 1327 4007 ποῖον
1355 3951 1627 4025 συνέδριον
1648 3951 1777 4022 άλη-

232 4049 355 4113 θιίας
380 4052 664 4123 ἐχόμενον;
698 4048 781 4110 τίς
810 4046 917 4099 τῶν
952 4046 1215 4107 πλειόνων.
1240 4047 1296 4097 ἐν
1328 4044 1509 4105 αὐτοῖς
1559 4042 1658 4095 οὐκ
1683 4044 1776 4112 ὲχ-

233 4138 336 4211 θρὺς
362 4143 619 4213 ἡμέτερος
661 4136 764 4209 ἧνς
799 4138 871 4190 Ού
922 4136 1008 4189 διὰ
1060 4135 1156 4206 τὴν
1230 4134 1434 4204 Ἀρείου
1473 4134 1667 4203 μανίαν
1727 4134 1775 4186 οί

230 4234 335 4304 περὶ
365 4234 614 4287 Εὑσέϐιον
649 4229 771 4284 καθ’
794 4228 949 4298 ἡμῶν
981 4226 1277 4299 ὥρμησαν,
1308 4226 1381 4279 Ού
1410 4226 1533 4289 τοὺς
1587 4224 1778 4287 ἄλλους

230 4324 640 4395 συμφρονοῦντας
668 4322 851 4381 αὐτοῖς
874 4320 1172 4389 ἐπήγοντο;
1197 4318 1311 4371 Ούκ
1338 4318 1425 4370 άεὶ
1456 4316 1574 4369 κατ’
1601 4310 1776 4369 αὐτῶν

230 4412 509 4485 ἐγράφομεν
562 4413 640 4475 ὼς
670 4410 740 4463 τὰ
777 4409 986 4478 Ἀρείου
1014 4406 1378 4479 φρονούντων;
1431 4406 1508 4471 (6)
1534 4407 1646 4459 Οὐκ
1672 4406 1775 4458 E6-

1881 1968 2089 2024 mentiti
2121 1979 2267 2032 sunt,
2298 1969 2552 2037 praesenti
2584 1984 2771 2025 eorum
2800 1970 3081 2025 mendacio
3111 1978 3238 2024 sunt
3265 1968 3448 2024 consi-

1880 2057 2047 2121 milia,
2082 2056 2237 2127 103
2271 2072 2378 2124 quo
2411 2058 2594 2113 dicunt
2624 2058 2690 2111 ad
2735 2059 2853 2128 ejus
2892 2059 3190 2128 ingressum
3221 2056 3446 2113 seditio-

1877 2159 1994 2210 nes,
2032 2144 2208 2199 luctus
2235 2154 2291 2198 et
2320 2145 2743 2209 lamentationes
2801 2146 3010 2215 populis
3035 2146 3151 2215 ejus
3180 2146 3444 2215 receptio-

1878 2251 1998 2291 nem
2025 2252 2167 2307 aegre
2196 2236 2488 2292 ferentibus
2526 2239 2820 2293 exstitisse.
2870 2238 3010 2292 Nihil
3046 2244 3188 2294 enim
3220 2241 3448 2310 contigit

1874 2326 2173 2395 ejusmodi;
2205 2328 2298 2382 sed
2336 2337 2558 2383 econtra
2616 2328 2890 2397 gaudium,
2928 2328 3111 2383 laetitia
3140 2338 3194 2385 et
3214 2345 3446 2385 concur-

1875 2433 1967 2475 sus
1997 2421 2313 2491 populorum
2354 2420 2470 2492 ejus
2499 2421 2713 2477 videndi
2748 2422 3014 2478 desiderio
3039 2422 3437 2481 festinantium.

1874 2509 2127 2568 Ecclesia:
2155 2512 2340 2568 laetitia
2370 2512 2540 2583 plenae
2570 2529 2636 2570 ac
2667 2514 2863 2585 ubique
2892 2514 3184 2585 gratiarum
3210 2516 3449 2571 actiones

1873 2602 1940 2656 ad
1971 2602 2253 2658 Dominum
2272 2602 2675 2658 referebantur.
2704 2603 2934 2659 Ministri
2963 2613 3148 2659 autem
3178 2616 3232 2659 et
3256 2603 3439 2661 clerici

1873 2706 2059 2750 omnes
2113 2696 2185 2749 ita
2220 2710 2341 2750 eum
2372 2696 2555 2751 videre
2578 2733 2594 2758 ,
2633 2704 2687 2749 ut
2715 2695 2909 2750 animis
2943 2696 3339 2751 oblectarentur
3387 2710 3449 2750 ac

1875 2787 2014 2841 diem
2058 2786 2200 2839 illam
2244 2787 2483 2840 omnium
2522 2802 2740 2842 suarum
2787 2788 3122 2842 laetissimam
3167 2788 3446 2843 existima-

1874 2885 2015 2931 rent.
2055 2876 2308 2931 Nostrum
2349 2883 2527 2931 autem
2575 2878 2953 2948 episcoporum
3007 2877 3276 2934 inclfabile
3320 2893 3449 2947 gau-

1872 2966 2039 3029 dium,
2074 2966 2203 3036 quid
2232 2981 2367 3036 opus
2396 2976 2478 3022 est
2507 2966 2837 3032 describere,
2874 2982 2994 3023 cum
3022 2967 3273 3037 superius
3298 2968 3449 3022 dixe~

1874 3055 2044 3112 rimus
2120 3071 2218 3111 nos
2296 3070 2485 3111 omnes
2558 3053 2677 3123 ejus
2758 3055 3091 3112 calamitates
3165 3069 3449 3126 perpessos

1873 3146 2248 3205 existimasse?

1944 3240 1997 3295 8.
2031 3239 2157 3297 Haec
2181 3239 2419 3310 igiturin
2447 3239 2695 3295 confesso
2731 3252 2851 3294 cum
2881 3238 3010 3302 sint,
3047 3251 3111 3293 ac
3137 3236 3238 3307 ipsi
3268 3246 3443 3293 tamen

1875 3341 2120 3403 opposito
2170 3333 2327 3387 modo
2355 3340 2629 3395 enarrent,
2655 3345 2774 3401 qua:
2801 3329 2932 3385 fides
2952 3329 3192 3385 habenda
3215 3328 3446 3385 concilio

1877 3432 1934 3478 et
1964 3424 2179 3478 decreto
2211 3421 2354 3492 quod
2394 3421 2494 3490 ipsi
2526 3421 2777 3491 jactitant
2800 3420 2826 3473 ’ί
2862 3418 2965 3487 Qui
3013 3419 3157 3474 enim
3206 3419 3279 3473 ita
3325 3434 3443 3473 sese

1877 3513 2124 3583 ingerere
2162 3513 2360 3567 audent
2418 3510 2484 3566 iis
2519 3525 2637 3581 quae
2680 3524 2779 3565 nec
2818 3509 3066 3563 viderunt
3100 3522 3201 3563 nec
3232 3506 3445 3578 iudica.

1879 3608 2025 3667 runt,
2045 3597 2239 3670 quibus
2266 3613 2440 3669 neque
2474 3596 2848 3661 interfuerunt,
2867 3612 2931 3652 ac
2946 3596 3185 3652 scribere
3211 3608 3317 3652 non
3349 3611 3441 3651 ve-

1878 3698 2066 3745 rentur
2085 3690 2236 3759 quasi
2260 3704 2373 3744 rem
2399 3688 2703 3744 certissime
2746 3688 3151 3757 comperissent,
3176 3687 3445 3757 quomodo

1879 3779 1932 3836 in
1964 3781 2122 3835 rebus
2176 3795 2403 3848 quarum
2449 3792 2610 3833 causa
2644 3793 2702 3832 se
2736 3778 3054 3832 convenisse
3089 3776 3294 3840 dicunt,
3342 3776 3444 3830 fide

1878 3869 2023 3938 digni
2056 3868 2260 3924 erunt?
2290 3869 2368 3922 An
2419 3883 2523 3924 non
2559 3868 2734 3937 potius
2766 3882 2887 3922 cum
2929 3867 3014 3921 illa
3050 3875 3159 3921 tum
3187 3868 3301 3922 haec
3347 3881 3444 3937 per

1879 3960 2215 4015 inimicitiam
2262 3961 2435 4030 egisse
2481 3960 2933 4016 existimabuntur
2959 3959 2983 4012 ?
3011 3958 3266 4027 Quaenam
3302 3960 3444 4013 enim

1880 4057 2007 4105 tunc
2028 4050 2403 4119 episcoporum
2437 4048 2714 4119 synodus?
2735 4048 2982 4117 quisnam
3017 4063 3304 4104 consessus
3332 4049 3442 4100 veri

1879 4141 2154 4197 studiosus
2185 4139 2356 4208 ?quis
2400 4153 2463 4193 ex
2511 4138 2780 4208 plerisque
2821 4137 3012 4193 saltem
3052 4152 3237 4192 eorum
3268 4138 3447 4191 inimi-

1881 4244 1980 4285 cus
2029 4238 2213 4283 noster
2242 4242 2346 4283 non
2390 4227 2550 4281 erat?
2584 4242 2759 4281 nonne
2789 4226 2900 4281 Arii
2931 4225 3127 4279 furoris
3154 4239 3314 4280 causa
3339 4224 3445 4277 Eu-

1879 4317 2082 4373 sebiani
2129 4326 2311 4371 contra
2362 4330 2457 4370 nos
2508 4315 2762 4384 impetum
2809 4314 2983 4369 fecere
3023 4314 3047 4365 ?
3086 4312 3271 4369 Nonne
3317 4314 3443 4367 item

1881 4410 2015 4465 alios
2047 4410 2137 4476 qui
2183 4423 2292 4461 suae
2324 4408 2602 4462 sententia:
2630 4414 2784 4460 erant
2815 4405 2881 4460 ad
2916 4405 3147 4473 idipsum
3178 4403 3442 4475 agendum

188 4516 193 4519 ‘
224 4502 379 4568 ’ἀίδιος
423 4508 451 4560 ὁ
507 4506 564 4558 ἐν
625 4499 934 4570 Καισαρείᾳ
958 4500 1056 4570 τῆς
1087 4498 1447 4569 Παλαιστίνης
1496 4498 1586 4549 ἐπὶ
1621 4495 1778 4567 θυσίᾳ

1884 4498 2395 4554 induxere?Nonne
2448 4512 2665 4566 semper
2720 4498 3004 4569 adversum
3064 4494 3203 4560 illos,
3236 4502 3294 4548 ut
3320 4508 3442 4549 cum

227 4599 556 4667 κατηγορεῖτο
592 4593 723 4646 ’ὑπὸ
773 4591 878 4645 τῶν
925 4592 1020 4645 σὺν
1077 4592 1209 4661 ἡμῖν
1267 4587 1650 4659 όμολογητῶν;
1697 4587 1772 4641 Οὐ

1881 4589 2011 4645 Ario
2057 4591 2373 4648 sentientes,
2417 4587 2735 4655 scripsimus
2763 4584 2997 4639 ?Nonne
3037 4583 3299 4639 Eusebius
3330 4583 3445 4638 Cac-

226 4680 486 4757 Γεώργιος,
539 4686 617 4747 ὼς
643 4682 982 4755 καθαιρεθεὶς
1005 4681 1109 4735 ὑπὸ
1147 4680 1492 4751 Ἀλεξάνδρου
1521 4677 1612 4731 τοῦ
1667 4694 1773 4747 μα-

226 4776 393 4845 καρίου
406 4776 700 4847 ἠλέγχετοες
729 4774 841 4827 Οὐκ
874 4774 958 4826 ἐπ’
991 4771 1167 4837 ἄλλοις
1201 4769 1347 4826 ἄλλοι
1381 4770 1472 4823 καὶ
1496 4767 1771 4839 διαφόροις

225 4864 539 4932 ηὑθύνοντος
592 4865 720 4929 Πῶς
779 4857 872 4917 οὖν
924 4854 1073 4916 οὗτοι
1131 4860 1365 4915 συνιέναι
1434 4857 1568 4913 καθ’
1615 4854 1770 4928 ἡμῶν

224 4952 435 5023 malev;
480 4956 608 5021 Πῶς
672 4956 731 5009 δὲ
770 4954 985 5008 σύνοδον
1027 4950 1311 5022 ὀνομάζειν
1358 4949 1665 5021 τολμῶσιν,
1709 4941 1777 5016 ἧς

222 5042 379 5117 κόμης
412 5046 783 5118 προύκάθητο,
817 5046 910 5099 καὶ
942 5044 1119 5115 παρῆν
1145 5042 1532 5112 σπεκουλάτωρ
1563 5040 1661 5111 (7),
1688 5039 1779 5092 καὶ

277 5220 385 5293 (99)
410 5222 486 5279 Ita
518 5221 654 5293 Reg.
682 5219 849 5284 Editi,
885 5218 1146 5291 Χρηστός.
1188 5217 1421 5287 Reliqui
1453 5228 1611 5278 mss.,
1640 5215 1776 5284 Χρι-

218 5291 347 5353 στός.

214 5425 647 5503 Iunius-mis
682 5425 959 5503 ἐκείνεεινο.
1045 5450 1055 5457 ·
1237 5496 1250 5503 -
1372 5494 1478 5503 .-
1656 5489 1670 5503 ο

273 5496 347 5567 (2)
376 5498 465 5555 Sic
488 5493 716 5569 Regius.
748 5493 961 5563 Reliqui
1015 5506 1165 5557 vero,
1196 5496 1259 5548 ού
1325 5494 1564 5559 σύνοδον,
1600 5493 1777 5546 minus

212 5562 439 5717 belgln
480 5635 654 5692 Editis
687 5633 828 5687 κατά
874 5631 1043 5687 deest.
1080 5629 1189 5687 Nos
1244 5646 1435 5689 sumus
1480 5647 1547 5686 ex
1600 5628 1769 5698 Regio

210 5712 514 5832 ωιίῗζηὲἇίιί
574 5771 725 5826 θείαν
780 5759 1055 5826 mendose.
1115 5770 1247 5843 Reg.
1284 5777 1337 5826 et
1390 5769 1577 5830 Basi|..
1618 5768 1765 5822 θέαν.

275 5335 441 5429 mlta
481 5360 710 5429 Regius.
746 5364 801 5429 et_
853 5335 1007 5411 recte.
1049 5354 1291 5425 quidem.
1320 5354 1447 5422 Alii,
1480 5370 1605 5412 cum
1647 5351 1779 5408 editi
1826 5369 1835 5377 ν

1880 4693 2051 4734 sares:
2091 4677 2391 4733 Palaestinae
2417 4677 2706 4743 episcopus
2732 4690 2761 4729 a
2790 4673 3193 4731 confessoribns
3220 4673 3311 4743 qui
3343 4689 3439 4727 nu-

1878 4769 2085 4825 biscum
2113 4779 2269 4822 erant
2289 4775 2574 4821 accusatus
2599 4775 2678 4819 est
2703 4765 2843 4835 quod
2869 4764 3025 4819 idolis
3044 4765 3397 4819 sacriﬁcasset
3423 4765 3446 4816 ἶ)

1880 4858 2070 4914 Nonne
2086 4857 2346 4926 Georgius
2384 4870 2413 4910 a
2438 4857 2596 4911 beato
2617 4855 2925 4911 Alexandro
2966 4857 3240 4926 depositus
3279 4855 3445 4910 fuisse

1881 4946 2162 5004 convictus
2192 4957 2274 5000 est
2305 4945 2541 5002 ?Nonne
2570 4946 2657 5000 alii
2697 4946 2765 5001 de
2807 4946 2929 5000 aliis
2968 4957 3022 5000 et
3056 4947 3288 5001 diversas
3332 4948 3444 5001 cri-

1884 5036 2117 5092 minibus
2150 5036 2529 5092 deferebantur
2557 5036 2580 5089 ?
2609 5036 2724 5103 Quo
2751 5052 2879 5108 ergo
2898 5036 3017 5107 jure
3038 5040 3321 5093 adversum
3349 5054 3447 5092 nos

2227 5140 2231 5147 ο

1876 5210 2152 5335 δωεῇθεξίιε
2189 5211 2321 5283 Res-
2356 5214 2517 5282 qucm
2540 5213 2841 5283 sequimur.
2872 5212 2927 5267 In
2973 5214 3092 5267 aliis
3118 5222 3171 5267 et
3204 5214 3256 5266 in
3287 5212 3445 5265 editis

1947 5284 1961 5301 ‘
1979 5284 2151 5338 deest.

1907 5300 2433 5423 ﬂgfegpipbauius,
2484 5350 2678 5423 ltazrgsi
2712 5352 2799 5417 69,
2840 5352 2923 5423 ait,
2949 5351 3234 5423 Eusebium
3258 5349 3429 5423 [laesa

1877 5417 2195 5476 rie‘nsem'a
2229 5418 2523 5490 Potamone
2572 5419 2825 5490 Egyptio
2866 5421 3216 5490 robjurgatum
3247 5417 3443 5490 fuisse,

1875 5490 2017 5559 quod
2048 5497 2228 5543 stante
2247 5488 2545 5559 Athanasio
2570 5486 2693 5559 ipse
2717 5489 2997 5559 Eusebius,
3031 5488 3119 5554 qui
3152 5486 3311 5539 idolis
3332 5486 3447 5559 im-

1875 5554 2130 5622 molarat,
2189 5558 2339 5625 quasi
2388 5557 2551 5626 iudex
2591 5554 2793 5613 'setlere
2824 5556 2956 5610 nihil
2990 5564 3285 5608 vereretur.
3314 5554 3444 5621 Quae

1876 5628 2049 5683 fusius
2076 5629 2129 5680 in
2151 5626 2433 5681 Athanasii
2459 5627 2576 5679 Vita
2609 5626 2837 5692 egimus.

1947 5697 2023 5768 (7)
2056 5695 2467 5768 Σπεκουλάτωρ,
2493 5691 2687 5768 ubique
2709 5708 2826 5768 cum
2848 5694 2898 5747 in
2926 5691 3150 5768 Glossis,
3179 5701 3289 5746 tum
3311 5692 3445 5768 alias

1878 5761 2017 5836 apud
2046 5766 2305 5821 Auctores
2329 5805 2342 5831 ,
2372 5761 2829 5847 ἀποκεφαλισςεής,
2858 5773 2908 5820 οι
2936 5763 3146 5834 δήμιος,
3181 5763 3441 5846 carnifex,
