4006 6560
556 421 665 483 265

1125 424 1180 480 S.
1218 423 1588 478 ATHANASII
1628 420 1777 479 OPP.
1820 422 1998 479 PARS
2040 423 2078 477 Ι.
2122 454 2189 463 -
2223 422 2598 481 HISTORICA
2637 425 2725 481 ET
2771 428 3191 485 DOGMATICA.

3707 434 3803 487 2‘31

557 537 849 595 convenire
898 534 1537 605 voluerunt?Quomodo
1610 541 1867 609 synodum
1928 555 2108 593 vocare

2223 543 2600 613 Κομεντάριος
2650 545 2797 613 ἡμᾶς
2850 544 3067 614 εἰσῆγεν
3122 546 3243 597 ἀντὶ
3288 545 3549 599 διακόνων
3584 549 3687 618 τῆς
3724 551 3809 604 ἐκ·

557 631 775 694 audent,
819 630 870 682 in
908 643 1012 696 qua
1048 645 1231 686 comes
1258 629 1594 697 praesidebat,
1622 637 1675 683 et
1704 629 1788 682 cui
1818 630 2125 698 speculator

556 722 775 785 aderat,
822 736 885 776 ac
940 722 993 776 in
1040 735 1201 791 quam
1247 720 1663 783 Comentarius,
1710 719 1826 774 vice
1873 720 2116 773 diacono-

554 827 673 866 rum
700 813 942 867 ecclesia:
966 828 1062 868 nos
1095 814 1395 869 introduxit
1419 813 1441 867 ’ἓ
1466 812 1560 867 Ille
1584 812 1924 881 loquebatur,
1955 819 2011 865 et
2034 812 2125 879 qui

553 905 780 959 aderant
805 906 1059 971 silebant,
1085 906 1192 961 imo
1224 908 1400 976 potius
1436 906 1617 961 comiti
1660 907 2123 973 obtemperabant.

554 994 692 1048 Tum
727 1010 793 1050 ne
822 1006 1203 1051 amoverentur
1230 998 1319 1065 qui
1352 997 1633 1051 amovendi
1664 997 1984 1051 videbantur
2014 996 2127 1065 epi-

554 1086 722 1156 scopi,
753 1086 820 1140 ab
853 1086 968 1155 eius
998 1088 1229 1143 consilio
1269 1089 1684 1156 impediebatur.
1723 1088 1815 1143 llle
1852 1088 2075 1156 iubebat
2105 1105 2119 1141 :

554 1191 650 1232 nos
681 1192 709 1230 a
745 1178 1006 1233 militibus
1055 1180 1434 1246 trahebamur;
1469 1182 1577 1238 imo
1607 1180 1787 1249 potius
1809 1179 2121 1248 iubentibus

553 1268 784 1325 Eusebio
818 1284 939 1325 cum
975 1270 1160 1337 sociis,
1198 1270 1287 1325 ille
1329 1286 1518 1326 eorum
1553 1269 1835 1325 sententiis
1858 1271 2115 1337 obseque-

550 1362 732 1416 batur.
782 1360 838 1417 In
874 1375 1107 1427 summa,
1140 1361 1348 1427 dilecti,
1382 1358 1683 1429 cuiusmodi
1725 1358 1812 1413 illa
1860 1358 2118 1429 synodus,

548 1455 702 1523 cuius
734 1455 912 1510 exitus
962 1464 1080 1510 erat
1111 1455 1364 1511 exsilium
1393 1462 1449 1509 et
1479 1456 1675 1519 caedes,
1723 1453 1781 1507 si
1807 1452 2118 1518 imperatori

546 1547 827 1615 placeret?
850 1546 1048 1614 Quales
1072 1547 1449 1603 accusationes
1473 1547 1497 1601 ’ί
1518 1547 1574 1600 1η
1601 1546 1705 1601 hoc
1732 1544 1875 1599 enim
1908 1543 1979 1596 illi
2004 1557 2118 1596 ma-

541 1638 658 1708 iore
680 1639 1033 1694 admiratione
1062 1639 1209 1709 digni
1237 1648 1383 1695 sunt.
1408 1639 1692 1693 Arsenium
1711 1636 1994 1706 quemdam
2028 1650 2119 1689 oc-

542 1733 714 1785 cisum
746 1732 1195 1797 criminabantur,
1218 1739 1273 1785 et
1298 1730 1545 1797 poculum
1565 1729 1850 1798 mysticum
1888 1726 2113 1780 fractum

540 1836 663 1877 esse
713 1822 1204 1877 calumniabantur.
1249 1822 1353 1877 Sed
1402 1820 1666 1876 Arsenius
1708 1819 1922 1889 quidem
1958 1818 2112 1883 vivit,

2231 633 2492 702 κλησίας;
2535 635 2769 697 Ἐκεῖνος
2799 636 3119 705 ἐφθέγγετο,
3155 638 3257 689 καὶ
3288 640 3335 690 οἱ
3369 639 3638 707 παρόντες
3662 640 3809 696 ἐσιώ-

2231 741 2368 787 πων,
2406 724 2607 793 μᾶλλον
2634 725 2691 777 δὲ
2720 726 2993 797 ὑπήκουον
3015 726 3095 797 τῷ
3128 727 3347 798 κόμητι.
3402 730 3513 783 Καὶ
3544 730 3608 782 τὸ
3635 733 3810 785 κινοῦν

2229 814 2352 875 τοὺς
2405 814 2692 877 δοκοῦντας
2728 816 3076 879 ἐπισκόπους,
3120 817 3225 869 ὑπὸ
3255 820 3354 889 τῆς
3379 819 3591 872 ἐκείνου
3620 821 3810 891 βουλῆς

2230 904 2581 967 ἐνεποδίζετο.
2613 905 2847 969 Ἐκεῖνος
2871 907 3139 971 ἐκέλευεν,
3161 909 3320 978 ἡμεῖς
3346 909 3452 961 ὑπὸ
3468 913 3811 980 στρατιωτῶν

2228 991 2495 1062 ἠγόμεθα·
2531 993 2732 1064 μᾶλλον
2763 995 2820 1047 δὲ
2848 996 2955 1049 τῶν
2988 998 3117 1068 περὶ
3147 998 3407 1052 Εὑσέϐιον
3450 1001 3806 1064 κελευόντων,

2226 1084 2431 1147 ἐκεῖνος
2480 1088 2602 1147 ταῖς
2658 1086 2863 1139 τούτων
2911 1085 3293 1158 ἐξυπηρετεῖτο
3345 1088 3618 1161 γνώμαις.
3651 1092 3726 1145 Τὸ
3759 1093 3808 1145 δὲ

2224 1174 2363 1237 ὅλον,
2396 1177 2687 1247 ἀγαπητοὶ,
2720 1177 2849 1230 ποία
2875 1178 3088 1241 σύνοδος
3114 1178 3241 1232 ἔνθα
3267 1179 3329 1232 τὸ
3352 1180 3505 1243 τέλος
3540 1183 3809 1253 ὲξοριστία

2224 1265 2314 1318 καὶ
2341 1266 2500 1333 φόνος
2546 1268 2626 1330 εἰς
2670 1267 2827 1331 δόξαν
2858 1264 2926 1339 ἦν
2954 1268 3192 1337 βασιλεῖς
3230 1270 3365 1324 Ποῖα
3390 1272 3446 1324 δὲ
3497 1274 3593 1325 καὶ
3638 1274 3705 1326 τὰ
3733 1276 3812 1342 ἐγ⁸

2223 1356 2510 1428 κλήματα;
2546 1359 2744 1422 Μεῖζον
2758 1359 2868 1430 γὰρ
2896 1360 2989 1412 ἐπὶ
3019 1360 3228 1423 τούτοις
3247 1362 3307 1415 τὸ
3333 1365 3455 1415 κατ’
3483 1364 3668 1417 αὐτῶν
3686 1366 3810 1418 θαῦ-

2225 1466 2322 1519 μα.
2364 1450 2637 1521 Ἀρσένιός
2661 1468 2745 1513 τις
2764 1446 2853 1521 ἦν,
2881 1452 2940 1504 ὃν
2975 1452 3335 1521 πεφονεῦσθαι
3368 1455 3808 1525 ἐμέμφοντο,καὶ

2221 1541 2475 1609 ποτήριον
2497 1540 2771 1596 διέϐαλλον
2794 1542 3092 1596 κεκλᾶσθαι
3125 1547 3403 1615 μυστικόν.
3442 1547 3584 1597 Ἀλλ’
3626 1548 3809 1618 Ἀρσέ-

2220 1649 2329 1694 νιος
2360 1633 2457 1701 μὲν
2488 1632 2576 1703 ζῆ,
2605 1632 2697 1685 καὶ
2721 1633 2838 1702 μεθ’
2868 1636 2900 1704 ή
2911 1632 3026 1704 μῶν
3060 1634 3275 1705 εὔχεται
3302 1638 3656 1704 συνάγεσθαι,
3719 1641 3809 1692 καὶ

2217 1723 2318 1775 οὐκ
2358 1722 2522 1786 ἄλλας
2550 1724 2808 1794 ἀναμένει
2845 1724 3174 1796 μαρτυρίας,
3212 1727 3299 1781 ἵνα
3331 1728 3440 1793 ζῶν
3476 1734 3641 1801 φανῇ,
3698 1730 3807 1784 ἀλλ’

2218 1812 2378 1874 αὐτὸς
2407 1810 2660 1883 ὁμολογεῖ
2702 1813 2822 1885 ζῇν,
2850 1815 3073 1878 οἰκείοις
3102 1817 3177 1887 (8)
3222 1819 3512 1889 γράμμασι
3548 1820 3689 1891 πρὸς
3721 1821 3809 1874 τὸν

541 1929 603 1967 ac
633 1913 909 1967 nobiscum
946 1914 1323 1968 communione
1356 1913 1505 1982 iungi
1537 1920 1777 1980 exoptat,
1809 1925 1909 1964 nec
1941 1909 2108 1963 aliun-

2220 1904 2613 1956 συνεπίσκοπον
2661 1904 2819 1973 ἡμῶν
2874 1905 3187 1959 Ἀθανάσιον
3241 1908 3487 1977 γράφων,
3535 1910 3599 1962 δν
3644 1911 3807 1964 αὐτοῦ

539 2006 604 2057 de
633 2005 939 2059 testimonia
985 2014 1292 2074 exspectat,
1332 2013 1391 2057 ut
1441 2004 1593 2057 vivus
1647 2002 1994 2063 exhibeatur,
2023 1999 2117 2052 sed

544 2088 657 2155 ipse
686 2100 744 2141 se
775 2087 959 2141 vivere
988 2086 1194 2142 fatetur
1226 2087 1280 2141 in
1322 2085 1437 2140 suis
1485 2086 1698 2147 litteris,
1731 2100 1868 2155 quas
1902 2076 2121 2153 scripsit

536 2176 601 2229 ad
653 2177 1028 2246 coepiscopum
1086 2187 1327 2233 nostrum
1360 2177 1758 2239 Athanasium,
1803 2190 1960 2243 quem
2005 2174 2120 2243 eius

534 2266 935 2321 interfectorem
960 2282 1081 2322 esse
1108 2267 1472 2320 afﬁrmabant.
1501 2265 1612 2320 Nec
1639 2266 1872 2335 pudebat
1901 2266 2115 2335 impios,

533 2357 707 2410 virum
735 2366 883 2411 tanta
920 2357 1178 2412 distantia
1205 2358 1414 2412 itineris
1439 2358 1551 2411 sive
1573 2357 1839 2426 pedestris
1876 2358 1993 2411 sive
2023 2372 2118 2410 na-

533 2446 782 2515 vigabilis
827 2446 1180 2516 disiunctum,
1226 2449 1293 2502 ab
1344 2447 1435 2502 illo
1487 2447 1833 2502 interfectum
1884 2447 2114 2509 insimu—

536 2536 668 2601 lare,
700 2536 794 2605 qui
823 2551 918 2605 per
944 2537 1058 2591 lucc
1086 2546 1365 2605 tempora,
1390 2538 1479 2593 ubi
1512 2537 1753 2591 locorum
1786 2546 1991 2606 ageret,
2016 2551 2114 2591 ne-

537 2641 624 2681 mo
657 2637 905 2683 noverat.
955 2627 1095 2695 Quin
1130 2637 1185 2684 et
1225 2644 1349 2684 eum
1381 2628 1657 2684 occultare
1701 2629 1817 2683 ausi
1866 2638 2012 2695 sunt,
2050 2643 2113 2683 ac

531 2718 820 2773 evanidum
865 2719 1113 2785 reddere,
1143 2734 1264 2775 cum
1297 2719 1429 2775 nihil
1457 2720 1544 2795 ille
1577 2719 1700 2774 mali
1726 2736 1915 2789 passus
1945 2730 2107 2775 esset.

534 2806 670 2863 Etsi
702 2808 815 2862 ﬁeri
844 2810 1129 2879 potuisset,
1158 2811 1210 2866 in
1241 2811 1403 2864 alium
1448 2810 1637 2865 orbem
1673 2811 1822 2864 illum
1868 2820 2109 2863 transtu-

531 2899 742 2962 lissent,
780 2899 888 2954 imo
918 2901 1097 2968 potius
1128 2916 1249 2956 eum
1278 2900 1629 2965 occidissent,
1664 2909 1723 2955 ut
1745 2902 1860 2956 sive
1896 2917 2107 2967 veram,

530 2992 645 3047 sive
698 2989 878 3046 ﬁctam
930 2993 1130 3047 caedem
1182 2991 1317 3048 l'also
1357 2990 1702 3058 obiicientes,
1753 2991 2141 3059 Athanasium

534 3098 659 3138 vere
685 3083 1018 3138 occiderent.
1041 3083 1149 3138 Sed
1177 3084 1371 3139 divinae
1394 3082 1749 3138 Providentia:
1773 3082 1825 3136 in
1852 3084 1951 3137 hoc
1974 3099 2119 3155 quoe

2223 1994 2387 2062 φονέα
2417 1993 2831 2050 διεϐεϐαιοῦντο.
2864 1996 2976 2049 Kal
3006 1995 3105 2049 οῦκ
3124 1997 3345 2067 ᾐδοῦντο
3374 2001 3421 2051 οἱ
3476 2000 3699 2065 ἀσεϐεῖς
3719 2004 3809 2057 ἇν-

2219 2084 2320 2154 δρα
2352 2084 2459 2155 πρὸ
2506 2086 2760 2138 τοσούτου
2795 2086 3180 2157 διαστήματος,
3218 2089 3311 2141 καὶ
3363 2089 3483 2160 πλῷ
3532 2093 3632 2143 καὶ
3673 2095 3804 2164 πεζῇ

2219 2174 2475 2245 πάμπολυ
2510 2175 2682 2245 μῆκος
2716 2168 3010 2246 ἀπέχοντα,
3041 2177 3169 2248 παρ’
3226 2178 3391 2231 αὑτοῦ
3438 2180 3806 2248 πεφονεῦσθαι

2167 2256 2177 2273 ’
2217 2264 2671 2335 κατηγοροῦντες,
2710 2257 2771 2317 οῦ
2805 2267 2923 2318 κατ’
2957 2266 3201 2329 ἐκείνους
3235 2268 3359 2330 τοὺς
3405 2264 3645 2339 χρόνους
3675 2271 3805 2340 μηδὲ

2214 2354 2313 2425 τὴν
2333 2354 2515 2426 χώραν
2537 2351 2671 2407 εἶδεν
2694 2356 2790 2410 ἄνθ
2799 2374 3001 2425 ρωπος.
3019 2356 3179 2409 Ἀλλά
3199 2357 3295 2411 καὶ
3312 2358 3521 2429 κρύψαι
3550 2362 3807 2431 τετολμή-

2214 2461 2362 2507 κασι,
2395 2445 2488 2498 καὶ
2520 2446 2701 2516 ἀφανῆ
2735 2447 3071 2516 καταστῆσαι
3121 2449 3287 2519 μηδὲν
3305 2450 3578 2504 παθόντα.
3609 2452 3722 2505 Kal
3758 2454 3805 2504 εί

2212 2529 2323 2588 οἶόν
2349 2553 2407 2587 τε
2428 2531 2495 2606 ἦν
2529 2538 2608 2599 είς
2633 2536 2797 2607 ἄλλην
2818 2537 3142 2609 οἰκουμένην
3171 2538 3237 2593 ἂν
3257 2540 3634 2608 μετετίθεσαν,
3670 2542 3804 2612 μᾶλ-

2211 2624 2300 2677 λον
2326 2625 2383 2677 δὲ
2422 2625 2517 2679 καὶ
2566 2624 2662 2678 τοῦ
2711 2626 2811 2696 ζῇν
2866 2626 3083 2696 ἀληθῶς
3116 2626 3181 2680 ἂν
3232 2625 3527 2698 ἐξήγαγον,
3566 2630 3657 2681 ἴνα
3696 2632 3802 2682 εἴτε

2210 2714 2659 2784 ἐπαληθεύοντες,
2692 2717 2799 2768 εἴτε
2826 2714 3160 2783 πλασάμενοι
3190 2717 3370 2784 φόνον,
3393 2716 3617 2788 ἀληθῶς
3651 2719 3803 2772 Ἀθα-

2208 2806 2391 2858 νάσιον
2421 2805 2834 2861 ἀποκτείνωσιν.
2894 2805 3053 2858 Ἀλλά
3098 2809 3164 2876 τῇ
3208 2806 3330 2877 θεία
3356 2810 3589 2879 προνοίᾳ
3618 2810 3715 2862 καὶ
3745 2811 3803 2863 ἐν

2206 2897 2379 2965 τούτῳ
2418 2896 2596 2967 χάρις,
2629 2899 2695 2966 τῇ
2727 2895 2891 2966 μηδὲν
2937 2895 3121 2949 ἄδικον
3150 2897 3353 2967 ἰσχύειν
3403 2899 3799 2971 ἐπιτρεπούσῃ,

2206 2988 2329 3041 ἀλλ’·
2352 2989 2454 3043 ὑπὸ
2482 2988 2579 3051 τάς
2599 2988 2811 3041 πάντων
2826 2988 2977 3057 ὄψεις
3010 2988 3281 3057 Ἀρσένιον
3298 2990 3591 3064 ύπαγούσῃ
3603 2991 3798 3056 ζῶντα,

2207 3074 2300 3132 καὶ
2324 3068 2572 3149 φάνερῶς
2603 3078 2701 3148 τὴν
2733 3078 2852 3131 τότε
2886 3079 3156 3149 συσκευὴν
3188 3078 3262 3147 (9)
3299 3080 3393 3131 καὶ
3428 3082 3799 3149 συκοφαντίαν

526 3189 633 3245 que
679 3176 867 3244 gratia:
902 3176 1122 3243 agenda:
1162 3184 1309 3240 sunt,
1345 3190 1465 3244 quae
1498 3174 1629 3228 nihil
1676 3174 1933 3241 iniustum
1971 3190 2106 3244 prze-

2213 3171 2515 3240 ἐλέγχοντα·
2547 3170 2607 3222 οὐ
2654 3170 2759 3241 γὰρ
2782 3170 2857 3233 ὼς
2903 3170 3097 3236 φονέας
3119 3171 3550 3241 ἀποστρέφεται,
3580 3174 3705 3227 ούδέ
3727 3175 3800 3236 ὠς

528 3266 705 3321 valere
758 3265 917 3338 104
948 3266 1211 3335 permisit,
1237 3266 1329 3320 sed
1380 3265 1478 3320 sub
1532 3264 1772 3319 omnium
1803 3265 1989 3319 oculos
2020 3266 2103 3317 vi-

2213 3261 2534 3331 ὴδικηκότας
2596 3263 2759 3331 μισεῖ’
2792 3260 3028 3312 πέπονθε
3082 3260 3190 3332 γὰρ
3238 3262 3376 3324 ὅλως
3420 3262 3598 3315 οὐδέν.
3645 3262 3801 3318 Ἀλλὰ

526 3370 737 3414 ventem
770 3359 1058 3413 Arsenium
1092 3357 1367 3427 produxit,
1401 3371 1700 3423 eorumque
1739 3356 2101 3425 conspiratio-

526 3464 649 3503 neut
668 3457 826 3516 atque
844 3448 1168 3501 calumniam
1185 3456 1297 3500 tum
1313 3447 1488 3514 palam
1503 3444 1944 3514 convicit.Neque
1960 3446 2101 3500 enim

2212 3356 2485 3406 κοινωνεῖν
2512 3354 2641 3422 ἡμῖν
2674 3348 2835 3418 ἀξιοῖ,
2897 3352 2991 3403 καὶ
3043 3351 3491 3423 συναριθμεῖσθαι
3529 3354 3798 3424 βούλεται,

2213 3444 2280 3496 δι’
2312 3436 2386 3495 ὧν
2407 3441 2633 3511 ἔγραψε,

527 3542 617 3608 ille
664 3556 764 3596 nos
815 3550 873 3595 ut
926 3540 1307 3595 interfectores
1356 3549 1669 3607 aversatur,
1710 3553 1884 3607 neque
1915 3548 1972 3591 ut
2010 3539 2112 3593 sibi
2149 3538 2436 3607 iniuriosos
2455 3536 2602 3599 odit;
2633 3533 2764 3587 nihil
2789 3533 2932 3587 enim
2964 3546 3188 3600 prorsus
3205 3531 3330 3585 mali
3349 3546 3545 3600 passus
3564 3542 3669 3588 est.
3694 3533 3796 3589 Sed

528 3633 807 3689 nobiscum
829 3633 1209 3688 communione
1233 3631 1383 3702 iungi
1403 3630 1638 3701 postulat
1659 3672 1674 3699 ,
1704 3640 1962 3702 nptatque
1996 3640 2180 3685 nostro
2214 3627 2377 3683 ctetui
2402 3626 2703 3695 aggregari,
2739 3632 2799 3677 ut
2833 3622 2951 3693 eius
2982 3623 3175 3676 litterae
3210 3630 3504 3676 testantur.

596 3728 649 3783 9.
690 3730 940 3783 Attamen
980 3726 1309 3781 Athanasius
1337 3726 1554 3795 quidem
1591 3740 1778 3780 eorum
1809 3725 2101 3780 calumniis

529 3817 910 3886 impetebalur,
939 3815 1095 3883 quasi
1131 3814 1224 3883 qui
1261 3828 1383 3867 eum
1416 3813 1509 3881 qui
1550 3821 1661 3867 tum
1691 3813 1904 3867 vivebat
1951 3813 2098 3867 occi-

528 3908 696 3961 disset
724 3921 739 3960 :
772 3906 839 3959 ab
887 3906 1019 3975 ipsis
1045 3919 1171 3961 vero
1199 3905 1251 3958 in
1295 3903 1545 3959 exsilium
1602 3905 1802 3959 missus
1853 3914 1954 3960 est.
1986 3904 2100 3957 Non

526 3998 673 4053 enim
714 4007 1097 4066 imperatorum
1141 4005 1295 4067 pater
1325 3995 1474 4050 illum
1523 4005 1793 4052 extorrem
1824 3997 1976 4059 fecit,
2009 3997 2103 4051 scd

528 4090 657 4145 illud
708 4104 894 4144 eorum
949 4089 1235 4144 calumniis
1268 4097 1351 4143 est
1396 4088 1797 4144 ascribendum.
1854 4086 2108 4141 Animad-

527 4183 718 4239 vertite
746 4181 888 4236 enim
927 4197 1051 4235 num
1084 4196 1171 4236 res
1202 4181 1273 4235 ila
1312 4194 1417 4234 non
1461 4196 1520 4235 se
1547 4180 1739 4234 habeat
1771 4195 1931 4234 :cum
1971 4178 2105 4233 nihil

529 4274 771 4329 criminis
797 4283 978 4327 contra
1006 4273 1361 4327 Athanasium
1387 4272 1827 4326 comministrum
1859 4281 2103 4326 nostrum

530 4362 888 4426 inveniretur,
913 4377 1099 4417 comes
1128 4377 1259 4417 vero
1288 4376 1552 4416 summam
1582 4361 1690 4414 vim
1725 4360 2101 4425 inl‘erens,stu-

528 4454 681 4506 diose
717 4453 975 4507 adversus
999 4468 1122 4506 eum
1166 4468 1280 4505 rem
1339 4460 1554 4521 gereret
1593 4472 1605 4506 ;
1643 4451 1931 4520 episc0pns
1979 4450 2096 4518 qni-

527 4547 645 4598 dem
691 4543 1015 4599 Athanasius
1048 4554 1105 4598 ut
1145 4544 1249 4597 vim
1290 4544 1389 4597 sibi
1422 4542 1625 4598 illatam
1674 4541 1965 4612 eﬂ'ugeret,
2022 4556 2100 4593 re-

530 4634 933 4703 ligiosissimum
973 4635 1353 4702 imperatorem
1402 4633 1555 4697 adiit,
1603 4647 1707 4685 una
1741 4632 2017 4695 comitem,
2043 4642 2098 4687 et

526 4723 737 4777 illorum
753 4723 1208 4792 conspirationem
1229 4724 1868 4792 deprecansdrogansque
1888 4732 1946 4775 ut
1970 4722 2099 4793 legi-

527 4814 658 4867 tima
698 4814 1069 4883 episcoporum
1100 4816 1338 4883 synodus
1377 4823 1683 4883 cogeretur,
1723 4825 1815 4866 aut
1852 4812 1965 4880 ipse
1991 4812 2094 4864 im-

527 4912 744 4972 perator
802 4905 867 4958 de
922 4906 1147 4976 objectis
1212 4907 1535 4961 criminibus
1590 4920 1709 4960 sese
1777 4912 2093 4972 purgantem

528 4991 757 5043 audiret.
788 4989 1082 5059 Imperator
1114 5004 1293 5048 autem
1336 5009 1447 5048 rem
1488 4993 1703 5063 indigne
1746 4990 1926 5045 ferens
1957 4991 2097 5044 litteo

530 5098 620 5136 ras
651 5082 868 5151 scripsit
900 5085 1093 5153 quibus
1125 5086 1244 5141 illos
1268 5086 1480 5151 citavit,
1499 5099 1619 5139 sese
1650 5099 1760 5138 rem
1787 5083 2093 5135 auditurmu

528 5174 867 5239 promittens,
892 5175 1089 5243 quippe
1134 5178 1224 5245 qui
1282 5177 1550 5247 synodum
1586 5174 1733 5228 illam
1776 5171 2095 5241 congregari

524 5264 795 5331 iussisset.
826 5265 1112 5321 Eusebiani
1155 5275 1335 5320 autem
1379 5265 1469 5319 ubi
1524 5265 1896 5328 advenissent,
1931 5262 2097 5315 Atha-

528 5469 594 5520 de
628 5478 733 5527 quo
764 5462 935 5516 fusius
958 5460 1145 5528 Caugii
1179 5460 1530 5515 Glossarium.
1556 5458 1690 5511 Ibid.
1723 5441 2095 5527 Κόμεντὰριος

530 5536 582 5589 iu
613 5533 820 5587 Glossis
862 5543 968 5585 tant
1010 5533 1172 5586 editis
1203 5544 1362 5598 quam
1398 5528 2094 5598 manuscriptisAliopsvta-

528 5603 700 5675 ρίσιος
754 5611 997 5676 vocatur.
1054 5596 1976 5676 llnicincumbebat.delationum
2032 5604 2097 5675 ,οἱ

529 5668 931 5726 accusationum
969 5680 1313 5725 monumenta
1352 5668 1491 5735 apud
1521 5682 1579 5719 se
1607 5668 1659 5718 in
1686 5668 2096 5719 commentariis

544 5757 680 5793 serva
692 5756 766 5791 re.

527 5758 958 5875 berégrarseniil
1001 5809 1066 5861 ad
1124 5806 1474 5861 Athanasium
1538 5801 1833 5872 Epistulam
1894 5800 2095 5855 videsis

2278 3722 2332 3775 9.
2360 3721 2634 3789 Καὶόμως
2677 3717 2993 3778 Ἀθανάσιος
3022 3715 3121 3785 μὲν
3163 3712 3596 3779 συνεσκευάζετο
3668 3718 3796 3784 παρ’

2207 3810 2406 3870 αὐτῶν,
2429 3810 2503 3872 ὼς
2528 3809 2616 3860 τὸν
2634 3807 2808 3871 ζῶντα
2846 3804 3215 3872 πεφονευκὼς,
3250 3802 3545 3872 ἐξωρίζετο
3571 3802 3629 3855 δὲ
3650 3803 3795 3872 παρά

2208 3898 2315 3952 τῶν
2338 3897 2515 3950 αὐτῶν
2532 3895 2663 3965 (10).
2684 3895 2815 3948 Οὐδὲ
2826 3894 2933 3963 γὰρ
2949 3895 2977 3945 ὁ
2996 3892 3175 3962 πατὴρ
3193 3891 3302 3943 τῶν
3325 3890 3597 3959 βασιλέων
3609 3891 3795 3944 τοῦτον

2203 3988 2482 4061 ἐξώρισεν,
2513 3987 2625 4041 ἀλλ’
2647 3988 2705 4040 αἱ
2738 3985 2945 4039 τούτων
2973 3982 3239 4037 διαϐολαί.
3282 3982 3547 4035 Σκοπείτε
3584 3984 3712 4053 γὰρ,
3743 3986 3791 4036 εί

2209 4082 2282 4151 μὴ
2307 4079 2476 4142 οῦτως
2503 4077 2634 4147 ἔχει’
2668 4078 2755 4139 Ὧς
2777 4075 2927 4127 οῦδὲν
2956 4074 3052 4143 μὲν
3068 4071 3350 4143 εὑρίσκετο
3382 4072 3530 4125 κατά
3548 4073 3645 4125 τοῦ
3670 4072 3791 4125 συλ-

2205 4169 2518 4241 λειτουργοῦ
2540 4167 2694 4239 ἡμῶν
2719 4163 3056 4227 Ἀθανασίου,
3079 4163 3173 4215 ὁδέ
3193 4162 3371 4232 κόμης
3404 4163 3677 4229 ἐϐιάζετο,
3700 4162 3790 4216 καὶ

2207 4262 2374 4323 πολὺς
2408 4256 2476 4330 ἦν
2496 4257 2808 4320 σπουδάζων
2841 4255 2961 4309 κατ’
2978 4253 3163 4307 αὐτοῦ’
3194 4254 3223 4305 ὁ
3250 4253 3346 4322 μὲν
3364 4253 3674 4317 ἐπίσκοπος
3706 4254 3789 4306 'A-

2206 4351 2478 4417 θανάσιος,
2510 4346 2695 4417 φυγὼν
2708 4346 2804 4417 τὴν
2824 4343 3122 4413 γενομένην
3139 4341 3282 4412 βίαν,
3310 4342 3516 4412 ἀνῆλθε
3544 4345 3680 4413 πρὸς
3700 4342 3789 4395 τὸν

2204 4439 2591 4493 εὐσεϐέστατον
2627 4436 2868 4507 βασιλέα,
2914 4432 3345 4504 παραιτούμενος
3376 4434 3499 4500 ἃμα
3559 4435 3651 4486 καὶ
3696 4433 3785 4486 τὸν

2204 4534 2419 4602 κόμητα
2444 4530 2537 4582 καὶ
2558 4528 2657 4591 τὰς
2699 4526 2920 4579 ἐκείνων
2961 4522 3251 4586 συσκευάς,
3278 4523 3445 4589 ἀξιῶν
3473 4524 3529 4577 δὲ
3563 4525 3785 4593 νόμιμον

2205 4621 2515 4676 ἐπισκόπων
2546 4618 2759 4671 σύνοδον
2806 4613 3265 4685 συγκροτηθῆναι,
3300 4613 3333 4681 ἦ
3362 4614 3459 4666 καὶ
3501 4616 3664 4667 αὐτὸν
3695 4615 3781 4667 δέ·

2207 4714 2396 4778 ξασθαι
2426 4712 2523 4782 τὴν
2555 4707 2869 4775 ἀπολογίαν,
2905 4698 2979 4758 ὧν
3005 4705 3282 4773 ἐπήγαγον
3305 4703 3474 4772 αὐτῷ.
3513 4706 3622 4756 Καὶ
3656 4703 3783 4772 γρά·

2206 4822 2294 4875 φει
2330 4804 2425 4875 μὲν
2460 4800 2709 4872 βασιλεὺς
2753 4796 3095 4865 ἀγανακτῶν,
3135 4796 3229 4848 καὶ
3270 4795 3783 4864 προσκαλεσάμενος

2204 4896 2421 4957 αὐτοὺς,
2454 4888 2921 4959 ἐπαγγελλόμενός
2948 4904 3008 4939 τε
3038 4886 3198 4948 αὐτὸς
3227 4884 3620 4954 ἀκροάσασθαι,
3650 4882 3781 4934 ὁκαὶ

2202 4988 2301 5059 τὴν
2336 4985 2552 5039 σύνοδον
2572 4981 2834 5043 κελεύσας
2862 4978 3139 5047 γενέσθαι·
3172 4978 3223 5028 οἱ
3244 4976 3302 5028 δὲ
3340 4976 3470 5047 περὶ
3505 4973 3776 5033 Εὑσέϐιον,

2203 5076 2536 5139 ἀνελθόντες,
2582 5072 2956 5127 διαϐάλλουσιν
3003 5069 3343 5127 Ἀθανάσιον,
3371 5065 3561 5119 οὐκέτι
3595 5064 3691 5133 μὲν
3712 5061 3777 5114 τὰ

2203 5168 2261 5220 ἐν
2293 5165 2454 5237 Τύρῳ
2481 5162 2816 5234 θρυλούμενα
2867 5158 2995 5227 παρ’
3025 5155 3224 5217 αὐτῶν,
3250 5154 3379 5224 περὶ
3403 5152 3554 5205 σίτου
3578 5152 3632 5204 δὲ
3689 5150 3778 5202 καὶ

2204 5259 2401 5312 πλοίων
2429 5255 2653 5326 ἐποχῆς,
2684 5254 2759 5315 ὡς
2823 5248 3143 5303 Ἀθανασίου
3177 5243 3647 5314 ἐπαγγειλαμένου
3687 5240 3775 5291 δύο

2208 5454 2518 5606 Ιῗὶῗέῧοῧίζε-
2550 5517 2843 5587 συσκευήν.
2874 5524 2929 5570 et
2963 5515 3037 5569 ita
3061 5512 3370 5583 legendum.
3405 5510 3507 5565 Alii
3532 5522 3649 5564 cum
3671 5504 3776 5558 edi-

2208 5602 2275 5647 tis
2306 5602 2527 5661 σκευην.
3515 5648 3526 5658 .
3558 5647 3569 5658 θ
3757 5638 3773 5657 ν

2278 5660 2390 5728 (10)
2414 5660 2488 5728 Ita
2521 5660 2650 5726 Reg.
2682 5670 2841 5728 que_m
2882 5653 3182 5728 sequimur.
3230 5651 3333 5703 Alii
3358 5648 3605 5728 et_edttt.‘
3636 5657 3754 5728 παρ

2202 5716 2553 5803 αύτῷνηρίθχ
2588 5716 2735 5803 iudet-It
2778 5724 2906 5803 Bcg.
2938 5724 3026 5803 _O_t'a'
3054 5722 3184 5791 γάρ,
3215 5731 3268 5773 cl
3307 5718 3470 5788 paulo
3496 5722 3612 5785 post
3635 5716 3775 5765 idem

2201 5799 2363 5851 αὐτὸν
2393 5797 2553 5869 ἐξώρ.
2576 5790 2903 5860 Λιίἱ,τοῦτον
2936 5790 3212 5861 ἐξώρισεν.
