4006 6504
196 394 293 451 263
1324 412 1671 471 APOLOGIA
1707 419 1986 475 comas
2022 421 2341 479 ARIANOS.
2702 394 2705 395 ί
3327 435 3433 488 aus

197 517 365 573 timeat
397 519 635 621 κωλύειν
666 523 762 595 τὴν
804 526 911 579 ἀπὸ
941 527 1344 601 Ἀλεξανδρείας
1371 536 1453 598 είς
1484 536 1579 606 τὴν
1612 540 1744 592 Κωνι

1875 543 2084 599 nasium
2140 546 2564 616 calumniantur,
2601 563 2706 604 non
2757 551 2895 606 ultra
2937 553 3003 608 de
3043 553 3271 621 objectis
3308 570 3338 607 a
3373 570 3433 609 se

198 607 624 663 παντινούπολιν
678 612 771 665 τοῦ
814 613 962 666 σίτου
997 618 1385 689 μετακομιδήν·
1434 622 1608 675 ταῦτά
1653 624 1732 692 (ll

1868 631 1992 701 Tyri
2027 634 2377 704 criminibus;
2402 640 2494 694 sed
2518 639 2583 694 de
2607 639 2858 696 frumenti
2893 607 3219 713 naviumque
3242 646 3430 700 deten-

194 712 318 757 τινες
370 698 483 748 τῶν
518 698 580 762 ἐξ
631 700 787 769 ήμῶν
842 701 987 755 ἔνδον
1036 705 1189 769 ὄντες
1245 708 1383 776 μετὰ
1451 710 1762 766 Ἀθανασίου

193 784 443 854 ἀκηκόασι
478 788 576 840 τοῦ
609 788 874 858 βασιλέως
906 794 1274 861 ἀπειλοῦντος.
1306 794 1439 853 Εἶτα
1467 802 1561 855 τοῦ
1608 804 1763 858 Ἀθαη

196 875 356 929 νασίου
385 875 724 967 ὀδυρομένου
750 883 843 936 ἐπὶ
872 887 936 955 τῇ
954 885 1199 959 διαϐολῇ,
1235 890 1329 943 καὶ
1352 892 1762 967 διαϐεϐαιουμέ-

343 967 417 1039 μὴ
467 965 611 1022 εἶναι
642 972 847 1044 ταύτην
879 976 1074 1047 ἀληθῆο
1118 979 1237 1042 πῶς
1284 981 1393 1053 γὰρ
1420 983 1486 1037 ἂν
1547 965 1761 1060 ἰδιώτης

194 1056 454 1127 ἄνθρωπος
509 1060 606 1114 καὶ
638 1062 805 1132 πένης
844 1065 1143 1134 τηλικαῦτα
1186 1070 1430 1137 δύναιτο;
1480 1056 1755 1142 Εὐσέϐιος,

192 1146 291 1238 ούδὲ
326 1147 567 1238 δημοσίᾳ
598 1156 1080 1226 παραιτησάμενος
1111 1161 1210 1231 τὴν
1255 1162 1528 1235 διαϐολὴν,
1574 1167 1756 1238 ὤμνυε

192 1236 265 1289 τὸν
301 1237 621 1294 ’Δθανάσιον
650 1239 789 1298 εἶναι
820 1248 1094 1315 πλούσιον,
1126 1252 1217 1304 καὶ
1242 1253 1485 1321 δυνατὸν,
1518 1260 1610 1311 καὶ
1628 1236 1757 1314 Ἵὶκα-

309 1330 444 1400 πρὸς
503 1334 707 1397 πάντα,
746 1337 832 1391 ἵνα
880 1340 944 1393 ἐκ
1004 1341 1207 1395 τούτων
1253 1346 1481 1425 κάκεῖνα
1519 1350 1755 1421 είρηκὼς

203 1419 493 1485 Ἀθανάσιος
512 1426 768 1497 νομισθῇ.
801 1429 985 1483 Ταῦτα
1006 1433 1103 1502 μὲν
1128 1434 1177 1485 oi
1207 1419 1394 1505 σεμνοῖ
1416 1419 1753 1511 κατηγόρουν

192 1512 473 1603 ἐτίσκοποι·
509 1517 544 1586 ἡ
585 1516 643 1569 δὲ
677 1519 774 1571 τοῦ
804 1519 1146 1593 Θεοῦ,χᾴριε.
1175 1528 1437 1597 κρείττων
1466 1531 1563 1599 τῆς
1595 1549 1755 1603 πονη-

195 1601 293 1670 ρίας
329 1603 512 1658 αὐτῶν
558 1609 850 1680 γεγένηται
886 1610 1019 1683 (12).
1046 1615 1146 1685 τὴν
1185 1616 1293 1687 γὰρ
1321 1619 1603 1674 εὐσέϐειαν
1655 1601 1749 1675 τοῦ

196 1692 429 1759 βασιλέως
457 1699 539 1760 είς
568 1698 986 1773 φιλανθρωπίαν
1016 1708 1293 1779 κεκίνηκε,
1324 1712 1417 1764 καὶ
1446 1714 1566 1767 ἀντὶ
1588 1714 1750 1769 θανά-

195 1799 265 1835 του
284 1784 373 1853 τὴν
401 1786 710 1857 ὲξοριστίαν
739 1795 1028 1865 παρέσχεν.
1060 1799 1268 1852 Οὐκοῦν
1292 1804 1346 1854 αί
1374 1803 1634 1869 διαϐολαὶ,
1655 1808 1746 1860 καὶ

193 1874 315 1967 οὐδὲν
338 1877 484 1942 ἄλλο,
512 1881 720 1936 τούτων
745 1886 936 1939 αἴτιαι.
990 1888 1050 1940 'U
1078 1891 1177 1960 μὲν
1196 1892 1305 1959 (15)
1332 1894 1437 1967 γὰρ
1474 1896 1742 1965 βασιλεὺς,
1778 1874 1819 1928 Β

195 1965 294 2059 τρὸ-
310 1967 495 2059 τούτου
529 1973 782 2041 γράφων,
826 1977 925 2048 τὴν
976 1982 1244 2052 συσκευὴν
1284 1965 1585 2055 ἐμέμψατο,
1649 1990 1747 2059 τὴν

195 2055 447 2148 ὲτιϐουλὴν
492 2061 774 2130 ᾐτιάσατο,
806 2067 914 2120 τῶν
939 2070 1274 2126 Μελιτιανῶν
1319 2055 1742 2148 κατεψηφίσατο,

195 2146 473 2217 ἀθεμίτους,
509 2154 651 2225 ἀρᾶς
690 2156 892 2223 ἀξίους,
916 2160 984 2213 τὰ
1016 2162 1293 2238 δεινότατα
1320 2146 1523 2232 αὐτοῦςῖ
1548 2171 1745 2240 ἐγγρά-

196 2240 476 2329 ριικείπών.
496 2244 798 2315 Κεκίνηται
828 2248 936 2317 γὰρ
958 2252 1150 2322 νεκρὸν
1173 2254 1424 2325 ἀκηκοὼς
1439 2258 1740 2329 ἄνθρωπον,

197 2326 240 2390 ὃς
263 2330 313 2380 ὲν
352 2334 462 2395 τοῖς
495 2333 665 2397 ζῶσιν
698 2334 787 2409 ἦν·
843 2343 1123 2413 κεκίνηται
1179 2348 1337 2415 φόνον
1377 2326 1613 2415 ἀκούσας
1651 2353 1741 2405 ἐπὶ

198 2417 343 2522 ςῶντι,
371 2424 461 2563 ἒαὶ
492 2424 587 2478 τοῦ
618 2426 734 2496 βίου
764 2430 837 2501 μὴ
867 2432 1196 2503 στερηθέντι,
1222 2438 1314 2489 καὶ
1335 2438 1430 2509 τὴν
1455 2442 1739 2514 ἐπιστολὴν

198 2513 388 2563 απεστεί
422 2531 583 2563 αμεν.

198 2513 583 2584 ἀπεστείλαμεν.

358 2798 415 2849 Oi
440 2798 493 2851 δὲ
516 2801 643 2870 περὶ
666 2800 925 2858 Εὑσέϐιον
953 2806 1001 2858 oi
1034 2807 1363 2880 θαυμαστοὶ,
1389 2815 1475 2869 ἵνα
1518 2819 1608 2871 καὶ
1641 2821 1739 2890 τὴν

196 2882 417 2978 αλήθειαν
446 2890 539 2942 καὶ
564 2891 634 2943 τὰ
664 2894 942 2964 γραφέντα
972 2897 1118 2952 λύειν
1151 2901 1393 2971 δόξωσιν,
1421 2906 1591 2978 ὄνομα
1617 2882 1739 2963 συν-

196 2970 291 3069 όδου
315 2978 753 3069 σχηματίζονται,
787 2986 878 3038 καὶ
904 2986 966 3039 τὸ
996 2988 1155 3061 ἔργον
1183 2994 1356 3064 αὐτῆς
1388 2970 1539 3068 παρᾶ
1582 2999 1737 3069 βασι-

196 3062 304 3160 λέως
325 3066 677 3138 λαμϐάνουσι.
714 3074 823 3128 Καὶ
849 3079 1023 3149 κόμης
1051 3082 1143 3134 ἐπὶ
1178 3062 1349 3156 τούτω
1368 3062 1737 3160 καῖ’στρατιῶ-

1867 723 2028 788 tione,
2063 726 2214 793 quasi
2247 728 2456 783 scilicet
2487 729 2815 787 Athanasius
2858 735 3093 790 minatus
3123 735 3330 801 fuisset,
3372 752 3432 792 se

1863 826 2216 870 commeatum
2259 819 2585 875 Alexandria
2645 822 3164 894 Constantinopolim
3210 840 3427 883 euntem

1863 904 2125 975 impedire
2152 924 2329 977 posse.
2368 910 2491 967 liceo
2531 914 2751 984 quidam
2798 930 2866 970 ex
2914 918 3114 972 nostris
3159 920 3248 988 qui
3284 920 3430 975 intus

1861 1011 1984 1050 cum
2035 998 2331 1057 Athanasio
2375 1014 2533 1058 erant
2565 1005 2893 1077 imperatore
2932 1009 3215 1063 minitante
3244 1011 3431 1063 audie-

1860 1090 2232 1149 runt.-Deinde
2276 1109 2395 1149 cum
2429 1097 2756 1154 Athanasius
2782 1099 2851 1155 de
2888 1108 3031 1155 tanta
3055 1101 3321 1155 calumnia
3349 1103 3431 1155 iu-

1858 1184 2224 1251 gemisceret,
2266 1194 2320 1239 et
2374 1186 2562 1241 falsam
2618 1190 2761 1243 illam
2810 1205 2929 1245 esse
2979 1191 3306 1255 aiIirmaret,
3337 1192 3427 1259 qui

1855 1273 1998 1325 enim
2040 1274 2121 1326 vir
2152 1275 2392 1343 privatus
2431 1286 2485 1331 et
2526 1278 2680 1347 inops
2715 1288 2861 1334 tanta
2906 1280 3084 1337 facere
3121 1282 3430 1351 potuisset?

1856 1361 2115 1417 Eusebius
2150 1378 2217 1418 ne
2254 1366 2430 1433 palam
2460 1368 2674 1437 quidem
2702 1370 3017 1426 calumniari
3050 1373 3429 1440 recusans,th-

1856 1452 1988 1506 ravit
2018 1452 2373 1509 Athanasium
2432 1456 2675 1522 divitem,
2711 1470 2982 1529 potentem
3049 1471 3104 1516 et
3136 1463 3202 1515 ad
3246 1464 3427 1517 omnia

1854 1545 2103 1599 idoneum
2130 1560 2282 1613 esse,
2308 1558 2367 1604 ut
2410 1550 2542 1604 hinc
2577 1551 2906 1609 Athanasius
2936 1554 3022 1608 illa
3041 1555 3241 1609 dixisse
3272 1566 3429 1622 puta-

1853 1645 2015 1690 retur.
2051 1636 2141 1693 Sic
2175 1640 2461 1696 venerandi
2490 1643 2563 1698 illi
2593 1644 2825 1714 episcOpi
2861 1645 3031 1699 virum
3063 1647 3421 1701 accusabant:

1849 1727 1942 1782 sed
1965 1729 2055 1782 Dei
2084 1730 2252 1799 gratia
2284 1732 2336 1786 in
2375 1734 2478 1787 hoc
2508 1736 2719 1804 negotio
2748 1736 2867 1805 plus
2914 1737 3078 1791 valuit
3108 1753 3266 1806 quam
3307 1738 3428 1793 illo»

1853 1836 1968 1874 rum
2002 1821 2303 1890 malignitas
2336 1843 2351 1878 :
2383 1825 2723 1893 imperatoris
2758 1829 2896 1882 enim
2926 1829 3181 1899 pietatem
3212 1830 3277 1883 ad
3319 1830 3428 1883 cie-

1850 1913 2100 1965 mentiam
2142 1914 2448 1979 inclinavit,
2484 1924 2539 1969 nt
2570 1932 2665 1985 pro
2705 1927 2879 1973 morte
2921 1918 3168 1973 exsilium
3219 1918 3426 1987 irroga—

1851 2009 1948 2056 ret.
1989 2000 2111 2056 Haec
2151 2001 2315 2071 igitur
2358 2004 2488 2059 solis
2545 2019 2730 2059 eorum
2777 2005 3060 2061 calumniis
3104 2006 3423 2061 ascribenda

1848 2105 1990 2148 sunt.
2050 2094 2347 2165 Imperator
2390 2096 2651 2165 siquidem
2716 2100 2987 2168 prioribus
3043 2100 3258 2169 scriptis
3308 2101 3423 2156 suis

1846 2199 2031 2238 eorum
2068 2184 2366 2241 calumnias
2398 2186 2690 2256 redarguit,
2722 2186 2945 2241 insidias
2978 2189 3292 2243 criminatus
3313 2199 3417 2255 est,

1846 2274 2265 2344 Meletianosque
2291 2275 2581 2339 damnavit,
2602 2292 2738 2345 quos
2761 2276 3018 2342 nefarios,
3037 2280 3416 2343 exsecrandos,

1843 2374 1891 2419 et
1922 2366 2259 2434 gravissimis
2288 2365 2390 2421 illis
2436 2366 2765 2431 nominibus,
2799 2367 2995 2423 litteris
3035 2368 3145 2423 suis
3178 2366 3415 2437 appella-

1845 2458 1934 2511 bat
1958 2476 1972 2512 :
2001 2457 2214 2527 indigne
2230 2458 2427 2528 quippe
2454 2458 2573 2513 tulit
2593 2457 2691 2512 viri
2728 2473 2910 2513 necem
2938 2458 3201 2527 objectam
3230 2458 3416 2526 fuisse,

1842 2549 1931 2616 qui
1955 2549 2005 2602 in
2032 2549 2169 2603 vivis
2214 2558 2377 2611 esset,
2406 2558 2816 2620 commotusque
2844 2558 2926 2604 est
2949 2550 3292 2605 homicidium
3323 2565 3421 2604 au—

1842 2637 1997 2691 diens
2047 2636 2164 2706 ejus
2216 2637 2308 2706 qui
2361 2638 2587 2702 viveret,
2634 2647 2689 2693 et
2731 2648 3000 2708 superstes
3042 2648 3195 2707 esset
3264 2639 3419 2710 cujus

1842 2726 2123 2796 epistolam
2158 2728 2224 2781 ad
2261 2742 2356 2782 vos
2382 2730 2650 2784 misimus.

1914 2819 2001 2872 li).
2046 2818 2338 2873 Eusebiani
2375 2828 2553 2873 autem
2581 2820 2881 2875 admirandi
2916 2821 2990 2875 illi
3021 2821 3119 2876 viri
3156 2830 3215 2875 ut
3247 2830 3298 2876 et
3325 2834 3418 2877 ve-

1840 2908 2053 2961 ritatem
2106 2916 2160 2961 et
2209 2906 2414 2963 litteras
2433 2909 2648 2963 abolere
2678 2911 2979 2977 videantur,
3001 2926 3194 2966 nomen
3225 2912 3413 2981 synodi

1840 3005 2162 3066 praetexunt,
2187 2998 2408 3067 ejusque
2430 2999 2560 3051 Acta
2602 2997 2670 3052 ab
2705 2999 3027 3068 imperatore
3079 3010 3411 3055 mutuantur.

1812 3088 1917 3142 ‘Ad
1952 3089 2052 3142 hoc
2080 3087 2277 3157 negotii
2324 3102 2507 3142 comes
2549 3088 2754 3151 aderat,
2796 3088 3101 3158 militesque
3137 3090 3414 3159 episcopo-

196 3169 264 3206 ται
568 3164 679 3257 τῷν
695 3166 1024 3235 ἐπισκόπων,
1048 3173 1142 3225 καὶ
1159 3173 1411 3242 βασιλικὰ
1433 3156 1735 3252 γράμματα

1844 3194 1955 3232 rum
1982 3178 2261 3241 satellites,
2287 3185 2342 3231 et
2374 3177 2732 3246 imperatoriae
2757 3178 2970 3242 litterae,
2988 3156 3107 3248 quae
3136 3156 3270 3248 quos
3310 3156 3412 3248 ipsi

196 3247 453 3316 συνελθεῖν,
493 3253 588 3317 οὓς
612 3255 822 3327 ᾔτησαν
855 3260 1318 3331 ὲπαναγκάζοντα.
1368 3247 1630 3327 Ἐνταύθα
1672 3276 1733 3328 τὸ

196 3336 458 3430 ῂαράδοξον
477 3341 579 3410 τῆς
625 3346 917 3417 ἐπιϐουλῆς
935 3350 1112 3404 αὐτῶν
1144 3354 1504 3428 ἐνθυμήθητε,
1531 3361 1623 3411 καὶ
1640 3360 1737 3430 τὴν

195 3423 473 3520 ἀνωμαλίαν
496 3432 607 3487 τῶν
645 3435 1012 3509 τολμωμένων
1038 3444 1238 3508 αὐτοῖς,
1272 3423 1359 3500 ἵνα
1391 3423 1510 3501 ϐθεν
1540 3423 1737 3520 δήποτε

197 3518 330 3608 παντὶ
353 3521 534 3608 τρόπῳ
562 3524 654 3579 τὸν
686 3528 974 3599 ἄνθρωπον
1008 3533 1068 3598 ἐξ
1096 3536 1250 3605 ἡμῶν
1279 3518 1621 3608 ἁρπάσωσιν.
1674 3543 1737 3594 Ei

197 3602 278 3696 μὲν
319 3604 420 3678 γὰρ
465 3609 769 3682 ἐπέτρεπον
826 3617 1039 3682 ἑαυτοῖς
1219 3602 1399 3695 κρίσιν
1431 3628 1612 3696 μόνοις
1663 3629 1740 3691 ὡς

196 3693 463 3790 ὲτξίσκοποι,
520 3704 605 3767 τίς
664 3706 904 3775 κόμητος
952 3712 1045 3763 καὶ
1094 3693 1442 3784 στρατιωτῶν
1485 3719 1673 3789 χρεία;
1703 3720 1737 3790 ἦ

318 3789 416 3844 ὑπὸ
438 3791 737 3861 βασιλικοῖς
760 3800 1054 3869 συνήγοντο
1084 3803 1436 3875 γράμμασιν;
1560 3809 1617 3862 δὲ
1643 3785 1741 3879 pa;

197 3877 355 3969 ςΐιλέως
372 3883 598 3945 ἐδέοντο.
636 3888 730 3941 καὶ
759 3892 890 3960 παρ’
905 3892 1069 3945 αὑτοῦ
1091 3894 1152 3946 τὸ
1166 3895 1334 3967 κῦρος
1354 3898 1496 3967 ἔχειν
1527 3877 1736 3969 ἧθελον,
1764 3922 1770 3928 ·

195 3967 266 4021 διὰ
288 3973 337 4025 τί
361 3975 456 4046 τὴν
505 3980 691 4048 κρίσιν
733 3980 896 4034 αὑτοῦ
937 3984 1239 4054 παρέλυον;
1278 3988 1349 4040 Ἦ
1382 3990 1499 4053 πῶς
1529 3967 1736 4045 ἐκείνου

194 4059 295 4123 τοὺς
319 4064 410 4132 μὲν
443 4068 803 4134 Μελιτιανοὺς
828 4073 1186 4141 συκοφάντας,
1233 4077 1540 4149 ἀθεμίτους,
1581 4083 1739 4137 Ἀθαο

193 4150 413 4239 umet
447 4160 835 4232 καθαρώτατον
868 4163 934 4216 δι’
970 4158 1045 4219 ὧν
1065 4165 1267 4236 ἔγραψε
1297 4168 1597 4239 κρίναντος,
1643 4172 1761 4224 και

192 4237 263 4290 τὸν
300 4243 445 4309 φόνον
499 4249 972 4319 ἐκτραγῳδοῦντος
1022 4247 1113 4305 τδν
1165 4254 1258 4306 ἐπὶ
1301 4237 1379 4325 τῷ
1427 4256 1588 4321 ζῶντι
1634 4275 1733 4310 πε-

194 4328 480 4402 πλασμένον,
502 4329 647 4391 οὗτοι
681 4339 775 4392 καὶ
796 4339 1145 4403 Μελιτιανοὺς
1168 4341 1470 4412 ἀληθεύειν,
1488 4346 1736 4400 κάκεῖνον

194 4418 452 4479 ὑπεύθυνον
492 4422 634 4481 εἶναι
663 4427 1010 4501 διωρίξοντος
1049 4431 1143 4485 καὶ⁵
1173 4432 1246 4504 μὴ
1289 4436 1616 4506 αἰδούμενοι,
1642 4438 1734 4491 τὸν

1839 3267 2174 3335 postularant
2203 3265 2328 3319 illuc
2356 3266 2646 3319 convenire
2663 3264 3066 3334 compellerent.
3102 3265 3218 3321 Jam
3259 3268 3410 3331 mihi,

1838 3370 2040 3423 quaeso,
2087 3356 2429 3411 incredibiles
2475 3369 2660 3410 eorum
2729 3355 2956 3411 insidias
3002 3356 3411 3428 facinorumqne

1838 3446 2315 3515 inaequabilitatem
2372 3446 2830 3512 animadvertite;
2876 3456 2934 3501 ut
2964 3447 3153 3517 quavis
3200 3448 3412 3503 ratione

1840 3539 1994 3593 nobis
2027 3539 2299 3593 hominem
2327 3537 2860 3608 prorsus'abripiant.
2890 3537 2946 3592 Si
2970 3537 3116 3592 enim
3147 3536 3246 3591 sibi
3276 3538 3413 3591 dun.-

1840 3635 2011 3691 taxat,
2038 3636 2224 3695 utpote
2252 3626 2517 3696 episcopis
2544 3625 2805 3695 judicium
2843 3626 3251 3696 permisissent,
3281 3626 3410 3695 quid

1838 3732 1971 3786 Opus
1997 3710 2195 3773 comite
2229 3726 2283 3771 et
2329 3716 2591 3772 militibus
2618 3717 2642 3770 Ἰ
2681 3724 2773 3770 aut
2814 3731 2910 3771 cur
2943 3716 3301 3785 imperatoriis
3331 3716 3413 3770 di-

1839 3809 2163 3877 plomatibus
2226 3808 2279 3862 in
2316 3824 2479 3863 unum
2503 3808 2675 3863 coacti
2707 3808 2879 3863 sunt?
2903 3807 3054 3873 Quod
3088 3808 3131 3862 si
3179 3807 3410 3875 impera-

1842 3908 1955 3953 tore
2000 3898 2345 3966 indigebant,
2379 3906 2436 3951 et
2488 3897 2558 3952 ab
2600 3896 2691 3952 illo
2734 3898 3109 3953 auctoritatem
3165 3897 3411 3965 accipere

1840 3989 2265 4059 cupiebant,cur
2304 3988 2423 4058 ejus
2459 3987 2720 4057 judicium
2760 3989 2977 4043 irritum
3003 3988 3223 4043 fecere?
3252 3986 3408 4057 105

1839 4077 1947 4130 Aut
1978 4092 2079 4131 cur
2099 4092 2220 4132 cum
2250 4076 2337 4131 ille
2362 4075 2556 4132 litteris
2591 4076 2704 4133 suis
2736 4076 3071 4144 Meletianos,
3105 4078 3407 4148 sycophan-

1841 4175 1945 4232 tas,
1996 4165 2264 4231 uefarios,
2307 4165 2662 4221 Athanasium
2715 4181 2845 4222 vero
2909 4165 3407 4221 innocentissimum

1832 4257 2108 4326 judicarit,
2145 4265 2200 4312 et
2231 4256 2515 4312 condictam
2541 4257 2741 4313 caedem
2770 4257 2870 4312 viri
2892 4257 3184 4311 etiamnum
3216 4256 3406 4311 viven-

1840 4348 1930 4413 tis,
1966 4348 2315 4403 vehementer
2349 4347 2511 4402 fuerit
2562 4348 2861 4403 insectatus
2894 4365 2910 4413 ;
2957 4347 3046 4402 isti
3093 4345 3406 4401 Meletianos

1838 4450 1970 4490 vera
1998 4438 2202 4501 dicere,
2234 4436 2698 4506 Athanasiumque
2732 4450 2882 4491 reum
2935 4449 3055 4491 esse
3090 4433 3351 4490 deiiniere
3380 4433 3405 4487 2

191 4508 337 4571 ζῶντα
364 4518 553 4589 νεκρὸν
597 4521 850 4583 ὲποίουν;
886 4520 1066 4584 ζῶντα
1120 4525 1213 4576 καὶ
1248 4526 1386 4594 μετά
1412 4527 1511 4598 τὴν
1553 4530 1733 4598 κρίσιν

1844 4541 1904 4581 ac
1939 4525 2070 4579 nihil
2119 4523 2372 4589 reveriti,
2407 4524 2672 4579 viventem
2714 4524 2984 4579 hominem
3024 4531 3290 4577 mortuum
3330 4523 3406 4576 si-

190 4599 261 4653 τοῦ
310 4604 582 4676 βασιλέως,
618 4611 714 4662 καὶ
761 4612 847 4663 ὅτε
878 4614 1161 4683 συνῄεσαν,
1199 4616 1292 4668 καὶ
1321 4616 1449 4687 ἄχρι
1486 4618 1579 4671 νῦν
1635 4619 1731 4672 σὺν

191 4691 293 4760 ἡμῖν
312 4698 450 4755 ὄντα.
470 4701 659 4756 Ταῦτα
678 4704 776 4772 μὲν
810 4704 937 4773 περὶ
973 4706 1270 4776 Ἀρσενίου.

240 4868 312 4924 li.
348 4876 615 4948 Ποτήριον
644 4879 701 4932 δὲ
737 4881 1021 4949 μυστικὸν,
1058 4887 1227 4949 ποῖον,
1271 4886 1302 4956 ἢ
1331 4886 1433 4940 ποῦ
1460 4889 1729 4955 κατεαγὲν

182 4961 305 5027 παρὰ
341 4965 660 5040 Μακαρίου;
698 4970 856 5024 τοῦτο
889 4972 997 5045 γὰρ
1033 4975 1144 5028 ἄνω
1176 4977 1270 5030 καὶ
1310 4977 1461 5031 κάτω
1490 4980 1728 5051 περιιόν-

178 5061 249 5112 τες
272 5051 536 5123 θρυλοῦσι.
569 5061 766 5113 Καίτοι
812 5062 1125 5118 Ἀθανάσιον
1173 5067 1272 5136 μὲν
1310 5067 1429 5120 οὐδὲ
1490 5071 1539 5120 oi
1600 5086 1731 5123 κατ-

178 5137 337 5232 ᾑγοροι
374 5149 774 5221 τετολμήκασιν
817 5154 1183 5221 αἰτιάσασθαι,
1217 5159 1265 5210 εί
1299 5159 1371 5229 μὴ
1398 5162 1527 5232 παρ’
1553 5161 1732 5215 αὐτῶν

175 5224 527 5307 ὑπεϐλήθησαν
555 5256 569 5269 ι
602 5239 718 5292 ἀλλ’
738 5242 888 5310 ὅμως
914 5244 1066 5297 αὐτοὶ
1096 5246 1157 5298 τὸ
1177 5224 1328 5311 τέλος
1346 5224 1445 5319 τῆς
1473 5224 1733 5321 μέμψεως

228 5451 331 5533 (i1)
359 5457 611 5533 Episcopi
649 5474 874 5533 numero
902 5462 1140 5533 quinque
1170 5464 1307 5520 infra
1356 5469 1730 5530 nominantur,

170 5524 244 5594 θινὶμὶ
276 5524 612 5584 Constantini
674 5530 727 5583 in
776 5524 1131 5586 Athanasium
1191 5535 1285 5591 ira:
1332 5546 1497 5591 testes
1554 5524 1724 5594 fuere.

170 5590 522 5718 ﬂammans.
561 5600 839 5665 Anubion,
874 5590 1292 5667 Agathammon.
1321 5590 1727 5676 Arbethionv,et

167 5728 333 5848 τβίη)
389 5736 480 5791 Sic
548 5738 687 5805 Reg.
758 5748 811 5793 et
868 5739 1030 5795 Basil.
1084 5738 1266 5810 Editi,
1326 5762 1453 5801 vero
1495 5748 1725 5819 vett-5w,-

1838 4615 2111 4670 mularunt
2143 4631 2157 4669 :
2185 4614 2277 4683 qui
2325 4621 2378 4667 et
2430 4621 2553 4682 post
2600 4612 2940 4682 imperatoris
2989 4611 3263 4667 decretum
3291 4650 3306 4675 ,
3351 4621 3406 4666 ct

1838 4720 1946 4773 quo
1969 4714 2204 4774 tempore
2227 4703 2299 4759 illi
2326 4702 2736 4768 conveniebant,
2766 4712 2822 4758 et
2846 4703 3104 4759 hactenus
3128 4702 3404 4758 nobiscum

1833 4795 1886 4849 in
1914 4794 2052 4849 vivis
2074 4802 2174 4849 est.
2196 4793 2322 4849 llaec
2362 4794 2578 4863 quidem
2605 4793 2671 4848 de
2698 4794 2944 4849 Arsenio.

1903 4885 1993 4939 Η.
2032 4884 2289 4941 Poculum
2320 4894 2502 4940 autem
2530 4885 2841 4956 mysticum,
2860 4884 3039 4955 quale,
3066 4893 3159 4940 aut
3186 4884 3403 4940 ubinam

1829 4988 1860 5028 a
1892 4974 2130 5030 Macario
2164 4973 2505 5029 confractum
2535 4982 2616 5030 est
2642 4975 2665 5029 ?
2688 4975 2789 5030 hoc
2823 4975 2966 5030 enim
3006 4990 3219 5031 sursum
3249 4976 3405 5031 deor-

1830 5080 1950 5123 sum
1980 5066 2380 5124 circumeuntes
2420 5064 2693 5134 jactitant.
2736 5066 2887 5122 Licet
2929 5067 3303 5135 Athanasium,
3338 5081 3406 5121 ne

1831 5150 2180 5209 accusatores
2218 5155 2435 5224 quidem
2488 5155 2803 5213 insimulare
2866 5157 2981 5213 ausi
3037 5164 3241 5219 essent,
3299 5155 3403 5210 nisi

1833 5244 2039 5301 abillis
2073 5246 2325 5302 submissi
2375 5247 2624 5304 fuissent.
2661 5250 2916 5305 Attamen
2958 5247 3200 5303 criminis
3244 5244 3403 5315 hujus

1914 5469 2028 5544 (Et)
2049 5470 2124 5544 Ita
2145 5472 2277 5544 Reg.
2296 5489 2454 5544 quem
2471 5477 2768 5544 sequimur.
2790 5475 2887 5529 Alii
2906 5489 3025 5529 cum
3040 5474 3231 5544 Editis,
3248 5472 3277 5525 ὁ
3302 5473 3402 5543 μὲν

1833 5530 1963 5612 οὖν,
1989 5530 2384 5612 Ερίειοιαυνέω
2422 5530 2760 5599 Constantini
2794 5546 2856 5597 ad
2897 5530 3270 5612 Athanasium,
3297 5530 3400 5609 qua

1832 5611 2008 5683 se,_de
2035 5611 2319 5683 calumniis
2342 5614 2538 5683 quibus
2564 5614 2939 5683 Athanasium,
2961 5611 3244 5666 Eusebiani
3278 5628 3398 5665 cum

1829 5680 2137 5736 Mcletianis
2163 5680 2567 5749 impetiveraut,
2594 5682 2882 5736 certiorem
2919 5682 3113 5734 factum
3148 5690 3400 5747 testatur,

1830 5749 1972 5803 infra
2002 5751 2228 5804 habetur
2260 5767 2272 5800 :
2310 5752 2397 5804 ubi
2431 5752 2593 5805 etiam
2619 5750 2905 5806 confictam
2947 5753 3159 5805 Arsenii
3212 5766 3397 5808 necem

1832 5820 2181 5872 vehementer
2212 5822 2444 5887 exagitat
2471 5820 2784 5888 imperator.
