4006 6514
558 401 659 456 267

1117 398 1174 453 S.
1220 398 1592 453 ATIIANASII
1635 398 1786 452 Ol’P.
1830 397 2007 451 PARS
2049 398 2090 450 1.

2236 394 2606 451 lllS'l'ORlCA
2645 395 2733 448 ΕΤ
2766 395 3185 451 ΒΟΟΜΔΤΚᾎ.

3694 393 3803 449 268

554 535 818 576 summam
869 522 920 575 in
963 521 1314 578 Athanasium
1369 521 1609 576 referunt
1640 519 1779 587 quod
1814 533 1879 572 ne
1909 518 2119 585 quidem

2228 517 2311 570 ἐπ’
2348 519 2508 570 αὐτὸν
2560 516 2670 586 (14)
2715 517 2968 582 ἄγουσιν·
3025 515 3052 565 ὃ
3099 513 3230 583 μηδὲ
3261 511 3353 564 ἐπὶ
3379 511 3666 582 Μακάριον
3698 509 3803 562 εδει

551 611 806 675 Macario,
837 611 1030 679 quippe
1065 613 1155 679 qui
1199 611 1481 665 convictus
1537 625 1642 663 non
1691 617 1792 670 est,
1823 607 1920 660 fuit
1952 606 2125 674 impu-

553 700 792 753 tandum.
839 699 948 754 Nec
994 702 1155 768 pudet
1199 715 1292 756 eos
1351 716 1533 754 coram
1571 697 2009 762 catechumenis,
2049 707 2123 761 et,

549 793 692 857 quod
725 791 875 859 pejus
917 801 1022 856 est,
1064 807 1246 846 coram
1289 792 1519 846 ethnicis
1559 791 1813 862 mysteria
1864 789 1978 842 haec
2015 798 2125 841 tra~

551 883 798 937 ducere:
834 898 956 938 cum
1012 895 1277 951 oporteat,
1325 892 1382 936 ut
1430 883 1693 951 scriptum
1747 890 1874 946 est,
1931 880 2125 935 Sacra-

549 982 776 1026 mentum
821 975 951 1042 regis
981 974 1292 1026 abscondere
1319 974 1363 1004 ⁷³
1391 990 1409 1037 ;
1436 985 1490 1026 et
1528 984 1586 1028 ut
1624 972 1881 1026 Dominus
1925 985 2124 1039 prace-

551 1065 626 1130 pit
669 1061 893 1118 :Nolite
939 1075 1120 1117 sancta
1178 1065 1305 1116 dare
1352 1065 1586 1126 canibus,
1621 1079 1782 1133 neque
1824 1062 2122 1138 proﬁciatis

549 1156 862 1221 margaritas
891 1165 1010 1208 ante
1037 1171 1220 1222 porcos
1243 1155 1311 1207 ⁷³.
1347 1153 1513 1208 Nefas
1556 1154 1699 1207 enim
1745 1162 1825 1206 est
1867 1151 2122 1221 mysteria

549 1246 689 1312 apud
727 1261 828 1299 non
881 1246 1123 1300 initiatos
1173 1247 1490 1308 traducere,
1532 1258 1599 1297 ne
1650 1242 1851 1297 ethnici
1906 1242 2120 1311 quidem

549 1333 738 1385 horum
777 1331 948 1398 ignari
971 1334 1292 1396 ,irrideant;
1328 1332 1731 1386 cathechumeni
1775 1346 1900 1385 vero
1933 1333 1997 1384 ad
2026 1345 2121 1382 cu-

550 1423 842 1476 riositatem
877 1423 1091 1478 deducti
1139 1422 1588 1477 scandalizentur.
1624 1422 1726 1476 Sed
1759 1431 1934 1475 tamen
1956 1421 2124 1490 quod-

547 1527 668 1566 nam
703 1514 952 1582 poculum
976 1555 991 1579 ,
1029 1515 1270 1580 ubinam,
1305 1526 1359 1568 et
1415 1515 1554 1584 apud
1599 1527 1861 1583 quosnam
1903 1511 2120 1566 confra-

546 1612 691 1656 clum
716 1613 800 1657 est
827 1605 849 1657 ?
878 1604 1145 1658 Meletiaui
1179 1606 1320 1658 enim
1351 1614 1475 1658 sunt
1497 1605 1588 1674 qui
1612 1612 1890 1665 accusant,
1921 1602 2119 1672 quibus

550 1694 692 1748 nulla
725 1694 858 1750 fides
881 1695 1145 1760 habenda,
1181 1705 1364 1765 utpote
1387 1696 1478 1765 qui
1518 1711 1621 1749 non
1643 1694 1754 1762 jam
1784 1694 1954 1750 solum
1977 1736 1991 1761 ,
2025 1697 2118 1750 sed

548 1803 575 1836 a
614 1794 857 1854 tempore
899 1787 1039 1840 beati
1087 1784 1231 1841 Petri
1278 1785 1514 1854 episcopi
1551 1794 1605 1839 et
1647 1785 1934 1856 martyris,
1977 1785 2119 1839 schi-

547 1878 759 1932 smatici
789 1877 989 1933 fuerint
1016 1887 1069 1932 et
1109 1877 1356 1932 Ecclesiae
1397 1877 1635 1944 inimici;
1675 1879 1768 1947 qui
1815 1877 1914 1945 ipsi
1951 1877 2111 1932 Petro

545 1968 806 2033 insidiati,
823 1970 1085 2024 Achillam
1106 1968 1218 2036 ejus
1241 1983 1605 2024 successorem
1622 1968 1934 2024 calumniati
1955 1977 2114 2032 sunt,

545 2072 600 2114 et
635 2061 998 2115 Alexandrum
1041 2061 1180 2131 apud
1233 2061 1404 2129 ipsum
1451 2060 1833 2128 imperatorem
1888 2074 2114 2114 accusa-

547 2158 692 2202 runt.
732 2147 1021 2218 Postquam
1047 2149 1189 2203 enim
1216 2148 1342 2203 talia
1366 2147 1537 2202 moliti
1577 2157 1724 2211 sunt,
1757 2148 2114 2203 A'hanasium

545 2240 763 2294 tandem
797 2239 998 2304 adorti,
1033 2240 1169 2294 nihil
1194 2250 1360 2310 agunt
1390 2256 1420 2293 a
1450 2255 1544 2294 sua
1595 2239 1941 2309 improbitate
1983 2240 2113 2294 alie-

545 2343 674 2381 num
713 2337 810 2382 :ut
835 2329 978 2383 enim
1031 2329 1082 2383 in
1139 2331 1452 2386 decessores
1489 2330 1626 2402 ejus,
1662 2331 1739 2385 sic
1769 2340 1823 2385 et
1872 2330 1924 2384 in
1968 2331 2116 2384 illum

545 2417 844 2473 calumnias
908 2430 1242 2474 Struxerunt.
1293 2421 1397 2475 Sed
1445 2423 1495 2476 iu
1553 2422 1840 2492 praesenti,
1893 2431 1948 2477 et
2004 2438 2109 2476 non

547 2510 807 2576 antehac,
823 2526 1010 2565 eorum
1039 2512 1322 2567 calumnia:
1345 2522 1400 2567 et
1427 2512 1852 2569 obtrectationes
1881 2513 2118 2568 invalue-

546 2614 606 2654 re
638 2618 652 2654 :
681 2601 809 2669 quia
839 2601 1129 2656 Eusebium
1173 2611 1227 2657 et
1257 2603 1433 2658 socios
1471 2603 1740 2658 scelerum
1782 2603 2030 2658 conscios
2057 2613 2112 2660 et

549 2700 805 2759 patronos
847 2693 988 2746 ωοιί
1030 2702 1176 2747 ευηι.
1211 2693 1308 2759 Qui
1347 2703 1403 2746 ut
1437 2693 1648 2748 Ariana:
1675 2693 1966 2763 impietatis
1994 2710 2117 2763 gra-

549 2785 622 2836 tia
662 2783 795 2837 alias
831 2793 1017 2838 contra
1069 2784 1262 2838 multos
1307 2785 1612 2854 episcopos,
1644 2786 1720 2840 sic
1765 2785 1879 2854 jam
1929 2796 2117 2842 contra

548 2873 900 2927 Athanasium
943 2874 1163 2929 insidias
1213 2884 1478 2930 struxere.
1521 2874 1730 2931 Etenim
1768 2879 1913 2932 locus
1944 2879 2030 2934 ille
2064 2879 2118 2932 ir.

546 2980 655 3035 quo
695 2965 924 3020 fractum
953 2981 1069 3021 esse
1097 2967 1342 3035 poculum
1373 2967 1660 3033 aiunt,non
1699 2978 1814 3024 erat
1848 2969 2114 3036 ecclesia;

547 3057 828 3127 presbyter
866 3073 968 3112 non
1006 3068 1124 3111 erat
1153 3057 1241 3126 qui
1276 3058 1329 3112 in
1355 3057 1444 3112 illo
1473 3059 1593 3114 loco
1638 3059 1917 3115 habitabat
1953 3078 1967 3114 :
2003 3061 2118 3117 dies

2229 610 2444 677 χωρεῖν,
2477 607 2575 659 οὐκ
2607 604 2948 673 ἐλεγχθέντα.
2977 604 3084 656 Kal.
3116 603 3214 655 ούκ
3257 601 3602 671 αἰσχύνονται
3634 598 3806 654 ταῦτα

2225 703 2315 754 ἐπὶ
2345 718 2582 772 κατηχου
2590 701 2788 766 μένων,
2816 699 2909 751 καὶ
2932 698 2993 750 τό
3011 714 3073 765 γε
3097 696 3383 768 χείριστον,
3419 695 3513 747 ἐπὶ
3541 694 3806 764 Ἑλλήνων

2224 793 2630 863 τραγῳδοῦντες
2679 791 2744 843 τά
2785 791 3101 861 μυστήρια·
3149 788 3298 849 δέον,
3355 787 3430 848 ὼς
3474 785 3804 864 γέγραπται,

2226 884 2572 952 Μυστήριον
2599 882 2906 948 ,ϐασιλέως
2955 879 3147 933 καλὸν
3193 881 3512 946 κρύπτειν·
3555 879 3652 928 καὶ
3678 876 3752 937 ὡς
3779 878 3807 927 ό

2225 977 2428 1048 Κύριος
2460 975 2794 1046 παρήγγειλε
2814 991 2827 1003 ·
2862 971 2960 1036 Μὴ
2993 971 3140 1023 δῶτε
3173 971 3244 1023 τὰ
3284 969 3421 1038 ἅγια
3461 967 3588 1032 τοῖς
3627 965 3766 1020 κυσί
3789 1007 3802 1029 ,

2219 1068 2373 1137 μηδὲ
2382 1067 2618 1133 βάλητε
2645 1065 2786 1130 τοὺς
2804 1063 3172 1132 μαργαρίτας
3196 1063 3536 1130 ἔμπροσθεν
3550 1057 3671 1110 τῶν
3688 1059 3808 1125 χοί-

2217 1175 2358 1224 ρων.
2415 1157 2488 1208 Ού
2530 1157 2634 1226 χρὴ
2688 1153 2796 1223 γάρ
2843 1153 2910 1206 τά
2968 1153 3241 1222 μυστήρια
3312 1151 3579 1219 ἀμυήτοις
3644 1164 3808 1217 τραγο

2223 1247 2396 1316 ῳδεῖν,
2428 1249 2512 1299 ἵνα
2539 1248 2613 1316 μὴ
2646 1246 2907 1314 ’Έλληνες
2934 1245 3030 1314 μὲν
3052 1242 3368 1311 ἀγνοοῦντες
3409 1241 3635 1308 γελῶσι,
3682 1257 3809 1292 κατ-

2224 1338 2512 1408 ηχούμενοι
2561 1337 2638 1400 δὲ,
2669 1336 2950 1406 περίεργοι
2975 1335 3288 1404 γενόμενοι,
3325 1330 3804 1394 σκανδαλίξωνται.

2237 1429 2393 1481 Ἀλλὰ
2421 1429 2514 1481 καὶ
2542 1429 2689 1496 ὅμως
2717 1429 2868 1479 ποῖον
2901 1426 2935 1495 ἢ
2979 1425 3101 1487 ποῦ,
3137 1425 3169 1494 ἢ
3201 1423 3348 1494 παρὰ
3393 1423 3501 1475 τίσι
3537 1421 3808 1488 κατεαγέν

2223 1520 2512 1588 ποτήριον;
2546 1517 2858 1570 Μελιτιανοὶ
2901 1515 2998 1585 μὲν
3034 1515 3140 1585 γάρ
3171 1517 3307 1567 εἰσιν
3347 1517 3394 1567 οἱ
3439 1513 3810 1584 κατηγοροῦν-

2221 1627 2312 1671 τες
2338 1608 2564 1661 καθόλου
2603 1607 2947 1659 πιστεύεσθαι
2978 1606 3050 1676 μὴ
3083 1605 3407 1672 ὀφείλοντες.
3445 1604 3807 1675 Σχισματικοὶ

2221 1697 2328 1770 γάρ
2361 1698 2453 1750 καὶ
2494 1695 2676 1766 ἐχθροὶ
2719 1698 2817 1766 τῆς
2865 1694 3191 1764 Ἑκκλησίας
3228 1694 3537 1762 γεγόνασιν,
3591 1694 3653 1745 ού
3690 1693 3804 1757 νῦν,

2222 1789 2334 1842 ἀλλ’
2363 1788 2470 1841 ἀπὸ
2494 1787 2586 1840 τοῦ
2620 1786 2888 1857 μακαρίου
2930 1787 3159 1857 Πέτρου,
3203 1786 3502 1838 ἐπισκόπου
3539 1786 3633 1837 καὶ
3672 1785 3808 1854 μάρ-

2219 1896 2381 1949 τυρος
2417 1878 2707 1947 γενομένου
2728 1894 2739 1906 ·
2773 1878 2822 1928 οἱ
2854 1878 2946 1930 καὶ
2975 1877 3120 1947 αύτῷ
3162 1877 3350 1947 Πέτρῳ
3393 1876 3809 1929 ἐπιϐουλεύσαν-

2217 1987 2327 2033 τες,
2352 1969 2447 2021 καὶ
2486 1968 2735 2038 Ἀχιλλᾶν
2779 1967 2888 2038 (15)
2928 1967 3017 2020 τὸν
3045 1968 3160 2037 μετ’
3191 1970 3396 2020 ἐκεῖνον
3431 1967 3806 2031 διαϐαλόντες,

2222 2058 2318 2110 καὶ
2355 2056 2704 2125 Ἀλεξάνδρου
2755 2057 3230 2126 κατηγορήσαντες
3267 2055 3460 2128 μέχρις
3508 2055 3676 2108 αὑτοῦ
3715 2056 3809 2109 τοῦ

2221 2146 2502 2216 βασιλέως.
2546 2145 2702 2198 Οῦτω
2745 2146 2851 2217 γάρ
2903 2144 2968 2217 δὴ
3015 2145 3426 2217 μελετήσαντες,
3481 2145 3672 2199 λοιπὸν
3717 2148 3808 2199 καὶ

2219 2240 2299 2304 είς
2345 2237 2658 2292 Ἀθανάσιον
2707 2237 2982 2307 διέϐησαν,
3033 2237 3185 2290 ούδέν
3231 2237 3378 2302 ξένον
3410 2237 3508 2307 τῆς
3540 2237 3809 2307 πονηρίας

2219 2333 2427 2386 ἑαυτῶν
2467 2331 2776 2396 ποιοῦντες·
2809 2332 2905 2385 καὶ
2941 2329 3049 2402 γὰρ
3095 2329 3282 2401 ὥσπερ
3313 2330 3440 2392 τοὺς
3472 2328 3578 2400 πρὸ
3619 2329 3807 2393 αὑτοῦ,

2217 2427 2358 2480 οὕτω
2407 2427 2501 2480 καὶ
2544 2425 2733 2479 τοῦτον
2785 2423 3245 2494 ἐσυκοφάντησαν.
3314 2421 3472 2474 Ἀλλὰ
3511 2421 3609 2474 νῦν
3633 2420 3810 2474 αὐτῶν

2219 2519 2312 2571 καὶ
2332 2518 2392 2569 ού
2419 2517 2682 2586 πρότερον
2710 2516 2743 2584 ἡ
2768 2513 3098 2582 συκοφαντία
3127 2513 3218 2564 καὶ
3249 2513 3303 2564 αἱ
3327 2510 3569 2563 διαϐολαὶ
3609 2526 3809 2579 κεκρα-

2218 2609 2482 2678 τήκασιν·
2533 2609 2616 2660 ὅτι
2671 2609 2796 2670 τοὺς
2831 2605 2957 2676 περὶ
3003 2603 3260 2656 Εὑσέϐιον
3306 2603 3463 2671 ἔσχον
3512 2603 3810 2672 συνεργοὺς

2219 2699 2314 2749 καὶ
2350 2699 2660 2766 προστάτας
2693 2696 2783 2748 διά
2808 2695 2903 2766 τὴν
2930 2693 3134 2748 οἰκείαν
3157 2692 3411 2747 ἀσέϐειαν
3446 2691 3556 2746 τῶν
3597 2694 3806 2762 Ἀρειον

2223 2789 2480 2857 μανιτῶν,
2506 2787 2571 2840 δι’
2603 2787 2670 2856 ἦν
2694 2786 2888 2857 ὥσπερ.
2912 2785 3123 2848 πολλοῖς
3165 2785 3509 2848 ἐπισκόποις,
3546 2783 3692 2836 οὕτω
3718 2785 3810 2837 καὶ

2232 2878 2535 2950 Ἀθανασίῳ
2563 2876 3047 2932 συνεσκευάσαντο.
3079 2879 3192 2930 Καὶ
3215 2877 3324 2947 γὰρ
3346 2879 3373 2930 ό
3407 2877 3574 2938 τόπος
3601 2877 3808 2937 ἐκεῖνος

2219 2973 2277 3025 ἐν
2297 2963 2340 3036 ᾧ
2370 2967 2666 3023 κεκλᾶσθαι
2688 2967 2748 3021 τὸ
2771 2967 3030 3038 ποτήριόν
3061 2985 3244 3038 φησιν,
3272 2968 3371 3020 οὐκ
3417 2961 3485 3036 ἦν
3520 2965 3806 3033 ἐκκλησία·

2220 3060 2588 3132 πρεσϐύτερος
2618 3059 2719 3112 ούκ
2738 3055 2804 3128 ἦν
2833 3060 2860 3112 ὁ
2886 3059 2975 3112 τὸν
3009 3059 3172 3112 τόπον
3202 3058 3480 3128 παροικῶν
3509 3057 3650 3129 (16)·
3677 3060 3813 3129 spe-

549 3163 653 3216 qua
685 3149 736 3202 id
761 3148 953 3204 fecisse
982 3148 1275 3204 Macarium
1303 3149 1509 3216 volunt,
1537 3166 1642 3206 non
1668 3161 1786 3207 erat
1816 3151 2111 3208 Dominica.

2224 3170 2312 3222 ρα,
2347 3151 2467 3204 καθ’
2494 3152 2561 3221 ἢν
2587 3149 2870 3223 Μακάριον
2904 3151 3062 3204 τοῦτο
3093 3151 3448 3220 πεποιηκέναι
3489 3152 3679 3219 φασὶν,
3711 3151 3810 3206 οὐκ

457 3309 470 3314 _
548 3240 684 3296 Cum
723 3241 886 3310 igitur
913 3257 1088 3312 neque
1125 3243 1196 3298 ibi
1227 3243 1467 3300 Ecclesia
1499 3253 1664 3310 esset,
1690 3258 1867 3313 neque
1901 3244 1991 3313 qui
2022 3259 2114 3299 sa-

549 3347 642 3385 cra
673 3331 1082 3401 faceret,neque
1110 3333 1224 3389 dies
1249 3334 1351 3388 hoc
1381 3335 1552 3403 ipsum
1582 3332 1904 3403 requireret,
1935 3332 2115 3401 quale,

549 3431 642 3475 aut
691 3423 926 3491 quando,
975 3433 1068 3477 aut
1116 3425 1336 3479 ubinam
1387 3425 1670 3496 mysticum
1714 3425 1961 3494 poculum
2012 3425 2117 3478 fra-

551 3523 700 3567 ctum
730 3515 851 3567 est?
879 3513 1015 3567 Nam
1049 3515 1237 3582 pocula
1267 3529 1389 3570 esse
1433 3515 1597 3569 multa
1631 3529 1725 3584 per
1755 3517 1961 3580 domos,
1985 3525 2040 3570 et
2067 3516 2118 3569 in

551 3601 728 3655 medio
759 3599 898 3663 foro.
942 3610 1120 3670 patet;
1147 3617 1266 3671 quae
1303 3603 1346 3656 si
1390 3602 1512 3671 quis
1545 3601 1757 3669 frangat
1809 3601 2120 3654 nullatenus

553 3691 715 3761 impie
762 3690 892 3762 agit.
937 3690 1217 3761 Mysticum
1271 3706 1403 3746 vero
1439 3690 1722 3761 poculum,
1754 3690 1895 3757 quod
1921 3690 1966 3744 si
2001 3689 2122 3758 quis

551 3790 740 3850 sponte
773 3783 1014 3851 fregerit,
1040 3798 1135 3850 pro
1175 3781 1264 3836 tali
1309 3797 1442 3836 ausu
1475 3780 1671 3849 impius
1703 3778 1954 3844 efﬁcitur,
1985 3778 2122 3848 apud

553 3870 698 3925 solos
745 3871 1010 3940 legitimos
1054 3871 1308 3926 Ecclesia
1350 3869 1604 3941 praesides
1659 3869 1932 3924 invenitur
1981 3886 1993 3920 :
2037 3869 2125 3923 hic

554 3959 700 4015 enim
734 3961 879 4015 solus
916 3959 1072 4028 hujus
1103 3960 1276 4023 poculi
1301 3975 1428 4016 usus
1475 3968 1528 4014 et
1563 3973 1667 4014 non
1703 3958 1840 4014 alius
1873 3969 1973 4013 est.
2010 3958 2123 4012 Hoc

553 4066 652 4106 vos
689 4051 922 4122 legitime
975 4052 1170 4122 populo
1213 4051 1510 4122 propinatis
1547 4051 1689 4106 :hoc
1719 4065 1816 4104 vos
1844 4051 1911 4104 ab
1943 4047 2123 4104 eccle-

553 4143 773 4197 siastico
813 4158 1016 4198 canone
1058 4143 1385 4212 accepistis:
1415 4143 1516 4198 hoc
1559 4142 1624 4195 ad
1655 4155 1748 4196 eos
1781 4140 1951 4196 solum
2003 4153 2126 4209 spe-

554 4242 689 4301 ctat,
717 4234 806 4303 qui
837 4235 1112 4290 catholicze
1139 4234 1390 4290 Ecclesia:
1413 4241 1669 4304 praesunt.
1700 4232 1948 4287 Vestrum
1979 4232 2124 4286 enim

555 4328 818 4380 duntaxat
845 4336 928 4382 est
953 4327 1269 4397 sanguinem
1295 4326 1496 4381 Christi
1535 4324 1862 4394 propinare;
1894 4323 2122 4379 aliorum

553 4431 684 4471 vero
708 4418 922 4475 nullius.
949 4417 1054 4474 Sed
1095 4427 1153 4474 ut
1185 4419 1380 4489 impius
1407 4424 1490 4472 est
1518 4416 1608 4485 qui
1647 4415 1930 4486 mysticum
1957 4428 2125 4485 pocu-

2220 3242 2287 3317 ἦν
2314 3246 2588 3317 Κυριακή.
2622 3245 2776 3314 Μήτε
2802 3244 2980 3297 τοίνυν
2997 3243 3290 3314 ἐκκλησίας
3311 3242 3477 3312 οὔσης
3501 3243 3640 3307 ἐκεῖ,
3672 3246 3807 3314 μήτε

2221 3337 2310 3392 τοῦ
2331 3337 2755 3409 ἱερουργοῦντος,
2778 3338 2911 3407 μήτε
2933 3337 3028 3408 τῆς
3047 3336 3260 3407 ἡμέρας
3283 3336 3641 3405 ἀπαιτούσης.
3664 3337 3808 3390 ποῖον

2221 3427 2254 3499 ἢ
2283 3430 2432 3492 πότε,
2463 3429 2496 3498 ἢ
2527 3427 2628 3481 ποῦ
2659 3427 2720 3480 τὸ
2755 3428 3010 3498 ποτήριον
3040 3426 3334 3479 κέκλασται
3370 3427 3634 3495 μυστικόν
3660 3443 3674 3490 ;
3706 3427 3809 3479 Πο-

2221 3518 2382 3588 τήρια
2412 3517 2515 3587 μὲν
2546 3517 2658 3587 (17)
2691 3517 2799 3587 γὰρ
2827 3513 2961 3570 εἶναι
2986 3516 3155 3570 πολλά
3187 3518 3278 3570 καὶ
3313 3517 3454 3569 κατά
3491 3517 3592 3580 τὰς
3613 3518 3806 3582 οἰκίας,

2223 3609 2317 3660 καὶ
2341 3608 2404 3660 ἐν⁴
2426 3608 2600 3677 ἀγορᾷ
2625 3608 2763 3678 μέσῃ
2794 3607 2973 3677 δῆλον,
3012 3608 3102 3661 καὶ
3130 3606 3333 3661 τούτων
3357 3607 3508 3660 οὐδὲν
3531 3610 3559 3661 ό
3594 3609 3808 3679 θραύων

2222 3697 2409 3752 ἀσεϐεῖ
2427 3717 2438 3728 σ
2465 3699 2524 3750 τὸ
2548 3699 2604 3750 δέ
2625 3697 2883 3768 μυστικὸν
2905 3700 3180 3770 ποτήριον,
3208 3697 3254 3762 ὃ,
3276 3698 3376 3751 κᾶν
3401 3697 3648 3770 θραυσθῇ
3679 3701 3805 3770 παρ’

2225 3788 2458 3854 ἑκόντος,
2486 3789 2659 3859 ἀσεϐῆ
2695 3789 2807 3860 (18)
2856 3793 2999 3842 ποιεῖ
3028 3789 3118 3843 τὸν
3145 3791 3624 3860 ἐπικεχειρηκότα,
3661 3791 3808 3862 παρά

2228 3878 2408 3948 μόνοις
2427 3881 2539 3942 τοῖς
2563 3880 2809 3949 νομίμως
2845 3877 3176 3950 προεστῶσιν
3217 3878 3532 3948 εὑρίσκεται
3555 3895 3568 3907 ·
3601 3873 3751 3940 οὗτος
3778 3880 3807 3930 ὁ

2225 3968 2422 4038 τρόπος
2453 3969 2642 4022 τούτου
2686 3968 2780 4022 τοῦ
2832 3968 3088 4038 ποτηρίου
3147 3967 3340 4038 μόνος.
3394 3967 3552 4030 ἀλλος
3614 3967 3803 4030 οὐδείς.

2225 4058 2395 4111 Τοῦτο
2429 4059 2588 4129 ὑμεῖς
2626 4059 2873 4130 νομίμως
2927 4060 3216 4131 προπίνετε
3263 4059 3374 4121 τοῖς
3418 4058 3604 4122 λαοῖς·
3651 4056 3806 4110 τοῦτο

2225 4150 2382 4220 ὑμεῖς
2430 4151 2534 4204 ύπὺ
2568 4151 2662 4204 τοῦ
2697 4151 3146 4222 ἐκκλησιαστικοῦ
3179 4151 3400 4215 κανόνος
3431 4148 3765 4219 παρελάϐετε
3787 4166 3798 4178 ·

2224 4239 2381 4292 τοῦτο
2433 4239 2593 4308 μόνον
2660 4242 2777 4293 ἐστὶ
2821 4241 2927 4295 τῶν
2976 4242 3078 4310 τῆς
3122 4241 3414 4311 καθολικῆς
3480 4240 3800 4309 Ἐκκλησίας

2225 4329 2600 4402 προεστώτων.
2630 4330 2806 4385 Μόνον
2829 4331 2936 4404 γάρ
2959 4331 3109 4402 ὑμῶν
3135 4333 3250 4384 ἐστι
3274 4331 3560 4402 προπίνειν
3587 4331 3646 4382 τὸ
3668 4324 3803 4398 αἷμα

2223 4417 2317 4472 τοῦ
2351 4420 2619 4490 Χριστοῦ·
2666 4420 2774 4476 τῶν
2819 4421 2878 4476 δὲ
2925 4421 3095 4477 ἀλλων
3140 4421 3369 4484 οὐδενός.
3416 4421 3557 4474 Ἀλλ’
3587 4422 3707 4473 ὅσον
3743 4418 3802 4470 τὸ

553 4508 660 4562 lum
691 4507 922 4579 frangit,
951 4510 1026 4563 ita
1059 4509 1224 4564 multo
1268 4509 1441 4578 magis
1482 4508 1678 4577 impius
1711 4516 1815 4569 est,
1859 4505 1950 4575 qui
1991 4519 2119 4558 san-

2227 4511 2487 4580 μυστικὸν
2510 4511 2860 4583 όθλάων(19)
2897 4513 3121 4582 ἀσεϐὴς,
3157 4510 3410 4565 τοσοῦτον
3444 4510 3802 4578 ἀσεϐέστερος

550 4600 767 4667 guinem
793 4600 995 4656 Christi
1024 4601 1348 4656 contumelia
1385 4598 1566 4653 allicit.
1606 4598 1943 4654 Contumelia
1977 4595 2119 4650 enim

552 4689 738 4757 afficit,
770 4691 868 4760 qui.
905 4701 1101 4762 praeter
1141 4690 1567 4747 ecclesiasticam
1603 4689 1774 4758 legem
1814 4687 1942 4741 illud
1990 4688 2120 4756 agit.

553 4782 570 4847 (
592 4779 715 4836 Haec
740 4790 918 4835 autem
945 4797 1010 4838 eo
1031 4781 1276 4847 dicimus,
1308 4796 1414 4837 non
1450 4781 1592 4850 quod
1632 4777 1712 4832 vel
1753 4777 2122 4832 schismatico-.

555 4888 671 4924 rum
708 4872 955 4940 poculum
990 4888 1018 4926 a
1074 4872 1302 4928 Macario
1344 4872 1678 4928 confractum
1712 4871 1803 4932 sit,
1839 4870 1932 4923 sed
1978 4869 2122 4937 quod

556 4964 626 5016 ibi
667 4963 867 5018 nullum
899 4967 1118 5019 omnino
1142 4964 1335 5020 fuerit:
1365 4963 1637 5033 quomodo
1668 4962 1810 5015 enim
1841 4959 2122 5024 adfuisset,

554 5070 674 5108 cum
709 5069 882 5124 neque
899 5055 1048 5111 locus
1065 5064 1206 5111 esset
1237 5054 1565 5121 Dominicus,
1582 5067 1681 5109 nec
1697 5051 1818 5123 quis
1839 5050 1998 5120 106
2015 5049 2120 5105 illic

623 5167 669 5197 "
696 5165 828 5221 Tob.
856 5182 953 5232 xu,
981 5167 1032 5224 7.
1109 5168 1161 5199 ⁷⁸
1185 5166 1373 5223 Matth.
1411 5181 1503 5234 vn,
1539 5167 1591 5220 6.

2226 4601 2254 4654 ὁ
2283 4601 2579 4673 ἐνυϐρίζων
2616 4601 2676 4654 τὸ
2701 4596 2841 4673 αἷμα
2887 4602 2979 4656 τοῦ
3010 4602 3276 4673 Χριστοῦ·
3314 4599 3589 4672 ἐνυϐρίζει
3623 4600 3728 4670 γάρ
3773 4600 3801 4653 ό

2226 4692 2377 4763 παρά
2405 4693 2496 4747 τὸν
2543 4694 2994 4765 ἐκκλησιαστικὸν
3038 4695 3237 4766 θεσμὸν
3274 4692 3434 4748 τοῦτο
3467 4691 3658 4747 ποιῶν.
3695 4689 3800 4746 Καὶ

2222 4785 2396 4838 ταῦτά
2422 4803 2599 4856 φαμεν
2621 4785 2753 4857 (19⁸)
2782 4789 2879 4856 ούχ
2906 4789 2987 4840 ὅτι
3006 4787 3108 4841 κᾶν
3142 4784 3514 4857 σχισματικῶν
3547 4785 3800 4855 ποτήριον

2225 4873 2519 4927 κέκλασται
2564 4876 2714 4948 παρά
2765 4876 3073 4946 Μακαρίου,
3103 4875 3215 4929 ἀλλ’
3239 4877 3320 4929 ὅτι
3372 4875 3538 4946 μηδὲν
3567 4871 3635 4945 ἦν
3668 4874 3799 4935 ὅλως

2226 4966 2377 5018 ἐκεῖ·
2414 4968 2531 5030 πῶς
2581 4969 2726 5040 γάρ;
2762 4970 2894 5022 ὅπου
2937 4970 3075 5040 μήτε
3125 4969 3290 5033 τόπος
3317 4970 3627 5039 Κυριακῆς,
3665 4967 3796 5037 μήτε

2220 5071 2305 5120 τις
2345 5058 2462 5119 ἐκεῖ
2498 5060 2595 5129 τῆς
2643 5061 2996 5130 Ἐκκλησίας,
3024 5060 3161 5115 ἀλλά
3210 5062 3349 5130 μήτε
3388 5061 3427 5113 ὁ.
3460 5060 3650 5131 καιρὸς
3699 5075 3797 5125 μυη

625 5285 738 5353 (14)
765 5286 840 5340 fta
863 5294 918 5340 et
947 5289 1078 5355 Reg.
1106 5297 1158 5342 et
1188 5289 1266 5343 sic
1290 5288 1594 5355 legendum,
1628 5293 1685 5339 ut
1708 5293 1873 5355 patet.
1906 5283 2044 5340 Editi
2079 5291 2134 5340 et
2235 5285 2328 5340 καί
2353 5286 2534 5342 habet.

555 5356 645 5408 alii
679 5372 831 5419 mss.,
860 5357 952 5409 ὐπ’
986 5357 1170 5421 αὐτόν,
1201 5356 1476 5411 mendose.

633 5425 745 5494 (15)
766 5425 922 5497 Reg,
941 5427 1216 5497 Ἀχελλᾶν.
1243 5426 1362 5482 Mox
1382 5427 1543 5497 idem,
1562 5424 1960 5497 διαϐάλλοντες.
1992 5423 2131 5497 Pau-

557 5494 605 5566 lo
623 5492 738 5566 post
755 5492 1082 5566 ideingque'm
1103 5498 1152 5551 in
1173 5499 1273 5552 hoc
1299 5495 1596 5566 sequimur,
1618 5495 1783 5547 αὑτοῦ
1801 5493 1891 5547 τοῦ
1915 5492 2091 5562 βασιλ.
2113 5509 2128 5556 ;

557 5565 608 5616 in
641 5565 797 5619 editis
825 5563 917 5617 τοῦ
947 5566 1113 5620 dceSl.

629 5635 740 5698 (16)
772 5633 900 5701 Reg.
915 5673 930 5696 ,
956 5635 1137 5688 οἰκῶν.

628 5700 880 5770 (17)Μέν
923 5703 1110 5758 deerat
1165 5708 1214 5760 in
1265 5708 1444 5767 editis,
1496 5720 1592 5759 nos
1627 5719 1689 5756 ex
1732 5701 1864 5766 Reg.
1918 5709 1970 5752 ct
2029 5700 2129 5751 Bu-

561 5771 646 5826 sil.
688 5787 873 5826 sumus
939 5777 1185 5829 mutuati.
1246 5776 1361 5830 Mox
1430 5787 1553 5829 ante
1617 5774 1757 5824 κατά
1809 5771 1935 5840 licg.
1989 5771 2134 5824 solus

2307 5355 2512 5425 (18)|ta
2548 5354 2706 5425 Reg.,
2749 5362 2804 5410 et
2837 5353 3054 5425 quidem
3091 5364 3255 5425 recte.
3287 5353 3452 5409 Basil.
3489 5367 3618 5408 vero
3641 5352 3802 5425 [va

2234 5422 2502 5496 θραῦσθαι
2545 5422 2898 5496 ἀρ”ἐκόντος,
2927 5424 3118 5495 ἀσεϐῆ.
3149 5424 3309 5489 Editi,
3335 5426 3416 5479 ὅτι
3452 5426 3518 5479 ἂν
3570 5422 3800 5492 θραῦσαι

2235 5493 2323 5561 ἀρ’
2361 5493 2499 5548 ἑκών
2526 5493 2845 5564 τις,ᾼάσεϐἦ.

2305 5565 2418 5635 (l9)
2447 5565 2603 5635 περ..
2629 5562 2855 5618 θλάνων.

2306 5632 2537 5702 (19³)1ιο
2557 5633 2908 5701 Reg.,raateri
2928 5648 3056 5688 vero
3072 5649 3192 5690 cum
3226 5632 3352 5688 editi
3401 5642 3510 5686 tum
3543 5644 3666 5685 mss.
3698 5643 3802 5698 pro

2238 5704 2437 5775 φαμέν,
2478 5703 2576 5773 μέν
2605 5712 2808 5757 tantum
2838 5703 3056 5758 habent.
