4006 6524
219 392 304 461 2'39

1323 398 1666 456 APOLOGIA
1706 397 1978 454 CONTRA
2023 394 2341 452 ARIANOS.

3331 387 3437 439 970

222 516 437 587 στηρίων
461 510 530 587 ἦν
556 532 571 581 ;
600 510 765 580 Οὗτος
820 516 877 570 δέ
923 518 1075 571 ἐστιν
1110 520 1139 572 ὁ
1178 518 1613 590 πολυθρύλλητος
1660 519 1775 589 (‘20)

1899 518 2294 581 'cclesiasticus,
2334 514 2429 570 sed
2480 525 2653 582 neque
2688 518 2901 580 tempus
2937 506 3314 581 mysteriorum
3353 522 3439 562 es-

233 604 475 676 ’1σχύρας,
514 608 543 658 ὁ
571 607 707 677 μήτε
734 606 839 660 ὑπὸ
862 608 962 679 τῆς
1004 608 1327 679 Ἐκκλησίας
1352 607 1767 680 χειροτονηθεὶς,

224 696 301 751 καὶ
321 697 407 748 ὅτε
445 697 572 759 τοὺς
597 694 700 749 ὑπὸ
734 697 994 751 Μελετίου
1023 699 1461 762 κατασταθέντας
1474 698 1769 771 πρεσϐυτέ-

228 804 334 858 ρους
376 785 726 858 Ἀλέξανδρος
746 788 976 858 ἐδέχετο,
1004 790 1135 861 μηδέ
1170 791 1396 854 ἐκείνοις
1441 791 1774 860 συναριθμη-

225 877 346 939 θείςο
373 876 545 939 οὕτως
564 877 684 929 οὐδὲ
710 879 917 933 ἐκεῖθεν
943 879 1265 950 κατεστάθη.

283 1049 358 1103 ΙΞ.
392 1050 564 1103 Πόθεν
592 1046 687 1104 οὖν
723 1052 1087 1124 πρεσϐύτερος
1124 1053 1403 1123 ’1σχύρας;
1434 1053 1576 1115 τίνος
1610 1069 1775 1106 κατα-

227 1141 534 1209 στήσαντοςς
569 1140 677 1213 ἆρα
708 1142 1005 1197 Κολλούθου
1037 1160 1052 1209 ;
1082 1144 1191 1214 (ii)
1217 1144 1374 1197 τοῦτο
1420 1143 1528 1215 γὰρ
1569 1143 1773 1207 λοιπόν.

236 1228 355 1283 Ἀλλ’
385 1232 466 1284 ὅτι
492 1232 793 1295 Κόλλουθος
822 1234 1188 1306 πρεσϐύτερος
1221 1236 1296 1287 ὢν
1327 1235 1662 1305 ἐτελεύτησε,
1684 1238 1777 1289 καὶ

226 1324 351 1375 πᾶσα
376 1324 496 1395 χεὶρ
525 1324 688 1377 αὑτοῦ
717 1326 935 1393 γέγονεν
966 1326 1186 1398 ἄκυρος,
1228 1330 1322 1381 καὶ
1348 1328 1544 1391 πάντες
1575 1330 1623 1381 oi
1650 1330 1777 1400 παρ’

226 1412 367 1466 αὐτοῦ
394 1414 831 1479 κατασταθέντες
865 1418 923 1469 ἐν
952 1417 1028 1489 τῷ
1054 1418 1312 1487 σχίσματι
1353 1418 1460 1488 (‘22)
1487 1418 1664 1471 λαῖκοὶ
1691 1435 1780 1486 γε-

226 1503 415 1570 γόνασι,
443 1506 538 1557 καὶ
576 1505 718 1558 οὕτω
774 1506 1111 1575 συνάγονται,
1141 1502 1317 1577 δῆλον,
1354 1510 1446 1561 καὶ
1479 1509 1651 1561 οὐδενὶ
1684 1526 1780 1562 κα-

229 1593 468 1664 θέστηκεν
496 1595 816 1667 ἀμφίϐολον,
849 1598 972 1661 Πῶς
997 1595 1089 1651 οὖν
1125 1598 1336 1670 ἰδιώτης
1367 1599 1668 1669 ἄνθρωπος,
1687 1599 1781 1651 καὶ

229 1682 449 1736 οἰκίσκον
486 1684 655 1738 οἰκῶν
705 1685 989 1749 ἰδιωτικὸν,
1038 1687 1292 1757 ποτήριον
1322 1686 1479 1756 ἐχειν
1524 1685 1780 1756 μυστικὸν

232 1773 574 1845 πιστευθείης
631 1774 767 1829 ἀλλὰ
815 1775 938 1829 τότε
992 1776 1083 1829 τὸν
1148 1775 1361 1846 ἰδιώτην
1416 1775 1781 1847 πρεσϐύτερον

1879 609 2023 679 set?)
2056 607 2103 663 is
2137 616 2315 663 autem
2345 614 2429 662 est
2452 604 2691 658 famosus
2726 600 2813 657 ille
2833 600 3099 672 Ischyras,
3118 598 3206 668 qni
3237 612 3337 652 nec
3374 596 3440 651 ab

1880 698 2121 753 Ecclesia
2153 697 2437 753 ordinatus
2466 704 2571 760 est,
2602 706 2800 762 neque,
2837 705 2958 745 cum
3006 690 3439 759 presbyterorum

1880 805 1909 843 a
1941 788 2152 844 Meletio
2173 785 2862 844 ordinatorumAlexander
2882 780 3185 850 catalogum
3217 778 3440 859 recepit,

1882 880 1949 935 iis
1980 879 2067 934 ille
2115 887 2499 933 annumeratus
2525 883 2641 942 est;
2672 882 2726 930 et
2756 874 2834 929 sic
2868 884 3040 941 neque
3076 870 3200 924 hinc
3222 868 3440 923 ordina-

1883 972 2078 1025 tionem
2103 970 2353 1025 habuisse
2384 968 2574 1038 potuit.

1956 1060 2043 1116 l2.
2097 1060 2246 1116 Unde
2288 1060 2449 1130 igitur
2495 1058 2774 1128 presbyter
2807 1050 3107 1123 lschyras?
3151 1063 3251 1119 quo
3308 1047 3449 1101 ordi-

1883 1152 2087 1209 name?
2109 1167 2234 1205 num
2263 1148 2551 1205 Colintbo?
2580 1148 2633 1203 id
2662 1146 2803 1207 enim
2850 1143 3021 1198 solum
3062 1148 3252 1197 restat.
3283 1139 3445 1207 Atqui

1885 1241 2235 1304 Coiluthum,
2280 1237 2653 1309 presbyterum
2710 1235 2931 1301 obiisse,
2977 1233 3271 1301 ambasque
3329 1230 3447 1298 ejus

1887 1347 2077 1387 manus
2105 1332 2221 1386 sine
2244 1330 2568 1384 auctoritate
2616 1312 2800 1393 fuisse,
2831 1339 2894 1379 ac
2922 1338 3107 1379 omnes
3145 1323 3233 1391 qui
3291 1321 3357 1375 ab
3385 1336 3449 1373 co

1887 1423 2194 1480 schismatis
2221 1432 2460 1490 tempore
2504 1420 2737 1474 ordinati
2766 1426 2908 1483 sunt,
2938 1416 3004 1471 ad
3048 1415 3303 1470 laicorum
3341 1423 3451 1467 sta-

1890 1525 1999 1569 tum
2037 1514 2286 1569 redactos
2327 1512 2399 1566 ita
2447 1510 2802 1567 conventibus
2858 1509 3150 1573 interesse,
3202 1506 3453 1560 omnibus

1890 1616 2097 1669 notum,
2128 1619 2191 1658 ac
2222 1603 2347 1656 nulli
2384 1590 2604 1656 dubium
2639 1609 2738 1655 est.
2769 1598 3047 1666 Quomodo
3082 1594 3246 1665 igitur
3276 1595 3454 1664 priva-

1892 1705 1976 1750 tus
2002 1695 2182 1759 homo,
2212 1694 2263 1746 in
2290 1692 2495 1761 privata
2521 1690 2681 1745 domo
2708 1688 2977 1751 habitans,
2995 1684 3246 1755 poculum
3266 1685 3455 1754 mysti—

1890 1800 2011 1840 cum
2042 1784 2241 1845 habere
2293 1782 2545 1837 credatur
2575 1781 2599 1833 ?
2630 1779 2734 1834 Sed
2766 1787 2893 1834 tunc
2938 1776 3012 1833 illi
3060 1776 3326 1847 privatum
3364 1776 3459 1830 ho-

231 1862 509 1932 ὠνόμαζον,
536 1864 633 1916 καὶ
657 1864 754 1933 τὴν
782 1864 1150 1936 προσηγορίαν
1177 1863 1324 1936 αύτῷ
1349 1863 1553 1933 ταύτην
1582 1862 1670 1916 διὰ
1694 1862 1791 1934 τὴν

1899 1876 2091 1930 minem
2131 1873 2507 1943 presbyterum
2540 1866 2969 1940 appellabant,et
2989 1869 3091 1923 hoc
3116 1866 3454 1930 vocabulum,

233 1955 333 2009 καθ’
366 1956 525 2026 ἡμῶν
558 1957 770 2010 ἀδικίαν
805 1957 1139 2029 ἐχαρίζοντο,
1190 1958 1283 2012 καὶ
1335 1956 1431 2009 νῦν
1476 1957 1662 2028 μισθὸν
1691 1958 1788 2026 τῆς

234 2047 543 2118 κατηγορίας
565 2048 861 2118 ἐκκλησίας
890 2049 1173 2120 οἰκοδομὴν
1208 2048 1573 2120 προξενοῦσιν.
1603 2049 1789 2112 Οὕτως

235 2138 319 2189 οὐκ
348 2133 493 2207 εἶχεν
516 2138 812 2208 ἐκκλησίαν
845 2139 1146 2211 ἄνθρωπος,
1184 2140 1315 2193 ἀλλὰ
1352 2139 1538 2211 μισθὸν
1566 2140 1665 2209 τῆς
1694 2158 1790 2193 κα-

233 2226 465 2297 κοηθείας
484 2229 583 2282 καὶ
614 2232 715 2299 τῆς
744 2230 880 2300 πρὸς
905 2231 1002 2298 τὴν
1023 2231 1353 2301 κατηγορίαν
1389 2231 1654 2300 ὑπακοῆς·
1695 2230 1789 2284 νῦν

233 2319 289 2387 ην
315 2319 410 2372 οὐκ
440 2316 555 2390 εἷχε
587 2320 876 2390 λαμϐάνει,
912 2322 1004 2374 καὶ
1040 2322 1181 2390 τάχα
1220 2322 1314 2375 καὶ
1344 2323 1647 2394 ἐπισκοπὴν
1666 2324 1791 2375 άντ-

235 2411 401 2465 έδοσαν
452 2412 606 2484 αὑτῷ
661 2414 805 2483 (25)°
842 2414 1012 2468 ταῦτα
1043 2413 1151 2484 γὰρ
1182 2413 1367 2484 θρυλεῖ
1409 2415 1655 2485 περιιὼν,
1701 2417 1794 2468 καὶ

235 2503 355 2555 οὕτω
385 2503 507 2557 καθ’
540 2504 699 2574 ἡμῶν
734 2504 1066 2575 βρενθύεται.
1108 2504 1261 2557 Οὕτω
1286 2504 1468 2557 λοιπὸν
1495 2507 1794 2577 τηλικαῦτα

238 2592 423 2646 ἔπαθλα
457 2595 629 2665 ,παρὰ
658 2595 766 2648 τῶν
818 2596 1131 2649 ἐπισκόπων
1180 2597 1293 2659 τοῖς
1328 2598 1652 2667 κατηγόροις
1703 2598 1795 2650 καὶ

240 2676 587 2751 συκοφάνταις
621 2684 972 2755 προστίθεται
998 2702 1011 2716 ·
1048 2685 1291 2749 εἰκότως,
1332 2687 1379 2738 οἰ
1405 2686 1513 2756 γὰρ
1539 2685 1795 2756 συνεργὸν

239 2776 305 2837 είς
331 2774 364 2827 ἃ
403 2774 596 2845 ἤθελον
651 2776 813 2829 αὑτὸν
856 2777 1169 2847 ἐσχηκότες,
1201 2776 1277 2838 ὡς
1315 2777 1425 2829 τῶν
1457 2777 1794 2846 πραγμάτων

241 2867 491 2931 κοινωνὸν,
522 2866 667 2919 οὕτω
702 2868 797 2920 καὶ
832 2868 930 2937 τῆς
973 2866 1162 2937 ὁμοίας
1188 2867 1491 2936 ἐπισκοπῆς
1536 2868 1792 2935 ἠξίωσαν.

252 2955 393 3009 Ἀλλὰ
420 2957 586 3027 μήπω
605 2957 800 3022 ταῦτα,
835 2957 914 3010 ἐτι
942 2959 999 3011 δέ
1030 2958 1127 3023 τὰς
1174 2958 1341 3023 ἀκοὰς
1374 2961 1484 3022 τοῖς
1511 2959 1630 3011 τότε
1661 2976 1800 3029 πρα-

244 3044 395 3113 χθεῖσι
429 3050 559 3119 παρ’
588 3048 769 3102 αὐτῶν
802 3047 993 3103 ἐνδοτε.

306 3221 383 3275 13.
402 3202 508 3295 ’Μὴ
537 3225 855 3297 δυνηθέντες
878 3227 1012 3297 πρὸς
1043 3227 1139 3298 τὴν
1165 3227 1438 3299 ἀλήθειαν,
1471 3229 1645 3283 καίτοι
1679 3230 1798 3282 κατ’
1826 3200 1869 3257 C

246 3311 395 3381 αὐτῆς
426 3318 960 3387 παρεσκευασμένοι,
1004 3319 1100 3373 καὶ
1144 3321 1205 3371 ἐν
1242 3319 1403 3390 Τύρῳ
1453 3321 1617 3392 μηδὲν
1668 3321 1802 3373 ἁπο-

245 3402 494 3469 δείξαντος
534 3406 769 3478 Ἰσχύρα,
794 3407 931 3461 ἀλλὰ
959 3409 1292 3478 συκοφάντου
1324 3409 1800 3479 δεικνυμένου,καὶ

247 3494 332 3564 τὴν
377 3497 646 3569 συσκευὴν
678 3498 856 3551 αὐτῶν
886 3501 983 3570 τῆς
1036 3501 1399 3569 συκοφαντίας
1424 3500 1674 3573 λυούσης,
1721 3504 1805 3564 είς

250 3586 530 3662 ἀποδείξεις
588 3590 700 3660 (24)
760 3590 1135 3661 ὑπερτίθενται
1160 3629 1175 3651 ,
1238 3591 1331 3644 καὶ
1379 3591 1800 3659 ἐπαγγέλλονται

250 3677 463 3747 πέμψειν
488 3679 549 3743 ἐξ
582 3681 790 3734 ἑαυτῶν
817 3681 942 3745 τοὺς
968 3683 1108 3736 κατά
1145 3684 1450 3755 Μαρεώτην
1486 3685 1805 3757 πολυπραγ-Δ

253 3769 581 3839 μονήσοντας.
618 3772 728 3824 Καὶ
764 3770 858 3835 οὒς
904 3773 1063 3843 ἡμεῖς
1114 3774 1503 3844 παρῃτούμεθα
1549 3776 1801 3847 φανερῶς

251 3857 323 3911 διὰ
349 3861 547 3923 πολλὰ,
590 3863 682 3916 καὶ
726 3862 802 3925 ὡς
846 3862 914 3915 τὰ
954 3864 1161 3934 Ἀρείου
1192 3866 1538 3935 φρονοῦντας,
1579 3867 1673 3920 καὶ
1715 3868 1804 3920 διὰ

252 3946 389 4001 τοῦτο
419 3952 576 4020 ἡμῶν
605 3951 851 4021 ἐχθροὺς,
886 3952 1211 4007 ἀπέστειλαν
1244 3956 1395 4008 αὐτοὶ
1423 3954 1624 4025 κρύφα,
1660 3955 1805 4025 χρώ-

256 4053 386 4104 μενοι
414 4044 477 4111 τῇ
523 4041 834 4113 δυναστείᾳ,
859 4044 1245 4114 Διόγνιον(25),
1278 4048 1477 4118 Μάριν,
1511 4049 1803 4122 Θεόδωρον,

254 4124 586 4190 Μακεδόνων,
614 4128 707 4181 δύο
739 4129 1036 4211 νεωτέρους
1067 4131 1163 4202 τὴν
1195 4133 1407 4202 ἡλικίαν
1429 4136 1524 4187 καὶ
1568 4136 1656 4201 τὸν
1685 4137 1809 4206 τρό-

254 4233 361 4281 πον,
412 4219 719 4290 Οὺρσάκιον
767 4221 861 4274 καὶ
913 4221 1123 4293 Οὐάλην
1174 4224 1280 4276 ἀπὸ
1331 4226 1661 4288 Παννονίας’
1713 4228 1809 4281 καὶ

253 4297 383 4360 οὗτοι
429 4310 567 4380 μετὰ
620 4310 721 4381 τὴν
764 4312 1031 4383 τοσαύτην
1071 4313 1208 4378 ὁδὸν,
1245 4316 1310 4384 ἣν
1346 4316 1664 4386 ὑπέμειναν,
1722 4318 1808 4371 ἵνα

254 4394 496 4453 δικάσωσι
523 4400 601 4472 τῷ
635 4401 834 4473 ἐχθρῷ,
862 4402 1022 4456 πάλιν
1050 4404 1157 4457 ἀπὸ
1174 4405 1349 4477 Τύρου
1379 4409 1473 4461 καὶ
1512 4411 1591 4474 είς
1632 4410 1808 4476 Ἀλεξο

1889 1976 1945 2021 ιιι
1966 1967 2087 2021 hinc
2114 1964 2309 2032 injuste
2335 1978 2432 2018 nos
2459 1971 2737 2027 vexarent,
2759 1961 2859 2032 ipsi
2884 1959 3203 2024 tribuebant,
3230 1968 3283 2013 et
3314 1970 3457 2011 nunc

1890 2058 1941 2111 in
1969 2055 2329 2111 accusationis
2361 2051 2685 2115 mercedem,
2712 2050 2883 2105 eidem
2911 2050 3007 2120 ipsi
3043 2050 3284 2105 ecclesia:
3326 2063 3457 2103 con-

1889 2148 2235 2203 structionem
2272 2143 2588 2200 concedunt.
2620 2141 2760 2213 Ergo
2789 2141 3069 2196 ecclesiam
3104 2141 3187 2196 vir
3221 2140 3308 2194 ille
3347 2154 3454 2194 non

1890 2239 2076 2293 habuit
2104 2256 2118 2304 ;
2148 2236 2245 2305 sed
2296 2236 2405 2306 jam
2437 2235 2490 2288 in
2523 2233 2823 2311 mercedem
2852 2231 3219 2300 malignitatis,
3256 2246 3319 2284 ac
3347 2246 3457 2284 suae

1890 2330 1944 2384 in
1971 2329 2274 2383 accusando
2303 2325 2670 2394 obsequentia:
2703 2338 2865 2393 quam
2898 2337 3003 2377 non
3052 2322 3281 2377 habebat
3316 2323 3459 2379 acci-

1892 2422 1997 2490 pit,
2030 2428 2085 2475 et
2142 2418 2371 2473 fortasse
2425 2417 2498 2472 illi
2557 2416 2721 2470 etiam
2779 2416 3119 2486 episcopatus
3181 2412 3457 2481 prmmium

1894 2510 2172 2567 contulere
2204 2526 2217 2560 :
2250 2508 2303 2563 id
2336 2508 2477 2563 enim
2506 2507 2593 2563 ille
2622 2507 3041 2577 circumquaque
3065 2502 3273 2571 iactitat
3302 2510 3356 2557 ct
3379 2503 3460 2577 ita

1896 2606 2177 2658 adversum
2209 2617 2308 2657 nos
2338 2609 2654 2670 arroganter
2681 2597 2810 2668 agit.
2840 2595 3012 2652 Tanta
3042 2596 3293 2649 nimirum
3326 2607 3463 2662 prte-

1897 2697 1999 2749 mia
2031 2692 2496 2750 obtrectatoribus
2525 2700 2579 2745 et
2612 2688 2958 2761 sycophantis
2982 2688 3048 2742 ab
3075 2685 3342 2755 episcopis
3371 2684 3465 2739 de-

1897 2786 2160 2848 feruntur,
2211 2793 2265 2837 et
2297 2781 2490 2836 merito
2520 2780 2775 2849 quidem;
2820 2791 2976 2847 quem
3024 2776 3164 2831 enim
3198 2775 3273 2829 illi
3312 2772 3464 2842 adju-

1900 2886 2070 2930 torem
2099 2875 2179 2929 sui
2207 2872 2463 2944 propositi
2504 2870 2645 2923 nacti
2677 2875 2822 2933 sunt,
2852 2881 2973 2922 eum
3007 2874 3189 2933 utpote
3225 2864 3466 2933 negotio-~

1901 2982 2018 3020 rum
2039 2959 2548 3027 socium,consimiii
2572 2958 2883 3026 episcopatu
2914 2955 3199 3009 donavere.
3228 2953 3331 3007 Sed
3358 2967 3463 3005 non

1900 3070 1964 3110 eo
1999 3068 2086 3108 res
2113 3050 2308 3107 desinit
2348 3067 2361 3116 ;
2395 3062 2578 3102 aurem
2626 3045 2802 3100 adhuc
2844 3043 3078 3114 praebete
3126 3042 3192 3097 iis
3239 3057 3355 3111 qua:
3397 3043 3466 3095 ab

1902 3146 2004 3200 illis
2034 3154 2158 3199 tunc
2182 3149 2327 3211 gesta
2358 3148 2505 3194 sunt.

1976 3237 2063 3292 13.
2098 3234 2230 3289 Cum
2271 3232 2438 3302 igitur
2466 3230 2519 3285 in
2548 3228 2830 3284 veritatem
2876 3225 3166 3297 prmvalere
3206 3238 3311 3279 non
3344 3237 3468 3293 pos—

1905 3337 2046 3392 sent,
2079 3339 2383 3395 quanquam
2435 3321 2691 3375 adversus
2754 3319 2897 3373 illam
2941 3333 3059 3373 sese
3101 3319 3464 3372 adornarant:

1906 3430 2102 3475 etcum
2120 3415 2243 3488 Tyri
2272 3414 2405 3470 nihil
2438 3414 2679 3483 lschyras
2706 3412 2933 3479 probare
2955 3408 3235 3479 potuisset,
3266 3406 3357 3461 sed
3381 3421 3469 3475 sy-

1908 3511 2171 3581 e0phanta
2195 3506 2705 3578 deprehenderetur,
2727 3520 2789 3558 ac
2818 3502 3047 3572 ipsamet
3068 3500 3180 3569 ejus
3201 3498 3467 3553 calumnia

1905 3616 2089 3658 eorum
2113 3599 2565 3670 conspirationem
2589 3606 2889 3661 everteret;
2913 3605 2971 3649 ut
2999 3608 3132 3648 nova
3156 3600 3469 3661 argumenta

1908 3697 2242 3758 comparent,
2275 3690 2543 3757 negotium
2565 3687 2920 3755 suspendunt,
2957 3699 3019 3739 ac
3062 3682 3380 3752 pollicentur
3414 3692 3473 3732 se

1908 3795 1973 3834 ex
2019 3780 2130 3834 suis
2164 3778 2366 3848 aliquot
2417 3778 2506 3846 qui
2549 3793 2658 3831 rem
2708 3776 3016 3847 diligentius
3046 3774 3386 3841 explorarent
3418 3770 3471 3823 in

1911 3870 2200 3925 Mareotem
2233 3870 2511 3924 missuros.
2533 3867 2676 3934 Quos
2701 3876 2879 3922 autem
2912 3881 3006 3920 nos
3026 3865 3204 3918 multis
3239 3866 3305 3917 de
3341 3877 3473 3915 cau-

1912 3962 1986 4017 sis
2016 3961 2190 4031 palam
2219 3959 2617 4023 recusavimus,
2639 3966 2691 4013 et
2722 3959 2864 4026 quod
2896 3971 3015 4011 cum
3048 3954 3175 4008 Ario
3195 3953 3472 4015 sentirent,

1913 4066 1976 4107 ac
2010 4051 2231 4120 proinde
2264 4050 2463 4105 inimici
2501 4049 2667 4104 nostri
2694 4058 2903 4111 essent;
2933 4047 3033 4100 hos
3063 4045 3158 4110 illi,
3198 4041 3475 4113 tyrannica

1916 4142 1995 4195 usi
2030 4150 2315 4211 potestate,
2342 4140 2476 4195 clam
2509 4141 2703 4194 misere
2736 4138 3040 4208 Diognium,
3074 4136 3265 4196 Marin,
3296 4133 3474 4186 Theo-

1917 4233 2126 4299 dorum,
2178 4232 2574 4295 Macedonium,
2618 4231 2861 4297 duosque
2916 4235 3075 4282 aetate
3129 4233 3181 4279 et
3241 4220 3478 4275 moribus

1910 4323 2153 4394 iuniores
2177 4322 2461 4378 Ursacium
2484 4332 2537 4376 et
2562 4321 2843 4375 Valentem
2878 4320 2931 4372 in
2963 4316 3239 4372 Pannonia
3271 4312 3479 4381 episco-

1917 4430 2032 4486 pos,
2074 4416 2165 4485 qui
2198 4424 2317 4486 post
2361 4413 2494 4467 tanti
2527 4412 2734 4466 itineris
2765 4411 2996 4475 labores,
3034 4405 3234 4462 inimici
3275 4403 3354 4457 sui
3398 4400 3480 4469 ju-

316 4535 419 4616 (φο)
444 4536 583 4616 Reg.
616 4538 1037 4616 πολυθρύλητος,
1065 4548 1119 4616 et
1151 4540 1219 4594 ita
1242 4542 1440 4616 passim
1470 4543 1678 4616 θρυλὲω
1695 4561 1799 4600 cun

1919 4564 1985 4601 an
2036 4563 2164 4603 vero
2198 4543 2666 4616 indiscriminatim
2712 4544 2778 4597 ab
2830 4538 3087 4609 antiquis,
3132 4534 3392 4598 Μελέτιος
3425 4543 3481 4590 et

258 4604 500 4685 derivatis
533 4604 849 4685 etiarn-nico
874 4604 988 4662 λ’ἰιι
1021 4612 1207 4685 eodem
1242 4604 1435 4666 'codice
1472 4604 1803 4672 scribuntur.

259 4671 529 4747 Existimat
578 4675 978 4731 Felckmannus
1030 4678 1147 4732 haec
1208 4695 1329 4733 cum
1382 4671 1809 4747 praecedentibus

262 4744 679 4823 nnn'cohagrcre,
706 4757 868 4823 atque
887 4749 1020 4823 adeo
1046 4744 1506 4823 corttgxttiniesse
1536 4751 1807 4817 mutilum,

259 4811 339 4880 sed
372 4812 675 4879 immerito;
730 4811 843 4869 haec
893 4816 1034 4869 enim
1069 4835 1084 4870 :
1130 4811 1300 4880 Οὗτος
1328 4817 1385 4869 δέ
1419 4820 1564 4871 ἐστιν
1595 4819 1623 4869 ὁ
1649 4811 1812 4873 πολυζ

259 4877 573 4967 ρρύλλητοςη
612 4877 982 4967 superioribus
1038 4894 1162 4967 sunt
1218 4877 1513 4967 referenda.
1564 4888 1809 4967 ’Equpio

384 4946 489 5034 γὰρ
549 4953 578 5004 ὁ
605 5028 617 5034 ⁸
642 4946 794 5034 παρά
826 4954 914 5034 τον
951 4956 1400 5034 ἐκκλησιαστικδν
1442 4956 1648 5034 θεσμὸν.
1691 4946 1814 5034 τοῦ·

259 5024 544 5093 το-ποιῶν,
602 5024 924 5093 intermedia
984 5024 1115 5080 vero
1158 5026 1460 5093 parenthesi
1493 5024 1807 5082 claudenda.

320 5086 480 5160 Paulo
543 5100 668 5160 post
714 5091 999 5157 Μελετίου,
1038 5094 1108 5146 ita
1159 5086 1291 5148 inse.
1350 5110 1537 5149 omnes
1592 5104 1647 5149 et.
1681 5098 1810 5152 edit.

261 5155 504 5226 Commel.
543 5155 753 5215 'Editio
815 5155 993 5214 autem
1047 5163 1392 5226 Parisiensis,
1440 5164 1697 5220 Μελιτίου
1722 5167 1815 5219 ha-

259 5225 339 5311 ρει
376 5246 389 5282 :
440 5238 703 5311 putarunt
726 5243 930 5311 nempe
959 5233 1194 5286 editores
1214 5248 1350 5311 _cum
1381 5225 1539 5311 '_aiias
1562 5232 1673 5289 fere
1697 5236 1813 5311 iide-

260 5296 407 5379 λίτιος
443 5296 687 5379 legatur,
725 5299 797 5352 ita
850 5301 936 5353 hic
960 5316 1171 5379 quoque
1212 5302 1493 5379 legendum
1541 5304 1816 5379 esse.__Nos

261 5377 375 5445 vero
393 5368 681 5445 lectionem
711 5368 1550 5445 manuscriptorumretinemus.
1578 5383 1631 5425 et
1660 5372 1819 5426 Mele-

259 5436 379 5513 tium
403 5452 618 5513 semper
632 5436 827 5513 Latine
856 5438 1167 5513 scribinms,
1190 5440 1400 5513 _in_hoc
1424 5442 1688 5513 Auctores
1718 5441 1817 5513 La:

261 5507 392 5580 tinos
420 5507 734 5580 athenasio
766 5522 978 5580 coaevus
1010 5509 1225 5580 imitati.
1260 5510 1521 5580 Evagrius
1552 5524 1700 5565 certe
1722 5512 1814 5580 qui

258 5572 461 5652 Qntonii
491 5577 758 5652 vitarr_1_ah
784 5572 1463 5652 Athanasioconscriptam
1493 5580 1681 5635 Latine
1700 5572 1818 5635 ver-

261 5643 338 5708 tit,
373 5658 587 5714 semper
626 5643 893 5705 Meletius,
922 5660 1026 5699 non
1068 5643 1335 5707 Metilius;
1369 5650 1547 5703 habet.
1581 5651 1646 5703 Et
1688 5664 1817 5704 sane

259 5723 372 5792 cuni
399 5714 691 5792 aliquanth
715 5714 1140 5792 9‘18):é‘=t05_0-llln.
1163 5733 1188 5767 ε
1237 5718 1521 5792 scribatur,
1555 5722 1815 5774 incertum

260 5794 322 5833 an
349 5781 452 5835 ἀπὸ
482 5783 573 5837 τοῦ
632 5781 920 5846 Μελετξου,
953 5784 1203 5839 Μελιτίου
1246 5789 1442 5840 scnsint
1482 5789 1673 5841 factum
1725 5790 1814 5851 sit,

1916 4617 2168 4680 Μελίτιος
2198 4617 2395 4669 dictum
2423 4615 2510 4669 sit.

1979 4686 2095 4809 821)
2118 4676 2420 4769 Κολλούθου
2447 4692 2501 4735 et
2532 4678 3004 4761 infraKdnouOog.
3034 4676 3323 4758 Sieomnes
3347 4690 3477 4729 mss.

2020 4799 2033 4809 .
2066 4764 2121 4809 et
2137 4758 2266 4809 edit.
2301 4753 2563 4807 (.ommel.
2600 4748 2739 4803 [ἰὼ-ι.
2791 4759 2965 4801 autem
3002 4747 3170 4800 Paris.
3196 4744 3331 4798 male
3371 4746 3477 4797 Κο-

1912 4744 2033 4810 cod.
2066 4744 2121 4809 ét
2137 4756 2266 4809 edit.
2301 4753 2563 4807 (Iommel.
2600 4748 2739 4803 Edit.
2791 4759 2965 4801 autem
3002 4747 3170 4800 Paris.
3196 4744 3331 4798 male
3371 4746 3480 4797 Κο-

1911 4824 2101 4878 λούθου
2134 4835 2187 4879 et
2211 4820 2478 4883 Κὸλουθος
2513 4820 2690 4874 habet.
2725 4818 2852 4872 Erat
2873 4818 2917 4871 is
2944 4816 3223 4871 Colluthns
3251 4815 3479 4884 presbyv

1913 4902 1997 4947 ter
2017 4894 2429 4951 Alexandrinus,
2459 4891 2550 4959 qui
2577 4897 2719 4942 tanta
2754 4888 2853 4941 init
2880 4887 3152 4956 superbia,
3190 4895 3247 4939 ut
3279 4885 3478 4959 adver-

1915 4979 2006 5017 sus
2026 4963 2384 5016 Alexandrum
2404 4953 2710 5028 episcopum
2735 4953 3012 5024 insurgere
3039 4970 3222 5028 ausus,
3253 4953 3483 5028 presby-

1917 5042 2061 5154 ἔθνος
2100 5030 2382 5152 orldinandi
2414 5025 2789 5084 auctoritatem
2818 5027 2917 5082 sibi
2958 5025 3246 5095 arrogarit,
3272 5025 3338 5078 de
3371 5038 3479 5092 qno

1942 5117 2091 5154 tlSlllS
2124 5116 2149 5153 a
2179 5116 2279 5154 ias.

1942 5117 2091 5156 llSlllS
2124 5116 2279 5155 atlas.

1987 5171 2101 5239 (22)
2134 5169 2288 5238 Ἆρα-ν
2319 5169 2374 5239 ὲν
2398 5167 2474 5238 τῷ
2514 5167 2782 5238 σχήματιε
2806 5167 3106 5239 aiiiomnes
3132 5163 3257 5218 editi
3288 5170 3341 5215 et
3360 5175 3475 5239 _ma-

1919 5230 2283 5307 nuscripti,Ev
2306 5238 2384 5310 τῷ
2419 5230 2696 5309 σχίσματι,
2717 5252 2878 5307 quam
2905 5236 3188 5292 lectionem
3221 5230 3372 5299 sequi
3400 5230 3481 5282 vi-

1917 5324 2034 5364 sum
2066 5320 2167 5363 est.

1997 5378 2108 5450 (23)
2142 5380 2219 5450 De
2252 5377 2469 5450 colialoA
2491 5375 2726 5450 ischyrze
2749 5376 3062 5450 episcopatu
3094 5371 3146 5425 in
3180 5365 3482 5423 mercedem

1919 5445 2201 5502 calumnia:
2232 5462 2363 5511 suae,
2391 5446 2527 5501 inira
2562 5445 2670 5513 agit
2691 5445 3038 5513 Athanasius.

1922 5585 1944 5600 δ
1989 5516 2101 5650 (ξι)
2170 5518 2247 5572 Ita
2309 5504 2442 5587 il'eg.
2497 5526 2552 5571 et
2596 5504 2770 5571 'Basil.
2834 5512 2973 5566 Editi
3026 5520 3173 5573 vero,
3226 5504 3306 5568 είς
3357 5505 3486 5558 ἀπό-

1922 5602 1993 5638 οει
2032 5604 2097 5639 ιν.

1917 5602 2097 5639 οειζιν.

1991 5643 2210 5725 ἀεὶ)οο
2234 5653 2493 5725 Diognio,
2509 5647 2922 5725 sive_:l"l_ieognio
2960 5647 3077 5725 vide
3098 5660 3215 5716 qua:
3243 5643 3476 5700 dicimus

1921 5715 2250 5795 paulo'inl'ra
2286 5715 2591 5778 adinitium
2622 5717 2870 5788 Epistula:
2892 5715 3037 5769 Jnlii.
