4006 6506
524 363 623 418 271

1086 361 1141 419 S.
1181 362 1553 418 ATHANASU
1593 363 1742 419 OPP.
1784 364 1964 419 PARS
2002 365 2044 421 Ι.
2085 395 2153 405 —
2192 361 2556 418 HISTORICA
2601 362 2687 415 ET
2726 361 3149 421 DOGMATICA.
3672 367 3778 422 272

523 468 754 534 dicandi'
775 492 938 534 causa
962 489 1257 549 susceptos,
1289 495 1500 534 rursum
1528 479 1672 551 Tyro
1712 480 2086 535 Alexandriam

2193 480 2443 550 άνδρειαν
2486 479 2805 547 ἠπείγοντοο
2860 478 2995 548 μηδέ
3053 478 3116 531 τὸ
3148 479 3422 550 μάρτυρες
3455 479 3505 532 oi
3534 480 3780 533 δικασταὶ

524 580 647 626 sunt
699 571 945 639 profecti.
971 569 1081 627 Nec
1123 582 1461 637 recusarunt,
1501 573 1621 627 licet
1648 572 1856 640 jndices
1887 583 2090 637 essent,

524 671 685 716 testes
710 663 955 727 ﬁeri,sed
990 679 1209 717 onmem
1242 664 1555 719 insidiarum
1604 665 1865 720 rationem
1907 674 2093 734 aperte

527 753 780 821 amplexi,
799 754 1018 823 quosvis
1044 755 1260 809 labores
1282 756 1589 822 itineraque
1624 756 1857 821 subiere,
1885 765 1944 810 ut
1966 771 2093 811 con-

522 841 702 898 flatam
734 845 1191 913 conspirationem
1226 844 1289 898 ad
1329 843 1585 901 effectum
1631 846 1978 901 deducerent.
2023 845 2093 899 Et

520 932 833 1002 episcopum
862 934 1075 1002 quidem
1103 934 1456 988 Athanasium
1492 936 1542 989 in
1573 944 1830 991 extranea
1874 937 2094 1005 regione

524 1020 797 1075 detentum
831 1022 1098 1091 reliquere
1134 1039 1147 1075 :
1176 1021 1277 1090 ipsi
1306 1036 1437 1076 vero
1467 1022 1519 1076 in
1554 1023 1847 1078 adversarii
1883 1025 1964 1079 sui
1998 1041 2092 1079 ur-

526 1115 644 1165 bem
674 1111 901 1181 ingressi
928 1121 1072 1177 sunt,
1099 1114 1249 1181 quasi
1272 1113 1321 1167 in
1353 1114 1647 1169 Ecclesiam
1670 1122 1726 1168 et
1756 1114 1809 1168 in
1839 1115 2091 1185 p0pulum

524 1199 999 1255 debaccharentur.
1019 1201 1151 1267 lmo,
1173 1202 1313 1271 quod
1339 1203 1629 1257 absurdius
1654 1212 1895 1270 est,cum
1913 1204 2094 1277 lscby-

526 1307 638 1347 ram
669 1304 1037 1349 accusatorem
1067 1310 1249 1350 secum
1280 1297 1645 1364 adducerent,
1678 1298 1971 1354 Macarium
2002 1301 2090 1368 qui

524 1386 876 1441 accusabatur
902 1390 1053 1457 sequi
1110 1404 1215 1443 non
1266 1392 1583 1458 permisere,
1626 1392 1719 1446 sed
1761 1406 1882 1445 eum
1936 1393 2092 1463 107

524 1475 647 1545 Tyri
682 1478 733 1530 iu
762 1478 1004 1533 custodia
1035 1479 1340 1548 reliquere;
1368 1482 1479 1550 ipse
1500 1483 1641 1537 enim
1683 1481 1947 1536 Macarius
1971 1499 2094 1552 pre-

521 1570 707 1637 sbyter
754 1569 1154 1625 Alexandrinus
1194 1586 1406 1626 sursum
1443 1573 1693 1628 deorsum
1750 1574 1817 1629 ab
1860 1574 1993 1644 ipsis
2038 1577 2091 1631 in

522 1659 727 1712 crimen
757 1659 1076 1714 vocabatur.

593 1747 681 1799 M.
713 1746 822 1801 Soli
884 1748 1195 1823 igiturvcum
1230 1758 1541 1805 accusatore
1569 1750 1947 1805 Alexandriam
2004 1750 2091 1804 iu-

2198 570 2450 639 γενέσθαι
2480 570 2970 640 παραιτησάμενοι,
3003 569 3139 623 ἀλλὰ
3192 571 3368 624 πάντα
3411 570 3615 640 τρόπον
3665 572 3780 623 ἐπι-

2200 660 2393 730 ϐουλῆς
2439 661 2824 732 ἀναδεξάμενοι
2878 662 3144 732 φανερῶς,
3191 662 3284 715 καὶ
3313 662 3490 714 πάντα
3536 662 3779 731 κάματον
3856 726 3859 729 Α

2200 754 2293 805 καὶ
2329 753 2506 804 πᾶσαν
2539 752 2655 805 ὁδὸν
2683 752 3034 816 ὑποστάντες,
3067 753 3152 805 ἵνα
3182 752 3278 823 τὴν
3307 753 3775 822 κατασκευαζομέ-

2197 860 2295 913 νην
2328 842 2598 914 σιῖσκευὴν
2644 844 2991 915 πληρώσωσι.
3042 845 3153 897 Καὶ
3197 845 3289 897 τὸν
3342 845 3440 913 μὲν
3483 844 3778 896 ἐπίσκοπον

2212 935 2524 988 Ἀθανάσιον
2586 936 2945 1005 κατεχόμενον
2990 937 3085 988 ἐπὶ
3133 935 3288 1005 ξένης
3347 935 3456 1003 (26)
3502 936 3774 1005 ἠφίεσανο

2200 1025 2353 1078 αὐτοὶ
2390 1024 2445 1077 δὲ
2475 1026 2554 1087 εἰς
2591 1024 2689 1094 τὴν
2728 1025 2822 1077 τοῦ
2851 1025 3047 1096 ἐχθροῦ
3093 1026 3245 1079 πόλιν
3274 1027 3548 1096 εἰσῄεσαν,
3588 1026 3777 1098 ὥσπερ

2198 1116 2659 1185 ἐπικωμάζοντες,
2696 1116 2787 1168 καὶ
2803 1117 2867 1185 τῇ
2909 1115 3207 1185 Ἐκκλησία
3235 1116 3328 1169 καὶ
3348 1115 3425 1186 τῷ
3457 1116 3573 1187 λαῷ
3595 1118 3688 1169 καὶ
3718 1120 3778 1170 τὸ

2199 1204 2669 1276 παραλογώτερον,
2711 1204 2958 1276 Ἰσχύραν
2984 1205 3074 1257 τὸν
3102 1207 3401 1277 κατήγορον
3426 1207 3543 1278 μεθ’
3567 1208 3776 1261 ἑαυτῶν

2199 1295 2549 1365 ἐπαγόμενοι,
2579 1295 2863 1365 Μακάριον
2898 1294 2986 1349 τὸν
3010 1299 3483 1367 κατηγορούμενον
3536 1298 3639 1350 οὐκ
3678 1300 3774 1350 ἐπ-

2199 1384 2455 1455 έτρεψανς
2481 1382 2844 1454 ἀκολουθῆσαι
2872 1423 2886 1446 ,
2926 1383 3038 1437 ἀλλ’
3096 1384 3400 1455 ἔμφρουρον
3448 1385 3671 1454 ἀφῆκαν
3719 1386 3776 1438 ἐν

2199 1477 2379 1549 Τύρῳ.
2422 1476 2567 1528 Ἀνω
2595 1475 2703 1545 γάρ
2731 1476 2827 1529 καὶ
2856 1476 3007 1529 κάτω
3028 1475 3311 1546 Μακάριος
3336 1478 3365 1530 ό
3405 1476 3777 1551 πρεσϐύτερος

2196 1569 2297 1638 τῆς
2345 1564 2749 1637 Ἀλεξανδρείας
2783 1568 3024 1639 ὑπήγετο
3063 1569 3192 1640 παρ’
3232 1569 3409 1622 αὐτῶν
3451 1570 3530 1639 τῷ
3582 1568 3777 1639 ἐγκλή-

2201 1676 2350 1730 ματι.

2272 1753 2360 1807 14.
2408 1754 2575 1808 Μόνοι
2623 1754 2801 1806 τοίνυν
2834 1751 2968 1822 μετὰ
3006 1751 3103 1804 τοῦ
3148 1749 3461 1821 κατηγόρου
3491 1748 3594 1819 τὴν
3633 1748 3776 1801 Ἀλε-

522 1837 716 1906 gressi,
749 1838 918 1908 ipsum
950 1841 1141 1895 domus
1169 1841 1409 1911 ejusdem
1434 1856 1737 1910 mensaeque
1759 1850 2086 1908 consortem,

2193 1844 2475 1916 ξάνδρειαν
2526 1842 2635 1915 (27)
2667 1842 3015 1906 εἰσελθόντες,
3044 1841 3287 1895 σύνοικον
3319 1840 3506 1902 αὐτὸν,
3528 1840 3625 1891 καὶ
3654 1855 3777 1891 συν-

522 1918 586 1983 ac
618 1941 977 1998 compotorem
1027 1933 1283 1998 habuere,
1339 1943 1724 2001 assmnptoque
1775 1948 1878 1986 una
1909 1932 2085 1987 Phila.

521 2021 638 2092 grio
671 2018 885 2091 Βαγριί
920 2021 1199 2091 prmfecto,
1236 2025 1289 2078 in
1348 2023 1638 2077 Mareotem
1674 2038 1731 2078 se
1762 2023 2036 2078 contulere
2069 2041 2083 2077 :

520 2123 683 2183 atque
740 2114 850 2168 illic
887 2114 1106 2170 scilicet
1162 2115 1261 2170 soli
1293 2131 1388 2184 pro
1419 2131 1513 2169 sua
1552 2116 1772 2170 libidine
1804 2129 1926 2169 cum
1954 2129 2089 2185 pra:-

520 2204 661 2258 dicto
683 2205 798 2259 viro
821 2205 1225 2273 inquisitionem
1254 2206 1452 2261 fecere.
1483 2205 1668 2274 Neque
1686 2208 2001 2277 permisere,
2030 2213 2089 2259 ut

520 2299 820 2366 presbyteri
858 2298 965 2352 illic
993 2299 1334 2364 interessent,
1373 2300 1493 2353 licet
1541 2300 1592 2354 id
1634 2300 1708 2353 illi
1735 2300 1977 2369 impense
2002 2315 2088 2354 ro-

518 2398 730 2457 garent.
784 2388 908 2443 Ideo
949 2399 1129 2442 autem
1173 2392 1469 2461 presbyteri
1508 2391 1655 2445 urbis
1686 2401 1739 2444 et
1777 2392 1940 2446 totius
1996 2405 2085 2445 re-

519 2479 712 2553 gionis,
751 2490 809 2533 ut
850 2480 953 2533 sibi
1013 2480 1087 2533 illi
1133 2482 1322 2535 adesse
1370 2482 1574 2545 liceret,
1616 2482 1972 2551 postulabant,
2029 2492 2083 2536 ut

520 2569 819 2623 submissos
847 2571 915 2625 ab
954 2570 1171 2642 lschyra
1225 2581 1389 2625 testes
1427 2574 1832 2639 cnnviu‘cerent,
1864 2575 2083 2645 quinam

520 2666 572 2709 et
603 2659 867 2712 undenam
904 2667 1106 2713 essent.
1140 2662 1205 2717 At
1241 2661 1315 2715 illi
1356 2676 1539 2717 sacros
1568 2664 1781 2734 quidem
1812 2668 2086 2723 nunistros

520 2749 712 2803 adesse
743 2765 848 2803 non
890 2765 1245 2816 concessere;
1302 2753 1394 2807 sed
1426 2767 1607 2807 coram
1631 2756 1866 2809 etlmicis
1897 2756 1961 2811 de
1995 2771 2087 2810 cc-

521 2838 708 2904 clesia,
738 2840 802 2894 de
824 2841 1015 2903 calice,
1046 2843 1112 2897 de
1134 2857 1337 2905 mensa,
1378 2844 1442 2897 de
1465 2844 1636 2899 sacris
1669 2845 1826 2900 rebus
1862 2844 2087 2915 inquisi-

525 2930 720 2983 tionem
759 2930 1022 2987 fecerunt.
1074 2933 1141 2994 Et
1182 2934 1322 3001 quod
1353 2934 1573 3003 gravius
1607 2943 1709 3001 est,
1750 2935 1999 2990 ethnicos
2030 2936 2083 2990 in

523 3025 705 3079 testes,
736 3032 858 3070 cum
888 3017 953 3071 de
993 3022 1220 3089 mystico
1256 3020 1447 3089 poculo
1492 3022 1873 3090 disquirerent,
1914 3024 2082 3080 advo-

508 3114 711 3158 carunt
741 3124 753 3158 :
787 3106 895 3160 imo
924 3121 1058 3175 quos
1089 3110 1154 3162 ab
1178 3109 1479 3164 Athanasio
1509 3110 1768 3166 Catholici
1793 3114 1969 3168 accitu
1999 3129 2083 3168 ra-

2189 1936 2385 1997 έστιον,
2431 1935 2527 1988 καὶ
2556 1934 2837 2005 συμπότην
2871 1932 3104 2002 ἔχοντες,
3142 1933 3233 2001 καὶ
3259 1931 3349 1984 τὸν
3399 1931 3644 2000 ἔπαρχον
3676 1929 3776 1999 τῆς

2186 2027 2461 2096 Αἰγύπτου
2484 2026 2770 2097 Φιλάγριον
2790 2024 3212 2096 παραλαϐόντες,
3242 2023 3332 2077 ἐπὶ
3353 2020 3453 2091 τὴν
3468 2019 3776 2092 Μαρεώτην

2187 2117 2447 2188 ἀπῆλθον·
2479 2119 2641 2170 κάκεῖ
2668 2116 2827 2189 δῆθεν
2875 2114 3155 2169 ἐποιοῦντο
3183 2114 3282 2184 τὴν
3315 2112 3563 2177 ἐξέτασιν
3604 2109 3775 2181 μόνοι,

2187 2208 2263 2269 ὡς
2290 2209 2500 2277 ἦθελον,
2540 2208 2678 2280 μετὰ
2700 2207 2791 2262 τοῦ
2813 2206 3229 2277 προειρημένου*
3274 2203 3445 2258 πολλὰ
3470 2204 3600 2267 τοὺς
3633 2220 3771 2275 πρε-

2190 2296 2348 2350 σϐυτέ
2357 2315 2482 2368 ρους
2497 2302 2749 2369 παρεῖναι
2762 2295 3241 2368 παρακαλέσαντας
3249 2295 3348 2347 ούκ
3360 2295 3483 2346 tm
3491 2293 3773 2364 ρέψαντες.
3800 2308 3803 2313 ·

2201 2386 2412 2452 ἰΙξίουν
2443 2388 2498 2441 δὲ
2527 2391 2787 2459 παρεῖναι
2812 2388 2863 2440 οἴ
2888 2404 2947 2439 τε
2982 2389 3081 2457 τῆς
3102 2386 3307 2448 πόλεως
3338 2385 3433 2438 καὶ
3458 2384 3560 2454 τῆς
3593 2383 3778 2454 χώρας

2189 2478 2368 2548 πάσης
2412 2480 2787 2549 πρεσϐύτεροι,
2838 2479 2921 2533 ἵνα
2972 2478 3097 2541 τοὺς
3144 2474 3618 2545 ὑποϐαλλομένους
3673 2476 3777 2528 ὑπὸ

2202 2570 2418 2642 ’ἰσχύρα
2448 2571 2557 2641 (28)
2590 2570 2898 2639 διελέγξωσι
2932 2569 3077 2633 τίνες
3123 2572 3215 2623 καὶ
3270 2568 3434 2621 πόθεν
3476 2569 3609 2619 εἰσί.
3667 2566 3776 2619 Καὶ

2186 2664 2310 2725 τοὺς
2345 2664 2443 2733 μὲν
2468 2664 2811 2735 λειτουργοὺς
2849 2662 3084 2716 ἐκώλυον
3139 2664 3422 2730 παρεῖναν
3448 2660 3545 2712 ἐπὶ
3576 2659 3636 2712 δὲ
3666 2658 3773 2710 τῶν

2187 2754 2413 2809 ἐθνικῶν
2466 2753 2723 2825 ἐξήταζον
2777 2754 2906 2823 περὶ
2948 2752 3261 2823 ἐκκλησίας,
3294 2751 3424 2821 περὶ
3476 2751 3765 2821 ποτηρίου,

2190 2848 2312 2917 περὶ
2342 2846 2639 2917 τραπέζης,
2674 2847 2768 2901 καὶ
2813 2845 2921 2897 τῶν
2972 2846 3171 2912 άγίων’
3206 2844 3299 2896 καὶ
3328 2843 3390 2895 τὸ
3440 2842 3766 2912 δεινότερον,

2185 2937 2431 3000 ἐθνικοὺς
2466 2937 2691 2990 ἐκάλουν
2728 2936 3010 3006 μάρτυρας
3036 2934 3163 3005 περὶ
3206 2933 3468 3003 ποτηρίου
3501 2931 3767 3002 μυστικοῦ

2185 3022 2501 3094 ζητοῦντεςο
2530 3026 2621 3078 καὶ
2658 3024 2750 3088 οὓς
2778 3024 3056 3095 ἡρπάσθαι
3088 3023 3196 3095 (29)
3241 3023 3394 3092 παρὰ
3445 3023 3769 3076 Ἀθανασίου

2186 3116 2517 3189 διωρίζοντο,
2552 3119 2615 3168 ἐκ
2646 3116 3025 3186 μετακλήσεως
3046 3115 3139 3168 τοῦ
3168 3112 3476 3175 καθολικοῦ,
3505 3114 3603 3174 καὶ
3633 3112 3767 3182 μηδέ

519 3208 636 3267 ptos
657 3212 777 3252 esse
813 3198 1231 3265 aiiirmaverant,
1263 3217 1507 3272 quosque
1544 3203 1761 3258 ubinam
1813 3214 2082 3260 terrarum

2193 3210 2312 3261 ’ὁποι
2337 3208 2439 3279 γῆς
2472 3211 2577 3261 εἰσι
2615 3206 2919 3275 γινώσκειν,
2946 3204 3168 3269 τούτους
3195 3205 3414 3275 εἰσῆγον
3447 3205 3533 3271 ἐφ’
3559 3202 3770 3256 ἑαυτῶν

519 3299 720 3351 essent,
770 3304 826 3343 se
860 3291 1067 3345 nescire
1101 3292 1493 3360 profitebantur
1516 3334 1532 3360 ,
1565 3295 1710 3363 ipsos
1744 3296 1809 3349 ad
1854 3311 1913 3351 se
1937 3306 1990 3351 et
2018 3298 2087 3351 ad

520 3379 830 3447 prazl‘ectum
868 3384 1116 3451 privatim
1153 3384 1520 3439 introduxere.
1574 3384 1683 3441 Nec
1727 3388 1915 3455 puduit
1952 3427 1967 3451 ,
2019 3387 2087 3442 ab

515 3469 810 3523 Athanasio
837 3473 1089 3541 episcopo
1129 3475 1193 3529 de
1240 3476 1418 3529 medio
1455 3476 1698 3531 sublatos
1733 3478 1913 3533 dicere
1942 3492 2035 3533 eos
2066 3518 2081 3544 ,

518 3574 744 3625 quorum
797 3564 1154 3619 cernebantur
1185 3565 1511 3621 testimoniis
1559 3568 1658 3623 uti.
1702 3567 1810 3623 Sed
1846 3584 1967 3623 cum
2021 3585 2086 3624 eo

516 3650 688 3703 solum
718 3662 961 3720 spectent
1000 3664 1198 3710 uteum
1237 3657 1503 3726 occidant,
1537 3673 1629 3713 eos
1669 3659 1756 3728 qui
1803 3660 1980 3716 adhuc
2031 3661 2083 3715 in

517 3742 653 3801 virjs
678 3753 802 3797 sunt
837 3755 1075 3800 mortuos
1108 3762 1317 3802 rursum
1360 3748 1635 3814 simulant,
1671 3751 1744 3804 uti
1768 3750 1834 3805 de
1859 3751 2085 3806 Arsenio

518 3832 713 3887 fecere.
743 3833 876 3887 Nam
907 3836 1154 3891 homines
1207 3838 1299 3906 qui
1340 3838 1518 3893 adhuc
1551 3848 1863 3907 supersunt,
1905 3848 1958 3895 et
1990 3840 2081 3909 qui

515 3922 693 3989 palam
724 3925 921 3992 degunt
951 3925 1001 3978 in
1029 3940 1123 3980 sua
1154 3927 1389 3996 regione,
1414 3930 1553 3998 apud
1592 3944 1687 3984 vos
1723 3930 1879 4000 longe
1909 3946 2085 3987 semo-

517 4019 603 4063 tos
642 4012 794 4079 quasi
814 4011 878 4065 de
910 4014 1084 4067 medio
1107 4015 1342 4070 sublatos
1372 4017 1754 4073 miserabiliter
1779 4019 2080 4090 deplorant;

518 4109 576 4156 ut
607 4116 727 4156 cum
753 4104 941 4170 procul
975 4106 1219 4172 petendae
1256 4107 1365 4161 sint
1389 4110 1752 4178 probationes,
1794 4112 2083 4167 commini-

517 4204 693 4248 strum
732 4206 973 4250 nostrum
1014 4198 1228 4252 valeant
1258 4200 1604 4267 calumniari,
1636 4202 1787 4270 quasi
1816 4203 1866 4256 vi
1898 4211 1951 4257 et
1984 4218 2081 4271 po-

519 4295 710 4342 testate
740 4303 866 4342 usus
896 4289 1000 4355 sit;
1032 4305 1155 4344 cum
1206 4300 1381 4345 tamen
1412 4293 1595 4345 omnia
1625 4292 1744 4359 ipsi,
1782 4292 1833 4347 vi
1858 4300 1913 4347 et
1948 4292 2083 4349 alio-

518 4392 633 4432 rum
667 4380 965 4449 patrociuio
997 4381 1140 4448 freti,
1182 4392 1362 4452 agant.
1412 4383 1702 4439 Enimvero
1732 4400 1851 4453 qua:
1890 4384 1943 4438 in
1968 4384 2080 4438 Ma-

516 4476 663 4521 reote
717 4479 1115 4538 perpetrarunt,
1152 4472 1314 4526 rebus
1351 4473 1475 4543 Tyri
1514 4473 1682 4541 gestis
1729 4482 1855 4527 sunt
1893 4473 2078 4527 cousi-
2110 4502 2153 4558 υ

515 4557 773 4611 millima:
825 4569 882 4613 ut
933 4561 1073 4614 enim
1101 4559 1211 4614 illic
1248 4575 1429 4615 comes
1461 4563 1648 4616 aderat
1678 4578 1801 4616 cum
1865 4561 2077 4616 militari

500 4658 697 4711 manu,
749 4649 876 4703 nulli
923 4649 1241 4718 permittens
1274 4660 1471 4719 praeter
1502 4666 1690 4706 eorum
1754 4650 2077 4706 sententiam

515 4738 715 4804 aliquid
746 4738 926 4792 dicere
959 4738 1040 4793 vel
1067 4754 1262 4808 agere;
1310 4741 1382 4795 ita
1411 4757 1630 4811 quoque
1660 4753 1714 4796 et
1744 4743 1830 4797 hic
1860 4741 2079 4813 Egypti

514 4826 799 4891 praefectus
830 4841 948 4880 cum
982 4828 1199 4882 militari
1232 4845 1391 4883 manu
1420 4833 1625 4894 aderat,
1651 4832 1740 4899 qui
1770 4846 1958 4886 omnes
1989 4847 2079 4886 ec-

512 4913 846 4967 clesiasticos
892 4924 1141 4983 terreret,
1175 4932 1275 4973 nec
1303 4920 1469 4973 ullum
1500 4922 1565 4975 de
1592 4921 1817 4974 veritate
1843 4921 2075 4975 testimo~

514 5003 661 5057 nium
686 5003 829 5075 ferre
851 5007 1183 5075 permitteret
1209 5026 1221 5063 :
1254 5018 1307 5064 et
1347 5011 1489 5081 quod
1524 5011 1811 5066 absurdius
1842 5019 1944 5076 est,
1975 5026 2069 5066 eo-

584 5142 693 5212 (26)
717 5142 788 5215 Ita
828 5144 957 5214 Reg.
988 5154 1044 5215 et
1076 5146 1240 5201 Basil.
1288 5147 1358 5201 Αι
1389 5146 1538 5211 editi,
1574 5146 1703 5215 περ).
1734 5143 1910 5214 ξένης.
1965 5144 2082 5199 Mox

514 5212 671 5288 Ile_g._,
697 5211 788 5288 τοῦ
809 5211 1031 5288 ἐχθροῦ.
1066 5216 1478 5288 Reliquiomnes
1500 5231 1619 5288 cum
1648 5211 1778 5288 editi
1805 5211 1915 5288 tum
1954 5230 2084 5270 mss.

506 5282 603 5353 ’τοῦ
639 5282 819 5353 ἐχθροί
847 5281 1119 5338 mendose.
1149 5281 1311 5339 Paulo
1336 5293 1456 5352 post
1479 5284 1651 5353 editi,
1671 5281 1858 5353 ὥσπερ
1886 5284 2088 5338 ἐπικω-

515 5351 776 5433 μάζοντες
804 5356 870 5427 τῇ
914 5354 1209 5425 Ἐκκλησία
1238 5356 1295 5414 ἐν
1324 5351 1405 5423 τῷ
1444 5351 1574 5424 λαῷ.
1615 5352 1721 5408 Nos
1746 5351 1973 5421 Regium
2002 5371 2089 5407 se-

512 5437 891 5573 ”"iénz‘iriepsn
922 5494 1061 5553 κατὰ
1084 5493 1179 5573 τὴν
1213 5492 1635 5573 ’.πιλεξέιςθδρειανι

563 5560 697 5640 ,(28)
731 5559 823 5615 Sic
856 5559 992 5629 “eg.
1028 5575 1079 5616 et
1114 5559 1277 5619 Bstsil.
1338 5559 1476 5615 Ezfiti
1526 5572 1727 5624 autem,
1774 5561 1919 5631 παρὰ
1983 5561 2083 5612 Ίς.

715 5696 854 5750 Edit.
887 5698 1146 5753 Cotmnel.
1171 5704 1441 5762 mendose,
1467 5701 1730 5767 ἡττᾶσθαι.
1763 5696 1892 5766 Reg.
1912 5697 2086 5765 ἡρπά-

504 5763 633 5819 σθαι
662 5780 776 5818 cum
808 5777 982 5822 acuto.
1002 5770 1101 5822 Alii
1124 5784 1326 5833 omnes,
1350 5763 1642 5843 ἡρπὲτθαι.
1674 5767 1811 5830 Mox,
1834 5763 2085 5820 ξςιῦΚαθ-

2188 3302 2283 3353 καὶ
2329 3300 2423 3353 τοῦ
2471 3299 2717 3370 ἐπάρχου
2766 3299 2943 3368 μόνον.
2992 3298 3099 3350 Καὶ
3133 3296 3233 3350 οὐκ
3283 3292 3510 3365 ῂδοῦντο
3547 3293 3772 3355 τούτους

2186 3390 2477 3459 ἠφανίσθαι
2502 3388 2651 3461 παρὰ
2671 3387 2763 3443 τοῦ
2796 3389 3091 3441 ἐπισκόπου
3132 3386 3453 3440 Ἀθανασίου
3484 3384 3769 3453 λέγοντες,

2185 3474 2259 3534 ὧν
2289 3483 2407 3543 ταῖς
2441 3479 2770 3551 μαρτυρίαις
2798 3474 3423 3548 συγχρῆσθαιδοκοῦσιψ
3461 3473 3624 3527 Ἀλλά
3654 3474 3773 3526 κάν-

2185 3572 2358 3627 ταῦθα
2407 3572 2564 3642 μόνον
2603 3555 2858 3639 φονεῦσαι
2894 3567 3226 3637 βουλόμενοι,
3259 3565 3421 3619 πάλιν
3451 3566 3582 3627 τοὺς
3635 3562 3770 3627 ζῶν-

2183 3681 2303 3729 τας,
2322 3663 2397 3726 ὡς
2430 3662 2822 3723 ἀποθανόντας,
2859 3660 2948 3711 τὸν
2977 3659 3070 3711 ἐπ).
3113 3657 3390 3727 Ἀρσενίου
3437 3656 3645 3727 τρόπον
3688 3669 3772 3722 μι-

2188 3754 2289 3824 μού
2299 3770 2447 3825 μενοι
2464 3754 2805 3807 πλάττονται.
2835 3754 3028 3812 Ὄντας
3050 3748 3161 3817 (50)
3182 3746 3291 3817 γάρ
3305 3746 3432 3809 τοὺς
3447 3746 3547 3799 άνθ
3557 3744 3769 3816 ρώπους

2186 3847 2278 3898 καὶ
2304 3845 2660 3915 φαινομένους
2684 3844 2774 3895 ἐπὶ
2803 3843 2900 3912 τῆς
2928 3841 3081 3903 ἰδίας,
3114 3837 3243 3909 ὑμῖν
3286 3839 3398 3901 τοῖς
3437 3834 3657 3907 μακράν
3696 3832 3769 3895 ὡς

2185 3936 2409 4005 ἀφανεῖς
2457 3932 2911 4006 ἐκτραγῳδοῦσιν,
2977 3930 3094 3993 ἵνα,
3149 3926 3370 3999 μακρὰν
3427 3927 3601 3978 όντων
3664 3922 3768 3974 τῶν

2185 4024 2439 4094 ἐλέγχων,
2481 4023 2570 4076 τδν
2608 4019 3017 4090 συλλειτουργὸν
3053 4018 3207 4089 ἡμῶν
3259 4015 3644 4078 διαϐάλλωσιν,
3692 4011 3766 4073 ὡς

2186 4114 2275 4185 βίᾳ
2304 4114 2399 4167 καὶ
2420 4114 2703 4183 δυναστείᾳ
2731 4112 3030 4183 χρώμενον,
3066 4108 3239 4161 καίτοι
3274 4106 3451 4161 πάντα
3479 4105 3637 4158 αὐτοὶ
3675 4118 3767 4171 μει-

2182 4205 2252 4259 τά
2279 4206 2595 4269 δυναστείας
2629 4206 2721 4257 καὶ
2752 4201 3090 4272 προστασίας
3138 4198 3493 4270 πράττοντες.
3523 4196 3636 4248 Καὶ
3664 4192 3766 4262 γὰρ

2181 4296 2341 4367 ὃμοια
2391 4296 2550 4350 πάλιν
2580 4294 2648 4348 τὰ
2695 4294 2835 4347 κατὰ
2883 4292 3190 4365 Μαρεώτην
3244 4291 3357 4352 τοῖς
3409 4286 3554 4340 κατὰ
3596 4284 3767 4354 Τύρον

2181 4387 2410 4455 ἐγίνετο·
2441 4387 2626 4457 ὥσπερ
2649 4387 2757 4457 γάρ
2787 4387 2901 4438 ἐκεῖ
2925 4385 3102 4454 κόμης
3120 4379 3187 4454 ἦν
3218 4379 3352 4451 μετὰ
3371 4375 3769 4447 στρατιωτικῆς

2182 4478 2502 4549 ὑπηρεσίας,
2537 4478 2711 4530 οὐδενὶ
2743 4477 3056 4547 ἐπιτρέπων
3100 4473 3251 4544 παρὰ
3281 4471 3349 4523 τά
3403 4469 3638 4531 ἐκείνοις
3681 4467 3766 4519 δοο

2188 4568 2406 4632 κοῦντα,
2454 4568 2487 4638 ἥ
2532 4566 2802 4635 λέγεσθαι,
2854 4566 2886 4635 ἢ
2929 4562 3295 4636 πράττεσθαι,
3334 4559 3477 4613 οὕτω
3531 4558 3629 4612 καὶ
3686 4558 3767 4609 ἐν-

2185 4657 2359 4711 ταῦθα
2380 4658 2407 4709 ὁ
2431 4657 2531 4725 τῆς
2561 4656 2833 4722 Αἰγύπτου
2854 4655 3089 4723 ἔπαρχος
3125 4651 3261 4722 μετὰ
3302 4649 3400 4719 τῆς
3432 4648 3645 4713 τάξεως
3676 4642 3761 4717 ἦν,

2187 4744 2393 4807 πάντας
2432 4744 2531 4812 μὲν
2562 4744 2687 4806 τοὺς
2728 4744 2825 4813 τῆς
2879 4741 3173 4812 ἐκκλησίας
3227 4738 3496 4808 ἐκφοϐῶν,
3568 4736 3764 4807 μηδένα

2185 4832 2241 4884 δὲ
2270 4831 2409 4900 μετὰ
2455 4832 2709 4901 ἀληθείας
2752 4830 3061 4900 ἐπιτρέπων
3090 4829 3416 4900 μαρτυρεῖν
3446 4826 3543 4878 καὶ
3575 4824 3636 4877 τὸ
3662 4840 3763 4875 παο

2186 4923 2529 4993 ραδοξότερον
2560 4926 2617 4975 ἐν
2643 4921 2789 4992 αὐτῷ
2816 4920 2890 4990 τῷ
2912 4923 3063 4991 τόπῳ
3083 4921 3176 4974 καὶ
3223 4921 3287 4990 τῇ
3327 4917 3477 4987 οίκίᾳ
3510 4914 3611 4968 τοῦ
3639 4931 3764 4967 κατ-

2180 5014 2400 5085 ηγόρου,
2421 5014 2515 5068 καὶ
2538 5012 2733 5084 ᾤκουν,
2760 5013 2853 5065 καὶ
2868 5011 3140 5077 ἐξετάζειν
3160 5010 3375 5065 ἐδόκουν
3401 5008 3437 5061 ἃ.
3458 5006 3761 5077 ἠϐούλοντο,

2192 5146 2394 5207 ελικοῦ.
2427 5145 2722 5221 Καθολικοί
2774 5146 2825 5199 iu
2870 5143 3093 5221 singulis
3150 5140 3475 5221 dioecesibus
3513 5138 3767 5221 ofﬁciales

2193 5228 2367 5280 erant,
2402 5218 2492 5286 qui
2538 5215 3156 5286 negotia,rationesque
3187 5212 3401 5286 nomine
3429 5212 3767 5286 imperatoris

2197 5277 2520 5352 tractabant,
2553 5277 2691 5339 unde
2726 5284 2882 5337 iidem
2925 5277 3223 5352 λογοθέται,
3272 5280 3321 5352 id
3371 5290 3453 5331 est
3483 5277 3768 5352 rationales

2194 5368 2247 5409 et
2274 5347 2652 5424 procuratores
2685 5353 2811 5405 dicti
2842 5347 3139 5424 sunbllaac
3160 5364 3262 5424 vox
3290 5347 3605 5424 frequenter
3631 5348 3768 5424 apud

2194 5416 2547 5497 Athanasium
2574 5423 2829 5478 occurrit.
2856 5421 2988 5497 \fide
3006 5418 3195 5497 Cangii
3222 5427 3276 5472 et
3301 5417 3518 5497 _Suic_eri
3545 5416 3763 5497 Leges:

2194 5494 2311 5548 Mox
2347 5493 2480 5563 Reg.
2527 5508 2686 5562 quem
2751 5491 3051 5561 sequimur,
3094 5485 3217 5541 ὅποι
3263 5485 3367 5555 γῆς
3406 5487 3567 5548 εἰσιν,
3597 5485 3685 5539 alii
3712 5493 3769 5535 et

2193 5565 2320 5617 editi
2349 5565 2486 5616 ἐστι.

2264 5631 2375 5703 (50)
2406 5630 2731 5703 _Sic_Reg.et
2771 5627 3059 5703 BasiliAlii
3089 5641 3216 5684 vero
3254 5639 3374 5682 cum
3423 5624 3585 5680 editis
3616 5619 3773 5678 οὕτω

2198 5696 2304 5773 γὰρ
2328 5696 2470 5765 τούς.
2498 5696 2639 5757 Infra
2664 5696 2795 5769 Reg.
2822 5696 3133 5752 διαϐάλωσι.
