4006 6540
232 376 327 433 573
832 394 835 395 '
1301 377 1645 434 Al’OLOGIA
1683 379 1960 434 CONTRA
2004 380 2325 461 ARIANOS.
2576 384 2577 387 “
3339 382 3445 437 274

233 501 274 550 al
302 496 407 549 εἴτε
433 496 701 558 δικασταὶ,
728 496 836 550 εἴτε
863 498 1155 569 μάρτυρες,
1188 497 1299 551 εἴτε
1332 499 1434 567 τῆς
1458 499 1665 553 ἑαυτῶν
1689 501 1777 553 καὶ

1883 500 2002 555 dem
2036 502 2088 556 in
2115 501 2235 557 loco
2271 510 2327 556 et
2366 501 2419 555 in
2456 500 2589 570 ipsis
2638 501 2971 557 accusatoris
2997 497 3202 559 aedibus
3232 500 3443 555 habita-

236 585 475 641 Εύσεϐίου
512 586 763 657 σπουδῆς,
785 588 920 658 ὅπερ
947 588 1326 659 ἀληθέστερον,
1380 588 1646 659 ὑπηρέται
1672 605 1777 643 πα-

1881 592 2012 646 bant
2041 600 2094 646 et
2114 607 2227 647 rem
2262 592 2637 661 disquirebant
2677 607 2773 661 pro
2803 606 2899 647 sua
2937 592 3181 658 libidine,
3205 591 3294 660 qui
3331 592 3445 647 sive

241 677 587 747 ραγενόμενοι.

1879 680 2106 748 iudices,
2130 682 2245 738 sive
2270 694 2456 751 testes,
2494 685 2629 747 sive,
2658 684 2800 752 quod
2850 683 3029 738 verius
3059 693 3160 746 est,
3202 698 3313 738 sua:
3341 683 3447 736 Eu-

1880 774 2124 841 sebiiqtte
2156 774 2449 829 voluntatis
2479 775 2712 829 ministri
2740 775 2844 828 huc
2872 790 2931 828 se
2952 774 3311 828 contulerant.

1954 865 2043 918 15.
2073 865 2201 931 Quae
2228 881 2358 936 vero
2391 867 2733 921 Alexandria:
2784 864 3022 919 facinora
3076 865 3446 919 commiserint

1882 957 2035 1011 vobis
2066 971 2173 1011 non
2208 956 2389 1025 ignota
2438 970 2558 1012 esse
2600 958 2951 1019 arbitramur,
2984 970 3107 1009 nam
3142 970 3203 1008 ea
3251 955 3446 1023 ubique

1881 1059 2011 1103 sunt
2042 1047 2383 1116 pervulgata.
2408 1047 2583 1105 Gladii
2612 1047 2871 1102 adversus
2904 1060 3087 1100 sacras
3114 1045 3352 1112 virgines
3392 1053 3447 1098 et

1880 1136 2078 1191 fratres
2107 1135 2380 1191 districti:
2420 1137 2627 1206 ﬂagella
2666 1135 3068 1190 honorabilibus
3098 1136 3238 1203 apud
3280 1133 3444 1187 Deum

1880 1226 2198 1296 corporibus
2228 1225 2462 1288 incussa,
2495 1226 2567 1279 ita
2599 1235 2656 1279 ut
2680 1225 2729 1278 vi
2755 1225 3031 1294 plagarum
3050 1224 3274 1292 pedibus
3301 1221 3448 1276 clau-

1881 1317 2146 1380 diearent,
2178 1330 2300 1384 qua:
2343 1325 2521 1368 mente
2576 1330 2671 1367 sua
2722 1313 2955 1366 castitati
2990 1321 3196 1366 tantum
3233 1311 3448 1380 piisque

1880 1405 2135 1475 operibus
2161 1404 2563 1458 incumbebant.
2613 1402 2750 1456 llinc
2782 1402 2983 1468 ﬂagitia
3016 1402 3275 1456 adversus
3328 1401 3446 1455 illas

1880 1494 2189 1559 commissa,
2214 1492 2394 1563 populi
2419 1506 2610 1559 nempe
2632 1490 2852 1557 ethnici,
2888 1492 3034 1559 ipsas
3067 1492 3293 1551 nudare,
3327 1504 3447 1542 ver-

1883 1588 2094 1650 berare,
2129 1584 2432 1653 petulanter
2453 1582 2739 1637 adversum
2770 1581 2890 1637 illas
2943 1597 3125 1651 agere,
3178 1581 3444 1635 idolorum

1879 1692 2004 1732 aras
2033 1687 2087 1730 et
2140 1677 2406 1732 sacriﬁcia
2448 1677 2684 1730 minitari
2714 1694 2730 1732 :
2767 1675 2901 1729 adeo
2937 1683 2997 1727 ut
3045 1674 3291 1742 petulans
3328 1673 3447 1740 qui-

1881 1768 2002 1823 dam
2037 1767 2139 1832 vir,
2172 1768 2323 1836 quasi
2374 1775 2694 1836 potestatem
2729 1780 2759 1819 a
2813 1763 3066 1835 praalecto
3107 1763 3160 1816 in
3216 1763 3445 1831 gratiam

1881 1855 2252 1923 episcoporum
2282 1853 2601 1921 accepisset,
2656 1853 2922 1922 virginem
2955 1866 3116 1905 manu
3173 1858 3445 1918 arreptam

1884 1944 1950 1996 ad
1985 1943 2177 2005 altare,
2215 1943 2356 2011 quod
2380 1941 2517 1995 forte
2543 1941 2756 1996 obvium
2790 1949 2926 2004 erat,
2963 1939 3309 2007 pertraxerit,
3340 1939 3445 1991 vim

1878 2033 2005 2087 olim
2037 2032 2102 2086 ad
2132 2031 2549 2086 sacriticandmn
2577 2030 2793 2083 allatam
2841 2045 2904 2083 ac
2936 2030 3325 2098 persecutionis
3364 2029 3447 2084 l'u-

1883 2138 2057 2178 rorem
2093 2123 2360 2177 imitatus.
2380 2123 2524 2176 lnter
2556 2121 2669 2175 hare
2696 2119 2936 2175 facinora
2961 2159 2976 2185 ,
3015 2121 3249 2189 virgines
3278 2120 3445 2188 fugie-

1876 2214 2023 2280 bant,
2044 2214 2246 2269 ethnici
2272 2213 2571 2268 Ecclesiam
2597 2212 2913 2277 irritlebant,
2943 2227 3067 2265 cum
3094 2211 3303 2264 interim
3328 2210 3443 2278 epi-

1878 2307 2025 2376 scopi
2046 2306 2189 2361 intus
2211 2313 2411 2369 essent,
2458 2313 2513 2358 et
2545 2305 2598 2357 in
2633 2302 2721 2356 illa
2772 2304 2885 2372 ipsa
2916 2303 3075 2356 domo
3113 2302 3165 2355 in
3192 2316 3295 2370 qua
3328 2300 3443 2354 haec

1877 2397 2329 2468 perpetrabantur
2357 2393 2681 2448 habitarent.
2708 2390 2781 2446 Ex
2810 2406 2875 2446 ea
2902 2391 3013 2460 ipsa
3040 2390 3218 2453 domo,
3240 2398 3297 2441 ut
3322 2403 3442 2442 cum

1876 2488 2144 2559 episcOpis
2165 2486 2340 2559 gratia
2374 2484 2623 2547 iniretur,
2656 2481 2891 2551 virgines
2912 2521 2927 2547 ,
2963 2480 3183 2536 strictos
3239 2479 3443 2548 gladios

1880 2578 2041 2648 108
2071 2591 2338 2645 onmeque
2360 2574 2744 2646 periculorum,
2769 2570 3113 2641 iniuriarum,
3149 2581 3203 2625 et
3246 2580 3440 2623 contu-

1878 2670 2161 2722 meliarum
2197 2660 2367 2737 genus
2396 2673 2634 2735 expertae
2664 2669 2811 2718 sunt.
2862 2660 2927 2715 Et
2956 2661 3069 2713 haec
3107 2659 3209 2714 illae
3253 2657 3439 2727 jejunii

1878 2769 2117 2828 tempore
2143 2758 2303 2812 abiis
2333 2757 2570 2826 quicum
2601 2752 2868 2823 episcopis
2898 2752 3042 2807 intus
3063 2751 3441 2821 epulabantur,

1876 2856 2002 2903 sunt
2032 2861 2318 2916 perpessa.

1944 2937 2030 2992 16.
2062 2936 2186 2992 llmc
2208 2952 2332 2992 cum
2367 2935 2823 3005 praevidissemus,
2857 2933 2998 3001 quod
3021 2932 3227 2987 scilicet
3248 2932 3314 2986 ab
3340 2931 3440 2985 ho-

1874 3028 1982 3083 stili
2002 3029 2219 3083 incursu
2245 3027 2386 3082 haud
2405 3026 2519 3081 leve
2541 3034 2925 3079 nocumentum
2952 3031 3274 3091 emergeret,
3298 3022 3443 3090 ejus-

1874 3118 2016 3172 modi
2046 3116 2253 3188 legatos
2291 3114 2678 3172 recusavlmus.
2706 3112 2829 3168 llaec
2866 3112 3176 3167 Alexander
3229 3126 3442 3180 quoque

1875 3202 2275 3259 Thessalonica:
2299 3202 2587 3272 episcopus
2610 3218 2730 3258 cum
2750 3201 3223 3264 animadverteret,
3250 3200 3316 3252 ad
3347 3215 3442 3255 eos

1873 3281 1985 3363 qui
2003 3293 2111 3348 illic
2140 3294 2621 3348 commorabantur
2648 3291 2857 3345 litteras
2893 3289 3059 3352 misit,
3084 3288 3284 3357 quibus
3306 3302 3442 3353 con--

1874 3384 2225 3455 spirationem
2260 3391 2535 3454 argueret,
2572 3396 2637 3436 ac
2693 3381 2759 3436 de
2798 3394 2983 3434 eorum
3018 3378 3229 3433 insidiis
3287 3377 3440 3431 testi-

1876 3477 2113 3534 monium
2149 3474 2350 3530 ferret:
2406 3488 2565 3544 quem
2595 3472 2803 3527 tametsi
2845 3472 2983 3525 inter
3006 3485 3133 3525 suos
3166 3484 3429 3523 annumeo

1876 3576 2020 3635 rant,
2044 3580 2263 3635 suaeque
2289 3563 2712 3633 conspirationis
2740 3562 2945 3617 socium
2983 3560 3256 3628 iactitant,
3306 3558 3439 3613 nihil

1877 3658 2019 3713 aliud
2053 3658 2443 3719 demonstrant,
2472 3669 2631 3723 quam
2658 3667 2717 3706 se
2754 3652 2826 3705 illi
2871 3652 2981 3704 vim
3016 3651 3280 3705 intulisse.
3334 3649 3432 3703 Et-

1876 3748 2025 3803 enim
2056 3761 2155 3802 nec
2180 3746 2427 3817 lscbyras
2465 3743 2553 3797 ille
2574 3740 3036 3817 sceleratissimus,
3063 3741 3265 3807 absque
3297 3747 3440 3793 metu

1877 3846 1930 3894 et
1958 3837 2101 3892 illata
2122 3838 2175 3891 vi
2198 3839 2263 3891 ad
2287 3836 2426 3890 hanc
2443 3850 2555 3888 rem
2579 3832 2814 3886 animum
2840 3829 3062 3899 appulit,
3080 3831 3173 3883 sed
3199 3838 3439 3893 coactus,

1877 3928 2171 3984 accusandi
2198 3924 2485 3982 Athanasii
2513 3937 2708 3977 munus
2760 3921 3018 3989 suscepit.
3050 3919 3215 3988 Cujus
3248 3918 3323 3972 rei
3352 3932 3441 3970 ar-

1876 4024 2190 4086 gumentum
2228 4013 2355 4068 illud
2379 4010 2633 4080 estquod
2668 4009 2781 4078 ipsc
2830 4008 3079 4078 lschyras
3125 4007 3443 4075 coepiscopo

1874 4105 2176 4161 Athanasio
2214 4103 2409 4158 litteris
2440 4094 2553 4157 suis
2581 4100 2876 4156 declaravit
2903 4099 3036 4154 nihil
3073 4095 3437 4173 ejusmodiibi

1877 4206 2086 4266 gestum
2118 4196 2323 4261 fuisse;
2353 4194 2447 4249 sed
2478 4208 2535 4246 se
2574 4195 2923 4248 subornatum
2952 4192 3051 4244 ista
3093 4187 3441 4243 conﬂuxisse.

1878 4288 1945 4342 Et
1978 4286 2094 4340 haec
2137 4284 2375 4353 scripsit,
2409 4297 2530 4335 cum
2564 4295 2664 4335 nec
2710 4282 2777 4334 ab
2827 4281 2942 4350 ipso
2976 4277 3122 4332 velut
3166 4275 3449 4344 presbyter

299 855 372 908 15.
401 855 509 906 Καὶ
526 853 643 906 τίνα
673 852 739 908 τὰ
773 855 902 924 παρ’
932 853 1110 907 αὐτῶν
1134 857 1212 918 εἰς
1241 855 1336 925 τὴν
1378 853 1781 926 Ἀλεξάνδρειαν

236 945 568 1015 τολμηθέντα,
615 945 906 1014 νομίζομεν
938 946 1079 1014 ὑμᾶς
1129 945 1201 1015 μὴ
1229 946 1438 1013 ἀγνοεῖν
1461 962 1473 973 ·
1506 944 1780 1015 πανταχοῦ

235 1034 326 1103 γὰρ
368 1032 680 1085 διαδέδοται.
729 1032 866 1102 Ξίςρη
919 1033 1101 1101 γυμνὰ
1142 1034 1284 1086 κατὰ
1332 1034 1437 1085 τῶν
1472 1034 1580 1103 (3i)
1614 1034 1781 1101 ἁγίων

236 1125 491 1196 παρθένων
536 1126 631 1179 καὶ
680 1125 786 1178 τῶν
818 1125 1059 1193 ἀδελφῶν
1106 1123 1321 1197 ἐχώρει,
1372 1127 1464 1179 καὶ
1520 1127 1781 1197 μάστιγες

234 1218 354 1273 κατὰ
374 1217 479 1270 τῶν
504 1218 737 1287 ἐντίμων
760 1218 909 1288 παρὰ
939 1216 1057 1287 Θεῷ
1087 1218 1372 1287 σωμάτων,
1412 1218 1504 1272 καὶ
1536 1218 1660 1281 τοὺς
1686 1218 1781 1269 πό-

232 1311 309 1373 δας
358 1308 616 1379 ἐχὼλευον
657 1310 763 1362 ὑπὸ
814 1309 920 1362 τῶν
973 1309 1215 1379 πληγῶν,
1249 1310 1306 1361 al
1352 1307 1452 1379 τὴν
1497 1306 1674 1377 ψυχὴν
1722 1306 1781 1358 ἐν

233 1401 401 1470 ἁγνείᾳ
425 1401 518 1453 καὶ
550 1402 715 1454 πᾶσιν
736 1400 1015 1471 ὁλόκληροι
1040 1403 1149 1463 τοῖς
1172 1400 1375 1463 καλοῖς.
1409 1400 1692 1471 Ἐργασίαι
1720 1417 1779 1453 τε

233 1488 526 1542 κατάὺτῶν
570 1488 906 1542 ἐπεσείοντο·
941 1490 1032 1542 καὶ
1074 1488 1277 1542 ἐθνικοὶ
1325 1489 1488 1559 δῆμοι
1535 1490 1672 1560 πρὸς
1719 1490 1781 1542 τὸ

231 1580 462 1650 γυμνοῦν,
492 1581 739 1645 τύπτειν,
771 1581 1106 1649 ἀσελγαίνειν
1153 1581 1271 1633 κατ’
1302 1580 1510 1645 αὐτῶν,
1565 1580 1780 1650 βωμούς

232 1690 277 1723 τε
304 1673 389 1724 καὶ
426 1670 618 1734 θυσίας
668 1672 983 1725 ἐπαπειλεῖν
1036 1672 1243 1733 αὑταῖς.
1284 1672 1392 1723 Καί
1422 1689 1503 1734 τις
1546 1671 1780 1742 ἀσελγὴς

230 1760 366 1830 ἀνὴρ,
390 1760 465 1823 ὡς
491 1761 745 1825 ἐξουσίας
792 1760 976 1814 λοιπὸν
1007 1760 1254 1830 δοθείσης
1289 1761 1392 1814 ὑπὸ
1417 1762 1510 1814 τοῦ
1538 1762 1777 1833 ἐπάρχου

232 1852 344 1919 πρὸς
368 1851 525 1920 χάριν
547 1851 657 1904 τῶν
681 1852 1012 1913 ἐπισκόπων,
1047 1853 1202 1922 χεῖρα
1233 1852 1499 1922 παρθένου
1530 1856 1774 1923 κατεῖχε,

232 1942 304 1992 καὶ
327 1942 455 2012 πρὸς
478 1942 713 2010 τυχόντα
744 1940 852 2011 (52)
891 1941 1069 2011 βωμὸν
1096 1934 1294 2005 εἷλκεν,
1320 1941 1563 2010 ἀνάγκην
1589 1941 1779 2006 Θυσίας

231 2034 307 2085 καὶ
327 2032 565 2101 διωγμοῦ
601 2032 959 2101 μιμούμενος.
992 2032 1100 2083 Καὶ
1127 2029 1300 2084 ταῦτα
1331 2030 1648 2099 ἐπράττετο,
1686 2030 1778 2082 καὶ

231 2124 350 2193 φυγὴ
381 2124 489 2174 τῶν
518 2123 805 2193 παρθένων
824 2117 912 2191 ἦν,
939 2123 1033 2175 καὶ
1058 2123 1228 2191 γέλως
1244 2122 1351 2174 τῶν
1382 2122 1609 2174 ἐθνικῶν
1638 2120 1779 2174 κατὰ

228 2214 306 2282 τῆς
343 2212 685 2281 Ἐκκλησίας,
704 2212 812 2265 τῶν
830 2213 1139 2265 ἐπισκόπων
1161 2212 1307 2265 ἔνδον
1334 2212 1520 2275 ὄντων,
1535 2213 1628 2263 καὶ
1648 2212 1779 2264 ταύο

227 2322 309 2375 την
341 2304 423 2374 τὴν
457 2304 640 2357 οίκίαν
676 2295 1116 2375 οίκούντων,ὲνῇ
1147 2301 1315 2355 ταῦτα
1346 2302 1664 2372 ἐπράττετο,
1684 2302 1779 2354 καὶ

228 2397 302 2464 ἀρ’
327 2392 389 2466 ἧς
416 2396 504 2449 διὰ
548 2397 649 2466 τὴν
684 2398 764 2458 είς
789 2395 984 2457 αὐτοὺς
1016 2395 1195 2464 χάριν,
1223 2393 1393 2462 ξιφῶν
1426 2395 1482 2446 αἱ
1518 2393 1775 2464 παρθένοι

227 2487 437 2555 γυμνῶν.
470 2488 571 2539 καὶ
606 2485 803 2548 παντὸς
836 2484 1097 2548 κινδύνου,
1132 2485 1226 2537 καὶ
1260 2484 1489 2555 ὕϐρεων,
1517 2486 1609 2537 καὶ
1632 2501 1774 2553 παρ-

226 2577 369 2639 οινίας
416 2577 805 2647 πεπείρανται.
847 2576 958 2628 Kal.
989 2575 1160 2627 ταῦτα
1190 2575 1426 2645 ἔπασχον
1457 2576 1513 2628 ἐν
1554 2575 1776 2646 νηστείᾳ

226 2665 350 2735 παρὰ
375 2666 478 2721 τῶν
500 2669 617 2729 τοίς
645 2667 961 2731 ἐπισκόποις
996 2667 1140 2720 ἐνδον
1170 2667 1629 2737 συνεστιωμένων.

1812 1826 1851 1880 Β

281 2925 354 2983 l6.
392 2925 582 2982 Ταῦτα
638 2926 964 2997 προειδότες,
1009 2927 1084 2990 ὡς
1114 2926 1325 2998 ἐχθρῶν
1366 2927 1566 2988 εἴσοδος
1607 2926 1703 2995 οὐχ
1735 2928 1769 2996 ἠ

224 3019 428 3089 τυχοῦσα
456 3019 658 3090 βλάϐη,
680 3020 781 3091 τὴν
814 3018 1133 3089 παραίτησιν
1152 3018 1554 3089 ἐποιησάμεθα.
1587 3017 1772 3071 Ταῦτα

222 3111 299 3162 καὶ
324 3110 667 3183 Ἀλέξανδρος
694 3110 807 3181 (55)
829 3111 885 3163 ἐν
908 3109 982 3179 νῷ
1004 3108 1179 3161 λαϐὼν
1201 3112 1229 3163 ό
1259 3109 1356 3179 τῆς
1377 3108 1771 3178 Θεσσαλονίκης
1798 3156 1839 3213 C

221 3199 508 3265 ἐπίσκοπος,
547 3200 750 3272 γράφει
799 3200 935 3271 πρὸς
983 3201 1108 3262 τοὺς
1166 3199 1283 3252 ἐκεῖ
1335 3198 1624 3268 μείναντας
1669 3198 1769 3269 τὴν

224 3291 460 3362 συσκευὴν
489 3291 755 3360 ἐλέγχων,
784 3291 876 3343 καὶ
895 3289 991 3360 τὴν
1020 3287 1307 3360 ἐπιϐουλὴν
1328 3286 1735 3357 μαρτυρόμενος
1755 3302 1768 3314 ·

223 3380 268 3431 ὃν
310 3381 401 3434 κᾶν
443 3382 853 3452 συναριθμῶσιν
901 3382 1146 3445 ἐαυτοῖς,
1193 3379 1285 3433 xal.
1330 3378 1429 3447 τῆς
1486 3376 1774 3447 ἐπιϐουλῆς

228 3472 468 3541 μετρῶσιν
502 3473 620 3534 ἒνα,
653 3471 808 3524 οὐδὲν
853 3470 979 3523 ἄλλο
1021 3470 1054 3541 ἢ
1104 3469 1223 3522 κατ’
1259 3469 1465 3521 ἐκείνου
1508 3467 1605 3538 τὴν
1654 3467 1774 3538 βίαν

222 3561 518 3617 δεικνύουσι.
551 3564 663 3618 Καὶ
692 3563 800 3633 γὰρ
822 3563 915 3617 καὶ
933 3564 961 3616 ὁ
986 3561 1337 3633 παμπόνηρος
1362 3560 1501 3630 Ἰσχύ
1511 3577 1628 3631 ρας,
1656 3559 1776 3612 οὐδὲ

228 3647 361 3713 αὐτὸς
389 3651 518 3704 ἄνευ
562 3649 728 3719 φόϐου
761 3651 853 3703 καὶ
883 3649 1003 3719 βίας
1048 3649 1135 3701 ἐπ’
1168 3648 1276 3719 (54)
1326 3647 1455 3702 αὐτὸ
1487 3648 1772 3719 ὥρμησεν,

226 3734 317 3787 ἀλλ’
351 3737 566 3808 ἀνάγκη
596 3738 695 3808 τὴν
730 3736 1062 3809 κατηγορίαν
1108 3737 1290 3789 ὑπέδυ.
1338 3736 1536 3789 Τούτου
1569 3727 1774 3808 τεκμή-

229 3842 338 3893 ριον,
366 3830 526 3893 αὐτὸς
562 3828 803 3899 ἔγραψεν
848 3827 1094 3899 Ἰοχύρας
1148 3826 1283 3897 πρὸς
1321 3826 1409 3879 τὸν
1459 3826 1778 3879 συνεπίσκο⁴

226 3930 307 3966 πον
342 3917 678 3981 ’Λθα-φάσιον,
719 3919 800 3971 ὅτι
844 3919 1007 3989 μηδὲν
1036 3920 1150 3969 ἐκεῖ
1172 3916 1490 3985 πέπρακται
1517 3917 1773 3981 τοιοῦτον,

347 4008 623 4079 ὑπεϐλήθη
678 4008 1007 4063 πλάσασθαι.
1063 4009 1173 4061 Καὶ
1218 4007 1390 4060 ταῦτα
1448 4007 1682 4078 ἔγραψεν
1713 4006 1774 4058 οὐ

225 4092 403 4166 δεχθεὶς
448 4100 583 4168 παρ’
622 4097 789 4152 αὑτοῦ
843 4096 918 4160 ὡς
971 4094 1358 4169 πρεσϐύτερος,
1416 4095 1475 4148 ού
1524 4096 1776 4166 τοιαύτην

227 4186 422 4259 χάριτος
446 4189 826 4261 προσηγορίαν
866 4188 1067 4254 λαϐὼν,
1109 4189 1209 4241 οὐκ
1254 4186 1539 4258 οἰκοδομὴν
1582 4188 1777 4258 ἐκκλη-

228 4279 327 4343 σίας
356 4284 432 4345 είς
456 4281 699 4353 ἀμοιϐὴν
728 4280 923 4350 τυχὼν,
955 4282 1015 4333 ού
1060 4280 1250 4350 μισθὸν
1276 4279 1582 4350 ἐπισκοπῆς
1612 4297 1777 4351 προσ-

224 4369 448 4441 δοκήσαςο
483 4367 560 4427 ὧν
578 4373 796 4426 πάντων
813 4372 970 4441 ἔτυχε
988 4372 1115 4442 παρ’
1134 4371 1313 4425 αὐτῶν
1326 4372 1522 4443 suam
1542 4388 1776 4443 κατηγο-

1883 4385 2135 4445 receptus
2154 4384 2318 4440 esset,
2372 4389 2472 4429 nec
2517 4371 2779 4441 ejusmodi
2828 4367 3207 4440 appellationis
3250 4378 3447 4418 munus

228 4460 344 4529 ρίαν.
380 4464 539 4517 Ἀλλὰ
562 4465 657 4518 καὶ
690 4464 750 4516 τὸ
774 4464 930 4532 γένος
952 4462 1113 4516 αὐτοῦ
1148 4465 1254 4516 πᾶν
1295 4464 1411 4535 μεθ’
1452 4465 1606 4535 ἡμῶν
1665 4480 1777 4515 συν.

1883 4478 2232 4532 consecutus,
2272 4479 2446 4533 neque
2474 4462 2715 4518 coclesia:
2737 4461 3192 4515 constructionem
3234 4457 3286 4510 in
3310 4469 3448 4525 pra:-

225 4553 363 4619 ήγετο
400 4571 413 4586 ·
443 4556 548 4609 οὐκ
577 4553 642 4608 ἂν
678 4553 792 4625 (55)
834 4553 1208 4624 συναχθέντες,
1238 4552 1351 4623 είγε
1380 4555 1440 4607 τὸ
1470 4556 1629 4625 τυχὸν
1659 4554 1776 4623 ἡδί-

162 4647 169 4655 ’
225 4655 383 4710 κηντο.

1884 4556 2051 4609 mium
2080 4562 2270 4608 nactus
2314 4561 2482 4617 esset,
2517 4566 2616 4605 nec
2667 4564 2764 4617 pro
2797 4546 3044 4602 mercede
3081 4545 3446 4614 episcopatum

1887 4653 2244 4713 exspectaret.
2278 4642 2405 4709 Quae
2441 4650 2615 4694 tamen
2634 4639 2811 4694 omnia
2842 4639 2908 4692 ab
2939 4637 3041 4689 illis
3070 4636 3121 4689 in
3149 4634 3449 4688 accusatio-

226 4734 293 4788 nis
319 4737 596 4804 praemium
622 4736 878 4792 obtinuit.
914 4738 1050 4804 Quin
1082 4748 1134 4795 et
1159 4754 1346 4795 omnes
1377 4739 1491 4808 ejus
1541 4739 1759 4809 cognati
1802 4740 2083 4795 nobiscum
2152 4737 2570 4801 conveniebant,
2598 4735 2739 4805 quod
2804 4748 2935 4788 sane
2970 4747 3078 4787 non
3095 4730 3287 4785 facturi
3315 4727 3449 4784 fuis-

225 4838 346 4892 sent,
368 4831 411 4885 si
442 4832 526 4886 vel
566 4832 837 4886 tantillum
877 4832 1085 4900 injurite
1131 4850 1160 4888 a
1212 4834 1367 4889 nobis
1413 4835 1765 4904 accepissent.

280 4921 359 4975 Π.
390 4922 579 4977 Ταῦτα
610 4923 711 4993 μὲν
743 4918 835 4976 οὖν
862 4924 943 4978 ὅτι
970 4925 1048 4995 μὴ
1072 4925 1247 4993 λόγος,
1277 4925 1390 4979 ἀλλ’
1413 4924 1591 4997 ἔργον,
1632 4923 1773 4996 μάρ-

224 5026 359 5079 τδρες
383 5014 481 5082 μὲν
508 5015 558 5067 οἱ
594 5012 690 5067 τοῦ
720 5014 1015 5085 Μαρεώτου
1061 5017 1417 5089 πρεσϐύτεροι
1468 5017 1687 5083 πάντες,
1723 5019 1772 5072 οἱ

224 5101 296 5153 ἀεὶ
318 5104 560 5168 συνόντες
581 5105 639 5157 ἐν
673 5108 793 5168 ταῖς
825 5106 1119 5177 περιοδίαις
1143 5107 1221 5178 τῷ
1258 5109 1559 5179 ἐπισκόπῳ.
1590 5109 1653 5162 Ol
1683 5110 1775 5162 καὶ

226 5192 325 5246 τότε
356 5196 667 5267 γράψαντες
697 5196 835 5250 κατὰ
886 5197 1100 5269 Ἰσχύρα
1125 5216 1136 5228 ·
1198 5200 1290 5253 καὶ
1337 5201 1475 5271 μήτε
1523 5201 1581 5252 ἐν
1613 5200 1773 5272 Τύρῳ

224 5282 262 5333 οἱ
288 5284 520 5350 ἐλθόντες
550 5287 614 5350 ἐξ
641 5288 820 5341 αὐτῶν
845 5290 1236 5359 ἐπιτραπέντες
1280 5292 1452 5344 εἰπεῖν
1495 5292 1593 5362 τὴν
1643 5291 1774 5362 ἁλήο

286 5422 387 5488 (5|)
437 5420 555 5474 Τῶν
618 5427 772 5479 deest
840 5428 891 5479 in
956 5428 1112 5483 editis
1161 5438 1216 5482 et
1264 5442 1417 5494 mss.,
1463 5428 1625 5498 [legio
1686 5443 1782 5482 ex-

427 5568 561 5640 neg.
586 5577 649 5640 Pl
666 5566 1271 5640 ΒειείΙι-λπαρατυχόντα.

309 5567 370 5614 3‘2
427 5568 561 5640 Reg.
586 5577 637 5620 et
666 5567 840 5637 Basil._
868 5567 1271 5638 παρατυχόντα.

309 5567 396 5704 31'»;
456 5638 752 5710 Epismlam‘
797 5637 1086 5710 Alexandri
1140 5638 1239 5710 hac
1284 5637 1363 5710 _de
1432 5648 1491 5710 re
1544 5636 1784 5710 conscri-

230 5708 356 5775 ptam
409 5705 851 5775 ad'Dinnysium
908 5707 1164 5760 comitem
1219 5707 1358 5760 infra
1398 5707 1619 5761 videsis.
1650 5705 1785 5758 Pau-

230 5766 269 5821 ί(
296 5785 410 5838 post
441 5776 564 5849 Reg.
613 5766 1043 5848 μαρτυρόμενος.
1097 5776 1198 5831 Alii
1232 5793 1353 5831 cum
1393 5776 1548 5831 editis
1580 5792 1782 5845 μαρτυ-

1955 4921 2044 4975 17.
2076 4918 2229 4985 Quod
2259 4926 2440 4971 autem
2471 4914 2587 4969 haec
2614 4927 2721 4968 non
2765 4925 2915 4966 mera
2939 4910 3102 4965 verba
3160 4910 3290 4975 sint,
3352 4909 3454 4967 sed

1883 5029 1969 5068 res
2002 5020 2186 5084 gestae,
2215 5018 2378 5063 testes
2415 5014 2539 5062 sunt
2590 5018 2778 5081 omnes
2806 5002 3054 5059 Mareota:
3106 5000 3399 5071 presbyteri
3431 5039 3455 5062 ι

1880 5106 1971 5176 qui
2006 5105 2317 5174 episcopum
2373 5100 2801 5154 circumeuntem
2835 5109 3048 5164 semper
3078 5094 3406 5148 comitantur
3429 5130 3446 5154 ,

1888 5197 2091 5267 quique
2126 5204 2253 5247 tunc
2290 5194 2559 5269 adversus
2579 5190 2856 5261 Ischyram
2881 5188 3167 5256 scripsere.
3194 5184 3293 5249 Qui
3322 5198 3453 5235 vero

1888 5306 1954 5343 ex
1987 5287 2095 5343 illis
2121 5287 2323 5341 'l‘vrum
2357 5293 2646 5347 venerunt,
2680 5281 2962 5338 veritatem
2989 5278 3171 5333 dicere
3201 5272 3449 5345 permissi

1885 5443 1977 5498 ρου
1988 5439 2165 5494 μενος.

1956 5495 2065 5563 ('54)
2098 5492 2228 5562 lleg.
2255 5491 2346 5563 ἐπὶ
2368 5490 2562 5563 τούτῳ.

1956 5496 2045 5563 (‘54
2098 5496 2228 5562 lleg.
2255 5496 2346 5544 ἐπὶ
2368 5496 2562 5560 τούτῳ.

1956 5496 2070 5633 (ssi
2099 5564 2235 5633 Ante
2262 5562 2362 5633 οὐκ
2397 5560 2485 5633 av,
2520 5560 2573 5612 in
2607 5555 2768 5633 editis
2822 5552 2912 5633 καί
2949 5545 3449 5633 legit‘t‘tr.‘Se-d‘c_tun

1881 5650 1909 5689 a
1943 5616 2076 5703 ιὶὲξ.
2096 5642 2150 5686 et
2177 5630 2345 5703 Basil.
2374 5616 2608 5703 absit,et.
2637 5622 2835 5703 alioqui
2861 5616 3450 5703 superemnat,gespun:

1880 5687 2159 5764 etumvest;
2194 5698 2441 5767 epistola?
2470 5687 2597 5767 vero
2623 5687 3052 5755 cleri'Mareota’,
3091 5687 3155 5741 de
3195 5700 3298 5754 qua
3332 5692 3450 5752 post

1884 5774 1993 5828 hate
2029 5764 2397 5840 asilum—inira
2432 5764 2676 5821 habetur.
