4006 6562
257 416 350 470 977

1341 413 1683 468 ΑρυιοιλιΑ
1723 413 2002 469 CONTRA
2042 413 2366 470 ARIANOS.

3389 418 3496 472 278

255 531 339 583 καὶ
381 528 746 599 πρεσϐυτεροι
804 528 902 597 τῆς
944 524 1346 594 Ἀλεξανδρείας
1392 527 1655 596 τέσσαρες
1705 544 1808 580 κατ

1931 542 2062 595 pore
2087 537 2321 597 quatuor
2380 525 2734 588 Alexandrini
2793 526 3132 596 presbyteri,
3185 543 3494 597 quanquam

253 620 444 672 ἐκεῖνον
463 616 556 668 τὸν
593 616 799 687 καιρὸν,
828 615 1005 668 καίτοι
1033 615 1164 686 μηδὲ
1186 617 1267 680 είς
1299 616 1474 689 Τύρον
1498 616 1821 682 ἐξελθόντες,

253 706 520 777 ύ-τερόριοι
559 707 690 774 παρ’
723 703 902 756 αὐτῶν
932 703 1241 770 γεγόνασιν.
1267 699 1416 770 Ἀρα
1437 703 1580 765 τίνες
1608 705 1656 755 οἱ
1687 703 1822 776 θρή-

253 813 347 851 νων
368 795 460 847 καὶ
481 793 740 866 δακρύων
776 795 948 859 ἀξιοις
973 794 1071 862 οὐχ
1105 795 1154 846 οἱ
1209 795 1302 848 καὶ
1344 793 1415 846 τὰ
1453 794 1643 866 πρῶτα
1667 796 1824 866 ποιή-

253 903 448 948 σαντες,
492 886 592 938 καὶ
637 885 866 954 δεύτερα
910 885 1200 937 συνάπτειν
1244 885 1318 956 μὴ
1368 886 1820 956 παραιτούμενοι,

251 977 332 1029 καὶ
363 974 540 1026 πάντα
570 972 1052 1040 συκοφαντοῦντες,
1080 973 1166 1023 ἴνα
1200 971 1496 1024 ἐπίσκοπον
1520 973 1821 1025 ἀπολέσωσι

252 1068 316 1136 μὴ
344 1064 645 1117 ὑπείκοντα
701 1066 767 1132 τῇ
814 1062 910 1131 τῆς
940 1060 1195 1123 ἀσεϐείας
1223 1060 1400 1114 αὐτῶν
1434 1060 1676 1130 αἱρέσει;
1723 1059 1821 1111 Διά

247 1153 384 1205 τοῦτο
412 1152 445 1220 ή
492 1150 666 1220 ἔχθρα
698 1151 806 1202 τῶν
836 1149 963 1220 περὶ
994 1148 1284 1201 Εὐσέϐιον·
1320 1148 1409 1201 διὰ
1453 1148 1610 1201 τοῦτ,
1652 1149 1719 1200 τὰ
1762 1150 1820 1200 ἐν

248 1245 388 1311 Τύρῳ
411 1241 709 1312 κινηθέντα
727 1258 741 1270 ο
769 1240 858 1292 διὰ
882 1239 1040 1293 τοῦτο
1066 1241 1121 1292 αἱ
1174 1239 1528 1309 προσποίητοι
1573 1239 1780 1308 κρίσεις
1801 1256 1814 1267 ·

246 1331 319 1385 διὰ
338 1331 493 1384 τοῦτο
527 1330 625 1384 νῦν
659 1331 755 1384 καὶ
773 1331 942 1401 χωρὶς
963 1329 1198 1400 κρίσεως
1224 1329 1351 1399 παρ’
1387 1329 1586 1392 αὐτῶν,
1621 1330 1695 1391 ὡς
1723 1345 1820 1381 πε-

248 1424 548 1493 πληροφορη
560 1422 759 1492 μένων,
779 1423 1112 1492 γράμματαο
1170 1418 1255 1471 διά
1279 1419 1438 1472 τοῦτο
1480 1422 1533 1472 αἱ
1562 1421 1697 1491 πρὸς
1726 1420 1818 1472 τὸν

246 1516 439 1585 πατέρα
472 1514 588 1566 τῶν
621 1513 882 1583 βασιλέων
907 1512 1000 1565 καὶ
1034 1511 1173 1581 πρὸς
1211 1499 1407 1572 αὐτούς
1447 1513 1575 1573 τοὺς
1601 1510 1819 1563 εὐσεϐε-

247 1603 455 1666 στάτους
490 1603 738 1673 βασιλεῖς
769 1602 1038 1654 διαϐολαί.
1374 1655 1383 1665 ,

303 1692 382 1746 18.
418 1687 522 1745 Οἷα
557 1691 669 1762 γὰρ
713 1694 804 1744 καὶ
848 1691 942 1744 νῦν
980 1690 1300 1760 κατείρηται
1344 1690 1372 1740 ὁ
1405 1688 1816 1758 συλλειτουργὸς

243 1785 382 1856 ἡμῶν
420 1785 745 1846 Ἀθανάσιας
767 1824 780 1847 ,
833 1785 1124 1850 ἀναγκαῖον
1173 1781 1316 1850 ὑμᾶς
1346 1779 1564 1843 εἰδέναι,
1595 1778 1684 1831 ἵνα
1721 1776 1816 1831 καὶ

1927 618 2130 683 Tyrum
2160 633 2268 674 non
2304 625 2589 680 venerant,
2610 616 2679 670 ab
2711 616 2842 684 ipsis
2865 618 2915 670 in
2948 617 3198 671 exsilium
3221 619 3325 672 acti
3344 630 3492 674 sunt.

1924 704 2156 771 Quinam
2183 707 2481 776 ergo-luctu
2516 715 2570 760 et
2601 706 2859 776 lacrymis
2895 707 3082 776 digni?
3117 723 3294 763 nonne
3319 711 3410 778 qui
3440 722 3496 766 et

1924 797 2105 865 priora
2131 796 2221 850 illa
2246 805 2652 867 perpetrarunt,
2672 806 2727 852 et
2752 799 2986 852 secunda
3041 799 3240 854 addere
3265 817 3372 854 non
3402 817 3490 857 re-

1923 897 2140 953 cusant,
2177 890 2378 958 quique
2413 891 2562 945 omni
2603 890 2997 946 calumniarum
3021 905 3216 960 genere
3243 902 3488 958 utuntur,

1922 988 1981 1032 ut
2006 979 2321 1049 episcopum
2344 981 2410 1036 de
2453 982 2631 1035 medio
2654 981 2862 1044 tollant,
2909 984 3051 1049 quod
3082 983 3260 1051 impia:
3296 985 3488 1039 haeresi

1921 1083 2032 1122 sure
2054 1083 2160 1123 non
2189 1071 2451 1124 cesserit?
2474 1070 2594 1124 Haec
2626 1085 2788 1124 causa
2851 1071 2958 1124 odii
3010 1070 3437 1126 Eusebianorum
3468 1087 3486 1125 :

1920 1158 2034 1212 hmc
2059 1174 2246 1213 eorum
2272 1175 2391 1227 quae.
2409 1159 2538 1229 Tyri
2565 1170 2682 1213 acta
2706 1169 2831 1214 sunt
2857 1160 3010 1230 origo
3034 1175 3048 1212 :
3079 1159 3204 1213 hinc
3233 1160 3488 1216 simulata

1920 1248 2231 1317 illajudieia
2263 1269 2275 1303 :
2337 1251 2465 1304 hinc
2514 1251 2617 1304 illae
2651 1267 2835 1304 eorum
2869 1251 3086 1314 litterae,
3114 1267 3250 1319 quas
3279 1292 3294 1317 ,
3349 1253 3486 1307 citra

1917 1337 2173 1407 pnevium
2197 1337 2484 1403 judicium,
2502 1339 2656 1406 quasi
2692 1339 2781 1406 qui
2809 1339 2874 1392 de
2897 1338 3058 1392 rebus
3076 1341 3335 1392 certiores
3352 1341 3484 1405 sint,

1917 1428 2301 1497 perscribunt;
2356 1430 2482 1482 hinc
2535 1428 2637 1481 illae
2666 1443 2851 1481 eorum
2905 1430 3042 1496 apud
3099 1431 3483 1497 imperatorum

1917 1528 2124 1585 patrem
2171 1525 2220 1574 et
2269 1517 2408 1587 apud
2457 1518 2602 1587 ipsos
2646 1517 2919 1586 piissimos
2971 1519 3328 1587 imperatores
3385 1535 3483 1575 ca-

1917 1609 2156 1662 lumniae.

1990 1697 2076 1752 l8.
2100 1695 2288 1762 Qualia
2329 1696 2472 1750 enim
2502 1711 2644 1751 nunc
2671 1712 2888 1766 quoque
2944 1696 3206 1753 adversus
3261 1700 3484 1753 commi-

1918 1790 2145 1844 nistrum
2178 1796 2423 1841 nostrum
2449 1787 2808 1843 Athanasium
2863 1790 3040 1844 delata
3070 1789 3199 1853 sint,
3232 1805 3328 1844 vos
3375 1806 3480 1845 non

244 1879 297 1928 ίκ
319 1875 501 1928 τούτου
552 1873 872 1942 καταγνῶτε
911 1873 1008 1944 τῆς
1045 1879 1308 1943 πονηρίας
1347 1870 1544 1933 αὐτῶν,
1594 1868 1686 1922 xa‘t
1735 1885 1809 1935 γι-

1920 1880 2170 1948 ignorare
2202 1892 2300 1947 par
2317 1887 2434 1941 est;
2469 1886 2526 1929 ut
2557 1877 2679 1931 hinc
2704 1879 2869 1933 etiam
2895 1893 3080 1935 eorum
3109 1880 3365 1934 malitiam
3391 1881 3483 1935 dc-

244 1965 465 2036 νώσκητε
513 1966 602 2018 ὅτι
635 1965 800 2035 μηδὲν
832 1964 958 2016 ἄλλο
987 1965 1019 2033 ἢ
1057 1963 1310 2032 φονεῦσαι
1349 1960 1574 2033 ζητοῦσι
1605 1964 1695 2012 τὸν
1723 1960 1814 2013 ἀν-

241 2059 344 2125 δρα.
380 2058 532 2118 Σῖτος
571 2057 727 2127 παρὰ
769 2056 864 2108 τοῦ
917 2056 1118 2125 πατρὸς
1152 2053 1260 2106 τῶν
1307 2053 1571 2122 βασιλέων
1616 2051 1814 2104 ὲδίδοτο

246 2148 338 2216 (Ἠ)
367 2147 501 2218 πρὸς
535 2147 641 2209 τὰς
665 2145 773 2198 τῶν
798 2145 982 2216 χηρῶν
1010 2143 1302 2214 διατροφὰς
1335 2143 1438 2214 ἰδίᾳ
1468 2143 1564 2212 μὲν
1584 2141 1810 2204 Λιϐύας,

246 2234 333 2308 liii;
362 2237 415 2290 δέ
445 2253 596 2289 τισιν
625 2236 685 2301 ἐξ
707 2237 1002 2304 Αἰγύπτου.
1044 2234 1243 2288 Τοῦτον
1284 2233 1482 2296 πάντες
1509 2231 1812 2302 λαμϐάνου-

248 2347 314 2381 ιιν
341 2328 465 2398 ἀχρι
495 2328 621 2392 νῦν,
658 2326 976 2380 Ἀθανασίου
1024 2326 1186 2395 μηδὲν
1234 2325 1290 2390 te
1324 2324 1486 2377 αὐτοῦ
1515 2323 1812 2394 κομιζομέ-

243 2436 320 2471 νου
358 2419 496 2489 πλὴν
542 2419 712 2489 μόνου
753 2417 846 2470 τοῦ
889 2418 1216 2486 συγκάμνειν
1269 2416 1468 2478 αὐτοῖς.
1523 2414 1680 2466 Ἀλλά
1716 2414 1810 2466 νῦν

241 2509 440 2560 ἐκείνων
493 2508 887 2578 λαμϐανόντων
938 2506 1011 2577 μὴ
1048 2507 1436 2576 μεμψαμένων,
1491 2505 1812 2576 ὁμολογούν-

240 2614 329 2650 των
359 2598 700 2669 λαμϐάνειν,
736 2596 1083 2664 διαϐέϐληται
1120 2597 1431 2658 Ἀθανάσιος
1466 2596 1540 2658 ὡς
1573 2595 1689 2648 ὅλον
1717 2597 1808 2648 τὸν

169 2729 214 2760 ,⁸
243 2691 362 2741 σῖτον
393 2690 732 2759 πιπράσκων
755 2726 768 2749 ,
806 2687 900 2740 καὶ
957 2689 1036 2749 είς
1074 2686 1134 2738 τὸ
1186 2686 1313 2738 ἴδιον
1366 2685 1805 2756 ἀποφερόμενος·

215 2763 317 2833 ’καὶ
344 2781 496 2834 τοῦτο
539 2780 754 2850 ἔγραψε
804 2777 1055 2848 βασιλεὺς
1075 2818 1089 2842 ,
1125 2775 1443 2847 αἰτιώμενος
1479 2779 1542 2830 ὲκ
1572 2777 1682 2830 τῶν
1713 2794 1806 2845 γε-

245 2870 530 2939 γενημένων
561 2868 845 2922 διαϐολῶν.
881 2866 1038 2927 Τίνες
1064 2866 1242 2917 τοίνυν
1268 2868 1315 2917 οί
1349 2865 1803 2937 διαϐεϐληκότες;

245 2962 336 3030 Οὐχ
361 2963 405 3014 οἱ
431 2962 523 3015 καὶ
554 2962 624 3013 τά
655 2959 847 3031 πρῶτα
873 2959 1216 3029 ποιήσαντες,
1252 2956 1345 3009 καὶ
1374 2955 1443 3008 τὰ
1471 2955 1698 3026 δεύτερα
1719 2973 1804 3008 κι-

243 3061 329 3111 νεῖν
353 3053 422 3128 μὴ
441 3071 516 3111 πα
527 3053 716 3126 ραιτού
727 3067 902 3125 μενοι;
933 3050 1086 3112 Τίνες
1113 3050 1162 3101 οἱ
1183 3049 1289 3101 τῶν
1309 3047 1650 3118 γραμμάτων
1683 3046 1804 3099 τού-

1913 1968 2259 2037 prehendatis
2333 1977 2387 2022 et
2421 1969 2750 2035 agnoscatis,
2798 1969 2934 2024 nihil
2995 1970 3139 2024 aliud
3205 1971 3324 2025 illos
3378 1971 3482 2026 nisi

1914 2059 2115 2115 cazdcm
2138 2059 2240 2113 viri
2276 2073 2542 2128 quaerere.
2582 2059 2936 2114 Frumentum
2969 2061 3036 2115 ab
3087 2061 3478 2129 imperatorum

1913 2160 2064 2219 patre
2095 2150 2422 2220 erogabatur
2476 2165 2574 2220 pro
2601 2151 2782 2206 viduis
2816 2152 3015 2220 partim
3049 2151 3251 2222 Libyis,
3286 2153 3482 2221 partim

1912 2242 2182 2320 Aﬂgyptiis
2205 2243 2525 2313 quibusdam
2561 2241 2787 2296 alendis.
2815 2241 2966 2306 Quod
3002 2255 3191 2294 omnes
3219 2241 3482 2294 hactenus

1912 2341 2290 2400 perceperunt,
2319 2330 2616 2384 Athanasio
2648 2330 2781 2383 nihil
2806 2338 2998 2398 praeter
3023 2328 3255 2382 laborem
3280 2337 3332 2382 et
3353 2341 3480 2396 ope-

1913 2438 2026 2474 ram
2063 2423 2188 2476 binc
2219 2421 2505 2476 referente.
2544 2420 2612 2473 At
2643 2435 2785 2475 nunc
2815 2420 2941 2474 licet
2964 2421 3053 2488 qui
3075 2419 3202 2472 illud
3240 2417 3482 2485 recipere

1911 2510 2088 2567 solent
2117 2526 2220 2565 non
2250 2519 2675 2580 conquerantur,
2708 2512 2818 2565 imo
2857 2527 2915 2566 se
2945 2513 3222 2580 percipere
3263 2510 3474 2564 fatean-

1911 2610 2018 2666 tur,
2051 2603 2407 2657 Athanasium
2437 2611 2613 2656 tamen
2648 2602 2722 2654 illi
2755 2602 3067 2656 cal-umniati
3111 2610 3270 2666 sunt,
3323 2603 3480 2670 quasi

1907 2695 1996 2762 qui
2025 2693 2356 2747 frumentum
2411 2703 2581 2748 totum
2623 2695 2818 2746 vendat
2868 2702 2922 2747 et
2964 2693 3016 2747 in
3042 2694 3312 2761 prOpriam
3365 2708 3480 2746 rem

1908 2782 2138 2835 divertat
2164 2800 2176 2834 :
2212 2790 2266 2834 et
2294 2781 2398 2836 hac
2418 2782 2484 2836 de
2511 2797 2566 2835 re
2590 2781 2909 2850 imperator,
2937 2782 3176 2851 ipsorum
3196 2781 3482 2837 calumniis

1908 2870 2174 2935 inductus,
2207 2871 2404 2926 litteris
2432 2872 2544 2925 suis
2572 2887 2694 2924 eum
2722 2873 3047 2928 criminatus
3088 2878 3192 2928 est.
3245 2873 3479 2938 Quinam

1908 2960 2070 3030 igitur
2095 2961 2183 3013 isti
2219 2960 2680 3015 calumniatores?
2740 2961 2928 3017 Nonne
2953 2965 3044 3032 qui
3076 2973 3127 3017 et
3171 2964 3344 3031 prima
3384 2963 3470 3015 illa

1908 3059 2313 3123 perpclrurunt,
2345 3060 2400 3108 et
2429 3054 2666 3109 secunda
2705 3069 2923 3107 movere
2975 3069 3078 3107 non
3110 3054 3419 3107 abnuerunt
3451 3053 3474 3104 ?

243 3166 330 3202 των
352 3148 507 3202 αἴτιοι
550 3147 660 3200 τῶν
690 3146 799 3218 (42)
834 3141 983 3215 παρὰ
1011 3140 1100 3197 τοῦ
1150 3139 1412 3212 βασιλέως
1462 3140 1799 3212 λεγομένων;

1911 3145 2136 3210 Quinam
2168 3143 2470 3197 litterarum
2503 3159 2626 3213 qum
2649 3143 2714 3196 ab
2741 3143 3068 3210 imperatore
3084 3142 3266 3195 missae
3289 3142 3474 3194 dicun-

243 3241 321 3310 οὐχ
348 3243 392 3293 οἱ
416 3239 692 3311 Ἀρειανοὶ
708 3234 1114 3300 σπουδάζοντες,
1138 3236 1230 3288 καὶ
1247 3235 1407 3307 μηδὲν
1432 3236 1572 3288 κατά
1589 3235 1680 3287 τοῦ
1707 3235 1800 3287 ἀν-

241 3331 344 3401 δρὸς
391 3330 867 3403 παραιτησάμενοι
916 3329 1051 3399 μήτε
1105 3328 1301 3395 λέγειν,
1357 3327 1492 3396 μήτε
1537 3326 1801 3396 γράφειν;

241 3421 402 3484 Οὐδεὶς
440 3422 579 3493 γὰρ,
614 3421 741 3483 τοὺς
772 3419 1007 3472 τοσαῦτα
1035 3419 1366 3488 ποιήσαντας
1403 3416 1579 3484 ἀφεὶς,
1613 3416 1804 3478 ἄλλους

245 3513 603 3566 ὑποπτεύσειε.
637 3512 749 3566 Καὶ
772 3511 882 3582 γὰρ
902 3512 1294 3582 ἐναργέστατον
1323 3508 1500 3560 αὐτῶν
1526 3507 1585 3560 τὸ
1607 3507 1805 3576 δεῖγμα

244 3602 322 3668 τῆς
349 3601 603 3670 διαϐολῆς
646 3601 938 3668 φαίνεται·
988 3599 1342 3661 σπουδάζουσι
1392 3597 1500 3667 γὰρ
1540 3597 1637 3666 τῆς
1685 3597 1806 3648 Ἐκ-

245 3691 444 3760 κλησίας
486 3691 793 3759 ἀφελέσθαι
840 3691 929 3743 τὸν
970 3693 1112 3742 σῖτον
1152 3693 1219 3760 τῇ
1257 3689 1525 3760 προφάσει
1557 3687 1657 3757 τῆς
1694 3688 1806 3739 δια-

245 3781 385 3851 ϐολῆς
408 3785 505 3837 καὶ
545 3783 842 3853 Ἀρειανοῖς
871 3783 1191 3852 παρασχεῖν.
1226 3781 1288 3832 Ὃ
1323 3779 1537 3831 πάντων
1576 3777 1806 3848 μάλιστα

245 3873 310 3934 είς
344 3873 463 3935 τοὺς
487 3872 703 3933 αἰτίους
735 3871 834 3939 τῆς
861 3869 1092 3939 σπουδῆς
1135 3869 1230 3922 καὶ
1258 3870 1382 3932 τοὺς
1410 3867 1670 3938 ἐξάρχους
1707 3869 1802 3920 αύ-

246 3961 334 4014 τῶν
361 3963 673 4033 ἀνατρέχει,
708 3960 834 4022 τοὺς
881 3961 1014 4030 μήτε
1053 3959 1245 4026 φόνους
1291 3959 1429 4012 κατὰ
1477 3959 1570 4011 τοῦ
1613 3960 1805 4030 ἀνδρὸς

248 4054 442 4120 κινῆσαι
488 4050 1032 4124 παραιτησαμένους,
1076 4051 1142 4104 δι’
1187 4044 1261 4103 ὧν
1305 4050 1476 4120 ψευδῆ
1520 4051 1805 4121 διαϐεϐλή-

247 4160 353 4197 κασι
381 4143 622 4212 βασιλεῖ,
661 4142 799 4212 μήτε
823 4141 930 4192 τῶν
965 4140 1178 4210 κλήρων
1207 4139 1316 4208 (45)
1349 4139 1449 4208 τῆς
1486 4140 1805 4210 Ἐκκλησίας

247 4231 516 4300 ἀφελέσθαι
546 4231 645 4294 τὰς
676 4229 904 4302 τροφὰς,
939 4229 1024 4282 ἵνα
1051 4228 1128 4299 τῷ
1156 4229 1266 4282 ὄντι
1299 4228 1486 4301 κέρδος
1519 4230 1804 4301 αἱρετικοῖς

248 4324 628 4396 παράσχωνται.

1910 3247 2013 3300 tnr,
2045 3244 2295 3290 auctores
2321 3234 2507 3289 iuere‘l
2559 3248 2740 3288 nonne
2788 3233 2973 3286 Ariani
3007 3233 3099 3301 qui
3148 3233 3215 3286 iis
3247 3232 3479 3284 maxime

1906 3328 2145 3384 student.
2173 3336 2228 3381 et
2253 3326 2383 3380 nihil
2417 3337 2608 3379 contra
2642 3325 2816 3376 virum
2845 3362 2860 3386 ,
2895 3322 2981 3376 vel
3004 3322 3185 3375 dicere
3212 3321 3299 3375 vel
3344 3320 3478 3374 scri-

1907 3417 2032 3472 bere
2062 3417 2350 3472 recusant?
2382 3416 2548 3470 Nemo
2568 3415 2734 3479 enim,
2759 3414 2974 3468 omissis
3003 3421 3078 3466 tot
3101 3420 3478 3477 tantorumque

1905 3505 2166 3562 scelerum
2201 3508 2533 3570 auctoribus,
2565 3507 2698 3564 alios
2746 3515 3028 3575 suspectos
3067 3503 3335 3557 habuerit.
3386 3501 3478 3556 Et—

1893 3597 2546 3654 cninimanifestissimnm
2591 3597 2721 3652 illud
2748 3606 2830 3652 est
2854 3611 3040 3650 eorum
3069 3595 3349 3650 calumnia:
3384 3607 3476 3646 ar-

1906 3699 2238 3758 gumentum,
2266 3689 2408 3757 quod
2441 3703 2535 3757 per
2557 3688 2970 3758 sycophantiam
2996 3701 3146 3741 suam
3181 3683 3474 3738 Ecclesiam

1910 3778 2184 3833 frutiento
2215 3780 2452 3846 privare,
2511 3779 2577 3832 ad
2621 3779 2966 3846 Arianosque
3015 3776 3144 3830 illud
3179 3775 3478 3828 transferre

1907 3878 2174 3938 satagunt.
2205 3870 2357 3935 Quod
2397 3870 2630 3923 maxime
2683 3868 2843 3934 hujus
2888 3865 3099 3921 consil;i
3164 3863 3476 3918 auctoribus

1909 3971 1964 4014 et
1991 3976 2176 4015 eormn
2201 3959 2535 4029 principibus
2570 3957 2953 4012 ascribendum
2987 3966 3089 4011 est.
3118 3954 3217 4020 Qui
3257 3968 3355 4008 nec
3385 3966 3476 4004 ve-

1909 4054 1996 4109 riti
2020 4063 2144 4108 sunt
2174 4061 2512 4121 perpetratas
2545 4051 2718 4105 caedes
2743 4050 2796 4102 in
2832 4049 3016 4104 odium
3050 4047 3149 4100 viri
3181 4045 3473 4113 publicare,

1907 4156 2134 4209 quarum
2162 4155 2325 4194 causa
2356 4119 2595 4194 falsa.il|i
2624 4140 2855 4194 crimina
2897 4135 3034 4204 apud
3092 4136 3473 4203 imperatorem

1910 4234 2245 4302 imposuere:
2267 4247 2368 4286 nec
2395 4239 2701 4284 metuernnt
2727 4230 2931 4284 clerum
2963 4226 3224 4279 Ecclesiae
3251 4225 3476 4278 alimen-

1911 4326 1978 4380 tis
2015 4325 2253 4393 privare,
2290 4331 2348 4378 ut
2381 4322 2470 4378 illa
2506 4334 2695 4390 reapse
2729 4321 2782 4374 in
2834 4318 3214 4373 haereticorum
3266 4315 3473 4368 lucrum

1909 4417 2182 4470 cederent.

308 4499 383 4552 l9.
425 4497 854 4566 Ἀπεστείλαμεν
881 4496 936 4548 δὲ
967 4497 1058 4548 καὶ
1081 4495 1177 4565 τὴν
1203 4494 1505 4566 μαρτυρίαν
1527 4495 1634 4548 τῶν
1666 4495 1805 4548 κατά

1981 4504 2068 4558 l9.
2093 4502 2338 4556 Misimus
2368 4513 2582 4570 quoque
2605 4499 2670 4552 ad
2711 4512 2807 4551 vos
2849 4494 3155 4551 testimonia
3193 4492 3476 4547 commini-

249 4587 460 4659 Λιϐύην,
499 4589 594 4642 καὶ
623 4587 957 4640 Πεντάπολιν
977 4625 992 4649 ,
1026 4586 1118 4638 καὶ
1147 4584 1254 4637 τῶν
1288 4584 1345 4650 ἐξ
1369 4584 1641 4652 Αἰγύπτου
1677 4584 1803 4636 συλ-

1905 4604 2142 4650 strorum
2169 4601 2477 4646 nostrorum
2503 4589 2708 4657 Libyae,
2752 4585 3064 4651 Pentapolis
3111 4591 3164 4636 et
3204 4581 3417 4650 Egypti
3454 4597 3470 4644 ;

246 4674 556 4749 λειτουργῶν
580 4676 763 4747 ἡμῶν,
799 4678 882 4730 ἵνα
908 4678 998 4729 καὶ
1027 4678 1090 4729 ὲκ
1116 4676 1300 4728 τούτου
1330 4674 1502 4742 γνῶτε
1537 4675 1634 4744 τὴν
1667 4676 1805 4728 κατά

1911 4693 1964 4738 ut
1994 4684 2123 4737 hinc
2147 4695 2333 4734 eorum
2371 4679 2425 4732 in
2452 4675 2805 4731 Athanasium
2835 4673 3102 4726 calumnia
3138 4670 3296 4740 110
3327 4669 3476 4723 vobis

258 4765 556 4820 ’Δθανασίου
620 4766 993 4837 γεγενημένην
1050 4767 1436 4833 συκοφαντίαν.
1507 4765 1692 4817 Ταῦτα
1749 4766 1805 4817 δὲ

247 4858 489 4924 ποιοῦσιν,
554 4860 664 4922 ἵνα,
722 4858 871 4926 φόϐῳ
923 4856 1106 4909 λοιπὸν
1159 4856 1536 4926 ἡσυχαζόντων
1581 4855 1688 4908 τῶν
1738 4856 1805 4909 τὰ

246 4947 330 5018 τῆς
354 4950 630 5012 εὐσεϐείας
664 4947 1022 5018 φρονούντων,
1068 4950 1100 5016 ἡ
1128 4947 1235 4999 τῶν
1271 4946 1480 4999 ἀσεϐῶν
1519 4945 1806 5017 Ἀρειανῶν

249 5034 438 5104 αἵρεσις
461 5035 813 5106 ἀντεισαχθῇ.
856 5034 1016 5089 Ἀλλὰ
1036 5036 1130 5088 καὶ
1157 5038 1222 5105 τῇ
1257 5035 1352 5105 μὲν
1381 5035 1533 5106 ὑμῶν
1554 5035 1807 5107 εὐλαϐείᾳ

249 5125 406 5195 χάρις,
443 5128 740 5197 ἀγαπητοὶ,
771 5126 850 5179 ὅτι
883 5125 1138 5188 πολλάκις
1169 5129 1293 5190 τοὺς
1332 5128 1641 5196 Ἀρειανοὺς
1682 5129 1807 5181 ἀνα-

251 5211 610 5282 θεματίζοντες
655 5215 950 5286 ἐγράψατε,
1001 5217 1094 5268 καὶ
1144 5215 1325 5286 χώραν
1368 5218 1549 5281 αὐτοῖς
1580 5220 1658 5280 εἰς
1705 5221 1802 5290 τήν

260 5301 562 5377 Ἑκκλησὰαν
599 5307 662 5358 ού
709 5303 974 5357 δεδώκατε
1000 5322 1012 5332 ’
1065 5304 1172 5358 τῶν
1212 5305 1269 5359 δὲ
1322 5307 1449 5377 περὶ
1474 5308 1728 5361 Εὐσέϐιον
1777 5312 1804 5361 ὁ

250 5388 447 5465 ελεγχος
477 5395 666 5465 ἐγγύς.
713 5395 840 5448 Ἰδοὺ
868 5395 974 5466 γὰρ
1009 5395 1146 5466 μετὰ
1183 5395 1249 5448 τὰ
1281 5397 1520 5471 πρότερα
1549 5400 1676 5469 παρ’
1705 5400 1802 5452 αύ-

330 5565 416 5636 4!)
442 5568 602 5635 Reg.,
628 5567 857 5621 ἐδέδοτο.

331 5635 416 5696 42)
481 5636 537 5692 In
576 5638 738 5693 editis
794 5637 900 5688 τῶν
959 5637 1139 5701 deest,
1200 5653 1296 5693 nos
1343 5655 1530 5695 sumus
1582 5655 1646 5695 ex
1699 5643 1802 5694 Ba-

370 5715 421 5759 et
482 5707 616 5777 Reg.
685 5707 929 5761 mutuati.
1001 5706 1142 5760 infra
1213 5707 1368 5779 Reg,
1442 5711 1629 5774 Οὐδεὶς
1694 5713 1800 5781 γὰρ

1908 4773 2230 4826 innotescat.
2267 4768 2390 4821 Haec
2435 4776 2614 4820 autem
2649 4763 2767 4818 ideo
2812 4761 3040 4824 faciunt,
3072 4770 3130 4813 ut
3159 4761 3224 4813 iis
3258 4758 3347 4826 qui
3390 4758 3476 4826 pie

1906 4861 2147 4917 sentiunt
2180 4873 2288 4927 pra:
2325 4864 2468 4910 metu
2521 4854 2777 4922 deinceps
2813 4850 3242 4920 quiescentibus,
3280 4845 3476 4914 impio-

1908 4950 2370 5005 rumArianorum
2395 4945 2616 5001 haeresis
2670 4959 2811 4998 verte
2846 4943 2970 4996 ﬁdei
3005 4941 3122 4995 loco
3171 4940 3477 4994 introduca-

1908 5049 2010 5094 tur.
2043 5039 2146 5093 Sed
2175 5048 2364 5093 vestrae
2405 5035 2588 5106 pietati
2624 5035 2809 5103 gratiae
2829 5034 3071 5103 agendae,
3103 5031 3304 5096 dileCti,
3332 5029 3476 5100 quod

1909 5130 2105 5197 saepius
2141 5128 2376 5183 Arianos
2403 5127 2622 5196 scriptis
2658 5126 2851 5179 vestris
2871 5125 3212 5179 anathemate
3251 5123 3473 5174 damna-

1909 5220 2116 5282 veritis,
2166 5228 2221 5272 et
2279 5218 2454 5273 locum
2497 5219 2628 5287 ipsis
2669 5217 2720 5270 in
2755 5215 2993 5270 Ecclesia
3047 5230 3153 5267 non
3194 5209 3474 5266 dederitis.

1912 5310 2129 5364 Eusebii
2155 5318 2335 5363 autem
2359 5319 2414 5365 et
2437 5324 2658 5366 suorum
2701 5306 2900 5361 malitia
2933 5303 3092 5357 facile
3114 5299 3428 5366 coarguitur
3456 5313 3470 5348 :

1913 5416 2035 5454 nam
2087 5408 2208 5470 post
2246 5400 2457 5470 priores
2504 5400 2624 5454 illas
2676 5413 2801 5454 suas
2832 5411 2928 5464 pro
2960 5393 3176 5448 Arianis
3223 5390 3472 5448 litteras,

1983 5573 2096 5645 (45)
2151 5570 2245 5627 Vix
2299 5573 2588 5645 dubitarim
2619 5569 2900 5640 legendum
2953 5577 3076 5644 esse
3125 5562 3231 5645 τῶν
3265 5559 3473 5645 χηρεῦγν

1909 5632 2244 5698 licetoutnes
2295 5654 2404 5696 tttnt
2452 5643 2599 5702 editi,
2653 5632 2761 5693 tum
2810 5651 2968 5697 mss.,
3006 5633 3112 5685 τῶν
3135 5632 3347 5705 κλήρων
3380 5635 3472 5705 tta-

1913 5714 2087 5765 beant.
2142 5714 2210 5764 At
2257 5711 2365 5764 τῶν
2413 5701 2594 5781 χηρῶν
2627 5707 2908 5777 legendum
2955 5719 3076 5758 esse
3109 5701 3468 5772 praecedentia

1909 5796 2118 5850 quoque
2146 5783 2388 5837 suadent.
