4006 6534
500 380 607 440 ἓῖθ

1103 378 1160 433 S.
1202 376 1577 433 ATHANASH
1619 377 1773 433 OPP.
1816 376 1995 431 PARS
2036 377 2077 430 l.

2181 405 2188 415 -
2228 374 2601 432 HISTORICA
2637 375 2725 430 ΕΤ
2765 374 3186 445 υοωιΑΤιοΑ.

3668 376 3775 431 ΞΒΟ

504 462 735 547 Quarum
756 490 911 545 vobis
936 491 1263 561 exemplaria
1283 491 1552 555 misimus,
1582 500 1770 559 aperte
1791 492 1900 561 jam
1929 492 2078 546 Ario-

2187 490 2295 543 τῶν
2328 490 2454 561 περὶ
2485 490 2593 542 τῶν
2629 489 2926 560 Ἀρειανῶν
2951 490 3275 560 γράμματα,
3299 482 3372 543 ὧν
3400 490 3494 542 καὶ
3526 491 3785 546 ἀπεστεί-

509 585 763 647 mauitas,
793 583 863 637 ab
884 583 1138 637 universa
1170 581 1412 637 Ecclesia
1451 581 1718 637 catholica
1751 583 2035 636 damnatos
2062 620 2077 646 ,

506 677 764 729 adversus
803 673 1109 729 Ecclesiam
1138 674 1454 738 concitant;
1505 670 1704 742 quibus
1749 672 1913 725 etiam
1964 674 2082 741 epi-

501 781 721 835 scOpum
751 766 1107 830 constituere,
1148 781 1213 821 ac
1259 766 1421 820 minis
1453 764 1861 833 terroribusque
1896 764 2085 819 Eccle-

503 857 616 911 sias
645 856 911 922 dividunt,
943 864 1002 911 ut
1047 857 1251 925 ubique
1301 855 1596 925 impietatis
1643 869 1754 910 sua!
1801 855 2083 924 adjutores

506 946 764 1000 habeant.
795 946 1072 1016 Siquidem
1094 954 1151 1000 et
1177 948 1435 1001 diaconos
1462 946 1531 999 ad
1560 944 1930 1000 Ariomanitas
1959 946 2085 999 mit-

505 1045 644 1099 Iunt,
680 1036 771 1106 qui
801 1036 980 1106 palam
1016 1051 1204 1092 eorum
1249 1035 1606 1091 conventibus
1632 1035 1900 1089 intersunt
1926 1074 1944 1099 ,
1996 1036 2085 1089 lit-

507 1136 762 1194 terasque
789 1127 1050 1187 scribunt,
1080 1140 1145 1181 ac
1174 1124 1510 1195 exemplaria
1553 1124 1624 1179 ab
1657 1124 1763 1180 illis
1792 1126 2082 1195 recipiunt,

502 1215 690 1283 sicque
721 1215 1018 1271 Ecclesiam
1058 1217 1110 1271 iu
1148 1218 1389 1273 schisma
1438 1217 1781 1288 conjiciunt:
1830 1233 1951 1270 cum
1979 1217 2084 1272 illis

504 1320 720 1374 quoque
779 1308 1204 1375 communicant,
1258 1323 1322 1364 ac
1359 1323 1545 1364 eorum
1585 1309 1833 1365 haeresim
1886 1310 2085 1376 ubique

502 1394 704 1450 litteris
732 1398 848 1452 suis
879 1403 1304 1455 commendant:
1341 1399 1645 1456 Ecclesiam
1695 1410 1876 1456 autem
1924 1414 2085 1467 repu-

498 1485 669 1552 diant,
696 1497 845 1543 utex
884 1489 1080 1545 litteris
1125 1505 1261 1558 quas
1308 1490 1416 1560 ipsi
1470 1490 1717 1545 Romano
1780 1492 2034 1559 episcopo
2066 1528 2082 1553 ,

500 1576 736 1633 fortasse
758 1588 813 1633 et
844 1580 996 1633 vobis
1026 1580 1318 1649 scripsere,
1347 1580 1597 1635 ediscere
1624 1581 1892 1649 poteritis.
1927 1581 2081 1645 Quod

498 1679 679 1723 autem
703 1670 819 1724 haec
848 1671 1019 1726 inulta
1067 1685 1188 1726 esse
1220 1686 1325 1726 non
1361 1672 1615 1736 debeant,
1657 1672 1819 1726 etiam
1851 1686 1967 1736 vos,
2003 1672 2084 1725 di-

500 1762 811 1827 lectissimi,
854 1765 1295 1820 animadvertitis
1324 1782 1338 1830 ;
1366 1764 1577 1819 atrocia
1616 1765 1763 1819 enim
1804 1773 1930 1818 sunt
1958 1773 2013 1818 et
2050 1778 2079 1816 a

2182 581 2250 633 λα
2258 598 2357 651 μεν
2372 580 2441 633 τά
2456 580 2787 651 ἀντίγραφα,
2804 581 3053 652 φανερῶς
3082 580 3267 633 λοιπὸν
3282 581 3408 643 τοὺς
3428 580 3582 653 παρά
3601 580 3783 652 πάσης

2181 672 2279 741 τῆς
2310 672 2605 741 καθολικῆς
2642 671 2967 743 Ἐκκλησίας
2996 670 3527 741 ἀναθεματισθέντας
3568 672 3779 742 Ἀρειο-

2186 763 2412 833 μανίτας
2441 763 2781 835 ἐπεγείρουσι
2823 762 2963 817 κατά
2996 763 3093 833 τῆς
3136 761 3485 833 Ἐκκλησὶας,
3534 763 3631 814 καὶ
3671 763 3786 814 ἐπί-

2184 870 2385 907 σκοπον
2420 853 2532 923 (44)
2583 856 2767 918 αὐτοῖς
2817 855 3179 925 κατέστησαν,
3216 852 3309 908 καὶ
3351 855 3472 916 ταῖς
3527 851 3784 916 ἀπειλαῖς

2183 942 2415 1006 καὶτοῖς
2460 943 2646 1011 φόϐοις
2679 943 2944 1016 διαιροῦσι
3000 944 3099 1007 τάς
3144 942 3487 1014 Ἐκκλησίας,
3528 943 3617 994 ἵνα
3648 957 3784 993 πανο

2182 1035 2348 1105 ταχοῦ
2384 1038 2679 1105 συνεργοὺς
2703 1036 2869 1107 ἔχωσι
2893 1038 2994 1107 τῆς
3020 1037 3275 1103 ἀσεϐείας
3302 1037 3503 1092 αὐτῶν.
3536 1035 3651 1088 Καὶ
3673 1034 3782 1107 γὰρ

2185 1129 2281 1179 καὶ
2310 1127 2590 1190 διακόνους
2630 1126 2766 1198 πρὸς
2806 1130 2935 1191 τοὺς
2968 1129 3383 1200 Ἀρειομανίτας
3411 1128 3781 1184 ἀποστέλλου-

2186 1233 2289 1281 σιν,
2323 1218 2371 1269 οἳ
2407 1216 2657 1288 φανερῶς
2683 1218 3003 1286 συνάγονται
3034 1222 3164 1290 παρ’
3186 1220 3370 1283 αὐτοῖς
3404 1219 3502 1272 καὶ
3535 1218 3782 1288 γραφουι

2185 1326 2269 1361 σιν
2302 1310 2508 1373 αὐτοῖς,
2556 1310 2648 1362 καὶ
2694 1308 3002 1381 ἀντίγραφα
3033 1312 3164 1381 παρ’
3203 1310 3381 1365 αὐτῶν
3430 1311 3779 1379 κομίζονται,

2182 1395 2282 1465 τὴν
2346 1395 2672 1466 Ἐκκλησίαν
2734 1397 3188 1468 κατασχίζοντες,
3244 1401 3340 1452 καὶ
3391 1398 3782 1462 κοινωνοῦντες

2184 1487 2385 1550 αὐτοῖς,
2424 1488 2518 1539 καὶ
2548 1487 2853 1565 γράμματα
2887 1487 3306 1555 ἀποστέλλοντες
3338 1489 3618 1560 πανταχοῦ
3641 1529 3654 1552 ,
3682 1490 3782 1559 τὴν

2184 1576 2396 1645 αἵρεσιν
2447 1578 2628 1630 αὐτῶν
2684 1579 3057 1644 συνιστῶντα,
3121 1581 3218 1633 καὶ
3276 1581 3374 1651 τὴν
3450 1580 3782 1651 Ἐκκλησίαν
3828 1647 3837 1653 ⁸

2184 1667 2655 1739 ἀποκηρύττοντα,
2684 1668 2761 1732 ὡς
2807 1668 3102 1742 δυνήσεσθε
3158 1672 3367 1742 μαθεῖν,
3398 1672 3491 1741 ἀφ’
3516 1665 3595 1726 ὧν
3626 1672 3783 1724 αὐτοὶ

2183 1758 2262 1827 τῷ
2306 1760 2590 1829 Ῥωμαίων
2644 1760 2928 1830 ἐπισκόπῳ
2974 1761 3110 1833 (45),
3158 1763 3251 1816 καὶ
3296 1763 3438 1833 τάχα
3494 1764 3593 1817 καὶ
3644 1764 3781 1833 πρὸς

496 1849 700 1907 Christi
736 1854 981 1909 doctrina
1008 1855 1204 1909 aliena.
1230 1854 1343 1910 Hac
1365 1853 1527 1926 igitur
1554 1856 1621 1909 de
1643 1869 1804 1909 causa
1835 1854 1888 1908 in
1913 1870 2078 1909 unum

2185 1848 2326 1917 ὑμᾶς
2352 1848 2613 1919 ἔγραψαν.
2662 1848 2749 1912 Ὡς
2780 1845 2870 1901 οὖν
2920 1850 3020 1902 οὐκ
3057 1851 3382 1922 ἀνεκδίκητα
3420 1850 3601 1902 ταῦτά
3638 1851 3775 1914 ἐστι,

496 1941 694 2007 coacti,
736 1941 836 1996 has
882 1944 950 1997 ad
998 1958 1096 1998 vos
1127 1942 1341 1997 litteras
1374 1941 1648 2007 misimus,
1698 1952 1958 2012 rogantes
1987 1957 2081 1996 ve-

496 2037 666 2083 stram
691 2030 743 2085 in
768 2031 987 2087 Christo
1014 2034 1357 2102 prudentiam
1424 2042 1484 2087 ut
1522 2033 1662 2087 hanc
1694 2032 1914 2103 quidem
1949 2048 2080 2089 cou-

500 2119 790 2174 fessionem
823 2121 1124 2190 recipiatis,
1161 2123 1443 2177 Athanasii
1472 2137 1603 2178 veto
1641 2122 1948 2192 coepiscopi
1975 2137 2074 2177 no-

496 2211 593 2265 stri
620 2210 791 2265 vicem
820 2211 1048 2268 doleatis
1073 2254 1088 2279 ,
1117 2228 1179 2269 ac
1212 2213 1533 2268 Eusebianis
1569 2212 1693 2266 talia
1729 2213 2079 2268 molientibus

499 2303 911 2369 succenseatis;
948 2312 1009 2358 ut
1040 2319 1108 2359 ne
1135 2302 1372 2373 amplius
1407 2302 1714 2358 istiusmodi
1756 2305 1996 2372 pravitas
2023 2311 2079 2358 et

496 2391 698 2446 malitia
755 2393 1017 2449 adversus
1047 2394 1350 2449 Ecclesiam
1380 2394 1489 2448 vim
1511 2393 1774 2450 obtineat.
1794 2394 1902 2449 Vos
1934 2395 2077 2449 enim

494 2482 764 2551 ejusmodi
787 2482 1062 2550 iniustitia:
1091 2483 1333 2539 vindices
1357 2484 1731 2553 imploramus,
1766 2485 1894 2540 illud
1926 2487 2076 2554 Apo-

495 2570 621 2623 stoli
652 2571 808 2623 vobis
833 2581 1327 2627 commemorantes
1354 2590 1368 2626 :
1404 2573 1625 2643 Auferte
1646 2573 1849 2627 malum
1892 2589 1957 2628 ea:
1992 2591 2079 2627 vo-

496 2661 574 2713 bis
606 2662 733 2729 ipsis
767 2660 917 2714 "-".
942 2660 1081 2715 Mala
1118 2663 1263 2717 enim
1298 2677 1490 2719 revera
1519 2672 1676 2731 sunt,
1714 2673 1772 2719 et
1832 2679 2079 2720 commu-

497 2752 662 2804 nione
697 2760 885 2806 nostra
905 2752 1151 2823 indigna,
1175 2768 1295 2823 qua:
1323 2754 1398 2809 illi
1432 2765 1839 2825 perpetrarunt.
1868 2754 1949 2811 Ne
1976 2756 2077 2826 igi-

499 2848 587 2892 tur
622 2839 728 2894 illis
751 2843 937 2896 au'rem
968 2843 1281 2912 pmbeatis,
1318 2844 1365 2898 si
1402 2845 1579 2900 denuo
1604 2846 1672 2900 ad
1701 2860 1797 2899 vos
1832 2846 2077 2901 scribant

496 2938 687 2985 contra
749 2932 1061 3004 episcopum
1093 2936 1489 3004 Athanasium;
1515 2939 1795 3009 (quidquid
1830 2942 1972 2995 enim
2010 2941 2078 2997 ab

497 3019 600 3074 illis
634 3021 994 3090 proﬁciscitur
1016 3024 1207 3080 falsum
1237 3036 1321 3081 est
1340 3027 1378 3097 ;)
1408 3027 1515 3084 into
1544 3030 1756 3086 etiamsi
1788 3032 2073 3102 Egyptio-

497 3127 617 3165 rum
649 3113 1025 3184 episcoporum
1058 3118 1278 3173 nomina
1319 3119 1372 3173 in
1398 3120 1593 3176 litteris
1624 3123 1737 3177 suis
1758 3132 2071 3179 exararent.
2103 3166 2143 3186 ,,

499 3200 684 3256 Palam
711 3204 857 3258 enim
883 3212 966 3259 est
990 3221 1096 3260 non
1134 3223 1233 3262 nos
1265 3209 1392 3264 talia
1415 3212 1678 3277 scribere,
1711 3214 1805 3269 sed
1832 3214 2077 3268 Mcletia-

498 3307 598 3346 nos
629 3308 845 3363 semper
874 3296 1277 3364 schismaticos,
1314 3301 1404 3370 qui
1434 3301 1538 3357 huc
1582 3318 1754 3373 usque
1798 3303 2078 3361 Ecclesiae

494 3384 811 3449 perturbant
835 3397 891 3441 et
920 3388 1215 3445 seditiones
1282 3404 1650 3448 commovent.
1691 3395 2075 3453 Ordinationes

494 3474 639 3527 etiim
664 3477 929 3531 absurdas
960 3476 1188 3545 faciunt,
1209 3496 1273 3535 ac
1290 3482 1531 3536 virorum
1564 3484 1653 3553 qui
1687 3489 2073 3555 propeumdum

496 3564 703 3618 ethnici
737 3576 865 3620 sunt
894 3585 908 3621 :
938 3578 994 3623 et
1017 3567 1278 3637 ejusmodi
1314 3571 1555 3628 facinora
1588 3588 1924 3644 perpetrant,
1956 3596 2076 3648 qua:

495 3654 740 3709 scribere
761 3656 979 3725 quidem
1005 3660 1402 3727 erubescimus,
1441 3664 1535 3718 sed
1564 3663 1717 3719 vobis
1742 3666 1792 3720 id
1814 3682 1843 3721 a
1884 3668 2074 3739 legatis

494 3744 722 3907 :ostrils),
753 3747 845 3816 qui
895 3750 1178 3819 epistolam
1235 3753 1392 3808 vobis
1449 3754 1684 3822 tradent,
1717 3757 1925 3814 discere
1947 3759 2071 3815 lice-

533 3836 570 3889 it
601 3842 653 3907 (ι
719 3875 735 3891 .

533 3836 570 3889 it
601 3837 735 3908 (Π).

567 4092 658 4147 20.
688 4091 811 4147 llaec
831 4094 1048 4162 quidem
1080 4095 1320 4167 Egyptii
1374 4100 1441 4153 ad
1489 4116 1678 4157 omnes
1698 4103 1981 4174 episcopos
2019 4116 2074 4163 et

498 4183 564 4237 ad
594 4182 796 4237 Julium
829 4186 1134 4242 Romanum
1180 4190 1515 4260 episcopum.
1569 4192 1737 4247 Porro
1781 4194 2068 4254 Eusebiani

496 4290 711 4346 quoque
735 4278 800 4332 ad
832 4276 1033 4333 Julium
1060 4281 1365 4349 scripsere:
1392 4299 1457 4339 ac
1489 4295 1775 4354 sperantes
1808 4302 1869 4343 se
1918 4291 2072 4345 uobis

499 4379 760 4424 terrorem
791 4372 1131 4438 incussuros,
1168 4372 1429 4444 rogabant
1474 4387 1529 4429 ut
1584 4379 1823 4448 synodus
1852 4396 2071 4452 cogere-

2183 1938 2442 2007 συνορᾶτε
2476 1937 2569 1989 καὶ
2595 1936 2772 2007 ὑμεῖς,
2802 1937 3098 2007 ἀγαπητοί.
3147 1937 3306 1990 Δεινά
3352 1936 3461 2007 γὰρ
3495 1936 3593 1988 καὶ
3617 1934 3773 1986 ἀλλό-

2179 2044 2304 2099 τρια
2346 2027 2442 2096 τῆς
2493 2026 2637 2080 κατά
2683 2027 2918 2099 Χριστὸν
2972 2026 3318 2090 διδασκαλίας
3367 2026 3506 2080 ἐστί.
3566 2025 3774 2078 Τούτου

2179 2117 2312 2185 γοῦν
2366 2118 2555 2173 ἕνεκεν
2612 2121 2765 2189 κοινῇ
2828 2117 3172 2181 συνελθόντες
3231 2117 3559 2189 ἐγράψαμεν
3620 2119 3772 2187 ὑμῖν,

2180 2205 2455 2272 ἀξιοῦντες
2504 2208 2656 2279 ὑμῶν
2688 2209 2789 2277 τὴν
2827 2211 2885 2261 ἐν
2912 2208 3132 2282 Χριστῷ
3167 2208 3376 2263 σύνεσιν
3405 2209 3773 2275 ἀποδέξασθαι

2184 2300 2279 2369 μὲν
2316 2299 2414 2369 τὴν
2443 2300 2731 2369 ὁμολογίαν
2772 2300 3003 2371 ταύτην,
3038 2301 3131 2354 κα)⁸
3167 2302 3504 2371 συναλγῆσαι
3534 2301 3616 2371 τῷ
3653 2318 3776 2354 συν-

2180 2391 2466 2461 επισκόπῳ
2534 2391 2691 2461 ἡμῶν
2732 2390 3057 2462 ’Λθανασίῳ,
3102 2391 3485 2461 ἀγανακτῆσαι
3536 2393 3597 2445 δὲ
3637 2392 3775 2445 κατά

2177 2482 2284 2533 τῶν
2320 2482 2447 2552 περὶ
2480 2480 2760 2546 Εύσέϐιον,
2805 2481 2913 2536 τῶν
2955 2482 3024 2535 τά
3054 2480 3275 2535 τοιαῦτα
3323 2481 3771 2552 ἐπιχειρούντων,

2181 2573 2317 2645 πρὸς
2343 2573 2403 2625 τὸ
2432 2573 2628 2643 μηκέτι
2674 2572 2930 2644 τοιαύτην
2963 2572 3160 2627 κακίαν
3191 2572 3285 2626 καὶ
3320 2573 3592 2642 πονηρίαν
3631 2571 3775 2625 κατὰ

2178 2670 2276 2739 τῆς
2317 2668 2643 2738 Ἐκκλησίας
2693 2665 2931 2736 ἰσχύειν·
2998 2667 3142 2736 ὑμᾶς
3176 2663 3285 2735 γὰρ
3332 2664 3585 2727 ἐκδίκους
3634 2663 3771 2716 κατὰ

2177 2758 2276 2828 τῆς
2302 2757 2559 2827 τοιαύτης
2591 2756 2808 2820 ἀδικίας
2852 2752 3278 2825 ἐπικαλούμεθα,
3316 2754 3768 2824 ὑπομιμνήσκον-

2177 2865 2267 2912 τες
2316 2849 2378 2901 τὸ
2436 2847 2819 2901 ἀποστολικόν·
2900 2846 3178 2913 Ἐξάρατε
3220 2845 3332 2899 τὸν
3383 2844 3664 2912 πονηρὸν
3700 2844 3771 2908 ἐξ

2178 2937 2347 3007 ὑμῶν
2377 2936 2612 2991 αὐτῶν.
2662 2937 2882 3007 Πονηρά
2918 2936 3027 3007 γὰρ
3080 2934 3296 3005 ἀληθῶς
3333 2934 3430 2987 καὶ
3489 2935 3593 2987 οὐκ
3645 2933 3769 3001 ἀξια

2179 3028 2461 3091 κοινωνίας
2494 3029 2561 3081 τά
2598 3029 2727 3097 παρ’
2756 3024 2936 3080 αὐτῶν
2980 3025 3351 3095 παραχθέντα.
3407 3023 3622 3077 Οὐκοῦν
3660 3042 3767 3095 μη-

2179 3119 2294 3172 κέτι
2323 3119 2638 3191 προσέχετε,
2680 3117 2785 3172 κᾶν
2822 3117 2985 3171 πάλιν
3014 3119 3141 3187 ὑμῖν
3179 3116 3433 3187 γράφωσι
3472 3114 3617 3169 κατά
3675 3113 3768 3167 τοῦ

2178 3209 2479 3263 ἐπισκόπου
2525 3207 2844 3262 Ἀθανασίου
2869 3224 2882 3237 ·
2921 3206 3120 3277 (πάντα
3158 3206 3267 3277 γὰρ
3310 3204 3485 3276 ψευδῆ
3531 3204 3603 3258 τὰ
3638 3206 3766 3274 παρ’

2176 3300 2409 3369 αὐτ-ὤν’)
2460 3301 2583 3370 μηδ’
2611 3300 2677 3354 ἂν
2717 3299 2955 3371 ὀνόματα
2998 3299 3056 3351 δὲ
3100 3298 3415 3351 ἐπισκόπων
3452 3295 3767 3365 Αἰγυπτίων

2176 3392 2287 3462 (46)
2322 3391 2728 3461 ὲγχαράττωσιν
2770 3389 3100 3453 ἐπιστολαῖς.
3149 3388 3318 3458 Δῆλον
3368 3386 3501 3456 γὰρ,
3542 3387 3626 3440 ὅτι
3671 3386 3768 3455 οὐχ

2175 3485 2335 3553 ἡμεῖς
2364 3483 2531 3551 ἐσμεν
2562 3482 2612 3533 of.
2652 3480 2956 3550 γράφοντες
2979 3517 2993 3541 ,
3021 3478 3157 3532 ἀλλά
3198 3477 3533 3541 Μελιτιανοὶ,
3577 3478 3628 3529 οί
3682 3477 3768 3530 ἀεὶ

2177 3575 2544 3647 σχισματικοὶ,
2578 3575 2627 3626 oi
2657 3573 2749 3626 καὶ
2779 3572 2943 3643 μέχρι
2966 3569 3060 3625 νῦν
3096 3570 3193 3633 τὰς
3218 3567 3550 3637 Ἑκκλησίας
3566 3568 3769 3636 ταράτ-

2175 3685 2379 3731 τοντες,
2405 3666 2500 3720 καὶ
2528 3665 2744 3728 πάσεις
2774 3662 3067 3725 κινοῦντες.
3096 3660 3476 3723 Καταστάσεις
3504 3657 3614 3729 γὰρ
3645 3657 3772 3711 ἀλό-

2174 3777 2307 3829 γους
2355 3759 2450 3813 καὶ
2499 3755 2686 3828 σχεδὸν
2743 3755 2969 3810 ἐθνικῶν
3029 3752 3335 3807 ποιοῦνται⁹
3394 3751 3490 3804 καῖ⁵
3540 3749 3767 3802 τοιαῦτα

2178 3850 2532 3921 πράττουσιν,
2569 3848 2604 3899 ἂ
2644 3844 3038 3916 δυσωπούμεθα
3079 3843 3175 3914 μὲν
3219 3842 3458 3913 γράφειν
3484 3880 3498 3904 ,
3534 3838 3763 3893 δύνασθε

2175 3940 2233 3992 δὲ
2266 3939 2457 4010 μαθεῖν
2499 3937 2649 4005 παρά
2688 3936 2796 3989 τῶν
2823 3934 3231 3989 ἀποσταλέντων
3268 3933 3399 4002 παρ’
3428 3929 3614 4000 ἡμῶν,
3658 3928 3763 3980 τῶν

2176 4031 2271 4083 καὶ
2308 4031 2408 4101 τὴν
2447 4027 2737 4099 ἐπιστολὴν
2768 4028 2898 4097 ὑμῖν
2924 4025 3281 4080 ἀποδιδόντων
3303 4023 3438 4094 (48).

2242 4120 2333 4173 20.
2384 4116 2570 4171 Ταῦτα
2601 4118 2698 4187 μὲν
2737 4118 2785 4169 οἱ
2832 4116 2941 4170 ἀπὸ
2979 4115 3078 4185 τῆς
3112 4112 3389 4181 Αἰγύπτου
3434 4110 3575 4181 πρὸς
3634 4112 3765 4165 mir

2173 4228 2293 4274 τας,
2331 4208 2589 4280 καὶπρὸς
2640 4207 2858 4262 Ἰούλιον
2894 4206 2985 4261 τὸν
3030 4206 3326 4259 ἐπίσκοπον
3372 4203 3471 4273 τῆς
3522 4204 3759 4275 Ῥώμης·

2174 4305 2268 4356 καὶ
2294 4306 2342 4355 οἱ
2374 4300 2502 4373 περὶ
2530 4299 2788 4353 Εὐσέϐιον
2816 4299 2882 4375 ,δὲ
2929 4298 3066 4370 πρὸς
3107 4296 3322 4350 Ἰούλιον
3353 4295 3603 4365 ἔγραψαν
3622 4314 3636 4326 ⁸
3675 4297 3764 4349 καὶ

2174 4390 2490 4461 νομίζοντες
2513 4391 2661 4460 ἡμᾶς
2681 4387 2954 4458 ἐκφοϐεῖν,
2989 4385 3228 4455 ἠξίωσαν
3264 4383 3481 4437 σύνοδον
3515 4384 3761 4447 καλέσαι,

495 4472 602 4528 tur,
643 4472 697 4517 et
738 4464 856 4533 ipse
880 4462 1075 4529 Julius,
1120 4466 1166 4520 si
1194 4466 1375 4533 vellet,
1405 4468 1572 4537 judex
1605 4454 1765 4525 foret.
1803 4472 1936 4527 Cum
1968 4474 2070 4544 igi—

2181 4454 2271 4531 tu“:
2318 4454 2482 4531 αὑτὸν
2526 4454 2772 4542 Ἰούλιον,
2813 4477 2861 4528 εἰ
2911 4454 3182 4545 βούλοιτο,
3242 4472 3434 4542 κριτὴν
3488 4471 3760 4539 γενέσθαι.

496 4566 583 4609 tur
609 4554 833 4611 Romam
870 4557 1301 4619 advenissemus.
1325 4557 1522 4627 Julius,
1566 4572 1625 4616 ut
1649 4575 2072 4622 consentaneum

494 4658 632 4711 erat,
670 4646 883 4703 litteras
915 4648 1138 4717 scripsit
1158 4650 1223 4703 ad
1254 4648 1616 4717 Eusebianos,
1667 4654 1921 4724 misitque
1942 4657 2077 4713 duos

493 4752 524 4791 e
562 4738 893 4809 presbyteris
930 4740 1043 4794 suis
1068 4740 1334 4809 Elpidium
1358 4751 1408 4796 et
1444 4740 1824 4803 Philoxcnum.
1851 4745 2076 4802 lllivero

496 4834 557 4879 ut
604 4827 673 4881 de
719 4839 906 4882 nostro
958 4828 1186 4883 adventu
1238 4832 1480 4897 audiere,
1532 4837 1898 4899 consternati,
1932 4837 2074 4905 quod

497 4914 805 4970 nullatenus
827 4927 1206 4985 exspectarent
1228 4934 1326 4976 uos
1358 4920 1484 4977 illuc
1510 4935 1792 4991 venturos,
1816 4926 2077 4980 accedere

498 5028 501 5031 ⁷
565 5025 678 5066 ⁷⁵-⁷⁶
705 5025 722 5078 Ι
745 5024 872 5081 Cor.
905 5043 957 5093 ν,
994 5026 1078 5082 13.

569 5116 683 5195 (si)
707 5116 926 5195 ~l’istum
948 5120 1163 5195 scilicet
1194 5122 1454 5195 Arianum
1480 5127 1882 5195 presbyterum,
1910 5141 1938 5180 a
1977 5125 2077 5181 Se-

494 5188 671 5265 cundo
707 5186 1039 5265 Pentapolim
1068 5186 1501 5249 Eusebianoruni
1523 5186 1700 5265 jussu,
1731 5186 2076 5251 Alexandria:

493 5258 803 5327 episcopum
824 5260 1155 5317 ordinatum.

566 5327 678 5402 με)
712 5328 954 5402 Indicant
979 5329 1144 5402 episc.
1182 5329 1419 5402 [Egyplii
1451 5332 1658 5391 litteras
1677 5335 1744 5390 ab
1771 5336 1968 5391 Euseb.
2006 5336 2071 5391 ad

493 5396 696 5475 iulium
744 5400 959 5475 missas,
1016 5396 1083 5475 de
1135 5396 1339 5475 quibus
1376 5416 1517 5475 smpe
1550 5404 1602 5457 in
1657 5406 1756 5460 hac
1788 5406 2071 5475 Apologia.

495 5467 612 5543 Mox
662 5468 716 5522 in
773 5468 943 5543 Regio
986 5467 1327 5543 πρὸςημᾶς
1382 5467 1553 5538 prima
1623 5489 1779 5528 manu
1838 5467 2070 5543 positum

494 5537 723 5616 videtur,
788 5540 881 5616 sed
921 5537 1111 5594 eadem
1174 5537 1338 5616 manu
1375 5537 1678 5616 correctum
1732 5537 1871 5616 πρὸς
1927 5544 2072 5616 ὑμᾷς

494 5606 709 5676 legitur,
756 5616 813 5662 et
863 5610 976 5664 haec
1032 5622 1116 5663 εει
1165 5624 1292 5662 vera
1314 5608 1509 5676 lectio;
1564 5613 1690 5667 licet
1742 5606 1932 5668 omnes
1966 5606 2071 5667 'alii

496 5683 606 5730 tum
656 5678 786 5748 editi
836 5687 946 5732 tum
981 5693 1114 5748 mss.
1170 5678 1307 5748 πρὸς
1342 5681 1488 5748 ἡμᾶς
1525 5682 1776 5736 habeant.
1812 5682 1928 5735 Mox
1972 5684 2073 5735 οὐκ

498 5755 615 5811 μηδι
636 5742 730 5799 οῦν
761 5748 942 5802 deerat
979 5747 1031 5803 iu
1066 5742 1249 5804 editis.
1284 5742 1394 5804 Sed
1423 5752 1474 5805 in
1509 5750 1678 5821 llcgio
1706 5761 1759 5807 et
1781 5750 1942 5807 Basil.
1973 5752 2070 5806 ha-

2188 4567 2375 4638 Ἠμῶν
2406 4566 2587 4620 τοίνυν
2631 4565 2960 4620 ἀνελθόντων
3000 4565 3080 4626 είς
3110 4563 3209 4633 τὴν
3243 4561 3493 4633 Ῥώμην,
3528 4562 3763 4633 ἔγραψεν

2175 4658 2403 4720 εἰκότως
2438 4655 2655 4719 Ἰούλιος
2698 4657 2793 4710 καὶ
2834 4654 2926 4708 ἐπὶ
2957 4654 3085 4717 τοὺς
3126 4654 3252 4726 περὶι
3290 4654 3555 4706 Εὐσέϐιον
3578 4694 3594 4718 ,
3627 4655 3760 4706 ἀπο-

2179 4749 2393 4812 στείλας
2423 4750 2517 4803 καὶ
2558 4748 2651 4801 δύο
2678 4746 3079 4820 πρεσϐυτέρους
3118 4744 3332 4809 ἐαυτοῦ,
3378 4745 3649 4799 Ἐλπίδιον
3674 4746 3762 4798 καὶ

2176 4840 2478 4904 Φιλόξενον.
2527 4840 2754 4893 Ἐκεῖνοι
2781 4838 2839 4892 δὲ
2859 4828 2881 4901 ,’
2907 4837 3245 4901 ἀκούσαντες
3267 4839 3399 4907 περὶ
3428 4838 3609 4908 ἡμῶν,
3639 4840 3761 4890 ἐτα-

2184 4930 2485 5001 ράχθησαν,
2550 4931 2613 4983 οὐ
2676 4929 3148 5002 προσδοκήσαντες
3197 4929 3347 4999 ἡμᾶς
3395 4928 3757 4999 ἀνέρχεσθαι·

2185 5127 2369 5188 betur,
2402 5124 2756 5193 Nanniusque
2783 5122 3073 5191 expressit.

2259 5196 2375 5265 (46)
2406 5189 2817 5265 Meletianorum
2845 5189 3222 5265 episcpporum
3245 5189 3463 5245 nomina
3500 5191 3757 5247 adhibere

2186 5260 2303 5320 mos
2332 5260 2455 5319 erat
2504 5261 2846 5327 Eusebianis,
2880 5260 2939 5314 ut
2971 5260 3264 5330 [Egyptum
3284 5274 3484 5330 secum
3524 5276 3751 5330 consen-

2183 5334 2284 5387 tire
2311 5333 2691 5388 mentirentur.
2712 5325 2863 5398 Quod
2892 5331 2943 5384 in
2967 5325 3469 5400 Philippopolilanis
3496 5325 3637 5400 aliud
3671 5328 3756 5383 lli-

2182 5404 2373 5457 larium
2403 5401 2884 5471 subscriptiouibus
2904 5399 3338 5471 animadvertas.

2276 5473 2367 5538 Π)
2400 5472 2521 5527 Haec
2547 5469 2628 5525 ab'
2654 5485 2796 5523 anno
2821 5469 2926 5523 540
2946 5469 3014 5524 ad
3040 5469 3149 5523 542
3182 5480 3332 5535 gesta
3371 5478 3502 5538 sunt

2276 5474 2367 5538 47)
2400 5474 2521 5527 Haec
2547 5474 2614 5525 ab
2654 5485 2796 5523 anno
2821 5474 2926 5523 540
2946 5474 3014 5524 ad
3040 5474 3149 5523 542
3182 5480 3332 5535 gesta
3371 5478 3502 5520 sunt

2254 5474 2366 5613 £48)
2411 5539 2644 5613 lita‘Reg.
2682 5540 2820 5613 ΕΔόίιί
2851 5553 2981 5593 vero
3003 5548 3055 5613 et
3089 5538 3177 5613 alii
3220 5551 3350 5613 ms_s.
3386 5536 3748 5613 ἐπιδιδόντων.

2179 5605 2297 5666 Μιὶς
2336 5605 2386 5664 οἱ
2412 5610 2519 5664 ἀπὸ
2541 5605 2640 5680 τῆς
2666 5608 2965 5678 Αἰγύπτου.
3016 5608 3091 5663 Ita
3130 5607 3261 5676 Reg.
3298 5605 3355 5661 lu
3388 5606 3551 5661 editis
3578 5616 3748 5661 autem

2178 5692 2231 5737 ct
2262 5681 2382 5737 aliis
2412 5696 2542 5735 mss.
2580 5679 2680 5749 τῆς
2716 5680 2885 5733 dccst.
