4006 6546
236 441 320 494 ιιι
1306 436 1645 491 APOLOGIA
1680 437 1959 490 coxrua
2006 396 2327 490 “unus.

3359 427 3483 490 282‘

231 557 313 609 ναὶ
344 554 736 625 παρῃτήσαντο,
764 554 1063 623 προφάσεις
1088 554 1383 617 ἀπιθάνους
1408 554 1775 625 πορισάμενοι

1896 563 2215 620 renuerunt,
2245 552 2510 609 absurdos
2548 567 2742 608 causas
2775 552 3063 607 commenti
3098 591 3113 617 ,
3155 554 3257 608 sed
3282 566 3471 607 revera

234 644 410 715 μᾶλλον
461 643 516 694 δὲ
568 641 914 710 φοὸηθέντες,
965 640 1038 711 μὴ
1085 642 1227 711 ἆπερ
1266 642 1476 711 οἱπερὶ
1515 640 1789 693 Οὐάλεντα

232 734 306 784 καὶ
338 732 634 802 Οὺρσάκιον
678 730 1035 800 ὡμολόγησαν
1076 731 1208 800 (49),
1247 731 1420 783 ταῦτα
1453 730 1572 783 κατ’
1607 730 1788 782 αὐτῶν

231 822 452 893 ἐλεγχθῇ.
509 823 708 875 Λοιπὸν
752 818 843 873 οὖν
896 820 1236 883 συνελθόντες
1284 821 1575 873 ἐπίσκοποι
1628 820 1788 872 πλέον

231 913 560 980 πεντήκοντα,
594 911 719 962 ἔνθα
743 911 912 963 Βίτων
938 912 965 963 ὁ
989 909 1357 979 πρεσϐύτερος
1390 908 1621 977 συνῆγεν
1655 908 1785 977 (50),

230 1003 354 1071 ἡμᾶς
407 1000 504 1071 μὲν
538 1002 1007 1071 ἀπολογουμένους
1041 1000 1391 1065 ἀπεδέξαντο,
1434 1001 1527 1053 καὶ
1574 999 1786 1071 ἐκύρω-

230 1109 309 1143 σαν
340 1092 415 1153 εἰς
456 1093 638 1161 ἡμᾶς’
683 1092 783 1161 τήν
824 1107 881 1141 τε
915 1090 1199 1143 κοινωνίαν
1239 1090 1333 1141 κοιλ⁸
1382 1090 1481 1159 τὴν
1529 1090 1783 1159 ἀγάπην.

239 1178 629 1252 Ἦγανάκτησαν
659 1182 714 1234 δὲ
744 1182 863 1235 κατ’
891 1181 1132 1244 ἐκείνων,
1168 1182 1259 1233 καὶ
1285 1180 1525 1249 ἠξίωσαν
1570 1179 1786 1233 Ἰούλιον

227 1270 403 1339 γράψαι
435 1273 549 1333 τοῖς
573 1270 701 1339 περὶ
728 1268 983 1322 Εὑσὲὄιον
1016 1268 1209 1330 ταῦτα,
1242 1271 1354 1329 τοῖς
1388 1269 1484 1320 καὶ
1510 1268 1786 1337 γράψασιν

224 1360 379 1428 αὐτῷ*
437 1360 531 1412 καὶ
578 1359 815 1431 ἔγραψεν
862 1360 1042 1424 αὐτὸς,
1092 1360 1185 1412 καὶ
1228 1358 1513 1413 ἀπέστειλε
1561 1357 1649 1411 διὰ
1681 1359 1786 1410 Γα-

226 1448 381 1502 ϐιανοῦ
414 1450 506 1503 τοῦ
540 1451 774 1520 κόμητος
814 1450 946 1519 (Si).

566 1542 913 1595 ΕΠΙΣΤΟΛΗ
953 1541 1234 1593 ΙΟΥΛΙΟΥ
1274 1540 1411 1610 (se).

287 1636 489 1697 Ἰούλιος
514 1634 694 1704 Δανίῳ
718 1634 851 1703 (55),
883 1634 976 1686 καὶ
999 1631 1297 1702 Φλακίλλῳ,
1326 1631 1645 1700 Ναρκίσσῳ,
1680 1629 1785 1683 Εὐ-

223 1728 375 1797 σεϐίῳ,
414 1728 587 1797 Μάρι,
637 1725 975 1793 Μακεδονίῳ,
1028 1724 1312 1794 Θεοδώρω,
1361 1724 1455 1776 καὶ
1514 1725 1628 1784 τοῖς
1684 1723 1781 1775 σὺν

220 1820 372 1879 αὐτοῖς
408 1819 521 1879 τοῖς
551 1815 664 1868 ἀπὸ
710 1814 1037 1885 Ἀντιοχείας
1065 1813 1343 1884 γράψασιν
1374 1815 1525 1884 ἡμῖν,
1562 1814 1781 1884 ἀγαπη-

219 1910 309 1969 τοῖς
336 1905 603 1974 ἀδελφοῖς,
638 1906 696 1957 ἐν
721 1905 911 1975 Κυρίῳ
939 1904 1170 1974 χαίρειν.

272 1998 348 2050 21.
398 1998 664 2063 Ἀνέγνων
690 1995 760 2048 τά
796 1995 1097 2065 γράμματα
1121 1994 1191 2048 τά
1219 1995 1305 2047 διὰ
1336 1994 1444 2047 τῶν
1481 1993 1771 2065 πρεσϐυτέ-

221 2106 306 2157 ρων
338 2105 431 2159 μου
461 2087 735 2142 Ἐλπιδίου
762 2088 854 2140 καὶ
872 2087 1148 2150 Φιλοξένου
1176 2085 1614 2155 ἀποκομισθέντα
1638 2085 1773 2157 (54),

220 2180 293 2231 καὶ
317 2180 619 2249 ἐθαύμασα,
659 2178 777 2240 πῶς
809 2180 967 2249 ἡμεῖς
997 2179 1095 2248 μὲν
1128 2179 1318 2249 ἀγάπῃ
1345 2177 1439 2230 καὶ
1475 2177 1775 2247 συνειδήσει

218 2269 438 2339 ἀληθείας
465 2269 812 2340 ἐγράψαμεν,
850 2270 1007 2339 ὑμεῖς
1034 2268 1090 2320 δὲ
1123 2268 1259 2337 μετὰ
1298 2266 1646 2336 φιλονεικίας,
1683 2268 1774 2321 καὶ

219 2362 294 2430 οὐχ
334 2362 403 2424 ὡς
449 2361 725 2433 ἔπρεπεν,
777 2361 1145 2414 ὲπεστείλατε.
1192 2358 1492 2430 ’Υπεροψία
1523 2358 1631 2430 γάρ
1678 2360 1773 2411 xa‘t

220 2449 469 2517 ἀλαζονεία
510 2449 628 2503 τῶν
676 2449 1004 2521 γραψάντων
1038 2451 1125 2502 διὰ
1175 2449 1274 2518 τῆς
1320 2448 1608 2519 ἐπιστολῆς
1642 2447 1777 2502 ἐδεί-

220 2556 369 2593 κνυτο.
419 2538 612 2592 Ταῦτα
652 2539 709 2591 δὲ
739 2539 995 2610 ἀλλότρια
1029 2540 1126 2609 τῆς
1183 2540 1240 2591 ἐν
1270 2539 1487 2609 Χριστῷ
1542 2538 1777 2603 πίστεώς

220 2631 353 2702 ἐστιν.
389 2630 538 2683 Ἔδει
566 2630 677 2701 γάρ
709 2629 778 2682 τὰ
804 2631 941 2700 μετά
974 2631 1197 2701 ἀγάπης
1228 2629 1509 2699 γραφέντα
1544 2628 1776 2701 ἀμοιϐῆς

219 2722 296 2791 τῆς
319 2721 432 2795 ἴσης
467 2723 613 2793 μετὰ
646 2721 869 2792 ἀγάπης
895 2725 1098 2791 τυχεῖν,
1133 2722 1227 2777 καὶ
1263 2724 1338 2794 μὴ
1377 2722 1515 2792 μετὰ
1543 2723 1777 2790 φιλονει-

220 2812 333 2875 κίας.
360 2814 425 2866 Ἦ
454 2814 583 2884 οὐχί
629 2814 850 2884 ἀγάπης
884 2814 1001 2865 ἐστὶ
1048 2813 1337 2885 γνώρισμα
1372 2813 1776 2884 πρεσϐυτέρους

276 2989 372 3057 (i9)
404 2988 668 3042 Romanae
690 2987 880 3057 synodi
904 2995 1148 3057 tempore
1168 2988 1405 3042 nondum
1431 2983 1695 3057 Ursacius
1723 2995 1775 3040 et

220 3054 383 3110 Valens
434 3054 748 3112 calumnias
777 3073 904 3111 suas
930 3054 1164 3112 confessi
1199 3059 1410 3111 fuerant
1444 3071 1458 3107 :
1485 3058 1582 3108 sed
1608 3056 1774 3109 Atha-

220 3129 327 3180 nasii
347 3129 453 3181 haec
478 3138 569 3181 est
598 3128 867 3179 sententia
894 3144 908 3180 :
945 3143 1006 3180 ne
1035 3130 1099 3179 de
1126 3127 1207 3180 his
1240 3125 1527 3179 Eurebiaui
1562 3127 1770 3177 :omiin-

1896 645 2171 709 timentes,
2201 660 2267 699 ne
2294 646 2359 699 de
2384 646 2449 699 iis
2480 645 2553 698 illi
2591 646 3082 710 convincerentur,
3114 660 3234 713 qua:
3273 643 3472 699 Valens

1891 745 1947 789 et
1975 734 2227 788 Ursacius
2261 746 2447 804 postea
2474 734 2710 791 confessi
2728 747 2874 790 sunt.
2892 736 3221 807 Congregati
3251 737 3469 794 demum

1891 824 2133 893 episcopi
2184 826 2304 893 plus
2331 828 2763 897 quinquaginta,
2820 828 2975 896 111
3026 843 3135 896 quo
3191 829 3311 883 loco
3348 828 3471 882 Vito

1892 914 2187 985 presbyter
2218 928 2518 972 conventus
2541 920 2756 986 agebat,
2786 935 2907 984 nos,
2933 934 3054 973 cum
3086 928 3326 973 nostram
3369 920 3470 974 de-

1890 1004 2190 1061 fensionem
2215 1008 2570 1073 audivissent,
2607 1010 2672 1063 ad
2701 1010 3139 1065 communionem
3166 1021 3222 1065 et
3260 1002 3470 1080 agapen

1889 1094 2258 1149 admittendos
2296 1107 2626 1153 statuerunt.
2651 1097 2787 1152 Tum
2818 1101 3087 1153 adversus
3134 1100 3256 1154 illos
3306 1101 3471 1153 vehe-

1890 1194 2102 1239 menter
2131 1185 2419 1255 indignati,
2444 1186 2645 1241 Julium
2674 1198 2938 1259 rogarunt
2967 1200 3023 1243 ut
3049 1191 3165 1246 haec
3199 1206 3320 1261 quae
3374 1205 3462 1246 se-

1886 1282 2149 1343 qnuntur,
2205 1276 2551 1343 Eusebianis,
2582 1279 2673 1347 qui
2702 1280 2768 1332 ad
2818 1294 2877 1334 se
2923 1281 3137 1335 litteras
3167 1282 3467 1343 miserant,

1890 1366 2239 1421 rescriberet.
2271 1367 2504 1435 Scripsit
2539 1367 2706 1436 igitur
2748 1369 2945 1435 Julius,
2980 1380 3031 1426 et
3059 1372 3345 1441 epistolam
3370 1387 3469 1443 per

1884 1454 2190 1510 Gabianum
2223 1458 2475 1511 comitem
2516 1458 2685 1512 misit.

2390 1547 2722 1603 EPISTOLA
2761 1546 2952 1604 JULIl.

1953 1632 2127 1690 Julius
2160 1634 2352 1701 Danio,
2390 1636 2665 1701 Flaccillo,
2695 1637 2971 1699 Narcisso.
3002 1638 3253 1703 Eusebio,
3304 1638 3466 1704 Mari,

1884 1723 2221 1789 Macedonio,
2265 1726 2568 1791 Theodoro,
2613 1737 2667 1783 et
2709 1731 2873 1783 sociis
2905 1745 3114 1792 eorum,
3155 1730 3243 1797 qui
3278 1729 3468 1784 Antio-

1881 1814 2002 1867 chia
2039 1816 2196 1869 nobis
2232 1818 2523 1883 scripsere,
2555 1817 2773 1871 dilectis
2814 1818 3094 1882 fratribus,
3132 1818 3183 1871 in
3238 1817 3468 1872 Domino

1811 1887 1853 1945 Β
1881 1906 2133 1962 salutem.

1953 1999 2039 2053 2|.
2084 1998 2208 2069 Legi
2256 2000 2468 2053 litteras
2507 2015 2536 2053 a
2590 2000 2922 2069 presbyteris
2962 2000 3097 2053 meis
3148 1999 3360 2068 Elpidio
3410 2010 3466 2054 et

1882 2090 2180 2145 Philoxeno
2216 2091 2345 2143 mihi
2382 2090 2596 2152 allatas,
2616 2089 2954 2158 miratusque
2969 2104 3109 2150 sum,
3132 2103 3257 2143 cum
3280 2104 3380 2143 nos
3394 2102 3461 2142 ex

1879 2182 2172 2237 dilectione
2205 2191 2259 2237 et
2292 2182 2541 2235 veritatis
2568 2181 2905 2237 conscientia
2958 2180 3399 2248 scripsissemus,
3431 2195 3462 2233 a

1874 2271 2036 2349 _vohis
2064 2271 2404 2325 couteutiose
2447 2281 2500 2325 et
2526 2272 2665 2325 citra
2690 2271 2948 2325 decorum
2975 2273 3297 2338 rescriptum
3319 2283 3462 2323 esse.

1878 2348 2139 2429 Superbia
2154 2362 2297 2415 enim
2314 2370 2368 2417 et
2384 2362 2692 2433 arrogantia
2707 2376 2763 2417 sc
2772 2348 3061 2416 rihentium
3075 2375 3170 2431 per
3180 2360 3463 2429 epistolam

1876 2466 1997 2506 sese
2032 2451 2333 2521 prodebat:
2369 2453 2483 2508 haec
2514 2464 2693 2507 autem
2726 2468 2755 2505 a
2793 2452 3103 2507 Christiana
3145 2453 3249 2506 title
3281 2451 3462 2507 aliena

1878 2553 2024 2599 sunt.
2077 2542 2313 2598 Decehat
2367 2545 2513 2598 enim
2564 2560 2685 2612 qua:
2735 2559 2857 2598 cum
2912 2542 3206 2599 dilectiOne
3258 2542 3465 2611 scripta

1877 2643 2055 2701 erant,
2085 2650 2271 2704 parem
2315 2650 2437 2689 cum
2487 2634 2779 2689 dilectione
2834 2643 2891 2688 et
2934 2650 3039 2688 nou
3077 2648 3199 2687 eum
3232 2642 3465 2688 conten—

1884 2725 2027 2779 tione
2087 2724 2494 2794 responsionem
2532 2724 2799 2780 obtinere.
2831 2723 3023 2778 Annon
3061 2724 3352 2779 cliaritatis
3382 2725 3466 2777 in-

1878 2808 2209 2869 diciam'est
2254 2815 2601 2883 presbyteros
2634 2815 2865 2879 misisse,
2924 2814 3019 2883 qui
3054 2813 3285 2869 amictos
3329 2828 3456 2869 con-

1878 3000 2056 3040 causae
2080 2986 2242 3056 igitur
2270 2996 2374 3052 est,
2405 2988 2567 3059 utbic
2590 2987 2735 3042 inter
2754 2996 2956 3059 septem
2982 2990 3284 3059 praecipuos
3301 2990 3463 3042 Aria-

1879 3070 2072 3108 norum
2105 3067 2363 3123 patronos
2391 3058 2596 3124 primas
2628 3057 2853 3113 teneat?
2902 3057 3015 3111 Non
3046 3057 3192 3113 enim
3226 3060 3461 3125 quicun-

1877 3138 1982 3191 que
2014 3127 2367 3196 Autiochenae
2416 3127 2626 3196 synodo
2680 3126 2906 3196 adfuere
2938 3128 3081 3179 inter
3125 3128 3465 3180 Eusebianos

219 3210 446 3266 cemitur,
484 3192 926 3266 qua:_Ursacius
976 3210 1022 3249 et
1093 3195 1280 3249 Valens
1330 3207 1512 3263 postea
1547 3194 1774 3266 confessi
1803 3195 1844 3252 C
1882 3195 2134 3266 recensiti
2186 3202 2333 3255 Sunt,
2366 3192 2488 3246 cuin
2546 3210 2617 3266 ex
2654 3196 2716 3246 iis
2756 3195 2909 3266 inulti
2945 3196 3210 3266 catholici
3256 3196 3354 3266 viri
3403 3207 3459 3247 et

218 3277 334 3317 sinu.
366 3265 471 3321 Hoc
496 3264 607 3319 non
636 3264 898 3320 intellexit
917 3275 1068 3319 vetus
1094 3266 1436 3334 interpretes,
1469 3264 1560 3332 qui
1587 3266 1766 3327 vertit,

218 3336 411 3410 regem
433 3345 616 3410 erant.
690 3403 701 3410 _
863 3406 874 3410 _
1078 3405 1101 3410 Α
1121 3404 1130 3410 .
1468 3398 1495 3410 _

274 3405 383 3524 (5οὸ
400 3406 595 3458 Ἔνθα
627 3403 821 3456 Βίτων
842 3406 875 3457 ό
907 3404 1309 3471 πρεσϐύτερος
1332 3403 1625 3469 συνῆγεν,
1666 3418 1769 3471 quo

274 3489 309 3522 ιο
390 3475 458 3524 ito
493 3475 762 3524 nresbuter
790 3486 1068 3524 conventus
1098 3480 1302 3524 itaebat.
1332 3471 1425 3524 llic
1454 3487 1582 3524 usus
1615 3473 1762 3524 vocis

219 3470 309 3523 loco
349 3470 458 3526 Vita
490 3475 762 3541 presbyter
790 3470 1068 3525 conventus
1098 3480 1302 3541 agebat.
1332 3471 1425 3524 llic
1454 3487 1582 3524 usus
1615 3473 1762 3541 vocis

221 3543 462 3610 συνάγειν,
502 3540 813 3609 υΙίιιείειρρθ
840 3547 1077 3594 occurrit
1104 3540 1241 3608 apud
1280 3541 1655 3610 Athanasium.
1683 3540 1773 3593 Sic

220 3609 416 3679 cpiStola
453 3612 776 3679 Encyclica,
807 3613 935 3663 olim
976 3612 1040 3663 ad
1087 3609 1428 3679 Orthodoxos
1485 3609 1767 3678 inscripta,

221 3678 343 3733 num.
372 3682 427 3745 2,
464 3678 811 3748 συναγόντων
844 3679 999 3750 ἡμῶν
1042 3678 1286 3750 συνήθως
1344 3681 1400 3730 ὲν
1437 3679 1651 3749 εἰρήνῃ,
1680 3693 1773 3750 no;

221 3750 281 3800 bis
322 3750 381 3803 de
412 3765 561 3802 more
596 3745 651 3801 in
694 3766 824 3815 pace
865 3745 1505 3817 conventus'agentibuﬂ
1530 3745 1771 3800 Efalibi

221 3821 411 3883 passim.
444 3817 720 3871 Eusebius
744 3819 870 3870 item
906 3817 1047 3871 Hist.
1068 3818 1259 3887 gccles.
1283 3818 1376 3873 lib.
1406 3831 1500 3880 vn,
1526 3831 1648 3887 cap.
1683 3817 1771 3887 it,

220 3902 317 3957 pag.
340 3886 438 3957 257
470 3905 486 3941 :
524 3886 860 3956 Αἰμιλιανὸς,
894 3888 994 3939 οὐκ
1041 3883 1159 3941 εἷπέ
1188 3903 1278 3955 μοι
1326 3883 1771 3957 προηγουμένως,

219 3956 293 4026 Μὴ
323 3956 545 4024 σύναγε,
566 3956 897 4010 Λίηιὸιιωιιιε
919 3972 1245 4026 nequaquam
1275 3957 1413 4008 dixit
1439 3957 1569 4026 mihi
1598 3956 1774 4023 prima

221 4024 364 4089 [route
404 4044 467 4079 ne
522 4040 803 4079 conventus
826 4024 1001 4093 agas.
1035 4024 1165 4092 Quae
1198 4040 1298 4078 vox
1328 4025 1583 4092 συνάγειν
1629 4039 1773 4091 smpe

220 4096 335 4160 apud
353 4095 642 4149 Eusebium
661 4104 718 4147 et
741 4094 875 4147 alios
901 4094 1297 4147 ecclesiasticos
1320 4104 1568 4147 auctores
1583 4096 1771 4147 eadem

222 4167 460 4217 sententia
502 4164 774 4217 nsuveuit.
796 4162 919 4217 Haec
950 4164 1070 4216 ideo
1101 4164 1448 4226 adnotamus,
1476 4165 1618 4229 quod
1648 4178 1775 4214 non-

222 4234 330 4285 nulli
360 4233 559 4287 eruditi
591 4234 694 4286 viri
726 4234 1050 4292 dubitarint.
1075 4247 1143 4285 au
1181 4234 1269 4285 hic
1301 4233 1449 4285 locus
1485 4229 1773 4284 Athanasii

220 4304 284 4354 sic
307 4302 631 4371 intelligatur
654 4321 669 4355 :
696 4316 807 4371 quo
823 4301 941 4353 loco
984 4300 1100 4371 Vita
1124 4302 1511 4371 prcsbyterﬂeos
1539 4300 1772 4370 (scilicet

222 4367 498 4441 episcopos)
526 4367 900 4440 congregabat,
928 4385 1035 4438 quo
1064 4369 1175 4424 fere
1196 4367 1353 4441 modo
1384 4367 1627 4423 Nannius
1648 4383 1771 4421 ver-

226 4450 357 4494 terat.
394 4444 462 4494 At
482 4440 640 4495 estra
672 4440 893 4492 dubium
933 4441 1111 4493 estsic
1134 4440 1449 4492 vertendum
1477 4452 1598 4493 esse
1621 4454 1634 4491 :
1660 4452 1760 4504 quo

225 4507 317 4579 loco
350 4508 462 4563 Vita
490 4512 765 4579 presbyter
799 4517 1077 4562 conventus
1127 4524 1279 4579 agere
1311 4509 1545 4579 solebat.
1570 4507 1619 4561 Is
1656 4509 1769 4579 ipse

230 4576 330 4650 _V_ito
373 4576 661 4650 presbyter
709 4591 835 4630 esse
868 4580 1130 4650 creditur
1163 4578 1267 4650 qui
1319 4592 1443 4650 cum
1490 4576 1769 4650 Vincentio

225 4643 441 4717 ifiienu'ai
469 4643 685 4717 synodo
712 4652 829 4699 vice
860 4647 1124 4717 Sylvestri
1163 4643 1387 4717 Romani
1420 4657 1568 4714 pont.
1607 4644 1776 4717 inter-

225 4715 394 4835 Σαῗται.
415 4712 562 4782 Quos
590 4718 759 4772 etiam
792 4712 918 4770 tunc
937 4717 991 4770 in
1021 4716 1160 4770 vivis
1184 4713 1353 4769 fuisse
1384 4712 1614 4768 testatur
1635 4712 1773 4766 infra

252 4800 277 4835 ΙΙ
299 4802 391 4835 1118-

252 4786 391 4843 ulius.

287 4855 385 4928 (51)
410 4858 542 4928 Reg.
584 4864 638 4910 et
669 4852 861 4928 Ba_sil.,
886 4850 1054 4928 αὐτῷἷ
1078 4851 1219 4928 Eaiti
1238 4865 1389 4914 vero,
1414 4849 1579 4928 αὐτοῦ
1612 4849 1773 4928 male.

227 4919 377 4997 Paulo
394 4919 666 4997 posilteg.
694 4922 936 4992 κόμιτος,
965 4919 1053 4991 qui
1074 4922 1152 4975 sic
1171 4920 1287 4977 fere
1304 4935 1516 4988 semper
1540 4919 1700 4976 habet
1723 4921 1776 4974 in

226 4995 417 5049 casibus
440 4997 700 5050 obtinuis.

231 5052 645 5185 ‘0(52)bscripta
678 5075 822 5116 anno
835 5060 960 5126 542,
991 5074 1179 5115 mense
1204 5058 1420 5114 circiter
1450 5056 1668 5115 Octobri
1694 5057 1777 5115 vel

231 5163 245 5181 ι
297 5146 401 5185 vein
447 5151 511 5185 t‘l.

228 5135 511 5189 Novembri.

284 5201 387 5270 (55)
409 5202 622 5268 Δανίῳ.
658 5198 905 5254 Nannius
934 5198 1086 5271 legit
1113 5199 1378 5271 Διακόνῳ,
1413 5198 1633 5251 diacono
1653 5239 1670 5264 ,
1720 5207 1779 5252 ut

227 5270 403 5339 habent
424 5289 615 5326 omnes
643 5270 848 5324 Latina:
881 5269 1163 5339 editiones,
1192 5273 1284 5322 sed
1317 5269 1597 5339 perperam
1630 5278 1779 5321 utro-

227 5337 367 5411 bique
389 5342 487 5411 legi
507 5343 746 5395 videtur.
774 5339 926 5393 Hunc
942 5338 1170 5411 Dasium
1198 5337 1462 5401 Διάνοιον,
1489 5337 1774 5411 ρίοηωυω

228 5407 467 5465 (ἐκθετεὲ
498 5413 841 5479 episcopum,
897 5408 1211 5479 existimant
1239 5424 1453 5479 omnes
1486 5408 1658 5461 ferme
1692 5423 1776 5460 re-

227 5480 502 5545 centiores,
535 5477 705 5533 'cum’
734 5480 804 5532 ob
852 5477 1131 5531 nominum
1184 5478 1611 5538 similitudinem,
1664 5485 1774 5530 tum

227 5548 351 5611 quod
377 5564 439 5602 ex
465 5551 792 5609 Sozomeno,
821 5547 856 5600 Ι.
894 5561 976 5609 nt,
1005 5560 1058 5598 c.
1086 5545 1141 5610 5,
1182 5546 1434 5605 Diauazus
1464 5547 1550 5599 hic
1584 5547 1776 5599 Antio-

228 5615 393 5690 cheua:
423 5621 607 5690 synodi
662 5616 1032 5690 adfuerit_._At
1089 5618 1260 5690 neiis
1294 5618 1564 5690 assentiar
1606 5617 1773 5690 multa

229 5696 303 5737 tne
330 5685 711 5749 dehortantur;
741 5702 864 5739 nam
892 5686 1144 5738 Diaumus
1177 5686 1262 5739 ille
1290 5701 1354 5739 ne
1369 5685 1534 5739 setttel
1559 5686 1774 5752 quidem

229 5752 355 5807 inter
372 5758 600 5811 Arianos
639 5758 719 5806 vel
746 5755 1077 5808 Eusebianos
1103 5759 1240 5822 apud
1274 5754 1632 5807 Athanasium
1692 5757 1775 5806 vel

227 5824 353 5889 apud
378 5829 507 5882 alios
534 5826 667 5883 εει-Ι,
688 5823 945 5878 Historia:
970 5832 1220 5879 auctores
1249 5832 1613 5891 computatur.
1635 5822 1774 5888 Quid

1880 3263 2206 3332 sanctissimi
2238 3261 2623 3315 memorentur.
2660 3266 2741 3317 Ad
2781 3265 2912 3327 haec,
2942 3262 3169 3318 Basilius
3195 3265 3351 3332 epist.
3389 3267 3461 3316 ait

1876 3330 2194 3397 Bosporium
2237 3332 2569 3400 episcopum,
2606 3348 2728 3386 cmn
2786 3334 2944 3399 hujus
2977 3334 3184 3387 υἱέιηωί
3230 3330 3464 3385 virtutes

1876 3401 2243 3471 praedicasset,
2301 3403 2403 3453 hoc
2450 3416 2613 3471 unum
2652 3413 2830 3455 tamen
2881 3405 2931 3455 in
2971 3402 3226 3471 ejnsvita
3275 3416 3461 3471 repre-

1876 3469 2135 3531 hensione
2168 3474 2388 3540 dignmn
2417 3469 2596 3531 affert,
2628 3474 2772 3535 quod
2814 3472 2935 3524 lidci
2975 3470 3305 3525 confessioni
3338 3469 3458 3524 'no-

1873 3540 2171 3592 veindecim
2222 3549 2347 3591 ante
2407 3554 2576 3591 annos
2619 3540 3085 3607 Constantinopoli
3119 3541 3279 3595 editae
3333 3540 3461 3594 sub-

1873 3607 2208 3673 scripserit:
2264 3623 2428 3676 quant
2493 3617 2669 3661 tauten
2730 3610 2995 3662 maculam
3053 3624 3177 3664 eum
3227 3609 3458 3676 jatnjatn

1873 3680 2198 3747 moriturum
2235 3678 2460 3747 diluisse
2516 3686 2764 3730 testatur.
2790 3678 2857 3731 At
2910 3693 3087 3732 nonne
3128 3680 3257 3747 illud
3285 3680 3461 3747 magis

1872 3745 2293 3811 vituperandum
2337 3746 2551 3809 fuisset,
2593 3748 2637 3798 si
2663 3761 2783 3800 sese
2819 3747 3080 3800 adversus
3118 3745 3319 3799 Juliuin
3363 3745 3462 3815 pa-

1912 3824 2072 3884 amet
2096 3816 2450 3884 Athanasium
2484 3815 2799 3868 Eusebianis
2828 3816 3290 3884 sociasset'iquod
3317 3815 3462 3867 hunc

1920 3883 2107 3936 auium
2158 3883 2356 3938 fecisse
2392 3900 2551 3937 nemo
2579 3894 2669 3937 eat
2700 3886 2930 3939 inficias.
2967 3883 3232 3938 Existimo
3295 3884 3461 3950 igitur

1875 3953 2025 4007 illum
2045 3952 2138 4021 qui
2162 3953 2486 4021 cerrupteiu
2517 3953 2676 4007 editis
2712 3954 2791 4006 vel
2820 3955 3040 4016 Danius,
3073 3955 3157 4007 vel
3192 3954 3461 4021 Diaconos

1874 4020 2095 4087 dicitur,
2121 4036 2243 4076 eum
2272 4020 2392 4077 esse
2428 4024 2518 4090 qui
2550 4023 2753 4090 passim
2786 4025 2926 4092 apud
2959 4023 3316 4076 Athanasium
3343 4020 3462 4074 Διό-

1872 4106 2043 4157 γνιος,
2066 4093 2392 4160 quandoque
2432 4094 2572 4159 apttd
2606 4092 2866 4144 llilariuin
2894 4091 3176 4160 Diognius,
3209 4107 3457 4146 cominu-

1875 4162 2001 4231 nius
2034 4164 2173 4231 apud
2209 4170 2497 4231 utrumque
2522 4160 2795 4229 Θεόγνιος,
2825 4171 2880 4213 et
2904 4160 3176 4231 Theognis
3209 4170 3459 4231 vocatur.

1874 4229 1927 4282 id
1959 4239 2041 4282 est
2060 4228 2426 4299 Tlteognidem
2455 4228 2753 4293 Nicaeuunt,
2782 4230 3011 4299 quicum
3042 4228 3308 4284 secundas
3336 4230 3457 4299 ubi-

1874 4312 1979 4368 que
2010 4299 2154 4351 inler
2170 4300 2495 4352 Arianorum
2527 4298 3108 4368 patronos’teuuisset,
3134 4299 3336 4367 primas
3370 4298 3459 4351 hic

1874 4366 2056 4436 habet,
2115 4372 2239 4435 quia
2286 4383 2406 4423 cum
2456 4366 2696 4436 episcopi
2742 4368 3046 4420 Αιιιίοοιιίιο
3090 4366 3260 4420 ceacti
3315 4370 3456 4432 apud

1872 4434 2074 4488 Juliutn
2105 4434 2389 4503 conquesti
2421 4434 2604 4490 essent
2626 4434 2766 4504 quod
2798 4437 2898 4489 soli
2926 4436 3157 4490 Eusebio
3173 4436 3455 4503 epistolam

1875 4506 2186 4568 direxisset,
2226 4510 2294 4570 is,
2330 4514 2386 4557 ut
2435 4519 2649 4558 oiuncm
2685 4505 2919 4571 querelae
2968 4520 3188 4557 causam
3228 4505 3454 4562 levaret.

1804 4560 1846 4615 D
1878 4588 1984 4627 non
2013 4560 2185 4626 solum
2220 4560 2293 4626 ei'
2323 4574 2465 4625 hanc
2493 4560 2774 4641 epistulam
2821 4575 2920 4627 soli
2958 4589 3062 4625 non
3092 4574 3331 4639 scripsit,
3363 4560 3457 4626 sed

1880 4657 1947 4694 ne
1982 4643 2215 4710 primum
2250 4643 2465 4711 quidem
2497 4658 2616 4695 eum
2645 4643 2991 4711 nuncupavit,
3022 4641 3114 4695 scd
3150 4642 3456 4709 Diogniuui,

1879 4712 1972 4778 qui
1999 4710 2281 4763 secundas
2298 4713 2412 4764 fere
2442 4724 2655 4779 semper
2689 4710 2835 4763 inter
2865 4711 3197 4765 Eusebianos
3246 4714 3441 4779 tepuit.

1878 4777 2184 4849 thuidem
2209 4782 2430 4834 absente
2454 4777 2689 4839 Eusebio
2712 4781 2914 4849 primas
2944 4781 3056 4836 fere
3092 4782 3254 4833 habet
3283 4777 3453 4834 Theo-

1879 4848 2057 4915 gnius,
2120 4850 2201 4904 vel
2237 4849 2516 4919 Diognius,
2566 4848 2723 4917 quod
2757 4851 2993 4903 maxime
3041 4850 3459 4919 iItWMureOIicis

1878 4920 2245 4973 lnouumentis
2270 4918 2408 4972 infra
2442 4920 2860 4974 animadvertas.
2881 4918 3052 4973 Porro
3088 4918 3457 4987 Tlteognideni

1880 4987 1932 5039 in
1967 4987 2102 5040 vivis
2132 4990 2431 5042 etiamnum
2462 4988 2628 5042 fuisse
2645 4998 2853 5042 certum
2889 4998 2992 5054 est,
3018 5004 3143 5043 cum
3189 4998 3326 5042 teste
3354 4990 3457 5044 So-

1879 5070 2128 5123 zomeno,
2168 5058 2267 5128 ipsi
2305 5057 2536 5113 Eusebio
2575 5070 2850 5126 superstes
2875 5058 3058 5113 fuerit.
3106 5060 3203 5112 Vix
3239 5070 3317 5112 est
3357 5060 3456 5127 igi-

1882 5134 1969 5178 tur
1995 5128 2139 5194 quod
2184 5130 2494 5183 dubitemus
2546 5132 2721 5181 virum
2758 5130 2981 5183 Arianis
3007 5128 3456 5185 addictissimuni.

1878 5204 1932 5266 et
1957 5195 2227 5252 Albanas.
2262 5198 2713 5262 infensissimum,
2738 5198 2864 5253 huic
2888 5200 3219 5252 Arianorum
3252 5210 3459 5266 synodo

1880 5265 1934 5317 iu
1983 5267 2191 5346 .primis
2231 5268 2492 5335 adfuisse,
2558 5282 2623 5322 ac
2677 5269 2909 5336 primum
2954 5272 3053 5322 hoc
3101 5270 3220 5320 loco
3280 5265 3456 5318 nctni-

1880 5348 2018 5391 nari.

1951 5405 2198 5471 Sequens
2249 5421 2379 5461 vero
2409 5406 2718 5472 Flaceillus,
2762 5406 2903 5461 male
2933 5404 3219 5474 Πλάκητος
3262 5400 3461 5456 dicitur

1878 5477 2016 5543 apud
2046 5478 2289 5538 Sozam,
2312 5477 2347 5530 Ι.
2370 5492 2451 5542 nt,
2476 5493 2526 5530 c.
2564 5479 2618 5530 6.

1950 5543 2079 5618 Quae
2124 5556 2304 5600 autem
2352 5540 2596 5600 ab’Julio
2644 5552 2976 5618 memoratur
3032 5540 3455 5618 Eusebianorum

1877 5615 2103 5684 epistola
2149 5631 2415 5684 nusquam
2451 5624 2649 5673 exstat,
2698 5627 2817 5684 eam
2844 5613 2989 5665 eniut
3025 5626 3144 5684 qua;
3167 5613 3239 5684 in
3270 5613 3459 5660 conci-

1879 5679 2071 5737 liorum
2092 5679 2502 5739 collectionibus
2522 5681 2905 5737 circumfertur
2920 5679 3316 5750 supposititiam
3335 5690 3457 5749 esse

1876 5769 2064 5807 Omnes
2090 5754 2465 5808 consentiunt.

1948 5822 2060 5891 (55)
2094 5823 2221 5892 Reg.
2255 5819 2600 5892 κομισθέντα.
